2244 2638
476 180 234 31 Sammansatta
734 177 100 32 Stats-
858 178 55 31 och
936 177 230 42 Lagutskottets
1194 175 169 32 Utlåtande
1384 175 64 32 N:o
1471 176 30 30 2.
1712 176 39 30 13

991 281 129 24 Arfvoden.
1196 263 194 32 Tjenstgörings-
1425 261 199 32 Renskrifnings-

1223 293 138 41 penningar.
1458 291 138 42 penningar.
1676 279 105 24 Samme

191 358 14 33 1
237 354 249 37 konstituerad
515 353 430 46 revisionssekreterare..
1003 352 108 42 4,400
1242 351 108 43 2,000
1479 367 99 5 =
1684 350 109 43 6,400

191 408 15 33 1
330 405 59 36 d:o
693 403 59 35 d:o
928 434 16 3 .
1000 403 111 43 4,400
1241 402 109 43 2,000
1479 418 99 5 NT
1684 401 109 42 6,400

192 460 15 32 1
330 456 59 35 d:o
524 454 424 50 protokollssekreterare
1003 454 109 42 2,500
1243 453 108 43 1,200
1507 452 72 34 300
1682 452 112 42 4,000

192 510 15 32 I
331 506 59 36 d:o
695 504 59 36 d:o
1003 505 109 42 2,500
1244 504 107 42 1,200
1507 502 72 36 300
1683 503 111 42 4,000

192 560 15 34 I
239 570 198 24 AmanNUeNS
470 588 114 5 sosse
590 585 360 7 serseeeresorarrsnonnenn
903 554 49 52 nns
1017 573 99 7 ——
1246 554 108 43 1,000
1482 550 104 52 RT
1686 553 109 43 1,000

188 604 10 53 |
237 604 67 53 NE:
316 621 635 23 Cr
1015 624 100 4 ee
1245 605 107 43 1,000
1685 604 109 42 1,000

1318 670 149 38 Summa
1495 672 137 35 kronor
1660 672 135 43 22,800

322 779 77 35 dels
438 779 68 35 ock
538 776 188 49 medgifva
757 775 213 48 förhöjning
996 775 84 36 från
1110 775 83 35 700,
1208 775 130 34 kronor
1371 774 57 35 till
1458 775 110 42 1,900
1595 774 138 35 kronor
1759 772 40 36 af

189 831 61 35 det
290 833 20 32 å
349 842 139 23 samma
527 833 72 31 stat
638 827 181 49 uppförda
859 827 127 47 anslag
1012 825 58 36 till
1096 825 290 47 gratifikationer
1414 827 36 32 åt
1478 829 106 30 extra
1610 824 184 36 ordinarie

188 881 219 47 tjenstemän
441 880 66 36 och
537 885 105 30 extra
669 878 181 36 ordinarie
877 877 246 36 vaktmästare
1150 881 95 30 samt
1271 875 153 36 sålunda
1450 875 69 35 öka
1545 875 167 47 anslaget
1737 874 59 36 för

189 931 110 36 nedre
334 930 361 48 justitierevisionen,
738 942 50 22 nu
829 933 177 43 upptaget
1046 926 84 36 med
1173 927 157 43 134,000
1358 926 145 43 kronor,
1544 926 57 35 till
1636 926 158 43 158,000

189 983 151 42 kronor;

323 1033 66 36 och
430 1038 54 30 att
522 1031 59 36 för
621 1030 215 49 åtnjutande
863 1029 41 36 af
927 1029 45 36 de
999 1027 280 45 löneförmåner,
1318 1040 78 24 som
1422 1028 119 35 finnas
1568 1032 189 43 upptagna
1783 1027 12 35 i

191 1083 246 51 nyssnämnda
463 1084 131 47 tillägg
621 1083 56 35 till
704 1082 120 36 denna
850 1085 82 39 stat,
970 1079 128 47 stadga
1125 1078 190 37 enahanda
1341 1079 131 43 vilkor,
1501 1091 78 22 som
1607 1085 62 28 äro
1697 1077 98 36 före-

190 1134 141 37 skrifna
356 1134 59 36 för
441 1133 237 37 innehafvare
705 1132 40 36 af
768 1132 44 36 de
839 1135 46 45 på
912 1144 140 23 samma
1079 1135 73 31 stat
1178 1143 51 22 nu
1256 1129 182 49 uppförda
1464 1128 217 48 aflöningar.

324 1337 70 36 Till
435 1335 397 49 statsrådsprotokollet
871 1334 104 36 öfver
1014 1331 579 49 justitiedepartementsärenden
1634 1331 70 36 den
1748 1333 45 34 14

187 1388 148 48 januari
366 1390 92 34 1897
489 1388 65 35 har
581 1385 400 50 departementschefen
1009 1384 134 36 anfört:

324 1438 321 48 Föredragningen
685 1437 12 35 i
738 1437 128 46 högsta
893 1436 204 35 domstolen
1136 1435 209 47 uppehölles
1372 1433 57 36 för
1457 1432 227 36 närvarande
1712 1432 39 36 af
1776 1434 19 34 8

192 1490 184 36 ordinarie
408 1489 66 36 och
504 1491 20 34 3
553 1488 273 36 konstituerade
853 1486 415 43 revisionssekreterare,
1297 1485 200 47 hvarjemte
1526 1483 117 36 under
1669 1483 44 36 de
1741 1496 56 23 se-

192 1554 87 22 nare
306 1544 86 32 åren
420 1553 44 23 en
492 1544 106 31 extra
624 1539 403 35 revisionssekreterare
1054 1537 96 35 varit
1182 1536 11 35 i
1223 1536 109 35 nedre
1355 1535 351 47 justitierevisionen
1733 1547 65 22 an-

192 1591 105 36 stäld.
352 1591 53 35 Då
437 1591 138 35 antalet
602 1589 39 36 af
664 1589 45 36 de
736 1593 47 44 på
810 1589 129 48 högsta
966 1587 222 36 domstolens
1218 1585 93 37 båda
1337 1586 231 46 afdelningar
1594 1584 203 49 belöpande

192 1641 415 48 föredragningsveckor
637 1639 58 37 för
722 1644 39 32 år
788 1640 189 47 uppginge
1003 1639 56 35 till
1088 1637 270 47 sammanlagdt
1387 1639 58 42 68,
1478 1637 144 34 komme
1649 1635 148 48 följakt-

191 1694 99 46 ligen
332 1695 45 44 på
414 1705 44 22 en
501 1692 90 34 hvar
630 1691 39 35 af
697 1690 44 36 de
772 1692 43 33 12
844 1689 429 36 revisionssekreterarne
1300 1688 31 46 ej
1360 1687 88 36 fullt
1477 1689 19 34 6
1525 1687 150 35 veckors
1702 1685 95 36 före-

193 1742 192 47 dragning.
440 1741 127 47 Enligt
606 1740 266 36 ofvanberörda
911 1738 199 48 lagförslag
1150 1739 116 35 skulle
1306 1737 141 36 arbetet
1486 1737 12 35 i
1540 1737 127 46 högsta
1694 1736 104 35 dom-

193 1794 115 35 stolen
351 1795 38 33 så
429 1792 143 43 ordnas,
614 1796 54 30 att
707 1789 384 48 föredragningstiden
1133 1788 135 36 ökades
1296 1788 81 35 med
1406 1790 21 33 8
1456 1788 133 35 veckor
1615 1787 78 43 och,
1735 1786 65 35 der

194 1844 129 46 högsta
355 1842 203 36 domstolen
588 1841 82 36 med
698 1841 143 49 hänsyn
868 1841 58 35 till
954 1841 137 34 antalet
1118 1839 40 35 af
1182 1839 43 35 de
1254 1842 44 45 på
1324 1838 80 36 dess
1433 1837 276 49 handläggning
1736 1837 62 35 be-

193 1893 134 37 roende
368 1894 71 35 mål
477 1893 68 36 och
585 1891 157 37 ärenden
774 1891 113 36 funne
915 1890 130 37 sådant
1073 1890 139 47 nödigt,
1254 1889 80 36 med
1362 1889 215 49 ytterligare
1607 1890 21 33 4
1655 1888 143 35 veckor.

193 1945 82 36 Med
320 1944 168 36 afseende
533 1947 20 32 å
597 1944 61 35 det
702 1948 98 30 stora
844 1943 97 35 antal
987 1941 190 47 oafgjorda
1221 1942 83 42 mål,
1350 1941 97 35 som'
1473 1939 55 36 för
1573 1938 227 36 närvarande

193 1994 221 44 förefunnes,
455 1995 105 35 torde
599 1994 61 35 det
701 1993 80 36 med
823 1994 65 35 allt
914 1992 64 47 fog
1006 1993 123 34 kunna
1156 1997 160 41 antagas,
1357 1996 54 30 att
1438 1991 128 47 högsta
1593 1990 207 35 domstolen

195 2046 115 35 under
350 2058 44 23 en
434 2045 90 46 följd
564 2044 39 35 af
641 2048 40 31 år
721 2045 143 34 komme
904 2048 54 30 att
999 2046 36 31 åt
1075 2042 140 35 arbetet
1255 2053 90 35 egna
1386 2042 81 34 hela
1507 2041 71 35 den
1618 2040 65 43 tid,
1726 2039 73 36 för-

195 2097 114 44 slaget
354 2094 201 46 medgåfve,
601 2094 65 35 och
713 2099 53 29 att
810 2093 138 36 således
992 2091 381 47 föredragningstiden
1417 2090 57 36 för
1514 2094 40 31 år
1590 2089 210 47 förlängdes

197 2146 83 35 med
326 2147 42 33 12
408 2145 141 35 veckor.
603 2144 54 35 Då
685 2144 62 35 det
774 2144 31 46 ej
837 2142 119 37 kunde
985 2142 232 46 ifrågasättas
1245 2146 53 30 att
1325 2144 20 31 å
1372 2141 428 35 revisionssekreterarne

197 2197 104 45 lägga
342 2200 133 43 tyngre
516 2193 237 36 arbetsbörda
793 2201 45 27 än
877 2193 81 40 den,
1000 2192 44 35 de
1085 2192 57 35 för
1170 2191 224 36 närvarande
1424 2191 101 43 bure,
1554 2190 104 35 torde
1686 2190 113 46 enligt

199 2244 416 51 departementschefens
655 2244 94 48 åsigt
788 2243 244 36 anställandet
1071 2241 39 36 af
1149 2244 19 34 2
1198 2255 72 36 nya
1297 2242 397 36 revisionssekreterare
1722 2240 79 35 icke
