2259 2759
655 269 263 32 Stats-Utskottets
942 268 166 32 Memorial
1128 268 63 32 N:o
1214 270 47 30 44.
1668 272 36 30 13

906 729 41 28 :0
973 722 65 35 44.

891 925 65 25 Ank,
976 925 35 22 till
1030 925 83 23 Riksd.
1136 925 85 23 Kansli
1242 925 21 22 d.
1284 925 30 25 18
1334 925 65 22 Mars
1420 925 74 31 1867,
1515 926 28 22 kl.
1564 927 16 24 4
1599 933 20 18 e,
1639 933 31 15 m.

361 1062 174 44 Memorial,
578 1064 12 31 +
627 1061 165 47 anledwing
831 1061 63 34 dels
934 1061 37 46 af
998 1059 131 35 erhållen
1157 1061 175 33 återremiss
1360 1062 20 31 å
1405 1059 71 34 8:de
1499 1059 135 47 punkten
1661 1061 12 32 i
1699 1061 50 33 Ut-

564 1112 119 35 skottets
712 1112 163 35 Utlåtande
903 1112 60 33 N:o
990 1113 58 37 26,
1075 1110 158 48 angående
1261 1110 335 48 Riksgälds-kontorets
1620 1111 129 46 förvalt-

563 1164 73 47 ning
663 1164 99 33 under
790 1162 57 34 den
864 1162 51 40 tid,
943 1175 67 22 som
1034 1162 128 49 förflutit
1184 1161 96 34 sedan
1308 1162 108 46 början
1444 1163 37 46 af
1502 1161 141 35 sednaste
1669 1161 81 35 riks-

564 1214 70 47 dag,
674 1214 63 34 dels
778 1214 39 47 af
845 1214 196 33 Kamrarnes
1068 1212 80 35 olika
1176 1212 94 34 beslut
1294 1214 12 32 i
1328 1215 95 45 fråga
1450 1226 49 20 om
1526 1212 149 48 décharge
1699 1214 50 46 för

566 1265 203 47 Fullmägtige
796 1265 12 33 i
834 1263 326 48 Riksgälds-kontoret.

1400 1314 57 48 (BR.
1492 1315 58 47 A.)

312 1440 115 42 Enligt
454 1438 284 33 Stats-Utskottet
761 1430 305 58 Ftillhandakomna
1097 1437 319 42 protokollsutdrag,
1459 1435 59 31 har
1558 1436 89 32 hvad
1688 1436 61 33 Ut-

162 1492 127 32 skottet
317 1491 46 32 uti
406 1491 57 32 sitt
496 1491 106 31 under
630 1489 63 32 N:o
725 1489 44 31 26
800 1486 122 34 aflåtna
950 1486 192 44 Utlåtande,
1173 1486 173 44 angående
1380 1486 368 42 BRiksgälds-kontorets

160 1543 201 41 förvaltning
390 1542 104 31 under
522 1542 62 31 den
615 1541 58 42 tid,
703 1551 71 21 som
803 1539 137 32 förflutit
968 1540 103 31 sedan
1101 1538 114 43 början
1245 1539 34 31 af
1303 1540 155 31 sednaste
1486 1538 148 42 riksdag,
1663 1538 86 33 före-

160 1594 99 41 slagit
287 1593 64 33 och
378 1593 180 40 hemställt,
601 1591 110 33 blifvit
754 1590 32 32 af
824 1588 36 34 så
891 1591 50 30 väl
984 1590 117 32 Första
1135 1601 69 21 som
1235 1590 115 32 Andra
1378 1590 199 32 Kammaren
1608 1589 139 43 bifallet,

161 1645 74 32 med
266 1645 168 40 undantag
464 1644 33 31 af
527 1643 188 33 Utskottets
743 1642 196 32 hemställan
970 1642 9 30 i
1009 1639 138 34 åttonde
1175 1641 159 42 punkten,
1363 1651 70 22 som
1462 1639 112 33 blifvit
1603 1640 33 31 af
1660 1639 88 33 båda

160 1696 187 31 Kamrarne
390 1696 47 30 till
480 1694 171 32 Utskottet
692 1691 217 33 återförvisad
940 1694 84 29 samt
1053 1693 78 31 9:de
1160 1692 159 45 punkten,
1360 1693 10 30 i
1411 1691 138 32 hvilken
1578 1690 171 34 Utskottet

160 1746 174 41 tillstyrkt,
364 1749 46 28 att
439 1744 165 43 décharge
635 1742 101 34 måtte
763 1743 222 41 Fullmägtige
1014 1743 142 41 beviljas
1185 1742 47 32 för
1261 1743 64 31 alla
1352 1742 111 32 beslut
1491 1743 62 31 och
1583 1741 165 43 åtgärder,

160 1808 70 22 som
260 1798 105 31 finnas
395 1797 209 31 antecknade
632 1796 10 31 i
671 1794 239 41 Fullmägtiges
938 1794 168 41 protokoll
1135 1793 70 32 från
1235 1794 62 31 den
1331 1794 43 30 26
1404 1792 150 33 Oktober
1582 1793 90 32 1865
1699 1793 49 31 till

161 1849 61 32 och
253 1849 73 31 med
357 1848 64 31 den
452 1847 43 31 28
523 1847 138 32 Januari
704 1846 228 32 innevarande
965 1846 46 40 år,
1055 1845 63 31 och
1144 1844 134 32 hvilken
1307 1844 188 41 tillstyrkan
1524 1844 164 42 godkänts
1717 1844 34 31 af

159 1900 118 31 Första
305 1898 201 32 Kammaren
534 1899 69 31 helt
632 1898 61 32 och
723 1895 113 43 hållet,
880 1906 72 22 men
994 1895 33 31 af
1064 1895 114 31 Andra
1214 1895 201 32 Kammaren
1446 1895 73 31 med
1549 1895 63 31 den
1641 1895 107 31 förän-

162 1951 108 41 dring,
300 1952 48 28 att
377 1949 100 31 orden
506 1949 83 32 ”den
619 1949 45 31 28
694 1947 141 33 Januari
863 1946 228 33 innevarande
1121 1943 52 34 år”
1201 1946 128 42 utbytts
1358 1949 69 29 mot
1454 1946 81 31 ”den
1565 1946 42 31 23
1639 1945 110 42 Augu-

161 2002 42 32 sti
239 2001 120 32 1866”.

311 2051 214 33 Beträffande
564 2051 80 32 först
685 2051 61 31 den
787 2050 51 31 till
871 2048 171 34 Utskottet
1072 2047 237 35 återförvisade
1349 2049 77 32 8:de
1454 2048 159 43 punkten,
1654 2048 95 32 hvari

161 2103 172 34 Utskottet
375 2102 70 32 med
475 2102 180 42 anledning
683 2101 34 31 af
754 2100 243 33 Revisorernes
1025 2100 256 42 framställning,
1324 2100 139 32 rörande
1493 2100 62 32 den
1586 2099 126 33 olikhet
1738 2099 10 32 i

161 2155 158 32 afseende
347 2152 42 45 på
420 2153 175 33 befrielsen
624 2150 72 34 från
719 2152 201 41 erläggande
941 2152 33 31 af
998 2151 185 42 bevillning
1203 2151 81 33 efter
1300 2151 101 33 första
1425 2151 154 42 artikeln,
1608 2162 71 21 som
1696 2156 55 36 egt

160 2217 70 21 rum
260 2207 90 31 inom
387 2204 88 33 olika
508 2205 64 41 län,
614 2204 179 41 hemställt,
835 2205 47 29 att
922 2203 290 41 handläggningen
1254 2202 34 31 af
1327 2202 141 32 berörda
1502 2202 245 42 framställning

162 2255 101 34 måtte
292 2257 50 31 till
369 2255 400 43 Bevillnings-Utskottet
797 2254 102 32 varda
926 2254 203 41 remitterad,
1162 2252 37 34 så
1227 2254 69 41 har,
1332 2254 102 41 enligt
1460 2253 88 32 hvad
1576 2253 172 33 Utskottet

162 2309 33 31 af
221 2309 56 31 det
305 2309 91 31 inom
425 2308 117 31 Första
569 2306 201 32 Kammaren
798 2306 94 31 förda
921 2304 379 43 diskussionsprotokoll
1328 2305 171 39 inhemtat,
1528 2304 112 32 blifvit
1661 2305 87 31 erin-

162 2360 73 31 radt
264 2362 59 39 att,
353 2357 41 33 då
421 2357 354 42 Bevillningsstadgan
803 2356 87 32 blott
916 2356 219 32 föreskrefve:
1167 2358 46 29 att
1245 2356 93 30 »utaf
1363 2356 84 31 hvar
1475 2355 64 32 och
1569 2365 38 22 en
1630 2355 10 32 i
1657 2365 91 22 man-
