2224 2656
204 956 100 26 Första
323 955 71 26 kam-

192 999 108 19 marens
311 991 91 27 beslut.

226 1280 146 27 Utskottets

229 1317 136 33 yttrande.

427 210 19 29 4
630 209 118 30 Andra
771 208 215 30 kommarens
1012 205 124 42 tredje
1160 206 171 40 tillfälliga
1354 206 140 31 utskotts
1518 206 173 30 utlåtande
1714 205 50 30 Nr
1787 206 30 29 4.

427 293 59 36 och
514 293 45 35 då
587 293 92 35 detta
706 292 72 35 icke
807 292 127 34 komme
963 294 50 32 att
1033 290 192 44 föranleda
1252 290 114 45 någon
1394 301 72 24 som
1493 289 86 36 helst
1605 288 105 45 utgift
1722 288 65 44 för
1805 288 212 43 statsverket,

426 352 85 32 enär
550 348 55 35 det
646 346 100 36 alltid
787 351 41 31 är
870 346 161 36 beroende
1073 345 47 44 af
1157 344 142 46 tillgång
1337 345 52 35 till
1409 344 97 46 plats
1534 344 13 35 i
1575 344 100 45 tåget,
1706 355 53 25 om
1780 344 52 45 på
1854 341 166 45 fribiljett

425 403 146 35 resande
601 413 129 35 person
759 402 89 35 skall
868 401 47 44 få
942 401 167 43 medfölja
1137 400 200 44 detsamma,
1367 399 138 35 tillåter
1529 398 65 49 jag
1624 397 75 48 mig
1727 397 206 44 hemställa,
1966 399 54 33 att

425 457 218 47 Riksdagen
685 456 193 47 behagade
907 455 14 35 i
949 454 193 36 skrifvelse
1171 454 57 36 till
1252 454 140 46 Kungl.
1423 453 108 48 Maj:t
1560 452 205 45 hemställa,
1797 455 53 33 att
1877 451 143 48 pensio-

424 513 116 35 nerad
569 510 184 37 ordinarie
774 509 403 50 järnvägstjänsteman
1206 507 98 49 (man
1334 508 89 36 eller
1450 507 154 48 kvinna)
1634 509 58 34 må
1720 507 180 36 förklaras
1930 519 88 24 vara

424 566 210 48 berättigad
677 568 53 33 att
772 565 141 47 årligen
947 564 139 36 erhålla
1114 563 221 49 fribiljetter,
1367 563 92 36 efter
1486 563 98 36 förut
1612 562 179 36 innehafd
1819 561 112 45 klass,
1962 562 57 35 för

424 624 61 35 två
514 634 102 24 resor
644 622 91 35 fram
765 621 68 35 och
863 623 78 33 åter
970 621 19 33 å
1019 622 139 33 statens
1183 619 235 49 järnvägar.»

531 677 19 33 I
584 676 57 34 sin
669 676 58 33 till
754 676 129 34 Första
912 675 215 34 kammaren
1157 674 140 45 afgifna
1322 673 139 35 motion
1490 673 194 34 hemställa
1714 673 126 33 herrar
1867 672 152 34 Fredrik

423 730 183 45 Berglund
633 728 68 36 och
730 728 126 45 Rosén,
893 730 75 33 »att
995 727 218 47 Riksdagen
1241 726 192 47 behagade
1462 726 66 35 hos
1557 726 215 46 Konungen
1792 724 148 36 anhålla
1960 736 57 23 om

425 784 243 36 meddelande
699 783 40 36 af
758 783 268 44 bestämmelse,
1059 784 53 34 att
1141 781 245 48 pensionerad
1415 780 184 37 ordinarie
1620 779 399 50 järnvägstjänsteman

425 838 97 48 (man
552 839 90 35 eller
669 838 153 46 kvinna)
853 840 57 33 må
939 849 88 24 vara
1056 836 208 47 berättigad
1294 839 52 32 att
1372 835 140 47 årligen
1540 835 139 35 erhålla
1696 834 211 48 fribiljetter
1928 834 92 35 efter

424 893 98 36 förut
563 892 180 36 innehafd
787 892 112 44 klass,
930 891 56 36 för
1013 893 62 34 två
1104 902 101 24 resor
1233 890 91 35 fram
1356 890 67 35 och
1454 891 78 34 åter
1561 892 20 32 å
1611 892 139 33 statens
1776 888 237 49 järnvägar.»

531 949 88 34 Med
663 947 202 45 anledning
908 946 39 34 af
985 947 122 34 denna
1150 945 138 35 motion
1317 945 67 34 har
1411 945 129 34 Första
1569 944 215 35 kammaren
1812 943 13 34 i
1854 943 167 46 enlighet

423 1002 85 35 med
547 1002 64 35 sitt
654 1001 114 36 andra
809 999 186 47 tillfälliga
1036 999 162 37 utskotts
1232 999 222 36 hemställan
1481 998 56 36 för
1567 998 57 36 sin
1653 998 60 35 del
1740 997 172 44 beslutat,
1948 999 72 33 »>att

422 1057 220 46 Riksdagen
682 1055 87 37 ville
810 1055 13 35 i
852 1055 194 36 skrifvelse
1075 1054 57 36 till
1160 1054 140 47 Kungl.
1331 1053 109 49 Maj:t
1469 1053 158 44 anhålla,
1659 1055 53 33 att
1740 1052 141 47 Kungl.
1911 1051 110 48 Maj:t

422 1111 145 36 täcktes
597 1110 200 37 verkställa
825 1109 213 46 utredning,
1069 1108 184 36 huruvida
1283 1109 67 35 och
1378 1108 13 35 i
1421 1108 97 36 hvad
1547 1109 85 33 mån
1661 1106 246 48 pensionerad
1928 1105 92 36 ordi-

423 1166 103 34 narie
565 1165 352 47 järnvägspersonal
959 1164 66 34 bör
1061 1163 139 35 erhålla
1228 1162 222 48 fribiljetter,
1482 1165 94 32 samt
1605 1162 160 34 därefter
1793 1161 152 45 vidtaga
1975 1161 44 33 de

424 1220 183 46 åtgärder,
638 1218 150 37 hvartill
816 1217 252 47 utredningen
1096 1217 75 35 kan
1199 1217 225 35 föranleda.»

530 1274 84 35 Den
655 1274 116 46 fråga,
815 1272 154 36 hvilken
1011 1271 13 36 i
1065 1271 233 36 förestående
1337 1270 181 36 motioner
1545 1269 216 44 behandlas,
1792 1281 76 32 var,
1900 1270 119 34 såsom

422 1328 111 36 ofvan
571 1328 40 35 af
639 1328 141 34 herrar.
809 1327 133 46 Bogren
972 1327 68 51 och
1066 1325 154 36 Carlson
1248 1325 13 35 i
1289 1325 228 48 Herrljunga
1547 1324 151 44 erinras,
1729 1324 113 35 första
1872 1325 148 45 gången

421 1383 77 34 före
539 1382 10 35 i
593 1382 218 46 Riksdagen
854 1384 39 32 år
921 1383 112 41 1898,
1071 1381 45 34 då
1145 1381 85 33 herr
1258 1378 46 36 ÅA.
1336 1380 40 34 F.
1406 1379 187 35 Broström
1624 1378 13 35 i
1666 1390 46 23 en
1742 1377 39 36 af
1805 1378 134 34 honom
1971 1377 48 35 af-

422 1436 126 47 gifven
591 1436 150 43 motion,
785 1448 44 22 nr
874 1437 86 42 167,
1001 1434 220 35 hemställde
1252 1446 56 23 om
1340 1433 194 36 skrifvelse
1563 1433 58 34 till
1649 1432 140 46 Kungl.
1820 1431 110 48 Maj:t
1960 1444 60 22 an-

421 1491 144 46 gående
606 1493 74 33 rätt
720 1491 56 34 för
819 1489 266 47 pensionerade
1119 1488 225 48 tjänstemän
1373 1487 69 36 och
1469 1486 165 49 betjänte
1664 1486 63 37 vid
1755 1488 140 33 statens
1922 1485 98 49 järn-

422 1550 114 40 vägar
564 1544 57 35 till
650 1546 53 33 ett
730 1544 93 35 visst
852 1543 100 35 antal
981 1542 211 48 fribiljetter
1219 1542 56 34 för
1298 1553 82 24 resa
1410 1544 20 32 å
1460 1544 140 32 statens
1625 1540 202 49 järnvägar
1850 1540 56 35 för
1926 1552 95 34 egen

422 1599 59 35 del
525 1599 67 35 och
634 1599 57 35 för
719 1597 80 36 sina
828 1597 160 36 hustrur.
1046 1597 218 46 Riksdagen
1293 1596 119 46 afslog
1441 1595 95 36 dock
1564 1595 14 35 1
1607 1595 166 46 enlighet
1802 1595 83 34 med
1915 1597 105 32 stats-

421 1653 201 35 utskottets
652 1653 221 34 hemställan
900 1652 284 46 ifrågavarande
1214 1650 150 44 motion,
1395 1649 156 37 hvarvid
1579 1649 184 35 utskottet
1792 1649 227 35 motiverade

421 1707 57 35 gin
508 1706 233 47 ståndpunkt
764 1706 12 35 i
804 1706 131 46 frågan
965 1706 161 42 därmed,
1159 1707 53 33 att
1237 1703 401 49 järnvägspersonalen
1667 1703 83 35 icke
1771 1715 87 23 vore
1877 1702 13 35 i
1910 1702 115 35 behof

422 1761 40 36 af
500 1761 90 35 eller
622 1760 209 48 berättigad
861 1760 57 36 till
946 1759 211 49 fribiljetter
1186 1771 99 24 mera
1315 1764 47 30 än
1392 1759 114 35 andra
1536 1758 40 35 af
1601 1760 121 33 staten
1751 1756 269 48 pensionerade

419 1816 236 47 tjänstemän,
689 1816 66 34 och
786 1817 53 33 att
868 1818 52 32 ett
948 1814 104 35 bifall
1080 1814 57 35 till
1166 1813 188 36 motionen
1384 1813 120 35 skulle
1533 1813 111 34 hafva
1664 1812 57 35 till
1742 1811 102 48 följd,
1866 1814 52 32 att
1933 1811 85 48 jäm-

419 1870 61 35 väl
521 1869 82 35 från
633 1870 114 34 andra
777 1881 161 34 grupper
966 1868 305 47 pensionstagare
1301 1867 120 36 skulle
1451 1867 222 34 framställas
1703 1866 161 46 anspråk
1889 1868 47 43 på
1965 1867 54 33 att

418 1923 148 36 komma
594 1923 14 35 i
637 1923 219 48 åtnjutande
887 1922 39 36 af
951 1935 138 23 samma
1118 1922 154 44 förmån,
1303 1921 205 48 hvarjämte
1537 1921 184 35 utskottet
1748 1919 165 36 uttalade
1940 1931 76 23 som

420 1979 57 35 sin
520 1978 161 47 mening,
728 1981 54 32 att
811 1980 139 33 statens
979 1976 206 36 inkomster
1214 1975 40 36 af
1275 1975 340 48 järnvägstrafiken
1645 1976 223 46 ogynnsamt
1897 1973 121 36 skulle

419 2033 183 46 påverkas
643 2044 132 35 genom
800 2031 202 36 utdelande
1030 2030 13 35 i
1073 2033 115 33 större
1218 2030 103 35 skala
1352 2030 39 34 af
1416 2029 212 48 fribiljetter
1656 2029 58 35 till
1742 2028 271 35 statsbanorna.

526 2087 138 35 Vidare
696 2087 67 34 har
787 2085 361 49 järnvägsstyrelsen
1175 2085 121 46 ingått
1324 2083 57 36 till
1410 2084 138 46 Kungl.
1581 2082 109 49 Maj:t
1718 2083 85 34 med
1823 2081 194 37 skrifvelse

419 2141 40 34 af
498 2142 72 33 den
608 2143 44 33 13
685 2140 208 47 september
925 2142 112 41 1904,
1070 2139 79 35 däri
1178 2139 182 47 styrelsen
1390 2139 126 34 anhöll
1545 2150 57 22 om
1633 2137 299 47 bemyndigande
1961 2136 57 35 för

419 2194 56 47 sig
519 2198 53 32 att
613 2194 147 36 utfärda
792 2193 211 48 fribiljetter
1036 2193 55 35 för
1121 2194 83 34 med
1233 2192 156 47 pension
1418 2193 185 45 afgångne
1632 2191 291 48 tjänstehafvare
1953 2190 64 36 vid

418 2251 141 33 statens
602 2249 211 48 järnvägar.
871 2248 134 35 Denna
1053 2247 174 36 anhållan
1273 2246 79 36 blef
1400 2246 95 36 dock
1543 2245 39 36 af
1625 2245 140 47 Kungl.
1816 2243 110 50 Maj:t
1968 2243 48 36 af-

419 2303 138 46 slagen.
