2160 2622
423 188 41 33 12
917 186 246 34 Statswiskottels
1195 187 170 33 Utlåtande
1389 187 62 31 N:o
1476 187 51 33 51.

420 278 156 37 erhållas
604 280 113 45 några
746 277 142 36 mindre
916 278 182 43 områden,
1128 277 139 44 hvilka,
1298 277 114 47 enligt
1440 277 97 35 hvad
1565 276 212 47 hospitalets
1797 275 227 37 öfverläkare

419 331 57 36 uti
508 331 64 37 sitt
607 330 267 48 handlingarna
902 331 13 35 i
944 331 149 36 ärendet
1129 331 170 47 bifogade
1327 331 170 47 yttrande
1526 330 145 44 erinrat,
1703 328 233 49 synnerligen
1966 330 59 34 väl

420 385 167 47 lämpade
624 384 56 48 sig
707 384 59 36 till
794 385 93 46 plats
917 384 56 36 för
1001 384 308 49 familjebostäder
1337 387 36 32 åt
1400 383 377 49 hospitalsbetjäning,
1809 395 73 23 som
1912 383 112 35 borde

421 440 83 34 med
537 438 133 36 sådana
703 438 168 36 bostäder
899 438 124 35 förses.
1082 438 227 47 Hospitalets
1338 437 180 36 intressen
1546 437 71 36 läte
1646 437 138 35 således
1813 436 59 36 väl
1900 436 133 36 förena:

420 492 58 47 sig
506 492 83 35 med
616 492 284 46 godkännandet
927 491 42 35 af
993 491 329 48 domänstyrelsens
1342 491 144 47 förslag.
1531 491 173 35 Däremot
1723 490 118 36 skulle
1860 489 164 37 otvifvel-

420 545 122 47 aktigt
577 545 215 49 försäljning
829 544 40 36 af
900 545 211 46 lägenheter
1145 545 82 35 från
1256 544 120 48 Växjö
1405 544 267 47 hospitalsgård
1700 543 13 36 i
1741 547 113 32 större
1882 543 142 37 omfatt-

419 598 101 48 ning,
566 604 46 29 än
654 598 310 48 domänstyrelsen
1007 598 170 44 förordat,
1222 598 82 35 icke
1346 598 125 35 kunna
1514 598 65 35 ske
1621 601 88 32 utan
1745 597 191 47 olägenhet
1970 597 55 35 för

420 652 206 47 hospitalet.
670 651 162 36 Alldeles
860 651 176 36 särskildt
1064 664 83 24 vore
1176 652 99 35 detta
1303 651 200 35 händelsen
1521 652 82 34 med
1622 651 216 47 lägenheten
1857 651 165 42 Lunden,

422 706 223 47 (ägofiguren
686 717 60 23 n:o
790 705 74 46 46),
908 704 153 36 hvilken
1097 706 80 46 låge
1212 710 88 30 nära
1333 705 141 46 platsen
1503 705 55 35 för
1586 705 70 34 den
1685 704 186 36 beslutade
1900 704 125 47 asylen

420 759 58 35 för
505 758 353 47 kriminalpatienter
886 759 78 44 och,
996 758 82 36 från
1105 758 195 47 hospitalet
1327 758 169 44 räknadt,
1527 761 52 33 ett
1602 759 86 45 godt
1708 758 126 47 stycke
1854 757 172 35 innanför

420 813 71 34 den
530 812 120 47 punkt
686 814 46 45 på
768 812 211 35 nuvarande
1012 812 233 47 landsvägen,
1277 812 64 35 där
1370 812 70 35 den
1468 812 14 34 i
1510 811 211 47 hospitalets
1750 811 154 36 intresse
1936 810 89 36 före-

422 866 128 46 slagna
577 878 73 35 nya
676 871 118 41 vägen
823 865 117 35 skulle
969 865 145 36 komma
1141 869 53 32 att
1213 869 84 43 taga
1317 865 39 35 af
1372 865 81 35 från
1473 865 249 47 infartsvägen
1742 865 57 35 till
1817 864 206 47 hospitalet.

532 919 52 35 På
611 919 119 46 grund
763 919 41 35 af
828 919 61 35 det
917 919 153 35 sålunda
1096 919 151 35 anförda
1276 919 178 35 instämde
1483 918 371 48 medicinalstyrelsen
1882 917 55 36 uti
1966 918 60 35 det

421 972 41 35 af
487 972 322 48 domämstyrelsen
837 975 122 32 senast
986 972 13 35 i
1028 973 148 35 ärendet
1204 972 141 47 afgifna
1372 972 220 36 utlåtande.»

528 1026 110 35 Hvad
679 1025 13 36 i
734 1026 149 35 ärendet
924 1026 230 36 förekommit
1188 1029 124 44 syntes
1341 1025 383 47 departemenschefen
1752 1025 178 36 innefatta
1959 1025 65 35 full

421 1079 199 47 anledning
647 1079 57 35 till
731 1080 71 34 den
830 1079 40 35 af
894 1078 371 49 medicinalstyrelsen
1295 1079 202 46 föreslagna
1525 1078 266 48 utvidgningen
1820 1078 40 35 af
1880 1080 70 34 den
1970 1078 57 36 till

421 1132 121 48 Växjö
584 1132 157 46 hospital
782 1132 154 46 anlagna
960 1132 93 48 jord.
1111 1133 125 35 Under
1264 1132 155 44 erinran,
1451 1136 52 31 att
1531 1133 135 46 Kungl.
1697 1132 106 48 Maj:t
1830 1132 14 35 i
1872 1133 70 35 den
1970 1132 57 35 till

422 1186 246 35 innevarande
697 1187 57 33 års
774 1185 164 46 Riksdag
957 1186 133 34 aflåtna
1109 1185 272 47 propositionen
1400 1186 186 46 angående
1606 1186 236 35 statsverkets
1862 1186 165 37 tillstånd

422 1239 68 35 och
532 1238 112 36 behof
682 1238 186 47 föreslagit
899 1238 199 36 anvisande
1129 1239 41 35 af
1194 1240 118 34 medel
1340 1239 56 35 till
1422 1239 227 47 uppförande
1677 1239 63 35 vid
1768 1239 194 47 hospitalet
1990 1241 40 34 af

422 1292 99 36 förut
563 1292 232 35 omförmälda
829 1292 306 47 kolonibyggnad,
1166 1305 76 23 som
1271 1305 84 23 vore
1384 1293 127 35 afsedd
1539 1296 52 32 att
1620 1293 179 47 förläggas
1827 1293 62 36 vid
1918 1295 61 34 det
2007 1297 20 32 å

423 1346 235 35 förenämnda
685 1346 105 35 karta
818 1345 148 47 angifna
995 1349 119 43 torpet
1141 1347 252 43 Brändeudde,
1425 1347 66 34 och
1520 1346 82 35 med
1628 1346 227 47 åberopande
1884 1348 7 34 i
1917 1348 110 46 öfrigt

423 1399 40 35 af
496 1399 98 36 hvad
622 1398 372 48 medicinalstyrelsen
1022 1400 67 34 och
1117 1400 309 47 domänstyrelsen
1455 1399 13 35 1
1497 1399 128 47 frågan
1653 1400 129 44 anfört,
1813 1401 213 35 hemställde

423 1452 408 47 departementschefen,
876 1455 53 32 att
970 1453 136 46 Kungl.
1150 1453 108 47 Maj:t
1300 1455 109 33 måtte
1438 1453 57 34 till
1524 1453 210 47 Riksdagen
1763 1454 105 35 aflåta
1898 1454 128 47 ifråga-

423 1506 158 35 varande
610 1505 231 47 proposition.

533 1595 284 44 Statsutskottet,
855 1594 57 36 till
939 1595 109 35 hvars
1077 1595 261 35 förberedande
1367 1595 223 47 behandling
1619 1596 97 35 detta
1745 1597 131 34 ärende
1905 1597 123 36 blifvit

417 1648 210 57 hänvisadt,
658 1649 66 34 har
752 1648 81 36 icke
862 1648 79 36 haft
968 1650 111 45 något
1107 1652 52 31 att
1188 1648 120 35 erinra
1338 1652 72 31 mot
1439 1649 136 46 Kungl.
1607 1649 123 48 Maj:ts
1755 1649 151 36 berörda
1922 1650 104 36 fram-

424 1702 184 47 ställning,
639 1703 144 34 hvadan
811 1702 179 35 utskottet
1019 1702 66 43 får,
1115 1703 117 34 under
1256 1701 145 36 erinran
1421 1705 52 32 att
1493 1702 136 46 Kungl.
1647 1702 124 48 Maj:ts
1787 1703 12 35 i
1815 1704 212 35 statsverks-

424 1755 271 48 propositionen
722 1756 116 34 under
866 1755 106 49 sjette
1001 1755 260 44 hufvudtiteln,
1292 1755 119 47 punkt
1441 1758 62 41 25,
1534 1755 125 48 gjorda
1688 1756 267 47 framställning
1971 1770 55 22 om

423 1809 126 47 anslag
592 1809 56 35 för
687 1809 226 47 uppförande
955 1808 63 36 vid
1060 1808 118 48 Växjö
1221 1808 158 47 hospital
1420 1809 40 34 af
1491 1809 108 35 ofvan
1627 1809 234 36 omförmälda
1890 1810 136 36 koloni-

422 1862 173 49 byggnad
623 1861 122 37 blifvit
774 1862 39 35 af
838 1861 211 47 Riksdagen
1079 1861 161 45 bifallen,
1271 1862 201 44 hemställa,

956 1945 54 32 att
1050 1942 96 36 hvad
1188 1942 136 47 Kungl.
1356 1942 106 48 Maj:t
1491 1942 12 35 i
1532 1943 235 36 förevarande
1796 1945 231 35 hänseenden

850 1995 198 47 föreslagit,
1079 1997 57 33 må
1164 1995 112 36 vinna
1305 1995 229 48 Riksdagens
1563 1995 113 36 bifall.

504 2066 234 43 Stockholm
767 2067 70 35 den
869 2069 44 33 17
945 2066 93 47 april
1071 2069 110 33 1903.

953 2138 52 35 På
1033 2138 287 36 statsutskottets
1349 2144 149 41 vägnar:

1002 2244 112 36 CHR.
1146 2246 316 37 LUNDEBERG.
