1898 2852
499 177 398 37 Jordbruksutskottets
925 173 188 34 utlåtande
1140 173 52 31 Nr
1217 171 26 30 1.
1565 167 18 29 5

162 261 91 37 11:0)
276 262 136 32 Försök
434 261 55 31 att
510 258 181 33 förbättra
712 255 250 33 hållbarheten
986 263 46 22 m.
1056 262 45 21 m.
1126 252 63 30 hos
1213 250 105 31 smör.
1362 246 122 33 Under
1509 245 117 37 punkt

123 316 38 31 10
187 316 65 31 har
277 313 135 37 Kungl.
438 311 112 37 Maj:t
576 308 188 37 föreslagit
789 306 195 36 riksdagen
1011 305 54 30 att
1090 303 59 31 till
1175 299 192 33 utförande
1393 309 46 20 av
1466 296 122 33 försök
1613 295 13 31 i

124 366 166 38 mejerier
316 366 55 30 att
399 363 180 33 förbättra
605 360 248 33 hållbarheten
880 367 45 21 m.
954 366 45 21 m.
1027 356 64 31 hos
1118 355 94 30 smör
1240 351 129 32 anvisa
1396 350 56 31 för
1479 348 147 36 budget-

125 421 78 30 året
223 416 172 36 1932/1933
416 416 52 31 ett
489 415 103 31 extra
613 412 127 37 anslag
759 421 47 21 av
823 409 88 37 9,000
932 409 141 31 kronor.

165 471 19 31 I
210 470 197 31 riksstaten
435 467 56 32 för
518 463 245 34 innevarande
790 461 177 37 budgetår
996 462 40 28 är
1065 459 56 30 för
1149 454 281 38 ifrågavarande
1460 451 169 32 ändamål

126 522 150 38 uppfört
298 522 52 30 ett
374 520 104 32 extra
500 517 126 37 anslag
648 515 59 32 till
728 514 128 36 belopp
879 523 47 21 av
948 511 89 37 9,500
1060 510 141 31 kronor.

167 625 194 35 Utskottet,
386 632 74 22 som
485 620 160 33 biträder
669 619 135 36 Kungl.
831 617 129 36 Maj:ts
987 615 146 35 förslag,
1160 607 217 45 hemställer,

573 725 54 30 att
646 721 194 38 riksdagen
860 721 59 30 må
938 719 59 32 till
1016 716 191 33 utförande
1228 726 45 21 av
1293 714 122 32 försök
1433 713 13 30 i
1465 711 167 37 mejerier

532 777 54 30 att
609 775 181 32 förbättra
812 771 250 33 hållbarheten
1085 778 45 22 m.
1154 778 45 21 m.
1221 768 65 31 hos
1308 767 94 30 smör
1426 763 128 32 anvisa
1577 762 55 31 för

532 827 214 37 budgetåret
768 823 173 36 19382/1933
963 824 52 29 ett
1038 822 104 30 extra
1163 819 126 36 anslag
1313 827 46 22 av
1380 816 89 37 9,000
1492 815 141 31 kronor.

172 984 91 38 12:0)
286 986 87 32 Fast
396 982 233 37 försöksgård
652 981 57 31 för
731 979 213 39 jordbruket
965 977 62 32 vid
1048 977 126 31 Lanna
1197 972 250 38 Borregården
1470 971 13 30 i
1507 970 129 31 Skara-

135 1040 106 36 borgs
265 1038 71 31 län.
379 1035 85 33 Med
487 1033 212 37 tillstyrkan
723 1042 47 21 av
793 1030 107 32 bifall
923 1029 59 31 till
1005 1026 135 37 Kungl.
1165 1025 129 37 Maj:ts
1319 1023 113 32 under
1458 1021 116 38 punkt
1598 1021 39 30 11

136 1090 128 39 gjorda
287 1086 272 36 framställning
583 1083 208 33 hemställer
815 1077 187 45 utskottet,

579 1191 54 30 att
660 1187 197 36 riksdagen
884 1185 69 35 må,
982 1183 128 32 liksom
1138 1182 56 31 för
1222 1177 247 34 innevarande
1495 1176 148 36 budget-

540 1241 52 36 år,
621 1239 58 32 till
708 1236 287 34 driftkostnader
1025 1235 56 31 för
1111 1234 68 31 den
1207 1231 58 32 till
1292 1231 126 31 Lanna
1447 1228 193 36 Borregår-

541 1292 66 32 den
628 1292 12 31 i
662 1290 133 36 Saleby
814 1289 129 31 socken
965 1298 46 20 av
1030 1285 224 36 Skaraborgs
1276 1283 60 31 län
1357 1280 166 38 förlagda
1545 1279 96 31 fasta

541 1342 278 38 försöksgården
850 1341 56 31 för
937 1337 212 39 jordbruket
1181 1335 128 32 anvisa
1340 1334 56 31 för
1427 1332 214 37 budgetåret

541 1394 173 36 1932/1933
738 1394 52 30 ett
816 1395 104 28 extra
946 1388 284 38 förslagsanslag
1256 1397 45 20 av
1324 1385 110 37 23,100
1458 1384 140 31 kronor.

181 1553 91 37 13:0)
295 1554 87 32 Fast
412 1549 232 38 försöksgård
674 1548 58 32 för
762 1545 213 40 jordbruket
1004 1545 62 30 vid
1095 1543 123 32 Offers
1249 1541 88 37 gård
1369 1541 13 29 i
1413 1538 231 32 Västernorr-

141 1607 104 33 lands
269 1606 72 31 län.
384 1603 84 32 Med
492 1601 212 36 tillstyrkan
728 1609 46 21 av
799 1597 106 32 bifall
929 1596 59 32 till
1011 1594 135 36 Kungl.
1172 1593 128 35 Maj:ts
1326 1590 113 31 under
1464 1588 116 38 punkt
1606 1589 38 29 12

144 1658 127 38 gjorda
293 1653 272 37 framställning
588 1650 207 33 hemställer
816 1649 187 34 utskottet,

587 1749 55 30 att
669 1745 196 37 riksdagen
892 1745 69 34 må,
988 1742 130 32 liksom
1146 1741 56 31 för
1231 1736 247 34 innevarande
1504 1734 145 37 budget-

549 1800 51 35 år,
621 1798 58 32 till
698 1795 286 34 driftkostnader
1005 1794 56 31 för
1084 1793 68 32 den
1172 1791 57 32 till
1251 1790 123 32 Offers
1396 1788 90 37 gård
1504 1787 13 31 i
1538 1786 111 32 Boteå

550 1850 128 32 socken
699 1859 46 21 av
765 1844 324 35 Västernorrlands
1110 1844 61 31 län
1192 1841 166 38 förlagda
1379 1841 97 31 fasta
1497 1838 152 32 försöks-

551 1902 134 37 gården
708 1901 55 31 för
785 1898 213 38 jordbruket
1018 1896 127 31 anvisa
1166 1895 55 31 för
1241 1893 214 37 budgetåret
1479 1889 171 35 1982/1983

551 1955 50 29 ett
625 1954 103 29 extra
754 1948 284 38 förslagsanslag
1063 1957 45 20 av
1131 1945 109 36 21,600
1263 1944 141 31 kronor.

190 2111 90 36 14:0)
304 2108 300 35 Internationella
631 2104 378 35 lantbruksinstitutet
1037 2104 11 30 i
1077 2103 101 30 Rom.
1230 2100 117 31 Under
1377 2098 115 37 punkt
1521 2098 39 30 13
1588 2096 65 30 har

150 2164 135 37 Kungl.
307 2162 113 37 Maj:t
442 2159 190 37 föreslagit
654 2158 196 36 riksdagen
873 2155 32 36 1)
930 2157 55 29 att
1008 2155 57 30 för
1088 2152 167 36 Sveriges
1276 2149 215 36 deltagande
1513 2148 12 31 i
1548 2147 108 31 inter-

150 2215 198 33 nationella
382 2210 374 35 lantbruksinstitutet
789 2209 12 30 i
833 2208 92 31 Rom
957 2206 127 31 anvisa
1116 2205 55 30 för
1201 2202 215 37 budgetåret
1433 2194 171 46 1932/19383

192 2266 35 37 a)
257 2267 58 31 till
343 2264 180 39 gäldande
551 2273 46 21 av
625 2261 167 35 Sveriges
822 2259 129 35 bidrag
981 2257 57 31 till
1066 2255 182 32 institutet
1274 2255 53 30 ett
1354 2254 104 29 extra
1487 2250 170 35 förslags-

152 2319 128 35 anslag
300 2328 45 21 av
363 2317 90 36 5,800
472 2316 142 30 kronor.

193 2369 36 38 b)
252 2369 57 33 till
329 2365 231 35 bestridande
582 2375 45 21 av
651 2364 127 35 övriga
800 2361 194 32 kostnader
1018 2360 54 30 för
1097 2358 166 34 Sveriges
1283 2354 219 36 deltagande
1523 2354 10 29 i
1557 2352 101 31 insti-

154 2423 95 30 tutet
264 2422 52 30 ett
334 2422 104 29 extra
457 2415 370 34 reservationsanslag
848 2424 45 20 av
912 2411 88 37 1,000
1018 2411 145 34 kronor;

194 2472 32 37 2)
248 2474 54 30 att
320 2470 177 35 medgiva.
519 2470 52 30 att
593 2469 17 29 å
635 2463 408 35 reservationsanslaget
1067 2462 52 30 för
1141 2459 295 32 internationella
1456 2455 202 32 lanthruks-

1673 242 100 24 Försök
1793 242 40 23 att

1646 278 132 30 förbättra
1787 275 67 24 håll-

1648 313 122 23 barkheten
1779 318 75 19 m.m.

1684 348 45 22 hos
1746 349 78 20 smör.

1715 381 81 39 [10.]

1694 608 133 23 Utskottet.

1658 966 66 23 Fast
1745 964 112 30 försöks-

1658 1000 66 32 gård
1740 1001 42 28 för
1790 997 77 32 jord-

1686 1035 89 23 bruket
1794 1033 48 23 vid

1659 1071 94 23 Lanna
1775 1069 94 23 Borre-

1695 1105 98 31 gården
1812 1103 11 24 i

1688 1141 63 23 Ska:
1759 1139 92 30 aborgs

1735 1175 54 23 län.

1728 1209 81 39 [11.]

1665 1541 68 23 Fast
1752 1539 114 31 försöks-

1665 1575 67 32 gård
1749 1577 42 26 för
1798 1572 77 33 jord-

1694 1610 90 24 bruket
1801 1609 46 23 vid

1669 1645 84 30 Offers
1770 1643 67 32 gård
1855 1643 12 24 $

1689 1681 165 23 Västernorr-

1697 1715 77 24 lands
1792 1714 51 23 län.

1735 1749 82 39 [12.]

1722 2098 118 22 Interna-

1675 2131 108 25 tionella
1806 2131 68 23 lant-

1721 2166 120 24 bruksin-

1711 2201 104 23 slilutet
1834 2200 11 23 4

1745 2237 72 22 Rom.

1743 2270 81 39 [13.]
