1932 2854
276 203 20 31 6
702 206 107 28 Första
833 207 193 35 lagutskottets
1048 207 146 28 utlåtande
1216 207 47 28 Nr
1285 207 49 28 55.

332 278 86 36 Över
439 282 165 33 meddelat
626 282 154 33 tillstånd
803 285 48 29 att
873 283 157 31 förvärva
1051 282 199 39 skjutvapen
1272 283 79 32 eller
1372 283 219 32 ammunition
1613 283 87 32 skall
1723 283 53 32 be-

276 331 50 33 vis
349 332 164 33 utfärdas.
549 332 132 33 Beviset
705 333 87 31 skall
816 332 169 33 innehålla

335 383 26 31 1.
386 382 141 39 löpande
551 394 148 21 nummer
721 384 19 31 å
763 383 125 32 beviset
911 384 60 31 och
995 384 106 37 dagen
1125 384 52 31 för
1200 384 73 32 dess
1296 384 217 37 utfärdande;

334 433 27 31 2.
387 433 184 32 sökandens
595 434 58 31 och
677 433 222 32 överlåtarens
924 433 223 39 fullständiga
1172 445 100 20 namn
1296 435 59 31 och
1377 435 157 37 hemvist;
1559 438 86 28 samt

331 484 29 31 3.
385 482 11 32 i
417 482 98 38 fråga
537 495 50 19 om
608 483 200 38 skjutvapen
829 495 144 26 vapnens
995 484 90 31 antal
1107 485 60 31 och
1189 484 75 38 slag
1283 487 85 29 samt
1388 484 12 31 i
1421 485 96 38 fråga
1538 496 51 21 om
1613 486 162 31 ammuni-

275 532 69 32 tion
367 533 56 32 det
444 533 81 31 eller
548 534 39 31 de
609 534 159 38 varuslag
790 534 60 32 och
874 535 62 31 den
959 535 198 37 myckenhet
1180 535 103 32 därav
1305 535 187 33 tillståndet
1516 547 102 20 avser.

331 583 74 33 Vad
426 583 11 32 i
459 586 17 30 7
497 583 18 38 $
534 585 103 31 andra
656 585 132 37 stycket
808 585 59 32 och
889 586 39 30 14
949 584 18 38 $
987 585 103 32 andra
1111 586 132 37 stycket
1262 590 75 33 sägs
1357 586 87 31 skall
1463 591 62 32 äga
1546 586 230 32 motsvarande

276 632 224 40 tillämpning.

991 695 38 30 17
1055 693 28 38 $.

332 742 71 32 Den
427 754 70 20 som
523 743 97 32 idkar
643 744 121 32 handel
790 745 73 31 med
889 744 199 38 skjutvapen
1113 744 79 32 eller
1217 745 219 32 ammunition
1462 757 76 20 vare
1563 745 138 39 skyldig
1727 749 50 29 att

276 791 73 33 föra
373 792 145 33 särskild
544 793 64 31 bok
635 798 76 27 över
736 793 205 33 verkställda
966 794 239 38 försäljningar
1230 806 42 20 av
1298 795 97 38 dylik
1422 796 167 37 egendom.
1628 796 18 31 I
1672 796 102 32 sådan

276 841 63 33 bok
357 842 94 32 skola
466 842 214 34 beträffande
697 845 92 37 varje
806 844 201 38 försäljning
1024 845 177 31 antecknas

333 894 27 31 1.
385 893 108 38 dagen
517 893 53 33 för
594 894 255 38 försäljningen;

332 943 28 31 2.
384 943 163 38 köparens
572 943 223 39 fullständiga
820 956 107 25 namn,
952 945 84 37 yrke
1060 945 59 31 och
1143 945 157 38 hemvist;

331 993 28 31 3.
384 993 11 30 i
414 992 99 38 fråga
531 1005 51 20 om
602 994 200 38 skjutvapen
820 1005 144 27 vapnens
984 995 91 31 antal
1093 995 59 31 och
1172 994 73 39 slag
1264 996 59 31 och
1342 996 10 31 i
1371 996 97 38 fråga
1487 1009 50 20 om
1556 997 220 32 ammunition

275 1043 55 32 det
350 1043 80 32 eller
451 1044 40 31 de
512 1044 157 38 varuslag
690 1045 60 31 och
772 1045 62 31 den
855 1044 198 39 myckenhet
1075 1045 102 32 därav
1200 1045 243 39 försäljningen
1465 1048 113 37 avsåg;
1602 1051 87 29 samt

331 1094 28 30 4.
385 1093 63 32 den
466 1094 225 38 länsstyrelse,
711 1106 69 20 som
799 1095 153 32 utfärdat
969 1095 56 32 det
1042 1106 41 21 av
1100 1095 146 39 köparen
1264 1096 184 38 åberopade
1464 1097 310 37 tillståndsbeviset,

273 1142 100 37 Jämte
394 1143 108 38 dagen
523 1143 53 32 för
595 1143 142 33 bevisets
759 1144 211 33 utfärdande.

330 1192 113 33 Såsom
465 1193 131 38 bilagor
615 1194 94 32 skola
729 1194 57 32 vid
807 1194 106 32 boken
934 1194 96 39 fogas
1054 1196 167 37 dupletter
1244 1207 41 21 av
1305 1196 314 33 tillståndsbevisen.

330 1242 296 40 Försäljningsbok
648 1245 98 37 skall,
767 1245 102 38 jämte
889 1245 139 38 bilagor,
1051 1245 151 33 förvaras
1225 1247 105 32 under
1351 1258 38 21 en
1412 1247 51 33 tid
1485 1259 41 20 av
1548 1248 100 32 minst
1670 1248 46 32 tio
1739 1249 36 31 år

275 1291 76 33 från
369 1294 62 32 den
448 1294 68 38 dag
531 1295 82 31 sista
629 1294 251 39 inskrivningen
897 1296 133 37 gjordes
1047 1296 58 32 och
1123 1296 109 32 hållas
1249 1296 196 39 tillgänglig
1463 1297 52 32 för
1531 1298 243 38 polismyndig-

274 1343 56 32 het
349 1343 79 33 eller
446 1344 64 33 den
529 1356 68 20 som
616 1349 36 27 är
670 1345 100 32 stadd
791 1345 12 31 i
820 1346 344 38 polismyndighetens
1185 1347 129 32 ärende.

330 1393 71 32 Den
418 1405 70 21 som
504 1394 99 32 idkar
617 1394 120 33 handel
756 1396 73 32 med
846 1395 199 39 skjutvapen
1061 1396 80 32 eller
1158 1397 219 32 ammunition
1393 1409 78 21 vare
1488 1398 124 38 pliktig
1627 1401 51 30 att
1696 1401 78 35 taga

273 1442 102 33 sådan
398 1444 83 32 vård
505 1455 52 20 om
582 1444 200 38 skjutvapen
806 1445 79 31 eller
909 1446 218 32 ammunition
1152 1458 69 20 som
1247 1458 41 20 av
1312 1447 118 32 honom
1454 1447 179 34 innehavas
1659 1452 49 29 att
1734 1450 39 31 de

274 1492 71 32 icke
368 1498 56 27 äro
449 1494 185 38 åtkomliga
657 1495 52 32 för
733 1495 156 38 obehörig
912 1507 128 26 person.

494 1591 66 25 Om
579 1590 143 28 införsel
741 1591 56 26 till
815 1592 92 26 riket
925 1599 43 20 av
987 1593 214 33 skjutvapen
1221 1594 65 26 och
1306 1595 247 26 ammunition.

975 1656 40 32 18
1040 1655 29 38 $.

329 1702 88 33 Utan
439 1703 155 33 tillstånd
615 1716 41 20 av
678 1704 117 32 chefen
819 1705 52 32 för
893 1705 364 38 socialdepartementet
1279 1708 54 31 må
1355 1709 28 36 ej
1408 1709 109 37 någon
1538 1709 54 31 till
1615 1709 88 32 riket
1725 1709 48 31 in-

273 1752 73 32 föra
364 1752 200 39 skjutvapen
584 1753 78 33 eller
681 1754 232 38 ammunition;
936 1755 85 32 dock
1040 1757 52 30 må
1111 1757 218 38 transitering
1347 1769 40 20 av
1408 1759 103 31 sådan
1531 1759 156 37 egendom
1709 1764 64 33 äga

261 1813 82 22 .rum
367 1803 54 32 till
446 1807 52 29 ort
523 1803 87 33 inom
634 1804 95 33 riket.

328 1853 71 32 Har
418 1854 156 33 tillstånd
594 1857 50 29 att
663 1855 111 32 införa
796 1856 199 38 skjutvapen
1017 1857 181 33 meddelats
1220 1859 118 37 någon,
1361 1864 60 32 äge
1442 1859 67 32 han
1528 1859 61 32 ock
1608 1860 166 32 innehava

270 1906 121 35 vapnet
429 1902 54 33 för
521 1905 54 31 det
611 1905 155 31 ändamål
803 1905 187 33 tillståndet
1028 1918 102 21 avser.
1169 1907 128 33 Därvid
1324 1909 94 31 skola
1445 1909 290 33 bestämmelserna
1760 1910 12 30 i

272 1953 106 33 8—10
403 1952 40 39 $$
470 1954 12 31 i
507 1954 203 39 tillämpliga
735 1955 92 32 delar
850 1956 91 37 gälla
965 1957 73 32 med
1063 1956 227 40 iakttagande,
1316 1962 49 29 att
1391 1959 59 32 där
1475 1959 109 33 beslut
1609 1972 51 20 om
1686 1961 84 31 åter-

270 2003 137 33 kallelse
432 2004 105 38 enligt
562 2006 18 31 9
607 2004 18 38 $
650 2017 95 20 avser
770 2006 200 38 skjutvapen
994 2019 68 20 som
1089 2007 177 33 innehaves
1292 2010 44 37 på
1360 2010 109 36 grund
1495 2021 42 21 av
1561 2010 209 33 införseltill-

271 2054 106 38 stånd,
395 2054 140 38 uppgift
553 2067 51 20 om
621 2056 233 32 återkallelsen
870 2057 86 31 skall
973 2057 127 32 lämnas
1118 2058 54 32 till
1190 2059 118 31 chefen
1325 2059 52 32 för
1395 2060 374 38 socialdepartementet.

806 2153 434 29 Ansvarsbestämmelser.

972 2218 39 31 19
1037 2216 28 38 $.

325 2266 17 29 1
369 2275 95 21 mom.
501 2265 144 32 Innehar
667 2267 109 37 någon
798 2266 200 39 skjutvapen
1020 2271 80 29 utan
1123 2271 58 35 att,
1206 2269 86 32 efter
1314 2271 63 31 vad
1401 2270 11 31 i
1435 2272 18 31 6
1476 2271 79 32 eller
1579 2273 38 30 18
1641 2271 18 38 8
1682 2277 86 33 sägs,

269 2324 80 22 vara
370 2314 190 39 berättigad
586 2319 49 29 att
657 2316 166 33 innehava
845 2320 133 36 vapnet;
1005 2318 80 31 eller

325 2366 166 32 använder
515 2367 116 37 någon,
656 2367 73 32 med
752 2367 186 38 uppenbart
963 2368 166 32 missbruk
1154 2381 41 20 av
1218 2370 140 33 erhållet
1380 2371 164 38 tillstånd,
1569 2372 201 39 skjutvapen

270 2414 54 32 för
341 2418 100 30 annat
458 2416 155 32 ändamål
631 2421 41 27 än
690 2417 56 32 det
763 2428 69 21 som
838 2410 17 52 i
879 2418 298 33 tillståndsbeviset
1195 2420 150 38 angives;
1365 2422 80 31 eller

323 2465 191 33 underlåter
542 2467 197 32 innehavare
770 2479 41 21 av
840 2469 198 38 skjutvapen
1068 2473 58 35 att,
1157 2471 85 32 efter
1271 2472 63 32 vad
1364 2472 11 31 i
1404 2473 17 31 9
1452 2472 18 38 $
1499 2478 86 32 sägs,
1614 2474 155 32 avlämna

270 2518 135 35 vapnet;
431 2517 81 32 eller
