1862 2780
291 157 38 29 12
637 160 329 33 Utrikesutskottets
991 163 179 31 utlåtande
1193 174 42 20 nr
1259 166 19 29 6
1303 166 39 29 år
1367 167 82 29 1957

900 280 201 31 Resolution
1125 283 59 28 104

294 360 57 20 om
376 352 228 35 upprättande
628 362 41 20 av
694 363 42 20 en
759 355 226 37 arbetsgrupp
1010 358 76 29 med
1111 360 135 34 uppgift
1270 362 49 27 att
1343 361 92 30 hålla
1460 362 337 32 medlemsstaternas

497 403 191 35 parlament
709 406 11 28 i
741 406 85 29 nära
848 406 145 31 kontakt
1014 409 76 28 med
1112 409 210 36 rådgivande
1342 411 250 37 församlingen

334 485 276 40 Församlingen,

338 536 76 20 som
431 528 89 39 ånyo
537 529 176 30 förklarar
730 531 51 39 sig
797 531 158 31 besluten
972 535 51 28 att
1042 536 105 28 utöva
1164 536 54 29 sin
1235 536 213 40 rådgivande
1466 538 165 31 funktion
1649 541 10 28 i
1678 541 117 30 ordets

292 569 89 30 fulla
399 570 231 37 bemärkelse;

337 621 76 20 som
433 622 101 20 anser
555 615 51 28 att
627 624 42 20 en
690 624 42 20 av
749 616 44 29 de
816 617 157 30 säkraste
995 620 203 29 metoderna
1220 623 50 27 att
1291 622 213 40 förverkliga
1525 624 95 29 detta
1643 625 90 39 syfte
1755 627 39 28 är

291 655 51 28 att
369 654 171 31 förbättra
565 656 66 29 och
658 658 161 29 utveckla
846 659 76 29 sina
947 660 232 31 förbindelser
1204 664 78 29 med
1309 665 345 31 medlemsstaternas
1680 664 114 48 parla-

290 698 113 33 ment;

333 747 75 20 som
429 748 102 21 anser
551 742 50 27 att
622 750 42 20 en
684 742 224 41 tillämpning
928 753 42 22 av
990 746 115 29 denna
1126 748 115 29 metod
1262 748 157 35 innebär,
1440 752 50 27 att
1513 750 280 32 förbindelserna

290 780 91 29 skall
398 790 82 20 vara
497 783 188 38 organiska
701 785 65 29 och
783 782 240 47 permanenta,

334 822 155 30 beslutar
510 824 172 40 följande:

336 865 27 29 1.
390 866 51 28 En
459 870 207 35 permanent
684 869 230 41 arbetsgrupp
934 872 88 29 skall
1042 873 163 30 tillsättas
1224 875 78 30 med
1321 876 131 29 allmän
1472 878 138 38 uppgift
1629 880 49 28 att
1697 879 94 30 hålla

288 907 346 32 medlemsstaternas
650 911 198 39 parlament
864 913 10 28 i
891 914 85 29 nära
992 915 149 29 kontakt
1158 917 78 29 med
1253 917 212 39 rådgivande
1483 919 261 41 församlingen.

333 949 30 29 2.
388 950 122 30 Denna
532 951 230 42 arbetsgrupp
784 954 89 29 skall
895 955 96 30 bestå
1012 966 43 19 av
1079 957 56 39 sju
1158 959 229 30 medlemmar
1409 962 147 29 utsedda
1579 972 42 20 av
1643 963 148 30 försam-

287 990 137 40 lingens
440 993 203 38 presidium.
661 995 284 41 Arbetsgruppen
962 999 88 29 skall
1066 1000 94 39 välja
1176 1001 222 31 ordförande.
1416 1003 75 29 Den
1508 1004 89 29 skall
1614 1014 175 21 samman-

288 1034 101 29 träda
409 1034 37 29 så
465 1035 73 29 ofta
557 1036 66 29 den
643 1046 102 20 anser
764 1039 57 29 det
840 1040 178 30 önskvärt.

331 1075 29 30 3.
387 1076 279 39 Arbetsgruppen
686 1080 87 29 skall
793 1081 106 30 bland
918 1082 40 30 de
976 1085 108 27 texter
1104 1094 71 20 som
1196 1086 148 36 antagits
1365 1097 41 19 av
1428 1087 248 38 församlingen
1695 1091 93 36 välja

286 1119 39 27 ut
348 1118 95 30 vissa
467 1119 54 30 för
546 1120 119 30 vidare
690 1121 191 31 befordran
907 1125 51 28 till
985 1126 345 32 medlemsstaternas
1356 1130 207 38 parlament.
1590 1132 70 29 Där
1687 1132 37 30 så
1749 1134 39 28 är

285 1160 225 40 nödvändigt,
533 1162 89 30 skall
645 1164 277 41 arbetsgruppen
945 1169 127 37 avgöra
1094 1169 94 29 vilka
1210 1169 125 41 belopp
1361 1181 75 19 som
1459 1173 176 30 erfordras
1660 1175 54 29 för
1737 1177 49 27 att

284 1202 185 35 översätta,
490 1205 123 38 trycka
632 1206 64 29 och
717 1207 211 31 distribuera
949 1210 40 29 de
1013 1210 148 30 sålunda
1182 1213 142 29 utvalda
1345 1215 167 29 texterna.

328 1244 30 29 4.
385 1245 284 42 Arbetsgruppen
691 1249 88 29 skall
801 1250 98 40 varje
921 1251 38 29 år
979 1261 39 31 ge
1039 1253 253 40 församlingen
1313 1264 44 20 en
1378 1257 131 29 allmän
1530 1259 152 29 översikt
1705 1261 82 28 över

284 1287 65 29 vad
369 1288 344 32 medlemsstaternas
731 1292 198 39 parlament
948 1294 163 40 företagit
1130 1296 51 39 sig
1200 1298 78 28 med
1297 1298 189 40 anledning
1504 1309 43 21 av
1565 1301 221 40 församling-

283 1338 62 20 ens
370 1329 124 31 beslut.

327 1371 29 29 3.
383 1372 98 29 Efter
499 1373 270 41 församlingens
790 1378 117 28 möten
927 1379 87 29 skall
1033 1380 276 41 arbetsgruppen
1330 1383 90 30 bistå
1441 1385 343 31 medlemsstaternas

282 1413 235 39 delegationer
540 1416 83 29 eller
646 1418 41 29 de
709 1419 161 30 enskilda
895 1422 275 30 medlemmarna
1193 1433 42 19 av
1258 1425 101 29 dessa
1383 1426 234 38 delegationer
1641 1430 77 28 med
1743 1430 40 28 de

279 1455 161 40 åtgärder
465 1459 39 28 de
528 1459 57 30 må
609 1461 110 29 önska
740 1462 141 39 vidtaga
905 1463 10 29 i
939 1464 90 38 syfte
1053 1467 49 28 att
1127 1466 216 31 underställa
1367 1469 194 39 respektive
1585 1472 196 38 parlament

281 1498 193 30 resultaten
495 1509 42 20 av
558 1500 271 42 församlingens
852 1504 126 30 arbete.

325 1540 30 29 6.
381 1541 283 41 Arbetsgruppen
689 1545 88 29 skall
803 1548 164 37 upprätta
991 1549 68 28 alla
1083 1549 228 40 erforderliga
1336 1552 197 35 kontakter,
1559 1554 10 29 i
1594 1556 188 37 synnerhet

277 1584 78 29 med
377 1584 258 32 ordförandena
656 1587 11 29 i
688 1588 40 29 de
749 1589 166 38 politiska
935 1598 210 32 grupperna,
1167 1594 199 31 utskottens
1389 1596 210 31 ordförande
1617 1599 64 28 och
1702 1608 78 30 rTap-

276 1626 158 38 portörer
458 1630 90 27 samt
571 1628 215 32 företrädare
811 1631 54 30 för
889 1632 64 29 och
978 1634 241 31 sekreterarna
1243 1636 10 29 i
1277 1638 345 32 medlemsstaternas
1646 1641 134 40 delega-

277 1667 121 30 tioner.

325 1709 28 29 7.
380 1709 43 30 Så
443 1713 96 27 snart
559 1712 276 41 arbetsgruppen
856 1715 115 30 finner
991 1718 56 28 det
1068 1718 169 39 lämpligt,
1261 1720 88 29 skall
1371 1722 67 28 den
1460 1731 82 30 avge
1564 1727 142 36 rapport
1729 1725 50 29 till

278 1751 253 40 församlingen
554 1763 58 20 om
634 1755 10 28 i
667 1756 117 29 vilken
809 1759 244 39 utsträckning
1077 1761 41 29 de
1144 1763 155 28 meloder
1323 1773 74 20 som
1423 1764 184 31 fastställts
1632 1767 9 28 i
1665 1768 115 28 denna

277 1794 191 29 resolution
494 1795 89 30 visat
609 1797 51 39 sig
685 1798 99 39 tjäna
810 1800 60 29 sitt
895 1800 89 39 syfte
1010 1804 90 27 samt
1125 1803 194 40 framlägga
1345 1806 41 29 de
1410 1807 200 39 ytterligare
1637 1809 141 39 förslag,

276 1843 75 21 som
375 1836 56 30 må
452 1837 46 29 bli
519 1837 191 41 behövliga.

886 1968 200 31 Resolution
1108 1972 58 28 107

377 2048 55 19 om
453 2039 158 35 åtgärder
628 2042 56 29 för
701 2045 48 28 att
769 2044 143 29 utverka
931 2047 47 27 att
998 2045 163 36 politiska
1180 2048 122 36 fångar
1322 2050 10 29 i
1352 2049 190 38 Östeuropa
1562 2053 105 36 friges

312 2120 272 39 Församlingen,

316 2171 76 21 som
412 2164 134 29 erinrar
567 2174 58 19 om
645 2168 50 27 att
718 2167 66 29 den
807 2168 178 31 allmänna
1006 2171 265 32 deklarationen
1293 2184 57 19 om
1372 2176 41 30 de
1435 2178 196 39 mänskliga
1654 2181 118 37 rättig-

270 2204 147 30 heterna
434 2206 10 28 i
461 2206 125 29 artikel
604 2207 18 30 3
641 2208 213 31 föreskriver
870 2213 50 27 att
939 2221 80 20 »var
1036 2214 65 28 och
1119 2223 42 20 en
1178 2215 64 29 har
1259 2217 69 29 rätt
1347 2218 50 29 till
1417 2219 54 35 liv,
1491 2219 106 31 frihet
1615 2222 64 28 och
1696 2218 75 48 per-

270 2247 113 39 sonlig
401 2248 181 30 säkerhet»
603 2250 64 29 och
684 2252 10 28 i
713 2252 125 30 artikel
858 2254 18 29 2
896 2254 191 31 fastställer
1105 2258 50 28 att
1175 2267 58 19 var
1251 2259 64 28 och
1334 2268 42 20 en
1395 2260 156 37 åtnjuter
1570 2264 114 28 denna
1703 2266 67 28 rät-

268 2288 110 39 lighet
399 2292 104 28 »utan
523 2291 189 32 åtskillnad
735 2303 42 20 av
796 2295 105 39 något
921 2297 72 39 slag
1012 2300 209 38 exempelvis
1241 2319 43 3 —
1302 2320 44 3 —
1364 2320 44 3 —
1427 2304 44 38 på
1491 2306 113 37 grund
1624 2315 41 21 av
1685 2307 85 39 poli-

268 2331 94 29 tiska
382 2333 82 29 eller
484 2335 109 29 andra
614 2335 167 37 åsikter»;

313 2383 76 20 som
416 2376 118 29 vidare
561 2376 141 32 beaktat
730 2381 49 27 att
809 2381 125 29 artikel
962 2383 18 29 9
1009 2383 9 28 i
1049 2384 66 29 den
1143 2385 178 30 allmänna
1349 2388 266 31 deklarationen
1642 2401 57 19 om
1727 2392 41 29 de

266 2417 198 39 mänskliga
487 2419 251 39 rättigheterna
761 2422 211 31 föreskriver
995 2427 50 27 att
1070 2426 123 39 >ingen
1217 2428 89 29 skall
1331 2430 214 40 godtyckligt
1567 2435 199 32 arresteras,

267 2457 111 33 hållas
399 2460 9 29 i
428 2460 117 31 förvar
564 2462 82 31 eller
666 2463 272 33 landsförvisas»>
961 2467 64 29 och
1046 2469 50 28 att
1116 2470 124 28 artikel
1264 2471 38 29 10
1323 2472 187 39 stipulerar
1530 2475 48 28 att
1602 2484 80 20 >var
1703 2477 62 29 och
