2215 2671
733 197 226 30 Statsutskottets
989 196 152 29 Utlåtande
1164 195 56 29 N:o
1244 195 49 29 87.
1794 194 17 28 5

200 279 114 38 redan
355 278 40 37 år
436 279 93 35 1901
571 276 141 36 influtit
738 275 85 37 med
852 277 155 44 410,853
1037 274 148 43 kronor,
1214 272 133 46 ansåge
1374 272 275 45 statskontoret,
1676 276 56 31 att
1757 270 54 46 de,

201 331 84 37 med
311 331 146 47 hänsyn
483 330 59 35 till
570 327 248 38 omförmälda
845 325 348 49 stegringstendens,
1222 324 125 36 kunde
1374 323 41 36 år
1446 326 92 34 1903
1559 324 182 35 beräknas
1759 324 53 35 in-

200 384 91 47 flyta
317 381 87 37 med
431 382 160 45 400,000
620 381 148 43 kronor,
795 379 60 35 till
881 378 142 36 hvilket
1050 377 135 47 belopp
1215 376 103 36 dessa
1345 375 120 36 medel
1492 374 108 37 äfven
1627 374 124 37 blifvit
1774 373 41 37 af

201 434 134 47 Kongl.
363 432 104 48 Maj:t
493 436 207 43 upptagna;
729 430 68 36 och
824 430 68 35 har
918 430 181 34 utskottet
1125 428 81 36 icke
1228 426 115 49 något
1361 431 54 31 att
1434 427 121 36 erinra
1575 432 99 30 emot
1693 425 120 37 denna

201 485 216 45 beräkning.

304 536 87 48 Fyr-
418 535 60 36 och
506 534 189 36 båkmedel.
750 532 17 36 1
794 531 107 48 fråga
928 544 60 22 om
1016 530 271 36 inkomsttiteln
1307 528 79 49 fyr-
1413 528 60 36 och
1502 527 192 45 bdäkmedel,
1722 527 92 37 hvil-

201 590 74 35 ken
302 588 12 35 i
341 587 197 36 riksstaten
565 584 59 37 för
651 584 40 36 år
721 585 93 35 1902
845 590 40 28 är
911 587 192 43 upptagen
1129 581 59 36 till
1218 581 191 45 1,500,000
1437 579 149 45 kronor,
1600 579 96 35 hade
1711 583 102 31 stats-

202 641 174 35 kontoret
414 637 201 46 föreslagit,
657 641 54 30 att
749 634 252 46 beräkningen
1041 632 58 37 för
1135 632 40 36 år
1205 634 93 34 1903
1328 630 114 36 måtte
1469 631 104 47 höjas
1601 631 58 35 till
1686 629 128 36 åtmin-

202 697 107 30 stone
341 691 188 43 1,600,000
557 689 148 35 kronor.
759 685 125 37 Ovisst
916 684 125 37 kunde
1069 683 203 37 emellertid
1300 695 99 31 vara,
1429 695 60 22 om
1517 681 70 36 den
1615 681 47 46 på
1689 693 127 24 senare

203 742 96 36 tider
325 740 174 37 inträdda
527 739 210 46 stegringen
771 736 40 37 af
835 736 72 46 fyr-
936 736 69 36 och
1032 735 223 37 båkmedlen
1282 734 149 35 komme
1458 737 55 31 att
1540 732 177 45 fortvara,
1746 733 69 35 och

203 794 88 36 ville
331 790 270 49 föredragande
641 787 402 49 departementschefen
1084 785 131 45 derför,
1258 784 92 37 efter
1382 784 147 36 samråd
1562 784 85 36 med
1685 782 129 38 chefen

205 844 59 36 för
305 842 521 48 sjöförsvarsdepartementet,
868 839 205 43 hermställa,
1114 842 54 31 att
1209 836 72 48 fyr-
1323 836 68 35 och
1419 835 222 36 båkmedlen
1668 834 149 37 äfven
1797 830 24 64 i

205 896 198 36 riksstaten
443 893 58 36 för
542 892 39 37 år
624 893 93 36 1903
746 890 115 37 måtte
888 895 181 43 upptagas
1098 888 83 36 med
1212 889 193 44 1,500,000
1432 887 153 44 kronor;
1614 886 68 36 och
1710 898 106 24 anser

206 948 55 45 sig
288 947 182 35 utskottet
498 945 91 35 böra
616 942 145 38 biträda
789 942 122 36 denna
936 940 230 37 hemställan.

312 996 306 49 Telegrafmedlen
646 1007 89 23 vore
762 994 115 45 enligt
904 992 99 36 hvad
1030 993 12 34 i
1069 989 403 49 statsrådsprotokollet
1500 988 316 37 meddelas
1693 984 17 65 i
1729 988 87 37 riks-

206 1054 120 31 staten
353 1047 59 37 för
440 1047 40 36 år
510 1048 93 35 1902
632 1050 192 42 upptagna
851 1044 83 36 med
969 1044 193 44 1,610,000
1190 1042 140 35 kronor
1358 1040 67 36 och
1451 1040 96 36 hade
1575 1038 41 37 af
1639 1039 178 36 statskon-

206 1106 107 39 toret,
340 1099 47 49 på
415 1098 122 48 grund
566 1097 39 36 af
629 1096 146 47 uppgift
801 1094 82 37 från
911 1093 344 49 telegrafstyrelsen,
1282 1091 58 37 för
1368 1091 40 36 år
1439 1094 92 34 1903
1551 1091 189 46 upptagits
1759 1090 59 36 till

207 1165 141 23 samma
388 1151 146 46 belopp.
586 1145 416 50 Departementschefen
1042 1145 67 36 har
1148 1143 131 37 härvid
1312 1143 147 44 erinrat,
1487 1147 55 31 att
1569 1142 71 36 den
1667 1142 151 45 komité,

207 1216 80 23 som
315 1201 124 38 blifvit
466 1200 40 36 af
530 1200 135 48 Kongl.
692 1199 101 47 Maj:t
819 1199 132 35 tillsatt
977 1196 58 37 för
1062 1195 244 37 utarbetande
1334 1193 40 37 af
1398 1193 139 47 förslag
1563 1194 60 35 till
1649 1206 75 32 nya
1750 1197 69 32 star

207 1260 56 31 ter
289 1253 58 37 för
385 1257 98 43 post-
511 1252 68 36 och
605 1250 306 48 telegrafverken,
939 1249 54 35 uti
1021 1248 62 36 sitt
1110 1247 70 36 den
1209 1249 44 34 31
1284 1246 156 36 oktober
1470 1247 89 34 1901
1594 1243 140 47 afgifna
1760 1245 59 36 be-

208 1305 187 36 tänkande
436 1304 77 35 dels
553 1302 186 36 framstält
775 1300 140 47 förslag
943 1313 60 23 om
1029 1297 333 38 telefonväsendets
1391 1296 258 37 öfverförande
1677 1295 20 36 å
1724 1295 96 36 ordi-

209 1357 102 36 narie
339 1361 83 39 stat,
451 1367 211 35 gemensam
689 1352 59 37 för
774 1351 168 47 telegraf-
970 1351 67 36 och
1064 1348 326 39 telefonväsendet,
1420 1348 77 36 dels
1526 1348 76 44 ock,
1630 1346 119 37 under
1768 1360 52 23 er-

208 1409 110 35 inran
359 1412 53 31 att
451 1406 84 36 med
575 1403 333 38 telefonväsendets
945 1401 258 38 öfverförande
1231 1400 20 36 å
1279 1400 183 36 ordinarie
1492 1404 73 31 stat
1590 1397 230 47 telegrafsty-

210 1460 137 36 relsens
377 1458 115 48 årliga
519 1455 233 47 statsförslag
780 1456 148 35 komme
955 1459 54 30 att
1035 1452 57 37 för
1119 1451 201 37 framtiden
1346 1456 167 43 upptaga
1531 1449 220 47 fullständig
1769 1450 52 35 in-

211 1509 340 45 komstberäkning,
592 1506 230 37 omfattande
861 1505 95 36 både
995 1503 169 47 telegraf-
1204 1503 68 36 och
1299 1501 269 46 telefonmedel,
1597 1501 115 46 enligt
1737 1500 83 36 från

213 1560 335 48 telegrafstyrelsen
588 1558 149 37 lemnad
777 1556 158 48 uppgift,
978 1556 164 48 uppstält
1174 1554 165 48 följande
1366 1553 370 45 inkomstberäkning
1763 1551 59 36 för

213 1613 40 36 år
283 1615 111 34 1903:

314 1672 204 35 inkomster
546 1668 40 37 af
611 1667 277 48 telegrafmedel
918 1698 192 5 ........,,
1129 1698 38 4 ..
1196 1697 139 4 -....
1376 1665 139 35 kronor
1545 1664 201 45 1,800,000:
1774 1682 48 4 —

420 1736 12 15 »
555 1735 12 16 >»
612 1719 294 38 telefonmedel...
924 1749 182 6 .massnsvon
1125 1749 71 4 nes
1216 1747 126 6 een
1428 1730 12 14 2
1541 1717 204 42 4,700,000:
1774 1733 48 4 —-

1078 1778 88 35 eller
1193 1777 158 45 tillhopa
1378 1776 138 35 kronor
1545 1775 202 45 6,500,000:
1776 1792 46 5 —

317 1865 353 49 Telegrafstyrelsen
710 1863 94 37 hade
831 1865 12 35 i
871 1862 190 38 utlåtande
1101 1861 71 37 den
1211 1865 43 33 28
1285 1860 191 37 december
1507 1862 92 34 1901
1630 1857 104 38 öfver
1761 1859 63 35 ko-

214 1919 136 36 miténs
377 1917 139 46 förslag
542 1917 80 35 icke
649 1915 81 37 haft
756 1915 114 48 något
898 1920 53 31 att
979 1915 121 36 erinra
1129 1913 60 37 vid
1223 1913 121 36 denna
1370 1911 369 47 inkomstberäkning
1765 1909 59 36 för

217 1970 40 36 är
287 1972 106 34 1903.

318 2020 260 47 Anledningen
620 2018 132 45 dertill,
781 2022 62 41 att,
871 2016 98 38 hvad
996 2015 302 49 telegrafmedlen
1325 2015 13 35 i
1365 2014 194 36 inskränkt
1586 2012 150 46 mening
1763 2025 60 22 an-

217 2073 119 46 ginge,
378 2072 252 36 inkomsterna
666 2070 197 36 beräknats
891 2069 113 45 högre
1032 2075 46 28 än
1104 2065 356 50 telegrafstyrelsens
1487 2063 221 47 föregående
1735 2076 89 35 upp-

218 2123 70 47 gift
327 2124 58 35 till
424 2123 263 36 statskontoret
726 2133 88 24 vore
850 2120 70 35 den
948 2125 62 38 att,
1039 2118 45 36 då
1111 2117 302 48 telegrafmedlen
1441 2116 118 35 skulle
1586 2114 239 36 sammanslås

216 2175 86 36 med
328 2173 289 37 telefonmedlen
643 2173 58 35 till
730 2177 51 31 ett
800 2175 227 42 gemensamt
1046 2169 309 47 inkomstbelopp,
1371 2166 312 47 telegrafmedlen,
1698 2166 128 36 hvilka

217 2225 174 49 utgjorde
432 2225 71 35 den
543 2224 143 35 mindre
727 2223 106 36 delen
862 2221 40 36 af
926 2221 340 47 inkomstbeloppet
1288 2220 12 35 i
1328 2219 61 36 det
1416 2219 91 43 hela,
1535 2222 136 32 ansetts
1698 2218 128 35 kunna

218 2282 184 42 upptagas
441 2275 83 37 med
565 2275 145 36 mindre
749 2274 306 45 säkerhetsgräns,
1096 2279 46 28 än
1184 2271 45 36 då
1257 2270 44 37 de
1328 2270 121 36 skolat
1475 2269 180 37 beräknas
1683 2273 143 32 ensamt
