2221 2643
729 216 254 32 Statsutskottets
1013 214 172 33 Utlåtande
1209 214 53 31 Nr
1284 217 29 28 35.
1743 213 41 30 30

332 304 63 36 vid
418 304 119 49 punkt
565 304 83 36 16:0
678 302 207 50 (angående
914 301 295 50 nyanskaffning
1237 301 40 36 af
1302 298 456 51 krigsfartygsmateriel):

330 357 41 36 af
407 357 128 37 herrar
572 357 40 36 F.
655 356 106 49 Berg,
799 356 40 35 F.
877 355 47 36 W.
959 355 187 46 Thorsson,
1176 355 44 35 K.
1251 354 183 47 Starbäck,
1463 354 37 35 J.
1531 353 117 37 Ström
1677 352 70 37 och
1775 354 48 34 A.

229 410 201 46 Ifvarsson,
485 422 81 23 som
610 414 132 41 ansett,
782 413 52 30 att
871 407 202 36 utskottets
1116 406 174 48 yttrande
1328 406 67 35 och
1434 405 143 48 förslag
1603 405 84 36 bort
1715 404 112 36 hafva

231 461 166 49 följande
424 460 160 50 lydelse:

330 514 73 35 »Af
441 513 62 37 det
544 512 139 37 äskade
724 512 173 48 anslaget
938 511 78 36 afse
1046 512 163 46 643,000
1238 510 141 36 kronor
1407 509 278 37 fullbordandet
1714 508 40 36 af
1779 521 47 24 en

228 566 116 36 redan
380 565 172 37 beslutad
584 565 133 49 jagare
746 564 70 36 och
845 564 202 47 2,550,000
1075 563 140 36 kronor
1244 562 100 49 öfrig
1372 561 40 36 af
1439 563 96 35 1909
1567 564 60 33 års
1655 560 173 49 Riksdag

230 618 171 37 beslutad
430 616 439 50 krigsfartygsmateriel.
928 615 14 36 I
971 615 175 36 afseende
1175 618 20 33 å
1224 615 61 36 det
1314 627 130 23 senare
1473 614 171 48 anslaget
1663 613 68 36 har
1750 626 77 22 ma-

229 670 346 49 rinförvaltningen
604 673 122 32 ansett
755 682 46 22 en
829 681 145 23 samma
1003 667 40 36 af
1070 668 201 47 1,800,000
1300 667 139 35 kronor
1466 666 58 36 för
1552 668 39 34 år
1622 667 96 34 1911
1753 665 74 36 till-

229 723 157 49 räcklig,
417 723 70 35 och
514 722 122 36 finner
663 721 197 46 utskottet,
890 733 80 23 som
991 720 102 36 delar
1112 720 121 36 denna
1252 718 259 50 uppfattning,
1534 717 170 50 anslaget
1724 717 103 49 förty

230 776 129 35 kunna
387 774 190 37 nedsättas
607 774 84 36 med
721 774 162 46 750,000
912 773 151 36 kronor.

334 827 193 37 Utskottet
556 826 227 47 hemställer,

734 933 54 32 att
824 928 216 49 Riksdagen
1077 930 61 33 må
1175 927 55 36 till
1259 926 295 50 nyanskaffning
1581 926 41 36 af
1646 925 182 49 krigsfar-

632 981 258 49 tygsmateriel
918 980 137 49 bevilja
1084 982 48 47 på
1160 985 105 31 extra
1294 984 74 31 stat
1396 979 59 36 för
1485 981 40 33 år
1556 979 94 34 1911
1682 983 53 30 ett
1764 991 64 22 an-

632 1035 84 47 slag
745 1033 40 36 af
810 1034 202 47 2,443,000
1042 1032 173 36 kronor.»

334 1139 63 35 vid
433 1139 117 48 punkt
591 1139 92 46 19:0,
725 1151 103 23 mom.
874 1138 57 35 2:o
979 1136 209 49 (angående
1219 1135 242 48 anskaffning
1490 1135 40 35 af
1554 1134 175 49 torpeder
1757 1134 70 36 och

233 1190 333 50 torpedmateriel):

336 1244 41 35 af
414 1243 128 36 herrar
582 1243 41 36 F.
663 1243 46 35 IV.
744 1243 176 35 Thorsson
949 1241 70 36 och
1047 1242 44 34 K.
1130 1241 39 37 V.
1218 1241 121 47 Rydén,
1368 1239 128 36 hvilka
1525 1243 133 37 ansett,
1689 1243 53 31 att
1770 1244 59 30 ut-

233 1296 160 36 skottets
421 1295 177 48 yttrande
627 1294 69 36 och
725 1293 144 49 förslag
895 1293 12 35 i
936 1292 122 37 denna
1087 1292 58 36 del
1172 1292 84 36 bort
1284 1292 113 36 hafva
1424 1290 166 50 följande
1617 1290 157 49 lydelse:

337 1347 258 36 »Beträffande
636 1347 135 48 frågan
800 1359 59 23 om
887 1345 248 48 anskaffning
1164 1344 40 36 af
1228 1344 172 49 torpeder
1428 1344 70 35 och
1526 1342 303 50 torpedmateriel

234 1400 66 36 vill
342 1400 184 36 utskottet
554 1399 57 36 till
639 1412 46 22 en
714 1398 133 48 början
877 1398 124 36 erinra
1030 1397 140 47 därom,
1201 1402 53 30 att
1285 1398 96 34 1907
1413 1398 56 33 års
1498 1395 168 48 Riksdag
1696 1395 133 47 anslog

234 1457 54 32 ett
316 1452 136 49 belopp
483 1452 40 36 af
549 1451 163 47 300,000
733 1450 139 36 kronor
895 1449 58 37 för
972 1448 288 49 ifrågavarande
1281 1448 182 37 ändamål.
1518 1447 311 48 Anskaffningen

234 1504 41 36 af
311 1503 304 50 reservtorpeder
656 1502 232 37 beräknades
922 1505 39 33 år
992 1503 94 35 1907
1119 1502 41 35 af
1183 1500 406 49 marinförvaltningen
1617 1500 91 36 böra
1736 1502 92 46 utgå

235 1557 85 35 med
352 1559 45 34 10
427 1561 156 43 procent
617 1555 40 36 af
681 1555 72 36 den
782 1555 117 48 enligt
928 1554 471 48 utredningsreglementet
1427 1552 248 48 erforderliga
1702 1552 127 35 utred-

235 1609 152 48 ningen.
443 1607 55 37 Då
540 1607 72 37 den
653 1621 50 22 nu
745 1606 209 49 framlagda
981 1606 138 49 planen
1146 1608 113 46 utgår
1286 1605 83 37 från
1397 1618 46 23 en
1471 1603 358 49 beräkningsgrund

236 1661 40 36 af
302 1662 46 35 25
377 1666 155 44 procent
573 1659 444 49 reservtorpedmateriel,
1048 1671 111 36 synes
1188 1658 122 36 denna
1339 1658 173 48 stegring
1540 1669 89 23 vara
1658 1656 172 36 anmärk-

235 1713 228 48 ningsvärdt
491 1713 90 47 hög,
611 1712 69 36 och
708 1711 107 36 torde
844 1711 170 48 anslaget
1044 1710 126 36 därför
1198 1711 30 48 ej
1265 1710 92 36 böra
1388 1710 228 36 bestämmas
1643 1709 119 48 högre
1782 1713 48 31 än

235 1766 58 35 till
323 1766 163 47 300,000
525 1765 150 36 kronor.
731 1763 58 36 Då
822 1763 122 36 därtill
971 1763 179 46 kommer,
1181 1767 52 31 att
1263 1762 45 36 de
1336 1761 244 49 erforderliga
1608 1760 222 50 torpederna

235 1817 107 36 torde
372 1817 90 36 böra
489 1816 191 37 tillverkas
708 1816 63 36 vid
801 1815 72 37 den
899 1815 325 49 torpedverkstad,
1255 1814 58 36 för
1340 1814 113 36 hvars
1473 1813 237 49 uppförande
1732 1814 97 35 1908

236 1873 59 33 års
324 1869 172 49 Riksdag
524 1869 154 49 beviljat
707 1867 131 48 medel,
868 1881 84 23 men
981 1868 120 35 ovisst
1129 1867 107 36 torde
1264 1880 102 33 vara,
1399 1867 12 36 i
1439 1865 99 36 hvad
1565 1865 266 49 utsträckning

237 1935 46 23 en
326 1921 104 49 dylik
470 1921 248 48 tillverkning
759 1919 119 37 skulle
906 1919 119 36 under
1054 1927 39 28 år
1125 1921 93 34 1911
1249 1919 128 35 kunna
1405 1918 65 37 ske
1502 1917 60 37 vid
1589 1917 240 47 verkstaden,

237 1987 82 23 som
361 1979 102 30 ännu
507 1973 82 36 icke
626 1978 40 30 är
703 1972 135 49 färdig,
868 1972 68 36 har
963 1971 185 36 utskottet
1177 1976 122 31 ansett
1328 1971 62 36 det
1418 1970 135 49 belopp
1584 1969 40 36 af
1649 1970 181 47 anslaget,

238 2039 83 23 som
362 2026 208 48 lämpligen
610 2025 115 36 borde
766 2024 59 36 för
866 2023 232 37 sistnämnda
1140 2026 40 33 år
1212 2023 161 44 anvisas,
1401 2022 92 37 böra
1520 2022 228 36 bestämmas
1776 2022 56 35 till

241 2079 136 46 75,000
406 2078 150 36 kronor.

341 2130 196 37 Utskottet
565 2129 217 36 hemställer
810 2128 121 36 alltså:

744 2284 73 48 2:0)
846 2284 57 36 för
930 2284 246 48 anskaffning
1205 2283 40 36 af
1256 2283 175 49 torpeder
1447 2283 68 36 och
1530 2282 305 49 torpedmateriel

638 2337 139 49 bevilja
823 2341 51 32 ett
917 2336 133 49 anslag
1087 2335 39 37 af
1160 2337 163 44 300,000
1365 2335 139 37 kronor
1546 2335 69 37 och
1653 2334 110 37 däraf
1786 2337 48 47 på
