1876 2838
290 136 36 30 16
734 140 305 31 Bankoutskottets
1064 141 177 30 utlåtande
1265 141 49 31 Nr
1344 144 48 29 35.

293 225 152 36 anslaget
462 225 49 29 till
529 224 132 31 diverse
678 225 181 37 pensioner
878 226 65 29 och
962 226 188 29 understöd
1167 236 44 19 m.
1231 236 44 20 m.
1294 225 81 37 utgå
1392 226 100 37 årligt
1509 227 189 30 understöd
1718 227 78 30 med

294 276 62 29 500
379 275 138 35 kronor,
540 278 85 27 utan
647 276 68 29 rätt
738 275 53 30 för
815 275 137 30 Nilsson
974 278 48 27 att
1045 275 85 31 därå
1152 275 136 37 åtnjuta
1312 276 261 37 dyrtidstillägg.

338 360 70 29 Hos
438 359 121 37 Kungl.
589 359 102 37 Maj:t
719 360 63 29 har
808 360 149 29 änkefru
986 360 96 30 Ellen
1113 360 136 30 Nilsson
1278 360 154 36 anhållit,
1464 364 48 27 att
1541 361 123 37 Kungl.
1695 361 101 37 Maj:t

293 409 104 31 måtte
419 411 63 29 hos
503 410 184 36 riksdagen
709 411 144 29 utverka
874 413 47 27 ett
942 410 100 37 årligt
1063 411 190 30 understöd
1275 420 41 21 av
1342 412 93 34 1,000
1457 412 129 29 kronor
1608 411 34 31 åt
1666 412 130 30 hennes

293 461 183 36 omyndige
502 470 61 20 son
591 460 98 30 Sture
717 461 130 29 Harald
875 461 146 35 Nilsson,
1048 461 86 30 född
1160 461 67 30 den
1257 462 14 29 1
1300 461 88 36 april
1418 462 92 35 1917,
1538 462 116 29 vilken
1681 461 115 31 såsom

293 511 71 30 elev
387 511 57 30 vid
469 511 104 36 högre
596 511 178 30 allmänna
797 511 192 30 läroverket
1012 512 10 29 i
1046 511 135 31 Skövde
1206 512 66 29 den
1299 513 38 29 18
1361 521 92 21 mars
1480 513 82 29 1932
1587 511 135 38 ådragit
1746 512 50 37 sig

294 560 107 31 sådan
426 562 118 34 skada,
569 564 49 27 att
641 562 81 34 han,
747 571 74 20 som
844 561 144 37 tidigare
1012 562 87 29 varit
1123 562 98 30 blind
1244 561 45 38 på
1312 563 137 29 vänster
1473 563 73 35 öga,
1573 562 145 30 förlorat
1743 572 52 27 sy-

291 621 66 20 nen
378 611 131 37 jämväl
530 611 20 31 å
571 612 105 36 höger
698 613 74 35 öga.

335 670 49 29 Av
405 671 185 29 verkställd
611 671 184 36 utredning
816 671 9 29 i
847 671 141 29 ärendet
1008 671 185 35 inhämtas,
1215 671 107 30 bland
1343 674 117 32 annat,
1482 675 49 26 att
1553 670 243 37 ifrågakomna

292 713 75 36 dag,
393 712 44 31 då
461 713 97 30 Sture
584 713 137 30 Nilsson
745 713 106 37 jämte
877 714 118 36 övriga
1019 714 110 29 elever
1153 713 11 30 i
1188 714 92 29 klass
1306 711 43 38 3”,
1375 714 85 30 efter
1486 714 55 30 det
1567 714 229 30 skolklockan

291 756 90 36 ringt
405 756 51 29 till
480 756 135 30 lektion.
644 755 192 38 uppehållit
861 756 51 37 sig
936 756 10 29 i
972 756 56 30 sitt
1053 757 174 29 klassrum
1250 756 12 30 i
1287 757 173 29 avvaktan
1486 756 45 37 på
1556 757 153 30 lärarens
1735 766 59 20 an-

291 799 124 34 komst,
439 799 318 35 ordningsmannen
780 798 43 37 på
845 799 240 30 förekommen
1108 799 186 37 anledning
1316 800 79 29 med
1417 799 139 30 handen
1579 799 142 30 knuffat
1745 799 50 30 till

293 841 136 30 Nilsson
446 842 66 29 och
529 841 151 30 tillhållit
698 842 129 29 honom
845 844 49 27 att
912 842 79 29 sitta
1009 842 89 29 stilla
1117 842 9 29 i
1145 842 149 35 bänken,
1313 845 49 27 att
1380 841 319 36 ordningsmannen
1718 842 78 29 kort

292 884 149 30 därefter
459 883 89 37 ånyo
567 885 146 35 nödgats
732 893 151 21 anmana
904 884 135 30 Nilsson
1058 887 49 27 att
1127 883 151 31 förhålla
1298 884 49 37 sig
1366 884 192 37 ordentligt,
1578 888 49 26 att
1648 885 147 34 Nilsson,

292 936 74 20 som
385 926 164 30 förefallit
568 927 91 29 hava
677 927 97 30 blivit
792 927 164 36 förargad
974 928 156 34 häröver,
1149 930 68 27 rest
1237 927 49 37 sig
1305 936 71 28 upp
1395 927 50 29 till
1465 936 101 28 synes
1585 927 11 29 i
1615 927 112 30 avsikt
1747 930 48 27 att

291 968 50 31 slå
365 969 51 30 till
440 969 329 37 ordningsmannen,
794 973 49 27 att
868 970 111 30 denne
1005 969 44 31 då
1075 969 124 31 måttat
1224 972 46 27 ett
1296 970 72 36 slag
1394 970 79 29 med
1499 970 199 36 pekpinnen
1724 972 72 28 mot

293 1012 146 35 Nilsson,
461 1012 103 36 enligt
583 1012 337 36 ordningsmannens
940 1020 84 29 egen
1044 1012 138 37 uppgift
1203 1015 71 27 mot
1296 1012 154 30 Nilssons
1471 1012 108 36 högra
1599 1013 85 35 axel,
1707 1015 89 27 samt

291 1058 48 26 att
357 1057 135 34 spetsen
510 1064 42 20 av
570 1055 209 36 pekpinnen,
798 1054 164 37 möjligen
979 1055 50 30 till
1048 1054 89 37 följd
1155 1064 43 20 av
1217 1064 42 21 en
1279 1055 153 30 Nilssons
1452 1062 84 29 egen
1555 1055 136 35 rörelse,
1711 1055 84 29 träf-

291 1097 51 30 fat
362 1098 130 38 honom
512 1097 95 30 invid
628 1098 108 36 högra
757 1099 78 35 ögat
855 1098 79 30 med
955 1097 145 37 påföljd,
1123 1100 49 27 att
1193 1098 70 29 han
1285 1097 107 37 några
1414 1098 106 36 dagar
1542 1097 151 30 därefter
1715 1097 80 30 mist

292 1149 107 27 synen
420 1139 20 31 å
462 1149 132 21 samma
617 1141 74 35 Öga.

335 1200 125 30 Vidare
484 1200 174 30 inhämtas
682 1209 42 20 av
747 1200 264 36 handlingarna,
1036 1203 49 27 att
1109 1199 95 31 såväl
1229 1200 97 30 Sture
1352 1200 136 30 Nilsson
1512 1209 74 21 som
1610 1200 88 29 hans
1723 1209 71 20 mo-

291 1251 59 29 der
378 1252 60 28 äro
467 1251 186 30 medellösa
682 1253 89 28 samt
800 1254 49 26 att
880 1251 136 29 Nilsson
1045 1260 146 20 numera
1221 1252 38 28 är
1288 1251 73 29 elev
1390 1251 56 29 vid
1477 1250 268 30 blindinstitutet
1775 1249 20 31 å

293 1301 222 35 Tomteboda,
540 1304 113 27 varest
676 1302 70 29 han
768 1300 152 37 åtnjuter
942 1301 214 30 kostnadsfri
1180 1300 84 31 vård
1286 1300 45 38 på
1354 1304 127 26 statens
1504 1301 203 29 bekostnad.

333 1352 225 36 Inspektören
577 1352 56 37 för
653 1352 388 36 blindundervisningen
1060 1352 64 29 har
1143 1351 10 30 i
1173 1352 159 36 yttrande
1352 1352 9 29 i
1381 1351 140 30 ärendet
1541 1351 126 35 anfört,
1688 1350 107 31 bland

292 1405 116 32 annat,
433 1405 49 27 att
507 1403 154 29 Nilssons
686 1402 195 36 utbildning
905 1402 58 30 vid
985 1402 198 30 blindskola
1208 1411 79 20 vore
1313 1402 9 29 i
1347 1402 56 29 det
1427 1402 174 29 närmaste
1625 1401 169 30 avslutad.

291 1453 137 30 Nilsson
446 1453 138 29 komme
602 1452 44 31 då
664 1455 49 28 att
731 1452 130 31 erhålla
881 1452 366 37 blindhetsersättning
1265 1452 50 31 till
1334 1455 47 27 ett
1399 1453 124 36 belopp
1542 1452 20 30 å
1580 1453 63 29 500
1664 1453 129 29 kronor

291 1513 59 28 per
369 1503 48 31 år.
461 1504 77 30 Men
558 1504 79 30 med
657 1504 41 30 de
718 1504 136 29 blindas
874 1503 196 37 obetydliga
1091 1502 274 37 arbetsförmåga
1386 1504 65 29 och
1472 1502 256 37 svårigheterna
1750 1502 44 36 på

292 1555 332 30 arbetsmarknaden
643 1564 81 20 vore
743 1555 69 29 han
830 1553 31 37 ej
883 1554 9 29 i
911 1553 101 31 stånd
1031 1556 48 27 att
1098 1554 83 29 reda
1200 1553 50 37 sig
1267 1554 78 29 med
1366 1554 92 29 detta
1478 1554 135 35 belopp.
1652 1553 78 30 Med
1749 1555 46 27 ett

291 1606 124 36 belopp
440 1604 20 31 å
485 1606 62 29 500
572 1606 130 29 kronor
726 1606 119 29 utöver
870 1604 410 36 blindhetsersättningen
1305 1603 106 37 jämte
1437 1604 66 29 den
1529 1603 266 30 tillkommande

290 1656 216 36 blygsamma
521 1654 323 38 arbetsförtjänsten
860 1658 115 34 syntes
991 1656 70 28 han
1077 1654 205 37 nödtorftigt
1298 1655 119 29 kunna
1434 1653 92 37 sörja
1544 1654 54 30 för
1615 1654 57 30 sitt
1688 1662 104 28 uppe-

291 1707 89 29 hälle
400 1707 65 29 och
485 1707 204 29 hemställde
708 1706 231 36 inspektören,
960 1709 48 26 att
1029 1705 98 30 Sture
1149 1705 136 30 Nilsson
1306 1704 104 31 måtte
1430 1705 225 29 tillerkännas
1675 1707 46 27 ett
1741 1703 53 31 år-

290 1757 58 36 ligt
365 1758 126 36 belopp
508 1766 42 20 av
568 1757 63 30 500
648 1757 129 29 kronor
794 1757 110 29 under
922 1756 53 30 sin
992 1755 216 31 återstående
1227 1755 124 30 livstid.

332 1808 473 37 Riksförsäkringsanstalten
825 1808 64 28 har
908 1824 45 3 —
971 1807 110 29 under
1100 1807 149 34 erinran,
1271 1809 48 27 att
1343 1806 82 29 1916
1446 1805 55 30 års
1521 1806 56 36 lag
1597 1815 57 20 om
1674 1806 118 30 ersätt-

291 1859 81 36 ning
395 1858 54 30 för
471 1858 184 37 olycksfall
678 1858 9 29 i
710 1858 115 29 arbete
847 1857 75 30 icke
945 1866 80 21 vore
1049 1857 10 29 i
1081 1857 148 30 berörda
1252 1856 61 30 fall
1336 1856 183 37 tillämplig
1539 1874 44 2 —
1605 1856 79 30 med
1708 1856 84 29 hän-

289 1918 63 28 syn
377 1909 50 30 till
454 1909 9 29 i
489 1909 141 29 ärendet
656 1908 234 36 föreliggande
916 1907 293 37 omständigheter
1237 1907 115 30 funnit
1381 1907 83 29 intet
1491 1916 83 20 vara
1602 1909 49 27 att
1678 1906 114 30 erinra

288 1962 81 33 mot,
391 1962 49 27 att
461 1960 55 29 det
536 1959 199 35 understöd,
757 1968 74 20 som
851 1959 116 29 kunde
987 1958 226 30 tillerkännas
1236 1957 97 30 Sture
1357 1957 145 35 Nilsson,
1525 1957 195 30 bestämdes
1741 1956 51 29 till

290 2010 55 30 det
369 2010 136 36 belopp,
531 2019 74 20 som
630 2009 147 37 angivits
801 2018 43 21 av
868 2009 221 36 inspektören
1115 2008 55 30 för
1194 2007 400 37 blindundervisningen,
1621 2007 81 30 eller
1729 2006 63 30 500

291 2061 128 29 kronor
442 2061 54 29 för
518 2059 38 31 år
579 2060 136 30 räknat.

333 2111 332 36 Skolöverstyrelsen
692 2111 63 29 har
782 2109 175 37 åberopat,
986 2112 49 27 att
1062 2109 123 36 Kungl.
1215 2108 101 37 Maj:t
1344 2109 65 29 och
1435 2108 184 36 riksdagen
1647 2107 10 30 i
1685 2106 108 37 några

289 2162 164 29 liknande
479 2161 61 30 fall
565 2170 42 21 av
632 2161 249 36 billighetsskäl
907 2160 99 30 iklätt
1033 2160 49 37 sig
1107 2159 229 30 ekonomiska
1361 2159 231 36 förpliktelser
1621 2160 171 35 gentemot

288 2212 246 30 förutvarande
555 2210 177 38 lärjungar
751 2211 56 30 vid
825 2211 136 36 statliga
980 2210 249 35 läroanstalter,
1250 2210 92 29 vilka
1362 2208 113 31 såsom
1495 2209 110 30 elever
1624 2208 58 30 vid
1702 2208 90 29 vissa

289 2263 237 30 läroanstalter
554 2269 123 29 genom
705 2261 182 37 olycksfall
916 2262 164 29 drabbats
1109 2270 42 20 av
1181 2261 136 34 skador,
1347 2260 225 30 medförande
1600 2259 55 30 för
1685 2259 106 29 fram-

287 2313 92 31 tiden
400 2313 135 30 nedsatt
558 2312 274 37 arbetsförmåga
871 2314 109 36 (prop.
1007 2321 40 20 nr
1076 2307 161 41 181/1928
1262 2311 66 29 och
1357 2305 187 44 116/1935).

332 2365 251 30 Statskontoret
606 2364 65 29 har
695 2363 125 35 anfört,
844 2363 107 30 bland
974 2365 116 32 annat,
1115 2361 169 37 följande:

332 2423 52 31 Då
410 2423 340 36 omständigheterna
775 2422 10 30 i
811 2422 92 30 detta
929 2421 62 30 fall
1016 2430 79 21 vore
1121 2420 218 37 synnerligen
1366 2420 195 35 ömmande,
1588 2418 79 30 ville
1693 2419 99 28 stats-

289 2466 157 31 kontoret
464 2466 73 30 icke
554 2467 163 29 motsätta
734 2465 59 36 sig,
811 2468 48 27 att
876 2464 189 31 understöd
1081 2463 189 37 beviljades
1288 2463 97 30 Sture
1406 2462 145 30 Nilsson.
1586 2461 72 30 Mot
1676 2461 56 29 det
1750 2468 42 21 av
