1876 2838
96 2397 127 26 Utskottal.

267 142 40 31 30
696 149 308 32 Bankoutskottets
1030 152 174 30 utlåtande
1229 153 49 30 Nr
1310 156 48 28 35.

317 231 248 37 Lotsstyrelsen
586 233 64 29 har
672 234 173 30 hemställt
866 244 57 20 om
944 236 195 30 beredande
1161 235 34 31 åt
1216 237 144 31 Werner
1383 247 42 21 av
1446 239 145 36 pension
1614 241 78 29 med
1714 241 63 30 600

272 282 128 30 kronor
416 282 55 30 för
488 282 38 31 år
544 284 65 29 och
628 284 121 30 därvid
767 284 116 31 anfört
900 285 108 31 bland
1025 290 107 26 annat
1150 286 169 37 följande:

315 341 63 30 Det
399 342 126 35 arbete,
547 342 144 31 Werner
712 343 119 36 utfört,
853 344 64 29 har
938 345 88 29 varit
1048 345 212 38 nödvändigt
1283 347 55 29 för
1360 347 338 37 lotsningstjänstens
1722 351 54 29 be-

270 383 120 37 höriga
411 385 169 30 skötande
601 385 56 30 vid
681 385 185 37 Göteborgs
888 387 168 36 lotsplats.
1101 388 55 30 Att
1178 389 232 37 lotsstyrelsen
1433 391 57 29 det
1512 392 118 29 oaktat
1652 392 31 36 ej
1708 391 69 38 gått

269 427 9 29 i
306 426 206 37 författning
538 436 58 21 om
622 428 129 30 hennes
779 429 194 31 avlönande
1000 439 42 21 av
1070 432 196 29 statsmedel
1294 433 64 29 har
1385 434 110 29 berott
1522 433 55 37 på,
1606 437 48 27 att
1682 435 93 30 hem-

269 470 318 36 vägsersättningen
608 470 57 30 vid
687 471 210 36 lotsplatsen,
919 475 86 27 trots
1027 473 180 37 företagna
1230 474 240 38 minskningar
1493 485 42 20 av
1559 477 65 29 den
1647 476 129 37 årligen

268 512 179 29 bestämda
468 513 234 35 procentuella
722 513 247 37 förhöjningen
989 524 43 21 av
1053 516 212 36 densamma,
1288 517 86 30 efter
1394 518 221 31 bestridande
1636 528 43 21 av
1699 520 76 30 där-

267 554 79 30 med
364 555 151 29 avsedda
533 555 140 36 utgifter
692 556 55 30 för
767 556 168 31 lotsarnas
949 567 96 20 resor
1058 559 64 29 och
1136 558 271 38 båthållningen,
1422 569 75 21 som
1512 561 90 36 regel
1615 563 97 29 räckt
1726 562 49 30 till

268 595 130 37 jämväl
420 597 55 38 för
497 598 163 37 avlöning
680 599 50 29 till
752 599 153 30 Werner.
952 600 53 31 Då
1027 601 70 29 hon
1120 601 113 31 städse
1256 602 156 37 fullgjort
1435 603 57 30 sitt
1515 604 159 37 uppdrag
1698 606 77 29 med

269 640 124 29 största
415 640 211 36 plikttrohet,
648 641 114 30 finner
783 643 165 35 styrelsen
970 644 56 29 det
1047 653 83 20 vara
1150 645 176 35 önskvärt,
1349 648 48 27 att
1419 646 145 30 Werner
1588 647 156 31 kommer
1767 648 8 29 i

267 680 206 37 åtnjutande
491 691 42 21 av
551 682 100 37 årligt
669 684 197 36 understöd,
885 685 106 30 sedan
1010 686 72 30 hon
1101 686 162 31 frånträtt
1282 687 57 30 sitt
1357 688 169 37 uppdrag.

314 741 252 32 Statskontoret
586 743 74 35 har,
681 743 79 30 med
781 744 136 37 hänsyn
938 745 51 30 till
1011 746 56 29 det
1088 746 76 36 sätt,
1186 745 108 38 varpå
1315 747 144 31 Werner
1480 749 38 29 är
1539 749 150 30 anställd
1711 750 64 29 och

268 792 159 35 avlönad,
452 792 170 31 förklarat
645 793 50 38 sig
718 803 41 21 av
783 795 216 37 principiella
1023 796 75 30 skäl
1122 796 74 31 icke
1220 797 121 30 kunna
1364 798 135 30 biträda
1525 799 250 37 lotsstyrelsens

270 842 267 38 framställning.

313 894 264 37 Föredragande
599 896 376 38 departementschefen
997 898 65 30 har
1086 899 53 30 för
1158 907 85 28 egen
1265 900 54 30 del
1341 900 114 30 anfört
1477 900 166 37 följande:

313 953 79 31 Med
411 953 137 37 hänsyn
568 954 50 30 till
638 958 49 27 att
707 954 143 32 Werner
870 957 74 30 icke
967 958 88 29 varit
1076 958 110 30 direkt
1208 959 150 30 anställd
1380 960 9 29 i
1410 963 128 27 statens
1558 960 107 36 tjänst
1686 961 89 29 hade

269 996 378 36 departementschefen
665 997 114 31 funnit
798 999 55 30 det
870 999 182 36 tveksamt,
1071 1000 172 31 huruvida
1260 1002 145 35 pension
1422 1012 41 20 av
1482 1003 198 29 statsmedel
1698 1003 75 30 bor-

268 1038 41 30 de
341 1039 141 30 beredas
512 1040 122 29 henne.
677 1041 48 29 Av
756 1042 250 35 lotsstyrelsens
1038 1042 254 38 framställning
1326 1044 218 30 inhämtades
1576 1045 198 34 emellertid,

268 1084 48 26 att
336 1080 160 31 Werners
517 1082 115 30 arbete
652 1083 86 30 varit
756 1084 212 36 nödvändigt
989 1085 54 30 för
1064 1085 337 37 lotsningstjänstens
1422 1087 166 36 behöriga
1609 1087 165 30 skötande

268 1127 89 27 samt
379 1126 48 28 att
449 1124 230 37 anledningen
701 1125 51 30 till
774 1129 49 27 att
845 1127 129 30 hennes
1000 1128 125 30 arvode
1148 1127 75 31 icke
1244 1128 110 36 utgått
1378 1129 111 30 direkt
1512 1138 42 21 av
1578 1129 196 31 statsmedel

267 1175 80 21 vore
370 1170 48 26 att
441 1167 86 29 söka
549 1167 84 35 däri,
660 1171 48 26 att
730 1168 271 36 lotspersonalen
1025 1170 264 31 tillkommande
1311 1171 356 37 hemvägsersättning
1689 1172 83 29 läm-

267 1212 59 26 nat
345 1208 139 37 tillgång
503 1209 51 30 till
572 1211 158 29 arvodets
748 1211 229 30 bestridande.
1009 1212 79 30 Med
1105 1213 136 35 hänsyn
1259 1213 117 30 härtill
1394 1215 65 28 och
1479 1214 43 30 då
1540 1213 232 37 ifrågavaran-

269 1251 40 29 de
340 1252 114 29 arbete
486 1252 88 30 varit
602 1252 160 30 Werners
793 1253 255 37 huvudsakliga
1081 1255 258 36 sysselsättning
1369 1255 107 31 funne
1506 1256 267 36 departements-

267 1293 123 30 chefen
411 1294 124 36 sakligt
555 1295 148 35 befogat,
724 1298 48 26 att
791 1295 145 35 pension
956 1305 42 20 av
1019 1297 195 30 statsmedel
1235 1297 221 31 tillerkändes
1479 1299 123 29 henne.
1647 1298 126 37 Depar-

269 1336 272 31 tementschefen
560 1337 76 30 ville
653 1337 111 30 tillika
782 1337 196 37 framhålla,
997 1341 59 33 att,
1075 1340 82 29 enär
1175 1339 49 30 till
1241 1340 227 35 lotspersonal
1488 1340 55 30 för
1561 1341 215 30 närvarande

269 1378 168 36 utgående
462 1379 355 37 hemvägsersättning
843 1390 79 20 vore
948 1381 127 30 avsedd
1101 1384 48 27 att
1173 1382 172 36 indragas,
1373 1383 66 29 den
1463 1383 54 31 för
1542 1382 144 31 Werner
1711 1383 63 30 till-

267 1421 160 35 lämpade
460 1422 367 36 anställningsformen
858 1422 54 31 för
945 1423 188 31 framtiden
1166 1424 75 30 icke
1273 1424 97 30 torde
1402 1425 119 30 kunna
1555 1425 216 31 förekomma

266 1464 163 29 ävensom
449 1467 49 26 att
515 1483 45 3 —
579 1464 104 36 enligt
704 1465 66 30 vad
791 1465 380 35 departementschefen
1188 1466 173 31 inhämtat
1379 1486 44 3 —
1443 1468 41 30 de
1503 1477 175 27 personer,
1699 1477 74 21 som

266 1505 53 30 för
339 1506 217 30 närvarande
578 1507 11 29 i
611 1507 106 30 likhet
738 1508 79 29 med
838 1506 144 32 Werner
1005 1509 185 29 avlönades
1212 1518 42 20 av
1275 1509 497 37 hemvägsersättningsmedel,

265 1547 158 37 utgjorde
439 1552 49 26 ett
506 1548 98 37 ringa
624 1549 93 30 fåtal.
759 1549 48 30 På
825 1551 111 35 grund
955 1560 42 20 av
1015 1560 48 20 nu
1084 1551 145 30 anförda
1249 1551 242 32 förhållanden
1511 1553 90 30 hade
1620 1553 151 36 departe-

266 1590 237 31 mentschefen
526 1595 110 26 ansett
660 1592 48 36 sig
730 1611 43 3 —
799 1595 81 27 trots
904 1593 42 29 de
968 1593 216 36 principiella
1207 1593 283 37 betänkligheter,
1515 1604 75 21 som
1613 1594 160 31 föranlett

267 1634 245 30 statskontoret
540 1637 49 27 att
617 1635 98 29 ställa
746 1635 48 35 sig
824 1635 184 30 avvisande
1036 1635 51 30 till
1117 1636 160 36 förslaget
1307 1646 56 20 om
1392 1637 146 35 pension
1567 1637 33 30 åt
1629 1636 143 31 Werner

266 1694 42 3 —
337 1676 83 30 böra
451 1676 151 36 förorda,
636 1680 48 26 att
714 1677 127 36 förslag
870 1677 170 30 förelades
1073 1678 182 36 riksdagen
1286 1688 58 20 om
1375 1679 196 36 beviljande
1603 1689 41 20 av
1676 1680 95 36 dylik

264 1718 154 35 pension.
464 1718 194 31 Pensionen
681 1723 113 33 syntes
819 1720 155 36 skäligen
997 1720 84 30 böra
1103 1721 209 30 bestämmas
1335 1721 51 30 till
1409 1722 63 29 504
1496 1722 129 29 kronor
1648 1722 53 31 för
1723 1721 48 31 år.

308 1802 91 31 Från
419 1803 251 36 lotsstyrelsens
694 1804 200 36 kanslibyrå
916 1805 64 29 har
1001 1805 164 30 utskottet
1186 1805 109 30 under
1318 1806 95 30 hand
1434 1806 182 36 inhämtat,
1639 1810 58 35 att,
1720 1811 49 26 så-

264 1854 61 29 vitt
352 1854 55 29 det
432 1854 95 30 inom
554 1854 111 36 byrån
690 1863 79 22 vore
795 1855 136 36 bekant,
961 1865 42 20 en
1030 1856 193 36 anordning
1248 1856 163 31 liknande
1438 1857 65 30 den
1531 1867 75 20 som
1632 1858 137 30 träffats

263 1905 80 29 med
368 1903 143 32 Werner
538 1904 75 30 icke
638 1905 215 30 förekomme
876 1906 57 30 vid
960 1905 113 37 någon
1102 1915 115 21 annan
1243 1907 157 36 lotsplats
1427 1908 44 30 än
1498 1907 196 38 Göteborgs,
1721 1912 49 26 att

265 1955 196 35 visserligen
488 1955 46 36 på
560 1958 48 27 ett
634 1956 80 30 eller
741 1959 105 27 annat
874 1956 96 31 ställe
1000 1957 214 30 förekomme
1241 1961 49 26 att
1317 1959 272 35 lotspersonalen
1617 1969 41 20 av
1685 1968 85 27 egna

264 2005 111 30 medel
397 2024 43 3 —
462 2006 162 36 antingen
647 2006 441 37 hemvägsersättningarna
1109 2008 81 30 eller
1212 2009 109 29 andra
1343 2027 44 4 —
1409 2010 169 30 avlönade
1600 2010 169 36 tillfälliga

264 2056 81 29 eller
367 2059 95 27 extra
483 2056 170 37 biträden,
675 2066 79 21 men
778 2060 48 27 att
850 2057 91 30 detta
965 2058 129 30 skedde
1115 2058 9 30 i
1146 2058 150 37 ytterligt
1320 2059 94 36 ringa
1439 2060 220 36 omfattning,
1682 2063 89 27 samt

263 2109 48 27 att
333 2106 121 36 frågan
476 2116 56 20 om
554 2108 224 30 anordnande
800 2118 41 20 av
863 2107 128 31 telefon
1011 2108 54 31 för
1086 2108 186 32 framtiden
1295 2110 56 30 vid
1372 2110 319 37 båtuppassningen
1713 2111 55 30 vid

265 2156 185 37 Göteborgs
477 2157 157 36 lotsplats
661 2159 95 30 torde
782 2159 141 30 komma
950 2162 49 27 att
1026 2161 90 29 lösas
1141 2160 10 30 i
1181 2162 254 36 sammanhang
1461 2162 79 30 med
1568 2162 66 30 den
1660 2163 108 30 under

264 2208 249 36 lotsstyrelsens
540 2208 210 37 behandling
776 2209 155 36 liggande
960 2210 122 36 frågan
1110 2220 57 21 om
1195 2210 162 37 flyttning
1384 2221 41 21 av
1451 2212 213 31 båthamnen
1692 2212 76 31 från

261 2257 201 37 Långedrag
482 2258 50 29 till
553 2254 243 40 Ängsholmen,
819 2259 121 30 därvid
960 2260 253 37 telefonfrågan
1234 2262 97 29 torde
1352 2262 119 30 kunna
1492 2263 91 30 lösas
1605 2266 84 27 utan
1710 2273 58 20 an-

263 2309 168 30 ställande
457 2318 42 21 av
524 2309 220 31 telefonvakt.

307 2401 78 31 Med
406 2402 137 37 hänsyn
566 2402 52 30 till
641 2403 65 30 vad
730 2404 244 30 statskontoret
999 2404 116 31 anfört
1137 2404 112 31 finner
1272 2406 164 31 utskottet
1459 2407 182 35 tveksamt,
1664 2407 103 29 huru-

262 2452 78 31 vida
365 2453 143 35 pension
535 2462 41 20 av
601 2454 194 30 statsmedel
820 2454 61 30 bör
904 2455 81 36 utgå
1010 2455 10 30 i
1046 2455 225 31 förevarande
1295 2456 70 30 fall.
1413 2457 51 31 Då
1489 2457 189 31 emellertid
1703 2457 63 31 den
