1915 2829
524 168 312 31 Bankoutskottets
856 168 178 30 utlåtande
1052 177 42 21 nr
1112 168 41 30 30
1172 169 38 29 år
1229 168 83 30 1967
1622 169 39 29 21

178 261 61 21 ner
257 261 74 21 som
348 251 181 30 hänvisats
544 251 55 29 till
615 250 259 31 statsutskottet
890 250 64 29 har
970 250 12 29 i
998 250 39 29 år
1052 250 138 40 begärts
1209 251 109 29 större
1335 250 121 40 anslag
1473 250 52 30 till
1542 250 122 29 lokali-

179 305 257 41 seringsbidrag
453 306 45 29 än
514 304 126 40 Kungl.
656 304 106 40 Maj:t
779 304 178 30 hemställt
974 313 67 20 om.
1059 304 13 29 I
1089 304 263 40 propositionen
1368 313 41 21 nr
1427 304 40 29 56
1486 304 177 40 angående

178 360 163 30 bildande
367 369 43 21 av
435 361 48 28 ett
510 359 131 40 statligt
667 358 312 40 kreditaktiebolag
1006 358 54 30 för
1087 358 230 40 finansiering
1345 368 42 20 av
1412 359 252 39 investeringar

178 415 96 29 inom
294 414 227 40 näringslivet
542 414 63 29 har
627 413 252 39 föredragande
902 412 186 30 statsrådet
1110 413 142 34 anmält,
1275 415 49 27 att
1347 413 56 29 det
1425 413 80 29 med
1526 413 138 39 hänsyn

178 469 53 29 till
253 468 259 40 omfattningen
534 477 42 20 av
596 467 109 30 redan
726 467 173 40 beviljade
921 467 58 30 lån
1001 467 66 29 och
1088 467 42 30 de
1153 469 94 28 stora
1268 467 111 29 behov
1401 476 41 21 av
1464 467 200 39 ytterligare

179 522 412 40 lokaliseringspolitiska
606 522 158 34 insatser,
784 530 76 21 som
875 530 48 20 nu
939 522 72 29 kan
1027 521 161 34 förutses,
1205 521 98 30 torde
1318 521 49 30 bli
1383 521 214 39 nödvändigt
1614 523 50 27 att

179 577 142 39 utvidga
342 577 211 29 totalramen
575 576 54 30 för
652 575 303 40 lokaliseringslån
979 576 65 29 och
1066 577 49 28 att
1139 575 130 40 förslag
1292 575 123 30 härom
1439 575 45 30 då
1505 576 159 28 kommer

179 633 49 28 att
249 631 196 39 föreläggas
463 629 198 40 riksdagen.

223 685 65 29 Det
309 684 131 40 förslag
461 693 74 20 som
555 684 12 29 i
586 684 220 29 motionerna
826 683 28 30 I:
870 682 61 30 595
954 683 65 29 och
1039 683 45 30 II:
1100 682 62 30 547
1185 683 183 39 framlagts
1388 692 57 20 om
1466 685 49 27 att
1537 683 41 29 de
1598 683 67 29 hit-

178 738 226 31 tillsvarande
431 738 258 30 stödformerna
715 738 88 29 skall
829 737 248 40 kompletteras
1103 737 80 30 med
1210 737 138 39 statliga
1372 737 292 39 kreditgarantier

178 793 12 29 i
212 792 405 40 lokaliseringspolitiskt
642 791 90 40 syfte
754 791 55 30 får
831 791 167 30 bedömas
1020 793 72 28 mot
1114 791 185 39 bakgrund
1322 791 44 29 bl.
1381 800 29 20 a.
1435 800 42 20 av
1498 791 67 29 vad
1590 800 74 20 som

179 856 85 30 nyss
284 848 103 38 sagts.
408 846 124 30 Därest
551 845 188 40 riksdagen
758 846 111 29 skulle
890 846 112 29 önska
1020 845 143 39 utvidga
1182 845 67 30 den
1268 845 11 30 i
1299 844 225 40 riktlinjerna
1543 845 54 29 för
1617 845 47 29 1o-

179 900 381 40 kaliseringspolitiken
581 900 150 39 angivna
752 900 256 29 medelsramen
1028 900 71 29 kan
1122 899 38 30 så
1182 900 60 29 ske
1265 907 124 31 genom
1411 899 110 29 ökade
1544 899 121 39 anslag

180 955 52 29 till
252 954 239 40 stödåtgärder
510 963 41 20 av
568 954 127 29 hittills
712 953 287 30 förekommande
1018 954 86 39 slag;
1125 953 124 39 frågan
1267 962 57 20 om
1342 963 42 19 en
1404 953 109 29 sådan
1531 953 134 39 utvidg-

180 1008 84 40 ning
282 1017 104 30 synes
400 1008 144 29 komma
559 1009 50 28 att
626 1007 233 30 aktualiseras
875 1016 41 21 av
932 1006 126 40 Kungl.
1076 1006 115 40 Maj:t.
1209 1007 175 29 Utskottet
1402 1015 101 21 anser
1522 1007 49 39 sig
1589 1007 75 28 icke

179 1062 64 30 här
265 1063 86 29 böra
372 1062 81 39 ingå
475 1062 45 39 på
542 1062 115 39 någon
679 1062 203 29 diskussion
904 1061 148 30 rörande
1076 1061 147 40 ändring
1246 1071 42 19 av
1310 1061 264 29 medelsramen.
1600 1060 65 30 Sitt

181 1116 335 40 ställningstagande
537 1116 53 30 till
613 1116 165 39 förslaget
801 1124 57 21 om
879 1115 291 40 kreditgarantier
1192 1116 71 28 kan
1285 1116 170 28 utskottet
1476 1115 124 29 basera
1621 1115 44 39 på

181 1170 272 40 uppfattningen
477 1172 50 28 att
552 1172 132 28 oavsett
708 1170 274 30 medelsramens
1005 1169 142 40 omfång
1173 1179 42 20 en
1240 1169 214 40 uppdelning
1479 1178 43 20 av
1544 1169 121 29 lokali-

181 1224 249 40 seringsstödet
451 1224 45 40 på
515 1226 52 28 tre
589 1224 210 30 stödformer
822 1233 103 30 synes
945 1224 175 39 olämplig.
1142 1224 143 29 Liksom
1306 1223 146 40 tidigare
1474 1223 38 30 år
1534 1225 131 37 avstyr-

181 1279 61 29 ker
262 1279 170 29 utskottet
453 1278 149 30 sålunda
621 1278 94 30 detta
735 1278 140 40 förslag.
896 1278 14 29 I
930 1278 203 40 anslutning
1153 1278 117 29 därtill
1289 1278 60 29 vill
1370 1278 169 29 utskottet
1560 1277 106 29 också

181 1332 137 40 påpeka
344 1334 50 28 att
420 1333 291 39 kreditgarantier
738 1333 12 29 i
775 1332 155 30 rådande
957 1332 385 39 kreditmarknadsläge
1369 1332 71 29 inte
1467 1332 71 28 kan
1566 1332 100 38 sägas

180 1396 84 20 vara
276 1387 105 39 något
396 1387 116 29 säkert
524 1386 175 30 verkande
713 1387 236 39 komplement
962 1387 52 29 till
1030 1387 40 29 de
1084 1386 125 30 hittills
1223 1386 160 29 använda
1398 1385 267 30 stödformerna.

225 1494 65 30 Det
314 1495 139 39 statliga
475 1494 195 30 kreditstöd
691 1495 53 29 till
767 1494 184 40 hemslöjd,
975 1495 173 29 hantverk
1170 1494 65 29 och
1258 1493 228 30 småindustri
1510 1502 75 21 som
1609 1493 58 29 ad-

181 1548 219 30 ministreras
426 1558 42 20 av
493 1549 369 39 kommerskollegium
887 1549 66 28 och
978 1548 445 40 företagareföreningarna
1448 1547 219 39 utnyttjades

182 1602 147 39 tidigare
346 1602 12 29 i
373 1602 73 30 viss
462 1603 245 39 utsträckning
724 1603 12 29 i
753 1602 403 40 lokaliseringspolitiskt
1175 1602 100 40 syfte.
1303 1602 4 29 I
1327 1601 169 30 samband
1515 1601 79 29 med
1611 1601 56 29 be-

184 1656 104 29 slutet
308 1665 57 20 om
384 1665 69 31 nya
472 1656 130 30 former
623 1656 54 30 för
696 1657 324 39 lokaliseringsstöd
1040 1657 91 39 slogs
1152 1656 192 30 emellertid
1363 1656 79 34 fast,
1463 1657 50 28 att
1534 1656 38 29 så
1591 1655 76 29 icke

182 1710 120 39 längre
327 1710 106 30 borde
458 1719 85 21 vara
567 1710 108 30 fallet.
702 1711 64 29 Det
792 1710 155 30 nämnda
972 1710 229 30 kreditstödet
1229 1710 111 30 skulle
1368 1710 298 39 fortsättningsvis

183 1764 127 30 främst
329 1765 124 38 utgöra
470 1766 48 28 ett
535 1765 238 39 komplement
790 1765 53 29 till
862 1765 66 29 den
946 1765 175 29 ordinarie
1139 1764 302 39 kreditgivningen
1458 1764 45 39 på
1522 1764 65 29 den
1608 1763 59 30 all-

183 1819 132 28 männa
342 1818 350 35 kreditmarknaden;
724 1819 89 29 dock
843 1819 112 30 skuile
985 1828 43 20 en
1057 1818 387 40 lokaliseringspolitisk
1473 1818 195 38 inriktning

183 1881 43 20 av
244 1874 48 28 ett
310 1873 209 29 låneärende
538 1873 71 29 inte
629 1873 154 30 utesluta
801 1873 95 30 detta
914 1873 81 30 från
1015 1873 77 30 stöd
1112 1873 81 29 från
1212 1872 454 40 företagareföreningarna.

183 1926 50 30 På
258 1926 171 40 grundval
456 1936 42 20 av
522 1927 67 29 vad
615 1927 188 40 riksdagen
831 1927 148 30 sålunda
1004 1928 126 28 uttalat
1158 1926 185 30 utfärdade
1370 1926 126 39 Kungl.
1524 1926 105 39 Maj:t
1657 1926 11 28 i

184 1980 89 40 april
291 1980 82 30 1965
389 1981 262 30 bestämmelser
667 1981 54 30 för
737 1981 41 30 de
793 1981 90 30 båda
899 1981 267 34 stödformerna,
1182 1981 122 30 varvid
1318 1981 138 38 hänsyn
1471 1980 107 29 också
1592 1982 76 37 togs

185 2035 52 29 till
255 2035 120 30 dessas
392 2036 234 39 avgränsning
644 2035 80 30 från
740 2035 183 30 varandra.

230 2089 120 29 Redan
368 2090 58 29 vid
446 2089 95 30 förra
561 2090 92 29 årets
671 2089 143 40 riksdag
833 2089 179 40 påtalades
1032 2090 11 29 i
1063 2090 171 29 motioner
1254 2089 67 30 vad
1341 2098 75 21 som
1436 2089 45 39 på
1501 2089 76 29 sina
1597 2089 71 29 håll

185 2143 198 40 uppfattats
398 2152 75 21 som
489 2153 43 20 en
545 2144 71 29 viss
631 2144 87 29 brist
734 2144 45 39 på
795 2144 301 39 samstämmighet
1112 2144 128 29 mellan
1256 2143 41 30 de
1313 2143 90 30 båda
1419 2143 249 39 författningar

185 2206 76 20 som
281 2198 152 38 reglerar
453 2198 41 29 de
515 2198 266 39 ifrågavarande
804 2198 267 29 stödformerna.
1092 2198 122 29 Denna
1235 2198 109 28 kritik
1366 2198 232 28 återkommer
1621 2206 48 20 nu

185 2251 11 28 i
214 2251 221 29 motionerna
452 2251 28 30 I:
497 2251 62 29 208
579 2252 65 29 och
663 2251 45 30 II:
725 2251 61 30 266
807 2254 90 27 samt
917 2251 45 30 II:
980 2251 71 30 773.
1070 2251 75 30 Vad
1164 2252 260 29 motionärerna
1443 2251 125 30 främst
1587 2252 83 29 vän-

186 2304 60 30 der
264 2305 51 40 sig
329 2307 72 27 mot
416 2306 39 29 är
470 2307 49 28 att
535 2314 42 21 en
593 2305 266 39 näringsidkare
876 2314 74 21 som
967 2305 66 30 fått
1048 2305 323 40 lokaliseringsstöd
1388 2305 196 30 sedermera
1600 2304 70 30 för-

186 2358 281 40 fattningsenligt
486 2360 37 29 är
543 2359 169 40 avstängd
731 2359 81 30 från
829 2359 228 40 möjligheten
1076 2362 49 27 att
1145 2359 132 29 erhålla
1294 2359 194 29 kreditstöd
1507 2368 41 20 av
1567 2368 103 20 ovan-

184 2412 155 30 nämnda
355 2412 82 39 slag,
451 2414 88 28 trots
552 2414 53 28 att
621 2414 47 28 ett
683 2413 147 39 legitimt
845 2413 110 29 behov
971 2423 42 19 av
1028 2413 81 29 ökat
1124 2412 264 40 rörelsekapital
1403 2412 71 30 kan
1490 2412 177 39 föreligga.

186 2466 377 41 Kommerskollegium
580 2468 65 28 och
661 2467 481 40 arbetsmarknadsstyrelsen
1160 2467 114 30 stöder
1292 2468 11 29 i
1321 2467 75 30 sina
1412 2467 259 39 remissyttran-

187 2521 68 29 den
276 2522 131 28 tanken
429 2521 46 40 på
495 2531 43 20 en
560 2522 149 39 ändring
731 2531 43 20 av
793 2522 311 29 bestämmelserna
1124 2522 12 29 i
1158 2522 56 29 det
1237 2521 168 30 avseende
1429 2530 74 21 som
1526 2521 64 30 här
1612 2531 59 19 an-
