2206 2616
459 203 112 28 Första
596 202 199 29 kammarens
815 204 136 37 första
979 203 158 36 tillfälliga
1162 203 142 27 utskotts
1329 201 164 29 utlåtande
1518 202 44 28 Nr
1588 201 46 29 II.
1776 200 13 28 1

968 481 59 40 Nr
1053 481 57 39 11.

932 631 103 25 Ankom
1053 632 43 23 till
1114 630 154 31 riksdagens
1287 631 86 23 kansli
1393 630 48 24 den
1459 630 33 24 28
1510 637 69 17 mars
1599 630 63 24 1922
1680 630 36 23 kl.
1737 630 13 23 1
1770 637 20 17 e.
1810 637 32 16 m.

438 771 123 33 Första
590 771 231 33 kammarens
844 771 135 43 första
1008 771 176 43 tillfälliga
1212 770 144 33 utskotts
1373 769 190 34 utlåtande
1590 779 45 23 nr
1663 770 48 41 11,
1741 768 12 34 i
1779 779 65 23 an-

393 866 11 11 a
639 838 144 43 ledning
827 848 44 22 av
914 837 103 33 väckt
1056 837 134 33 motion
1232 848 57 22 om
1318 836 165 33 skrivelse
1512 836 51 33 till
1589 836 128 43 Kungl.
1746 835 98 43 Maj:t

637 904 187 44 angående
863 903 229 44 avskaffande
1119 914 44 22 av
1191 902 142 44 biskops
1356 903 67 32 och
1451 902 268 33 konsistoriums
1747 904 97 31 över-

640 971 163 33 inseende
840 972 84 32 över
959 970 41 33 de
1039 970 186 33 allmänna
1266 970 212 33 läroverken
1507 970 66 33 och
1601 973 128 30 statens
1752 969 93 43 folk-

639 1037 317 34 skoleseminarier.

372 1188 20 34 I
420 1200 44 22 en
490 1188 99 34 inom
616 1188 110 34 andra
753 1188 277 35 kammaren
978 1184 52 54 av
1057 1189 82 42 herr
1172 1190 195 44 Wagnsson
1394 1188 107 35 väckt
1527 1188 149 44 motion,
1696 1201 44 21 nr
1760 1188 82 43 180,

239 1238 216 44 hemställes,
497 1240 55 33 att
590 1239 192 46 riksdagen
822 1238 83 35 ville
944 1239 12 34 i
996 1239 168 35 skrivelse
1205 1239 56 34 till
1301 1238 139 47 Kungl.
1474 1238 109 47 Maj:t
1609 1239 152 44 anhålla,
1790 1240 55 33 att

238 1288 139 47 Kungl.
408 1289 107 46 Maj:t
542 1289 83 35 ville
653 1309 47 3 —
729 1289 199 35 eventuellt
955 1290 66 34 och
1049 1290 12 33 i
1089 1290 69 34 den
1185 1291 85 33 mån
1295 1289 210 46 riksdagens
1532 1289 219 35 medverkan
1770 1289 75 34 där-

238 1339 55 34 till
334 1339 176 35 erfordras
543 1359 47 3 —
618 1340 92 34 efter
736 1340 235 35 inhämtande
999 1353 43 22 av
1068 1340 211 45 riksdagens
1305 1340 120 34 beslut
1451 1340 147 46 vidtaga
1625 1340 109 35 sådan
1762 1339 83 35 änd-

237 1389 82 45 ring
359 1389 12 34 i
397 1402 50 21 nu
474 1389 164 46 gällande
665 1390 127 45 stadga
819 1390 57 34 för
902 1390 42 34 de
972 1391 180 34 allmänna
1177 1389 211 35 läroverken
1416 1390 67 34 och
1510 1391 56 33 för
1593 1392 135 33 statens
1755 1390 90 34 folk-

238 1439 317 44 skoleseminarier,
596 1441 55 33 att
689 1440 147 46 biskops
876 1440 65 34 och
983 1440 273 35 konsistoriums
1297 1440 254 35 överinseende
1579 1444 84 32 över
1689 1440 157 35 nämnda

239 1490 452 47 undervisningsanstalter
717 1490 186 35 avskaffas.

373 1541 229 35 Beträffande
642 1541 266 47 motiveringen
935 1541 134 35 tillåter
1095 1542 55 45 sig
1177 1541 183 35 utskottet
1386 1541 149 35 hänvisa
1562 1542 56 34 till
1645 1542 196 35 motionen.

375 1592 125 35 Andra
539 1592 225 35 kammarens
802 1592 113 35 första
942 1592 183 46 tillfälliga
1151 1592 145 34 utskott
1323 1592 65 34 har
1416 1592 92 34 efter
1535 1592 159 35 erhållen
1721 1593 124 45 remiss

239 1655 44 22 av
310 1643 186 35 motionen
528 1643 138 46 avgivit
706 1642 188 35 utlåtande
935 1640 55 48 (nr
1018 1640 34 47 2)
1091 1646 85 31 över
1217 1642 209 35 densamma
1461 1643 67 34 och
1557 1643 124 35 därvid
1709 1643 146 37 lämnat.

240 1693 254 46 efterföljande
522 1693 162 35 historik.

380 1784 73 44 >År
494 1794 90 34 1910
608 1792 192 36 väcktes'i
834 1794 111 35 första
971 1794 207 35 kammaren
1206 1807 43 22 av
1277 1795 82 34 herr
1385 1794 93 35 Eliel
1505 1794 160 46 Löfgren
1692 1795 150 43 motion,

240 1845 74 34 vari
344 1844 240 44 hemställdes,
612 1846 55 33 att
692 1844 193 47 riksdagen
912 1844 82 36 ville
1023 1845 139 35 besluta
1189 1847 55 32 att
1270 1845 12 34 i
1310 1844 168 35 skrivelse
1498 1845 56 34 till
1576 1845 139 47 Kungl.
1737 1845 109 47 Maj:t

240 1895 154 44 anhålla,
423 1895 61 35 det
510 1895 138 35 täcktes
675 1895 139 46 Kungl.
845 1895 108 47 Maj:t
978 1897 46 45 gå
1050 1896 12 33 i
1090 1896 220 45 författning
1338 1908 58 22 om
1423 1895 218 47 vidtagande
1668 1909 44 22 av
1736 1896 110 35 sådan

241 1946 154 45 ändring
422 1946 11 34 i
460 1946 165 46 gällande
652 1946 280 44 bestämmelser,
961 1948 54 33 att
1042 1946 43 35 de
1112 1946 208 35 nuvarande
1349 1947 161 34 eforaten
1530 1950 84 32 över
1632 1947 111 35 rikets
1758 1947 87 35 läro-

240 1996 87 35 verk
368 1996 220 36 avskaffades
629 1996 94 45 eller,
766 1997 118 35 därest
923 1999 110 44 några
1060 2009 43 22 av
1144 1997 43 35 de
1215 1997 80 35 med
1325 1997 156 35 nämnda
1508 1998 140 35 ämbete
1676 1997 170 36 förenade

241 2047 212 35 funktioner
479 2049 147 44 ansåges
653 2047 86 35 böra
766 2047 197 35 bibehållas
990 2047 114 35 under
1131 2048 143 34 särskilt
1302 2048 151 44 ämbete,
1482 2048 12 34 i
1522 2048 64 35 allt
1613 2049 63 34 fall
1700 2049 147 47 biskops

241 2097 237 47 självskrivna
505 2097 180 35 utövande
713 2098 110 35 härav
850 2100 112 33 måtte
990 2098 173 47 upphöra.
1206 2098 231 35 Motionären
1464 2098 82 35 sade
1575 2099 54 46 sig
1655 2099 78 35 icke
1761 2099 87 46 vilja

241 2148 169 44 bestrida,
451 2150 55 33 att
546 2148 117 35 denna
690 2148 204 47 anordning
921 2149 79 35 haft
1027 2148 94 47 goda
1148 2149 76 34 skäl
1251 2149 57 34 för
1335 2149 65 46 sig,
1429 2149 111 35 innan
1568 2149 280 36 läroverksöver-

242 2199 174 46 styrelsen
456 2199 207 45 inrättades,
696 2211 84 23 men
807 2201 121 45 ansåg,
957 2201 55 33 att
1037 2199 83 35 med
1148 2199 70 35 den
1246 2199 212 35 förändrade
1487 2200 291 46 organisationen
1805 2213 44 22 av

241 2250 228 43 läroverkens
508 2249 133 36 skötsel
681 2250 162 35 eforaten
883 2250 154 35 kommit
1063 2252 55 33 att
1145 2250 110 35 sakna
1282 2251 97 46 varje
1407 2251 259 47 berättigande.
1721 2251 128 46 Enligt

333 2307 122 37 Bihang
481 2307 47 30 till
551 2307 188 39 riksdagens
762 2308 163 36 protokoll
949 2307 89 30 1922.
1086 2308 38 28 12
1147 2308 89 29 saml.
1284 2307 16 29 I
1326 2308 75 29 avd.
1447 2308 18 28 5
1489 2308 78 34 häft.
1590 2308 56 36 (Nr
1670 2308 61 40 11.)

1882 1795 139 27 Historik.
