1874 2776
542 144 403 41 Bevillningsutskottets
973 147 219 32 betänkande
1218 158 43 21 nr
1286 151 42 29 63
1353 151 39 30 år
1420 152 80 29 1961

585 230 17 28 2
629 238 104 21 mom.
762 230 423 41 kommunalskattelagen
1213 234 66 29 den
1307 235 40 29 28
1374 236 195 38 september
1600 238 80 29 1928
1714 242 57 30 (nr

584 279 99 36 370);

629 330 36 28 B.
685 332 50 27 att
756 330 155 40 följande
931 333 182 35 motioner,
1135 335 175 38 nämligen

630 381 13 28 1
672 380 36 34 a)
739 381 43 29 de
807 381 224 40 likalydande
1057 384 220 30 motionerna
1304 386 84 30 1:73
1416 396 41 20 av
1484 387 121 30 herrar
1633 389 137 39 Ragnar

581 429 112 39 Bergh
715 430 65 29 och
804 431 157 40 Ringaby
984 435 91 28 samt
1099 433 44 30 II:
1160 433 41 31 88
1225 444 42 20 av
1289 435 81 30 herr
1392 437 214 39 Magnusson
1630 438 10 29 i
1664 439 108 30 Borås

582 488 45 20 m.
649 480 47 34 fl.,

626 529 36 34 b)
693 531 41 29 de
763 531 223 40 likalydande
1012 534 220 31 motionerna
1260 537 107 29 1:678
1395 547 41 19 av
1464 538 121 30 herrar
1613 540 156 40 Ringaby

580 580 65 29 och
665 581 138 38 Ragnar
820 582 112 39 Bergh
951 586 91 27 samt
1060 585 44 29 II:
1120 584 63 31 809
1203 595 42 20 av
1262 586 121 30 herrar
1400 589 214 38 Magnusson
1633 590 9 29 i
1661 591 107 29 Borås

581 630 64 29 och
664 631 189 39 Nordgren,

625 681 18 29 2
671 682 35 34 a)
739 682 42 29 de
808 682 224 40 likalydande
1059 686 219 30 motionerna
1307 688 106 30 1:674
1442 698 41 20 av
1511 689 80 29 herr
1618 691 150 30 Ewerlöf

581 739 44 22 m,
648 731 37 30 fl.
706 732 65 29 och
793 733 44 29 II:
853 733 62 30 813
937 743 43 20 av
1000 734 81 30 herr
1103 735 226 40 Hjalmarson
1348 747 45 21 m.
1416 739 47 35 fl.,

624 780 37 34 b).
690 781 42 30 de
750 782 223 39 likalydande
992 786 217 31 motionerna
1229 787 28 29 1:
1273 787 60 30 258
1351 798 42 20 av
1412 789 57 30 fru
1488 790 190 38 Segerstedt
1696 792 73 30 Wi-

581 830 80 40 berg
679 840 45 22 m.
744 832 36 30 fl.
800 833 64 29 och
882 834 46 29 II:
945 834 63 30 208
1028 844 42 20 av
1088 836 56 29 fru
1163 838 123 30 Gunne
1304 847 45 21 m.
1369 838 47 36 fl.,

622 881 35 34 c)
686 882 42 29 de
743 882 224 41 likalydande
983 885 220 31 motionerna
1219 888 29 29 I:
1265 888 60 30 351
1344 898 42 21 av
1401 889 81 30 herr
1498 891 150 30 Ewerlöf
1665 901 45 21 m.
1728 893 37 29 fl.

579 931 64 30 och
664 932 44 30 II:
724 932 64 31 409
808 943 41 20 av
867 934 81 30 herr
968 935 226 39 Hjalmarson
1213 946 46 22 m.
1279 938 47 36 fl.,
1348 939 103 30 såvitt
1471 941 219 30 motionerna
1710 953 56 19 av-

579 989 54 21 ser
653 982 148 40 ändring
820 983 11 29 i
850 983 437 44 kommunalskattelagen,

622 1032 36 33 3)
688 1032 42 30 de
745 1033 223 40 likalydande
984 1037 220 30 motionerna
1220 1039 29 28 I:
1265 1039 61 30 351
1345 1049 42 20 av
1402 1040 81 30 herr
1499 1042 150 30 Ewerlöf
1664 1052 45 22 in.
1727 1044 36 30 fl.

577 1082 64 29 och
661 1083 45 29 II:
722 1082 64 31 409
806 1093 43 20 av
865 1084 81 30 herr
965 1086 226 39 Hjalmarson
1211 1097 46 20 m.
1277 1089 49 35 fl.,
1346 1090 104 30 såvitt
1469 1092 220 31 motionerna
1709 1103 56 20 av-

572 1139 55 21 ser
649 1131 317 42 bostadssparande
989 1136 67 29 och
1079 1136 402 42 utbildningssparande,

620 1182 19 29 4
663 1183 36 34 a)
727 1183 42 30 de
793 1184 224 40 likalydande
1041 1188 219 30 motionerna
1286 1190 28 29 I:
1330 1190 61 31 673
1418 1201 42 20 av
1484 1192 80 30 herr
1589 1194 174 39 Bengtson

576 1241 44 22 m,
642 1232 37 31 fl.
700 1233 65 30 och
787 1235 44 29 II:
849 1234 60 31 811
934 1245 42 20 av
997 1237 81 29 herr
1098 1238 162 31 Hedlund
1282 1249 44 21 m.
1349 1241 47 34 fl.,

619 1282 37 34 b)
686 1284 42 29 de
767 1284 224 41 likalydande
1030 1288 219 31 motionerna
1278 1291 106 31 I:675
1414 1301 43 21 av
1483 1293 81 29 herr
1592 1291 171 49 Källqvist

574 1341 45 22 m.
638 1333 36 31 fl.
693 1334 65 29 och
776 1335 46 30 II:
838 1335 62 31 808
919 1345 43 21 av
980 1337 81 30 herr
1077 1339 152 30 Jönsson
1248 1340 11 30 i
1276 1341 310 41 Ingemarsgården
1605 1354 44 20 m.
1670 1345 47 34 fl.,

619 1384 17 29 5
671 1384 36 34 a)
744 1385 42 29 de
819 1385 224 41 likalydande
1064 1389 220 31 motionerna
1307 1392 106 30 I:679
1437 1403 42 20 av
1502 1394 80 29 herr
1605 1395 157 41 Ringaby

574 1441 44 21 m.
639 1433 36 31 fl.
695 1435 65 29 och
781 1436 44 29 II:
841 1436 62 30 812
924 1446 42 20 av
985 1438 81 29 herr
1084 1439 139 30 Nilsson
1242 1441 10 29 i
1274 1442 122 30 Svalöv
1415 1452 45 22 m.
1481 1444 48 34 fl.,

616 1483 37 34 b)
684 1484 41 30 de
750 1485 223 40 likalydande
998 1489 218 31 motionerna
1243 1492 28 29 I:
1288 1492 61 29 677
1377 1502 41 20 av
1442 1494 80 29 berr
1547 1496 212 31 Lundström

572 1542 44 20 m.
637 1534 36 29 fl.
692 1535 64 29 och
776 1536 45 29 II:
837 1536 63 30 810
919 1547 42 20 av
978 1538 81 30 herr
1077 1540 105 30 Ohlin
1202 1550 45 20 m.
1267 1542 47 34 fl.,

615 1583 34 33 c)
679 1584 41 30 de
746 1585 223 40 likalydande
994 1589 220 31 motionerna
1241 1591 28 30 I:
1285 1591 63 31 475
1374 1603 42 20 av
1440 1595 82 29 herr
1547 1596 213 32 Lundström

572 1642 44 22 m.
636 1634 37 31 fl.
693 1635 65 30 och
778 1636 45 30 II:
837 1637 63 30 552
921 1647 42 20 av
981 1639 82 30 herr
1081 1640 106 30 Ohlin
1206 1651 45 21 m.
1272 1642 47 35 fl.,
1341 1644 102 30 såvitt
1463 1646 219 31 motionerna
1703 1658 55 20 av-

572 1693 54 21 ser
644 1685 58 30 det
721 1694 25 22 s.
766 1686 33 30 k.
819 1686 395 44 försäkringsavdraget,

614 1735 18 29 6
651 1735 35 34 a)
709 1736 42 29 de
768 1736 224 41 likalydande
1009 1740 220 32 motionerna
1247 1743 29 30 I:
1294 1744 40 29 74
1351 1754 41 20 av
1410 1745 121 31 herrar
1550 1747 78 30 Eric
1647 1749 110 30 Carls-

570 1793 63 21 son
653 1785 64 30 och
738 1787 134 30 Sundin
893 1791 92 28 samt
1005 1790 45 30 II:
1067 1791 39 30 85
1128 1801 42 20 av
1188 1792 82 30 herr
1291 1794 145 36 Fälldin,

614 1835 38 34 b)
681 1836 41 30 de
744 1836 223 41 likalydande
988 1841 219 31 motionerna
1229 1844 28 29 1:
1274 1843 62 31 487
1359 1854 42 21 av
1420 1846 82 30 herr
1524 1848 233 39 Sveningsson

568 1892 45 22 m.
632 1884 36 30 fl.
687 1886 65 29 och
771 1886 45 31 II:
832 1887 63 31 549
914 1898 42 21 av
973 1890 82 30 herr
1072 1891 139 31 Nilsson
1229 1893 11 29 i
1259 1893 123 32 Svalöv
1399 1905 45 20 m.
1464 1896 48 35 fl.,
1532 1898 165 31 ävensom

613 1935 35 33 7)
677 1936 42 29 de
743 1937 224 40 likalydande
992 1942 219 30 motionerna
1236 1944 29 29 1:
1281 1944 63 31 475
1370 1955 42 20 av
1436 1947 81 30 herr
1542 1949 212 31 Lundström

567 1993 45 22 m.
632 1985 36 31 fl.
688 1987 64 29 och
773 1988 45 29 II:
834 1989 62 30 552
917 1999 42 20 av
977 1990 82 30 herr
1078 1992 105 30 Ohlin
1202 2002 45 22 m.
1268 1994 47 36 fl.,
1337 1995 103 31 såvitt
1460 1998 219 31 motionerna
1699 2010 56 20 av-

567 2044 55 20 ser
644 2036 361 44 omkostnadsavdrag
1028 2041 64 30 och
1115 2042 329 42 beskattningsbara
1467 2048 135 40 belopp,

610 2086 117 36 måtte,
755 2087 3 30 i
778 2088 68 30 den
865 2089 83 30 mån
967 2090 42 30 de
1028 2091 76 31 icke
1123 2093 69 30 kan
1213 2103 102 22 anses
1335 2095 188 33 besvarade
1543 2106 124 32 genom
1686 2103 66 29 vad

565 2136 170 30 utskottet
762 2146 89 22 ovan
879 2140 119 30 anfört
1024 2142 65 29 och
1116 2143 188 38 hemställt,
1334 2156 41 20 av
1401 2147 188 41 riksdagen
1617 2151 135 31 lämnas

565 2187 86 28 utan
669 2186 132 40 åtgärd.

301 2249 201 31 Stockholm
526 2252 68 29 den
620 2253 39 30 18
683 2254 71 40 maj
784 2255 79 31 1961

687 2338 48 30 På
750 2338 399 42 bevillningsutskottets
1164 2346 146 38 vägnar:

827 2423 116 31 JOHN
961 2426 211 32 ERICSSON
