1886 2844
88 2387 133 24 Utskottet.

283 178 19 31 2
763 179 228 28 Statsutskottets
1012 179 148 28 utlåtande
1182 179 48 28 Nr
1254 180 67 28 148.

282 254 113 31 kända
429 253 244 42 sjukkassorna
705 253 174 42 uppginge
913 253 52 31 till
988 253 12 31 i
1022 255 81 29 runt
1137 253 46 31 tal
1208 253 135 38 992,000
1369 252 57 31 vid
1450 252 106 32 slutet
1578 264 40 20 av
1642 253 36 31 år
1702 253 81 31 1936

283 305 63 31 och
369 304 54 32 till
448 304 165 38 1,059,000
636 303 56 31 vid
716 304 106 31 slutet
844 315 40 20 av
907 306 37 29 år
968 304 78 31 1937
1072 306 88 29 samt
1183 306 51 29 att
1256 303 162 41 sjuktalet
1442 321 37 5 —
1505 303 29 31 d.
1558 315 29 20 v.
1613 314 25 20 s.
1656 304 129 30 antalet

282 355 298 41 sjukhjälpsdagar
613 365 62 31 per
709 354 145 32 medlem
888 373 41 3 —
962 354 109 32 under
1104 354 203 42 budgetåret
1330 354 110 31 skulle
1463 354 136 31 komma
1621 355 51 30 att
1696 354 88 41 stiga

281 406 74 31 från
380 407 88 30 14.32
495 406 52 31 till
571 406 46 31 15.
645 405 169 42 Slutligen
838 405 86 31 hava
947 404 300 43 utbetalningarna
1269 416 40 20 av
1332 404 321 42 moderskapshjälp
1678 405 107 40 enligt

281 457 158 41 gällande
458 456 258 32 bestämmelser
731 456 52 31 för
799 458 80 29 åren
898 456 80 31 1936
995 455 63 32 och
1083 456 79 31 1937
1187 456 220 41 uppskattats
1425 455 51 31 till
1494 457 49 29 ett
1561 456 38 30 10
1625 458 25 28 Z
1677 455 105 41 högre

280 507 128 42 belopp
442 518 60 30 per
534 507 155 42 kvinnlig
722 507 146 32 medlem
903 506 119 33 räknat
1055 508 43 29 än
1132 506 240 32 motsvarande
1401 516 132 21 summa
1556 506 52 31 för
1631 507 37 29 år
1692 506 89 31 1935.

281 558 82 32 Med
387 558 102 32 dessa
510 558 359 42 beräkningsgrunder
893 559 111 32 skulle
1026 558 156 41 anslaget
1205 558 86 30 hava
1313 556 179 42 upptagits
1515 556 53 31 till
1593 556 189 38 13,230,000

279 609 136 32 kronor.
462 609 128 31 Härtill
612 609 154 32 kommer
789 610 192 31 emellertid
1004 609 64 32 den
1092 607 306 41 kostnadsökning,
1424 618 74 20 som
1525 606 195 32 föranledes
1744 617 39 20 av

280 661 66 32 den
369 672 123 30 genom
515 661 263 41 propositionen
800 661 193 41 föreslagna
1015 660 150 32 ändrade
1188 659 155 42 lydelsen
1367 669 41 20 av
1430 659 41 30 32
1493 657 21 42 &
1536 657 246 41 förordningen

279 723 55 21 om
358 712 149 32 erkända
530 712 201 41 sjukkassor
753 712 64 31 och
841 723 75 20 som
939 723 40 20 av
1002 710 378 42 departementschefen
1405 709 183 31 beräknats
1601 708 54 31 till
1668 708 115 38 72,000

278 763 136 32 kronor.
459 764 18 30 I
514 763 153 41 enlighet
704 762 140 32 härmed
882 762 62 31 har
980 762 154 40 anslaget
1167 761 195 41 föreslagits
1397 760 53 31 till
1486 759 12 31 i
1531 758 169 32 avrundat
1734 759 47 31 tal

280 815 188 38 13,300,000
490 814 135 32 kronor.

330 865 69 31 Till
432 865 377 41 moderskapsunderstöd
831 864 62 31 har
926 864 182 31 beräknats
1140 865 49 29 ett
1222 862 126 41 belopp
1383 872 39 20 av
1456 861 166 38 1,301,000
1644 860 136 38 kronor,

277 928 100 20 varav
408 916 115 35 97,000
554 916 128 31 kronor
715 915 148 41 antagits
887 916 121 40 utgöra
1031 913 216 32 återstående
1271 912 191 41 ersättning
1484 911 52 31 för
1558 911 108 32 första
1689 911 93 31 kvar-

278 968 83 31 talet
386 968 78 31 1937
490 967 64 31 och
578 967 167 38 1,204,000
767 966 127 31 kronor
917 965 190 41 ersättning
1130 965 53 31 för
1205 963 114 39 andra,
1344 963 109 40 tredje
1477 962 63 32 och
1564 961 108 42 fjärde
1688 962 93 31 kvar-

276 1018 92 31 talen
405 1018 88 32 1937.
538 1017 68 32 Vid
633 1017 233 41 beräkningen
890 1027 40 20 av
952 1016 118 41 anslag
1094 1015 53 31 till
1170 1013 347 41 moderskapspenning
1539 1012 111 32 under
1672 1012 108 32 första

276 1069 152 32 halvåret
464 1069 79 31 1938
576 1069 62 31 har
661 1067 377 43 departementschefen
1062 1067 113 40 utgått
1197 1066 72 30 från
1293 1066 50 30 att
1366 1063 205 32 statsverket
1595 1063 111 32 skulle
1729 1063 52 31 för

276 1120 11 31 i
310 1122 81 29 runt
414 1120 46 31 tal
495 1120 114 37 80,000
643 1130 41 20 av
716 1119 136 31 landets
886 1117 156 41 omkring
1065 1117 116 37 87,000
1203 1115 287 32 barnaföderskor
1512 1125 62 30 per
1596 1116 37 29 år
1655 1113 33 31 få
1711 1113 69 31 vid-

275 1171 132 31 kännas
443 1182 40 21 en
516 1171 102 40 utgift
642 1181 40 20 av
706 1170 39 32 75
778 1170 126 31 kronor
927 1169 12 30 i
962 1168 84 32 form
1071 1178 41 20 av
1135 1167 163 41 antingen
1321 1166 122 40 bidrag
1465 1165 54 31 till
1542 1164 238 41 moderskaps-

276 1222 94 41 hjälp
395 1222 82 31 eller
500 1220 388 42 moderskapspenning.
934 1218 120 33 Under
1077 1219 50 30 ett
1149 1217 94 32 halvt
1265 1219 36 29 år
1324 1216 111 32 skulle
1458 1214 214 42 följaktligen
1696 1216 83 29 mot-

276 1273 167 31 svarande
467 1272 93 32 siffra
582 1272 93 31 bliva
697 1272 123 38 40,000.
852 1271 52 30 Av
928 1270 101 31 dessa
1051 1269 61 31 har
1136 1266 377 44 departementschefen
1541 1266 171 37 förutsatt,
1730 1266 50 30 att

276 1324 156 41 omkring
455 1324 92 38 8,250
569 1322 289 32 barnaföderskor
881 1321 161 31 tillhörde
1067 1320 180 41 sjukkassa
1270 1318 63 32 och
1349 1319 90 39 finge
1456 1315 322 42 moderskapshjälp

276 1386 123 31 genom
444 1374 120 38 denna,
600 1373 113 32 varför
747 1373 53 31 till
838 1370 380 42 moderskapspenning
1250 1367 214 42 berättigade
1503 1367 110 31 skulle
1652 1367 128 31 återstå

275 1426 115 38 31,750
426 1425 295 31 barnaföderskor.
780 1422 244 33 Kostnaderna
1060 1421 52 31 för
1149 1420 102 31 dessa
1287 1419 110 31 skulle
1436 1417 212 41 följaktligen
1686 1416 92 32 bliva

274 1477 126 41 (31,750
420 1484 25 26 x
466 1476 50 41 75)
539 1475 167 39 2,381,250
739 1474 135 32 kronor.
920 1473 53 31 Då
996 1470 462 42 moderskapspenningarna
1480 1468 53 31 för
1555 1467 222 42 budgetårets

274 1528 89 31 båda
398 1527 85 31 sista
516 1526 163 31 månader
711 1525 73 31 icke
819 1526 144 39 ansåges
997 1523 116 31 kunna
1146 1521 172 32 utbetalas
1347 1520 110 31 under
1479 1518 214 42 budgetåret,
1717 1518 62 31 har

274 1577 191 33 emellertid
501 1577 66 31 den
601 1587 84 31 nyss
719 1575 145 42 angivna
898 1574 116 32 siffran
1037 1573 198 31 reducerats
1261 1570 78 32 med
1363 1581 42 20 en
1429 1569 166 41 tredjedel
1618 1568 84 31 eller
1724 1567 53 32 till

275 1629 166 38 1,587,500
474 1628 134 31 kronor.
654 1618 31 40 Å
718 1626 105 31 andra
858 1625 99 32 sidan
990 1624 62 31 har
1085 1621 379 43 departementschefen
1499 1619 126 32 erinrat
1649 1629 55 21 om
1727 1620 50 30 att

273 1682 111 29 rätten
409 1681 50 29 att
482 1678 127 32 erhålla
632 1677 147 32 förskott
802 1679 19 29 å
844 1673 380 44 moderskapspenning
1240 1672 178 42 påkallade
1435 1682 41 21 en
1492 1670 153 41 höjning,
1662 1669 114 32 vilken

274 1731 220 41 uppskattats
518 1730 53 31 till
596 1729 135 38 160,000
753 1728 134 31 kronor.
913 1726 69 32 Det
1005 1723 255 42 sammanlagda
1276 1722 288 42 anslagsbehovet
1579 1721 53 31 för
1647 1716 129 50 moder-

274 1781 258 42 skapspenning
555 1780 110 31 under
688 1779 107 31 första
818 1778 153 31 halvåret
995 1776 80 32 1938
1098 1775 62 31 har
1182 1774 12 31 i
1217 1773 151 42 enlighet
1391 1771 141 33 härmed
1556 1770 220 43 uppskattats

275 1832 51 31 till
352 1832 167 38 1,747,500
541 1831 135 31 kronor.
701 1829 246 31 Kostnaderna
969 1828 52 30 för
1043 1823 420 42 moderskapsunderstöd
1488 1822 63 31 och
1564 1823 53 30 för
1640 1821 129 31 moder-

275 1882 259 42 skapspenning
557 1882 86 30 hava
666 1880 146 32 sålunda
834 1879 185 32 beräknats
1042 1878 54 31 till
1120 1875 224 42 sammanlagt
1367 1873 168 40 3,048,500
1551 1873 136 31 kronor.
1711 1872 66 31 En-

273 1933 62 41 ligt
359 1933 58 31 det
430 1932 233 41 föreliggande
686 1931 163 41 förslaget
873 1930 96 31 skola
992 1929 41 31 de
1056 1928 175 31 bestridas
1254 1928 73 30 från
1351 1927 50 30 ett
1423 1925 212 41 gemensamt
1658 1922 119 41 anslag

273 1984 109 31 under
415 1983 253 41 benämningen
702 1979 417 43 moderskapsunderstöd
1154 1979 63 31 och
1251 1974 388 42 moderskapspenning,
1671 1973 106 31 vilket

273 2034 179 42 upptagits
475 2034 78 31 med
576 2035 49 30 ett
648 2033 54 31 till
725 2032 168 39 3,050,000
915 2031 126 31 kronor
1063 2030 169 31 avrundat
1253 2028 137 41 belopp.

325 2085 167 42 Anslaget
525 2085 52 31 till
606 2083 206 41 mödrahjälp
835 2082 164 41 slutligen
1022 2081 62 31 har
1106 2081 12 30 i
1142 2079 151 42 enlighet
1316 2077 79 32 med
1419 2077 41 31 de
1484 2087 40 21 av
1546 2074 231 42 befolknings-

272 2136 271 32 kommissionen
577 2135 120 42 gjorda
730 2133 333 43 uppskattningarna
1096 2150 40 3 —
1171 2130 166 38 2,000,000
1359 2129 127 31 kronor
1508 2127 52 31 för
1582 2126 73 31 helt
1677 2127 37 29 år
1736 2143 40 4 —

273 2187 194 42 föreslagits
500 2188 167 39 upptaget
700 2185 52 31 till
788 2184 166 39 1,000,000
983 2183 126 31 kronor
1131 2182 53 31 för
1206 2181 107 31 första
1335 2179 153 31 halvåret
1513 2177 89 32 1938.
1648 2176 52 31 Av
1723 2187 53 20 an-

274 2238 109 42 slaget
406 2248 98 21 avses
527 2239 84 29 även
634 2238 51 30 att
708 2235 172 32 bestridas
896 2234 232 32 kostnaderna
1142 2233 53 31 för
1211 2232 41 31 de
1268 2231 52 31 för
1335 2228 323 33 administrationen
1675 2226 102 32 förut-

274 2291 88 29 satta
384 2286 455 43 mödrahjälpsnämnderna.

325 2381 408 44 Departementschefens
766 2380 227 40 beräkningar
1026 2389 40 20 av
1099 2375 281 33 medelsbehovet
1412 2375 54 31 för
1487 2375 99 30 nästa
1608 2370 169 43 budgetår

272 2434 87 31 hava
381 2434 75 31 icke
479 2433 83 41 givit
584 2432 170 31 utskottet
777 2430 186 41 anledning
985 2428 52 32 till
1060 2428 145 31 erinran.
1244 2426 216 41 Riksdagens
1483 2434 141 21 numera
1646 2422 129 31 fattade

272 2485 116 32 beslut
422 2496 55 20 om
512 2485 131 30 statens
678 2481 227 42 övertagande
939 2492 39 19 av
1008 2479 150 41 avgiften
1181 2477 57 32 vid
1264 2476 152 33 ansökan
1450 2486 55 21 om
1539 2473 237 41 moderskaps-
