1898 2836
91 601 130 25 Utskottet.

83 1785 128 25 Utskottet.

271 146 19 29 4
666 154 381 32 Jordbruksutskottets
1073 157 177 31 utlåtande
1275 159 48 29 Nr
1347 160 28 29 2.

318 233 66 40 5:o)
435 235 392 39 Grundförbättringar:
863 238 131 37 Bidrag
1022 240 52 31 till
1103 240 284 40 täckdikningar,
1416 245 362 38 reservationsanslag.

277 285 67 31 För
363 286 235 32 innevarande
616 288 171 37 budgetår
804 290 66 30 har
888 290 56 30 för
962 290 267 37 ifrågavarande
1248 293 164 31 ändamål
1431 295 153 31 anvisats
1605 299 48 28 ett
1672 306 105 22 reser-

276 336 256 38 vationsanslag
556 348 42 21 av
621 339 142 36 400,000
787 340 140 37 kronor,
951 341 171 36 varjämte
1148 342 21 31 å
1191 343 282 38 beredskapsstat
1496 345 57 30 för
1575 342 203 45 budgetåret

274 388 175 36 upptagits
470 391 47 28 ett
535 388 290 39 förskottsanslag
845 400 43 21 av
910 391 173 36 1,000,000
1102 393 141 31 kronor.

318 438 123 37 Kungl.
460 439 122 37 Maj:ts
600 440 258 38 framställning
875 443 112 29 under
1004 443 112 35 punkt
1136 444 19 29 5
1173 444 190 31 innefattar
1380 446 324 38 anslagsanvisning
1722 448 56 31 för

274 488 197 31 ändamålet
494 490 80 30 med
598 491 141 35 200,000
763 492 139 30 kronor.

315 588 170 32 Utskottet
508 599 110 27 anser,
641 594 50 27 att
714 592 81 30 med
817 592 137 37 hänsyn
977 593 51 30 till
1051 592 268 38 ifrågavarande
1341 596 159 31 arbetens
1524 597 175 37 betydelse
1724 597 52 32 så-

269 639 56 30 väl
349 639 55 31 för
428 639 205 37 jordbruket
658 651 76 21 som
760 642 56 31 för
840 643 197 32 beredande
1060 654 43 21 av
1128 646 260 38 sysselsättning
1413 646 36 32 åt
1473 648 257 32 arbetskraften
1755 649 21 31 å

268 689 238 37 landsbygden
528 692 118 36 anslag
668 692 56 31 för
746 693 198 32 ändamålet
966 695 64 30 bör
1052 695 169 37 uppföras
1243 695 21 32 å
1285 697 191 37 tillägsstat,
1500 702 90 27 samt
1612 700 162 30 hemstäl-

268 740 50 30 ler
338 740 108 36 alltså,

623 831 50 28 att
694 829 185 37 riksdagen
901 830 59 31 må
980 831 52 30 till
1054 831 382 39 Grundförbättringar:
1459 834 128 38 Bidrag
1608 835 52 30 till
1680 835 94 31 täck-

579 878 185 39 dikningar
785 880 21 31 å
825 880 205 37 tilläggsstat
1051 882 51 30 till
1123 882 186 32 riksstaten
1330 884 56 30 för
1404 884 203 37 budgetåret
1633 880 142 38 1938/39

580 929 119 32 anvisa
718 934 46 27 ett
786 933 350 36 reservationsanslag
1156 943 43 20 av
1218 934 141 36 200,000
1380 935 139 31 kronor.

782 1111 31 39 I
868 1112 397 42 Fiskeriväsendet.

309 1215 67 40 6:0)
428 1217 201 32 Understöd
649 1217 36 32 åt
706 1219 145 38 fiskare,
872 1223 360 37 reservationsanslag.
1263 1223 7 30 I
1293 1224 187 37 anledning
1501 1234 43 21 av
1566 1225 97 30 inom
1684 1225 87 31 riks-

268 1267 110 37 dagen
395 1268 126 32 väckta
539 1270 171 31 motioner
735 1270 40 40 (I:
793 1272 61 30 116
874 1273 66 30 och
959 1272 45 30 II:
1019 1273 75 39 225)
1120 1273 167 31 anvisade
1308 1275 83 30 1938
1411 1274 55 32 års
1486 1275 141 37 riksdag
1647 1276 57 30 för
1720 1277 50 30 in-

267 1320 197 29 nevarande
481 1320 169 36 budgetår
668 1321 52 30 till
738 1322 190 30 understöd
946 1322 36 31 åt
1002 1323 130 31 fiskare
1152 1327 48 27 ett
1221 1325 351 37 reservationsanslag
1590 1336 42 21 av
1651 1327 121 36 42,000

264 1368 137 31 kronor.
438 1364 28 35 Å
490 1370 283 37 beredskapsstat
797 1371 56 31 för
877 1381 135 22 samma
1035 1373 169 37 budgetår
1228 1374 65 31 har
1316 1375 176 36 upptagits
1517 1378 47 29 ett
1588 1375 180 32 förskotts-

267 1420 119 37 anslag
407 1430 43 21 av
474 1421 140 36 150,000
633 1423 140 30 kronor.

311 1471 122 37 Kungl.
464 1472 121 37 Maj:ts
618 1473 258 37 framställning
908 1474 190 31 innefattar
1130 1476 323 37 anslagsanvisning
1485 1476 57 31 för
1571 1477 199 32 ändamålet

265 1522 80 30 med
368 1522 119 36 50,000
508 1523 139 31 kronor.
693 1523 123 31 Såsom
838 1525 75 30 skäl
936 1525 57 30 för
1014 1525 170 31 äskandet
1207 1526 206 31 framhåller
1434 1527 335 36 departementsche-

265 1572 70 37 fen,
357 1576 48 28 att
426 1573 267 37 ifrågavarande
712 1575 432 32 understödsverksamhet
1164 1576 89 31 visat
1273 1577 50 37 sig
1343 1587 84 21 vara
1448 1577 204 38 erforderlig
1673 1579 96 30 inom

265 1623 92 31 vissa
375 1624 97 31 delar
491 1634 43 21 av
553 1625 116 30 landet
688 1626 89 30 även
795 1626 112 30 under
926 1627 202 30 nuvarande
1146 1626 305 38 konjunkturläge,
1472 1632 90 27 samt
1582 1632 49 27 att
1651 1629 56 30 det
1727 1639 43 21 av

265 1674 184 37 riksdagen
468 1675 173 36 beviljade
660 1676 156 36 anslaget
837 1685 99 27 synes
955 1686 84 21 vara
1057 1676 231 38 otillräckligt.

310 1775 181 37 Utskottet,
518 1786 74 20 som
618 1777 154 30 ansluter
796 1777 50 37 sig
868 1777 50 30 till
944 1777 123 37 Kungl.
1092 1777 119 37 Maj:ts
1236 1779 140 37 förslag,
1402 1780 210 36 hemställer,

617 1864 49 28 att
684 1861 185 37 riksdagen
888 1861 59 31 må
965 1862 51 30 till
1037 1862 193 31 Understöd
1251 1863 35 30 åt
1304 1863 130 38 fiskare
1453 1863 21 31 å
1495 1864 203 36 tilläggsstat
1717 1864 50 30 till

574 1911 185 31 riksstaten
797 1912 57 30 för
889 1912 202 37 budgetåret
1132 1908 140 41 1938/39
1300 1914 120 30 anvisa
1448 1917 47 27 ett
1523 1915 245 30 reservations-

573 1964 119 37 anslag
713 1973 43 21 av
776 1964 118 35 50,000
912 1964 139 30 kronor.

305 2096 66 40 7:o0)
423 2096 131 38 Bidrag
578 2098 53 30 till
654 2097 136 31 fiskare
815 2098 57 30 för
895 2098 129 30 förlust
1049 2108 43 21 av
1116 2099 227 37 fiskredskap
1368 2109 46 21 m.
1439 2109 59 28 m.,
1523 2101 244 30 reservations-

262 2148 129 38 anslag.
434 2149 118 31 Under
574 2149 230 31 förevarande
827 2149 211 37 anslagstitel
1061 2151 65 29 har
1146 2150 57 30 för
1223 2150 202 37 budgetåret
1450 2146 141 41 1938/39
1613 2151 154 31 anvisats

262 2201 48 28 ett
334 2200 349 36 reservationsanslag
709 2209 43 22 av
778 2200 119 36 26,000
922 2201 140 31 kronor.

303 2248 389 39 Departementschefen
714 2250 67 31 har
802 2250 118 31 anfört
942 2250 166 37 följande.

310 2299 116 32 »Inom
443 2300 465 38 jordbruksdepartementet
925 2301 167 37 föreligga
1109 2302 52 30 till
1178 2302 212 37 behandling
1410 2312 43 21 av
1472 2302 198 31 Malmöhus
1688 2303 78 30 läns

261 2350 339 38 havsfiskeförening
630 2351 123 38 gjorda
783 2352 299 36 framställningar
1111 2362 58 21 om
1199 2353 190 30 anvisande
1419 2362 43 22 av
1492 2356 48 27 ett
1571 2353 120 36 anslag
1722 2362 43 22 av

263 2401 139 36 176,570
423 2402 132 31 kronor
573 2402 56 31 för
648 2402 198 37 fördelning
865 2403 108 30 bland
992 2402 130 31 fiskare
1143 2403 12 30 i
1177 2403 199 31 Malmöhus
1396 2404 69 35 län,
1486 2412 75 21 som
1584 2402 47 37 på
1652 2404 113 35 grund

261 2461 44 21 av
327 2451 100 32 svåra
448 2455 151 28 stormar
619 2453 112 30 under
754 2453 145 30 oktober
920 2454 66 29 och
1008 2453 189 30 november
1218 2452 169 32 månader
1413 2454 83 29 1938
1520 2453 146 31 förlorat
1689 2454 76 30 sina
