1944 2846
272 167 39 30 26
744 169 244 33 Statsutskottets
1011 171 161 32 utlåtande
1195 173 53 31 Nr
1271 173 28 32 9.

314 250 378 63 Vattenfallsstyrelsen
727 254 62 32 har
822 255 11 31 i
858 256 162 32 skrivelse
1044 257 62 32 den
1131 259 38 30 29
1194 259 187 41 september
1406 260 80 32 1923
1509 261 119 42 begärt
1653 264 49 30 ett
1725 273 57 21 an-

274 303 75 41 slag
372 304 20 31 å
417 304 133 37 100,000
572 305 125 32 kronor
719 306 52 31 för
793 306 168 32 täckande
985 318 43 21 av
1050 309 231 41 ersättningar
1303 310 52 31 för
1379 312 296 40 dämningsskada,
1700 324 82 31 upp-

275 352 154 31 kommen
452 354 12 29 i
487 354 163 31 samband
674 356 75 30 med
771 357 182 30 utförande
976 368 43 20 av
1042 357 63 31 den
1128 358 109 32 första
1260 359 244 42 utbyggnaden
1519 361 54 31 för
1591 361 191 32 Trollhätte

273 402 190 32 kraftverk.

314 452 18 32 I
366 453 52 32 sin
452 453 166 34 skrivelse
652 454 170 33 meddelar
845 456 178 42 styrelsen,
1048 459 52 30 att
1123 458 62 31 den
1208 458 12 32 i
1243 459 152 40 enlighet
1418 461 75 31 med
1516 461 131 42 Kungl.
1669 461 115 43 Maj:ts

275 504 59 32 och
369 504 204 42 riksdagens
607 506 223 42 medgivande
857 508 46 40 (se
925 518 93 33 prop.
1042 520 42 20 nr
1108 511 59 30 192
1190 509 57 32 till
1272 511 81 31 1923
1377 512 56 31 års
1456 512 157 42 riksdag)
1636 514 43 41 på
1701 523 83 22 som-

277 566 113 21 maren
426 556 80 31 1923
539 556 121 32 träffat
694 558 168 41 godvillig
896 560 198 40 uppgörelse
1128 561 11 30 i
1173 561 129 31 tvisten
1329 572 52 21 om
1404 562 314 42 profilregleringen
1742 574 43 21 av

275 604 89 32 Göta
387 606 55 31 älv
465 606 75 31 från
565 606 219 32 Trollhättan
808 608 56 31 till
887 608 139 42 Vargön
1049 610 75 31 med
1141 610 39 31 de
1196 610 95 32 flesta
1308 612 250 41 strandägarna
1574 613 210 32 beträffande

275 655 180 41 åtskilliga
477 656 265 42 tvistepunkter,
767 669 69 20 som
860 669 79 20 voro
955 659 141 31 föremål
1113 660 52 31 för
1182 660 246 33 domstolarnas
1443 662 178 42 prövning.
1666 663 18 32 I
1700 675 84 20 sam-

280 705 87 32 band
390 705 74 32 med
488 707 110 31 denna
620 707 191 42 förlikning
834 707 84 33 hade
934 710 202 41 uppgörelse
1153 715 85 28 även
1255 712 136 31 träffats
1408 713 172 41 angående
1596 725 46 20 nu
1658 714 125 41 ifråga-

278 756 148 32 varande
461 756 297 42 dämningsskada.
803 758 174 42 Styrelsen
1011 760 86 31 hade
1131 760 121 33 därvid
1286 764 111 30 ansett
1431 763 129 41 skäligt
1587 766 53 29 att
1663 765 43 41 på
1728 764 56 32 det

276 808 69 29 sätt
368 806 209 43 tillmötesgå
599 808 268 42 strandägarnas
890 810 96 38 krav,
1012 814 51 28 att
1085 811 58 31 till
1166 812 82 38 dem,
1272 823 71 20 som
1365 813 110 41 enligt
1497 824 41 21 en
1553 824 42 21 av
1611 813 175 33 tillkallad

279 856 198 42 sakkunnig
510 858 175 42 företagen
719 859 184 42 värdering
933 860 80 31 lidit
1046 861 106 31 skada
1186 872 43 21 av
1261 863 206 32 1909—1910
1501 864 54 31 års
1583 864 161 41 dämning
1766 865 20 30 å

278 906 105 38 mark,
409 906 140 42 belägen
573 908 106 32 under
702 908 111 33 Grans
836 909 161 39 horisont,
1021 911 60 31 och
1104 911 95 32 vilka
1224 912 173 32 befunnits
1419 913 123 42 villiga
1558 916 53 29 att
1626 914 80 41 ingå
1721 914 66 31 för-

279 956 145 43 likning,
448 957 213 33 utbetalades
684 960 189 41 ersättning
895 960 74 32 med
992 962 11 29 i
1026 961 224 32 omförmälda
1271 963 183 41 värdering
1475 967 177 39 upptagna
1668 964 118 43 belopp

274 1007 108 42 Jämte
414 1010 109 37 ränta,
559 1009 83 32 dock
666 1011 73 30 med
763 1021 40 20 en
826 1010 71 32 viss
920 1011 182 32 reduktion
1125 1013 11 30 i
1160 1013 56 31 det
1239 1013 142 32 sålunda
1404 1014 191 32 beräknade
1619 1014 166 42 beloppet.

276 1057 74 32 Den
383 1059 110 31 totala
526 1060 246 41 ersättningen,
807 1060 201 32 inberäknat
1042 1061 226 33 kostnaderna
1302 1063 52 32 för
1381 1064 249 41 förlikningens
1653 1075 132 30 genom-

275 1107 149 39 förande,
448 1108 111 32 skulle
581 1111 115 40 uppgå
718 1110 58 31 till
800 1110 228 42 sammanlagt
1053 1113 132 36 100,000
1208 1112 133 32 kronor.

316 1157 80 33 Med
432 1158 248 43 tillstyrkande
713 1170 43 21 av
778 1160 129 42 Kungl.
931 1160 99 44 Maj:s
1054 1162 130 42 förslag
1206 1163 13 30 i
1242 1167 120 36 ämnet,
1386 1163 198 33 hemställer
1607 1165 178 38 utskottet,

618 1238 54 29 att
707 1236 186 42 riksdagen
927 1238 55 30 må
1014 1238 55 39 för
1101 1239 187 40 ersättning
1323 1250 39 20 av
1389 1240 120 31 skador
1531 1242 20 30 å
1574 1240 101 39 mark,
1698 1241 90 31 vilka

579 1286 204 39 uppkommit
811 1288 104 30 under
943 1289 80 30 åren
1051 1291 217 29 1909—1910
1290 1290 13 30 i
1325 1291 163 30 samband
1511 1291 72 31 med
1607 1290 180 32 Trollhätte

576 1336 231 39 kraftstations
840 1338 107 38 första
969 1338 206 40 utbyggnad,
1199 1339 52 31 för
1273 1340 203 41 budgetåret
1501 1342 205 31 1924—1925
1731 1352 55 21 an-

582 1386 76 33 visa
681 1390 49 28 ett
750 1388 355 42 reservationsanslag
1127 1400 43 20 av
1194 1391 133 37 100,000
1349 1391 132 31 kronor.

77 1473 41 59 AE
139 1465 112 71 TERREER
316 1472 90 39 23:0)
429 1470 18 32 I
474 1471 153 42 enlighet
648 1472 73 32 med
744 1472 130 42 Kungl.
898 1472 116 43 Maj:ts
1038 1473 129 42 förslag
1189 1475 125 41 (punkt
1330 1475 54 40 23)
1400 1475 196 32 hemställer
1612 1476 177 38 utskottet,

114 1513 123 19 raitsta-

62 1539 83 60 tions
163 1540 100 59 tredje
620 1550 53 29 att
695 1547 185 42 riksdagen
902 1549 55 30 må
978 1549 52 31 för
1045 1549 246 38 fullbordandet
1307 1560 39 21 av
1363 1551 180 30 Trollhätte
1558 1551 231 39 kraftstations

124 1581 79 76 23]
248 1591 8 8 |
580 1598 103 39 tredje
717 1598 193 40 utbyggnad
937 1599 52 30 för
1011 1598 202 42 budgetåret
1241 1602 206 30 1924—1925
1472 1600 118 33 anvisa
1613 1603 51 30 ett
1686 1612 102 21 reser-

579 1647 260 43 vationsanslag
862 1659 42 21 av
926 1649 135 38 450,000
1084 1649 129 32 kronor.

91 1732 150 26 Motioner
272 1727 21 53 —
321 1732 86 40 24:0)
430 1731 18 32 I
471 1743 40 21 en
534 1732 89 32 inom
641 1733 108 31 första
765 1732 195 32 kammaren
976 1733 104 32 väckt
1095 1735 126 31 motion
1237 1736 55 39 (nr
1308 1736 54 39 22)
1378 1746 42 21 av
1437 1736 77 32 herr
1529 1736 42 31 K.
1589 1736 198 40 Sandegård

63 1761 65 69 lar
149 1765 107 61 jord
280 1781 63 32 har
376 1782 202 39 hemställts,
614 1785 52 29 att
695 1783 183 41 riksdagen
900 1785 105 30 måtte
1027 1783 12 32 i
1062 1786 331 31 överensstämmelse
1416 1787 76 31 med
1515 1787 271 42 vattenfallssty-

62 1839 58 20 nen
130 1833 47 26 vid
189 1833 76 26 Lilla
276 1832 128 32 relsens
431 1833 13 30 i
468 1832 166 32 skrivelse
656 1833 57 31 till
734 1833 130 42 Kungl.
888 1833 99 42 Maj:t
1009 1834 64 31 den
1097 1836 39 30 29
1159 1835 187 42 september
1368 1836 120 42 gjorda
1510 1837 203 31 hemställan
1736 1838 52 30 för

123 1866 83 27 Edet.
276 1881 240 33 follbordande
549 1883 108 32 under
691 1884 201 41 budgetåret
923 1886 207 30 1924—1925
1154 1895 42 21 av
1219 1885 261 33 kraftstationen
1502 1887 59 31 vid
1584 1886 92 33 Lilla
1698 1887 91 32 Edet

277 1932 129 42 bevilja
430 1935 50 29 ett
502 1934 204 41 ytterligare
729 1934 121 41 anslag
872 1944 42 21 av
937 1935 135 37 500,000
1096 1934 131 39 kronor,
1252 1939 86 28 samt
1361 1937 120 37 uttala,
1499 1939 55 29 att
1570 1938 40 30 de
1625 1938 162 31 fortsatta

278 1983 161 32 arbetena
465 1983 60 32 vid
548 1984 265 41 ifrågavarande
837 1984 214 42 anläggning
1075 1985 73 32 icke
1171 1985 96 32 skola
1290 1986 90 32 hava
1402 1990 102 28 natur
1527 1998 42 20 av
1593 1987 193 43 nödhjälps-

275 2032 124 33 arbete.

318 2082 130 33 Vidare
472 2083 88 32 hava
582 2083 118 32 herrar
722 2084 42 32 A.
788 2084 159 31 Hansson
970 2084 11 31 i
1005 2084 218 33 Trollhättan
1246 2086 60 31 och
1333 2087 34 31 C.
1390 2087 37 31 P.
1454 2087 116 31 Olsson
1593 2088 11 30 i
1620 2088 166 31 Mellerud

283 2132 13 31 i
319 2143 38 21 en
384 2135 90 30 inom
498 2133 105 32 andra
626 2133 190 33 kammaren
842 2134 104 32 väckt
968 2136 128 31 motion
1118 2137 56 40 (nr
1196 2137 54 41 41)
1273 2136 93 43 gjort
1389 2147 41 21 en
1452 2137 222 43 likalydande
1698 2138 87 32 hem-

274 2184 134 31 ställan.

317 2233 214 33 Beträffande
554 2236 40 31 de
617 2235 85 39 skäl,
727 2237 247 31 motionärerna
997 2237 115 31 anfört
1142 2236 56 32 till
1221 2238 75 31 stöd
1313 2238 51 31 för
1384 2239 74 31 sina
1478 2239 305 41 framställningar,

275 2284 54 31 får
351 2284 170 32 utskottet
543 2285 144 32 hänvisa
708 2285 58 32 till
789 2288 218 31 motionerna.

313 2368 58 31 Av
409 2368 64 31 den
506 2380 41 20 av
570 2369 367 42 departementschefen
960 2370 58 31 vid
1042 2371 199 31 avlåtandet
1264 2382 43 20 av
1330 2372 88 30 årets
1442 2372 339 43 statsverksproposi-

272 2417 78 32 tion
373 2418 156 32 lämnade
551 2419 233 42 redogörelsen
807 2419 53 32 för
882 2419 266 42 ifrågavarande
1169 2420 135 43 företag
1325 2421 77 41 (sid.
1427 2423 39 30 80
1490 2421 61 33 och
1568 2424 38 30 81
1624 2433 43 21 av
1682 2425 99 29 stats-

270 2468 299 42 rådsprotokollet)
592 2469 171 32 inhämtas
786 2470 104 31 bland
912 2473 104 29 annat
1039 2470 163 42 följande:
