1868 2772
251 136 38 29 22
598 140 449 33 Konstitutionsutskottets
1073 146 185 29 memorial
1280 156 42 20 nr
1349 148 48 28 15.

296 220 312 32 Bestämmelserna
636 233 56 19 om
720 227 273 37 representation
1020 228 53 29 för
1100 229 339 40 försäkringstagare
1468 232 8 29 i
1504 233 169 38 styrelsen
1702 234 50 29 in-

254 270 114 31 fördes
391 272 38 29 år
454 272 92 30 1950.

296 322 11 28 I
325 323 211 29 reservation
555 333 39 19 nr
612 325 46 28 III
675 325 56 29 vid
750 326 442 33 konstitutionsutskottets
1211 331 352 38 dechargememorial
1582 334 82 29 1953
1681 335 69 28 rik-

253 372 94 29 tades
367 372 109 30 kritik
494 375 70 28 mot
582 375 65 29 den
666 375 221 41 tillämpning
906 387 73 21 som
999 387 121 31 genom
1139 382 48 27 ett
1207 381 123 39 Kungl.
1349 382 125 39 Maj:ts
1493 383 112 30 beslut
1623 385 67 29 den
1712 384 38 30 14

251 429 92 22 mars
366 422 83 30 1952
470 423 101 39 givits
591 425 34 29 åt
647 425 153 32 nämnda
820 426 272 32 bestämmelser.
1114 430 13 30 I
1149 430 203 41 anslutning
1373 432 118 30 därtill
1511 433 45 31 ha
1576 434 33 30 vi
1630 434 119 30 funnit

250 471 56 29 det
323 482 82 20 vara
425 483 42 20 av
487 474 144 30 intresse
650 478 51 27 att
722 478 196 30 undersöka
939 480 40 29 de
999 481 109 28 under
1129 482 311 39 granskningsåret
1459 484 208 39 föredragna
1688 485 61 29 fall

251 520 10 28 i
280 521 92 30 vilka
392 522 124 38 Kungl.
536 525 101 36 Maj:t
657 526 75 30 icke
752 528 149 37 godtagit
922 529 185 38 ordningar
1132 531 53 29 för
1208 533 159 29 utseende
1390 543 42 19 av
1453 535 297 38 styrelseledamö-

249 573 59 32 ter,
331 572 93 30 vilka
448 574 196 40 föreslagits
669 586 43 20 av
734 578 255 31 vederbörande
1013 580 113 40 bolag;
1154 582 172 38 därjämte
1350 584 63 29 har
1438 586 47 27 ett
1509 586 110 28 under
1643 586 105 29 våren

251 621 81 30 1954
350 623 163 30 inträffat
532 626 60 28 fall
610 626 170 32 beaktats.
798 628 70 30 Här
888 630 134 29 lämnas
1043 640 40 20 en
1101 632 216 38 redogörelse
1335 633 54 30 för
1409 634 100 30 dessa
1529 636 163 29 ärenden.

294 672 13 30 1
331 682 28 20 a.
380 673 474 44 Försäkringsaktiebolagen
874 679 155 31 Skandia
1050 681 64 30 och
1134 682 140 30 Norden
1294 700 43 4 —
1358 692 135 22 samma
1514 684 100 40 bolag
1634 685 114 32 vilkas

247 723 246 40 ansökningar,
519 727 164 38 avslagna
706 728 66 29 den
798 729 37 29 14
859 740 94 20 mars
982 731 91 34 1952,
1098 733 202 30 föranledde
1325 736 245 29 ovannämnda
1595 745 152 21 Teserva-

250 773 69 30 tion
338 774 56 30 vid
416 777 442 32 konstitutionsutskottets
879 781 353 39 dechargememorial
1256 784 80 29 1953
1356 803 44 2 —
1420 785 178 31 inkommo
1618 787 68 29 den
1710 788 38 28 16

248 823 74 35 juni
345 824 82 30 1952
450 827 77 29 med
550 827 168 39 förnyade
740 830 246 39 ansökningar.
1010 832 115 40 Enligt
1149 834 41 29 de
1212 843 41 20 av
1274 834 144 39 bolagen
1443 836 197 39 föreslagna
1663 838 83 29 änd-

246 873 164 39 ringarna
430 876 10 28 i
462 876 356 41 bolagsordningarna
840 881 112 29 skulle
974 883 167 37 styrelsen
1164 884 10 28 i
1196 886 48 27 ett
1265 887 73 27 vart
1359 895 41 20 av
1422 886 144 39 bolagen
1587 887 99 30 bestå
1706 897 41 20 av

246 924 87 39 lägst
354 925 71 29 fem
446 927 63 29 och
533 927 99 39 högst
656 929 73 30 åtta
751 929 103 30 bland
877 931 224 39 aktieägarna
1124 934 101 29 valda
1250 935 188 30 ledamöter
1461 939 90 27 samt
1574 938 57 29 två
1655 938 91 30 leda-

246 975 108 29 möter
372 977 79 28 med
470 978 136 38 uppgift
623 981 51 28 att
692 980 140 29 särskilt
851 982 88 29 vaka
958 983 78 28 över
1055 985 49 27 att
1124 984 385 41 försäkringstagarnas
1528 987 146 30 intresse
1692 998 53 20 ve-

245 1025 217 40 aerbörligen
484 1027 198 33 beaktades.
705 1030 48 29 De
774 1030 213 31 sistnämnda
1009 1033 232 31 ledamöterna
1263 1035 109 30 skulle
1392 1036 112 36 väljas
1527 1037 43 36 på
1592 1037 155 37 följande

244 1074 83 31 sätt:
346 1085 42 20 en
406 1077 194 39 delegation
616 1078 186 34 bestående
819 1090 41 22 av
877 1082 220 35 ordförande,
1116 1083 191 33 förordnad
1325 1095 42 22 av
1384 1086 362 42 försäkringsinspek-

245 1125 126 35 tionen,
390 1131 92 27 samt
498 1138 42 20 en
557 1132 240 37 representant
816 1132 54 29 för
888 1142 61 20 var
967 1133 63 29 och
1048 1143 40 20 en
1107 1144 42 20 av
1166 1135 156 39 följande
1341 1138 286 37 organisationer,
1647 1140 98 29 näm-

245 1175 88 39 ligen
355 1176 155 41 Sveriges
533 1179 454 40 fastighetsägareförbund,
1010 1184 154 39 Sveriges
1188 1185 204 31 hantverks-
1414 1188 65 29 och
1501 1189 245 30 småindustri-

243 1226 247 39 organisation,
513 1229 153 39 Sveriges
688 1230 316 37 industriförbund,
1025 1234 154 40 Sveriges
1200 1236 366 39 köpmannaförbund,
1589 1239 155 39 Sveriges

244 1276 338 33 lantbruksförbund
610 1282 92 28 samt
729 1281 316 39 Tjänstemännens
1073 1286 384 39 centralorganisation,
1488 1288 110 30 skulle
1628 1290 116 29 såsom

244 1326 206 31 kandidater
468 1329 51 29 till
536 1331 431 39 styrelsebefattningarna
984 1335 74 28 utse
1075 1337 51 27 tre
1143 1336 127 39 gånger
1287 1337 37 30 så
1342 1338 127 39 många
1487 1348 164 30 personer
1669 1350 74 20 som

242 1377 130 30 antalet
391 1387 43 21 av
454 1379 41 29 de
516 1381 335 37 styrelseledamöter
874 1392 75 20 som
972 1384 109 30 skulle
1103 1385 179 36 tillsättas;
1308 1387 435 42 försäkringstagarrepre-

243 1428 224 30 sentanterna
490 1429 10 29 i
523 1431 169 38 styrelsen
714 1432 111 30 skulle
848 1433 152 30 därefter
1023 1436 186 30 förordnas
1233 1446 41 21 av
1297 1437 125 39 Kungl.
1448 1439 104 38 Maj:t
1574 1439 106 31 bland
1702 1441 42 29 de

242 1486 41 20 av
307 1478 295 40 valdelegationen
627 1481 149 31 sålunda
801 1484 157 30 utsedda.
985 1485 181 30 Likaledes
1192 1487 9 28 i
1225 1487 77 38 juni
1330 1488 82 29 1952
1439 1489 119 29 inkom
1583 1491 158 29 ansökan

241 1526 79 30 från
338 1528 517 44 Livförsäkringsaktiebolaget
873 1533 165 38 Skandia,
1056 1535 439 42 Skandia-Nordstjernan,
1515 1548 43 22 av
1576 1539 11 30 i
1607 1539 136 31 huvud-

243 1578 62 29 sak
324 1588 135 21 samma
479 1580 153 30 innehåll
653 1592 75 20 som
750 1584 39 29 de
809 1585 247 39 ansökningar,
1076 1588 55 28 för
1151 1587 92 30 vilka
1265 1597 45 20 nu
1333 1585 205 47 redogjorts.

285 1628 65 30 Om
368 1630 67 29 den
454 1640 42 20 av
514 1631 145 39 bolagen
679 1633 196 39 föreslagna
894 1635 250 40 valordningen
1164 1637 145 30 anförde
1330 1638 412 42 försäkringsinspektio-

241 1688 66 19 nen
328 1679 44 30 bl.
393 1689 40 25 a.,
456 1682 51 28 att
526 1682 65 28 den
613 1684 119 37 syntes
754 1684 285 41 ändamålsenlig.
1061 1687 246 40 Inspektionen
1332 1689 189 39 tillstyrkte
1542 1691 120 30 därför
1683 1691 59 30 bo-

242 1729 328 41 lagsordningarnas
589 1732 262 31 bestämmelser
870 1735 9 29 i
900 1737 127 29 ämnet.

285 1779 47 30 På
349 1780 248 40 föredragning
613 1784 64 28 och
695 1784 208 30 hemställan
921 1795 42 20 av
980 1787 186 30 statsrådet
1185 1788 161 30 Ericsson
1363 1790 110 29 beslöt
1491 1791 124 38 Kungl.
1635 1792 106 38 Maj:t

239 1829 66 30 den
331 1830 38 30 13
391 1830 155 31 februari
572 1832 82 30 1953
677 1835 52 29 att
751 1834 115 31 lämna
888 1836 285 40 ansökningarna
1197 1840 83 28 utan
1304 1839 109 30 bifall.

285 1880 14 29 1
324 1880 30 29 b.
379 1881 113 30 Sedan
517 1882 187 31 statsrådet
728 1883 162 32 Ericsson
914 1886 67 29 den
1005 1887 18 29 2
1045 1886 80 39 juni
1151 1887 84 31 1953
1258 1906 43 3 —
1325 1889 106 40 enligt
1456 1899 42 21 en
1522 1891 217 40 redogörelse

240 1938 71 21 som
330 1940 42 21 av
390 1931 154 32 Skandia
561 1933 199 32 tillställdes
777 1935 56 29 TT
851 1936 67 30 den
937 1936 18 30 6
975 1936 153 31 februari
1149 1938 84 30 1954
1249 1956 44 21 —
1311 1940 119 39 avböjt
1447 1942 49 30 ett
1514 1942 111 29 under
1643 1942 96 31 hand

239 1980 163 41 framlagt
422 1982 140 39 förslag,
583 1985 108 39 ansåg
710 1985 105 39 enligt
836 1996 135 21 samma
990 1988 216 39 redogörelse
1226 1990 169 30 Skandias
1417 1992 153 38 styrelse,
1591 1994 51 28 att
1662 1995 77 38 nytt

238 2030 129 41 förslag
382 2031 77 31 icke
477 2032 104 31 borde
597 2034 212 40 framläggas
827 2036 54 30 för
898 2036 271 40 bolagsstämma
1188 2040 84 29 utan
1290 2042 48 28 att
1355 2041 196 30 detsamma
1568 2042 90 32 först
1675 2052 64 20 un-

238 2081 174 31 derställts
435 2083 368 41 försäkringstagarna
823 2087 56 30 vid
902 2089 227 39 omröstning.

281 2131 97 30 Efter
396 2133 58 29 det
473 2135 50 28 att
543 2134 107 30 sådan
669 2137 217 37 omröstning
905 2138 208 35 verkställts,
1136 2140 205 30 hemställde
1359 2141 155 31 Skandia
1535 2152 56 20 om
1611 2144 127 38 Kungl.

238 2181 121 40 Maj:ts
380 2183 221 32 stadfästelse
620 2195 43 20 av
683 2195 67 30 nya
769 2187 188 39 ändringar
977 2189 10 28 i
1008 2188 324 41 bolagsordningen.
1353 2192 74 29 Den
1449 2193 77 29 med
1547 2193 191 31 framställ-

237 2231 126 40 ningen
383 2235 151 29 avsedda
555 2234 227 32 föreskriften
802 2236 156 36 innebar,
980 2240 48 29 att
1051 2239 169 39 styrelsen
1244 2240 109 32 skulle
1375 2241 97 31 bestå
1493 2252 41 22 av
1555 2244 88 39 lägst
1665 2244 71 30 fem

236 2283 63 28 och
319 2283 100 39 högst
439 2284 72 30 åtta
533 2288 278 37 representanter
832 2288 53 29 för
904 2289 224 39 aktieägarna
1152 2293 90 27 samt
1263 2292 55 29 två
1340 2293 189 29 ledamöter
1550 2295 78 29 med
1650 2304 87 31 upp-

236 2332 63 38 gift
318 2335 49 29 att
389 2335 143 29 särskilt
551 2336 88 29 vaka
658 2338 81 28 över
759 2339 49 28 att
828 2338 385 40 försäkringstagarnas
1234 2342 145 30 intresse
1401 2344 259 39 vederbörligen
1680 2345 56 30 be-

235 2382 153 31 aktades.
408 2385 49 29 De
478 2385 219 31 sistnämnda
720 2388 235 30 ledamöterna
977 2390 109 30 skulle
1107 2391 112 39 väljas
1241 2402 40 20 av
1301 2402 40 19 en
1363 2393 194 39 delegation
1578 2395 158 30 beståen-

234 2432 40 29 de
291 2443 41 20 av
347 2434 209 31 ordförande
573 2436 63 29 och
653 2437 74 29 vice
744 2438 218 34 ordförande,
980 2439 208 31 förordnade
1206 2451 40 19 av
1265 2438 470 47 försäkringsinspektionen,
