1896 2822
304 144 110 29 Andra
434 144 196 29 kammarens
647 151 119 29 första
790 146 168 34 tillfälliga
977 147 136 27 utskotts
1135 146 162 29 utlåtande
1322 146 46 28 Nr
1396 151 26 25 3.
1587 147 38 30 25

117 232 199 39 näppeligen
339 231 115 33 kunna
476 244 95 20 anses
594 231 168 40 lämpligt,
786 236 51 28 att
860 236 108 28 staten
991 236 180 34 upprättar
1195 233 117 38 dylika
1336 233 284 38 upplysningsby-

118 275 83 32 råer.
244 274 189 32 Initiativet
455 285 98 27 synes
574 278 150 28 närmast
743 275 81 31 böra
844 276 83 37 utgå
948 275 76 31 från
1047 275 185 38 respektive
1255 275 242 32 studentkårer.
1538 276 82 31 Där-

117 320 87 29 emot
224 316 93 33 torde
339 316 55 32 det
413 316 113 32 kunna
548 328 94 20 anses
664 328 83 20 vara
768 320 47 29 ett
837 317 134 38 statligt
991 317 140 32 intresse
1152 321 49 28 att
1223 317 206 33 ekonomiskt
1452 318 108 37 stödja
1583 330 37 20 en

117 359 103 32 sådan
241 358 459 33 informationsverksamhet.
746 359 122 32 Kunde
890 371 38 20 en
951 359 79 32 klok
1052 359 207 39 anpassning
1280 372 41 19 av
1344 360 169 32 studierna
1535 360 85 32 däri-

116 413 117 27 genom
252 401 219 38 underlättas,
491 412 77 21 vore
589 401 54 33 det
661 401 55 32 till
736 413 90 27 gagn
845 401 73 32 icke
938 401 83 32 blott
1043 402 53 31 för
1116 402 60 32 den
1195 402 150 32 enskilde
1364 406 81 28 utan
1465 408 81 27 även
1568 403 52 32 för

116 444 54 31 det
192 443 180 32 allmänna.

159 485 51 32 De
234 485 169 38 åtgärder,
428 496 69 20 som
519 485 115 32 kunna
658 488 106 29 sättas
788 485 12 31 1
825 485 110 38 fråga,
961 485 79 32 böra
1065 486 142 31 sålunda
1230 486 105 38 enligt
1360 487 259 37 överstyrelsens

114 527 224 38 uppfattning
356 527 128 32 mindre
503 527 87 31 sikta
608 527 55 31 till
682 530 50 29 att
751 539 117 26 genom
888 527 167 32 särskilda
1076 528 229 32 restriktioner
1326 528 152 32 försvåra
1498 528 121 32 tillträ-

115 569 52 33 det
186 569 54 31 till
259 569 201 32 lärarbanan
480 574 42 27 än
539 569 54 31 till
613 572 49 28 att
681 569 118 38 hjälpa
818 570 60 31 och
897 569 143 39 vägleda
1059 570 60 31 den
1141 570 198 32 studerande
1358 570 185 39 ungdomen
1562 570 57 32 vid

111 611 74 32 dess
202 611 56 31 val
275 623 42 20 av
334 611 191 38 utbildning
543 611 60 31 och
620 611 222 32 levnadskall.

158 653 76 32 Vad
256 653 171 31 beträffar
449 654 61 31 den
533 653 103 31 andra
659 665 41 19 av
724 654 38 31 de
785 653 86 31 båda
894 653 300 39 huvuduppgifter,
1220 666 68 19 som
1312 654 107 32 skulle
1443 655 114 37 åligga
1579 666 39 20 en

114 694 165 32 eventuell
303 694 191 39 utredning,
518 694 166 39 nämligen
710 698 50 28 att
783 695 189 32 undersöka
996 695 255 38 möjligheterna
1275 696 53 31 för
1352 708 36 20 en
1415 696 205 38 förbättring

113 736 61 32 och
195 736 231 38 stabilisering
446 748 41 19 av
509 736 38 32 de
566 740 96 28 extra
683 737 167 31 ordinarie
871 737 150 32 lärarnas
1045 737 171 38 ställning,
1239 738 93 31 torde
1355 738 51 31 det
1430 738 187 32 huvudsak-

113 778 90 39 ligen
222 790 50 20 om
292 778 101 32 också
410 778 74 32 icke
502 778 211 32 uteslutande
732 778 93 39 gälla
843 779 158 38 åtgärder
1020 791 42 19 av
1080 779 193 32 ekonomisk
1291 784 108 27 natur.
1436 780 63 32 Det
1520 791 97 27 synes

113 820 140 33 särskilt
271 832 82 20 vara
373 823 47 29 ett
440 832 62 27 par
522 820 126 39 frågor,
669 832 69 20 som
758 821 11 31 i
791 821 91 32 detta
901 821 239 39 sammanhang
1162 822 148 37 förtjäna
1329 826 49 28 att
1396 826 98 35 tagas
1515 823 103 31 under

112 863 231 38 omprövning.

156 905 72 32 Den
246 916 61 20 ena
324 910 38 26 är
378 904 534 33 ämneslärarinneinstitutionens
930 903 160 41 ställning
1108 906 57 31 vid
1183 907 81 31 våra
1283 906 236 32 samläroverk.
1555 906 61 32 Ge-

111 958 75 20 nom
218 948 84 31 1927
335 947 54 31 års
421 947 156 38 riksdags
609 947 110 32 beslut
749 947 211 32 fastställdes
992 959 37 20 en
1061 948 193 37 proportion
1286 948 120 32 mellan
1437 949 179 31 lärarinne-

110 989 145 38 tjänster
279 989 61 31 och
365 989 118 38 övriga
507 989 448 38 ämneslärarbefattningar,
982 1001 69 20 som
1076 990 200 38 näppeligen
1300 990 93 33 torde
1418 991 87 31 hava
1529 991 89 31 varit

110 1031 134 38 avsedd,
268 1031 60 32 och
349 1031 57 32 vid
430 1032 84 32 1928
536 1031 55 31 års
614 1031 140 39 riksdag
775 1031 123 32 beslöts
920 1031 100 32 också
1039 1044 40 19 en
1102 1032 216 39 modifiering
1340 1044 41 20 av
1403 1033 60 31 den
1487 1033 129 38 föregå-

110 1073 80 32 ende
214 1073 37 31 år
274 1073 193 38 fastslagna
489 1073 246 38 proportionen.
780 1073 103 32 Detta
907 1077 111 28 senast
1041 1074 131 32 fattade
1197 1074 108 32 beslut
1330 1080 78 33 äger
1433 1075 183 32 emellertid

110 1115 118 33 endast
254 1115 210 38 provisorisk
490 1115 164 32 karaktär
680 1115 73 32 med
781 1115 159 39 giltighet
966 1115 54 32 till
1047 1116 60 32 och
1134 1117 73 31 med
1236 1116 123 32 läsåret
1388 1118 228 31 1930—1931.

110 1157 154 38 Frågans
283 1156 141 39 slutliga
441 1156 133 39 lösning
590 1158 106 31 måste
715 1157 185 32 emellertid
919 1158 71 32 med
1011 1158 52 32 det
1083 1161 150 29 snaraste
1251 1162 98 35 tagas
1368 1171 66 26 upp
1454 1159 53 31 till
1527 1164 88 27 över-

106 1199 164 38 vägande,
289 1199 114 31 därest
419 1210 76 20 man
512 1199 73 31 icke
603 1199 89 31 skall
710 1199 96 32 finna
824 1199 53 38 sig
895 1200 51 31 stå
962 1200 91 31 inför
1071 1212 37 19 en
1128 1199 139 33 fastlåst
1283 1201 191 37 proportion
1493 1201 121 32 mellan

110 1241 428 38 ämneslärarinnetjänster
567 1241 59 32 och
654 1241 316 39 adjunktstjänster,
1000 1253 69 21 som
1097 1242 125 32 varken
1252 1242 194 39 tillgodoser
1474 1243 141 32 lärover-

109 1283 82 32 kens
218 1283 98 32 bästa
343 1283 80 32 eller
451 1283 53 33 det
531 1284 192 32 nuvarande
751 1283 317 39 befordringsläget.
1119 1285 55 31 Då
1201 1285 414 32 ämneslärarinneinstitu-

109 1325 112 32 tionen
244 1325 150 32 infördes
417 1325 12 31 i
452 1325 60 32 och
535 1325 74 32 med
633 1325 331 33 statssamskolornas
988 1327 189 31 inrättande
1202 1338 115 27 genom
1344 1329 84 31 1904
1452 1328 54 31 års
1532 1328 83 31 läro-

108 1367 233 38 verksreform,
369 1368 144 32 saknade
539 1368 139 31 kvinnor
704 1368 193 38 behörighet
923 1368 53 32 till
1003 1369 232 38 lärartjänster
1260 1370 56 31 vid
1343 1369 163 33 allmänna
1533 1371 81 31 läro-

106 1409 93 38 verk,
217 1409 60 32 och
294 1409 118 32 endast
429 1413 48 29 ett
494 1412 123 35 ytterst
636 1409 75 32 litet
729 1410 88 31 fåtal
834 1410 376 38 adjunktskompetenta
1227 1410 142 33 kvinnor
1387 1411 131 32 funnos.
1559 1412 56 31 Nu

110 1456 38 27 är
163 1452 93 37 läget
271 1455 47 28 ett
335 1455 112 28 annat.
486 1452 154 31 Kvinnor
656 1457 64 33 äga
738 1455 68 29 rätt
823 1453 60 31 och
900 1452 90 32 bliva
1005 1453 11 30 i
1035 1453 150 38 ständigt
1203 1453 86 32 ökad
1307 1454 202 38 omfattning
1526 1454 89 31 kom-

109 1497 135 33 petenta
261 1496 49 28 att
329 1493 79 32 söka
428 1493 69 32 alla
514 1493 91 39 slags
624 1494 438 38 ämneslärarbefattningar
1080 1495 56 31 vid
1156 1495 204 32 läroverken.
1401 1495 64 32 Det
1487 1501 36 26 är
1543 1496 72 31 där-

110 1536 54 31 för
183 1534 126 33 varken
328 1535 171 38 behövligt
519 1535 81 32 eller
619 1536 138 31 rättvist
776 1539 50 29 att
846 1536 174 38 samtidigt
1040 1548 167 20 reservera
1228 1541 46 28 ett
1296 1541 102 28 större
1419 1538 91 31 antal
1530 1537 84 39 plat-

109 1588 53 21 ser
185 1577 55 31 för
261 1577 155 31 kvinnor.
463 1577 112 31 Lönen
599 1578 54 31 för
676 1577 354 38 adjunktskompetent
1055 1578 282 32 ämneslärarinna
1363 1584 38 26 är
1426 1579 188 32 densamma

110 1630 69 20 som
202 1619 53 31 för
276 1618 157 38 kvinnlig
454 1619 153 37 adjunkt,
631 1619 209 37 majoriteten
865 1619 144 32 sökande
1030 1619 55 32 till
1107 1620 424 37 ämneslärarinnetjänster
1555 1622 61 30 har

109 1660 369 39 adjunktsbehörighet,
505 1672 72 20 men
602 1661 117 32 medan
746 1661 39 32 de
812 1660 103 34 flesta
941 1661 125 32 sådana
1090 1661 176 39 kvinnliga
1293 1662 143 32 sökande
1463 1663 52 32 för
1541 1668 72 26 när-

107 1702 147 33 varande
273 1702 44 32 ha
338 1703 54 31 för
412 1702 76 32 kort
507 1702 176 38 tjänstetid
704 1703 54 32 för
778 1707 52 27 att
848 1704 12 30 i
882 1703 101 39 fråga
1002 1715 50 20 om
1074 1704 303 38 adjunktstjänster
1397 1705 114 31 kunna
1531 1717 81 26 upp-

107 1747 83 36 taga
211 1744 116 32 tävlan
349 1745 75 31 med
446 1745 255 32 välmeriterade
724 1744 149 40 manliga
897 1745 214 39 extralärare,
1137 1758 68 19 som
1229 1746 111 33 kunna
1363 1747 42 31 ha
1429 1747 119 31 mellan
1574 1748 39 31 20

108 1787 60 31 och
190 1787 41 31 30
253 1786 174 33 terminers
449 1786 56 32 väl
525 1787 172 31 vitsordad
718 1787 239 39 tjänstgöring,
979 1787 112 32 kunna
1115 1788 38 32 de
1174 1789 73 31 med
1270 1788 133 33 relativt
1426 1789 73 31 litet
1521 1789 93 32 antal

107 1828 164 39 tjänsteår
289 1829 102 31 vinna
410 1828 178 33 befordran
608 1829 53 32 till
681 1824 311 61 ämneslärarinnor.
1035 1829 65 33 Det
1120 1830 65 32 kan
1206 1830 72 33 icke
1298 1842 81 20 vara
1398 1831 145 34 rättvist.
1565 1835 48 28 att

108 1871 38 31 de
163 1870 177 39 kvinnliga
359 1870 189 33 sökandena
567 1871 95 32 skola
679 1872 44 37 på
741 1871 92 32 detta
851 1875 67 29 sätt
936 1872 43 38 på
997 1884 38 35 en
1053 1877 132 34 genväg
1202 1872 131 33 komma
1352 1873 87 32 förbi
1458 1874 59 31 och
1537 1874 75 31 från

107 1912 181 32 befordran
316 1916 180 35 utestänga
526 1913 38 31 de
594 1925 68 20 mer
690 1913 197 33 meriterade
916 1926 42 19 av
987 1914 73 32 sina
1089 1915 148 38 manliga
1267 1915 229 32 medsökande.
1550 1916 62 31 Att

107 1954 517 32 ämneslärarinneinstitutionen
648 1955 147 37 alltjämt
818 1960 38 26 är
877 1955 191 39 nödvändig
1090 1956 55 32 vid
1171 1956 276 39 samläroverken,
1471 1962 37 27 är
1531 1963 81 26 även

107 1996 264 38 överstyrelsens
396 1996 233 39 uppfattning.
675 1996 108 32 Dessa
807 1997 154 32 läroverk
985 1998 103 32 måste
1111 2009 83 21 vara
1219 1999 216 37 garanterade
1459 1999 155 38 kvinnlig

106 2038 200 32 lärarkraft.
349 2039 54 31 En
421 2039 70 31 viss
512 2050 111 20 reserv
643 2051 40 19 av
703 2039 126 32 sådana
848 2040 143 37 tjänster
1011 2045 37 26 är
1067 2040 165 32 måhända
1253 2046 81 26 även
1354 2041 165 32 önskvärd
1540 2042 72 31 med

106 2080 131 38 hänsyn
257 2080 54 32 till
333 2081 39 32 de
393 2080 197 39 lärarinnor,
613 2093 69 20 som
704 2093 117 27 genom
843 2082 321 38 omorganisationen
1187 2082 126 33 förlora
1335 2083 49 32 sin
1406 2084 206 38 anställning

104 2122 58 32 vid
179 2123 102 38 högre
300 2122 251 33 flickläroverk.
592 2123 75 32 Men
686 2123 61 32 den
765 2135 45 20 nu
828 2123 155 39 gällande
1001 2124 233 38 proportionen
1255 2125 120 31 mellan
1395 2125 212 39 »kvinnliga»

106 2164 60 32 och
189 2164 172 39 »manliga
382 2165 80 32 eller
483 2165 197 38 kvinnliga»
704 2165 324 43 lärarbefattningar
1051 2171 37 27 är
1109 2167 73 31 med
1207 2167 153 32 säkerhet
1382 2168 72 31 icke
1477 2168 134 31 motive-

106 2206 60 32 rad
186 2218 41 20 av
246 2210 46 29 ett
312 2207 233 32 motsvarande
564 2203 116 55 behov.
723 2204 96 35 Även
840 2219 51 20 om
911 2208 467 38 ämneslärarinnetjänsterna
1397 2210 214 31 reducerades

105 2247 56 33 till
180 2249 202 37 exempelvis
402 2249 58 31 två
479 2249 57 31 vid
555 2249 93 37 varje
668 2249 228 32 samläroverk
916 2249 80 32 eller
1014 2250 54 31 till
1089 2251 59 31 och
1169 2251 72 32 med
1262 2263 38 19 en
1320 2251 55 32 vid
1396 2251 215 39 enkellinjiga

105 2290 184 32 realskolor
306 2310 45 3 —
369 2290 244 39 överstyrelsen
633 2290 60 33 vill
713 2291 136 32 därmed
867 2291 74 33 icke
960 2292 85 31 hava
1065 2292 123 32 uttalat
1208 2293 53 38 sig
1281 2293 52 32 för
1354 2293 104 32 denna
1477 2305 134 26 propor-

104 2332 71 32 tion
191 2351 45 4 —
254 2332 109 32 skulle
381 2332 196 33 läroverken
596 2333 86 32 ändå
700 2333 134 32 komma
852 2337 50 28 att
920 2333 224 39 tillgodogöra
1164 2335 52 38 sig
1236 2335 38 32 de
1294 2335 317 39 adjunktsbehöriga

103 2374 176 39 kvinnliga
294 2375 197 38 sökandena,
507 2375 103 32 ehuru
625 2376 54 31 till
695 2388 39 20 en
750 2376 114 38 början
880 2377 10 30 i
907 2376 164 38 egenskap
1089 2389 40 19 av
1145 2381 92 28 extra
1255 2378 159 32 ordinarie
1431 2378 106 33 lärare
1554 2378 57 32 och

106 2417 87 31 först
212 2428 113 20 senare
345 2428 67 21 som
430 2417 177 37 adjunkter
626 2418 11 30 i
657 2418 61 31 den
738 2418 139 37 ordning
896 2418 37 32 de
954 2419 71 31 med
1046 2419 177 38 framgång
1243 2419 108 32 kunde
1371 2420 89 33 tävla
1481 2421 71 31 med
1574 2420 37 32 de

105 2457 149 39 manliga
274 2457 276 33 medsökandena.
