1900 2854
515 178 115 30 Andra
654 176 226 39 lagutskottets
903 174 166 31 utlåtande
1091 173 46 30 Nr
1158 173 47 30 10.
1590 169 17 29 7

161 273 15 29 I
201 271 89 29 detta
315 269 236 36 sammanhang
578 267 92 30 torde
696 265 185 31 emellertid
904 265 83 29 böra
1011 263 158 39 påpekas,
1195 263 48 28 att
1269 270 51 20 om
1344 257 264 40 ifrågavarande

122 316 265 36 livräntetagare
407 313 137 30 beredes
565 311 148 30 särskild
734 310 342 37 tilläggsersättning,
1098 308 127 29 komme
1245 307 196 35 härigenom
1461 305 12 28 i
1494 312 41 21 en
1556 302 53 30 del

121 361 63 29 fall
212 362 109 28 rätten
349 358 53 29 till
428 357 182 30 understöd
638 356 77 29 från
743 354 404 38 pensionsförsäkringen
1176 353 47 28 att
1250 350 150 30 minskas
1428 348 84 30 eller
1539 347 70 30 helt

120 404 169 30 bortfalla.

162 493 64 30 Det
251 493 92 30 torde
367 492 80 30 böra
472 491 147 37 stadgas,
644 491 48 28 att
716 489 71 36 den,
813 497 69 21 som
906 487 106 30 under
1036 486 73 30 året
1133 486 75 29 näst
1232 484 75 30 före
1330 483 62 36 det,
1417 481 107 31 under
1549 480 60 31 vil-

120 538 53 29 ket
195 537 244 36 framställning
464 546 50 20 om
540 535 316 37 tilläggsersättning
881 535 106 34 göres,
1013 532 83 28 varit
1121 529 134 31 taxerad
1279 528 49 30 till
1353 528 155 29 inkomst-
1533 526 78 30 eller

123 582 352 38 förmögenhetsskatt,
504 581 74 29 icke
607 580 52 29 må
686 579 145 36 beviljas
860 577 104 30 sådan
994 574 341 39 tilläggsersättning.
1386 571 158 31 Givetvis
1574 572 37 27 är

124 628 53 30 det
204 628 73 30 icke
304 627 101 37 något
431 625 129 32 hinder,
588 626 57 33 att,
672 633 51 20 om
749 621 258 31 förhållandena
1034 620 102 30 sedan
1162 618 178 31 förändras
1368 617 59 30 och
1455 615 156 30 vederbö-

124 672 102 29 rande
245 672 74 30 icke
338 671 115 29 vidare
474 673 37 26 är
531 669 148 34 taxerad,
699 667 145 35 förnyad
862 665 253 37 framställning
1136 665 67 29 kan
1222 666 110 35 göras.
1373 662 125 29 Vidare
1518 659 94 30 torde

125 726 40 21 en
188 715 228 30 bestämmelse
440 715 80 29 böra
544 714 132 29 införas
700 722 42 20 av
767 711 158 34 innehåll,
950 712 48 28 att
1023 719 51 20 om
1097 710 72 34 den,
1194 717 70 21 som
1287 707 147 36 åtnjuter
1458 705 154 37 tilläggs-

125 762 199 36 ersättning,
352 760 188 29 sedermera
566 758 67 30 blir
661 757 138 29 taxerad
827 756 52 30 till
907 756 158 28 inkomst-
1094 754 60 29 och
1181 751 353 38 förmögenhetsskatt,
1562 749 51 29 må

126 805 375 37 tilläggsersättningen
522 803 169 37 indragas.
732 801 15 29 I
769 801 63 29 fall
854 810 40 20 en
915 800 252 36 inkomstgräns
1188 797 129 30 införes
1338 797 11 28 i
1371 795 150 38 enlighet
1542 793 72 30 med

126 851 64 29 vad
215 860 45 20 nu
287 849 208 37 ifrågasatts,
523 848 131 29 komma
679 846 149 37 givetvis
855 844 226 29 kostnaderna
1108 844 47 28 att
1182 842 102 37 något
1310 841 159 29 minskas.
1517 838 97 30 Huru

126 896 71 29 stor
224 894 237 36 minskningen
488 893 66 28 kan
583 892 128 29 komma
739 892 47 28 att
813 889 101 36 bliva,
943 891 38 26 är
1008 887 187 30 emellertid
1223 885 150 38 omöjligt
1401 887 48 28 att
1476 884 42 37 på
1547 883 66 29 för-

125 938 88 30 hand
234 939 186 36 förutsäga.

167 1029 113 30 Såsom
307 1037 42 20 av
377 1026 224 31 ovanstående
628 1024 161 37 framgår,
816 1032 80 20 anse
924 1023 53 36 sig
1005 1020 255 30 ämbetsverken
1287 1027 42 21 av
1356 1017 142 30 anförda
1526 1017 89 37 prin-

127 1074 136 37 cipiella
287 1072 75 30 skäl
386 1072 80 29 böra
491 1070 173 36 avstyrka,
689 1071 47 26 att
761 1067 169 30 särskilda
955 1066 159 37 åtgärder
1139 1065 156 36 vidtagas
1319 1063 54 29 för
1398 1064 48 28 att
1472 1061 144 29 framför

128 1119 103 28 andra
251 1117 214 35 understödja
487 1115 39 29 de
548 1123 170 29 personer,
740 1122 69 19 som
831 1114 58 27 äro
911 1110 210 37 berättigade
1143 1109 53 30 till
1219 1109 146 29 livränta
1387 1107 107 36 enligt
1517 1106 99 37 lagen

129 1162 61 31 den
209 1163 17 28 5
245 1162 62 37 juli
328 1161 75 29 1901
423 1159 172 37 angående
615 1158 188 36 ersättning
823 1157 54 30 för
897 1155 104 30 skada
1022 1155 52 28 till
1094 1154 84 36 följd
1198 1162 42 20 av
1260 1151 180 37 olycksfall
1461 1152 11 28 i
1492 1150 123 29 arbete.

128 1207 121 31 Därest
271 1206 185 29 emellertid
477 1204 260 29 statsmakterna
759 1201 111 29 skulle
892 1200 105 34 finna,
1021 1202 47 27 att
1090 1199 97 29 dessa
1208 1196 214 39 principiella
1444 1195 76 30 skäl
1543 1195 74 28 icke

127 1251 81 31 böra
229 1253 51 29 stå
301 1249 184 31 hindrande
507 1250 10 27 i
539 1251 110 34 vägen
669 1249 81 27 utan
771 1248 47 27 att
840 1244 333 37 tilläggsersättning
1194 1242 59 29 bör
1275 1241 223 30 tillerkännas
1519 1239 97 29 dessa

129 1305 169 28 personer,
326 1303 100 27 synes
453 1293 107 37 enligt
588 1291 273 30 ämbetsverkens
886 1289 219 37 uppfattning
1134 1286 375 38 tilläggsersättningen
1536 1283 82 30 böra

129 1342 81 35 utgå
234 1344 10 27 i
267 1338 228 37 huvudsaklig
519 1335 333 31 överensstämmelse
875 1334 72 29 med
970 1333 39 30 de
1032 1332 158 38 grunder,
1214 1340 69 20 som
1307 1330 183 37 tillämpats
1513 1329 43 37 på
1579 1327 39 30 de

130 1385 191 35 alternativ,
345 1383 92 29 vilka
460 1391 86 21 ovan
570 1381 132 29 anförts
724 1381 110 28 såsom
856 1378 159 37 exempel,
1040 1377 59 29 och
1121 1376 105 30 under
1249 1376 38 29 de
1311 1375 125 29 villkor
1459 1375 12 28 i
1494 1374 124 36 övrigt,

131 1429 253 29 ämbetsverken
406 1427 170 29 förutsatt.

168 1490 64 29 Vid
256 1489 152 29 anmälan
432 1498 40 20 av
496 1488 131 29 ärendet
651 1488 60 28 den
735 1487 18 29 6
777 1485 165 30 december
966 1484 77 29 1929
1066 1483 104 30 beslöt
1194 1481 120 37 Kungl.
1341 1480 107 38 Maj:t,
1473 1481 45 28 att
1542 1478 78 30 1925

129 1543 56 29 års
207 1543 153 36 riksdags
382 1542 227 30 ovannämnda
631 1540 159 29 skrivelse
813 1540 71 28 icke
906 1538 108 29 skulle
1037 1536 171 30 föranleda
1230 1535 108 37 någon
1361 1534 111 29 vidare
1495 1532 124 38 åtgärd.

172 1660 127 29 Jämväl
321 1659 52 29 vid
393 1658 150 38 fjolårets
565 1658 135 36 riksdag
720 1656 149 30 förekom
889 1655 120 36 frågan
1030 1653 49 30 till
1098 1652 207 36 behandling.

172 1713 14 29 I
211 1723 38 19 en
272 1714 87 28 inom
383 1713 102 28 andra
509 1712 188 28 kammaren
721 1710 94 29 väckt
839 1710 129 32 motion,
992 1717 40 19 nr
1056 1707 66 34 343,
1147 1705 188 30 hemställde
1358 1704 165 36 nämligen
1545 1703 76 29 herr

132 1766 192 30 Andersson
357 1767 11 28 i
402 1765 187 30 Stockholm
612 1774 39 19 m.
676 1764 46 35 fl.,
746 1765 44 27 att
814 1762 176 36 riksdagen
1015 1760 95 29 måtte
1135 1759 135 34 besluta,
1296 1760 44 27 att
1364 1758 182 36 ersättning
1569 1756 53 29 för

132 1821 207 36 nedsättning
359 1821 10 27 i
388 1818 283 36 arbetsförmågan
690 1817 48 29 till
757 1816 83 36 följd
860 1825 40 19 av
919 1814 176 38 olycksfall
1115 1815 10 27 i
1145 1812 108 30 arbete
1272 1828 37 4 —
1329 1820 24 21 s.
1374 1811 29 29 k.
1424 1811 142 29 livränta
1585 1826 37 3 —

134 1874 107 29 skulle
261 1874 76 28 från
358 1873 59 29 och
437 1872 68 29 med
527 1872 60 29 den
609 1872 16 28 1
646 1871 62 36 juli
729 1869 77 29 1930
827 1869 78 36 utgå
926 1868 100 36 enligt
1046 1867 152 37 grunder,
1221 1875 68 20 som
1310 1874 75 20 vore
1404 1863 188 30 fastställda
1613 1864 11 27 i

134 1927 150 37 gällande
304 1927 63 35 lag,
389 1927 122 27 oavsett
531 1934 51 20 om
603 1922 207 38 olycksfallet
831 1921 150 29 inträffat
1000 1920 71 29 före
1092 1919 150 37 gällande
1262 1919 72 36 lags
1354 1912 269 46 ikraftträdande,

134 1983 82 26 samt
239 1982 44 26 att
307 1979 51 28 vid
380 1978 209 29 beräknande
612 1986 40 19 av
673 1976 164 28 livräntan
861 1975 60 28 den
944 1973 267 36 arbetsförtjänst
1233 1972 89 28 lades
1344 1971 48 29 till
1415 1970 116 37 grund,
1555 1978 69 21 som

136 2034 103 28 under
259 2033 85 29 tiden
365 2032 37 29 30
422 2033 72 35 juni
515 2031 137 28 1929—1
672 2029 60 37 juli
754 2028 77 29 1930
852 2027 182 29 tillkommit
1054 2035 39 20 en
1114 2025 147 29 arbetare
1281 2026 86 28 inom
1387 2024 50 29 det
1456 2024 91 36 yrke,
1567 2023 58 29 där

136 2087 126 29 skadan
284 2085 127 34 skedde,
434 2085 59 29 och
516 2086 9 27 i
549 2084 60 29 den
632 2085 59 33 ort,
713 2082 58 29 där
794 2082 60 28 den
877 2080 126 29 skadan
1027 2079 159 29 inträffat.

176 2142 105 30 Sedan
318 2140 103 30 andra
457 2138 220 37 lagutskottet,
715 2144 68 20 som
819 2133 202 30 behandlade
1057 2133 172 33 motionen,
1256 2131 157 29 inhämtat
1438 2129 151 38 yttrande
1615 2130 11 28 i

137 2196 131 28 ärendet
291 2194 74 29 från
389 2189 457 37 riksförsäkringsanstalten,
871 2186 136 30 anförde
1030 2186 155 29 utskottet
1207 2186 47 27 uti
1277 2186 54 28 sitt
1353 2185 10 28 i
1386 2183 178 37 anledning
1587 2169 39 42 av

136 2250 162 28 motionen
323 2248 138 35 avgivna
483 2244 159 37 yttrande,
665 2252 40 19 nr
728 2242 51 28 19:

179 2306 471 38 Riksförsäkringsanstalten
676 2304 61 28 har
763 2302 169 29 förklarat
958 2302 54 35 sig
1037 2309 90 24 anse,
1153 2301 47 27 att
1226 2301 45 27 ett
1298 2298 260 37 genomförande
1585 2306 41 20 av

140 2356 265 28 motionärernas
422 2351 130 35 förslag
571 2350 73 27 icke
661 2349 65 27 kan
744 2349 105 26 sättas
867 2345 122 36 ifråga.
1028 2343 147 29 Bortsett
1192 2343 76 29 från
1286 2345 46 26 att
1350 2342 52 29 det
1419 2342 104 28 måste
1541 2343 85 27 möta

141 2398 218 36 synnerligen
377 2398 90 26 stora
487 2393 176 37 praktiska
681 2390 214 36 svårigheter
914 2391 47 27 att
979 2387 171 31 fastställa
1167 2386 316 36 arbetsförtjänsten
1502 2386 41 36 på
1562 2386 65 28 sätt

141 2445 4 26 i
182 2443 161 27 motionen
374 2439 199 33 föreslagits,
606 2436 107 28 skulle
745 2435 100 33 enligt
878 2433 180 28 anstaltens
1091 2432 129 34 mening
1253 2430 220 29 kostnaderna
1504 2430 54 28 för
1590 2438 36 19 en

142 2488 105 36 enligt
267 2486 96 28 dessa
383 2483 147 38 grunder
550 2481 159 36 vidtagen
729 2479 140 35 höjning
890 2486 41 20 av
952 2477 232 35 ersättningen
1204 2474 193 37 säkerligen
1417 2474 92 29 bliva
1529 2474 99 35 högst

141 2530 194 36 betydande.

182 2575 55 30 Ett
264 2571 226 32 realiserande
516 2579 41 20 av
583 2569 266 29 motionärernas
874 2565 131 37 förslag
1030 2564 111 29 skulle
1167 2564 54 28 för
1246 2563 113 37 övrigt
1384 2562 171 35 innebära,
1582 2563 47 28 att
