2216 2618
632 161 388 33 Konstilutionsutskottets
1044 160 159 31 utlåtande
1227 158 52 31 Nr
1301 159 52 31 23.
1749 155 15 30 1

932 577 60 40 Nr
1019 577 62 41 238.

742 732 117 28 Ankom
884 731 47 28 till
954 731 173 33 riksdagens
1152 730 96 28 kansli
1270 729 57 28 den
1352 730 37 27 25
1414 728 59 34 maj
1499 729 80 27 1923
1604 727 38 28 kl.
1668 729 36 27 11
1730 726 20 29 f.
1774 736 40 19 m.

407 878 457 36 Konstitutionsutskottets
903 875 187 35 utlåtande
1129 875 13 33 i
1173 874 193 42 anledning
1398 885 46 22 av
1471 873 103 34 väckt
1600 871 132 35 motion
1760 882 55 22 om

609 943 233 44 avskaffande
882 954 44 23 av
953 942 185 35 allmänna
1164 939 352 46 sjukvårdsavgiften
1543 939 62 34 och
1632 937 184 44 folkskole-

610 1011 170 43 avgiften.

344 1164 19 34 I
390 1175 45 23 en
467 1164 102 33 inom
597 1162 118 34 första
747 1162 216 34 kammaren
990 1160 113 34 väckt
1129 1159 154 42 motion,
1312 1170 45 22 nr
1385 1158 58 42 62,
1471 1158 70 33 har
1567 1157 86 34 herr
1680 1156 138 44 Lyberg

209 1215 204 41 hemställt,
442 1217 56 32 att
525 1213 200 43 riksdagen
744 1212 88 34 ville
851 1212 158 40 besluta,
1029 1213 57 32 att
1105 1210 45 34 de
1170 1209 214 44 personliga
1402 1209 204 41 skatterna,
1627 1207 192 34 allmänna

208 1264 380 46 sjukvårdsavgiften
629 1264 68 33 och
738 1261 366 44 folkskoleavgiften,
1132 1260 81 34 icke
1240 1259 61 34 må
1328 1259 152 44 påföras
1507 1258 59 34 för
1593 1257 103 35 tiden
1725 1256 95 35 efter

216 1317 94 34 1924
339 1315 60 34 års
427 1315 152 44 ingång,
608 1316 99 32 samt
734 1316 57 31 att
817 1312 102 43 förty
947 1311 94 35 efter
1068 1321 145 24 samma
1239 1310 56 34 tid
1322 1310 105 33 skola
1453 1309 172 44 upphöra
1644 1310 57 32 att
1719 1307 101 44 gälla

207 1367 80 34 dels
326 1365 75 35 vad
433 1366 12 33 i
473 1365 127 43 kungl.
630 1363 248 44 kungörelsen
907 1362 72 34 den
1008 1362 46 34 26
1084 1361 152 43 augusti
1266 1360 94 34 1873
1389 1359 85 35 med
1502 1359 81 34 däri
1610 1358 211 34 sedermera

213 1416 137 45 gjorda
390 1415 204 44 ändringar
634 1414 69 34 och
730 1414 13 34 i
775 1410 23 45 8
826 1413 44 34 47
900 1424 48 22 av
974 1413 111 43 lagen
1113 1422 60 23 om
1200 1410 193 43 landsting
1420 1409 72 35 den
1521 1409 44 34 21
1595 1419 100 23 mars
1725 1408 94 34 1862

214 1467 121 35 finnes
376 1466 153 44 stadgat
569 1476 60 24 om
669 1476 45 23 en
756 1464 140 34 allmän
937 1460 337 45 sjukvårdsavgift,
1315 1460 77 34 dels
1418 1461 61 33 ock
1505 1459 76 35 vad
1608 1459 13 34 i
1649 1459 45 34 58
1723 1455 23 45 8
1774 1469 48 23 av

214 1518 141 44 Kungl.
396 1516 130 44 Maj:ts
566 1515 185 44 förnyade
791 1513 134 45 stadga
965 1513 71 34 den
1067 1513 45 34 26
1141 1511 211 45 september
1382 1511 92 34 1921
1505 1509 194 45 angående
1726 1508 96 36 folk-

214 1568 321 43 undervisningen
576 1567 12 34 i
620 1566 96 34 riket
747 1567 99 33 samt
872 1565 12 34 i
911 1565 110 43 lagen
1050 1575 60 23 om
1137 1562 366 35 folkskoleväsendet
1529 1561 12 34 i
1568 1560 101 35 vissa
1695 1558 129 36 städer

213 1619 75 34 den
330 1618 45 35 25
403 1617 85 44 juni
518 1617 94 35 1909
642 1619 42 32 är
709 1615 223 36 föreskrivet
960 1626 59 23 om
1047 1616 78 32 rätt
1151 1613 58 35 för
1236 1612 234 35 skoldistrikt
1498 1614 56 32 att
1581 1613 169 41 upptaga
1777 1621 45 23 en

212 1668 165 36 särskild
404 1667 131 45 avgift.

352 1718 143 35 Genom
535 1718 221 34 kamrarnas
797 1715 319 36 samstämmande
1144 1714 123 35 beslut
1293 1713 10 35 i
1331 1713 207 44 anledning
1564 1724 48 24 av
1639 1714 186 34 konstitu-

218 1769 304 36 tionsutskottets
549 1768 193 35 memorial
769 1779 46 22 nr
842 1768 20 33 2
891 1767 69 33 har
987 1766 202 41 motionen,
1213 1765 13 34 i
1244 1764 74 35 vad
1338 1764 72 34 den
1429 1774 109 24 avser
1556 1763 269 45 förordningen

217 1832 61 23 om
318 1819 193 44 landsting
543 1818 72 35 den
644 1819 44 34 21
719 1829 99 23 mars
848 1817 94 35 1862
971 1817 70 34 och
1068 1816 110 43 lagen
1206 1826 60 24 om
1293 1814 367 36 folkskoleväsendet
1686 1815 13 34 1
1725 1815 102 34 vissa

218 1871 127 35 städer
386 1870 71 35 den
491 1871 46 33 25
565 1869 85 44 juni
681 1869 107 42 1909,
817 1868 195 34 hänvisats
1040 1867 59 34 till
1126 1865 466 35 konstitutionsutskottet.

354 1972 19 34 I
401 1972 71 35 den
501 1971 60 34 del
589 1969 247 36 förevarande
854 1968 143 35 motion
1017 1967 34 44 ej
1073 1968 128 35 tillhör
1219 1967 473 35 konstitutionsutskottets
1711 1966 120 35 hand-

222 2023 193 44 läggning,
444 2022 69 34 har
540 2021 72 35 den
641 2020 224 35 behandlats
892 2031 49 22 av
959 2021 250 32 sammansatt
1227 2020 112 32 stats-
1358 2017 69 34 och
1447 2017 383 44 bevillningsutskott.

359 2073 143 35 Genom
530 2072 221 34 kamrarnas
778 2070 123 35 beslut
918 2070 13 33 i
950 2069 206 44 anledning
1173 2080 49 23 av
1240 2067 165 35 nämnda
1423 2068 165 35 utskotts
1608 2068 224 34 hemställan

223 2125 12 33 i
276 2126 128 32 ämnet
443 2119 29 47 (i
499 2122 86 35 dess
613 2120 196 36 utlåtande
836 2132 45 22 nr
911 2116 60 47 10)
1000 2121 70 33 har
1096 2119 135 44 frågan
1258 2130 60 23 om
1346 2118 231 35 omedelbart
1603 2117 229 45 vidtagande

226 2185 48 23 av
314 2174 163 44 ändring
516 2173 13 33 i
568 2172 331 35 bestämmelserna
927 2170 79 35 dels
1033 2170 12 34 i
1073 2170 127 44 kungl.
1229 2169 248 44 kungörelsen
1506 2168 71 35 den
1607 2169 45 35 26
1682 2169 151 43 augusti

228 2225 107 42 1873,
371 2223 160 36 rörande
571 2223 73 35 den
685 2223 194 34 allmänna
919 2220 386 44 sjukvårdsavgiften,
1350 2219 79 35 dels
1457 2220 12 33 i
1497 2219 160 45 stadgan
1685 2219 73 35 den
1787 2219 45 35 26

269 2287 131 42 Bihang
423 2286 48 31 till
492 2286 184 42 riksdagens
692 2284 160 43 protokoll
874 2284 95 31 1923.
1012 2285 21 30 5
1057 2282 90 32 saml.
1193 2284 39 30 14
1256 2281 80 43 häft.
1381 2281 68 42 (Nr
1470 2282 159 38 23—24.)
1776 2282 15 30 1

1866 1978 159 28 Utskottets

1870 2011 143 36 yttrande.
