<?xml version="1.0" encoding="UTF-8"?>
<alto xmlns="http://www.loc.gov/standards/alto/ns-v3#" xmlns:xlink="http://www.w3.org/1999/xlink" xmlns:xsi="http://www.w3.org/2001/XMLSchema-instance" xsi:schemaLocation="http://www.loc.gov/standards/alto/ns-v3# http://www.loc.gov/alto/v3/alto-3-0.xsd">
	<Description>
		<MeasurementUnit>pixel</MeasurementUnit>
		<sourceImageInformation>
			<fileName>/tmp/tess_pzwz1gs0_input.PNG</fileName>
		</sourceImageInformation>
		<OCRProcessing ID="OCR_0">
			<ocrProcessingStep>
				<processingSoftware>
					<softwareName>tesseract 5.3.0</softwareName>
				</processingSoftware>
			</ocrProcessingStep>
		</OCRProcessing>
	</Description>
	<Layout>
		<Page WIDTH="1912" HEIGHT="2826" PHYSICAL_IMG_NR="0" ID="page_0">
			<PrintSpace HPOS="0" VPOS="0" WIDTH="1912" HEIGHT="2826">
				<ComposedBlock ID="cblock_0" HPOS="41" VPOS="683" WIDTH="209" HEIGHT="205">
					<TextBlock ID="block_0" HPOS="41" VPOS="683" WIDTH="209" HEIGHT="205">
						<TextLine ID="line_0" HPOS="113" VPOS="683" WIDTH="65" HEIGHT="30">
							<String ID="string_0" HPOS="113" VPOS="683" WIDTH="65" HEIGHT="30" WC="0.95" CONTENT="Ang."/>
						</TextLine>
						<TextLine ID="line_1" HPOS="62" VPOS="717" WIDTH="168" HEIGHT="31">
							<String ID="string_1" HPOS="62" VPOS="717" WIDTH="168" HEIGHT="31" WC="0.89" CONTENT="tilläggspen-"/>
						</TextLine>
						<TextLine ID="line_2" HPOS="47" VPOS="752" WIDTH="202" HEIGHT="30">
							<String ID="string_2" HPOS="47" VPOS="752" WIDTH="59" HEIGHT="24" WC="0.96" CONTENT="sion"/><SP WIDTH="23" VPOS="752" HPOS="106"/>
							<String ID="string_3" HPOS="129" VPOS="753" WIDTH="28" HEIGHT="23" WC="0.96" CONTENT="åt"/><SP WIDTH="21" VPOS="753" HPOS="157"/>
							<String ID="string_4" HPOS="178" VPOS="753" WIDTH="71" HEIGHT="29" WC="0.96" CONTENT="förre"/>
						</TextLine>
						<TextLine ID="line_3" HPOS="64" VPOS="788" WIDTH="165" HEIGHT="24">
							<String ID="string_5" HPOS="64" VPOS="788" WIDTH="165" HEIGHT="24" WC="0.89" CONTENT="vaktkonsta-"/>
						</TextLine>
						<TextLine ID="line_4" HPOS="41" VPOS="822" WIDTH="209" HEIGHT="31">
							<String ID="string_6" HPOS="41" VPOS="822" WIDTH="93" HEIGHT="31" WC="0.65" CONTENT="peln"/><SP WIDTH="-22" VPOS="822" HPOS="134"/>
							<String ID="string_7" HPOS="112" VPOS="818" WIDTH="28" HEIGHT="39" WC="0.65" CONTENT="S."/><SP WIDTH="1" VPOS="818" HPOS="140"/>
							<String ID="string_8" HPOS="141" VPOS="823" WIDTH="109" HEIGHT="30" WC="0.90" CONTENT="Bengts-"/>
						</TextLine>
						<TextLine ID="line_5" HPOS="73" VPOS="857" WIDTH="147" HEIGHT="31">
							<String ID="string_9" HPOS="73" VPOS="864" WIDTH="47" HEIGHT="16" WC="0.96" CONTENT="son"/><SP WIDTH="17" VPOS="864" HPOS="120"/>
							<String ID="string_10" HPOS="137" VPOS="857" WIDTH="83" HEIGHT="31" WC="0.58" CONTENT="Lilja."/>
						</TextLine>
					</TextBlock>
				</ComposedBlock>
				<ComposedBlock ID="cblock_1" HPOS="313" VPOS="169" WIDTH="1060" HEIGHT="33">
					<TextBlock ID="block_1" HPOS="313" VPOS="169" WIDTH="1060" HEIGHT="33">
						<TextLine ID="line_6" HPOS="313" VPOS="169" WIDTH="1060" HEIGHT="33">
							<String ID="string_11" HPOS="313" VPOS="169" WIDTH="40" HEIGHT="31" WC="0.96" CONTENT="36"/><SP WIDTH="346" VPOS="169" HPOS="353"/>
							<String ID="string_12" HPOS="699" VPOS="171" WIDTH="319" HEIGHT="31" WC="0.91" CONTENT="Bankoutskottets"/><SP WIDTH="20" VPOS="171" HPOS="1018"/>
							<String ID="string_13" HPOS="1038" VPOS="171" WIDTH="189" HEIGHT="31" WC="0.96" CONTENT="utlåtande"/><SP WIDTH="19" VPOS="171" HPOS="1227"/>
							<String ID="string_14" HPOS="1246" VPOS="171" WIDTH="52" HEIGHT="31" WC="0.93" CONTENT="Nr"/><SP WIDTH="24" VPOS="171" HPOS="1298"/>
							<String ID="string_15" HPOS="1322" VPOS="171" WIDTH="51" HEIGHT="29" WC="0.92" CONTENT="2i."/>
						</TextLine>
					</TextBlock>
				</ComposedBlock>
				<ComposedBlock ID="cblock_2" HPOS="535" VPOS="357" WIDTH="975" HEIGHT="47">
					<TextBlock ID="block_2" HPOS="535" VPOS="357" WIDTH="975" HEIGHT="47">
						<TextLine ID="line_7" HPOS="535" VPOS="357" WIDTH="975" HEIGHT="47">
							<String ID="string_16" HPOS="535" VPOS="358" WIDTH="37" HEIGHT="35" WC="0.92" CONTENT="C."/><SP WIDTH="56" VPOS="358" HPOS="572"/>
							<String ID="string_17" HPOS="628" VPOS="357" WIDTH="292" HEIGHT="36" WC="0.93" CONTENT="Allmänna"/><SP WIDTH="27" VPOS="357" HPOS="920"/>
							<String ID="string_18" HPOS="947" VPOS="357" WIDTH="563" HEIGHT="47" WC="0.90" CONTENT="indragningsstaten."/>
						</TextLine>
					</TextBlock>
				</ComposedBlock>
				<ComposedBlock ID="cblock_3" HPOS="711" VPOS="466" WIDTH="628" HEIGHT="43">
					<TextBlock ID="block_3" HPOS="711" VPOS="466" WIDTH="628" HEIGHT="43">
						<TextLine ID="line_8" HPOS="711" VPOS="466" WIDTH="628" HEIGHT="43">
							<String ID="string_19" HPOS="711" VPOS="467" WIDTH="27" HEIGHT="32" WC="0.80" CONTENT="I."/><SP WIDTH="48" VPOS="467" HPOS="738"/>
							<String ID="string_20" HPOS="786" VPOS="467" WIDTH="87" HEIGHT="41" WC="0.74" CONTENT="Ang."/><SP WIDTH="22" VPOS="467" HPOS="873"/>
							<String ID="string_21" HPOS="895" VPOS="466" WIDTH="444" HEIGHT="43" WC="0.91" CONTENT="justitiedepartementet."/>
						</TextLine>
					</TextBlock>
				</ComposedBlock>
				<ComposedBlock ID="cblock_4" HPOS="980" VPOS="591" WIDTH="82" HEIGHT="30">
					<TextBlock ID="block_4" HPOS="980" VPOS="591" WIDTH="82" HEIGHT="30">
						<TextLine ID="line_9" HPOS="980" VPOS="591" WIDTH="82" HEIGHT="30">
							<String ID="string_22" HPOS="980" VPOS="591" WIDTH="82" HEIGHT="30" WC="0.89" CONTENT="26:0."/>
						</TextLine>
					</TextBlock>
				</ComposedBlock>
				<ComposedBlock ID="cblock_5" HPOS="267" VPOS="676" WIDTH="1512" HEIGHT="350">
					<TextBlock ID="block_5" HPOS="267" VPOS="676" WIDTH="1512" HEIGHT="350">
						<TextLine ID="line_10" HPOS="312" VPOS="676" WIDTH="1465" HEIGHT="37">
							<String ID="string_23" HPOS="312" VPOS="677" WIDTH="17" HEIGHT="31" WC="0.95" CONTENT="I"/><SP WIDTH="33" VPOS="677" HPOS="329"/>
							<String ID="string_24" HPOS="362" VPOS="687" WIDTH="43" HEIGHT="20" WC="0.96" CONTENT="en"/><SP WIDTH="32" VPOS="687" HPOS="405"/>
							<String ID="string_25" HPOS="437" VPOS="677" WIDTH="56" HEIGHT="30" WC="0.96" CONTENT="till"/><SP WIDTH="29" VPOS="677" HPOS="493"/>
							<String ID="string_26" HPOS="522" VPOS="676" WIDTH="186" HEIGHT="36" WC="0.92" CONTENT="riksdagen"/><SP WIDTH="23" VPOS="676" HPOS="708"/>
							<String ID="string_27" HPOS="731" VPOS="677" WIDTH="149" HEIGHT="35" WC="0.91" CONTENT="avlåten,"/><SP WIDTH="25" VPOS="677" HPOS="880"/>
							<String ID="string_28" HPOS="905" VPOS="676" WIDTH="66" HEIGHT="31" WC="0.96" CONTENT="den"/><SP WIDTH="24" VPOS="676" HPOS="971"/>
							<String ID="string_29" HPOS="995" VPOS="678" WIDTH="40" HEIGHT="29" WC="0.96" CONTENT="12"/><SP WIDTH="25" VPOS="678" HPOS="1035"/>
							<String ID="string_30" HPOS="1060" VPOS="677" WIDTH="140" HEIGHT="36" WC="0.96" CONTENT="januari"/><SP WIDTH="24" VPOS="677" HPOS="1200"/>
							<String ID="string_31" HPOS="1224" VPOS="677" WIDTH="84" HEIGHT="30" WC="0.92" CONTENT="1929"/><SP WIDTH="26" VPOS="677" HPOS="1308"/>
							<String ID="string_32" HPOS="1334" VPOS="676" WIDTH="211" HEIGHT="36" WC="0.92" CONTENT="dagtecknad"/><SP WIDTH="23" VPOS="676" HPOS="1545"/>
							<String ID="string_33" HPOS="1568" VPOS="677" WIDTH="209" HEIGHT="35" WC="0.96" CONTENT="proposition"/>
						</TextLine>
						<TextLine ID="line_11" HPOS="268" VPOS="728" WIDTH="1510" HEIGHT="38">
							<String ID="string_34" HPOS="268" VPOS="740" WIDTH="41" HEIGHT="20" WC="0.96" CONTENT="nr"/><SP WIDTH="24" VPOS="740" HPOS="309"/>
							<String ID="string_35" HPOS="333" VPOS="729" WIDTH="18" HEIGHT="31" WC="0.96" CONTENT="8"/><SP WIDTH="25" VPOS="729" HPOS="351"/>
							<String ID="string_36" HPOS="376" VPOS="729" WIDTH="65" HEIGHT="31" WC="0.96" CONTENT="har"/><SP WIDTH="22" VPOS="729" HPOS="441"/>
							<String ID="string_37" HPOS="463" VPOS="729" WIDTH="132" HEIGHT="36" WC="0.95" CONTENT="Kungl."/><SP WIDTH="26" VPOS="729" HPOS="595"/>
							<String ID="string_38" HPOS="621" VPOS="729" WIDTH="110" HEIGHT="36" WC="0.96" CONTENT="Maj:t,"/><SP WIDTH="25" VPOS="729" HPOS="731"/>
							<String ID="string_39" HPOS="756" VPOS="729" WIDTH="108" HEIGHT="31" WC="0.96" CONTENT="under"/><SP WIDTH="22" VPOS="729" HPOS="864"/>
							<String ID="string_40" HPOS="886" VPOS="728" WIDTH="213" HEIGHT="37" WC="0.96" CONTENT="åberopande"/><SP WIDTH="24" VPOS="728" HPOS="1099"/>
							<String ID="string_41" HPOS="1123" VPOS="739" WIDTH="45" HEIGHT="20" WC="0.96" CONTENT="av"/><SP WIDTH="23" VPOS="739" HPOS="1168"/>
							<String ID="string_42" HPOS="1191" VPOS="729" WIDTH="254" HEIGHT="36" WC="0.93" CONTENT="propositionen"/><SP WIDTH="20" VPOS="729" HPOS="1445"/>
							<String ID="string_43" HPOS="1465" VPOS="728" WIDTH="112" HEIGHT="37" WC="0.91" CONTENT="bilagt"/><SP WIDTH="15" VPOS="728" HPOS="1577"/>
							<String ID="string_44" HPOS="1592" VPOS="729" WIDTH="124" HEIGHT="37" WC="0.96" CONTENT="utdrag"/><SP WIDTH="16" VPOS="729" HPOS="1716"/>
							<String ID="string_45" HPOS="1732" VPOS="739" WIDTH="46" HEIGHT="21" WC="0.96" CONTENT="av"/>
						</TextLine>
						<TextLine ID="line_12" HPOS="267" VPOS="781" WIDTH="1510" HEIGHT="37">
							<String ID="string_46" HPOS="267" VPOS="781" WIDTH="371" HEIGHT="37" WC="0.91" CONTENT="statsrådsprotokollet"/><SP WIDTH="15" VPOS="781" HPOS="638"/>
							<String ID="string_47" HPOS="653" VPOS="783" WIDTH="81" HEIGHT="29" WC="0.93" CONTENT="över"/><SP WIDTH="16" VPOS="783" HPOS="734"/>
							<String ID="string_48" HPOS="750" VPOS="781" WIDTH="535" HEIGHT="37" WC="0.90" CONTENT="justitiedepartementsärenden"/><SP WIDTH="15" VPOS="781" HPOS="1285"/>
							<String ID="string_49" HPOS="1300" VPOS="781" WIDTH="52" HEIGHT="31" WC="0.96" CONTENT="för"/><SP WIDTH="12" VPOS="781" HPOS="1352"/>
							<String ID="string_50" HPOS="1364" VPOS="791" WIDTH="132" HEIGHT="21" WC="0.95" CONTENT="samma"/><SP WIDTH="13" VPOS="791" HPOS="1496"/>
							<String ID="string_51" HPOS="1509" VPOS="781" WIDTH="76" HEIGHT="37" WC="0.95" CONTENT="dag,"/><SP WIDTH="13" VPOS="781" HPOS="1585"/>
							<String ID="string_52" HPOS="1598" VPOS="782" WIDTH="12" HEIGHT="30" WC="0.93" CONTENT="i"/><SP WIDTH="13" VPOS="782" HPOS="1610"/>
							<String ID="string_53" HPOS="1623" VPOS="782" WIDTH="154" HEIGHT="35" WC="0.96" CONTENT="punkten"/>
						</TextLine>
						<TextLine ID="line_13" HPOS="268" VPOS="833" WIDTH="1509" HEIGHT="38">
							<String ID="string_54" HPOS="268" VPOS="836" WIDTH="18" HEIGHT="30" WC="0.96" CONTENT="1"/><SP WIDTH="18" VPOS="836" HPOS="286"/>
							<String ID="string_55" HPOS="304" VPOS="834" WIDTH="178" HEIGHT="36" WC="0.96" CONTENT="föreslagit"/><SP WIDTH="16" VPOS="834" HPOS="482"/>
							<String ID="string_56" HPOS="498" VPOS="834" WIDTH="185" HEIGHT="36" WC="0.93" CONTENT="riksdagen"/><SP WIDTH="15" VPOS="834" HPOS="683"/>
							<String ID="string_57" HPOS="698" VPOS="834" WIDTH="171" HEIGHT="36" WC="0.90" CONTENT="medgiva,"/><SP WIDTH="17" VPOS="834" HPOS="869"/>
							<String ID="string_58" HPOS="886" VPOS="835" WIDTH="53" HEIGHT="30" WC="0.96" CONTENT="att"/><SP WIDTH="15" VPOS="835" HPOS="939"/>
							<String ID="string_59" HPOS="954" VPOS="834" WIDTH="92" HEIGHT="30" WC="0.93" CONTENT="förre"/><SP WIDTH="15" VPOS="834" HPOS="1046"/>
							<String ID="string_60" HPOS="1061" VPOS="834" WIDTH="289" HEIGHT="35" WC="0.90" CONTENT="vaktkonstapeln"/><SP WIDTH="14" VPOS="834" HPOS="1350"/>
							<String ID="string_61" HPOS="1364" VPOS="833" WIDTH="93" HEIGHT="32" WC="0.96" CONTENT="Sven"/><SP WIDTH="12" VPOS="833" HPOS="1457"/>
							<String ID="string_62" HPOS="1469" VPOS="834" WIDTH="199" HEIGHT="36" WC="0.96" CONTENT="Bengtsson"/><SP WIDTH="14" VPOS="834" HPOS="1668"/>
							<String ID="string_63" HPOS="1682" VPOS="834" WIDTH="95" HEIGHT="37" WC="0.95" CONTENT="Lilja"/>
						</TextLine>
						<TextLine ID="line_14" HPOS="267" VPOS="885" WIDTH="1512" HEIGHT="37">
							<String ID="string_64" HPOS="267" VPOS="887" WIDTH="58" HEIGHT="30" WC="0.96" CONTENT="må"/><SP WIDTH="24" VPOS="887" HPOS="325"/>
							<String ID="string_65" HPOS="349" VPOS="886" WIDTH="79" HEIGHT="30" WC="0.96" CONTENT="från"/><SP WIDTH="23" VPOS="886" HPOS="428"/>
							<String ID="string_66" HPOS="451" VPOS="886" WIDTH="62" HEIGHT="30" WC="0.96" CONTENT="och"/><SP WIDTH="24" VPOS="886" HPOS="513"/>
							<String ID="string_67" HPOS="537" VPOS="885" WIDTH="77" HEIGHT="31" WC="0.96" CONTENT="med"/><SP WIDTH="23" VPOS="885" HPOS="614"/>
							<String ID="string_68" HPOS="637" VPOS="885" WIDTH="65" HEIGHT="31" WC="0.96" CONTENT="den"/><SP WIDTH="24" VPOS="885" HPOS="702"/>
							<String ID="string_69" HPOS="726" VPOS="887" WIDTH="18" HEIGHT="29" WC="0.96" CONTENT="1"/><SP WIDTH="25" VPOS="887" HPOS="744"/>
							<String ID="string_70" HPOS="769" VPOS="885" WIDTH="140" HEIGHT="31" WC="0.96" CONTENT="oktober"/><SP WIDTH="24" VPOS="885" HPOS="909"/>
							<String ID="string_71" HPOS="933" VPOS="886" WIDTH="84" HEIGHT="30" WC="0.96" CONTENT="1928"/><SP WIDTH="25" VPOS="886" HPOS="1017"/>
							<String ID="string_72" HPOS="1042" VPOS="886" WIDTH="109" HEIGHT="30" WC="0.96" CONTENT="under"/><SP WIDTH="24" VPOS="886" HPOS="1151"/>
							<String ID="string_73" HPOS="1175" VPOS="886" WIDTH="55" HEIGHT="29" WC="0.96" CONTENT="sin"/><SP WIDTH="23" VPOS="886" HPOS="1230"/>
							<String ID="string_74" HPOS="1253" VPOS="886" WIDTH="213" HEIGHT="30" WC="0.96" CONTENT="återstående"/><SP WIDTH="20" VPOS="886" HPOS="1466"/>
							<String ID="string_75" HPOS="1486" VPOS="886" WIDTH="121" HEIGHT="30" WC="0.96" CONTENT="livstid"/><SP WIDTH="16" VPOS="886" HPOS="1607"/>
							<String ID="string_76" HPOS="1623" VPOS="886" WIDTH="156" HEIGHT="36" WC="0.96" CONTENT="uppbära"/>
						</TextLine>
						<TextLine ID="line_15" HPOS="270" VPOS="937" WIDTH="1508" HEIGHT="37">
							<String ID="string_77" HPOS="270" VPOS="956" WIDTH="39" HEIGHT="4" WC="0.88" CONTENT="—"/><SP WIDTH="24" VPOS="956" HPOS="309"/>
							<String ID="string_78" HPOS="333" VPOS="940" WIDTH="122" HEIGHT="29" WC="0.95" CONTENT="utöver"/><SP WIDTH="23" VPOS="940" HPOS="455"/>
							<String ID="string_79" HPOS="478" VPOS="938" WIDTH="126" HEIGHT="30" WC="0.93" CONTENT="honom"/><SP WIDTH="23" VPOS="938" HPOS="604"/>
							<String ID="string_80" HPOS="627" VPOS="937" WIDTH="339" HEIGHT="37" WC="0.87" CONTENT="författningsenligt"/><SP WIDTH="22" VPOS="937" HPOS="966"/>
							<String ID="string_81" HPOS="988" VPOS="937" WIDTH="264" HEIGHT="31" WC="0.95" CONTENT="tillkommande"/><SP WIDTH="16" VPOS="937" HPOS="1252"/>
							<String ID="string_82" HPOS="1268" VPOS="938" WIDTH="141" HEIGHT="35" WC="0.92" CONTENT="pension"/><SP WIDTH="18" VPOS="938" HPOS="1409"/>
							<String ID="string_83" HPOS="1427" VPOS="955" WIDTH="39" HEIGHT="4" WC="0.90" CONTENT="—"/><SP WIDTH="17" VPOS="955" HPOS="1466"/>
							<String ID="string_84" HPOS="1483" VPOS="947" WIDTH="43" HEIGHT="21" WC="0.96" CONTENT="en"/><SP WIDTH="15" VPOS="947" HPOS="1526"/>
							<String ID="string_85" HPOS="1541" VPOS="938" WIDTH="142" HEIGHT="35" WC="0.96" CONTENT="pension"/><SP WIDTH="16" VPOS="938" HPOS="1683"/>
							<String ID="string_86" HPOS="1699" VPOS="938" WIDTH="79" HEIGHT="31" WC="0.96" CONTENT="från"/>
						</TextLine>
						<TextLine ID="line_16" HPOS="268" VPOS="989" WIDTH="1003" HEIGHT="37">
							<String ID="string_87" HPOS="268" VPOS="991" WIDTH="180" HEIGHT="31" WC="0.93" CONTENT="allmänna"/><SP WIDTH="23" VPOS="991" HPOS="448"/>
							<String ID="string_88" HPOS="471" VPOS="989" WIDTH="342" HEIGHT="37" WC="0.90" CONTENT="indragningsstaten"/><SP WIDTH="24" VPOS="989" HPOS="813"/>
							<String ID="string_89" HPOS="837" VPOS="1000" WIDTH="45" HEIGHT="21" WC="0.96" CONTENT="av"/><SP WIDTH="23" VPOS="1000" HPOS="882"/>
							<String ID="string_90" HPOS="905" VPOS="989" WIDTH="63" HEIGHT="31" WC="0.96" CONTENT="300"/><SP WIDTH="24" VPOS="989" HPOS="968"/>
							<String ID="string_91" HPOS="992" VPOS="990" WIDTH="128" HEIGHT="30" WC="0.96" CONTENT="kronor"/><SP WIDTH="25" VPOS="990" HPOS="1120"/>
							<String ID="string_92" HPOS="1145" VPOS="989" WIDTH="55" HEIGHT="31" WC="0.96" CONTENT="för"/><SP WIDTH="23" VPOS="989" HPOS="1200"/>
							<String ID="string_93" HPOS="1223" VPOS="990" WIDTH="48" HEIGHT="30" WC="0.96" CONTENT="år."/>
						</TextLine>
					</TextBlock>
				</ComposedBlock>
				<ComposedBlock ID="cblock_6" HPOS="269" VPOS="1093" WIDTH="1513" HEIGHT="1344">
					<TextBlock ID="block_6" HPOS="312" VPOS="1093" WIDTH="1185" HEIGHT="37">
						<TextLine ID="line_17" HPOS="312" VPOS="1093" WIDTH="1185" HEIGHT="37">
							<String ID="string_94" HPOS="312" VPOS="1095" WIDTH="57" HEIGHT="31" WC="0.95" CONTENT="Av"/><SP WIDTH="24" VPOS="1095" HPOS="369"/>
							<String ID="string_95" HPOS="393" VPOS="1094" WIDTH="256" HEIGHT="36" WC="0.95" CONTENT="handlingarna"/><SP WIDTH="23" VPOS="1094" HPOS="649"/>
							<String ID="string_96" HPOS="672" VPOS="1094" WIDTH="13" HEIGHT="30" WC="0.96" CONTENT="i"/><SP WIDTH="23" VPOS="1094" HPOS="685"/>
							<String ID="string_97" HPOS="708" VPOS="1094" WIDTH="140" HEIGHT="30" WC="0.96" CONTENT="ärendet"/><SP WIDTH="22" VPOS="1094" HPOS="848"/>
							<String ID="string_98" HPOS="870" VPOS="1094" WIDTH="176" HEIGHT="30" WC="0.96" CONTENT="inhämtas"/><SP WIDTH="25" VPOS="1094" HPOS="1046"/>
							<String ID="string_99" HPOS="1071" VPOS="1093" WIDTH="105" HEIGHT="31" WC="0.96" CONTENT="bland"/><SP WIDTH="24" VPOS="1093" HPOS="1176"/>
							<String ID="string_100" HPOS="1200" VPOS="1095" WIDTH="108" HEIGHT="29" WC="0.96" CONTENT="annat"/><SP WIDTH="22" VPOS="1095" HPOS="1308"/>
							<String ID="string_101" HPOS="1330" VPOS="1093" WIDTH="167" HEIGHT="37" WC="0.96" CONTENT="följande:"/>
						</TextLine>
					</TextBlock>
					<TextBlock ID="block_7" HPOS="270" VPOS="1146" WIDTH="1507" HEIGHT="87">
						<TextLine ID="line_18" HPOS="313" VPOS="1146" WIDTH="1464" HEIGHT="37">
							<String ID="string_102" HPOS="313" VPOS="1147" WIDTH="104" HEIGHT="36" WC="0.96" CONTENT="Lilja,"/><SP WIDTH="31" VPOS="1147" HPOS="417"/>
							<String ID="string_103" HPOS="448" VPOS="1156" WIDTH="72" HEIGHT="21" WC="0.96" CONTENT="som"/><SP WIDTH="23" VPOS="1156" HPOS="520"/>
							<String ID="string_104" HPOS="543" VPOS="1148" WIDTH="40" HEIGHT="28" WC="0.96" CONTENT="är"/><SP WIDTH="23" VPOS="1148" HPOS="583"/>
							<String ID="string_105" HPOS="606" VPOS="1146" WIDTH="80" HEIGHT="30" WC="0.96" CONTENT="född"/><SP WIDTH="24" VPOS="1146" HPOS="686"/>
							<String ID="string_106" HPOS="710" VPOS="1146" WIDTH="65" HEIGHT="30" WC="0.96" CONTENT="den"/><SP WIDTH="25" VPOS="1146" HPOS="775"/>
							<String ID="string_107" HPOS="800" VPOS="1146" WIDTH="18" HEIGHT="30" WC="0.96" CONTENT="9"/><SP WIDTH="24" VPOS="1146" HPOS="818"/>
							<String ID="string_108" HPOS="842" VPOS="1146" WIDTH="77" HEIGHT="35" WC="0.96" CONTENT="juni"/><SP WIDTH="24" VPOS="1146" HPOS="919"/>
							<String ID="string_109" HPOS="943" VPOS="1146" WIDTH="96" HEIGHT="35" WC="0.95" CONTENT="1863,"/><SP WIDTH="24" VPOS="1146" HPOS="1039"/>
							<String ID="string_110" HPOS="1063" VPOS="1146" WIDTH="160" HEIGHT="30" WC="0.96" CONTENT="inträdde"/><SP WIDTH="23" VPOS="1146" HPOS="1223"/>
							<String ID="string_111" HPOS="1246" VPOS="1146" WIDTH="12" HEIGHT="30" WC="0.93" CONTENT="i"/><SP WIDTH="24" VPOS="1146" HPOS="1258"/>
							<String ID="string_112" HPOS="1282" VPOS="1146" WIDTH="234" HEIGHT="35" WC="0.91" CONTENT="fångvårdens"/><SP WIDTH="23" VPOS="1146" HPOS="1516"/>
							<String ID="string_113" HPOS="1539" VPOS="1146" WIDTH="108" HEIGHT="36" WC="0.96" CONTENT="tjänst"/><SP WIDTH="23" VPOS="1146" HPOS="1647"/>
							<String ID="string_114" HPOS="1670" VPOS="1146" WIDTH="65" HEIGHT="30" WC="0.96" CONTENT="den"/><SP WIDTH="24" VPOS="1146" HPOS="1735"/>
							<String ID="string_115" HPOS="1759" VPOS="1147" WIDTH="18" HEIGHT="29" WC="0.96" CONTENT="1"/>
						</TextLine>
						<TextLine ID="line_19" HPOS="270" VPOS="1197" WIDTH="1438" HEIGHT="36">
							<String ID="string_116" HPOS="270" VPOS="1198" WIDTH="185" HEIGHT="31" WC="0.94" CONTENT="november"/><SP WIDTH="23" VPOS="1198" HPOS="455"/>
							<String ID="string_117" HPOS="478" VPOS="1198" WIDTH="84" HEIGHT="30" WC="0.96" CONTENT="1888"/><SP WIDTH="24" VPOS="1198" HPOS="562"/>
							<String ID="string_118" HPOS="586" VPOS="1198" WIDTH="91" HEIGHT="30" WC="0.96" CONTENT="samt"/><SP WIDTH="24" VPOS="1198" HPOS="677"/>
							<String ID="string_119" HPOS="701" VPOS="1197" WIDTH="272" HEIGHT="31" WC="0.96" CONTENT="konstituerades"/><SP WIDTH="24" VPOS="1197" HPOS="973"/>
							<String ID="string_120" HPOS="997" VPOS="1198" WIDTH="56" HEIGHT="29" WC="0.93" CONTENT="till"/><SP WIDTH="24" VPOS="1198" HPOS="1053"/>
							<String ID="string_121" HPOS="1077" VPOS="1197" WIDTH="263" HEIGHT="36" WC="0.91" CONTENT="vaktkonstapel"/><SP WIDTH="24" VPOS="1197" HPOS="1340"/>
							<String ID="string_122" HPOS="1364" VPOS="1197" WIDTH="65" HEIGHT="30" WC="0.96" CONTENT="den"/><SP WIDTH="24" VPOS="1197" HPOS="1429"/>
							<String ID="string_123" HPOS="1453" VPOS="1197" WIDTH="18" HEIGHT="30" WC="0.96" CONTENT="5"/><SP WIDTH="25" VPOS="1197" HPOS="1471"/>
							<String ID="string_124" HPOS="1496" VPOS="1207" WIDTH="93" HEIGHT="21" WC="0.96" CONTENT="mars"/><SP WIDTH="24" VPOS="1207" HPOS="1589"/>
							<String ID="string_125" HPOS="1613" VPOS="1198" WIDTH="95" HEIGHT="30" WC="0.96" CONTENT="1889."/>
						</TextLine>
					</TextBlock>
					<TextBlock ID="block_8" HPOS="269" VPOS="1249" WIDTH="1511" HEIGHT="241">
						<TextLine ID="line_20" HPOS="314" VPOS="1249" WIDTH="1465" HEIGHT="37">
							<String ID="string_126" HPOS="314" VPOS="1250" WIDTH="72" HEIGHT="31" WC="0.96" CONTENT="Den"/><SP WIDTH="33" VPOS="1250" HPOS="386"/>
							<String ID="string_127" HPOS="419" VPOS="1250" WIDTH="19" HEIGHT="30" WC="0.96" CONTENT="8"/><SP WIDTH="34" VPOS="1250" HPOS="438"/>
							<String ID="string_128" HPOS="472" VPOS="1250" WIDTH="137" HEIGHT="36" WC="0.96" CONTENT="januari"/><SP WIDTH="24" VPOS="1250" HPOS="609"/>
							<String ID="string_129" HPOS="633" VPOS="1250" WIDTH="85" HEIGHT="30" WC="0.96" CONTENT="1898"/><SP WIDTH="25" VPOS="1250" HPOS="718"/>
							<String ID="string_130" HPOS="743" VPOS="1249" WIDTH="80" HEIGHT="31" WC="0.96" CONTENT="blev"/><SP WIDTH="23" VPOS="1249" HPOS="823"/>
							<String ID="string_131" HPOS="846" VPOS="1249" WIDTH="93" HEIGHT="36" WC="0.96" CONTENT="Lilja"/><SP WIDTH="23" VPOS="1249" HPOS="939"/>
							<String ID="string_132" HPOS="962" VPOS="1249" WIDTH="108" HEIGHT="31" WC="0.96" CONTENT="under"/><SP WIDTH="24" VPOS="1249" HPOS="1070"/>
							<String ID="string_133" HPOS="1094" VPOS="1250" WIDTH="234" HEIGHT="35" WC="0.96" CONTENT="tjänstgöring"/><SP WIDTH="24" VPOS="1250" HPOS="1328"/>
							<String ID="string_134" HPOS="1352" VPOS="1249" WIDTH="60" HEIGHT="31" WC="0.92" CONTENT="vid"/><SP WIDTH="23" VPOS="1249" HPOS="1412"/>
							<String ID="string_135" HPOS="1435" VPOS="1249" WIDTH="302" HEIGHT="36" WC="0.91" CONTENT="centralfängelset"/><SP WIDTH="22" VPOS="1249" HPOS="1737"/>
							<String ID="string_136" HPOS="1759" VPOS="1250" WIDTH="20" HEIGHT="30" WC="0.92" CONTENT="å"/>
						</TextLine>
						<TextLine ID="line_21" HPOS="270" VPOS="1301" WIDTH="1509" HEIGHT="38">
							<String ID="string_137" HPOS="270" VPOS="1303" WIDTH="240" HEIGHT="36" WC="0.96" CONTENT="Långholmen"/><SP WIDTH="28" VPOS="1303" HPOS="510"/>
							<String ID="string_138" HPOS="538" VPOS="1302" WIDTH="192" HEIGHT="30" WC="0.93" CONTENT="överfallen"/><SP WIDTH="32" VPOS="1302" HPOS="730"/>
							<String ID="string_139" HPOS="762" VPOS="1312" WIDTH="44" HEIGHT="20" WC="0.96" CONTENT="av"/><SP WIDTH="25" VPOS="1312" HPOS="806"/>
							<String ID="string_140" HPOS="831" VPOS="1312" WIDTH="41" HEIGHT="20" WC="0.96" CONTENT="en"/><SP WIDTH="24" VPOS="1312" HPOS="872"/>
							<String ID="string_141" HPOS="896" VPOS="1301" WIDTH="174" HEIGHT="31" WC="0.96" CONTENT="därstädes"/><SP WIDTH="24" VPOS="1301" HPOS="1070"/>
							<String ID="string_142" HPOS="1094" VPOS="1302" WIDTH="164" HEIGHT="30" WC="0.92" CONTENT="förvarad"/><SP WIDTH="24" VPOS="1302" HPOS="1258"/>
							<String ID="string_143" HPOS="1282" VPOS="1301" WIDTH="201" HEIGHT="36" WC="0.91" CONTENT="straffånge,"/><SP WIDTH="23" VPOS="1301" HPOS="1483"/>
							<String ID="string_144" HPOS="1506" VPOS="1311" WIDTH="73" HEIGHT="21" WC="0.96" CONTENT="som"/><SP WIDTH="23" VPOS="1311" HPOS="1579"/>
							<String ID="string_145" HPOS="1602" VPOS="1302" WIDTH="177" HEIGHT="30" WC="0.96" CONTENT="tilldelade"/>
						</TextLine>
						<TextLine ID="line_22" HPOS="269" VPOS="1353" WIDTH="1511" HEIGHT="37">
							<String ID="string_146" HPOS="269" VPOS="1355" WIDTH="94" HEIGHT="35" WC="0.95" CONTENT="Lilja"/><SP WIDTH="23" VPOS="1355" HPOS="363"/>
							<String ID="string_147" HPOS="386" VPOS="1354" WIDTH="126" HEIGHT="36" WC="0.93" CONTENT="upptill"/><SP WIDTH="24" VPOS="1354" HPOS="512"/>
							<String ID="string_148" HPOS="536" VPOS="1355" WIDTH="20" HEIGHT="29" WC="0.92" CONTENT="å"/><SP WIDTH="23" VPOS="1355" HPOS="556"/>
							<String ID="string_149" HPOS="579" VPOS="1355" WIDTH="141" HEIGHT="29" WC="0.96" CONTENT="vänstra"/><SP WIDTH="23" VPOS="1355" HPOS="720"/>
							<String ID="string_150" HPOS="743" VPOS="1354" WIDTH="88" HEIGHT="30" WC="0.96" CONTENT="låret"/><SP WIDTH="22" VPOS="1354" HPOS="831"/>
							<String ID="string_151" HPOS="853" VPOS="1355" WIDTH="48" HEIGHT="29" WC="0.96" CONTENT="ett"/><SP WIDTH="22" VPOS="1355" HPOS="901"/>
							<String ID="string_152" HPOS="923" VPOS="1353" WIDTH="212" HEIGHT="35" WC="0.96" CONTENT="tvärgående"/><SP WIDTH="22" VPOS="1353" HPOS="1135"/>
							<String ID="string_153" HPOS="1157" VPOS="1354" WIDTH="67" HEIGHT="34" WC="0.96" CONTENT="sår,"/><SP WIDTH="25" VPOS="1354" HPOS="1224"/>
							<String ID="string_154" HPOS="1249" VPOS="1353" WIDTH="111" HEIGHT="31" WC="0.96" CONTENT="vilket"/><SP WIDTH="22" VPOS="1353" HPOS="1360"/>
							<String ID="string_155" HPOS="1382" VPOS="1354" WIDTH="42" HEIGHT="35" WC="0.96" CONTENT="på"/><SP WIDTH="23" VPOS="1354" HPOS="1424"/>
							<String ID="string_156" HPOS="1447" VPOS="1354" WIDTH="125" HEIGHT="30" WC="0.96" CONTENT="mitten"/><SP WIDTH="24" VPOS="1354" HPOS="1572"/>
							<String ID="string_157" HPOS="1596" VPOS="1354" WIDTH="78" HEIGHT="35" WC="0.96" CONTENT="gick"/><SP WIDTH="15" VPOS="1354" HPOS="1674"/>
							<String ID="string_158" HPOS="1689" VPOS="1353" WIDTH="91" HEIGHT="31" WC="0.96" CONTENT="ända"/>
						</TextLine>
						<TextLine ID="line_23" HPOS="270" VPOS="1405" WIDTH="1510" HEIGHT="36">
							<String ID="string_159" HPOS="270" VPOS="1407" WIDTH="37" HEIGHT="30" WC="0.94" CONTENT="in"/><SP WIDTH="34" VPOS="1407" HPOS="307"/>
							<String ID="string_160" HPOS="341" VPOS="1406" WIDTH="57" HEIGHT="31" WC="0.95" CONTENT="till"/><SP WIDTH="22" VPOS="1406" HPOS="398"/>
							<String ID="string_161" HPOS="420" VPOS="1406" WIDTH="156" HEIGHT="30" WC="0.96" CONTENT="lårbenet"/><SP WIDTH="22" VPOS="1406" HPOS="576"/>
							<String ID="string_162" HPOS="598" VPOS="1406" WIDTH="62" HEIGHT="30" WC="0.96" CONTENT="och"/><SP WIDTH="22" VPOS="1406" HPOS="660"/>
							<String ID="string_163" HPOS="682" VPOS="1415" WIDTH="74" HEIGHT="21" WC="0.96" CONTENT="som"/><SP WIDTH="24" VPOS="1415" HPOS="756"/>
							<String ID="string_164" HPOS="780" VPOS="1405" WIDTH="148" HEIGHT="31" WC="0.96" CONTENT="sträckte"/><SP WIDTH="23" VPOS="1405" HPOS="928"/>
							<String ID="string_165" HPOS="951" VPOS="1405" WIDTH="52" HEIGHT="36" WC="0.96" CONTENT="sig"/><SP WIDTH="25" VPOS="1405" HPOS="1003"/>
							<String ID="string_166" HPOS="1028" VPOS="1405" WIDTH="79" HEIGHT="30" WC="0.91" CONTENT="från"/><SP WIDTH="25" VPOS="1405" HPOS="1107"/>
							<String ID="string_167" HPOS="1132" VPOS="1405" WIDTH="105" HEIGHT="31" WC="0.91" CONTENT="lårets"/><SP WIDTH="23" VPOS="1405" HPOS="1237"/>
							<String ID="string_168" HPOS="1260" VPOS="1405" WIDTH="140" HEIGHT="35" WC="0.96" CONTENT="främre,"/><SP WIDTH="24" VPOS="1405" HPOS="1400"/>
							<String ID="string_169" HPOS="1424" VPOS="1405" WIDTH="76" HEIGHT="30" WC="0.96" CONTENT="inre"/><SP WIDTH="23" VPOS="1405" HPOS="1500"/>
							<String ID="string_170" HPOS="1523" VPOS="1405" WIDTH="75" HEIGHT="31" WC="0.96" CONTENT="sida"/><SP WIDTH="23" VPOS="1405" HPOS="1598"/>
							<String ID="string_171" HPOS="1621" VPOS="1405" WIDTH="56" HEIGHT="30" WC="0.93" CONTENT="till"/><SP WIDTH="24" VPOS="1405" HPOS="1677"/>
							<String ID="string_172" HPOS="1701" VPOS="1405" WIDTH="79" HEIGHT="31" WC="0.90" CONTENT="bak-"/>
						</TextLine>
						<TextLine ID="line_24" HPOS="270" VPOS="1458" WIDTH="229" HEIGHT="32">
							<String ID="string_173" HPOS="270" VPOS="1459" WIDTH="116" HEIGHT="31" WC="0.95" CONTENT="sidans"/><SP WIDTH="23" VPOS="1459" HPOS="386"/>
							<String ID="string_174" HPOS="409" VPOS="1458" WIDTH="90" HEIGHT="31" WC="0.96" CONTENT="mitt."/>
						</TextLine>
					</TextBlock>
					<TextBlock ID="block_9" HPOS="270" VPOS="1509" WIDTH="1510" HEIGHT="247">
						<TextLine ID="line_25" HPOS="314" VPOS="1509" WIDTH="1466" HEIGHT="38">
							<String ID="string_175" HPOS="314" VPOS="1511" WIDTH="110" HEIGHT="32" WC="0.92" CONTENT="Sedan"/><SP WIDTH="24" VPOS="1511" HPOS="424"/>
							<String ID="string_176" HPOS="448" VPOS="1511" WIDTH="94" HEIGHT="36" WC="0.96" CONTENT="Lilja"/><SP WIDTH="22" VPOS="1511" HPOS="542"/>
							<String ID="string_177" HPOS="564" VPOS="1511" WIDTH="61" HEIGHT="31" WC="0.96" CONTENT="hos"/><SP WIDTH="23" VPOS="1511" HPOS="625"/>
							<String ID="string_178" HPOS="648" VPOS="1510" WIDTH="133" HEIGHT="36" WC="0.96" CONTENT="Kungl."/><SP WIDTH="25" VPOS="1510" HPOS="781"/>
							<String ID="string_179" HPOS="806" VPOS="1510" WIDTH="102" HEIGHT="36" WC="0.96" CONTENT="Maj:t"/><SP WIDTH="22" VPOS="1510" HPOS="908"/>
							<String ID="string_180" HPOS="930" VPOS="1510" WIDTH="150" HEIGHT="31" WC="0.96" CONTENT="anhållit"/><SP WIDTH="21" VPOS="1510" HPOS="1080"/>
							<String ID="string_181" HPOS="1101" VPOS="1520" WIDTH="56" HEIGHT="21" WC="0.96" CONTENT="om"/><SP WIDTH="24" VPOS="1520" HPOS="1157"/>
							<String ID="string_182" HPOS="1181" VPOS="1510" WIDTH="206" HEIGHT="36" WC="0.96" CONTENT="gottgörelse"/><SP WIDTH="23" VPOS="1510" HPOS="1387"/>
							<String ID="string_183" HPOS="1410" VPOS="1509" WIDTH="71" HEIGHT="32" WC="0.96" CONTENT="dels"/><SP WIDTH="16" VPOS="1509" HPOS="1481"/>
							<String ID="string_184" HPOS="1497" VPOS="1510" WIDTH="53" HEIGHT="31" WC="0.96" CONTENT="för"/><SP WIDTH="15" VPOS="1510" HPOS="1550"/>
							<String ID="string_185" HPOS="1565" VPOS="1510" WIDTH="146" HEIGHT="37" WC="0.96" CONTENT="utgifter"/><SP WIDTH="15" VPOS="1510" HPOS="1711"/>
							<String ID="string_186" HPOS="1726" VPOS="1510" WIDTH="54" HEIGHT="31" WC="0.96" CONTENT="för"/>
						</TextLine>
						<TextLine ID="line_26" HPOS="270" VPOS="1562" WIDTH="1510" HEIGHT="39">
							<String ID="string_187" HPOS="270" VPOS="1564" WIDTH="166" HEIGHT="37" WC="0.96" CONTENT="sjukvård"/><SP WIDTH="23" VPOS="1564" HPOS="436"/>
							<String ID="string_188" HPOS="459" VPOS="1564" WIDTH="63" HEIGHT="31" WC="0.96" CONTENT="och"/><SP WIDTH="23" VPOS="1564" HPOS="522"/>
							<String ID="string_189" HPOS="545" VPOS="1563" WIDTH="149" HEIGHT="31" WC="0.93" CONTENT="skadade"/><SP WIDTH="23" VPOS="1563" HPOS="694"/>
							<String ID="string_190" HPOS="717" VPOS="1563" WIDTH="291" HEIGHT="36" WC="0.91" CONTENT="klädespersedlar"/><SP WIDTH="23" VPOS="1563" HPOS="1008"/>
							<String ID="string_191" HPOS="1031" VPOS="1563" WIDTH="77" HEIGHT="31" WC="0.96" CONTENT="med"/><SP WIDTH="25" VPOS="1563" HPOS="1108"/>
							<String ID="string_192" HPOS="1133" VPOS="1563" WIDTH="39" HEIGHT="30" WC="0.95" CONTENT="91"/><SP WIDTH="25" VPOS="1563" HPOS="1172"/>
							<String ID="string_193" HPOS="1197" VPOS="1563" WIDTH="127" HEIGHT="30" WC="0.95" CONTENT="kronor"/><SP WIDTH="16" VPOS="1563" HPOS="1324"/>
							<String ID="string_194" HPOS="1340" VPOS="1562" WIDTH="41" HEIGHT="31" WC="0.93" CONTENT="25"/><SP WIDTH="17" VPOS="1562" HPOS="1381"/>
							<String ID="string_195" HPOS="1398" VPOS="1564" WIDTH="65" HEIGHT="34" WC="0.96" CONTENT="öre,"/><SP WIDTH="17" VPOS="1564" HPOS="1463"/>
							<String ID="string_196" HPOS="1480" VPOS="1562" WIDTH="72" HEIGHT="31" WC="0.95" CONTENT="dels"/><SP WIDTH="15" VPOS="1562" HPOS="1552"/>
							<String ID="string_197" HPOS="1567" VPOS="1563" WIDTH="54" HEIGHT="30" WC="0.92" CONTENT="för"/><SP WIDTH="16" VPOS="1563" HPOS="1621"/>
							<String ID="string_198" HPOS="1637" VPOS="1562" WIDTH="143" HEIGHT="32" WC="0.92" CONTENT="mistade"/>
						</TextLine>
						<TextLine ID="line_27" HPOS="270" VPOS="1615" WIDTH="1510" HEIGHT="37">
							<String ID="string_199" HPOS="270" VPOS="1616" WIDTH="446" HEIGHT="36" WC="0.90" CONTENT="tjänstgöringspenningar"/><SP WIDTH="22" VPOS="1616" HPOS="716"/>
							<String ID="string_200" HPOS="738" VPOS="1615" WIDTH="78" HEIGHT="30" WC="0.95" CONTENT="med"/><SP WIDTH="24" VPOS="1615" HPOS="816"/>
							<String ID="string_201" HPOS="840" VPOS="1615" WIDTH="62" HEIGHT="30" WC="0.95" CONTENT="294"/><SP WIDTH="25" VPOS="1615" HPOS="902"/>
							<String ID="string_202" HPOS="927" VPOS="1615" WIDTH="125" HEIGHT="30" WC="0.96" CONTENT="kronor"/><SP WIDTH="25" VPOS="1615" HPOS="1052"/>
							<String ID="string_203" HPOS="1077" VPOS="1615" WIDTH="40" HEIGHT="30" WC="0.96" CONTENT="35"/><SP WIDTH="25" VPOS="1615" HPOS="1117"/>
							<String ID="string_204" HPOS="1142" VPOS="1617" WIDTH="56" HEIGHT="28" WC="0.95" CONTENT="öre"/><SP WIDTH="24" VPOS="1617" HPOS="1198"/>
							<String ID="string_205" HPOS="1222" VPOS="1615" WIDTH="62" HEIGHT="30" WC="0.96" CONTENT="och"/><SP WIDTH="24" VPOS="1615" HPOS="1284"/>
							<String ID="string_206" HPOS="1308" VPOS="1615" WIDTH="71" HEIGHT="30" WC="0.96" CONTENT="dels"/><SP WIDTH="24" VPOS="1615" HPOS="1379"/>
							<String ID="string_207" HPOS="1403" VPOS="1615" WIDTH="53" HEIGHT="30" WC="0.96" CONTENT="för"/><SP WIDTH="23" VPOS="1615" HPOS="1456"/>
							<String ID="string_208" HPOS="1479" VPOS="1615" WIDTH="105" HEIGHT="31" WC="0.96" CONTENT="sveda"/><SP WIDTH="22" VPOS="1615" HPOS="1584"/>
							<String ID="string_209" HPOS="1606" VPOS="1615" WIDTH="63" HEIGHT="30" WC="0.96" CONTENT="och"/><SP WIDTH="24" VPOS="1615" HPOS="1669"/>
							<String ID="string_210" HPOS="1693" VPOS="1615" WIDTH="87" HEIGHT="30" WC="0.96" CONTENT="värk"/>
						</TextLine>
						<TextLine ID="line_28" HPOS="270" VPOS="1666" WIDTH="1508" HEIGHT="36">
							<String ID="string_211" HPOS="270" VPOS="1668" WIDTH="79" HEIGHT="31" WC="0.95" CONTENT="med"/><SP WIDTH="23" VPOS="1668" HPOS="349"/>
							<String ID="string_212" HPOS="372" VPOS="1668" WIDTH="63" HEIGHT="30" WC="0.95" CONTENT="100"/><SP WIDTH="25" VPOS="1668" HPOS="435"/>
							<String ID="string_213" HPOS="460" VPOS="1667" WIDTH="135" HEIGHT="35" WC="0.95" CONTENT="kronor,"/><SP WIDTH="25" VPOS="1667" HPOS="595"/>
							<String ID="string_214" HPOS="620" VPOS="1666" WIDTH="176" HEIGHT="32" WC="0.96" CONTENT="tilldelade"/><SP WIDTH="23" VPOS="1666" HPOS="796"/>
							<String ID="string_215" HPOS="819" VPOS="1666" WIDTH="131" HEIGHT="36" WC="0.95" CONTENT="Kungl."/><SP WIDTH="25" VPOS="1666" HPOS="950"/>
							<String ID="string_216" HPOS="975" VPOS="1666" WIDTH="102" HEIGHT="36" WC="0.96" CONTENT="Maj:t"/><SP WIDTH="23" VPOS="1666" HPOS="1077"/>
							<String ID="string_217" HPOS="1100" VPOS="1676" WIDTH="122" HEIGHT="26" WC="0.96" CONTENT="genom"/><SP WIDTH="23" VPOS="1676" HPOS="1222"/>
							<String ID="string_218" HPOS="1245" VPOS="1666" WIDTH="110" HEIGHT="31" WC="0.95" CONTENT="beslut"/><SP WIDTH="24" VPOS="1666" HPOS="1355"/>
							<String ID="string_219" HPOS="1379" VPOS="1666" WIDTH="65" HEIGHT="31" WC="0.96" CONTENT="den"/><SP WIDTH="22" VPOS="1666" HPOS="1444"/>
							<String ID="string_220" HPOS="1466" VPOS="1667" WIDTH="41" HEIGHT="30" WC="0.96" CONTENT="10"/><SP WIDTH="17" VPOS="1667" HPOS="1507"/>
							<String ID="string_221" HPOS="1524" VPOS="1667" WIDTH="154" HEIGHT="30" WC="0.96" CONTENT="februari"/><SP WIDTH="17" VPOS="1667" HPOS="1678"/>
							<String ID="string_222" HPOS="1695" VPOS="1667" WIDTH="83" HEIGHT="30" WC="0.95" CONTENT="1899"/>
						</TextLine>
						<TextLine ID="line_29" HPOS="271" VPOS="1719" WIDTH="884" HEIGHT="37">
							<String ID="string_223" HPOS="271" VPOS="1720" WIDTH="94" HEIGHT="36" WC="0.95" CONTENT="Lilja"/><SP WIDTH="23" VPOS="1720" HPOS="365"/>
							<String ID="string_224" HPOS="388" VPOS="1729" WIDTH="41" HEIGHT="21" WC="0.93" CONTENT="en"/><SP WIDTH="25" VPOS="1729" HPOS="429"/>
							<String ID="string_225" HPOS="454" VPOS="1719" WIDTH="238" HEIGHT="36" WC="0.92" CONTENT="gratifikation"/><SP WIDTH="24" VPOS="1719" HPOS="692"/>
							<String ID="string_226" HPOS="716" VPOS="1729" WIDTH="45" HEIGHT="21" WC="0.96" CONTENT="av"/><SP WIDTH="25" VPOS="1729" HPOS="761"/>
							<String ID="string_227" HPOS="786" VPOS="1719" WIDTH="62" HEIGHT="30" WC="0.96" CONTENT="485"/><SP WIDTH="24" VPOS="1719" HPOS="848"/>
							<String ID="string_228" HPOS="872" VPOS="1719" WIDTH="127" HEIGHT="30" WC="0.96" CONTENT="kronor"/><SP WIDTH="24" VPOS="1719" HPOS="999"/>
							<String ID="string_229" HPOS="1023" VPOS="1719" WIDTH="40" HEIGHT="30" WC="0.96" CONTENT="60"/><SP WIDTH="26" VPOS="1719" HPOS="1063"/>
							<String ID="string_230" HPOS="1089" VPOS="1720" WIDTH="66" HEIGHT="29" WC="0.95" CONTENT="öre."/>
						</TextLine>
					</TextBlock>
					<TextBlock ID="block_10" HPOS="269" VPOS="1770" WIDTH="1512" HEIGHT="245">
						<TextLine ID="line_30" HPOS="315" VPOS="1770" WIDTH="1466" HEIGHT="38">
							<String ID="string_231" HPOS="315" VPOS="1772" WIDTH="93" HEIGHT="31" WC="0.95" CONTENT="Från"/><SP WIDTH="24" VPOS="1772" HPOS="408"/>
							<String ID="string_232" HPOS="432" VPOS="1772" WIDTH="61" HEIGHT="31" WC="0.96" CONTENT="och"/><SP WIDTH="24" VPOS="1772" HPOS="493"/>
							<String ID="string_233" HPOS="517" VPOS="1771" WIDTH="76" HEIGHT="31" WC="0.96" CONTENT="med"/><SP WIDTH="25" VPOS="1771" HPOS="593"/>
							<String ID="string_234" HPOS="618" VPOS="1771" WIDTH="65" HEIGHT="31" WC="0.96" CONTENT="den"/><SP WIDTH="24" VPOS="1771" HPOS="683"/>
							<String ID="string_235" HPOS="707" VPOS="1772" WIDTH="18" HEIGHT="30" WC="0.96" CONTENT="1"/><SP WIDTH="25" VPOS="1772" HPOS="725"/>
							<String ID="string_236" HPOS="750" VPOS="1771" WIDTH="141" HEIGHT="37" WC="0.96" CONTENT="januari"/><SP WIDTH="23" VPOS="1771" HPOS="891"/>
							<String ID="string_237" HPOS="914" VPOS="1771" WIDTH="85" HEIGHT="30" WC="0.96" CONTENT="1899"/><SP WIDTH="26" VPOS="1771" HPOS="999"/>
							<String ID="string_238" HPOS="1025" VPOS="1770" WIDTH="290" HEIGHT="37" WC="0.96" CONTENT="transporterades"/><SP WIDTH="23" VPOS="1770" HPOS="1315"/>
							<String ID="string_239" HPOS="1338" VPOS="1771" WIDTH="93" HEIGHT="36" WC="0.95" CONTENT="Lilja"/><SP WIDTH="24" VPOS="1771" HPOS="1431"/>
							<String ID="string_240" HPOS="1455" VPOS="1771" WIDTH="56" HEIGHT="31" WC="0.93" CONTENT="till"/><SP WIDTH="16" VPOS="1771" HPOS="1511"/>
							<String ID="string_241" HPOS="1527" VPOS="1771" WIDTH="254" HEIGHT="36" WC="0.92" CONTENT="tvångsarbets-"/>
						</TextLine>
						<TextLine ID="line_31" HPOS="270" VPOS="1823" WIDTH="1509" HEIGHT="37">
							<String ID="string_242" HPOS="270" VPOS="1825" WIDTH="174" HEIGHT="31" WC="0.96" CONTENT="anstalten"/><SP WIDTH="23" VPOS="1825" HPOS="444"/>
							<String ID="string_243" HPOS="467" VPOS="1825" WIDTH="12" HEIGHT="30" WC="0.95" CONTENT="i"/><SP WIDTH="24" VPOS="1825" HPOS="479"/>
							<String ID="string_244" HPOS="503" VPOS="1824" WIDTH="235" HEIGHT="36" WC="0.95" CONTENT="Landskrona,"/><SP WIDTH="24" VPOS="1824" HPOS="738"/>
							<String ID="string_245" HPOS="762" VPOS="1824" WIDTH="160" HEIGHT="31" WC="0.96" CONTENT="varifrån"/><SP WIDTH="24" VPOS="1824" HPOS="922"/>
							<String ID="string_246" HPOS="946" VPOS="1824" WIDTH="70" HEIGHT="31" WC="0.96" CONTENT="han"/><SP WIDTH="23" VPOS="1824" HPOS="1016"/>
							<String ID="string_247" HPOS="1039" VPOS="1824" WIDTH="53" HEIGHT="30" WC="0.96" CONTENT="för"/><SP WIDTH="23" VPOS="1824" HPOS="1092"/>
							<String ID="string_248" HPOS="1115" VPOS="1825" WIDTH="52" HEIGHT="29" WC="0.96" CONTENT="att"/><SP WIDTH="24" VPOS="1825" HPOS="1167"/>
							<String ID="string_249" HPOS="1191" VPOS="1823" WIDTH="133" HEIGHT="31" WC="0.95" CONTENT="erhålla"/><SP WIDTH="16" VPOS="1823" HPOS="1324"/>
							<String ID="string_250" HPOS="1340" VPOS="1823" WIDTH="190" HEIGHT="36" WC="0.95" CONTENT="lindrigare"/><SP WIDTH="16" VPOS="1823" HPOS="1530"/>
							<String ID="string_251" HPOS="1546" VPOS="1824" WIDTH="233" HEIGHT="36" WC="0.95" CONTENT="tjänstgöring"/>
						</TextLine>
						<TextLine ID="line_32" HPOS="271" VPOS="1874" WIDTH="1509" HEIGHT="40">
							<String ID="string_252" HPOS="271" VPOS="1879" WIDTH="66" HEIGHT="30" WC="0.96" CONTENT="den"/><SP WIDTH="32" VPOS="1879" HPOS="337"/>
							<String ID="string_253" HPOS="369" VPOS="1879" WIDTH="19" HEIGHT="29" WC="0.96" CONTENT="1"/><SP WIDTH="32" VPOS="1879" HPOS="388"/>
							<String ID="string_254" HPOS="420" VPOS="1878" WIDTH="78" HEIGHT="36" WC="0.96" CONTENT="juni"/><SP WIDTH="23" VPOS="1878" HPOS="498"/>
							<String ID="string_255" HPOS="521" VPOS="1878" WIDTH="85" HEIGHT="30" WC="0.96" CONTENT="1910"/><SP WIDTH="26" VPOS="1878" HPOS="606"/>
							<String ID="string_256" HPOS="632" VPOS="1877" WIDTH="213" HEIGHT="36" WC="0.96" CONTENT="förflyttades"/><SP WIDTH="24" VPOS="1877" HPOS="845"/>
							<String ID="string_257" HPOS="869" VPOS="1877" WIDTH="55" HEIGHT="30" WC="0.90" CONTENT="till"/><SP WIDTH="24" VPOS="1877" HPOS="924"/>
							<String ID="string_258" HPOS="948" VPOS="1877" WIDTH="227" HEIGHT="30" WC="0.90" CONTENT="kronohäktet"/><SP WIDTH="24" VPOS="1877" HPOS="1175"/>
							<String ID="string_259" HPOS="1199" VPOS="1877" WIDTH="12" HEIGHT="30" WC="0.96" CONTENT="i"/><SP WIDTH="26" VPOS="1877" HPOS="1211"/>
							<String ID="string_260" HPOS="1237" VPOS="1874" WIDTH="221" HEIGHT="38" WC="0.95" CONTENT="Ängelholm,"/><SP WIDTH="24" VPOS="1874" HPOS="1458"/>
							<String ID="string_261" HPOS="1482" VPOS="1876" WIDTH="62" HEIGHT="31" WC="0.96" CONTENT="där"/><SP WIDTH="24" VPOS="1876" HPOS="1544"/>
							<String ID="string_262" HPOS="1568" VPOS="1877" WIDTH="70" HEIGHT="30" WC="0.90" CONTENT="han"/><SP WIDTH="23" VPOS="1877" HPOS="1638"/>
							<String ID="string_263" HPOS="1661" VPOS="1876" WIDTH="119" HEIGHT="36" WC="0.90" CONTENT="tjänst-"/>
						</TextLine>
						<TextLine ID="line_33" HPOS="272" VPOS="1928" WIDTH="1509" HEIGHT="39">
							<String ID="string_264" HPOS="272" VPOS="1930" WIDTH="120" HEIGHT="37" WC="0.93" CONTENT="gjorde"/><SP WIDTH="23" VPOS="1930" HPOS="392"/>
							<String ID="string_265" HPOS="415" VPOS="1929" WIDTH="57" HEIGHT="31" WC="0.96" CONTENT="till"/><SP WIDTH="23" VPOS="1929" HPOS="472"/>
							<String ID="string_266" HPOS="495" VPOS="1929" WIDTH="62" HEIGHT="31" WC="0.96" CONTENT="och"/><SP WIDTH="24" VPOS="1929" HPOS="557"/>
							<String ID="string_267" HPOS="581" VPOS="1929" WIDTH="78" HEIGHT="31" WC="0.96" CONTENT="med"/><SP WIDTH="24" VPOS="1929" HPOS="659"/>
							<String ID="string_268" HPOS="683" VPOS="1929" WIDTH="66" HEIGHT="31" WC="0.95" CONTENT="den"/><SP WIDTH="23" VPOS="1929" HPOS="749"/>
							<String ID="string_269" HPOS="772" VPOS="1928" WIDTH="41" HEIGHT="31" WC="0.95" CONTENT="30"/><SP WIDTH="25" VPOS="1928" HPOS="813"/>
							<String ID="string_270" HPOS="838" VPOS="1928" WIDTH="188" HEIGHT="36" WC="0.96" CONTENT="september"/><SP WIDTH="24" VPOS="1928" HPOS="1026"/>
							<String ID="string_271" HPOS="1050" VPOS="1929" WIDTH="96" HEIGHT="34" WC="0.96" CONTENT="1928,"/><SP WIDTH="24" VPOS="1929" HPOS="1146"/>
							<String ID="string_272" HPOS="1170" VPOS="1928" WIDTH="44" HEIGHT="31" WC="0.95" CONTENT="då"/><SP WIDTH="23" VPOS="1928" HPOS="1214"/>
							<String ID="string_273" HPOS="1237" VPOS="1928" WIDTH="70" HEIGHT="30" WC="0.96" CONTENT="han"/><SP WIDTH="24" VPOS="1928" HPOS="1307"/>
							<String ID="string_274" HPOS="1331" VPOS="1928" WIDTH="111" HEIGHT="31" WC="0.96" CONTENT="erhöll"/><SP WIDTH="23" VPOS="1928" HPOS="1442"/>
							<String ID="string_275" HPOS="1465" VPOS="1928" WIDTH="128" HEIGHT="31" WC="0.96" CONTENT="avsked"/><SP WIDTH="16" VPOS="1928" HPOS="1593"/>
							<String ID="string_276" HPOS="1609" VPOS="1928" WIDTH="77" HEIGHT="31" WC="0.91" CONTENT="med"/><SP WIDTH="17" VPOS="1928" HPOS="1686"/>
							<String ID="string_277" HPOS="1703" VPOS="1938" WIDTH="78" HEIGHT="26" WC="0.91" CONTENT="pen-"/>
						</TextLine>
						<TextLine ID="line_34" HPOS="269" VPOS="1981" WIDTH="562" HEIGHT="34">
							<String ID="string_278" HPOS="269" VPOS="1983" WIDTH="78" HEIGHT="30" WC="0.96" CONTENT="sion"/><SP WIDTH="23" VPOS="1983" HPOS="347"/>
							<String ID="string_279" HPOS="370" VPOS="1992" WIDTH="44" HEIGHT="20" WC="0.93" CONTENT="av"/><SP WIDTH="24" VPOS="1992" HPOS="414"/>
							<String ID="string_280" HPOS="438" VPOS="1981" WIDTH="95" HEIGHT="34" WC="0.89" CONTENT="1,716"/><SP WIDTH="24" VPOS="1981" HPOS="533"/>
							<String ID="string_281" HPOS="557" VPOS="1981" WIDTH="127" HEIGHT="31" WC="0.96" CONTENT="kronor"/><SP WIDTH="23" VPOS="1981" HPOS="684"/>
							<String ID="string_282" HPOS="707" VPOS="1981" WIDTH="52" HEIGHT="30" WC="0.96" CONTENT="för"/><SP WIDTH="23" VPOS="1981" HPOS="759"/>
							<String ID="string_283" HPOS="782" VPOS="1982" WIDTH="49" HEIGHT="29" WC="0.95" CONTENT="år."/>
						</TextLine>
					</TextBlock>
					<TextBlock ID="block_11" HPOS="315" VPOS="2032" WIDTH="1263" HEIGHT="39">
						<TextLine ID="line_35" HPOS="315" VPOS="2032" WIDTH="1263" HEIGHT="39">
							<String ID="string_284" HPOS="315" VPOS="2035" WIDTH="114" HEIGHT="36" WC="0.96" CONTENT="Fråga"/><SP WIDTH="22" VPOS="2035" HPOS="429"/>
							<String ID="string_285" HPOS="451" VPOS="2034" WIDTH="64" HEIGHT="31" WC="0.96" CONTENT="har"/><SP WIDTH="23" VPOS="2034" HPOS="515"/>
							<String ID="string_286" HPOS="538" VPOS="2044" WIDTH="48" HEIGHT="20" WC="0.96" CONTENT="nu"/><SP WIDTH="23" VPOS="2044" HPOS="586"/>
							<String ID="string_287" HPOS="609" VPOS="2033" WIDTH="121" HEIGHT="32" WC="0.96" CONTENT="väckts"/><SP WIDTH="24" VPOS="2033" HPOS="730"/>
							<String ID="string_288" HPOS="754" VPOS="2043" WIDTH="54" HEIGHT="21" WC="0.96" CONTENT="om"/><SP WIDTH="24" VPOS="2043" HPOS="808"/>
							<String ID="string_289" HPOS="832" VPOS="2033" WIDTH="190" HEIGHT="31" WC="0.96" CONTENT="beredande"/><SP WIDTH="23" VPOS="2033" HPOS="1022"/>
							<String ID="string_290" HPOS="1045" VPOS="2034" WIDTH="36" HEIGHT="29" WC="0.96" CONTENT="åt"/><SP WIDTH="23" VPOS="2034" HPOS="1081"/>
							<String ID="string_291" HPOS="1104" VPOS="2033" WIDTH="91" HEIGHT="36" WC="0.96" CONTENT="Lilja"/><SP WIDTH="23" VPOS="2033" HPOS="1195"/>
							<String ID="string_292" HPOS="1218" VPOS="2043" WIDTH="44" HEIGHT="20" WC="0.92" CONTENT="av"/><SP WIDTH="23" VPOS="2043" HPOS="1262"/>
							<String ID="string_293" HPOS="1285" VPOS="2032" WIDTH="293" HEIGHT="37" WC="0.90" CONTENT="tilläggspension."/>
						</TextLine>
					</TextBlock>
					<TextBlock ID="block_12" HPOS="270" VPOS="2085" WIDTH="1512" HEIGHT="141">
						<TextLine ID="line_36" HPOS="317" VPOS="2085" WIDTH="1464" HEIGHT="37">
							<String ID="string_294" HPOS="317" VPOS="2087" WIDTH="273" HEIGHT="35" WC="0.96" CONTENT="Statskontoret,"/><SP WIDTH="35" VPOS="2087" HPOS="590"/>
							<String ID="string_295" HPOS="625" VPOS="2096" WIDTH="73" HEIGHT="21" WC="0.96" CONTENT="som"/><SP WIDTH="34" VPOS="2096" HPOS="698"/>
							<String ID="string_296" HPOS="732" VPOS="2086" WIDTH="139" HEIGHT="36" WC="0.96" CONTENT="avgivit"/><SP WIDTH="33" VPOS="2086" HPOS="871"/>
							<String ID="string_297" HPOS="904" VPOS="2085" WIDTH="178" HEIGHT="32" WC="0.96" CONTENT="utlåtande"/><SP WIDTH="35" VPOS="2085" HPOS="1082"/>
							<String ID="string_298" HPOS="1117" VPOS="2086" WIDTH="12" HEIGHT="29" WC="0.96" CONTENT="i"/><SP WIDTH="24" VPOS="2086" HPOS="1129"/>
							<String ID="string_299" HPOS="1153" VPOS="2085" WIDTH="151" HEIGHT="36" WC="0.95" CONTENT="ärendet,"/><SP WIDTH="25" VPOS="2085" HPOS="1304"/>
							<String ID="string_300" HPOS="1329" VPOS="2085" WIDTH="64" HEIGHT="30" WC="0.95" CONTENT="har"/><SP WIDTH="23" VPOS="2085" HPOS="1393"/>
							<String ID="string_301" HPOS="1416" VPOS="2085" WIDTH="125" HEIGHT="31" WC="0.93" CONTENT="därvid"/><SP WIDTH="23" VPOS="2085" HPOS="1541"/>
							<String ID="string_302" HPOS="1564" VPOS="2085" WIDTH="142" HEIGHT="36" WC="0.90" CONTENT="erinrat,"/><SP WIDTH="24" VPOS="2085" HPOS="1706"/>
							<String ID="string_303" HPOS="1730" VPOS="2086" WIDTH="51" HEIGHT="30" WC="0.96" CONTENT="att"/>
						</TextLine>
						<TextLine ID="line_37" HPOS="272" VPOS="2137" WIDTH="1510" HEIGHT="38">
							<String ID="string_304" HPOS="272" VPOS="2140" WIDTH="85" HEIGHT="30" WC="0.96" CONTENT="1927"/><SP WIDTH="33" VPOS="2140" HPOS="357"/>
							<String ID="string_305" HPOS="390" VPOS="2140" WIDTH="56" HEIGHT="29" WC="0.96" CONTENT="års"/><SP WIDTH="34" VPOS="2140" HPOS="446"/>
							<String ID="string_306" HPOS="480" VPOS="2138" WIDTH="140" HEIGHT="37" WC="0.96" CONTENT="riksdag"/><SP WIDTH="34" VPOS="2138" HPOS="620"/>
							<String ID="string_307" HPOS="654" VPOS="2138" WIDTH="111" HEIGHT="31" WC="0.91" CONTENT="under"/><SP WIDTH="34" VPOS="2138" HPOS="765"/>
							<String ID="string_308" HPOS="799" VPOS="2138" WIDTH="169" HEIGHT="30" WC="0.95" CONTENT="likartade"/><SP WIDTH="35" VPOS="2138" HPOS="968"/>
							<String ID="string_309" HPOS="1003" VPOS="2137" WIDTH="243" HEIGHT="31" WC="0.96" CONTENT="förhållanden"/><SP WIDTH="23" VPOS="2137" HPOS="1246"/>
							<String ID="string_310" HPOS="1269" VPOS="2137" WIDTH="145" HEIGHT="36" WC="0.92" CONTENT="beviljat"/><SP WIDTH="23" VPOS="2137" HPOS="1414"/>
							<String ID="string_311" HPOS="1437" VPOS="2137" WIDTH="284" HEIGHT="36" WC="0.91" CONTENT="tilläggspension"/><SP WIDTH="23" VPOS="2137" HPOS="1721"/>
							<String ID="string_312" HPOS="1744" VPOS="2138" WIDTH="38" HEIGHT="29" WC="0.96" CONTENT="åt"/>
						</TextLine>
						<TextLine ID="line_38" HPOS="270" VPOS="2190" WIDTH="707" HEIGHT="36">
							<String ID="string_313" HPOS="270" VPOS="2192" WIDTH="93" HEIGHT="30" WC="0.93" CONTENT="förre"/><SP WIDTH="24" VPOS="2192" HPOS="363"/>
							<String ID="string_314" HPOS="387" VPOS="2191" WIDTH="286" HEIGHT="35" WC="0.91" CONTENT="vaktkonstapeln"/><SP WIDTH="24" VPOS="2191" HPOS="673"/>
							<String ID="string_315" HPOS="697" VPOS="2190" WIDTH="33" HEIGHT="31" WC="0.92" CONTENT="J."/><SP WIDTH="25" VPOS="2190" HPOS="730"/>
							<String ID="string_316" HPOS="755" VPOS="2190" WIDTH="42" HEIGHT="30" WC="0.91" CONTENT="A."/><SP WIDTH="25" VPOS="2190" HPOS="797"/>
							<String ID="string_317" HPOS="822" VPOS="2190" WIDTH="155" HEIGHT="30" WC="0.95" CONTENT="Schwan."/>
						</TextLine>
					</TextBlock>
					<TextBlock ID="block_13" HPOS="270" VPOS="2241" WIDTH="1511" HEIGHT="90">
						<TextLine ID="line_39" HPOS="317" VPOS="2241" WIDTH="1464" HEIGHT="38">
							<String ID="string_318" HPOS="317" VPOS="2242" WIDTH="398" HEIGHT="37" WC="0.89" CONTENT="Departementschefen"/><SP WIDTH="34" VPOS="2242" HPOS="715"/>
							<String ID="string_319" HPOS="749" VPOS="2242" WIDTH="63" HEIGHT="30" WC="0.96" CONTENT="har"/><SP WIDTH="35" VPOS="2242" HPOS="812"/>
							<String ID="string_320" HPOS="847" VPOS="2242" WIDTH="52" HEIGHT="30" WC="0.96" CONTENT="för"/><SP WIDTH="34" VPOS="2242" HPOS="899"/>
							<String ID="string_321" HPOS="933" VPOS="2251" WIDTH="84" HEIGHT="26" WC="0.96" CONTENT="egen"/><SP WIDTH="28" VPOS="2251" HPOS="1017"/>
							<String ID="string_322" HPOS="1045" VPOS="2241" WIDTH="53" HEIGHT="31" WC="0.96" CONTENT="del"/><SP WIDTH="24" VPOS="2241" HPOS="1098"/>
							<String ID="string_323" HPOS="1122" VPOS="2241" WIDTH="12" HEIGHT="30" WC="0.96" CONTENT="i"/><SP WIDTH="24" VPOS="2241" HPOS="1134"/>
							<String ID="string_324" HPOS="1158" VPOS="2241" WIDTH="140" HEIGHT="30" WC="0.96" CONTENT="ärendet"/><SP WIDTH="23" VPOS="2241" HPOS="1298"/>
							<String ID="string_325" HPOS="1321" VPOS="2241" WIDTH="117" HEIGHT="30" WC="0.96" CONTENT="anfört"/><SP WIDTH="23" VPOS="2241" HPOS="1438"/>
							<String ID="string_326" HPOS="1461" VPOS="2241" WIDTH="105" HEIGHT="30" WC="0.96" CONTENT="bland"/><SP WIDTH="23" VPOS="2241" HPOS="1566"/>
							<String ID="string_327" HPOS="1589" VPOS="2242" WIDTH="108" HEIGHT="29" WC="0.93" CONTENT="annat"/><SP WIDTH="23" VPOS="2242" HPOS="1697"/>
							<String ID="string_328" HPOS="1720" VPOS="2241" WIDTH="61" HEIGHT="30" WC="0.91" CONTENT="föl-"/>
						</TextLine>
						<TextLine ID="line_40" HPOS="270" VPOS="2295" WIDTH="120" HEIGHT="36">
							<String ID="string_329" HPOS="270" VPOS="2295" WIDTH="120" HEIGHT="36" WC="0.85" CONTENT="Jande:"/>
						</TextLine>
					</TextBlock>
					<TextBlock ID="block_14" HPOS="273" VPOS="2354" WIDTH="1509" HEIGHT="83">
						<TextLine ID="line_41" HPOS="320" VPOS="2354" WIDTH="1462" HEIGHT="38">
							<String ID="string_330" HPOS="320" VPOS="2357" WIDTH="107" HEIGHT="30" WC="0.92" CONTENT="»Lika"/><SP WIDTH="23" VPOS="2357" HPOS="427"/>
							<String ID="string_331" HPOS="450" VPOS="2356" WIDTH="77" HEIGHT="31" WC="0.96" CONTENT="med"/><SP WIDTH="23" VPOS="2356" HPOS="527"/>
							<String ID="string_332" HPOS="550" VPOS="2356" WIDTH="41" HEIGHT="31" WC="0.96" CONTENT="de"/><SP WIDTH="24" VPOS="2356" HPOS="591"/>
							<String ID="string_333" HPOS="615" VPOS="2356" WIDTH="108" HEIGHT="31" WC="0.96" CONTENT="hörda"/><SP WIDTH="22" VPOS="2356" HPOS="723"/>
							<String ID="string_334" HPOS="745" VPOS="2355" WIDTH="288" HEIGHT="37" WC="0.95" CONTENT="myndigheterna"/><SP WIDTH="22" VPOS="2355" HPOS="1033"/>
							<String ID="string_335" HPOS="1055" VPOS="2365" WIDTH="100" HEIGHT="21" WC="0.96" CONTENT="anser"/><SP WIDTH="22" VPOS="2365" HPOS="1155"/>
							<String ID="string_336" HPOS="1177" VPOS="2355" WIDTH="58" HEIGHT="36" WC="0.96" CONTENT="jag"/><SP WIDTH="24" VPOS="2355" HPOS="1235"/>
							<String ID="string_337" HPOS="1259" VPOS="2355" WIDTH="65" HEIGHT="31" WC="0.96" CONTENT="den"/><SP WIDTH="17" VPOS="2355" HPOS="1324"/>
							<String ID="string_338" HPOS="1341" VPOS="2354" WIDTH="237" HEIGHT="37" WC="0.93" CONTENT="föreliggande"/><SP WIDTH="16" VPOS="2354" HPOS="1578"/>
							<String ID="string_339" HPOS="1594" VPOS="2354" WIDTH="188" HEIGHT="31" WC="0.90" CONTENT="framställ-"/>
						</TextLine>
						<TextLine ID="line_42" HPOS="273" VPOS="2398" WIDTH="1508" HEIGHT="39">
							<String ID="string_340" HPOS="273" VPOS="2401" WIDTH="130" HEIGHT="36" WC="0.96" CONTENT="ningen"/><SP WIDTH="23" VPOS="2401" HPOS="403"/>
							<String ID="string_341" HPOS="426" VPOS="2410" WIDTH="86" HEIGHT="21" WC="0.96" CONTENT="vara"/><SP WIDTH="23" VPOS="2410" HPOS="512"/>
							<String ID="string_342" HPOS="535" VPOS="2400" WIDTH="148" HEIGHT="36" WC="0.96" CONTENT="förtjänt"/><SP WIDTH="22" VPOS="2400" HPOS="683"/>
							<String ID="string_343" HPOS="705" VPOS="2410" WIDTH="44" HEIGHT="20" WC="0.96" CONTENT="av"/><SP WIDTH="24" VPOS="2410" HPOS="749"/>
							<String ID="string_344" HPOS="773" VPOS="2399" WIDTH="199" HEIGHT="31" WC="0.96" CONTENT="beaktande."/><SP WIDTH="48" VPOS="2399" HPOS="972"/>
							<String ID="string_345" HPOS="1020" VPOS="2399" WIDTH="239" HEIGHT="35" WC="0.96" CONTENT="Utredningen"/><SP WIDTH="24" VPOS="2399" HPOS="1259"/>
							<String ID="string_346" HPOS="1283" VPOS="2399" WIDTH="99" HEIGHT="35" WC="0.96" CONTENT="giver"/><SP WIDTH="22" VPOS="2399" HPOS="1382"/>
							<String ID="string_347" HPOS="1404" VPOS="2398" WIDTH="60" HEIGHT="31" WC="0.96" CONTENT="vid"/><SP WIDTH="24" VPOS="2398" HPOS="1464"/>
							<String ID="string_348" HPOS="1488" VPOS="2398" WIDTH="146" HEIGHT="36" WC="0.96" CONTENT="handen,"/><SP WIDTH="17" VPOS="2398" HPOS="1634"/>
							<String ID="string_349" HPOS="1651" VPOS="2399" WIDTH="49" HEIGHT="30" WC="0.96" CONTENT="att"/><SP WIDTH="16" VPOS="2399" HPOS="1700"/>
							<String ID="string_350" HPOS="1716" VPOS="2398" WIDTH="65" HEIGHT="31" WC="0.96" CONTENT="den"/>
						</TextLine>
					</TextBlock>
				</ComposedBlock>
				<ComposedBlock ID="cblock_7" HPOS="272" VPOS="2442" WIDTH="1511" HEIGHT="81">
					<TextBlock ID="block_15" HPOS="272" VPOS="2442" WIDTH="1511" HEIGHT="81">
						<TextLine ID="line_43" HPOS="274" VPOS="2442" WIDTH="1508" HEIGHT="38">
							<String ID="string_351" HPOS="274" VPOS="2444" WIDTH="93" HEIGHT="36" WC="0.96" CONTENT="Lilja"/><SP WIDTH="28" VPOS="2444" HPOS="367"/>
							<String ID="string_352" HPOS="395" VPOS="2444" WIDTH="12" HEIGHT="30" WC="0.96" CONTENT="i"/><SP WIDTH="23" VPOS="2444" HPOS="407"/>
							<String ID="string_353" HPOS="430" VPOS="2444" WIDTH="150" HEIGHT="36" WC="0.93" CONTENT="tjänsten"/><SP WIDTH="24" VPOS="2444" HPOS="580"/>
							<String ID="string_354" HPOS="604" VPOS="2443" WIDTH="184" HEIGHT="31" WC="0.90" CONTENT="åsamkade"/><SP WIDTH="23" VPOS="2443" HPOS="788"/>
							<String ID="string_355" HPOS="811" VPOS="2443" WIDTH="132" HEIGHT="31" WC="0.96" CONTENT="skadan"/><SP WIDTH="24" VPOS="2443" HPOS="943"/>
							<String ID="string_356" HPOS="967" VPOS="2443" WIDTH="93" HEIGHT="31" WC="0.96" CONTENT="varit"/><SP WIDTH="22" VPOS="2443" HPOS="1060"/>
							<String ID="string_357" HPOS="1082" VPOS="2453" WIDTH="45" HEIGHT="20" WC="0.96" CONTENT="av"/><SP WIDTH="23" VPOS="2453" HPOS="1127"/>
							<String ID="string_358" HPOS="1150" VPOS="2442" WIDTH="226" HEIGHT="37" WC="0.95" CONTENT="allvarligare"/><SP WIDTH="23" VPOS="2442" HPOS="1376"/>
							<String ID="string_359" HPOS="1399" VPOS="2443" WIDTH="54" HEIGHT="30" WC="0.95" CONTENT="art"/><SP WIDTH="22" VPOS="2443" HPOS="1453"/>
							<String ID="string_360" HPOS="1475" VPOS="2442" WIDTH="63" HEIGHT="31" WC="0.96" CONTENT="och"/><SP WIDTH="23" VPOS="2442" HPOS="1538"/>
							<String ID="string_361" HPOS="1561" VPOS="2442" WIDTH="221" HEIGHT="31" WC="0.96" CONTENT="efterlämnat"/>
						</TextLine>
						<TextLine ID="line_44" HPOS="272" VPOS="2486" WIDTH="1511" HEIGHT="37">
							<String ID="string_362" HPOS="272" VPOS="2498" WIDTH="94" HEIGHT="21" WC="0.96" CONTENT="mera"/><SP WIDTH="24" VPOS="2498" HPOS="366"/>
							<String ID="string_363" HPOS="390" VPOS="2487" WIDTH="226" HEIGHT="32" WC="0.96" CONTENT="kvarstående"/><SP WIDTH="23" VPOS="2487" HPOS="616"/>
							<String ID="string_364" HPOS="639" VPOS="2497" WIDTH="78" HEIGHT="21" WC="0.96" CONTENT="men"/><SP WIDTH="23" VPOS="2497" HPOS="717"/>
							<String ID="string_365" HPOS="740" VPOS="2490" WIDTH="46" HEIGHT="28" WC="0.96" CONTENT="än"/><SP WIDTH="23" VPOS="2490" HPOS="786"/>
							<String ID="string_366" HPOS="809" VPOS="2487" WIDTH="80" HEIGHT="31" WC="0.95" CONTENT="från"/><SP WIDTH="23" VPOS="2487" HPOS="889"/>
							<String ID="string_367" HPOS="912" VPOS="2487" WIDTH="123" HEIGHT="36" WC="0.96" CONTENT="början"/><SP WIDTH="22" VPOS="2487" HPOS="1035"/>
							<String ID="string_368" HPOS="1057" VPOS="2487" WIDTH="136" HEIGHT="30" WC="0.96" CONTENT="kunnat"/><SP WIDTH="15" VPOS="2487" HPOS="1193"/>
							<String ID="string_369" HPOS="1208" VPOS="2486" WIDTH="170" HEIGHT="31" WC="0.95" CONTENT="bedömas."/><SP WIDTH="36" VPOS="2486" HPOS="1378"/>
							<String ID="string_370" HPOS="1414" VPOS="2486" WIDTH="79" HEIGHT="31" WC="0.95" CONTENT="Med"/><SP WIDTH="16" VPOS="2486" HPOS="1493"/>
							<String ID="string_371" HPOS="1509" VPOS="2487" WIDTH="83" HEIGHT="29" WC="0.96" CONTENT="åren"/><SP WIDTH="16" VPOS="2487" HPOS="1592"/>
							<String ID="string_372" HPOS="1608" VPOS="2486" WIDTH="64" HEIGHT="31" WC="0.93" CONTENT="har"/><SP WIDTH="16" VPOS="2486" HPOS="1672"/>
							<String ID="string_373" HPOS="1688" VPOS="2488" WIDTH="95" HEIGHT="28" WC="0.90" CONTENT="näm-"/>
						</TextLine>
					</TextBlock>
				</ComposedBlock>
			</PrintSpace>
		</Page>
	</Layout>
</alto>
