1916 2824
130 414 64 30 Ang.

66 449 111 31 pension
196 448 61 25 eller

65 483 82 32 årligt
164 485 93 23 under-

329 162 39 31 26
687 163 319 33 Bankoutskottets
1034 164 186 31 utlåtande
1248 164 53 31 Nr
1327 163 52 30 24.

995 335 83 30 17:0.

324 412 20 32 I
363 422 43 22 en
425 412 98 31 inom
541 411 114 32 andra
674 411 210 31 kammaren
903 421 46 21 av
968 411 84 31 herr
1071 411 228 34 Mårtensson
1318 412 109 31 väckt
1445 412 137 32 motion
1602 421 43 22 nr
1664 412 39 32 33
1722 412 68 31 har

290 464 210 37 hemställts,
525 466 71 31 »att
616 464 194 36 riksdagen
830 465 61 30 må
911 463 139 33 besluta
1072 463 220 33 tillerkänna
1314 465 23 31 f.
1359 465 33 31 d.
1413 464 163 32 soldaten
1595 465 65 31 och
1680 464 111 32 hand-

59 520 60 24 stöd
141 518 28 24 åt
194 520 72 30 förre
289 515 323 37 räckningskarlen
638 516 63 31 vid
724 516 122 36 kungl.
875 516 203 32 Bohusläns
1103 518 201 34 regemente
1330 516 120 32 Johan
1476 516 111 32 Albin
1613 517 179 31 Wadman

61 554 117 24 soldaten
195 554 26 23 J.
234 555 30 22 A.

95 589 134 23 Wadman.

291 575 43 21 en
351 566 97 36 årlig
464 568 149 35 pension
631 568 85 30 från
734 568 68 31 den
820 568 114 31 första
954 568 146 35 januari
1118 568 78 30 1929
1214 579 46 19 av
1278 568 59 30 400
1355 568 131 31 kronor
1506 568 110 36 jämte
1636 568 154 36 dyrtids-

291 617 139 37 tillägg,
453 618 96 37 eller,
572 629 57 20 om
649 619 100 30 detta
773 619 75 31 inte
869 619 72 30 kan
962 619 163 36 beviljas,
1149 621 54 29 att
1226 619 72 30 han
1322 620 58 30 må
1402 619 237 31 tillerkännas
1663 621 50 29 ett
1736 620 56 30 år-

290 668 68 36 ligt
379 670 196 31 understöd
597 670 84 31 från
701 669 183 32 Vadstena
904 669 411 36 krigsmanshuskassa».

330 721 237 32 Beträffande
594 721 262 36 motiveringen
883 722 57 31 för
966 722 178 36 yrkandet
1171 722 57 31 får
1255 722 174 31 utskottet
1457 722 154 32 hänvisa
1638 722 56 31 till
1720 733 71 20 mo-

291 773 129 32 tionen.

332 841 183 33 Utskottet
540 842 136 31 tillåter
702 842 56 35 sig
783 842 130 36 erinra,
938 844 54 29 att
1019 843 131 34 frågan
1175 852 57 21 om
1257 842 147 36 pension
1430 844 37 30 åt
1492 842 177 31 Wadman
1694 843 96 30 varit

292 890 151 33 föremål
465 891 57 32 för
543 891 222 38 behandling
785 903 46 21 av
852 894 79 30 1926
953 895 59 31 års
1034 893 150 36 riksdag
1205 894 13 30 i
1239 893 198 36 anledning
1459 903 45 21 av
1525 894 50 31 ett
1598 894 45 31 då
1665 903 124 27 genom

290 942 134 32 motion
451 943 197 33 framställt
675 945 145 35 förslag.
866 942 91 34 Över
984 946 156 31 nämnda
1167 945 134 31 motion
1328 945 265 32 införskaffade
1618 945 173 32 bankout-

288 995 131 33 skottet
445 996 187 32 utlåtande
658 1007 47 21 av
729 997 390 37 arméförvaltningens
1145 997 110 32 civila
1280 997 255 36 departement,
1560 1006 77 21 som
1663 995 129 32 därvid

293 1048 150 31 anförde
460 1047 175 37 följande:

332 1097 187 38 Wadman,
539 1109 75 21 som
634 1102 40 28 är
696 1100 86 31 född
801 1100 70 31 den
891 1100 38 30 16
949 1100 197 36 september
1168 1100 87 36 1865,
1276 1100 123 30 anhöll
1419 1099 113 31 under
1553 1100 41 30 år
1615 1098 79 30 1924
1715 1098 12 30 i
1748 1106 44 22 en

293 1142 58 30 till
366 1142 134 36 Kungl.
516 1142 110 36 Maj:t
642 1143 110 32 ställd
765 1143 109 31 skrift
890 1144 54 30 att
961 1144 37 31 få
1011 1144 142 30 komma
1168 1143 13 30 i
1196 1142 215 36 åtnjutande
1426 1152 47 20 av
1486 1141 206 36 understöd,
1708 1142 83 29 över

287 1184 122 32 vilken
431 1185 109 33 skrift
560 1186 392 35 arméförvaltningens
974 1186 218 31 intendents-
1214 1186 65 30 och
1302 1185 108 31 civila
1433 1185 243 36 departement
1698 1185 93 30 samt

287 1227 346 38 sjukvårdsstyrelse
657 1229 67 30 den
745 1229 38 30 17
804 1228 80 36 juni
906 1229 79 30 1924
1007 1231 141 33 avgåvo
1169 1228 180 36 yttrande.
1381 1229 57 29 Av
1460 1226 331 36 ansökningshand-

287 1270 170 36 lingarna
477 1272 66 30 och
565 1271 67 31 den
653 1272 48 31 då
725 1272 12 30 i
761 1272 147 31 ärendet
932 1271 222 33 verkställda
1177 1271 240 35 utredningen
1442 1270 188 35 framgick,

331 1316 53 29 att
405 1314 188 37 Wadman,
614 1325 75 20 som
708 1315 69 31 den
797 1315 39 29 28
855 1314 147 36 januari
1023 1315 79 29 1891
1122 1315 82 30 kom
1224 1314 12 32 1
1257 1314 114 36 tjänst
1392 1313 62 31 vid
1475 1312 202 31 Bohusläns
1697 1321 97 26 rege-

289 1359 116 30 mente
426 1358 91 30 efter
539 1359 54 30 att
615 1357 98 31 förut
733 1357 114 31 under
870 1359 63 29 två
954 1359 41 29 år
1016 1357 94 31 hava
1132 1357 97 31 varit
1253 1356 157 31 anställd
1430 1355 64 32 vid
1515 1355 90 32 Göta
1626 1354 168 32 artilleri-

289 1402 210 36 regemente,
518 1401 68 32 den
604 1401 37 31 17
661 1400 196 37 september
876 1401 79 30 1904
973 1400 113 32 erhöll
1105 1400 133 31 avsked
1257 1401 46 35 på
1323 1399 117 36 grund
1459 1409 45 21 av
1524 1398 269 35 oförmögenhet

290 1444 57 31 till
373 1444 125 32 vidare
523 1444 216 36 krigstjänst
764 1444 112 36 enligt
902 1443 215 37 läkarbetyg
1143 1444 90 31 efter
1258 1453 45 21 en
1330 1442 248 36 sammanlagd
1604 1441 191 37 tjänstetid

290 1497 47 21 av
360 1489 37 30 15
420 1489 42 30 år
484 1488 18 30 7
525 1488 172 31 månader
721 1488 38 30 19
783 1488 122 37 dagar,

330 1532 53 30 att
426 1531 73 30 han
522 1531 136 31 således
682 1531 80 31 med
783 1530 175 31 avseende
983 1532 21 29 å
1029 1529 253 36 tjänstetidens
1306 1529 111 35 längd
1439 1529 76 30 icke
1537 1527 189 37 uppfyllde
1751 1528 41 30 de

289 1574 142 35 villkor,
449 1584 75 21 som
542 1574 130 31 funnos
691 1573 225 31 föreskrivna
936 1574 55 30 för
1010 1573 207 31 erhållande
1236 1583 45 20 av
1298 1572 192 31 underhåll
1508 1572 84 30 från
1609 1571 183 31 Vadstena

288 1617 392 35 krigsmanshuskassa,

329 1662 54 30 att
407 1659 81 37 han,
513 1670 75 21 som
612 1660 91 31 efter
729 1659 63 31 sitt
816 1659 133 31 avsked
973 1658 98 31 varit
1096 1658 157 31 anställd
1276 1658 116 30 såsom
1417 1655 375 36 handräckningskarl

289 1704 64 31 vid
375 1703 203 32 Bohusläns
599 1704 219 34 regementes
841 1702 124 32 förråd
988 1703 21 30 å
1032 1701 179 31 Backamo
1235 1702 13 30 i
1270 1702 17 29 9
1309 1702 41 30 år
1374 1701 18 30 3
1414 1700 172 31 månader
1610 1700 37 30 13
1670 1700 124 35 dagar,

289 1746 134 32 befann
448 1747 57 35 sig
531 1747 12 30 i
567 1746 206 31 behövande
799 1745 315 35 omständigheter,

332 1792 53 30 att
406 1790 73 30 han
498 1790 62 31 vid
581 1799 47 20 av
649 1791 103 29 extra
774 1788 347 37 provinsialläkaren
1141 1787 42 31 N.
1204 1786 183 36 Dahlberg
1407 1787 67 32 den
1496 1787 18 29 4
1536 1786 159 31 februari
1716 1785 79 31 1921

292 1833 187 35 företagen
499 1832 374 34 läkarundersökning
893 1831 168 36 uppgivit
1084 1831 56 34 sig
1158 1830 179 31 alltsedan
1358 1830 64 31 sitt
1442 1829 134 31 avsked
1597 1829 94 30 hava
1712 1828 83 31 lidit

290 1886 46 21 av
361 1877 155 35 symtom
541 1885 46 21 av
613 1874 222 37 magkatarr,
861 1875 46 35 på
934 1873 118 37 grund
1077 1883 116 21 varav
1219 1872 90 31 hans
1335 1872 288 36 arbetsförmåga
1648 1871 107 31 blivit
1782 1871 12 30 i

291 1919 72 37 hög
388 1921 91 35 grad
503 1920 153 35 nedsatt,

329 1965 55 31 att
408 1964 82 36 han,
515 1963 113 36 enligt
652 1964 51 30 ett
728 1973 46 21 av
799 1971 133 22 samme
957 1961 123 31 läkare
1104 1959 166 32 utfärdat
1295 1960 114 36 intyg,
1434 1958 182 32 företedde
1642 1959 152 36 symtom

291 2017 47 21 av
361 2008 181 36 börjande
556 2005 332 36 åderförkalkning,

334 2053 52 29 att
410 2049 310 36 förefintligheten
737 2059 45 21 av
803 2049 66 30 den
887 2048 176 36 sjukdom,
1081 2047 148 31 kronisk
1248 2046 220 37 magkatarr,
1485 2056 115 21 varav
1617 2045 178 31 Wadman

291 2094 169 35 uppgivit
482 2093 56 35 sig
556 2092 95 31 hava
672 2092 82 31 lidit
772 2091 180 31 alltsedan
972 2091 169 30 avskedet
1164 2090 63 30 och
1248 2089 57 31 tili
1326 2099 84 20 vars
1431 2088 191 36 uppkomst
1643 2089 71 29 han
1735 2097 60 20 an-

292 2137 85 35 såge
398 2134 433 36 militärtjänstgöringen
851 2134 94 30 hava
969 2133 97 30 varit
1089 2132 115 35 orsak,
1227 2132 77 30 icke
1326 2131 106 30 blivit
1455 2141 126 25 genom
1605 2131 66 30 den
1695 2130 101 30 verk-

293 2179 130 32 ställda
449 2178 242 35 utredningen
718 2176 129 36 styrkt,

334 2225 62 34 att,
419 2225 91 28 även
546 2232 56 20 om
637 2220 147 31 kronisk
820 2220 210 34 magkatarr
1068 2218 171 30 föranlett
1276 2217 196 31 Wadmans
1500 2215 225 32 avskedande
1753 2226 43 20 ur

292 2265 271 36 krigstjänsten,
591 2262 433 36 militärtjänstgöringen
1050 2261 114 30 likväl
1193 2261 76 30 icke
1297 2260 118 30 kunde
1444 2269 103 21 anses
1576 2259 94 30 hava
1699 2258 97 31 varit

294 2309 106 31 orsak
425 2308 57 31 till
505 2307 158 31 nämnda
691 2305 183 36 sjukdoms
899 2304 191 36 uppkomst

333 2354 93 30 samt
452 2354 54 29 att
530 2351 110 34 sagda
664 2348 248 36 tjänstgöring
934 2347 32 36 ej
991 2347 111 31 heller
1125 2347 119 30 kunde
1268 2346 95 30 hava
1386 2345 97 31 varit
1509 2345 105 30 orsak
1638 2344 85 31 eller
1746 2343 51 31 bi-

295 2395 120 36 dragit
442 2395 58 31 till
526 2393 236 37 uppkomsten
789 2402 45 20 av
860 2392 70 30 den
955 2390 174 35 börjande
1155 2388 332 36 åderförkalkning,
1515 2398 75 21 som
1616 2388 62 30 vid
1707 2387 91 31 före-

294 2439 157 31 nämnda
476 2434 375 36 läkarundersökning
876 2433 251 31 konstaterats.
