1898 2824
102 409 64 30 Ang.

53 442 168 31 tilläggspen-

31 478 89 23 siorer
130 478 27 22 åt
167 477 72 23 vissa

50 513 18 29 f.
89 512 24 23 d.
133 512 89 23 lärare

62 548 45 23 och
126 546 84 24 lärar-

93 582 87 24 innor.

298 173 62 30 148
668 173 318 32 Bankoutskottets
1015 173 187 31 utlåtande
1229 172 53 31 Nr
1308 172 52 29 24.

959 319 105 31 103:0.

301 407 17 30 I
350 416 41 21 en
419 406 56 31 till
498 406 187 36 riksdagen
707 406 147 36 avlåten,
879 407 65 30 den
968 407 40 30 15
1033 406 154 31 februari
1212 405 83 31 1929
1320 405 215 36 dagtecknad
1558 405 211 36 proposition

257 469 41 20 nr
328 459 61 30 116
418 458 64 30 har
505 458 133 36 Kungl.
663 458 113 36 Maj:t,
799 458 107 30 under
928 458 214 36 åberopande
1165 468 45 20 av
1233 458 254 35 propositionen
1510 457 110 36 bilagt
1643 457 124 36 utdrag

258 521 46 21 av
337 510 374 36 statsrådsprotokollet
743 512 81 29 över
857 510 366 31 ecklesiastikärenden
1255 509 54 31 för
1331 519 135 21 samma
1490 509 77 36 dag,
1591 509 178 36 föreslagit

258 563 186 37 riksdagen
466 562 161 37 medgiva

302 617 75 30 dels
411 617 51 29 att
490 625 108 21 envar
621 625 45 20 av
689 615 24 30 f.
738 615 31 31 d.
793 615 325 31 ämneslärarinnan
1142 615 61 31 vid
1227 615 106 36 högre
1356 614 378 31 lärarinneseminariet
1756 614 13 30 i

259 668 199 32 Stockholm
492 667 63 30 och
589 667 67 30 den
688 667 139 31 därmed
855 667 161 31 förenade
1039 667 259 30 normalskolan
1321 667 54 30 för
1397 666 122 30 flickor
1542 666 118 36 Sigrid
1683 666 85 35 Een,

261 721 24 30 f.
310 720 31 31 d.
366 719 414 31 handarbetslärarinnan
803 719 62 31 vid
887 719 197 30 samskolan
1108 719 12 30 i
1143 718 82 31 Sala
1242 718 101 35 Sofia
1363 718 232 31 Wilhelmina
1616 718 153 35 Wiberg,

259 773 23 31 f.
317 773 32 31 d.
384 772 107 31 första
523 771 206 31 lärarinnan
760 771 61 31 vid
844 771 196 31 samskolan
1063 772 14 30 i
1100 771 165 37 Alingsås
1290 770 128 32 Louise
1441 770 202 37 Margareta
1666 770 104 32 Lind-

259 827 103 36 stedt,
398 825 23 31 f.
458 825 31 31 d.
519 825 108 30 första
656 824 204 31 lärarinnan
884 824 61 32 vid
967 824 197 31 samskolan
1188 825 13 29 i
1226 824 203 36 Vimmerby
1455 824 105 31 Tecla
1582 833 71 22 von
1676 823 93 36 Reis,

260 879 24 30 f.
319 878 31 31 d.
384 877 387 36 teckningslärarinnan
803 877 60 31 vid
886 877 197 31 samskolan
1106 877 13 30 1
1142 876 200 36 Trälleborg
1371 876 217 31 Vilhelmina
1613 876 157 31 Gustava

261 930 133 32 Cecilia
427 929 173 36 Meukow,
629 929 24 30 f.
678 929 31 31 d.
734 930 327 30 ämneslärarinnan
1084 929 61 30 vid
1168 928 195 31 samskolan
1387 929 12 29 i
1423 926 209 38 Ängelholm
1656 928 114 31 Karin

262 980 150 37 Åhman,
447 981 23 30 f.
507 981 30 31 d.
567 981 109 30 första
704 980 202 31 lärarinnan
933 981 60 30 vid
1017 980 197 31 samskolan
1236 980 13 30 i
1273 980 100 30 Piteå
1395 980 127 30 Emma
1545 980 225 36 Margaretha

259 1035 181 35 Paterson,
464 1033 24 31 f.
512 1033 32 31 d.
568 1033 107 31 första
699 1033 202 31 lärarinnan
926 1033 60 31 vid
1008 1033 198 31 samskolan
1229 1033 13 30 i
1258 1032 199 37 Trälleborg
1474 1032 105 31 Anna
1595 1032 175 31 Katarina

260 1087 204 35 Montelius,
496 1086 24 31 f.
550 1086 30 31 d.
605 1086 134 31 lektorn
764 1086 59 31 vid
846 1086 367 31 folkskoleseminariet
1236 1086 13 30 i
1273 1085 198 31 Stockholm
1496 1085 137 31 Helena
1656 1084 114 32 Maria

259 1140 129 31 Lovisa
425 1138 183 31 Charlotta
644 1138 149 36 Gagner,
827 1138 23 30 f.
885 1138 31 31 d.
940 1138 322 31 musiklärarinnan
1285 1137 60 31 vid
1368 1137 104 36 högre
1497 1137 275 30 lärarinnesemi-

261 1192 113 30 nariet
397 1192 12 29 i
432 1190 201 32 Stockholm
656 1190 63 31 och
742 1190 66 31 den
831 1190 141 31 därmed
996 1190 158 30 förenade
1177 1191 129 29 statens
1330 1189 232 30 normalskola
1578 1188 54 31 för
1648 1189 123 30 flickor

258 1243 106 31 Anna
396 1243 175 31 Katarina
599 1242 435 37 Bergström-Simonsson,
1063 1243 22 29 f.
1111 1242 31 30 d.
1166 1242 193 36 adjunkten
1381 1241 60 31 vid
1465 1241 105 36 högre
1593 1241 178 30 allmänna

259 1296 196 31 läroverket
486 1295 13 30 i
534 1295 155 36 Uppsala
715 1294 142 37 August
880 1294 160 36 Hesslén,
1064 1295 23 30 f.
1113 1294 30 31 d.
1168 1294 191 36 adjunkten
1382 1294 61 30 vid
1466 1293 105 37 högre
1594 1293 178 30 allmänna

262 1348 192 31 läroverket
488 1348 20 30 å
543 1347 214 31 Södermalm
792 1347 13 30 i
833 1347 198 31 Stockholm
1054 1347 132 31 Robert
1210 1346 160 36 Larssén,
1394 1346 23 30 f.
1443 1346 30 31 d.
1498 1346 191 36 adjunkten
1712 1345 59 31 vid

259 1401 105 36 högre
388 1400 179 30 allmänna
601 1400 195 30 läroverket
829 1400 13 29 i
877 1397 184 33 Östersund
1095 1399 91 31 Bror
1209 1398 128 36 Alfred
1361 1398 118 31 Finell
1501 1399 89 29 samt
1613 1398 23 30 f.
1662 1398 31 30 d.
1718 1397 55 31 ad-

260 1453 148 36 junkten
442 1452 59 31 vid
536 1452 196 30 samskolan
760 1452 12 30 i
795 1450 105 32 Åmål
925 1451 167 37 Henning
1114 1452 138 30 Erhard
1278 1451 160 30 Theodor
1460 1450 130 31 Adlerz
1612 1451 58 29 må
1693 1450 80 30 från

263 1505 62 31 och
348 1504 78 31 med
450 1504 65 31 den
539 1505 18 29 1
582 1504 142 36 januari
747 1504 85 30 1929
857 1504 109 30 under
988 1503 215 31 återstående
1226 1503 166 30 livstiden
1416 1502 154 36 uppbära
1596 1520 39 2 —
1653 1503 120 29 utöver

262 1557 125 31 honom
422 1557 84 30 eller
540 1556 110 30 henne
682 1556 96 36 eljest
809 1556 264 30 tillkommande
1101 1556 141 35 pension
1265 1565 44 20 av
1333 1554 192 31 statsmedel
1552 1572 39 3 —
1616 1563 42 21 en
1681 1553 91 36 årlig

263 1609 286 36 tilläggspension
572 1609 21 29 å
615 1608 179 30 allmänna
818 1608 343 36 indragningsstaten
1188 1607 76 30 med
1281 1606 151 36 följande
1448 1606 132 36 belopp,
1596 1606 177 35 nämligen

265 1661 117 36 Sigrid
405 1660 74 30 Een
503 1660 61 30 311
590 1660 136 36 kronor,
750 1660 96 30 Sofia
870 1659 227 32 Wilhelmina
1121 1659 142 35 Wiberg
1289 1659 61 30 120
1376 1658 136 35 kronor,
1537 1657 123 31 Louise
1683 1657 91 30 Mar-

264 1714 116 35 gareta
414 1712 181 31 Lindstedt
630 1712 61 30 520
726 1712 137 35 kronor,
898 1712 100 30 Teela
1027 1721 68 21 von
1117 1711 81 31 Reis
1223 1711 61 30 595
1308 1711 136 35 kronor,
1468 1709 216 32 Vilhelmina
1708 1709 66 30 Gu-

263 1767 98 29 stava
393 1763 128 32 Cecilia
555 1764 158 31 Meukow
737 1764 63 31 160
824 1764 137 35 kronor,
986 1764 114 30 Karin
1123 1761 141 33 Ähman
1289 1762 62 31 307
1375 1763 136 35 kronor,
1536 1762 126 30 Emma
1685 1761 89 31 Mar-

263 1817 142 37 garetha
428 1817 164 30 Paterson
617 1817 61 30 720
704 1817 135 35 kronor,
863 1817 105 30 Anna
991 1816 175 31 Katarina
1190 1815 185 31 Montelius
1400 1814 62 31 390
1487 1815 136 34 kronor,
1640 1814 133 31 Helena

262 1870 114 30 Maria
409 1869 126 30 Lovisa
568 1868 180 31 Charlotta
781 1869 137 35 Gagner
952 1869 63 30 140
1050 1869 135 34 kronor,
1220 1867 104 31 Anna
1356 1867 174 30 Katarina
1563 1866 211 36 Bergström-

264 1922 200 30 Simonsson
488 1921 62 30 280
574 1921 137 35 kronor,
736 1921 144 30 Hesslén
904 1920 96 36 1,340
1024 1920 136 35 kronor,
1185 1920 146 30 Larssén
1356 1919 62 30 240
1442 1919 136 34 kronor,
1602 1918 113 30 Finell
1733 1918 39 29 90

266 1974 126 30 kronor
414 1974 89 29 samt
529 1973 124 31 Adlerz
678 1973 62 30 360
765 1973 135 36 kronor,

308 2026 75 31 dels
416 2025 65 32 ock
514 2027 52 29 att
599 2025 213 31 beträffande
846 2035 42 21 en
923 2035 62 21 var
1020 2035 44 20 av
1096 2023 235 38 nyssnämnda
1354 2024 113 30 lärare
1490 2023 63 31 och
1578 2023 196 30 lärarinnor

264 2080 90 29 samt
388 2079 24 30 f.
447 2078 32 31 d.
515 2077 412 32 handarbetslärarinnan
951 2078 61 31 vid
1035 2077 198 31 samskolan
1255 2077 13 30 i
1292 2075 209 38 Ängelholm
1525 2076 99 31 Julia
1647 2075 127 38 (Julie)

265 2131 137 31 Helena
426 2130 129 31 Lovisa
578 2130 124 35 Molin,
726 2131 23 30 f.
775 2130 30 31 d.
830 2130 135 31 lektorn
988 2130 60 30 vid
1072 2129 365 31 folkskoleseminariet
1467 2129 6 29 i
1497 2128 149 30 Kalmar
1669 2127 105 30 Anna

270 2183 218 31 Vilhelmina
521 2182 131 31 Linder
686 2183 62 30 och
782 2183 24 30 f.
842 2182 31 31 d.
910 2182 192 36 adjunkten
1137 2181 61 31 vid
1233 2181 369 30 folkskoleseminariet
1625 2180 12 30 i
1660 2179 114 30 Falun

271 2235 155 36 Valborg
461 2234 158 32 Henrika
655 2234 152 32 Olander
841 2234 363 37 pensionsförhöjning
1240 2234 109 35 enligt
1382 2233 229 35 kungörelsen
1644 2232 65 30 den
1733 2232 40 30 18

265 2288 78 36 juni
367 2288 84 30 1925
476 2288 56 37 (nr
555 2287 76 38 280)
654 2287 62 31 och
731 2287 258 37 dyrtidstillägg
1006 2288 58 30 må
1077 2287 168 30 beräknas
1256 2287 19 29 å
1288 2285 153 37 följande
1454 2285 130 36 belopp,
1597 2284 177 36 nämligen

267 2340 53 31 för
353 2340 118 36 Sigrid
498 2340 75 31 Een
596 2340 95 36 2,900
716 2340 135 36 kronor,
876 2340 92 31 Sofia
991 2340 226 31 Wilhelmina
1240 2338 141 36 Wiberg
1407 2338 61 30 560
1492 2338 137 35 kronor,
1652 2336 123 31 Louise

270 2393 197 35 Margareta
490 2392 181 31 Lindstedt
695 2392 94 36 2,320
813 2393 138 35 kronor,
975 2392 101 30 Tecla
1099 2401 67 21 von
1190 2391 81 30 Reis
1292 2390 95 36 2,433
1411 2391 135 34 kronor,
1561 2389 214 31 Vilhelmina

268 2444 155 31 Gustava
456 2443 125 32 Cecilia
605 2444 156 31 Meukow
785 2445 96 35 1,500
905 2445 136 35 kronor,
1066 2444 115 30 Karin
1205 2441 140 32 Ähman
1370 2443 95 35 2,700
1489 2442 137 34 kronor,
1651 2441 124 30 Emma

270 2496 222 37 Margaretha
514 2496 164 31 Paterson
702 2497 95 35 2,700
821 2497 136 35 kronor,
982 2496 104 30 Anna
1109 2496 173 30 Katarina
1305 2495 188 30 Montelius
1518 2494 95 35 2,400
1638 2493 136 35 kronor,
