1906 2826
527 166 321 33 Bankoutskottets
866 167 188 33 utlåtande
1073 169 52 31 Nr
1152 169 54 30 24.
1510 169 62 32 133

109 242 205 32 Danielsson
342 243 64 31 har
434 244 110 31 under
566 244 369 38 eldningssäsongerna
959 246 73 31 icke
1055 247 146 36 åtnjutit
1223 258 114 21 annan
1361 248 256 37 tjänstledighet

109 286 79 31 från
212 287 60 30 sitt
293 287 117 31 arbete
433 290 45 28 än
502 288 53 30 för
578 289 171 35 sjukdom.
796 289 203 36 Danielsson
1022 290 63 31 har
1108 291 100 31 alltid
1232 292 76 30 med
1333 292 199 36 plikttrohet
1555 293 61 30 och

108 330 54 30 nit
184 330 161 36 fullgjort
360 331 62 30 sitt
444 331 114 31 arbete
582 332 54 30 för
658 333 140 30 museet.

151 398 122 37 Enligt
287 399 201 38 läkarintyg
504 402 40 29 är
559 400 205 32 Danielsson
780 402 43 35 på
839 402 115 35 grund
970 412 43 20 av
1028 402 308 38 åderförkalkning
1351 414 43 20 m.
1412 414 44 20 m.
1474 404 142 31 oförmö-

107 459 66 28 gen
196 451 56 30 till
268 451 163 32 effektivt
452 452 114 31 arbete
589 452 54 31 för
666 453 60 31 sitt
749 453 190 36 uppehälle.

150 502 18 31 I
191 504 117 36 övrigt
332 504 56 30 får
410 505 167 31 utskottet
598 505 147 37 åberopa
768 506 65 30 den
857 506 196 37 utredning,
1071 517 72 21 som
1161 508 12 30 i
1189 509 250 35 propositionen
1457 509 157 31 lämnats.

150 607 185 36 Utskottet,
360 617 73 21 som
455 608 75 31 icke
553 609 76 31 haft
651 609 189 37 anledning
865 610 56 30 till
945 611 139 30 erinran
1108 613 70 29 mot
1201 612 67 30 vad
1293 612 12 30 i
1326 612 137 31 ärendet
1479 613 135 30 föresla-

107 660 78 35 gits,
210 659 208 37 hemställer,

551 751 52 29 att
625 750 133 35 Kungl.
783 750 117 36 Maj:ts
923 750 222 32 förevarande
1162 752 255 37 framställning
1435 754 55 30 må
1506 753 106 31 vinna

506 801 201 37 riksdagens
731 802 109 31 bifall.

818 950 82 30 91:0.

148 1024 118 32 Under
300 1025 154 35 punkten
489 1027 19 29 2
542 1036 46 20 av
621 1026 231 32 omförmälda
882 1028 209 36 proposition
1115 1037 43 20 nr
1182 1028 40 30 27
1247 1028 64 30 har
1334 1028 202 36 hemställts,
1559 1031 52 29 att

103 1076 185 36 riksdagen
312 1078 58 29 må
393 1077 170 36 medgiva,
586 1080 52 29 att
660 1089 234 21 amanuensen
918 1080 59 30 hos
997 1080 203 35 vitterhets-,
1217 1080 152 31 historie-
1384 1080 62 31 och
1461 1081 150 30 antikvi-

103 1129 271 31 tetsakademien
408 1129 93 32 Rosa
537 1130 179 32 Christina
750 1132 197 36 Norström,
971 1132 80 31 född
1074 1132 170 36 Strokirk,
1268 1134 56 29 må
1348 1133 76 30 från
1448 1133 62 31 och
1534 1134 75 30 med

104 1181 111 36 dagen
250 1184 78 28 näst
362 1182 87 31 efter
482 1182 76 36 den,
593 1184 21 29 å
649 1183 119 31 vilken
802 1184 240 37 entledigande
1076 1184 79 31 från
1183 1185 126 30 hennes
1332 1185 194 36 befattning
1549 1186 61 31 hos

102 1233 204 31 akademien
341 1234 70 30 kan
435 1234 138 31 komma
596 1237 52 29 att
670 1235 159 37 beviljas,
863 1238 10 29 å
896 1236 178 31 allmänna
1098 1236 335 37 indragningsstaten
1458 1238 153 36 uppbära

102 1295 43 21 en
167 1285 91 37 årlig
281 1286 145 35 pension
449 1297 45 19 av
518 1287 96 36 1,992
639 1288 135 31 kronor.

146 1337 79 31 Med
249 1338 185 36 förmälan,
458 1340 52 29 att
533 1339 180 31 Norström
736 1341 135 30 anmält
894 1341 54 30 sin
971 1341 116 30 avsikt
1109 1342 51 29 att
1183 1341 76 30 med
1283 1343 172 35 utgången
1473 1352 44 20 av
1532 1343 79 35 juni

103 1389 85 31 1929
224 1389 126 36 begära
382 1390 242 37 entledigande
648 1392 78 31 från
755 1393 55 30 sin
834 1393 205 36 befattning,
1063 1393 64 30 har
1151 1393 200 36 vitterhets-,
1375 1394 151 31 historie-
1549 1395 61 30 och

101 1442 406 32 antikvitetsakademien
530 1444 177 32 hemställt
731 1455 54 21 om
809 1445 190 31 beredande
1022 1456 45 21 av
1091 1446 141 36 pension
1255 1447 36 30 åt
1314 1446 109 31 henne
1447 1447 84 30 efter
1554 1457 57 20 av-

102 1495 135 35 gången
261 1505 42 20 ur
327 1496 119 35 tjänst.

145 1547 70 30 Till
239 1547 75 31 stöd
337 1548 55 30 för
415 1548 306 37 framställningen
744 1550 66 30 har
832 1550 208 31 akademien
1064 1551 116 30 anfört
1204 1551 104 31 bland
1325 1554 104 28 annat
1444 1552 165 36 följande:

146 1616 70 31 Fru
241 1617 90 30 Rosa
354 1617 191 36 Norström,
570 1628 71 21 som
666 1621 38 28 är
727 1619 81 31 född
832 1620 65 30 den
921 1620 40 30 13
986 1620 183 31 november
1192 1621 95 35 1860,
1304 1621 107 30 erhöll
1427 1622 13 30 i
1457 1622 152 31 februari

103 1660 85 30 1899
217 1661 216 36 anställning
462 1663 111 29 såsom
597 1662 136 31 biträde
756 1663 60 31 vid
840 1664 298 36 myntkabinettet,
1163 1665 118 30 vilken
1304 1665 213 37 anställning
1542 1666 66 30 hon

99 1704 153 36 alltjämt
286 1704 158 32 innehar.
500 1705 174 32 Jämsides
709 1707 141 31 härmed
882 1707 64 31 har
969 1708 57 30 fru
1049 1707 180 32 Norström
1253 1709 109 30 under
1384 1710 93 30 tiden
1501 1710 63 30 den
1589 1711 18 30 1

100 1748 140 31 oktober
276 1749 197 31 1907—den
508 1749 40 31 30
579 1750 77 36 juni
682 1751 83 30 1923
790 1752 200 36 tjänstgjort
1012 1753 111 29 såsom
1146 1752 219 31 akademiens
1388 1754 220 35 räkenskaps-

99 1792 121 31 förare.
267 1792 120 31 Under
410 1793 78 30 hela
512 1794 53 30 sin
588 1794 180 35 tjänstetid
792 1795 64 30 har
879 1795 57 30 fru
959 1795 178 31 Norström
1161 1796 77 31 med
1261 1797 282 36 utomordentligt
1558 1798 50 30 in-

100 1836 106 30 tresse
229 1838 107 34 ägnat
359 1836 53 36 sig
435 1837 37 30 åt
495 1837 61 30 sitt
578 1838 126 30 arbete.
751 1838 150 31 Särskilt
924 1839 61 30 vid
1007 1840 151 30 skötseln
1181 1850 44 20 av
1242 1840 288 36 myntkabinettet
1545 1841 63 30 har

99 1888 231 22 amanuensen
365 1879 180 32 Norström
573 1881 186 36 ådagalagt
782 1884 71 28 stor
875 1882 218 36 skicklighet.
1139 1883 64 30 Att
1226 1883 126 31 hennes
1367 1885 240 35 arbetspresta-

99 1922 110 30 tioner
241 1923 218 35 uppskattats
491 1924 156 36 framgår
679 1927 88 28 även
800 1936 45 20 av
878 1926 63 30 den
974 1926 297 37 omständigheten
1303 1929 51 29 att
1377 1938 229 20 amanuensen

99 1965 182 31 Norström
312 1967 83 30 åren
420 1967 216 31 1918—1924
660 1968 110 31 under
793 1969 146 35 tillhopa
963 1970 39 29 19
1027 1970 163 31 månader
1215 1971 39 29 19
1279 1971 106 36 dagar
1408 1981 43 20 av
1475 1971 131 36 Kungl.

99 2009 103 36 Maj:t
224 2009 83 31 eller
330 2010 203 31 akademien
556 2011 195 31 förordnats
774 2014 52 29 att
849 2012 182 36 uppehålla
1054 2013 65 30 den
1136 2014 249 36 Hjertbergska
1400 2015 207 30 antikvarie-

99 2052 162 36 tjänsten,
297 2053 143 31 varmed
474 2054 111 36 enligt
619 2055 161 36 gällande
815 2056 210 31 instruktion
1061 2057 53 31 för
1147 2058 218 30 akademiens
1400 2059 206 35 tjänstemän

98 2096 104 36 följer
225 2096 242 37 skyldigheten
490 2099 52 30 att
564 2099 13 29 i
600 2099 171 36 egenskap
794 2109 44 21 av
861 2100 440 36 avdelningsföreståndare
1323 2104 104 28 utöva
1450 2102 64 30 den
1530 2104 76 28 när-

97 2141 111 30 maste
243 2140 130 31 vården
407 2150 56 21 om
491 2142 301 36 myntkabinettet.
839 2143 119 31 Under
979 2145 83 29 åren
1087 2145 84 31 1907
1195 2145 56 30 till
1275 2146 64 30 den
1363 2146 40 30 21
1427 2146 69 35 maj
1521 2146 84 30 1915

98 2183 45 31 då
166 2183 143 32 filosofie
334 2184 145 31 doktorn
496 2185 38 31 B.
553 2185 198 37 Schnittger
767 2187 206 31 utnämndes
989 2189 51 29 att
1056 2198 85 21 vara
1158 2188 225 37 Hjertbergsk
1398 2190 207 35 antikvarie,

98 2237 65 21 var
194 2237 235 22 amanuensen
461 2228 177 32 Norström
671 2230 65 31 den
769 2231 88 30 enda
889 2231 217 36 arbetskraft,
1134 2242 73 21 som
1230 2233 102 30 fanns
1355 2236 50 28 att
1428 2234 100 35 tillgå
1551 2234 55 29 för

98 2271 312 36 myntkabinettets
431 2273 160 36 räkning,
608 2273 141 31 emedan
766 2274 197 31 dåvarande
976 2275 244 37 Hjertbergske
1233 2277 219 30 antikvarien
1467 2277 138 30 filosofie

98 2314 148 31 doktorn
269 2314 38 31 P.
332 2315 40 31 E.
397 2314 35 32 C.
457 2316 151 31 Eckhoff
630 2318 91 30 måst
744 2318 127 30 anlitas
895 2318 54 30 för
971 2319 108 30 andra
1103 2320 182 36 uppgifter.

141 2357 69 32 För
244 2359 218 31 närvarande
496 2360 134 36 uppbär
664 2371 230 21 amanuensen
929 2361 178 32 Norström
1139 2363 110 36 enligt
1272 2364 112 31 beslut
1407 2364 64 30 den
1496 2364 39 30 17
1561 2363 44 30 fe-

96 2402 120 30 bruari
240 2402 85 31 1922
350 2404 49 30 ett
421 2403 107 36 årligt
552 2404 127 32 arvode
701 2415 45 20 av
771 2405 95 36 3,200
883 2406 127 30 kronor
1025 2407 53 30 för
1094 2407 69 31 fem
1179 2407 160 31 timmars
1353 2407 116 36 daglig
1485 2407 120 36 tjänst-

96 2446 135 36 göring,
254 2446 21 30 å
298 2446 110 31 vilket
430 2447 127 31 arvode
581 2448 259 37 dyrtidstillägg
864 2449 12 30 i
899 2450 121 35 vanlig
1037 2450 147 36 ordning
1199 2452 112 35 utgår.
1336 2451 121 36 Enligt
1472 2451 132 36 Kungl.

96 2489 118 36 Maj:ts
237 2489 113 32 beslut
374 2490 65 31 den
464 2490 40 31 13
528 2491 139 31 oktober
691 2492 85 31 1922
800 2492 92 37 gälla
915 2493 170 36 därjämte
1109 2494 300 32 bestämmelserna
1425 2495 12 30 i
1454 2496 17 29 1
1489 2495 78 31 avd.
1585 2495 19 30 2

1699 1040 63 29 Ang.

1652 1074 113 29 pension
1786 1074 29 23 åt

1645 1115 173 17 amanuensen

1640 1144 71 22 Rosa
1724 1143 109 24 Christi-

1635 1186 35 15 na
1689 1179 145 24 Norström.
