2240 2622
900 133 232 30 Statsutskottets
1161 133 157 30 Utlåtande
1344 133 57 30 N:o
1425 134 75 31 156.

927 214 32 33 1.
990 214 58 32 ett
1076 211 158 36 område
1263 210 43 36 af
1330 211 183 46 omkring
1540 210 151 38 femton
1719 211 242 38 kvadratmil
1988 215 22 33 å

794 262 212 36 oafvittrad
1034 262 123 45 mark,
1188 261 271 36 innefattande
1488 262 112 36 Stora
1629 262 192 47 Sjöfallet;

925 317 34 33 2.
1003 316 58 33 ett
1094 314 158 35 område
1281 313 42 36 af
1347 313 182 48 omkring
1555 314 133 36 nitton
1717 314 240 38 kvadratmil
1985 319 23 32 å

793 365 214 36 oafvittrad
1035 366 124 45 mark,
1190 365 271 36 innefattande
1490 365 286 48 Sarjekfjällen;

926 420 32 33 3.
1002 420 58 33 ett
1100 417 159 36 område
1302 417 42 35 af
1379 417 282 37 Abiskodalens
1703 418 118 35 nedre
1853 418 63 35 del
1944 422 64 33 ut-

791 470 174 45 görande
1003 469 182 46 omkring
1216 471 112 43 5,000
1358 468 160 45 hektar;

922 524 35 32 4.
988 523 58 33 ett
1081 521 89 35 med
1205 520 146 47 urskog
1388 521 169 35 bevuxet
1591 521 158 36 område
1779 521 41 35 af
1843 521 164 47 lämplig

793 572 239 47 omfattning
1071 572 106 36 inom
1221 572 139 36 Suorsa
1401 572 93 35 eller
1534 572 108 36 Rissa
1683 573 273 47 kronoparker
1994 574 13 34 i

792 624 174 35 Tärendö
995 624 119 44 revir;

925 678 33 33 5.
989 679 57 32 ett
1087 676 185 46 omkring
1314 678 72 33 200
1431 676 143 35 hektar
1601 679 103 33 stort
1733 677 155 36 område
1917 677 89 36 med

797 727 272 47 löfängsnatur
1105 730 22 33 å
1169 730 149 33 statens
1358 728 114 35 mark
1500 728 111 35 söder
1640 740 63 23 om
1731 728 125 47 fjället
1884 728 122 48 Pelje-

791 779 126 35 kaisse
945 779 13 35 i
987 778 231 48 Arjepluogs
1246 780 118 44 revir;

925 833 33 33 6.
988 831 74 35 den
1103 833 130 33 staten
1274 831 203 46 tillhöriga
1514 831 112 35 delen
1670 831 42 35 af
1749 832 203 46 Sonfjället
1994 833 13 34 i

791 882 278 46 Härjeådalens
1096 883 104 35 revir
1229 882 94 36 eller
1350 882 164 47 lämplig
1542 883 61 35 del
1632 882 127 45 däraf;

925 937 32 32 7.
988 937 58 33 ett
1072 935 88 35 med
1188 935 147 46 urskog
1362 935 169 35 bevuxet
1560 935 157 35 område
1739 947 62 23 om
1820 936 116 46 högst
1958 939 47 32 20

791 986 142 36 hektar
953 988 22 33 å
993 986 145 36 Hamra
1166 986 228 47 kronopark
1408 986 14 35 i
1436 987 141 35 Västra
1591 986 275 47 Hälsinglands
1885 987 120 45 revir;

924 1040 32 33 8.
979 1038 73 35 den
1071 1038 62 35 till
1152 1038 195 47 indragna
1364 1038 431 46 kronofogdebostället
1813 1039 196 47 Väringsö

790 1090 14 35 1
840 1090 136 35 Länna
1012 1090 143 36 socken
1198 1090 42 35 af
1278 1090 246 36 Stockholms
1551 1090 65 35 län
1644 1090 175 36 hörande
1848 1091 159 36 holmen

789 1137 180 51 Ängsön
950 1133 24 59 ;

924 1196 33 33 9.
988 1196 58 33 ett
1074 1194 159 35 område
1263 1193 42 35 af
1327 1194 163 46 lämplig
1520 1193 239 47 omfattning
1788 1197 22 32 å
1837 1194 171 36 Kilsber-

791 1257 93 34 gens
912 1245 193 46 sluttning
1132 1247 52 44 på
1217 1244 218 47 Garphytte
1464 1245 230 46 kronopark
1723 1245 14 35 i
1764 1246 243 35 Askersunds

790 1296 118 45 revir;
940 1296 73 36 och

925 1351 59 33 10.
1013 1348 186 47 lämpliga
1228 1348 108 36 delar
1363 1348 43 36 af
1429 1348 166 37 Gottska
1624 1348 165 46 Sandön,

923 1402 61 34 att
1011 1399 298 48 ifrågavarande
1339 1401 185 35 områden
1551 1401 88 35 icke
1667 1401 133 35 vidare
1821 1401 110 35 skola
1946 1401 64 36 för

791 1452 172 36 kronans
999 1451 169 48 räkning
1201 1452 282 47 tillgodogöras
1513 1455 94 33 utan
1635 1452 188 36 förvaltas
1850 1453 13 35 i
1893 1452 114 47 syfte,

792 1506 61 33 att
880 1504 196 35 desamma
1103 1506 125 33 såsom
1268 1503 251 47 profstycken
1551 1507 50 43 på
1629 1504 253 47 ursprunglig
1911 1505 99 35 eller

792 1555 170 47 märklig
989 1558 118 32 natur
1133 1558 65 33 må
1232 1558 42 32 åt
1305 1555 211 36 framtiden
1551 1556 162 36 bevaras
1746 1556 14 35 i
1785 1555 222 37 hufvudsak

792 1607 217 43 orubbade;
1040 1609 100 32 samt

923 1660 61 33 att
1020 1658 140 46 Kungl.
1199 1657 113 47 Maj:t
1347 1661 64 33 må
1449 1664 75 41 äga
1557 1661 60 33 att
1650 1659 126 47 ifråga
1805 1671 62 24 om
1896 1660 113 35 dessa

792 1709 339 47 nationalparkers
1146 1709 242 47 förvaltning
1402 1710 177 36 meddela
1590 1711 46 35 de
1647 1716 179 31 närmare
1837 1712 171 35 bestäm-

791 1761 150 45 melser,
972 1773 81 24 som
1081 1761 136 35 kunna
1244 1761 124 36 finnas
1397 1761 265 48 erforderliga.

521 1847 227 37 Stockholm
776 1848 74 34 den
879 1850 23 32 4
930 1847 77 46 maj
1040 1850 110 33 1909.

898 1951 53 35 På
979 1951 316 36 statsutskottets
1323 1956 164 42 vägnar:

1050 2021 40 36 G.
1119 2020 210 36 BILLING.

624 2241 223 33 STOCKHOLM,
866 2243 104 24 ISAAC
988 2243 150 25 MARCUS'
1158 2243 500 30 BOKTRYCKERI-AKTIEBOLAG,
1680 2226 88 42 1909.
