1888 2838
281 172 39 29 36
679 176 121 32 Första
819 177 240 36 lagutskottets
1079 177 177 30 utlåtande
1276 177 49 30 Nr
1345 179 49 29 45.

283 260 105 30 utöva
412 262 47 28 ett
482 260 109 30 starkt
615 260 99 37 tryck
737 260 54 30 för
814 260 209 38 uppnående
1047 270 43 21 av
1108 270 43 21 en
1173 261 83 30 eller
1278 270 117 21 annan
1418 260 149 37 förmån,
1591 263 47 28 ett
1662 260 128 32 förhål-

283 309 103 31 lande
407 319 76 21 som
501 310 214 37 lagstiftaren
734 310 75 31 icke
831 311 9 30 i
860 310 115 38 någon
994 310 81 31 mån
1097 312 64 29 bör
1181 314 224 34 uppmuntra.
1449 306 212 35 Överhuvud
1684 310 108 32 måste

283 360 57 30 det
362 369 101 22 anses
487 361 217 37 synnerligen
728 361 341 31 otillfredsställande
1091 364 50 28 att
1166 361 93 31 hålla
1283 361 124 37 frågan
1430 371 58 21 om
1510 362 217 30 utkrävande
1750 371 42 21 av

284 411 104 30 straff
403 411 56 30 för
472 421 82 21 rena
571 412 190 36 förseelser,
778 412 115 30 vartill
909 412 91 30 vissa
1019 412 345 37 förskingringsbrott
1381 413 120 29 kunna
1520 412 177 36 hänföras,
1718 413 73 29 svä-

283 462 112 30 vande
415 462 110 30 under
547 463 118 36 längre
687 462 59 30 tid.
791 462 292 31 Erfarenheterna
1104 462 80 31 från
1207 463 263 36 tillämpningen
1492 471 43 21 av
1556 462 237 37 stadgandena

284 521 58 21 om
361 512 282 37 bedrägeribrott,
661 512 94 31 vilka
771 512 168 31 innebära
957 513 71 30 lika
1046 513 301 36 preskriptionstid
1367 513 56 30 för
1440 513 91 30 brott
1551 522 42 21 av
1612 513 70 30 helt
1700 513 93 30 olika

284 561 252 38 svårhetsgrad,
561 563 98 30 torde
683 563 75 30 icke
779 572 105 21 mana
908 563 51 30 till
981 563 187 37 efterföljd.
1214 563 65 30 Det
1303 564 89 29 lärer
1410 563 31 37 ej
1465 563 106 30 heller
1594 563 120 31 kunna
1736 564 55 29 be-

284 613 135 36 stridas,
449 616 59 33 att,
534 613 114 31 såsom
674 614 42 30 de
742 614 10 29 i
779 614 143 30 ärendet
946 614 191 30 tillkallade
1163 613 219 37 sakkunniga
1409 613 201 36 framhållit,
1640 614 66 30 den
1732 614 59 30 all-

284 664 283 37 mänpreventiva
590 664 153 30 effekten
765 673 43 21 av
829 674 43 20 en
895 663 109 31 sådan
1025 664 232 37 avgränsning
1281 673 42 21 av
1346 664 348 36 straffskärpningen,
1718 673 75 21 som

285 715 174 36 upptagits
488 715 10 29 i
520 714 122 37 Kungl.
674 713 117 38 Maj:ts
819 714 141 37 förslag,
988 715 97 30 torde
1115 715 179 36 försvagas
1322 724 43 20 av
1395 715 67 29 den
1493 715 63 29 hos
1584 714 208 31 hithörande

284 766 224 37 brottslingar
524 767 137 36 vanliga
677 767 261 36 benägenheten
957 770 48 27 att
1021 767 157 30 betrakta
1197 767 70 35 just
1288 767 55 30 det
1363 775 88 28 egna
1466 767 126 30 brottet
1610 766 114 31 såsom
1742 777 48 20 re-

285 815 96 31 Jlativt
401 815 149 37 lindrigt.
596 816 166 30 Uteslutet
781 817 38 29 är
839 815 31 38 ej
893 816 116 35 heller,
1031 818 48 27 att
1101 816 67 30 den
1188 825 43 20 av
1254 815 123 37 Kungl.
1401 814 102 37 Maj:t
1522 815 206 37 föreslagna:
1741 818 50 27 ut-

284 866 222 36 formningen
529 867 10 29 i
563 866 115 37 praxis
704 866 75 30 icke
797 867 159 29 kommer
980 869 49 27 att
1052 866 159 30 medföra
1236 866 67 30 den
1327 864 146 39 höjning
1496 875 43 20 av
1564 865 148 30 straffen
1737 865 55 30 för

284 916 267 37 ifrågavarande
567 917 92 30 brott
677 926 74 21 som
770 926 107 27 avses,
899 916 45 31 då
965 916 236 31 domstolarna
1219 916 74 31 ofta
1313 924 67 29 nog
1401 917 61 29 äro
1480 916 135 30 mindre
1635 916 158 36 benägna

285 969 48 28 att
356 967 159 37 tillämpa
536 977 42 20 en
600 976 96 21 mera
718 967 144 30 allmänt
887 967 146 36 angiven
1056 966 385 37 kvalifikationsgrund.

328 1018 80 30 Med
430 1018 137 36 hänsyn
587 1018 51 30 till
659 1027 90 21 ovan
765 1017 150 31 anförda
938 1017 214 37 synpunkter
1173 1017 98 30 torde
1291 1017 57 30 det
1371 1026 84 21 vara
1475 1025 43 22 av
1542 1016 72 31 vikt
1638 1019 49 28 att
1709 1017 84 30 söka

284 1067 100 31 finna
408 1078 43 20 en
477 1067 107 31 sådan
606 1068 195 38 avfattning
823 1077 43 21 av
888 1067 335 37 förutsättningarna
1246 1067 56 30 för
1323 1066 133 37 förhöjt
1481 1067 112 35 straff,
1618 1070 50 27 att
1691 1067 103 37 syftet

286 1119 144 30 därmed
457 1118 62 31 nås
543 1121 84 28 utan
652 1121 49 28 att
725 1117 173 38 påtagliga
923 1119 219 35 olägenheter
1167 1118 108 30 därav
1301 1118 227 37 uppkomma.
1580 1117 101 31 Detta
1705 1118 90 30 lärer

286 1170 119 29 kunna
424 1169 123 30 vinnas
565 1176 122 30 genom
705 1172 49 27 att
773 1168 116 31 såsom
903 1169 149 30 särskild
1068 1168 377 37 kvalifikationsgrund
1462 1171 178 34 upptages,
1661 1171 49 27 att
1728 1168 65 30 den

287 1219 176 37 brottslige
488 1219 210 37 förskingrat
722 1220 92 36 gods,
840 1229 76 20 som
941 1220 71 29 han
1035 1218 44 38 på
1104 1219 113 36 grund
1241 1229 42 20 av
1307 1220 85 36 yrke
1415 1218 82 30 eller
1520 1218 107 37 tjänst
1653 1217 65 32 fått
1743 1218 49 37 sig

286 1270 197 30 anförtrott.
524 1270 208 36 Därigenom
749 1269 110 37 ernås,
878 1272 49 28 att
945 1279 42 21 en
1005 1269 295 37 straffskärpning
1318 1268 218 37 genomföres
1555 1269 54 30 för
1629 1269 56 30 det
1703 1271 92 28 stora

287 1321 148 30 flertalet
458 1320 61 30 fall
537 1330 42 21 av
604 1319 131 31 sådana
757 1321 103 35 brott,
884 1320 64 30 där
972 1329 42 21 en
1039 1320 96 37 dylik
1161 1319 191 37 skärpning
1374 1320 39 29 är
1438 1318 173 38 påkallad,
1636 1322 86 28 utan
1745 1322 49 28 att

287 1372 42 29 de
347 1371 196 37 obetydliga
561 1370 389 37 förskingringsbrotten
969 1370 228 30 underkastas
1216 1370 117 36 längre
1352 1369 301 37 preskriptionstid
1672 1371 44 29 än
1736 1380 56 20 en-

288 1422 59 36 iigt
365 1422 159 37 gällande
540 1422 64 36 lag.
647 1420 204 38 Visserligen
868 1421 121 29 kunna
1005 1421 79 29 med
1100 1430 43 20 en
1161 1419 108 31 sådan
1285 1419 227 37 utformning,
1531 1419 114 31 såsom
1664 1421 130 29 utskot-

287 1475 46 28 tet
354 1471 161 38 påpekat,
535 1472 61 30 fall
618 1471 228 36 förekomma,
869 1470 45 31 då
936 1470 294 38 straffskärpning
1249 1471 75 30 icke
1343 1471 71 30 kan
1436 1471 64 36 äga
1514 1480 88 26 rum,
1623 1471 111 30 ehuru
1752 1480 43 20 en

289 1522 109 31 sådan
412 1532 81 21 vore
511 1522 184 36 önskvärd,
714 1531 79 21 men
811 1522 10 30 i
840 1522 43 30 de
899 1522 101 30 flesta
1017 1521 61 30 fall
1095 1522 98 30 torde
1211 1521 265 36 olägenheterna
1495 1530 41 21 av
1554 1524 48 27 att
1620 1521 10 30 i
1648 1524 46 28 ett
1712 1522 81 30 eller

288 1576 107 27 annat
411 1573 62 30 fall
491 1576 46 27 ett
552 1572 103 31 straff
670 1572 150 36 ådömes,
835 1582 75 21 som
929 1572 103 37 enligt
1049 1573 176 29 allmänna
1242 1572 204 36 opinionens
1464 1572 224 37 uppfattning
1706 1572 30 37 ej
1758 1573 37 29 är

287 1624 200 37 tillräckligt
514 1624 140 37 strängt,
684 1632 83 21 vara
797 1623 136 30 mindre
960 1624 45 29 än
1033 1623 41 30 de
1102 1622 220 36 obestridliga
1351 1622 188 31 nackdelar
1567 1632 74 20 som
1671 1622 122 37 Kungl.

289 1673 118 38 Maj:ts
429 1674 130 38 förslag
577 1675 39 29 är
635 1675 104 35 ägnat
758 1676 49 28 att
826 1673 170 31 medföra.

333 1724 48 32 På
402 1725 111 37 grund
528 1725 107 30 härav
653 1725 182 30 hemställa
854 1724 43 36 vi,

642 1803 49 28 att
706 1800 195 37 riksdagen,
918 1800 80 30 med
1015 1800 224 30 förklarande
1257 1802 49 27 att
1323 1799 123 37 Kungl.
1464 1798 118 38 Maj:ts
1599 1799 130 38 förslag
1745 1799 51 30 till

598 1851 135 30 ändrad
752 1851 129 36 lydelse
901 1859 43 22 av
964 1851 41 29 22
1025 1851 80 36 kap.
1127 1851 36 29 11
1185 1850 18 37 3
1222 1849 204 37 strafflagen
1444 1849 31 37 ej
1497 1850 134 30 kunnat
1649 1859 43 21 av
1710 1850 85 30 riks-

598 1902 111 36 dagen
732 1904 153 34 antagas,
911 1900 106 31 måtte
1039 1900 55 30 för
1120 1900 53 30 sin
1197 1901 54 29 del
1275 1902 125 34 antaga
1419 1899 156 37 följande
1600 1898 128 39 lydelse
1753 1909 42 21 av

598 1952 154 30 nämnda
774 1952 135 36 lagrum
933 1954 89 27 samt
1047 1951 38 30 14
1111 1951 18 37 3
1155 1951 10 30 i
1189 1960 134 21 samma
1345 1950 143 37 kapitel:

1119 2036 40 29 22
1182 2035 96 30 KAP.

1153 2104 37 29 11
1214 2103 28 37 8.

644 2171 201 30 Förfalskar
863 2180 83 21 man
962 2188 45 4 —
1024 2188 101 4 —
1077 2165 25 47 —
1143 2169 58 32 två
1220 2169 48 32 år.

644 2222 227 37 Förskingrar
895 2231 84 21 man
1004 2221 92 37 gods,
1124 2231 76 20 som
1223 2230 82 21 man
1330 2220 46 38 på
1401 2221 111 37 grund
1538 2230 43 21 av
1607 2221 85 37 yrke
1716 2221 80 30 eller

599 2272 107 38 tjänst
729 2272 64 31 fått
817 2273 50 37 sig
890 2272 197 36 anförtrott;
1113 2272 58 31 må
1195 2272 94 31 tiden
1311 2271 54 32 för
1388 2271 232 32 straffarbetet
1642 2271 52 31 till
1718 2271 78 38 fyra

599 2324 39 30 år
660 2324 109 37 höjas.

1162 2373 38 30 14
1223 2373 29 37 8.

647 2424 67 31 Går
734 2424 199 36 fullmäktig
951 2423 11 31 i
981 2425 72 35 sak,
1073 2424 67 30 den
1161 2424 130 30 honom
1311 2424 145 30 betrodd
1477 2425 47 34 är,
1545 2422 167 37 svikligen
1732 2423 62 30 hu-

599 2476 239 30 vudmannens
856 2475 181 37 vederpart
1055 2475 180 36 tillhanda,
1254 2484 80 21 vare
1352 2475 49 36 sig
1421 2475 80 29 med
1518 2473 118 31 skrifts
1654 2474 139 36 uppsät-
