1920 2786
294 126 19 30 8
690 132 377 31 Jordbruksutskottets
1093 130 176 31 utlåtande
1297 140 41 21 nr
1364 132 30 30 9.

304 217 60 29 der
378 226 41 21 en
435 216 240 37 övergångstid
690 226 42 21 av
749 226 57 21 sex
824 216 165 30 månader
1005 217 208 29 bestämmes
1229 218 50 27 att
1296 214 81 37 utgå
1394 214 78 30 med
1489 214 67 30 fixt
1572 214 136 36 belopp.
1729 212 74 31 Vad

302 267 251 36 föredragande
573 266 181 32 statsrådet
777 267 175 36 föreslagit
972 267 147 30 rörande
1139 265 384 37 ersättningsbeloppets
1546 265 126 30 storlek
1693 264 110 31 under

307 317 263 37 ifrågavarande
600 317 239 38 övergångstid
869 318 195 31 föranleder
1094 317 75 31 icke
1201 316 114 37 någon
1343 317 140 30 erinran
1514 315 79 31 från
1625 315 180 31 utskottets

305 368 83 31 sida.

346 419 52 31 Då
424 418 265 38 ifrågavarande
716 420 255 30 bestämmelser
1000 429 79 21 avse
1108 422 47 28 att
1184 419 179 37 påskynda
1392 417 138 37 frivillig
1559 416 244 36 nedslaktning

303 480 42 21 av
372 470 160 31 smittade
561 469 81 37 djur
666 471 94 29 inom
789 470 177 37 skyddade
991 470 166 31 områden
1185 471 62 28 har
1274 470 10 29 i
1311 468 257 38 propositionen
1596 467 133 32 anförts
1756 470 49 28 att

301 521 98 30 dessa
420 521 10 29 i
447 520 137 37 princip
604 521 105 30 borde
728 522 65 34 äga
812 521 166 30 avseende
998 520 20 31 å
1037 521 122 30 endast
1178 519 129 32 sådana
1331 519 88 37 djur,
1440 529 76 21 som
1535 519 88 32 varit
1642 518 160 32 smittade

302 572 106 29 innan
433 570 157 32 området
618 571 185 31 förklarats
831 570 262 37 kastsjukefritt.
1123 571 77 30 Med
1228 572 136 35 hänsyn
1391 570 51 30 till
1470 569 256 37 svårigheterna
1753 572 50 28 att

303 621 136 36 avgöra,
463 621 57 30 vid
545 621 114 30 vilken
687 621 163 36 tidpunkt
874 620 208 37 sjukdomen
1105 620 229 37 uppkommit,
1360 622 164 29 ävensom
1546 620 52 31 till
1626 621 65 30 den
1715 619 87 31 före-

301 673 116 36 slagna
437 671 301 37 övergångstidens
759 672 141 30 relativa
920 672 232 36 kortvarighet
1174 672 43 30 ha
1241 673 89 29 dock
1352 671 170 31 särskilda
1543 671 258 30 bestämmelser

300 723 121 29 härom
445 722 75 31 icke
541 726 127 27 ansetts
688 722 232 37 erforderliga.
943 722 121 35 Kungl.
1087 721 101 37 Maj:t
1209 723 63 29 har
1294 721 188 32 emellertid
1504 722 178 31 förutsatts
1704 722 97 30 skola

302 774 63 35 äga
385 772 207 36 befogenhet
612 775 47 29 att
681 772 10 30 i
713 772 171 31 särskilda
904 773 61 30 fall
988 772 158 36 medgiva
1167 772 171 31 avvikelse
1361 772 79 31 från
1461 774 42 29 de
1525 772 56 31 för
1601 771 201 37 övergångs-

304 823 90 30 tiden
422 823 195 36 föreslagna
644 823 521 36 ersättningsbestämmelserna.
1197 823 179 36 Utskottet,
1404 833 75 21 som
1505 822 78 31 icke
1609 824 64 29 har
1701 822 102 37 något

300 876 48 28 alt
369 872 113 32 erinra
503 878 73 26 mot
599 873 121 36 Kungl.
744 873 118 35 Maj:ts
885 874 128 36 förslag
1034 873 9 29 i
1066 875 92 30 detta
1181 874 177 35 avseende,
1385 874 199 30 förutsätter
1608 873 121 32 därvid
1753 877 48 27 att

302 924 121 36 Kungl.
451 923 102 37 Maj:t
567 924 99 30 skall
695 924 120 30 kunna
845 923 158 36 medgiva
1029 922 108 31 sådan
1166 923 171 31 avvikelse
1366 923 75 30 icke
1466 924 87 29 blott
1582 923 221 31 beträffande

300 974 88 37 djur,
411 984 74 21 som
505 976 121 29 kunna
646 977 141 34 antagas
809 975 46 30 ha
876 975 145 30 smittats
1043 974 86 31 efter
1151 974 54 31 det
1225 973 156 32 området
1400 974 187 30 förklarats
1608 974 192 36 kastsjuke-

300 1026 83 36 fritt,
407 1029 84 27 utan
516 1027 97 34 även,
641 1025 43 31 då
708 1025 172 31 särskilda
905 1026 73 29 skäl
1007 1025 113 30 därtill
1146 1025 189 36 föranleda,
1364 1025 79 30 med
1467 1025 169 30 avseende
1664 1025 19 31 å
1710 1024 90 37 djur,

300 1086 73 21 som
394 1077 148 30 smittats
565 1077 75 30 före
661 1077 155 30 nämnda
836 1076 170 36 tidpunkt.

344 1127 269 37 Ifrågavarande
639 1128 258 30 bestämmelser
923 1137 102 27 synas
1053 1127 9 30 i
1090 1127 148 36 enlighet
1266 1129 77 29 med
1371 1128 122 35 Kungl.
1524 1126 117 37 Maj:ts
1674 1128 127 35 förslag

301 1180 83 29 böra
408 1178 35 31 få
466 1179 174 36 tillämpas
662 1178 106 30 redan
792 1179 110 30 under
923 1179 233 30 innevarande
1183 1177 175 37 budgetår.

346 1229 113 30 Under
480 1228 220 36 åberopande
723 1238 41 21 av
786 1229 56 30 det
865 1228 145 30 anförda
1033 1228 197 30 hemställer
1251 1229 175 36 utskottet,

656 1318 32 40 a)
711 1324 49 27 att
777 1320 183 36 riksdagen
978 1319 57 31 må
1052 1320 185 37 godkänna
1258 1320 43 31 de
1317 1320 10 30 i
1345 1321 228 31 förevarande
1591 1320 213 37 proposition

610 1371 195 36 föreslagna
822 1371 231 37 ändringarna
1071 1371 10 29 i
1101 1371 194 37 grunderna
1313 1371 54 30 för
1385 1372 242 36 bekämpande
1648 1381 41 22 av
1707 1372 94 36 sjuk-

610 1422 124 31 domen
758 1421 170 31 smittsam
947 1421 161 36 kastning
1130 1423 62 30 hos
1213 1422 214 36 nötkreatur;

654 1471 33 40 b)
718 1475 48 27 att
786 1472 215 30 motionerna
1019 1471 28 30 I:
1065 1472 59 29 107
1145 1472 64 29 och
1229 1472 44 29 II:
1289 1472 63 29 315
1372 1472 74 29 icke
1467 1471 56 31 må
1541 1472 179 31 föranleda
1742 1472 57 31 nå-

611 1531 64 28 gon
702 1523 202 36 riksdagens
927 1523 129 36 åtgärd.

346 1616 200 30 Stockholm
564 1616 64 29 den
648 1617 38 28 21
708 1615 153 30 februari
881 1615 90 29 1947.

747 1717 46 30 På
818 1716 369 37 jordbruksutskottets
1213 1717 141 35 vägnar:

881 1817 35 30 L.
948 1812 267 35 TJÄLLGREN.

587 1977 61 30 Vid
668 1977 94 30 detta
781 1977 143 30 ärendes
946 1976 280 38 slutbehandling
1244 1977 91 30 hava
1354 1978 166 29 närvarit:

346 2036 79 31 från
455 2037 165 30 första
649 2037 216 29 kammaren:
885 2036 120 30 herrar
1025 2035 184 36 Tjällgren,
1228 2036 119 30 Alfred
1366 2036 206 36 Andersson,
1596 2036 206 36 Anderberg,

298 2081 145 30 friherre
461 2079 206 37 Beck-Friis,
688 2080 209 35 Dahlström,
919 2080 181 35 Svedberg,
1120 2081 160 30 Isaksson
1300 2081 64 29 och
1384 2079 140 37 Björck;
1543 2085 91 26 samt

346 2138 80 31 från
488 2139 121 31 andra
637 2139 219 29 kammaren:
877 2138 119 30 herrar
1013 2137 195 30 Andersson
1226 2137 11 30 i
1259 2137 128 36 Löbbo,
1408 2137 176 36 Liedberg,
1606 2137 196 34 Carlström,

304 2182 115 35 Mäler,
448 2181 194 35 Lundbom,
671 2181 192 30 Pettersson
893 2181 8 29 i
929 2179 112 36 Rosta,
1068 2180 171 31 Jacobson
1268 2180 10 30 i
1304 2179 208 32 Vilhelmina
1538 2181 65 30 och
1630 2180 135 31 Nilsson
1792 2180 11 29 i

303 2225 197 30 Varuträsk.

527 2500 108 23 477815.
675 2499 178 30 Stockholm,
872 2499 78 25 Isaac
971 2498 114 26 Marcus
1105 2498 376 34 Boktryckeri-Aktiebolag,
1497 2477 80 55 1947.
