2281 2709
707 201 231 38 Lag-Utskottets
967 202 153 29 Utlåtande
1144 203 57 27 N:o
1222 199 52 31 33.
1732 202 16 27 7

199 284 46 32 för
285 284 115 32 hvilket
441 282 130 33 särskild
614 280 215 34 bestämmelse
869 280 168 41 erfordras,
1071 281 153 42 nemligen
1258 280 38 33 då
1323 281 188 41 Konungens
1539 279 252 43 Befallningshaf-

198 336 94 32 vande
320 336 93 32 afslår
442 336 203 30 kommunens
674 334 132 42 begäran
836 344 50 21 om
915 337 44 29 ett
987 333 127 33 ärendes
1145 333 223 43 hänskjutande
1398 332 45 33 till
1472 330 319 44 häradsfullmäktige,

198 389 54 30 och
283 389 8 30 i
320 388 83 31 detta
435 387 49 32 fall
515 385 90 33 lärer
624 386 54 31 den
710 386 67 31 med
808 386 134 31 beslutet
971 385 166 42 missnöjde
1167 383 72 33 böra
1271 385 168 41 berättigas
1467 389 44 27 att
1529 383 175 42 öfverklaga
1727 384 64 30 det-
1818 385 2 5 '

198 451 127 20 samma.
384 440 58 31 Har
483 441 63 30 åter
581 449 35 20 en
646 437 82 44 dylik
758 436 224 43 framställning
1012 439 107 31 vunnit
1146 435 52 33 det
1227 437 152 38 afseende,
1408 441 44 27 alt
1479 435 127 33 ärendet
1636 436 154 32 hänvisats

200 491 42 31 till
287 490 186 41 behandling
513 490 32 30 af
579 487 316 44 häradsfullmäktige,
927 489 52 31 bör
1008 488 129 32 särskild
1168 488 204 32 besvärstalan
1403 486 138 34 deremot
1570 488 67 31 icke
1666 487 123 37 tillåtas,

200 543 75 31 helst.
308 546 44 28 ett
381 541 5 32 i
417 544 107 38 många
557 539 49 33 fall
636 540 131 41 skadligt
800 539 108 33 binder
937 540 55 32 och
1022 538 139 44 uppehåll
1192 541 7 29 i
1225 539 142 32 ärendets
1385 539 226 42 handläggning
1625 538 163 32 såmedelst

200 594 99 32 kunde
328 596 120 40 uppstå.
504 592 146 32 Deremot
680 592 54 31 bör
763 590 52 33 det
845 593 65 31 icke
939 603 68 21 vara
1038 594 91 39 något
1159 591 107 32 hinder
1296 591 44 32 för
1368 592 56 30 den
1455 591 67 32 med
1539 590 147 43 åtgärden
1703 591 88 31 miss-

199 646 89 41 nöjde
316 650 55 36 att,
400 656 48 21 om
480 644 57 32 han
568 644 95 32 finner
692 645 46 40 sig
767 653 53 32 ega
853 642 48 43 fog
931 643 43 32 till
1002 643 109 41 klagan
1141 647 83 28 emot
1253 642 206 43 fullmäktiges
1480 641 312 43 tillgörande,
1686 637 15 54 i
1717 637 78 54 sam-

199 698 155 41 manhang
382 696 126 32 dermed
539 696 87 32 äfven
656 695 125 32 besvära
810 697 46 39 sig
884 694 86 33 öfver
998 695 187 41 Konungens
1214 693 353 43 Befallningshafvandes
1589 692 200 33 omförmälda

198 750 118 39 åtgärd.
373 749 121 39 Finnes,
536 747 78 32 efter
642 746 58 32 den
730 751 141 28 närmare
901 747 165 42 utredning
1095 746 126 32 ärendet
1251 747 53 31 hos
1335 746 306 42 bäradsfullmäktige
1669 745 126 38 vunnit,

199 806 42 27 alt
283 801 171 31 detsamma
498 800 25 42 ej
565 799 163 42 rätteligen
759 798 117 33 tillhört
903 799 90 32 deras
1023 797 237 43 handläggning,
1291 798 57 32 och
1377 802 44 28 att
1450 797 193 41 fullmäktige
1671 797 120 32 således

200 865 111 29 genom
340 854 53 31 sitt
424 853 99 31 beslut
553 853 6 29 i
591 851 207 32 hufvudsaken
828 850 197 33 öfverskridit
1053 852 44 30 sin
1128 850 193 41 befogenhet,
1363 849 79 32 lärer
1471 850 187 40 Konungens
1688 848 105 32 Befall-

201 904 252 44 nit.gshafvande,
495 903 76 32 eller
612 902 204 32 öfverordnad
848 901 178 45 myndighet
1054 903 25 41 ej
1110 902 158 32 underlåta
1295 905 44 28 att
1370 900 74 33 fästa
1475 901 143 42 behörigt
1647 899 145 33 afseende

198 959 35 41 på
264 957 159 31 besvären.

328 1008 9 31 I
365 1006 324 33 öfverensstämmelse
717 1004 125 32 härmed
873 1004 45 32 får
948 1003 158 34 Utskottet
1135 1004 159 32 vördsamt
1323 1002 171 40 hemställa,

599 1061 44 27 att
672 1054 173 44 Riksdagen
877 1057 95 31 måtte
999 1057 46 31 för
1074 1056 45 31 sin
1148 1055 47 32 del
1225 1056 118 32 besluta
1372 1066 36 22 en
1426 1052 191 44 författning,
1634 1053 159 42 angående

600 1107 313 42 häradsfullmäktige,
943 1106 32 33 af
1001 1107 130 43 följande
1162 1106 150 33 innehåll:

649 1158 67 32 Med
760 1159 210 43 upphäfvande
1016 1158 31 32 af
1081 1159 73 31 hvad
1185 1160 5 29 i
1219 1159 48 42 lag
1296 1159 74 31 eller
1399 1157 147 32 särskilda
1578 1157 216 41 författningar

600 1215 33 28 är
674 1209 142 43 stadgadt
860 1210 119 39 derom,
1014 1215 44 27 att
1087 1209 196 42 menigheter
1311 1209 74 33 eller
1412 1209 89 32 deras
1530 1208 113 33 ombud
1672 1209 83 30 skola
1787 1209 6 29 i

600 1263 79 31 vissa
721 1262 208 32 ekonomimål
971 1262 78 32 inför
1091 1262 178 32 Häradsrätt
1297 1262 101 36 höras,
1439 1260 158 33 äfvensom
1637 1259 156 42 angående

601 1313 161 44 åliggande
803 1313 47 32 för
891 1311 182 35 Häradsrätt
1108 1318 44 27 att
1181 1314 6 30 i
1217 1313 113 33 sådana
1360 1312 59 33 mål
1449 1310 111 44 afgifva
1590 1310 204 40 betänkande,

598 1366 124 41 stadgas
749 1376 66 21 som
845 1363 108 45 följer:

949 1469 18 40 $
1001 1468 28 33 1.

331 1554 58 32 För
430 1555 104 42 hvarje
577 1554 92 32 härad
711 1559 84 27 utses
836 1552 202 43 fullmäktige,
1067 1558 44 27 att
1142 1552 169 33 bandhafva
1340 1553 56 32 och
1427 1553 117 32 besluta
1573 1563 48 21 om
1653 1553 142 32 häradets

201 1616 231 30 gemensamma
462 1606 271 43 angelägenheter.
787 1605 95 32 Dessa
913 1604 307 42 häradsfullmäktige
1250 1604 92 43 väljas
1370 1603 117 43 årligen
1509 1603 32 33 af
1554 1604 36 31 de
1607 1602 44 34 till
1668 1603 126 33 häradet

203 1658 134 31 hörande
379 1659 184 31 kommuner
602 1659 17 30 å
659 1657 40 32 tid
741 1661 80 27 samt
862 1659 36 40 på
932 1660 60 28 sätt
1022 1656 57 32 och
1110 1657 42 31 till
1183 1657 81 30 antal
1294 1655 46 32 för
1369 1656 106 43 hvarje
1506 1656 157 35 kommun,
1691 1666 66 21 som
1788 1657 5 29 i

201 1709 111 41 Kongl.
343 1708 221 43 förordningen
594 1719 49 21 om
673 1708 313 43 kommunalstyrelse
1015 1710 36 40 på
1080 1707 100 33 landet
1209 1707 57 32 den
1296 1707 42 32 24
1371 1707 79 32 Mars
1482 1707 106 39 1862,
1616 1707 19 41 $
1667 1707 54 39 47,
1740 1706 53 32 och

205 1759 106 41 Kongl.
356 1759 221 43 förordningen
620 1771 49 20 om
706 1759 156 43 landsting
889 1759 32 32 af
946 1770 117 21 samma
1092 1759 69 42 dag,
1188 1760 18 40 $
1238 1760 29 38 5,
1296 1760 8 30 i
1332 1758 86 42 fråga
1448 1770 50 20 om
1527 1758 119 32 valmän
1674 1758 47 32 för
1749 1759 45 31 val

204 1812 43 30 till
278 1810 243 43 landstingsmän
550 1809 134 44 stadgas.

335 1861 126 44 Uppgår
501 1863 111 32 antalet
656 1863 30 31 af
727 1861 189 42 fullmäktige
957 1860 79 33 efter
1078 1861 127 32 nämnda
1237 1861 97 42 grund
1364 1862 30 42 ej
1421 1859 42 33 till
1492 1871 64 29 sex,
1584 1860 78 43 välje
1692 1860 103 43 hvarje

203 1914 148 33 kommun
381 1914 126 33 dubbelt
535 1915 51 31 det
614 1915 93 38 antal,
735 1925 66 20 som
831 1914 89 42 eljest
950 1913 68 32 bort
1047 1912 46 33 för
1124 1911 187 34 kommunen
1342 1918 93 27 utses.

328 1966 12 31 I
365 1964 146 34 afseende
547 1968 36 40 på
606 1964 138 33 vilkoren
775 1964 46 33 för
850 1964 155 32 valbarhet
1032 1964 47 32 till
1108 1963 173 42 fullmäktig
1309 1969 80 27 samt
1418 1963 148 41 rättighet
1594 1966 45 29 att
1667 1961 128 44 uppdra-

201 2021 51 35 get
279 2018 46 40 sig
354 2017 114 43 afsäga,
497 2017 78 42 gälle
604 2016 77 33 hvad
707 2018 6 30 i
746 2015 108 43 Kongl.
888 2016 220 41 förordningen
1138 2027 48 20 om
1218 2015 310 43 kommunalstyrelse
1557 2016 35 41 på
1621 2014 101 32 landet
1738 2015 56 31 den

204 2068 41 31 24
278 2068 78 32 Mars
388 2069 104 41 1862,
520 2071 20 40 &
570 2069 57 40 29,
656 2079 49 22 om
736 2066 371 43 kommunalfullmäktige
1136 2066 141 43 stadgas.

959 2171 18 41 g
1008 2170 31 32 2.

337 2240 311 42 Häradsfullmäktige
690 2240 189 31 tillkommer
917 2244 46 27 att
1002 2239 167 41 handlägga
1199 2238 113 32 sådana
1341 2239 45 31 för
1416 2237 127 32 häradet
1567 2248 231 31 gemensamma

200 2291 144 40 ärenden,
385 2302 65 22 som
488 2292 108 32 hittills
625 2291 95 43 enligt
751 2292 47 42 lag
827 2292 76 32 eller
925 2290 152 34 särskilda
1107 2289 217 44 författningar
1352 2290 100 33 skolat
1479 2289 33 32 af
1536 2290 159 42 menighet
1725 2288 74 33 eller
