1916 2860
513 172 114 28 Första
649 169 221 35 lagutskottets
892 165 163 30 utlåtande
1078 164 49 29 Nr
1149 169 29 26 8.
1584 157 16 30 1

803 544 60 41 Nr
889 544 37 41 8.

442 693 118 27 Ankom
584 690 48 29 till
655 689 172 34 riksdagens
850 687 94 29 kansli
967 686 59 28 den
1050 688 38 25 13
1112 684 131 29 februari
1265 684 81 27 1930
1370 681 38 29 kl.
1436 684 13 25 1
1476 690 24 19 e.
1525 690 40 18 m.

325 830 182 37 Utlåtande
525 834 12 30 i
557 829 178 39 anledning
755 840 41 21 av
817 828 99 32 väckt
936 826 125 32 motion
1080 821 172 42 angående
1270 822 127 33 ändrad
1417 820 129 40 lydelse
1565 831 41 22 av

548 884 19 30 7
584 882 49 39 Si
651 881 96 38 lagen
766 891 51 21 om
836 878 168 32 allmänna
1022 875 215 40 arvsfonden.

148 1023 19 32 I
192 1034 39 20 en
256 1022 89 31 inom
372 1020 106 32 första
504 1018 194 32 kammaren
724 1014 111 38 väckt,
863 1013 54 33 till
943 1011 191 39 lagutskott
1160 1009 163 33 hänvisad
1349 1008 134 38 motion,
1511 1018 40 20 nr
1578 1008 30 35 7,

104 1074 62 32 har
184 1073 76 32 herr
278 1072 133 32 Ekman
429 1068 183 38 hemställt,
633 1070 51 29 att
703 1065 180 38 riksdagen
902 1063 79 33 ville
1002 1062 54 32 för
1076 1062 50 32 sin
1148 1061 52 32 del
1218 1059 139 39 besluta,
1378 1061 51 29 att
1444 1060 24 31 7
1491 1057 19 39 $
1530 1057 12 32 i
1562 1056 46 32 la-

105 1136 63 27 gen
186 1124 62 32 den
265 1124 19 31 8
301 1122 73 38 juni
392 1121 84 32 1928
494 1131 52 21 om
564 1118 169 33 allmänna
751 1114 203 34 arvsfonden
972 1113 89 32 skall
1080 1111 127 33 erhålla
1226 1111 60 32 den
1305 1108 146 34 ändrade
1469 1107 140 39 lydelse,

106 1187 69 21 som
195 1174 107 32 nedan
323 1177 152 28 närmare
497 1168 223 34 omförmäles.

150 1223 224 35 Beträffande
396 1222 38 33 de
456 1221 85 38 skäl,
565 1219 203 33 motionären
790 1216 115 33 anfört
925 1215 54 32 till
1002 1215 74 32 stöd
1099 1213 54 32 för
1175 1213 50 32 sin
1247 1209 210 40 hemställan,
1481 1209 56 31 får
1559 1211 50 29 ut-

107 1277 134 38 skottet,
268 1276 6 32 i
295 1274 61 33 den
377 1273 75 32 mån
472 1269 207 40 redogörelse
700 1268 117 33 därför
837 1267 29 38 ej
887 1266 62 33 här
968 1265 109 33 nedan
1097 1264 140 39 lämnas,
1258 1261 140 33 hänvisa
1420 1260 54 32 till
1495 1258 115 33 motio-

106 1339 74 21 nen.

150 1427 183 32 Allmänna
349 1425 203 33 arvsfonden
567 1421 222 38 tillskapades
805 1420 12 31 i
834 1418 159 33 samband
1009 1416 75 33 med
1099 1415 190 33 införandet
1305 1426 41 20 av
1362 1413 61 32 den
1438 1424 67 26 nya
1521 1422 91 21 arvs-
1640 1417 161 26 Allmänna

109 1478 272 40 lagstiftningen.
420 1475 19 32 I
458 1476 17 32 5
493 1474 81 38 kap.
594 1475 16 30 1
631 1472 18 39 $
668 1484 43 20 av
728 1471 99 38 lagen
846 1470 62 32 den
926 1470 19 31 8
964 1468 72 38 juni
1057 1467 84 32 1928
1161 1478 51 20 om
1231 1476 70 27 arv,
1320 1463 113 33 vilken
1451 1462 59 38 lag
1527 1463 86 31 trätt
1625 1449 188 35 arvsfonden.

109 1531 12 31 i
137 1530 97 32 kraft
252 1528 61 33 den
333 1529 16 31 1
369 1525 132 40 januari
520 1524 97 38 1929,
637 1522 148 38 stadgas,
804 1522 50 30 att
873 1519 113 33 därest
1002 1517 139 38 arvinge
1158 1515 134 39 jämlikt
1311 1515 39 32 de
1367 1514 12 32 i
1397 1513 116 38 lagens
1533 1511 80 39 fyra

112 1581 107 32 första
238 1578 130 39 kapitel
387 1576 101 39 givna
508 1572 292 35 bestämmelserna
820 1570 73 33 icke
914 1570 119 37 finnes,
1054 1570 96 30 arvet
1170 1565 88 33 skall
1276 1564 142 33 tillfalla
1440 1575 61 20 »en
1522 1561 92 39 fond,

111 1630 163 34 benämnd
290 1628 169 34 allmänna
473 1624 237 34 arvsfonden».
747 1623 52 32 De
814 1626 151 27 närmare
980 1617 295 34 bestämmelserna
1290 1627 51 21 om
1358 1614 140 32 fondens
1516 1612 99 33 ända-

112 1682 67 32 mål
199 1684 85 30 samt
303 1677 215 34 meddelande
537 1688 42 21 av
598 1673 180 34 understöd
797 1684 41 20 ur
857 1671 122 32 fonden
999 1674 155 28 ävensom
1174 1679 51 21 om
1246 1666 139 33 fondens
1406 1663 210 38 förvaltning

112 1733 60 32 och
194 1730 193 34 bevakande
410 1741 42 20 av
475 1727 75 33 dess
575 1729 68 30 rätt
666 1724 186 33 återfinnas
877 1720 183 34 emellertid
1083 1720 11 32 i
1119 1731 39 20 en
1183 1716 146 35 särskild
1352 1716 67 38 lag,
1446 1715 60 33 den
1531 1725 85 21 ovan

114 1783 144 36 nämnda
276 1782 98 37 lagen
393 1792 51 20 om
464 1778 170 33 allmänna
653 1774 213 39 arvsfonden,
885 1772 113 33 vilken
1017 1770 163 33 likaledes
1199 1771 85 29 trätt
1302 1768 12 31 i
1332 1767 98 32 kraft
1449 1766 61 32 den
1532 1766 17 31 1
1570 1764 47 38 ja-

115 1835 97 32 nuari
231 1834 96 32 1929.

160 1883 216 35 Sistnämnda
392 1882 56 37 lag
464 1878 196 39 innehåller,
678 1877 101 32 bland
796 1879 112 34 annat,
926 1877 51 29 att
993 1872 170 33 allmänna
1182 1868 219 34 arvsfondens
1419 1866 106 33 medel
1545 1865 72 32 sko-

117 1935 32 33 Ja
173 1934 164 33 förvaltas
362 1945 41 20 av
427 1931 241 32 statskontoret
692 1928 107 31 såsom
824 1937 39 20 en
887 1923 146 34 särskild
1058 1921 82 33 fond
1164 1921 54 31 för
1241 1918 189 38 främjande
1453 1929 43 20 av
1518 1917 101 31 barns

118 1987 60 32 och
193 1985 162 38 ungdoms
371 1982 82 32 vård
469 1981 61 32 och
546 1980 142 31 fostran.
727 1976 153 33 Fondens
898 1977 67 29 rätt
980 1973 55 32 till
1052 1984 60 20 arv
1129 1971 88 32 skall
1233 1968 144 34 bevakas
1396 1980 41 20 av
1453 1967 167 32 kammar-

118 2032 427 37 advokatfiskalsämbetet,
567 2041 69 21 som
656 2027 99 33 också
775 2031 81 33 äger
875 2028 51 30 att
944 2023 72 33 tala
1035 2023 60 32 och
1116 2033 98 21 svara
1233 2021 12 31 i
1265 2019 77 39 mål,
1363 2030 68 20 som
1453 2022 75 27 röra
1549 2016 72 32 fon-

119 2088 72 32 den.
240 2078 582 40 Kammaradvokatfiskalsämbetet
858 2076 62 32 har
956 2073 127 39 jämväl
1120 2070 199 39 befogenhet
1356 2072 52 29 att
1434 2069 19 31 å
1482 2067 139 32 fondens

118 2142 128 33 vägnar
266 2135 177 39 godkänna
464 2133 197 31 testamente
682 2129 54 32 till
757 2139 109 21 annan
887 2131 42 27 än
951 2124 133 38 fonden,
1107 2135 51 20 om
1180 2122 211 32 testamentet
1413 2123 37 28 är
1471 2116 150 39 lagligen

120 2190 176 36 upprättat
316 2185 60 32 och
397 2182 180 38 anledning
598 2180 55 32 till
673 2179 142 32 klander
835 2177 29 38 ej
887 2176 104 32 heller
1013 2174 97 38 eljest
1131 2172 193 38 föreligger.
1368 2170 18 32 I
1410 2171 16 31 7
1452 2168 18 39 $
1493 2168 129 32 lämnas

120 2236 248 34 bestämmelser
386 2246 50 20 om
454 2231 211 34 tillsättande
682 2241 41 21 av
740 2227 317 37 boutredningsman
1075 2224 12 32 i
1104 2223 75 32 boet
1195 2222 87 32 efter
1299 2220 143 38 avliden,
1462 2230 69 21 som
1549 2217 73 32 icke

122 2287 215 33 efterlämnat
356 2296 108 21 annan
484 2282 140 37 arvinge
645 2285 42 27 än
707 2279 133 32 fonden.

167 2335 210 34 Sistberörda
400 2334 143 37 lagrum,
569 2334 16 29 7
611 2331 18 38 8
652 2331 12 31 i
686 2329 97 37 lagen
807 2339 52 20 om
882 2326 168 32 allmänna
1073 2322 213 37 arvsfonden,
1309 2320 97 38 lyder
1430 2319 53 32 för
1505 2322 118 27 närva-

125 2388 114 32 rande:

168 2447 133 36 Finnes,
330 2444 41 32 då
399 2441 147 33 dödsfall
573 2438 175 39 inträffar,
777 2436 29 38 ej
835 2447 108 20 annan
970 2433 140 37 arvinge
1137 2435 41 28 än
1207 2429 131 38 fonden,
1367 2427 88 33 skall
1484 2427 56 31 det
1566 2425 59 31 hos

125 2492 108 29 rätten
254 2486 149 33 anmälas
425 2496 42 20 av
489 2483 72 37 den,
585 2493 68 20 som
676 2480 61 32 har
757 2479 76 32 boet
853 2478 11 31 i
887 2477 50 32 sin
959 2474 93 38 vård,
1076 2473 60 32 och
1157 2477 117 27 nämne
1297 2473 118 34 rätten,
1438 2473 61 27 när
1522 2467 104 32 sådan

161 2550 117 33 Bihang
302 2549 47 28 till
371 2546 175 34 riksdagens
568 2543 142 35 protokoll
735 2543 89 27 1980.
851 2543 16 25 9
890 2538 83 29 saml.
1022 2540 11 25 1
1062 2536 63 28 avd.
1171 2528 18 30 4
1214 2534 74 33 häft.
1312 2529 58 35 (Nr
1393 2527 128 33 8—10)
1571 2529 15 29 1
