1916 2860
534 169 114 29 Första
671 169 222 35 lagutskottets
915 168 163 29 utlåtande
1101 167 47 29 Nr
1168 172 29 26 8.
1603 165 18 31 =

111 256 92 35 varit
224 255 153 34 tveksam
398 267 52 22 om
472 255 225 39 paragrafens
720 254 156 39 tolkning
897 255 13 32 i
934 254 219 33 förevarande
1175 253 161 33 avseende
1359 253 60 32 och
1442 264 68 21 som
1534 251 87 39 följd

114 307 105 33 därav
234 307 153 33 stundom
403 307 175 32 förordnat
592 306 318 38 boutredningsman
927 305 115 32 oaktat
1059 304 290 38 förefintligheten
1365 315 43 21 av
1423 303 119 38 giltigt
1557 306 64 28 tes-

113 361 155 36 tamente,
287 370 77 20 man
383 369 136 21 numera
538 356 142 34 allmänt
698 356 173 39 tillämpar
891 356 39 32 de
950 355 178 40 principer,
1147 366 69 22 som
1236 355 63 31 här
1317 366 84 21 ovan
1420 352 202 34 utvecklats.

114 409 115 38 Något
247 409 105 32 behov
371 421 43 20 av
432 412 51 29 att
502 420 117 26 genom
641 411 48 30 ett
708 407 123 39 tillägg
851 407 56 32 till
926 407 201 38 lagrummet
1146 409 134 35 utsäga,
1300 408 51 29 att
1369 404 252 37 boutrednings-

114 472 77 21 man
210 460 74 34 icke
303 460 88 33 skall
410 459 177 33 förordnas
606 459 12 32 i
638 459 40 33 de
697 458 75 40 fäll,
793 458 61 32 där
873 458 62 32 den
953 457 133 32 avlidne
1108 468 116 27 genom
1245 459 48 29 ett
1312 467 43 21 av
1373 455 63 32 allt
1454 458 52 29 att
1526 454 96 33 döma

113 511 119 39 giltigt
253 514 196 29 testamente
471 510 174 33 förordnat
667 521 51 21 om
742 509 46 32 all
810 509 51 32 sin
884 508 169 40 egendom,
1077 519 99 27 synes
1198 506 166 33 utskottet
1387 505 139 33 sålunda
1547 504 74 33 icke

116 563 199 34 förefinnas.

158 665 113 32 Under
291 664 207 38 åberopande
518 676 42 20 av
580 663 66 32 vad
667 662 140 32 sålunda
829 661 131 33 anförts
981 661 56 32 får
1056 660 166 32 utskottet
1240 659 188 40 hemställa,

468 751 51 29 att
540 746 220 33 förevarande
781 746 124 32 motion
927 745 72 32 icke
1022 745 103 31 måtte
1147 744 54 32 till
1222 744 109 38 någon
1354 743 196 38 riksdagens
1573 740 48 34 åt-

426 798 83 39 gärd
525 797 185 33 föranleda.

162 892 192 33 Stockholm
373 892 60 32 den
454 892 40 32 13
513 890 151 33 februari
685 890 95 32 1930.

568 992 50 32 På
635 993 109 31 första
762 990 240 39 lagutskottets
1021 994 143 33 vägnar:

712 1077 44 32 A.
775 1074 254 35 ÄKERMAN.

198 1383 63 28 Vid
280 1382 85 29 detta
385 1381 129 29 ärendes
532 1380 194 34 behandling
744 1379 79 28 hava
842 1378 157 28 närvarit:

158 1432 74 29 från
251 1432 148 29 första
416 1433 194 27 kammaren:
630 1430 111 28 herrar
759 1428 166 35 Åkerman,
944 1437 91 25 greve
1054 1428 111 34 Spens,
1185 1427 155 33 Schlyter,
1359 1426 141 29 Svenson
1518 1426 11 28 i
1548 1425 76 28 Esk-

117 1474 99 35 hult”,
236 1473 165 36 Norling”,
419 1473 129 33 Öhman,
566 1472 138 29 Jonsson
723 1473 12 27 i
753 1471 149 34 Lycksele
921 1471 56 28 och
995 1468 164 35 Pålsson”;

157 1535 76 29 från
286 1535 109 28 andra
420 1534 194 27 kammaren:
643 1532 109 28 herrar
769 1531 183 34 Björkman,
968 1529 164 35 Lindqvist
1158 1529 2 27 i
1177 1527 178 35 Halmstad,
1371 1526 129 29 Nilsson
1517 1527 11 27 i
1544 1525 81 28 Ant-

118 1579 65 32 näs,
206 1576 110 29 Olsson
337 1577 12 27 i
368 1575 138 34 Ramsta,
527 1574 152 28 Hedlund
699 1574 12 27 i
731 1570 200 36 Östersund",
951 1571 177 28 Johansson
1148 1571 12 27 i
1180 1570 142 34 Brånalt,
1343 1568 205 30 Christenson
1568 1567 57 29 och

119 1620 143 34 Sjögren.

156 1699 13 13 +
188 1698 32 32 Ej
241 1696 155 26 närvarande
415 1695 43 24 vid
476 1694 160 25 utlåtandets
652 1694 134 31 justering.
