1888 2848
102 525 149 27 Utskottet.

316 173 17 27 8
505 171 98 30 Andra
624 171 188 30 kammarens
834 170 126 39 fjärde
978 166 159 48 tillfälliga
1163 174 123 28 utskotts
1305 174 152 29 utlåtande
1478 177 42 27 Nr
1540 176 22 27 7.

290 255 100 31 slutet
412 265 77 22 vore
511 255 68 32 icke
600 256 103 31 heller
723 259 50 28 att
793 256 39 31 de
852 266 47 22 nu
920 257 153 39 gällande
1094 257 286 32 bestämmelserna
1401 258 170 39 angående
1590 258 119 40 bidrag
1729 259 53 31 till

290 299 75 31 hårt
383 299 236 39 skattetyngda
636 300 192 32 kommuner
845 311 41 20 av
902 301 421 39 skatteutjämningsmedel
1339 302 111 32 kunde
1466 302 117 40 vidgas
1600 303 44 38 på
1662 303 120 32 sådant

290 344 75 40 sätt,
389 348 51 27 att
461 344 122 39 Kungl.
606 345 105 38 Maj:t
734 345 121 31 erhölle
877 345 86 32 ökad
985 345 172 40 möjlighet
1180 350 49 27 att
1250 346 107 32 under
1379 356 40 21 en
1442 347 67 31 viss
1531 347 117 39 period
1670 348 111 39 stödja

290 388 202 39 kommuner,
513 399 68 21 som
600 388 97 32 blivit
715 393 127 28 utsatta
861 390 54 31 för
935 390 149 38 skadliga
1103 390 201 39 verkningar
1325 402 40 20 av
1388 391 393 40 rationaliseringsåtgär-

291 432 58 31 der
371 433 90 31 inom
481 433 227 39 näringslivet.

331 523 73 30 Den
422 523 12 30 i
455 523 227 39 föreliggande
703 524 122 32 motion
845 524 54 31 till
917 525 201 39 behandling
1136 529 173 36 upptagna
1328 525 121 40 frågan
1470 536 51 21 om
1540 526 65 32 den
1624 526 89 32 inom
1734 527 47 30 in-

290 576 150 31 dustrien
468 576 169 39 pågående
662 578 473 38 rationaliseringsprocessens
1161 588 235 29 ogynnsamma
1422 579 245 40 biverkningar,
1692 581 89 31 näm-

290 629 87 39 ligen
400 640 40 21 en
462 631 44 37 på
527 630 70 32 sina
621 631 69 30 håll
711 632 107 31 starkt
840 632 85 31 ökad
948 632 213 32 arbetslöshet
1183 632 59 31 och
1267 633 10 30 i
1302 633 120 39 många
1446 633 63 31 fall
1529 637 49 28 ett
1600 633 180 39 undergrä-

289 682 105 32 vande
413 693 41 21 av
473 683 246 33 vederbörande
738 685 209 31 kommuners
967 685 155 40 ekonomi,
1144 687 38 30 är
1202 686 138 38 givetvis
1360 697 40 20 av
1420 686 274 40 utomordentligt
1712 691 68 28 stor

288 737 205 38 samhällelig
511 737 165 39 betydelse
696 738 58 31 och
775 738 146 39 förtjänt
939 743 50 28 att
1007 739 304 39 uppmärksammas
1330 750 39 21 av
1388 740 56 32 det
1463 741 176 32 allmänna.
1674 741 107 31 Emel-

289 790 100 31 lertid
410 790 96 32 torde
528 791 54 31 det
605 792 104 38 enligt
730 792 176 32 utskottets
929 793 134 39 mening
1087 793 69 32 icke
1180 803 78 21 vara
1280 793 132 40 möjligt
1435 798 59 35 att,
1517 794 43 39 på
1580 795 66 31 sätt
1669 794 112 32 motio-

288 845 144 30 närerna
454 844 96 31 tänkt
571 844 58 39 sig,
653 845 53 31 till
728 845 201 40 behandling
952 850 147 35 upptaga
1125 847 120 38 frågan
1270 857 50 21 om
1344 847 192 32 restriktiva
1558 848 223 39 ingripanden

289 896 78 31 från
391 896 56 33 det
471 897 183 32 allmännas
678 899 73 31 sida
775 900 44 37 på
843 899 258 39 ifrågavarande
1127 900 141 41 område,
1294 904 83 28 utan
1402 904 50 29 att
1477 901 108 31 denna
1610 901 99 39 fråga
1733 902 47 30 in-

293 950 89 39 fogas
399 951 105 31 såsom
523 955 47 27 ett
589 952 54 30 led
662 952 12 30 i
693 962 40 21 en
751 952 248 40 undersökning
1017 964 41 21 av
1075 954 163 39 betydligt
1256 954 114 31 vidare
1389 955 204 39 omfattning
1611 956 170 38 angående

289 1004 189 31 samhällets
493 1005 158 38 ställning
669 1006 191 31 överhuvud
877 1010 92 35 taget
985 1007 53 31 till
1054 1008 217 38 näringslivet
1288 1008 11 30 i
1316 1008 89 39 syfte
1422 1012 49 28 att
1488 1010 78 37 göra
1584 1009 91 31 detta
1693 1019 87 21 avse-

288 1058 74 30 värt
383 1067 90 22 mera
493 1059 42 30 än
555 1058 54 31 för
628 1059 209 31 närvarande
857 1060 162 32 beroende
1042 1071 39 20 av
1104 1061 54 31 det
1181 1061 181 31 allmännas
1382 1062 278 31 bestämmanden.
1701 1063 79 31 Man

286 1110 54 30 får
356 1111 167 38 nämligen
541 1111 68 31 icke
628 1112 132 39 förbise,
780 1116 49 27 att
848 1113 310 39 rationaliseringen
1176 1116 98 37 utgör
1291 1114 116 32 endast
1426 1125 39 20 en
1483 1116 102 37 detalj
1605 1116 10 30 i
1634 1115 142 39 produk-

286 1164 274 38 tionsprocessens
586 1165 147 38 alltjämt
758 1166 196 38 fortgående
980 1168 189 39 utveckling
1196 1169 59 30 och
1279 1173 50 27 att
1355 1179 76 21 man
1460 1179 114 28 genom
1601 1174 47 27 ett
1674 1169 101 39 ingri-

289 1220 107 37 pande
417 1220 44 38 på
482 1220 92 31 detta
594 1221 132 31 område
747 1232 40 20 av
809 1221 63 31 den
895 1226 62 34 art,
980 1222 245 31 motionärerna
1246 1223 187 38 ifrågasatt,
1454 1224 105 31 skulle
1580 1224 113 31 införa
1712 1224 69 31 helt

284 1281 64 28 nya
365 1272 170 39 principer
550 1272 10 31 i
577 1273 98 38 fråga
690 1284 51 20 om
757 1274 222 38 näringarnas
995 1275 112 38 frihet,
1125 1275 105 31 vilkas
1246 1276 238 32 konsekvenser
1501 1277 30 37 ej
1551 1277 93 31 torde
1661 1277 114 32 kunna

288 1328 202 31 överblickas
509 1331 81 28 utan
612 1338 40 20 en
674 1329 132 38 allsidig
826 1329 181 38 utredning
1030 1340 39 20 av
1091 1329 63 31 den
1175 1340 78 28 nyss
1273 1330 149 39 antydda
1443 1331 120 39 frågan
1585 1331 10 30 i
1615 1332 73 30 hela
1708 1331 72 32 dess

287 1380 90 31 vidd.
426 1381 53 30 En
504 1382 101 31 sådan
628 1382 182 39 utredning
833 1383 59 38 går
916 1383 182 31 emellertid
1120 1383 77 32 vida
1219 1385 116 31 utöver
1357 1384 182 32 motionens
1560 1394 81 29 ram,
1664 1385 116 31 varför

288 1434 170 39 utskottet,
479 1445 66 21 som
563 1436 39 38 ju
622 1436 38 30 är
678 1436 126 31 bundet
824 1436 88 31 inom
932 1436 109 31 denna
1061 1447 80 28 ram,
1161 1437 115 32 saknat
1296 1438 174 39 möjlighet
1490 1442 49 28 att
1557 1439 78 38 ingå
1654 1438 11 31 i
1685 1440 94 37 pröv-

288 1488 82 39 ning
393 1498 41 21 av
456 1488 120 39 frågan
600 1499 52 21 om
674 1499 41 21 en
738 1489 90 39 dylik
852 1490 132 39 allsidig
1007 1490 190 39 utredning.

329 1541 75 31 Med
427 1542 199 39 hänvisning
647 1542 54 32 till
722 1543 64 31 vad
808 1543 142 32 sålunda
970 1544 129 31 anförts
1121 1545 54 30 får
1196 1545 159 32 utskottet
1376 1546 118 31 därför
1514 1546 181 38 hemställa,

649 1618 50 27 att
718 1614 219 32 förevarande
958 1615 122 32 motion
1101 1615 69 32 ieke
1191 1617 100 31 måtte
1310 1617 53 31 till
1383 1617 108 38 någon
1513 1616 105 33 andra
1638 1618 141 31 kamma-

608 1677 76 21 rens
706 1668 118 38 åtgärd
847 1669 183 31 föranleda.

331 1737 188 32 Stockholm
542 1738 62 32 den
628 1740 18 29 5
669 1740 67 38 maj
762 1740 90 31 1933.

825 1848 48 31 På
897 1848 177 32 utskottets
1096 1850 143 38 vägnar:

840 1955 118 31 ELOF
981 1956 241 32 LINDBERG.

400 2177 203 27 Närvarande:
626 2178 100 27 herrar
756 2178 145 34 Lindberg
932 2179 7 26 i
972 2179 99 34 Umeå,
1105 2180 187 33 Westerdahl,
1322 2182 163 34 Landgren,
1513 2183 155 32 Mattsson,
1697 2183 81 32 Falk,

621 2221 143 33 Ossbahr,
795 2222 216 36 Frankenberg,
1042 2223 142 34 Näslund,
1214 2225 124 35 Jonsson
1371 2227 5 26 i
1411 2226 114 28 Haverö
1556 2228 52 26 och
1640 2227 136 27 Hansson

621 2267 7 26 i
651 2266 92 28 Hönö.
