1908 2836
285 183 40 30 16
629 180 285 30 Statsutskottets
940 180 178 31 utlåtande
1143 190 43 20 nr
1211 181 40 30 10
1275 181 40 30 år
1340 181 83 31 1970

549 263 156 41 kunniga
731 263 54 30 för
810 263 181 41 planering
1017 274 42 20 av
1083 263 358 41 turistanläggningar
1467 264 65 30 och
1557 263 209 30 friluftsom-

550 318 107 30 råden
672 327 44 20 m.
729 328 56 24 m.,

594 373 28 29 8.
649 375 50 29 att
721 373 186 39 riksdagen
929 373 114 30 avslår
1066 373 219 30 motionerna
1308 373 28 29 I:
1354 372 61 30 740
1439 373 65 29 och
1527 372 43 30 II:
1588 372 61 30 881
1676 374 91 29 samt

551 427 28 30 1:
594 426 61 31 760
675 427 65 30 och
759 427 44 30 II:
820 426 64 30 884
902 427 11 29 i
930 427 66 29 vad
1014 436 99 21 avser
1132 427 100 30 deras
1251 427 270 30 överlämnande
1540 426 52 30 till
1613 426 153 30 sakkun-

549 481 81 40 niga
651 481 54 30 för
726 481 184 40 planering
930 490 41 21 av
993 481 357 40 turistanläggningar
1373 481 65 29 och
1461 480 305 31 friluftsområden

549 545 45 20 m.
609 545 45 20 m.

329 644 49 30 18.
408 645 353 41 Turistpropaganda
790 647 12 29 i
830 644 185 32 Amerikas
1044 645 142 31 förenta
1217 651 116 25 stater.
1366 643 176 30 Utskottet
1573 642 193 40 tillstyrker

282 698 125 40 Kungl.
423 698 123 40 Maj:ts
561 698 131 40 förslag
712 698 130 40 (punkt
857 698 25 29 F
897 698 29 34 2,
943 707 25 21 s.
985 698 57 34 55)
1062 698 65 29 och
1141 697 202 30 hemställer

592 771 50 29 att
675 770 187 40 riksdagen
896 770 53 30 till
986 769 342 40 Turistpropaganda
1365 770 11 29 i
1409 769 183 30 Amerikas
1627 768 138 41 förenta

547 826 108 29 stater
680 825 55 30 för
759 825 205 39 budgetåret
993 824 145 36 1970/71
1168 824 139 30 anvisar
1335 826 47 29 ett
1410 824 121 40 anslag
1558 833 42 21 av
1628 823 61 30 154
1704 823 62 31 000

547 880 51 27 kr.

329 987 49 30 19.
393 988 200 31 Kostnader
608 988 59 30 för
680 989 91 29 vissa
784 987 175 31 nämnder
974 998 46 20 m.
1036 998 47 19 m.
1099 986 176 30 Utskottet
1291 985 192 39 tillstyrker
1500 985 125 40 Kungl.
1642 984 124 40 Maj:ts

281 1040 131 40 förslag
432 1041 130 40 (punkt
570 1035 17 50 F
616 1039 30 35 4,
662 1050 25 20 s.
704 1040 57 34 56)
781 1040 65 30 och
860 1040 201 29 hemställer

591 1115 50 27 att
665 1112 188 39 riksdagen
876 1112 53 29 till
953 1111 197 30 Kostnader
1174 1111 56 40 för
1256 1111 91 30 vissa
1372 1110 171 30 nämnder
1568 1120 45 21 m.
1639 1119 45 21 m.
1712 1111 54 30 för

546 1166 204 40 budgetåret
767 1165 146 36 1970/71
931 1166 140 30 anvisar
1085 1167 48 28 ett
1149 1165 273 39 förslagsanslag
1438 1175 41 20 av
1495 1164 39 31 30
1548 1164 62 30 000
1627 1164 51 29 kr.

733 1365 589 36 KAPITALBUDGETEN

751 1473 158 36 Fonden
927 1473 59 35 för
1004 1472 297 36 låneunderstöd

326 1570 51 30 20.
392 1571 72 31 Lån
477 1571 54 31 till
544 1571 203 40 utbyggnad
761 1582 42 20 av
813 1571 269 40 oljelagringen.
1099 1569 176 30 Utskottet
1290 1569 192 39 tillstyrker
1499 1568 126 40 Kungl.
1641 1568 125 37 Maj:ts

281 1624 130 40 förslag
432 1624 130 39 (punkt
576 1624 43 29 V:
636 1624 27 34 1,
680 1634 25 20 s.
722 1624 146 35 57—59)
887 1624 65 29 och
966 1623 202 29 hemställer

591 1707 50 28 att
667 1705 187 40 riksdagen
880 1705 52 30 till
958 1705 73 30 Lån
1060 1704 52 31 till
1139 1704 200 40 utbyggnad
1364 1713 42 21 av
1433 1703 250 40 oljelagringen
1711 1703 54 30 för

545 1759 204 40 budgetåret
766 1758 145 36 1970/71
929 1759 139 29 anvisar
1083 1760 48 28 ett
1146 1757 354 40 investeringsanslag
1514 1767 43 20 av
1574 1757 36 30 11
1627 1757 62 30 500
1703 1757 62 30 000

545 1814 52 28 kr.

325 1921 51 30 21.
405 1922 73 31 Lån
505 1922 54 31 till
586 1922 224 40 ombyggnad
839 1933 41 20 av
910 1922 244 40 Sverigehuset
1183 1926 11 29 i
1224 1923 109 31 Paris.
1366 1922 175 30 Utskottet
1573 1922 192 40 tillstyrker

281 1974 125 40 Kungl.
421 1974 124 39 Maj:ts
561 1974 131 40 förslag
711 1975 130 39 (punkt
856 1975 43 28 V:
915 1975 29 33 2,
961 1984 25 20 s.
1003 1975 57 33 59)
1081 1976 65 28 och
1160 1976 201 28 hemställer

589 2048 51 28 att
659 2046 188 39 riksdagen
867 2046 227 40 bemyndigar
1114 2047 125 39 Kungl.
1261 2047 106 39 Maj:t
1388 2049 49 28 att
1457 2047 137 30 besluta
1614 2056 56 20 om
1691 2048 74 29 vill-

545 2100 109 29 koren
678 2099 54 30 för
756 2099 280 41 räntebetalning
1060 2101 65 29 och
1151 2100 213 40 amortering
1388 2109 43 21 av
1455 2101 57 30 det
1537 2101 38 30 år
1602 2101 83 30 1964
1709 2102 56 29 be-

544 2153 129 40 viljade
689 2154 93 29 lånet
797 2153 52 30 till
865 2153 218 40 ombyggnad
1099 2164 42 20 av
1155 2153 242 40 Sverigehuset
1411 2155 10 29 i
1438 2154 109 30 Paris.

707 2299 157 36 Fonden
883 2299 59 36 för
961 2299 378 49 beredskapslagring

569 2395 281 42 Överstyrelsens
863 2397 59 31 för
934 2397 228 31 ekonomiskt
1175 2398 140 30 försvar
1328 2398 148 30 delfond

324 2477 51 29 22.
399 2478 151 39 Lagring
571 2478 59 30 för
652 2477 394 41 beredskapsändamål.
1071 2477 176 30 Utskottet
1272 2477 192 39 tillstyrker
1490 2477 124 39 Kungl.
1641 2477 123 40 Maj:ts

280 2529 131 40 förslag
430 2530 130 39 (punkt
575 2530 92 29 VIII:
687 2530 28 34 1,
730 2539 25 21 s.
772 2529 57 34 60)
849 2530 65 30 och
928 2529 202 31 hemställer
