1936 2818
133 579 129 27 Utskottet.

302 151 40 30 30
748 161 273 33 Statsutskottets
1047 164 174 32 utlåtande
1246 166 49 31 Nr
1316 167 69 30 196.

306 241 157 35 gällande
487 242 146 37 ordning
656 253 43 21 av
723 244 88 32 både
832 246 217 37 principiella
1071 249 65 29 och
1159 250 181 34 praktiska
1364 251 75 30 skäl
1461 252 107 31 borde
1592 253 143 32 komma
1759 255 50 29 till

306 283 108 31 stånd.
461 284 91 31 Utan
575 288 48 28 att
643 286 194 38 framlägga
857 289 182 32 definitiva
1060 290 130 37 förslag
1216 292 82 36 vilja
1321 294 213 32 revisorerna
1556 296 105 30 likväl
1682 297 125 37 ifråga-

305 327 97 35 sätta,
422 327 174 32 huruvida
616 328 76 31 icke
712 329 67 31 den
797 330 199 37 lyckligaste
1016 332 107 37 vägen
1143 343 91 27 vore,
1257 344 57 21 om
1332 335 56 31 för
1407 337 199 32 ändamålet
1625 339 185 32 anvisades

305 369 215 37 statsanslag.
555 369 85 32 Hela
662 371 94 31 detta
779 373 168 35 spörsmål
970 375 98 30 torde
1091 376 190 31 emellertid
1301 378 84 30 böra
1406 382 171 34 upptagas
1601 381 10 30 i
1636 382 171 31 samband

303 411 78 29 med
409 420 43 21 en
481 411 161 32 blivande
669 414 247 38 lönereglering
945 415 59 31 för
1032 417 488 38 universitetsprofessorerna.
1574 423 13 30 I
1618 424 96 36 varje
1744 424 63 31 fail

303 453 95 29 torde
419 454 67 29 vad
507 454 65 30 här
591 454 135 32 anförts
748 456 119 37 utvisa,
890 460 49 28 att
961 457 124 38 frågan
1107 460 40 30 är
1166 460 11 30 i
1199 461 113 31 behov
1333 472 42 21 av
1395 472 43 22 en
1460 464 136 38 allsidig
1616 467 189 30 undersök-

303 502 90 28 ning.

347 585 52 32 Då
421 588 167 30 utskottet
610 588 212 39 förutsätter,
846 594 48 27 att
919 592 67 30 den
1011 602 44 21 av
1078 594 214 32 revisorerna
1318 597 110 30 under
1451 597 229 33 förevarande
1706 610 101 26 para-

303 637 76 35 graf
399 637 219 33 behandlade
641 640 124 36 frågan
789 645 166 33 upptages
978 643 51 30 till
1050 644 218 32 bedömande
1292 646 55 32 vid
1370 657 42 21 en
1436 648 162 32 blivande
1621 646 185 45 löneregle-

302 687 74 37 ring
400 688 56 32 för
480 689 489 41 universitetsprofessorerna,
995 695 97 30 torde
1114 695 116 37 någon
1255 696 119 37 åtgärd
1398 698 79 31 från
1503 700 200 37 riksdagens
1731 702 74 31 sida

301 737 55 31 för
378 739 218 32 närvarande
617 741 76 31 icke
717 742 166 37 påkallas.

345 788 172 33 Utskottet
535 791 65 30 har
619 793 190 30 emellertid
827 794 74 31 icke
920 796 91 30 velat
1031 797 182 31 underlåta
1234 801 48 28 att
1303 800 65 30 vad
1389 800 10 30 i
1419 800 142 32 ärendet
1580 802 224 32 förekommit

300 839 55 30 för
384 840 186 37 riksdagen

916 930 219 32 omförmäla.

343 1056 89 41 22:0)
476 1058 329 39 Länsstyrelsernas
832 1063 211 37 disposition
1071 1075 43 21 av
1142 1068 168 36 anslagen
1350 1069 52 30 till
1443 1069 359 34 folkskoleväsendet.

299 1107 114 32 Under
432 1111 500 40 ecklesiastikdepartementet,
954 1116 19 36 8
995 1116 51 36 50,
1067 1117 90 31 hava
1178 1118 213 32 revisorerna
1411 1121 174 31 meddelat
1603 1122 90 32 vissa
1712 1123 88 31 iakt-

297 1159 143 36 tagelser
466 1161 176 36 angående
671 1163 302 37 länsstyrelsernas
1001 1166 204 37 disposition
1234 1178 42 21 av
1303 1171 162 36 anslagen
1491 1172 50 30 till
1568 1172 231 32 folkskolevä-

297 1210 115 31 sendet
437 1207 78 40 (Del
537 1212 24 36 I,
582 1213 60 30 sid.
667 1212 198 40 168—171).

338 1259 48 31 Av
411 1261 240 37 redogörelsen
676 1263 164 38 framgår,
867 1269 49 27 att
940 1267 91 31 vissa
1056 1268 239 37 länsstyrelser
1318 1271 75 30 icke
1419 1272 81 37 följt
1525 1274 159 36 gällande
1709 1275 90 31 före-

295 1311 139 31 skrifter
455 1313 148 31 rörande
624 1314 216 38 utbetalning
861 1325 42 21 av
925 1317 150 32 förskott
1095 1318 21 31 å
1135 1320 212 35 provisorisk
1368 1322 430 41 avlöningsförstärkning,

295 1364 48 27 att
367 1361 151 32 förskott
545 1363 20 31 å
591 1365 252 38 dyrtidstillägg
869 1368 80 29 med
976 1368 146 37 tillhopa
1149 1371 163 36 omkring
1338 1372 174 37 5,000,000
1540 1375 130 32 kronor
1698 1379 99 28 utan-

295 1412 141 31 ordnats
453 1413 58 30 för
531 1414 48 30 tid
598 1415 87 31 efter
702 1416 57 31 det
777 1416 122 32 sådant
919 1418 120 38 tillägg
1056 1419 45 37 på
1119 1421 113 36 grund
1251 1431 42 21 av
1310 1423 248 39 lönereglering
1575 1427 153 35 upphört
1748 1431 50 27 att

293 1462 88 37 utgå,
409 1466 49 28 att
485 1464 303 39 byggnadsbidrag
813 1472 88 27 samt
928 1470 216 31 underhålls-
1172 1473 67 29 och
1264 1474 278 38 materielbidrag
1568 1479 229 30 utanordnats

293 1516 71 27 mot
387 1514 258 33 vederbörande
669 1517 351 38 folkskolinspektörs
1046 1523 234 35 avstyrkande
1301 1527 84 28 utan
1407 1529 51 27 att
1480 1544 46 3 —
1547 1527 100 32 såvitt
1671 1530 125 30 anord-

293 1563 355 39 ningshandlingarna
676 1568 129 31 utvisat
832 1587 43 4 —
904 1571 163 37 ställning
1096 1573 102 35 tagits
1228 1574 52 30 till
1306 1574 394 40 folkskolinspektörens
1730 1583 65 33 ytt-

291 1615 105 31 rande
416 1616 66 30 och
502 1619 48 28 att
568 1634 44 4 —
629 1618 11 30 i
659 1620 48 29 ett
726 1618 63 32 fall
807 1637 44 4 —
869 1621 202 31 anordnade
1089 1624 113 30 medel
1222 1624 51 30 till
1294 1626 114 31 rektor
1427 1627 58 31 vid
1505 1631 45 28 ett
1570 1628 225 33 folkskolese-

292 1665 186 31 minarium
498 1668 130 30 avförts
648 1668 20 31 å
689 1669 120 37 anslag
829 1670 47 30 till
896 1672 162 31 tekniska
1076 1674 170 34 läroverk.

335 1715 226 34 Revisorerna
586 1719 90 30 hava
703 1720 11 30 i
743 1721 140 31 ärendet
910 1723 118 30 anfört
1057 1724 166 36 följande.

335 1783 116 32 Under
469 1785 19 37 $
509 1786 41 30 44
568 1786 10 30 i
596 1786 52 31 sin
667 1787 182 32 berättelse
867 1790 148 31 anförde
1038 1792 82 31 1938
1140 1792 55 31 års
1214 1794 175 37 revisorer,
1409 1795 107 32 bland
1537 1801 115 33 annat,
1674 1802 49 27 att
1743 1809 50 21 re-

290 1825 174 32 visorerna
489 1828 136 31 erhållit
649 1832 48 28 ett
723 1831 148 31 bestämt
894 1832 138 37 intryck
1058 1844 43 20 av
1126 1838 49 27 att
1200 1836 237 33 utbetalandet
1462 1840 65 30 och
1553 1841 240 32 redovisandet

289 1877 43 21 av
351 1869 120 37 anslag
490 1870 51 30 till
563 1871 335 34 folkskoleväsendet
920 1876 129 30 skedde
1070 1877 87 31 efter
1176 1879 139 36 mycket
1334 1881 194 37 oenhetliga
1549 1884 158 35 grunder.
1743 1884 50 31 De

289 1919 47 21 nu
356 1910 122 37 gjorda
500 1912 268 38 iakttagelserna
789 1925 101 27 synas
910 1918 172 37 bekräfta,
1106 1923 49 27 att
1175 1921 286 37 länsstyrelserna
1484 1924 76 31 icke
1581 1926 97 30 alltid
1702 1927 90 36 ägna

288 1953 215 35 spörsmålen
530 1957 147 30 rörande
704 1958 162 37 anslagen
893 1960 51 30 till
971 1960 338 35 folkskoleväsendet
1336 1965 163 38 tillbörlig
1525 1969 266 35 uppmärksam-

287 1995 66 30 het.
385 1996 122 31 Såsom
529 2007 42 21 av
592 1999 65 30 den
677 2000 163 32 lämnade
861 2003 239 36 redogörelsen
1120 2005 157 37 framgår
1297 2007 64 30 har
1380 2008 51 30 till
1453 2009 89 36 följd
1563 2011 108 31 härav
1692 2015 98 28 stats-

288 2038 115 30 verket
420 2038 67 32 fått
504 2040 195 32 vidkännas
715 2043 100 36 högst
830 2044 195 36 betydande
1041 2047 265 38 utbetalningar.
1347 2050 263 38 Svårigheterna
1627 2054 56 31 för
1699 2055 90 30 läns-

287 2081 206 35 styrelserna
519 2086 50 27 att
592 2083 175 32 bemästra
792 2087 256 37 granskningen
1072 2090 65 30 och
1163 2091 264 38 redovisningen
1453 2104 44 21 av
1522 2096 187 36 utgifterna
1735 2097 57 31 för

287 2121 336 35 folkskoleväsendet
652 2128 100 29 torde
784 2129 140 31 komma
957 2133 51 28 att
1040 2132 84 30 ökas
1156 2134 113 30 under
1298 2137 176 30 nuvarade
1506 2138 132 37 kristid,
1673 2140 116 31 vilken

286 2165 149 31 medfört
456 2176 44 21 en
523 2169 166 30 avsevärd
712 2170 66 30 och
800 2171 175 31 måhända
996 2175 111 29 under
1129 2174 80 38 lång
1231 2176 50 30 tid
1304 2177 184 33 bestående
1511 2181 130 37 ökning
1665 2182 10 30 i
1698 2183 91 31 läns-

286 2208 224 35 styrelsernas
534 2210 226 32 arbetsbörda
782 2212 94 31 inom
899 2214 94 32 olika
1017 2216 176 32 områden.

329 2249 52 32 Då
401 2251 57 30 det
477 2261 124 27 genom
621 2263 42 20 en
686 2254 173 32 rationellt
879 2257 135 31 ordnad
1036 2259 65 30 och
1120 2260 166 37 enhetligt
1307 2263 205 35 genomförd
1530 2266 259 39 handläggning

285 2301 42 20 av
344 2293 387 38 utbetalningsärenden
751 2298 145 31 rörande
915 2300 42 30 de
976 2301 138 35 mycket
1133 2302 196 37 betydande
1348 2307 164 36 anslagen
1532 2308 49 31 till
1600 2309 187 32 folkskole-

283 2334 161 32 väsendet
465 2336 71 30 kan
556 2338 183 36 undvikas,
762 2342 48 28 att
831 2342 202 31 statsverket
1055 2342 163 34 åsamkas
1238 2347 147 37 onödiga
1407 2349 151 38 utgifter,
1582 2360 110 28 synes,
1716 2354 70 29 sär-

284 2375 80 31 skilt
385 2378 80 30 med
491 2379 135 37 hänsyn
650 2380 53 30 till
730 2382 42 29 de
795 2382 160 32 inträdda
978 2385 350 40 krisförhållandena,
1355 2390 55 31 det
1433 2401 44 21 av
1501 2393 42 30 de
1567 2394 220 36 sakkunniga

283 2417 56 31 för
364 2419 345 38 skolöverstyrelsens
739 2425 233 35 organisation
1001 2427 196 38 framlagda
1223 2430 163 38 förslaget
1413 2436 50 28 att
1491 2434 125 33 inrätta
1645 2447 42 20 en
1716 2437 70 30 sär-

283 2460 89 31 skild
400 2462 245 38 kameralbyrå
674 2465 59 31 vid
763 2467 334 39 skolöverstyrelsen,
1130 2471 50 31 dit
1210 2473 386 39 utbetalningsärenden
1627 2480 158 36 rörande,
