2194 2620
670 146 113 31 Första
809 148 210 40 lagutskottets
1045 151 159 30 utlåtande
1229 152 52 30 Nr
1304 155 52 29 12.
1757 161 19 27 3

206 231 90 42 ning
337 232 204 43 ingalunda
584 235 6 32 i
636 236 96 42 regel
766 237 100 33 leder
906 238 53 33 till
991 242 64 38 att,
1099 241 119 33 såsom
1264 243 231 35 motionären
1524 245 199 43 förmenar,
1753 258 62 23 en-

204 280 85 34 dast
333 285 151 39 »ytterst
529 285 232 41 graverande
802 288 123 33 saker»
956 289 96 33 bliva
1081 290 161 44 åtalade,
1272 292 166 44 framgår
1464 294 59 34 för
1550 296 266 35 ombudsmän-

203 342 92 22 nens
324 332 289 36 vidkommande
642 347 47 22 av
709 336 107 34 deras
837 338 54 33 till
912 338 105 43 varje
1037 341 59 32 års
1124 340 153 44 riksdag
1305 343 161 43 avgivna
1495 345 320 37 ämbetsberättel-

203 392 68 31 ser,
301 394 116 23 varav
446 384 200 43 inhämtas,
676 389 55 30 att
759 389 94 31 även
882 389 150 33 relativt
1053 390 214 44 obetydliga
1295 392 47 33 fel
1372 393 84 34 från
1485 396 331 36 ämbetsmännens

203 431 81 34 sida
312 432 127 34 kunna
468 434 205 43 föranleda,
694 439 56 31 att
765 436 45 34 de
831 438 129 33 ställas
989 440 119 33 under
1135 441 75 33 åtal
1240 442 68 33 och
1336 443 110 33 fällas
1479 445 56 33 till
1564 457 148 23 ansvar.

335 482 198 42 Härjämte
574 484 79 34 står
693 485 71 34 den
807 487 166 34 enskilde
1015 489 106 34 alltid
1163 490 55 33 till
1253 492 95 33 buds
1381 493 71 33 den
1482 497 164 41 utvägen
1676 500 55 30 att
1758 498 56 33 till

202 531 280 35 vederbörande
523 535 253 34 ämbetsmans
818 538 254 34 överordnade
1100 540 129 42 ingiva
1261 552 44 23 en
1339 544 176 33 anmälan
1545 556 59 22 om
1632 546 73 33 vad
1734 558 80 23 som

202 580 176 44 förelupit
419 583 67 33 och
528 584 151 43 påkalla
721 585 45 34 de
795 586 184 44 åtgärder,
1009 600 77 22 som
1117 590 10 32 i
1156 591 205 44 anledning
1389 592 116 35 därav
1533 595 128 34 kunna
1688 596 126 35 föran-

200 631 115 34 ledas.
370 633 86 33 Icke
502 634 115 34 heller
656 646 133 32 genom
832 648 45 22 en
919 638 116 34 sådan
1069 641 189 42 anmälan,
1292 641 124 36 därest
1449 643 219 36 densamma
1696 646 118 35 hålles

201 681 136 44 sakligt
365 684 68 33 och
462 684 207 35 innehåller
696 686 262 45 vederhäftiga
988 689 201 44 uppgifter,
1214 692 162 34 riskerar
1399 695 217 34 anmälaren
1637 699 56 31 att
1712 697 102 35 bliva

200 732 93 33 fälld
322 733 57 34 för
406 735 278 44 ärekränkning
712 748 47 22 av
787 739 308 35 ämbetsmannen
1124 741 11 33 i
1164 742 69 33 och
1262 742 57 34 för
1347 743 94 35 hans
1470 746 155 34 ämbete.

333 783 192 36 Utskottet
565 785 120 35 finner
725 787 64 35 det
828 789 79 33 icke
947 801 47 22 av
1035 791 261 35 erfarenheten
1338 794 179 43 bestyrkt,
1559 799 56 31 att
1655 797 63 34 det
1744 810 69 22 nu-

198 834 167 33 varande
393 835 161 42 skyddet
581 835 58 34 för
666 838 309 35 ämbetsmännen
1005 841 11 32 i
1045 841 108 34 deras
1181 843 334 45 ämbetsutövning
1541 846 135 34 verkar
1703 848 110 33 hind-

199 882 116 35 rande
354 895 89 23 vare
485 886 57 42 sig
580 885 58 34 för
665 887 265 43 tillämpandet
958 900 46 23 av
1028 890 50 42 de
1106 891 406 46 straffbestämmelser,
1541 907 79 22 som
1648 896 59 35 för
1734 901 78 31 äm-

198 932 265 37 betsmännens
504 936 290 35 vidkommande
827 938 182 45 stadgats,
1039 941 90 34 eller
1155 941 59 34 för
1241 954 44 23 en
1314 944 122 44 saklig
1463 946 89 33 eller
1579 946 92 43 lojal
1699 947 113 35 kritik

198 994 47 22 av
285 984 309 36 ämbetsmännen
636 987 11 33 i
688 988 69 33 och
789 988 59 34 för
888 989 107 35 deras
1036 992 185 42 ämbeten,
1263 994 68 33 och
1359 994 59 34 får
1446 995 126 35 därför
1599 997 211 43 hemställa,

733 1092 57 32 att
816 1089 288 44 ifrågavarande
1132 1094 142 34 motion
1302 1095 79 34 icke
1410 1096 60 34 må
1498 1097 56 34 till
1573 1097 123 45 någon
1717 1099 94 35 riks-

599 1138 141 44 dagens
768 1139 132 44 åtgärd
928 1141 207 36 föranleda.

331 1236 215 36 Stockholm
575 1239 72 34 den
679 1240 44 33 10
752 1252 98 23 mars
882 1224 125 52 1919.

660 1365 54 33 På
741 1365 119 35 första
887 1368 266 43 lagutskottets
1180 1373 158 42 vägnår:

726 1450 165 35 JAKOB
931 1452 337 38 PETTERSSON.
