1858 2792
263 163 18 30 2
651 165 388 31 Jordbruksutskottets
1061 166 179 31 utlåtande
1261 177 42 19 nr
1326 169 50 28 12.

264 246 40 30 K.
325 247 37 29 E.
384 247 224 35 Holmström,
629 249 202 39 professorn
851 250 58 29 vid
929 250 381 40 lantbrukshögskolan
1330 253 65 29 och
1418 255 129 28 statens
1569 254 200 31 lantbruks-

265 297 121 29 försök
406 297 38 30 N.
465 297 125 31 Olsson
611 301 90 28 samt
721 306 213 32 agronomen
954 300 39 30 K.
1014 300 37 30 A.
1073 299 146 32 Örborn.

308 346 79 31 Med
410 347 163 31 skrivelse
595 349 66 29 den
686 349 38 29 19
745 349 188 30 november
956 349 82 30 1948
1060 351 45 29 ha
1127 352 41 28 de
1191 352 232 39 sakkunniga,
1444 353 93 30 vilka
1559 355 133 38 antagit
1712 355 56 29 be-

264 398 213 38 nämningen
502 398 480 40 försöksgårdsutredningen
1007 400 54 30 för
1086 401 194 39 Bogesund,
1305 403 215 30 överlämnat
1546 404 222 31 betänkande

264 448 10 28 i
293 448 128 30 ämnet.

307 498 88 30 Över
415 499 235 31 belänkandet
669 500 44 30 ha
734 501 333 30 remissutlåtanden
1087 501 146 40 avgivits
1254 512 42 20 av
1316 505 48 28 ett
1386 504 114 29 flertal
1520 504 243 40 myndigheter

264 548 64 29 och
346 548 369 40 sammanslutningar.

307 600 13 29 I
345 600 184 30 skrivelser
552 601 67 29 den
643 601 18 29 5
685 601 187 29 november
898 601 83 30 1948
1003 602 45 29 ha
1072 603 303 39 domänstyrelsen
1400 606 89 27 samt
1514 605 168 39 styrelsen
1707 605 56 31 för

264 648 297 40 skogshögskolan
582 650 65 30 och
669 652 131 28 statens
821 651 451 39 skogsforskningsinstitut
1292 653 189 39 föreslagit,
1503 656 49 28 att
1572 656 117 29 västra
1710 656 56 29 de-

262 699 55 29 len
343 707 42 21 av
410 699 201 38 Bogesunds
637 701 167 37 egendom
830 701 113 29 skulle
969 701 162 39 upplåtas
1157 702 52 29 till
1234 703 207 30 försöksfält
1466 704 54 29 för
1546 705 221 38 skogsforsk-

263 749 289 39 ningsinstilutet.
582 750 140 30 Samma
749 751 243 38 myndigheter
1020 752 45 29 ha
1092 752 11 29 i
1133 753 184 29 skrivelser
1345 754 68 29 den
1442 754 39 29 20
1507 754 143 39 januari
1681 755 85 30 1949

262 799 87 29 även
367 799 193 39 ifrågasatt,
580 802 51 27 att
662 800 8 30 å
688 801 214 37 egendomen
921 800 110 31 skulle
1050 802 164 39 upplåtas
1233 805 47 28 ett
1299 803 142 30 område
1459 804 52 29 till
1530 805 235 39 övningsskog

262 849 54 29 för
344 849 310 39 skogshögskolan.
682 850 125 31 Vidare
835 851 64 29 har
927 851 276 39 skogsstyrelsen
1230 853 10 29 i
1268 853 166 31 skrivelse
1461 854 66 29 den
1558 855 38 29 12
1622 855 143 39 januari

264 898 83 30 1949
366 899 187 35 hemställt,
572 902 50 28 att
641 900 20 30 å
678 901 213 38 egendomen
909 901 107 31 måtte
1035 902 176 31 anordnas
1229 912 43 20 en
1290 903 307 40 skogsvårdsgård.
1615 904 149 31 Arméns

261 949 472 41 fortifikationsförvaltning
753 951 65 29 har
840 953 11 29 i
875 951 165 31 skrivelse
1062 952 68 30 den
1153 952 39 29 27
1217 953 186 30 november
1429 953 82 30 1948
1534 955 157 34 anhållit,
1714 957 50 28 att

261 1001 47 29 ett
332 999 142 30 område
497 1009 42 20 av
560 1000 213 39 egendomen
797 1001 113 29 skulle
933 1001 162 40 upplåtas
1119 1002 115 30 såsom
1257 1003 240 40 övningsplats
1519 1004 55 31 för
1598 1005 167 39 sjökrigs-

262 1049 134 30 skolan.
415 1049 167 39 Slutligen
599 1051 65 29 har
681 1050 301 39 domänstyrelsen
1000 1052 10 29 i
1028 1052 167 30 skrivelse
1213 1053 65 29 den
1297 1053 39 29 27
1357 1054 185 30 november
1562 1054 83 30 1948
1663 1056 101 29 äskat

260 1099 111 30 medel
394 1099 54 30 för
469 1099 141 31 fortsatt
631 1100 236 40 upprustning
887 1110 42 21 av
949 1102 223 38 egendomen.

725 1219 277 43 Försöksgård
1026 1219 23 34 å
1075 1220 224 43 Bogesund.

304 1303 187 35 Förslaget.
512 1303 234 38 Utredningen
765 1303 65 30 har
853 1304 125 34 funnit,
1000 1306 48 27 att
1069 1305 203 39 Bogesunds
1293 1306 169 39 egendom
1484 1307 38 29 är
1544 1307 144 39 lämplig
1711 1307 53 30 så-

263 1362 74 21 som
366 1354 226 40 försöksgård
620 1355 45 40 på
694 1355 444 40 animalieproduktionens
1167 1357 64 29 och
1261 1358 155 38 speciellt
1445 1357 317 41 mjölkproduktio-

260 1413 87 22 nens
366 1405 151 35 område,
537 1409 90 27 samt
646 1407 50 28 att
715 1406 342 39 förutsättningarna
1076 1407 55 29 för
1150 1407 303 39 byggnadsförsök
1471 1408 57 30 vid
1547 1409 213 38 egendomen

261 1456 60 29 äro
351 1463 240 32 gynnsamma.
623 1456 13 29 I
667 1456 204 40 anslutning
900 1457 117 29 härtill
1047 1457 64 30 har
1141 1458 232 39 utredningen
1403 1458 189 39 föreslagit,
1624 1461 50 27 att
1703 1459 57 29 vid

260 1505 183 39 Bogesund
465 1507 97 29 skola
581 1506 160 30 bedrivas
761 1507 73 29 dels
854 1507 345 39 byggnadstekniska
1218 1508 64 29 och
1302 1508 459 39 byggnadsfunktionsmäs-

260 1557 72 38 siga
358 1556 131 35 försök,
516 1557 73 30 dels
611 1557 422 39 jordbruksekonomiska
1060 1558 65 30 och
1149 1558 357 39 jordbrukstekniska
1530 1559 130 34 försök,
1687 1559 73 29 dels

258 1606 294 39 husdjursförsök
578 1607 65 30 och
668 1607 72 29 dels
763 1608 93 29 vissa
883 1608 109 28 andra
1018 1616 96 21 mera
1140 1608 159 39 speciella
1324 1608 131 30 försök.
1480 1609 52 28 En
1559 1609 109 29 sådan
1692 1609 69 29 för-

260 1656 168 39 söksgård
445 1656 104 30 borde
566 1657 159 34 omfatta,
741 1658 157 29 förutom
914 1658 263 38 huvudgården,
1195 1659 128 38 gården
1341 1658 313 40 Söderby-Sundby
1671 1661 88 28 samt

257 1708 124 38 torpen
401 1707 143 30 Ellboda
564 1708 65 29 och
650 1708 132 38 Myran,
805 1709 193 38 utgörande
1018 1717 42 20 en
1079 1709 87 29 total
1186 1709 91 29 areal
1299 1718 41 21 av
1360 1709 162 39 omkring
1542 1710 63 30 250
1625 1710 134 30 hektar.

258 1758 172 39 varjämte
452 1759 84 29 även
558 1759 130 30 Kullön
707 1759 105 30 borde
832 1760 119 39 läggas
973 1760 52 30 till
1045 1760 283 39 försöksgården.
1349 1761 59 29 Ett
1431 1760 114 31 flertal
1567 1761 192 39 byggnads-

258 1807 142 30 arbeten
425 1808 110 31 skulle
558 1808 92 30 bliva
675 1809 238 38 erforderliga.
937 1810 284 38 Försöksgården
1244 1810 105 31 borde
1373 1811 11 28 i
1409 1810 108 30 likhet
1540 1811 79 29 med
1643 1811 117 38 övriga

257 1857 267 40 försöksgårdar
547 1859 45 39 på
616 1859 227 39 jordbrukets
867 1860 141 30 område
1032 1860 290 38 organisatoriskt
1345 1861 168 29 inordnas
1536 1861 112 29 under
1672 1861 88 29 lant-

257 1908 304 39 brukshögskolan
579 1909 66 30 och
665 1911 130 28 statens
815 1910 320 30 lantbruksförsök.

302 2000 220 30 Yttrandena.
544 2001 252 38 Utredningens
819 2001 131 38 förslag
971 2002 64 29 har
1058 2002 11 29 i
1091 2002 136 38 princip
1248 2003 186 36 tillstyrkts
1457 2013 42 20 av
1521 2004 40 29 de
1586 2003 101 30 flesta
1709 2013 50 20 re-

256 2050 313 35 missinstanserna,
590 2051 110 30 ehuru
724 2051 172 31 förbehåll
918 2052 64 30 och
1002 2052 194 38 erinringar
1217 2053 107 37 gjorts
1345 2054 11 29 i
1380 2053 93 30 olika
1494 2053 229 31 hänseenden.
1746 2054 12 28 I

256 2100 40 30 de
317 2101 73 34 fall,
412 2101 43 29 då
475 2101 164 38 förslaget
659 2103 183 36 avstyrkts,
862 2102 64 30 har
947 2103 113 29 såsom
1079 2103 247 38 huvudsakligt
1347 2104 76 30 skäl
1443 2104 133 31 anförts
1597 2105 40 29 de
1660 2113 99 28 opro-

257 2151 237 38 portionerligt
515 2151 89 38 höga
626 2153 196 34 kostnader,
846 2162 75 21 som
944 2153 163 37 förslaget
1132 2154 110 30 skulle
1266 2154 168 30 medföra.

478 2271 249 34 Försöksfält
749 2272 64 34 för
836 2275 152 32 statens
1012 2273 522 44 skogsforskningsinstitut.

300 2356 186 35 Förslaget.
505 2356 309 40 Domänstyrelsen
840 2359 91 29 samt
951 2357 170 40 styrelsen
1143 2358 57 40 för
1219 2359 299 39 skogshögskolan
1540 2360 63 29 och
1626 2360 132 29 statens

256 2406 452 40 skogsforskningsinstitut
732 2408 44 29 ha
800 2408 190 34 hemställt,
1015 2410 50 28 att
1090 2410 49 30 ett
1163 2409 141 30 område
1331 2419 58 21 om
1414 2410 95 29 cirka
1534 2409 64 31 400
1623 2410 134 33 hektar,

256 2457 107 30 därav
379 2457 162 39 omkring
559 2457 41 31 90
620 2458 124 29 hektar
761 2458 99 30 åker-
877 2458 65 30 och
959 2458 208 35 betesmark,
1186 2469 41 20 av
1244 2460 117 30 västra
1379 2460 98 31 delen
1496 2469 41 21 av
1556 2460 202 39 Bogesunds

255 2508 169 37 egendom
450 2508 106 29 måtte
584 2508 163 40 upplåtas
774 2509 50 29 till
852 2509 206 29 försöksfält
1085 2509 56 30 för
1168 2510 496 40 skogsforskningsinstitutet.
1693 2511 64 29 Det
