1930 2838
288 179 18 30 2
652 185 394 37 Bevillningsutskottets
1070 185 218 32 betänkande
1312 185 49 32 Nr
1386 188 52 30 18.

287 282 3 66 |
310 332 21 24 1
496 333 16 24 s
1632 286 3 22 |
1652 282 128 74 Tilläggs-
1793 286 3 66 |

287 352 2 9 |
334 333 116 23 Tulltaxe-
515 334 131 23 tatistiskt
1661 336 52 24 tull
1732 337 40 24 för
1793 311 3 41 |

360 373 33 17 nr
554 374 33 16 nr
1033 352 250 30 NEON
1631 336 164 142 (ER

1664 404 101 23 kronor

292 449 62 6 —
1631 436 2 14 I

287 483 2 48 |
303 517 40 21 ur
368 508 81 30 1065
535 509 77 29 1947
711 509 247 30 Vattenmätare
974 510 76 30 med
1065 510 98 37 högst
1175 511 40 29 40
1227 520 69 20 mm
1308 511 234 38 genomlopps-

287 533 2 57 |
753 550 151 39 ÖPPNING
931 575 608 9 ssoeserersesressrrrest
1343 546 95 52 reser
1447 546 95 52 resta
1579 554 28 29 E
1621 549 20 50 |
1654 555 71 29 200:
1739 573 40 3 —

332 663 227 31 Beträffande
582 664 249 37 motiveringen
855 665 58 30 för
936 665 183 37 förslagen,
1150 666 5 30 i
1179 666 66 30 den
1268 666 82 31 mån
1378 667 215 36 redogörelse
1616 667 123 30 härför
1764 667 32 36 ej

289 715 134 30 lämnas
447 715 12 30 i
482 715 55 30 det
561 714 167 37 följande,
752 715 56 31 får
828 716 167 30 utskottet
1017 716 146 31 hänvisa
1188 717 50 30 till
1261 717 379 36 statsrådsprotokollet
1662 718 11 30 i
1699 719 98 29 ären-

288 765 64 31 det.

331 874 65 31 Vid
419 875 256 37 behandlingen
699 885 42 21 av
764 876 260 36 propositionen
1048 877 66 29 har
1136 877 164 30 utskottet
1325 876 123 31 anlitat
1472 876 213 37 byråchefen
1708 878 11 30 i
1742 886 55 29 ge-

287 926 328 36 neraltullstyrelsen
634 926 38 31 E.
694 926 185 36 Sandquist
899 927 115 30 såsom
1032 926 206 37 sakkunnig.

329 1043 222 31 Damhattar.
594 1044 13 30 I
629 1044 343 30 överensstämmelse
993 1045 78 30 med
1091 1045 113 30 beslut
1227 1054 41 21 av
1293 1045 83 30 1934
1399 1044 55 32 års
1478 1045 140 37 riksdag
1639 1045 156 31 utfärda-

287 1094 42 30 de
351 1094 124 36 Kungl.
500 1094 101 37 Maj:t
625 1095 67 30 den
717 1096 41 29 22
779 1094 76 37 juni
884 1095 84 30 1934
991 1095 204 36 förordning
1223 1095 53 39 (nr
1297 1095 77 41 371)
1405 1096 79 30 med
1507 1096 198 36 ytterligare
1729 1097 65 29 till-

287 1145 74 36 lägg
385 1145 53 30 till
463 1145 158 36 gällande
645 1146 156 35 tulltaxa,
826 1145 240 31 innefattande
1090 1146 108 30 bland
1225 1150 105 26 annat
1353 1146 244 37 tilläggstullar
1620 1146 58 31 för
1700 1147 96 30 tiden

289 1197 14 28 1
328 1195 65 37 juli
422 1196 171 30 1934—30
617 1195 78 37 juni
723 1196 81 30 1937
830 1196 21 31 å
874 1196 93 31 vissa
989 1196 72 36 slag
1087 1205 43 21 av
1154 1196 190 36 garnerade
1368 1197 67 30 och
1461 1197 213 36 ogarnerade
1698 1198 96 30 dam-

286 1247 124 30 hattar.
455 1246 130 31 Genom
604 1246 205 37 förordning
828 1247 67 30 den
918 1247 40 29 18
978 1246 75 36 juni
1076 1247 82 29 1937
1186 1247 54 39 (nr
1259 1246 76 39 494)
1362 1247 81 30 med
1462 1247 196 37 ytterligare
1678 1248 119 36 tillägg

285 1297 50 30 till
360 1297 162 37 gällande
546 1297 147 31 tulltaxa
716 1297 90 31 hava
830 1296 141 37 jämlikt
995 1297 111 30 beslut
1131 1306 43 21 av
1201 1297 80 30 1937
1308 1297 56 31 års
1389 1297 141 37 riksdag
1554 1298 149 31 berörda
1728 1299 66 30 till-

286 1348 201 36 läggstullar
503 1347 137 32 erhållit
659 1347 161 37 förlängd
838 1347 156 37 giltighet
1011 1347 55 30 för
1082 1347 96 31 tiden
1198 1347 51 31 till
1267 1348 65 30 och
1352 1348 82 30 med
1454 1348 65 31 den
1538 1348 42 31 30
1598 1348 78 37 juni
1699 1349 97 30 1940.

287 1398 301 37 Tilläggstullarna
606 1398 84 37 utgå
707 1398 104 36 enligt
829 1397 159 37 följande
1004 1398 163 36 grunder:

282 1497 3 30 i
1628 1497 2 2 |
1650 1497 128 41 Tilläggs-

303 1520 139 71 Tulltaxe-
460 1495 2 64 |
489 1530 151 57 Statistiskt
669 1524 3 46 |
980 1546 365 31 Varuslag
1687 1520 67 52 ri
1790 1496 4 63 |

460 1607 2 20 |
670 1574 2 53 |
1627 1599 2 29 |
1662 1581 99 24 kronor

697 1689 126 35 Hattar,
857 1687 32 38 ej
925 1697 41 21 av
998 1688 163 37 pälsverk,
1185 1688 105 30 andra
1313 1690 43 29 än
1380 1689 149 31 herrhat-

738 1733 59 33 tar,
821 1732 86 29 även
930 1730 220 37 halvfärdiga:
1789 1695 3 96 |

458 1831 3 16 |
780 1814 106 31 andra
910 1815 69 36 slag
1625 1791 3 81 |

458 1911 2 8 I
821 1908 40 20 av
885 1901 105 28 annat
1011 1899 113 30 ämne:
1625 1875 2 44 |

279 1951 3 32 |
306 1950 41 21 ur
368 1942 63 29 630
458 1935 56 36 ur
533 1941 121 30 1194—
862 1941 217 36 ogarnerade,
1103 1941 79 30 med
1206 1941 170 37 undantag
1399 1951 41 20 av
1456 1951 23 20 s.
1496 1942 30 29 k.
1787 1947 2 20 |

525 1983 78 30 1196
905 1981 219 39 stråstumpar
1151 1983 63 30 och
1237 1983 284 38 capeliner......
1543 1984 12 29 I
1571 1979 56 34 st.!
1660 1994 48 19 —:
1722 1984 39 30 50
1786 1983 3 32 |

456 2027 3 12 I
862 2025 108 30 andra
993 2024 78 37 slag:
1786 2019 3 16 i

305 2076 40 21 ur
367 2067 60 29 631
456 2040 3 51 |
503 2067 87 30 1198:
605 2071 16 25 2
904 2067 160 30 försedda
1110 2068 79 30 med
1232 2067 175 37 garnering
1451 2068 77 30 eller

456 2099 57 48 lur
531 2109 121 30 1199—
946 2109 189 37 montering
1168 2119 40 20 av
1241 2118 108 27 varor,
1378 2108 148 32 innehål-
1785 2123 3 8 |

456 2166 2 20 |
523 2152 78 29 1200
946 2151 97 31 lande
1066 2152 81 30 silke
1161 2176 360 7 ..................
1542 2153 14 28 1
1571 2154 56 36 st.
1656 2161 50 20 —:
1722 2152 38 29 75

279 2166 3 72 |
306 2202 39 21 ur
367 2193 63 30 632
457 2203 56 31 ur
532 2194 119 29 1201—
905 2193 106 30 ANÄrA
1034 2218 485 7 sosseseerrerer
1324 2189 75 51 reser
1407 2189 14 51 r
1430 2189 52 51 een
1490 2189 33 51 ra
1542 2195 13 29 1
1571 2197 56 29 st.
1659 2203 48 20 —:
1722 2194 38 29 75

524 2236 78 29 1203
665 2214 2 60 |
1785 2238 3 16 |

326 2340 13 30 I
366 2341 260 36 propositionen
653 2340 145 32 föreslås
825 2341 222 37 förlängning
1073 2351 44 21 av
1144 2341 267 37 giltighetstiden
1441 2341 56 31 för
1522 2341 270 37 ifrågavarande

282 2390 241 37 tilläggstullar
544 2392 49 30 till
615 2392 66 30 och
705 2392 79 30 med
804 2392 67 30 den
894 2392 43 30 30
958 2391 74 37 juni
1057 2392 93 31 1943.
