1864 2784
441 144 313 30 Bankoutskottets
777 144 180 30 utlåtande
979 154 43 20 nr
1043 145 41 29 26
1105 145 39 29 år
1168 145 83 29 1956
1563 144 37 30 13

139 232 50 27 att
215 229 190 30 verkställa
430 228 219 40 inventering
675 229 82 29 eller
784 229 215 29 kontrollera
1025 228 190 31 verkställd
1242 228 220 38 inventering
1489 237 42 20 av
1556 228 41 29 de

94 272 65 30 hos
177 272 246 29 kreditkassan
444 271 244 39 inneliggande
709 271 172 29 kontanta
903 270 136 31 medlen
1061 270 65 29 och
1147 270 117 39 övriga
1287 270 200 39 tillgångar;

139 316 51 27 att
211 315 89 28 tillse
322 313 174 29 huruvida
516 313 148 30 kassans
685 313 237 38 organisation
945 322 41 22 av
1006 312 65 30 och
1092 313 152 29 kontroll
1264 313 81 29 över
1366 312 231 40 bokföringen

94 357 65 28 och
183 355 391 39 medelsförvaltningen
598 357 38 28 är
659 355 340 34 tillfredsställande;
1025 357 91 28 samt

138 400 60 32 att,
225 399 104 29 sedan
356 399 40 29 de
422 398 108 39 årliga
554 397 503 40 redovisningshandlingarna
1081 396 157 40 avgivits,
1266 397 154 40 granska
1444 398 154 29 nämnda

94 440 220 39 handlingar.

140 482 105 30 Minst
268 492 40 20 en
331 483 89 39 gång
440 482 97 40 varje
559 482 121 30 halvår
703 482 98 30 skola
823 482 218 30 revisorerna

140 525 151 38 granska
315 526 110 28 större
450 524 152 31 krediter
628 525 64 29 och
716 525 110 30 andra
851 525 110 29 större
985 524 218 40 placeringar
1228 533 41 23 av
1294 524 149 32 kassans
1468 525 126 34 medel;

140 567 150 38 granska
312 576 42 21 av
375 567 169 38 styrelsen
563 566 166 40 vidtagna
751 566 162 40 åtgärder
934 568 11 29 i
967 567 99 38 fråga
1087 576 57 20 om
1167 566 214 40 förvaltning
1402 567 65 29 och
1488 568 111 38 avytt-

94 609 78 39 ring
189 619 42 20 av
247 610 180 38 egendom,
446 619 74 20 som
539 610 129 29 kassan
687 610 124 39 inköpt
828 610 84 29 eller
929 609 169 40 övertagit
1115 610 142 39 jämlikt
1276 609 38 31 41
1338 609 33 37 $;

140 653 78 37 taga
240 652 53 29 del
314 661 41 20 av
376 652 41 29 de
438 651 270 40 förelägganden
731 652 64 28 och
817 651 206 39 erinringar,
1046 660 76 20 som
1144 660 41 22 av
1208 651 389 40 tillsynsmyndigheten

94 693 123 30 kunna
239 694 88 30 hava
352 694 110 38 gjorts
487 693 51 30 till
563 694 145 34 kassan;
737 695 90 28 samt

140 737 78 37 taga
237 736 54 29 del
313 745 41 21 av
373 737 183 39 rapporter
576 737 80 28 över
678 735 240 41 inspektioner
940 735 64 30 och
1025 735 305 40 undersökningar
1350 736 149 30 rörande
1520 735 78 30 kas-

92 786 76 22 san.

140 821 12 29 I
176 821 109 38 övrigt
310 820 99 30 skola
431 820 218 30 revisorerna
671 820 139 40 vidtaga
835 821 41 29 de
898 820 162 40 åtgärder
1084 829 75 21 som
1183 820 56 30 må
1262 829 85 21 vara
1372 820 226 40 erforderliga

93 862 56 30 för
171 865 48 27 ett
238 863 159 39 behörigt
417 862 220 40 fullgörande
659 872 42 21 av
720 863 379 40 revisionsuppdraget.

797 931 41 30 53
859 930 29 37 8.

139 980 49 30 De
205 981 44 39 på
266 982 150 29 stämma
433 980 102 30 valda
551 980 217 30 revisorerna
786 981 90 29 hava
893 982 52 29 att
960 980 104 31 ställa
1082 980 51 39 sig
1150 981 51 30 till
1219 981 232 31 efterrättelse
1468 981 41 31 de
1527 982 72 30 sär-

95 1022 113 30 skilda
229 1023 232 34 föreskrifter,
481 1032 76 21 som
576 1023 176 30 meddelas
773 1032 42 20 av
834 1024 153 29 stämma
1008 1023 65 30 och
1093 1023 31 38 ej
1147 1023 174 31 innefatta
1339 1024 260 39 inskränkning

91 1064 13 29 i
121 1065 100 30 deras
237 1065 11 29 i
266 1065 54 41 lag
338 1065 166 39 stadgade
523 1064 236 41 skyldigheter
775 1065 85 30 eller
877 1065 103 39 eljest
997 1065 109 30 strida
1125 1067 72 28 mot
1214 1066 55 39 lag
1287 1066 84 30 eller
1388 1066 211 40 författning

91 1107 86 29 eller
197 1109 71 27 mot
288 1107 199 39 stadgarna.

140 1149 173 38 Styrelsen
335 1149 91 29 skall
447 1149 76 40 giva
545 1150 131 30 revisor
698 1149 144 40 tillgång
866 1149 52 31 till
940 1150 149 30 kassans
1110 1150 137 38 böcker,
1272 1150 239 41 räkenskaper
1533 1151 65 30 och

93 1191 112 30 andra
223 1191 210 39 handlingar
452 1194 92 28 samt
560 1192 11 29 i
588 1192 111 39 övrigt
717 1192 56 30 det
792 1192 146 34 biträde,
958 1201 75 21 som
1052 1201 42 23 av
1113 1192 130 30 honom
1260 1192 160 42 påkallas
1440 1193 54 30 för
1511 1201 88 33 upp-

94 1233 130 39 draget.
246 1234 50 29 Av
316 1234 132 29 revisor
468 1234 128 39 begärd
618 1234 215 41 upplysning
852 1234 179 40 angående
1052 1235 259 40 förvaltningen
1334 1235 58 30 må
1412 1236 31 39 ej
1467 1245 42 22 av
1529 1238 70 37 sty-

93 1275 114 31 relsen
224 1277 134 39 vägras.

139 1317 228 30 Revisorerna
394 1318 97 30 skola
515 1318 197 40 skriftligen
737 1319 137 40 delgiva
899 1319 169 40 styrelsen
1093 1319 42 31 de
1159 1319 196 41 erinringar
1380 1320 11 30 i
1416 1319 98 41 fråga
1541 1329 55 22 om

92 1359 150 31 kassans
259 1360 234 36 verksamhet,
512 1360 52 30 till
584 1361 95 30 vilka
695 1362 102 30 deras
817 1361 219 42 granskning
1054 1362 57 30 må
1130 1362 76 40 giva
1225 1362 201 40 anledning.

795 1428 42 31 54
859 1428 28 37 8.

141 1478 14 28 1
179 1485 104 22 mom.
307 1477 230 30 Revisorerna
557 1478 100 30 skola
680 1478 55 31 för
756 1478 98 39 varje
878 1479 261 40 räkenskapsår
1160 1480 122 40 avgiva
1305 1489 42 21 en
1370 1489 44 22 av
1435 1480 79 31 dem
1535 1490 63 21 un-

92 1519 213 30 dertecknad
324 1520 367 37 revisionsberättelse,
712 1530 75 21 som
807 1521 89 30 skall
915 1522 219 30 överlämnas
1153 1522 52 30 till
1224 1522 171 39 styrelsen
1416 1523 107 30 minst
1541 1523 57 31 två

92 1562 127 29 veckor
240 1562 72 29 före
335 1562 148 30 kassans
504 1562 176 31 ordinarie
703 1564 161 29 stämma.
886 1563 230 31 Revisorerna
1138 1564 99 30 skola
1257 1565 66 29 ock
1343 1564 98 31 inom
1463 1574 134 22 samma

94 1603 51 30 tid
171 1604 52 30 till
249 1606 170 37 styrelsen
445 1604 178 30 återställa
648 1605 41 30 de
715 1605 52 30 till
791 1606 82 29 dem
896 1606 247 30 överlämnade
1169 1606 430 42 redovisningshandling-

91 1654 98 22 arna.

139 1688 227 30 Revisorerna
391 1689 11 29 i
426 1689 240 30 centralkassa
689 1689 99 31 skola
813 1690 123 30 därvid
960 1690 45 40 på
1028 1691 321 41 balansräkningen
1374 1693 91 29 samt
1490 1692 108 31 vinst-

92 1730 66 28 och
182 1730 324 40 förlusträkningen
531 1731 90 30 hava
647 1732 140 30 tecknat
812 1732 154 40 påskrift
992 1733 78 30 med
1095 1734 172 38 yttrande,
1296 1734 176 30 huruvida
1495 1735 103 30 dessa

93 1771 210 39 handlingar
319 1774 299 29 överensstämma
636 1775 76 29 med
731 1775 149 30 kassans
898 1783 43 21 av
956 1775 81 30 dem
1053 1776 195 37 granskade
1265 1776 128 30 böcker
1411 1777 83 30 eller
1509 1777 87 34 icke,

92 1814 66 29 och
179 1814 88 29 skall
287 1815 197 38 påskriften
505 1816 11 28 i
534 1815 112 39 övrigt
665 1816 223 31 beträffande
909 1817 261 40 granskningen
1189 1818 174 30 innefatta
1386 1818 211 41 hänvisning

93 1856 52 28 till
163 1857 393 30 revisionsberättelsen.

138 1899 19 28 2
180 1906 104 21 mom.
307 1899 393 31 Revisionsberättelsen
723 1900 89 30 skall
834 1901 179 29 innehålla
1034 1902 218 39 redogörelse
1275 1902 55 30 för
1351 1903 182 30 resultatet
1555 1912 43 22 av

92 1940 236 29 revisorernas
356 1941 216 40 granskning
597 1944 90 27 samt
713 1943 192 34 uttalande,
932 1943 173 30 huruvida
1131 1944 236 41 anmärkning
1392 1944 10 30 i
1429 1946 168 29 avseende

90 1982 46 38 på
158 1983 41 29 de
225 1983 48 28 till
296 1983 219 29 revisorerna
537 1984 245 30 överlämnade
804 1984 513 41 redovisningshandlingarna,
1341 1986 149 31 kassans
1513 1987 85 30 bok-

92 2024 116 39 föring
228 2024 82 29 eller
331 2025 262 39 inventeringen
616 2035 42 20 av
678 2027 78 29 dess
778 2026 186 40 tillgångar
985 2028 82 29 eller
1088 2027 100 39 eljest
1209 2028 223 31 beträffande
1455 2030 142 29 förvalt-

92 2065 128 39 ningen
241 2076 41 21 av
303 2067 148 29 kassans
469 2068 288 38 angelägenheter
777 2069 185 39 föreligger
982 2070 82 29 eller
1083 2070 87 30 icke.
1192 2071 197 39 Föreligger
1408 2072 189 39 anledning

93 2107 51 30 till
166 2109 244 38 anmärkning,
433 2109 87 29 skall
541 2110 114 29 denna
674 2111 142 38 angivas
836 2113 10 28 i
867 2112 393 30 revisionsberättelsen.
1284 2113 228 30 Revisorerna
1533 2115 63 38 äga

91 2150 65 28 ock
177 2151 9 28 i
205 2150 207 30 berättelsen
435 2151 156 30 meddela
611 2152 204 39 erinringar,
836 2163 75 19 som
930 2153 41 30 de
990 2163 84 20 anse
1094 2154 83 29 böra
1198 2155 143 29 komma
1361 2155 51 30 till
1433 2156 165 29 medlem-

92 2199 142 22 marnas
250 2192 211 30 kännedom.

135 2232 391 31 Revisionsberättelsen
552 2235 87 30 skall
664 2236 179 29 innehålla
869 2237 142 29 särskilt
1036 2238 179 29 uttalande
1241 2238 179 39 angående

137 2275 257 37 omfattningen
415 2286 41 19 av
475 2277 65 28 den
560 2286 41 19 av
618 2278 218 29 revisorerna
854 2279 213 29 verkställda
1087 2280 277 39 granskningen;

137 2316 265 30 kreditkassans
428 2318 393 40 förvaltningsutgifter;

136 2358 65 28 den
227 2359 73 28 inre
323 2359 196 30 kontrollen
544 2360 94 29 inom
664 2361 143 34 kassan;

137 2400 222 30 fastställelse
380 2411 42 18 av
443 2402 333 38 balansräkningen;

137 2443 254 29 ansvarsfrihet
414 2443 55 29 för
493 2444 400 37 styrelseledamöterna;
920 2448 90 28 samt
