1872 2782
467 176 314 31 Bankoutskottets
804 174 180 31 utlåtande
1005 184 43 20 nr
1069 175 42 29 20
1132 174 39 30 år
1195 174 84 29 1963
1613 176 15 29 1

812 471 53 36 Nr
892 471 49 35 20

349 571 184 30 Utlåtande
556 571 11 29 i
587 570 190 40 anledning
797 579 43 21 av
861 569 128 41 Kungl.
1010 569 126 40 Maj:ts
1157 568 217 40 proposition
1396 568 82 30 med
1499 567 131 41 förslag

571 621 53 30 till
646 621 55 40 lag
722 630 55 20 om
800 620 137 30 ändrad
959 620 129 39 lydelse
1109 628 43 21 av
1173 620 20 29 2
1214 619 21 37 $
1257 619 220 39 valutalagen
1500 618 66 30 den
1589 618 42 29 22

568 672 82 40 juni
671 671 84 30 1939
780 671 61 35 (nr
861 670 98 38 350),
980 679 47 22 m.
1048 679 46 21 m.
1115 670 110 40 jämte
1248 669 11 30 i
1279 669 190 40 anledning
1490 677 43 22 av
1553 677 78 30 pro-

569 722 197 40 positionen
785 720 125 31 väckta
926 720 183 31 motioner.

177 825 13 29 I
212 834 43 21 en
277 825 68 30 den
368 824 19 30 5
410 824 88 40 april
523 823 84 31 1963
630 823 218 40 dagtecknad
870 822 230 40 proposition,
1124 831 42 20 nr
1192 821 71 34 139,
1287 821 65 31 har
1376 821 126 39 Kungl.
1527 820 106 39 Maj:t

131 875 110 30 under
262 874 219 40 åberopande
503 883 42 21 av
564 873 264 40 propositionen
849 872 140 41 bilagda
1009 872 11 29 i
1043 871 186 31 statsrådet
1250 871 66 30 och
1337 870 156 41 lagrådet
1514 870 119 30 hållna

130 925 174 40 protokoll

175 976 73 30 dels
271 975 181 40 föreslagit
474 974 188 40 riksdagen
687 976 49 28 att
760 976 128 38 antaga
910 973 58 30 vid
991 972 262 40 propositionen
1277 971 125 41 fogade
1426 971 132 40 förslag
1581 971 52 29 till

177 1026 33 34 1)
240 1027 56 39 lag
316 1035 57 21 om
394 1025 135 30 ändrad
550 1025 130 40 lydelse
701 1034 42 20 av
763 1025 19 29 2
806 1024 16 37 8
843 1024 223 39 valutalagen
1087 1023 67 30 den
1175 1023 40 30 22
1235 1023 81 40 juni
1339 1022 84 30 1939
1449 1022 60 34 (nr
1530 1020 100 37 350);

130 1077 66 30 och

177 1127 36 34 2)
242 1128 56 39 lag
319 1126 179 41 angående
520 1125 136 31 ändrad
677 1125 130 40 lydelse
830 1134 42 21 av
895 1125 40 30 32
960 1124 15 37 $
1000 1125 99 39 lagen
1121 1123 67 30 den
1211 1124 18 29 3
1250 1124 80 39 juni
1356 1123 83 30 1955
1467 1123 59 34 (nr
1548 1121 81 35 416)

130 1187 57 20 om
208 1177 232 40 sparbanker;

174 1228 73 31 dels
267 1228 120 40 begärt
406 1227 207 41 riksdagens
635 1226 178 40 samtycke
833 1226 54 30 till
909 1224 236 32 förordnande
1166 1234 57 21 om
1244 1224 143 31 fortsatt
1406 1223 227 40 valutaregle-

132 1279 78 40 ring
235 1280 12 30 i
273 1278 153 40 enlighet
451 1278 81 30 med
557 1277 68 30 vad
652 1276 254 41 föredragande
933 1274 385 42 departementschefen
1346 1274 173 36 förordat;

178 1329 71 30 dels
269 1329 66 31 ock
353 1329 175 30 inhämtat
547 1328 207 40 riksdagens
773 1327 164 40 yttrande
957 1327 81 30 över
1056 1326 59 31 vid
1135 1325 264 41 propositionen
1419 1324 124 41 fogade
1565 1324 69 30 för-

134 1380 74 39 slag
230 1379 54 30 till
308 1378 207 40 förordning
537 1387 58 22 om
619 1377 149 40 ändring
790 1378 12 30 i
825 1376 374 39 valutaförordningen
1223 1375 67 30 den
1316 1376 18 29 5
1357 1375 80 40 juni
1464 1374 83 31 1959
1576 1375 60 34 (nr

133 1429 80 35 264)
242 1430 38 30 så
302 1430 66 29 ock
392 1438 57 21 om
472 1428 142 30 fortsatt
638 1428 157 40 giltighet
819 1437 43 20 av
885 1436 136 21 samma
1044 1426 215 39 förordning.

176 1521 228 31 Beträffande
433 1520 282 40 propositionens
744 1518 259 40 huvudsakliga
1033 1517 155 31 innehåll
1216 1517 58 31 må
1303 1518 66 29 här
1397 1517 144 30 anföras
1571 1516 63 30 föl-

131 1573 116 39 jande.

180 1623 13 29 I
217 1622 262 40 propositionen
502 1622 123 40 begärs
647 1621 206 40 riksdagens
877 1619 179 41 samtycke
1077 1619 54 31 till
1154 1619 237 30 förordnande
1414 1627 58 21 om
1494 1618 143 30 fortsatt

135 1673 293 39 valutareglering
445 1672 55 29 för
516 1672 97 30 tiden
631 1672 66 29 den
717 1672 15 29 1
751 1671 68 40 juli
838 1670 199 31 1963—den
1055 1670 41 30 30
1113 1669 79 40 juni
1213 1669 94 30 1964.
1327 1668 185 40 Samtidigt
1530 1667 108 31 fram-

137 1724 114 39 lägges
271 1723 132 39 förslag
421 1722 52 30 till
492 1721 191 40 ändringar
702 1721 10 29 i
731 1719 431 40 valutaförfattningarna.
1184 1719 47 30 På
1252 1718 171 40 grundval
1443 1727 44 21 av
1504 1718 134 30 valuta-

137 1773 228 30 kommitténs
384 1772 187 39 utredning
589 1771 147 30 föreslås
755 1770 149 31 sålunda
923 1770 189 39 ändringar
1129 1769 12 29 i
1158 1768 373 40 valutaförordningen
1550 1769 88 28 mot-

138 1824 169 29 svarande
334 1823 67 29 den
428 1821 253 39 liberalisering
707 1829 42 21 av
775 1819 337 40 valutaregleringen
1140 1827 75 21 som
1243 1818 92 30 skett
1361 1818 12 29 i
1400 1817 129 40 praxis.
1558 1816 79 32 S.k.

137 1873 148 40 löpande
307 1872 219 39 betalningar
547 1871 67 29 blir
637 1870 143 30 därmed
802 1870 11 29 i
836 1869 192 30 allmänhet
1051 1868 233 39 uttryckligen
1307 1867 229 39 undantagna
1557 1866 81 30 från

138 1923 179 40 reglering.
339 1922 79 30 Viss
439 1921 254 39 omredigering
713 1929 41 20 av
772 1918 392 39 valutaförordningens
1185 1916 454 31 förverkandebestämmel-

140 1983 53 21 ser
212 1972 147 30 föreslås
378 1972 97 29 även.
495 1971 179 38 Förslaget
693 1969 146 30 innebär
856 1968 119 30 vidare
996 1969 50 28 att
1065 1967 202 40 behörighet
1288 1966 116 31 såsom
1424 1965 215 31 valutabank

140 2024 88 30 skall
253 2023 121 29 kunna
398 2029 58 32 ges
478 2021 72 30 inte
573 2020 94 33 bara,
694 2028 73 21 som
792 2028 60 24 nu,
876 2017 209 31 affärsbank
1109 2018 84 28 utan
1218 2017 86 29 även
1329 2015 220 41 postbanken
1573 2015 65 29 och

140 2073 186 40 sparbank.

181 2171 418 40 Författningsförslagen
624 2170 64 29 har
711 2168 156 40 följande
892 2167 139 40 lydelse.

174 2542 10 24 1
229 2539 110 28 Bihang
353 2537 45 23 till
411 2536 167 29 riksdagens
590 2534 147 31 protokoll
751 2534 100 23 1963.8
863 2534 83 23 saml.
959 2534 38 22 Nr
1020 2533 32 23 20
