1902 2830
523 157 119 31 Andra
663 156 238 37 lagutskottets
924 153 174 31 utlåtande
1120 152 49 30 Nr
1190 153 49 30 24.
1620 143 18 30 9

128 242 146 31 frånselt
299 244 49 27 att
372 241 193 35 Konungen
588 239 104 36 enligt
717 236 399 37 inledningsstadgandet
1140 236 10 29 i
1177 237 13 28 1
1216 236 18 36 8
1261 235 9 29 i
1293 235 100 36 lagen
1419 233 87 31 skall
1528 234 108 35 pröva

128 297 49 27 att
199 293 303 37 expropriationen
526 292 40 29 är
590 290 115 37 nödig,
730 291 64 28 har
821 289 192 36 Konungen
1037 289 68 29 rätt
1130 290 49 27 att
1206 285 94 31 avslå
1327 295 42 21 en
1395 285 157 30 ansökan
1578 293 56 20 om

127 344 269 37 expropriation,
413 343 114 30 därest
543 341 100 31 bifall
661 341 114 30 därtill
791 340 10 30 i
818 340 58 30 det
891 339 170 30 särskilda
1079 338 96 30 fallet
1191 335 164 32 framstår
1371 334 114 32 såsom
1501 334 136 30 mindre

129 395 165 36 lämpligt.
315 394 128 30 Oaktat
464 402 42 21 en
526 392 171 37 prövning
715 401 41 20 av
775 391 113 30 denna
908 392 52 28 art
979 390 63 29 bör
1061 390 64 35 äga
1144 397 78 21 rum
1241 387 10 30 i
1268 386 95 37 varje
1383 385 136 35 ärende,
1539 384 97 30 torde

129 446 57 30 det
210 454 82 21 vara
316 444 153 37 påkallat
493 446 48 27 att
566 443 10 30 i
604 442 98 37 fråga
725 451 58 21 om
805 440 255 38 expropriation
1086 439 55 30 för
1166 437 297 37 samlingslokaler
1488 436 68 29 viss
1580 436 56 29 be-

129 496 189 37 gränsning
345 494 149 38 alltjämt
524 494 139 36 stadgas
691 493 9 30 i
729 493 109 36 lagen,
869 491 172 37 nämligen
1068 490 55 30 för
1151 490 56 30 det
1232 489 61 30 fall
1320 491 48 27 att
1395 487 157 30 ansökan
1581 495 57 21 om

128 546 260 37 expropriation
408 546 96 36 göres
525 554 43 21 av
587 544 205 36 aktiebolag,
813 542 159 37 förening
992 542 82 30 eller
1096 540 152 30 stiftelse.
1272 539 70 30 När
1361 538 157 30 ansökan
1541 537 97 37 göres

130 608 42 21 av
199 600 169 29 kommun
395 597 81 30 eller
501 595 372 37 municipalsamhälle,
901 602 99 28 synes
1029 593 55 30 det
1112 601 83 21 vara
1221 591 168 36 tillfyllest
1418 589 78 30 med
1523 588 117 36 lagens

130 648 178 30 allmänna
328 647 134 30 villkor.
484 646 67 30 För
572 645 205 35 aktiebolag,
798 643 158 36 förening
977 643 66 30 och
1064 641 143 31 stiftelse
1230 640 97 31 torde
1349 640 157 30 däremot
1529 639 109 35 lämp-

132 698 89 37 ligen
245 698 120 30 kunna
390 696 220 36 föreskrivas,
635 698 49 27 att
703 694 259 38 expropriation
983 692 32 37 ej
1041 692 58 31 må
1123 693 64 35 äga
1209 701 87 25 rum,
1318 690 80 30 med
1422 689 136 31 mindre
1580 697 59 21 an-

132 749 115 36 tingen
271 748 95 30 inom
388 750 97 28 orten
509 746 150 31 särskild
682 745 172 37 svårighet
879 745 110 30 möter
1011 746 49 27 att
1083 751 123 29 genom
1230 742 91 29 avtal
1345 740 162 30 förvärva
1532 738 107 31 erfor-

133 799 107 38 derlig
267 799 100 30 mark
395 798 80 30 eller
500 798 66 30 ock
594 797 178 30 sökanden
797 796 107 29 redan
930 794 54 30 för
1011 792 198 32 ändamålet
1236 792 146 30 innehar
1407 790 162 38 byggnad
1598 798 42 21 av

133 851 109 29 större
264 850 105 30 värde
391 848 21 31 å
437 857 134 21 annans
598 848 100 30 mark
723 847 65 30 och
812 846 77 30 dess
914 844 243 31 bibehållande
1185 842 177 31 därstädes
1391 841 113 30 finnes
1531 840 109 36 lämp-

134 900 58 37 ligt
214 900 79 31 med
314 900 136 36 hänsyn
471 899 51 30 till
544 897 267 32 förhållandena
836 896 46 38 på
904 896 143 37 platsen.
1072 895 57 29 Ett
1152 893 189 37 stadgande
1365 902 43 21 av
1430 892 94 30 detta
1547 891 93 30 inne-

134 949 70 32 håll
229 959 100 28 synes
352 951 86 29 böra
460 952 171 34 upptagas
655 947 114 31 såsom
793 947 110 30 första
927 947 117 36 stycke
1071 945 9 30 i
1110 946 61 29 103
1199 945 28 36 8.
1255 943 75 31 Vad
1357 942 152 31 härefter
1535 939 107 39 angår

135 1001 122 37 frågan
280 1010 58 21 om
362 1000 258 37 expropriation
647 1008 44 21 av
715 999 100 29 mark
840 1007 75 21 som
939 998 125 35 ägaren
1090 996 148 37 bebyggt
1264 995 89 29 lärer
1380 992 103 38 något
1507 992 134 30 undan-

135 1052 266 36 tagsstadgande
426 1051 55 29 för
505 1049 125 32 sådant
657 1049 61 30 fall
743 1049 75 30 icke
840 1048 186 30 erfordras.
1053 1047 64 29 Det
1143 1047 38 29 är
1206 1045 131 37 tydligt,
1365 1046 49 28 att
1441 1043 108 30 redan
1576 1042 67 30 den

136 1103 108 30 större
266 1101 191 36 ersättning
481 1110 74 21 som
578 1101 11 29 i
612 1099 39 32 så
672 1100 61 30 fall
756 1099 89 30 skall
867 1097 82 38 utgå
970 1098 101 36 utgör
1094 1099 47 28 ett
1167 1094 206 32 avhållande
1398 1096 164 28 moment.
1587 1092 56 30 Att

135 1152 96 37 varje
253 1153 88 36 slags
362 1152 162 37 byggnad
547 1160 75 21 som
647 1150 117 30 tillhör
785 1150 164 29 markens
971 1149 101 35 ägare
1098 1147 111 30 skulle
1235 1145 36 31 få
1295 1145 126 30 hindra
1444 1143 199 37 expropria-

135 1202 72 31 tion
230 1212 100 27 synes
351 1202 57 30 för
428 1202 108 37 övrigt
557 1201 32 37 ej
615 1200 328 31 tillfredsställande.
967 1199 63 30 Det
1053 1198 98 30 torde
1175 1196 118 31 därför
1316 1196 85 30 böra
1426 1195 218 30 överlämnas

135 1252 35 32 åt
189 1253 191 37 Konungen
399 1255 49 28 att
466 1253 137 36 avgöra,
622 1251 173 31 huruvida
812 1249 345 38 expropriationsrätt
1177 1247 9 30 i
1206 1246 169 31 särskilda
1396 1245 62 30 fall
1478 1243 58 32 må
1557 1245 86 29 kun-

137 1313 45 21 na
203 1302 145 38 beviljas
371 1303 118 30 oaktat
511 1302 204 37 bebyggelse
735 1302 124 30 finnes.

181 1354 79 31 Med
287 1354 187 37 anledning
498 1363 43 21 av
568 1354 69 29 vad
663 1351 364 37 lantmäteristyrelsen
1058 1349 117 31 anfört
1201 1348 59 30 vill
1286 1347 58 38 jag
1370 1345 197 36 framhålla,
1595 1347 50 28 att

139 1405 192 36 Konungen
353 1404 143 37 givetvis
517 1405 65 30 bör
605 1404 98 37 tillse,
728 1406 49 27 att
799 1403 58 30 vid
881 1400 257 37 expropriation
1161 1409 43 21 av
1227 1399 99 30 mark
1350 1398 96 30 inom
1469 1396 178 36 stadspian

138 1456 82 29 eler
235 1455 265 37 byggnadsplan
515 1455 139 36 hänsyn
670 1457 92 33 tages
780 1453 52 30 till
847 1450 393 39 planbestämmelserna
1256 1450 65 30 och
1337 1447 311 35 tomtindelningen

139 1509 89 27 samt
248 1508 48 28 att
316 1506 10 29 i
347 1505 110 36 övrigt
476 1505 64 30 bör
559 1507 97 33 tagas
675 1504 138 35 hänsyn
831 1503 51 29 till
903 1501 141 37 lämplig
1065 1499 349 37 fastighetsbildning.

184 1555 114 37 Enligt
320 1556 19 30 5
362 1556 19 37 8
403 1554 109 37 tredje
535 1555 133 36 stycket
690 1554 11 30 i
723 1555 99 34 lagen
844 1553 64 30 har
931 1552 192 35 Konungen
1145 1553 59 33 att,
1228 1559 57 21 om
1308 1547 169 32 särskilda
1500 1548 148 29 bestäm-

139 1607 123 30 melser
282 1607 125 35 prövas
428 1604 225 37 erforderliga
672 1604 56 30 för
747 1606 48 28 att
813 1606 120 34 trygga
953 1602 226 36 fastighetens
1199 1598 223 37 användning
1442 1598 56 30 för
1516 1598 57 30 det
1592 1606 56 21 av-

141 1657 106 31 sedda
274 1655 207 37 ändamålet,
511 1655 159 30 meddela
697 1654 260 31 bestämmelser
984 1653 9 30 i
1023 1653 92 29 detta
1144 1650 207 31 hänseende.
1382 1647 268 32 Efterlevnaden

140 1707 107 30 därav
267 1707 87 30 skall
374 1706 190 31 övervakas
584 1715 43 21 av
645 1704 255 37 länsstyrelsen.
922 1703 63 30 Det
1006 1704 39 29 är
1064 1702 177 37 angeläget
1261 1703 58 32 att,
1339 1701 65 29 när
1422 1698 228 36 medgivande

141 1759 135 28 lämnas
303 1757 49 30 till
377 1755 258 38 expropriation
662 1765 42 21 av
729 1755 100 30 mark
857 1754 55 30 för
936 1752 271 37 samlingslokal,
1235 1750 130 31 sådana
1391 1748 260 32 bestämmelser

140 1819 74 20 som
232 1818 48 21 nu
297 1810 139 28 nämnts
454 1807 186 30 meddelas.
660 1806 14 29 I
693 1806 150 30 motiven
862 1805 50 29 till
929 1803 378 37 expropriationslagen
1326 1801 199 30 förutsättes
1546 1797 105 32 också

141 1861 49 27 att
212 1858 192 36 Konungen
425 1856 76 32 icke
521 1856 88 31 skall
630 1854 182 32 underlåta
833 1854 93 31 detta
947 1853 58 30 vid
1023 1852 200 36 beviljande
1244 1861 42 20 av
1307 1849 345 37 expropriationsrätt

143 1908 54 30 för
216 1907 266 36 ifrågavarande
503 1905 175 31 ändamål.
701 1905 117 30 Skulle
838 1905 66 30 den
926 1903 266 36 exproprierade
1213 1897 207 40 fastigheten
1440 1901 143 29 komma
1603 1901 49 28 att

143 1958 10 29 i
172 1958 167 36 väsentlig
359 1956 209 37 omfattning
588 1955 178 31 användas
787 1955 56 30 för
862 1957 106 26 annat
987 1951 164 32 ändamål
1173 1953 45 29 än
1239 1952 55 29 det
1315 1951 159 35 avsedda,
1496 1950 71 29 kan
1587 1949 64 29 vis-

143 2009 144 35 serligen
308 2007 146 30 marken
472 2007 109 29 redan
602 2005 104 36 enligt
727 2006 117 34 lagens
865 2003 258 31 bestämmelser
1144 2002 10 29 i
1176 2002 41 29 68
1240 2002 18 36 8
1279 2000 173 31 återlösas.
1476 1998 177 32 Särskilda

143 2057 218 32 föreskrifter
380 2067 74 20 som
475 2056 104 36 enligt
598 2056 18 30 5
638 2056 18 36 8
677 2054 109 36 tredje
805 2055 132 35 stycket
956 2053 176 30 meddelas
1152 2050 177 38 angående
1350 2051 223 35 fastighetens
1594 2059 58 20 an-

144 2108 177 37 vändning
342 2107 157 30 medföra
521 2105 191 32 emellertid
732 2104 45 37 på
798 2105 86 30 flera
907 2105 65 29 sätt
993 2105 109 29 större
1122 2102 157 37 trygghet
1300 2102 56 30 för
1376 2104 48 27 att
1446 2100 208 36 fastigheten

145 2159 31 36 ej
202 2158 176 30 användes
401 2156 45 37 på
470 2156 180 36 obehörigt
676 2156 74 30 sätt.
777 2155 115 35 Enligt
917 2154 60 30 105
1004 2153 18 36 $
1048 2153 88 29 skall
1162 2151 145 31 sålunda
1332 2151 222 35 lösningsrätt
1579 2159 74 21 som

146 2210 136 34 stadgas
300 2208 10 29 i
330 2209 42 28 68
391 2207 19 36 8
428 2207 136 29 inträda
584 2206 37 30 så
641 2209 93 27 snart
753 2205 172 34 fastighet,
945 2213 74 20 som
1037 2203 254 35 exproprierats
1310 2202 54 29 för
1383 2200 270 36 samlingslokal,

144 2258 98 31 blivit
262 2258 139 30 använd
422 2258 9 29 i
452 2257 84 30 strid
556 2259 74 26 mot
650 2255 117 36 dylika
789 2254 226 30 föreskrifter.
1038 2252 226 30 Beträffande
1285 2252 118 29 värdet
1424 2261 41 20 av
1487 2251 167 35 lösnings-

146 2309 111 29 rätten
280 2307 57 30 må
359 2307 198 33 anmärkas,
581 2308 49 27 att
652 2306 66 29 den
741 2314 74 20 som
837 2305 172 34 begagnar
1032 2303 50 36 sig
1105 2303 107 29 därav
1235 2301 104 35 enligt
1361 2302 130 28 68—70
1516 2300 41 36 88
1580 2299 76 30 icke

147 2360 38 28 är
206 2357 123 36 pliktig
349 2360 48 27 att
418 2357 72 29 lösa
511 2356 162 35 byggnad
695 2364 72 21 som
791 2354 31 35 ej
847 2353 112 35 ingick
983 2354 8 28 i
1014 2352 311 35 expropriationen.
1350 2350 241 30 Meddelandet
1614 2358 41 20 av

147 2408 169 30 särskilda
339 2406 216 31 föreskrifter
577 2404 137 30 medför
735 2403 105 31 också
863 2404 66 30 den
952 2403 156 29 fördelen
1130 2405 49 27 att
1201 2401 54 30 för
1278 2401 64 29 den
1366 2399 290 36 exproprierande

149 2457 121 37 tydligt
286 2456 154 37 påpekas
459 2456 64 29 vad
542 2455 71 30 han
631 2455 64 29 har
714 2457 47 27 att
781 2454 160 34 iakttaga.
962 2452 81 30 Däri
1064 2453 70 28 kan
1153 2455 20 26 t.
1193 2461 49 20 ex.
1263 2451 78 29 med
1359 2451 136 35 hänsyn
1516 2449 49 30 till
1585 2458 69 21 om-

184 2522 109 30 Bihang
305 2522 41 23 till
358 2521 165 30 riksdagens
536 2518 146 32 protokoll
697 2519 114 23 1942..9
832 2518 71 24 samt
936 2517 15 23 2
969 2516 56 23 avd.
1054 2516 39 23 Nr
1112 2516 39 22 21.
1608 2512 15 24 2
