<?xml version="1.0" encoding="UTF-8"?>
<alto xmlns="http://www.loc.gov/standards/alto/ns-v3#" xmlns:xlink="http://www.w3.org/1999/xlink" xmlns:xsi="http://www.w3.org/2001/XMLSchema-instance" xsi:schemaLocation="http://www.loc.gov/standards/alto/ns-v3# http://www.loc.gov/alto/v3/alto-3-0.xsd">
	<Description>
		<MeasurementUnit>pixel</MeasurementUnit>
		<sourceImageInformation>
			<fileName>/tmp/tess_w_2fcb81_input.PNG</fileName>
		</sourceImageInformation>
		<OCRProcessing ID="OCR_0">
			<ocrProcessingStep>
				<processingSoftware>
					<softwareName>tesseract 5.3.0</softwareName>
				</processingSoftware>
			</ocrProcessingStep>
		</OCRProcessing>
	</Description>
	<Layout>
		<Page WIDTH="2196" HEIGHT="2666" PHYSICAL_IMG_NR="0" ID="page_0">
			<PrintSpace HPOS="0" VPOS="0" WIDTH="2196" HEIGHT="2666">
				<ComposedBlock ID="cblock_0" HPOS="386" VPOS="161" WIDTH="1393" HEIGHT="45">
					<TextBlock ID="block_0" HPOS="386" VPOS="161" WIDTH="1393" HEIGHT="45">
						<TextLine ID="line_0" HPOS="386" VPOS="161" WIDTH="1393" HEIGHT="45">
							<String ID="string_0" HPOS="386" VPOS="161" WIDTH="118" HEIGHT="31" WC="0.93" CONTENT="Andra"/><SP WIDTH="24" VPOS="161" HPOS="504"/>
							<String ID="string_1" HPOS="528" VPOS="162" WIDTH="217" HEIGHT="32" WC="0.94" CONTENT="kammarens"/><SP WIDTH="26" VPOS="162" HPOS="745"/>
							<String ID="string_2" HPOS="771" VPOS="163" WIDTH="125" HEIGHT="42" WC="0.96" CONTENT="tredje"/><SP WIDTH="24" VPOS="163" HPOS="896"/>
							<String ID="string_3" HPOS="920" VPOS="166" WIDTH="172" HEIGHT="40" WC="0.81" CONTENT="tillfälliga"/><SP WIDTH="24" VPOS="166" HPOS="1092"/>
							<String ID="string_4" HPOS="1116" VPOS="169" WIDTH="142" HEIGHT="31" WC="0.96" CONTENT="utskotts"/><SP WIDTH="22" VPOS="169" HPOS="1258"/>
							<String ID="string_5" HPOS="1280" VPOS="170" WIDTH="174" HEIGHT="31" WC="0.96" CONTENT="utlåtande"/><SP WIDTH="24" VPOS="170" HPOS="1454"/>
							<String ID="string_6" HPOS="1478" VPOS="172" WIDTH="51" HEIGHT="30" WC="0.95" CONTENT="Nr"/><SP WIDTH="26" VPOS="172" HPOS="1529"/>
							<String ID="string_7" HPOS="1555" VPOS="175" WIDTH="27" HEIGHT="28" WC="0.54" CONTENT="6."/><SP WIDTH="183" VPOS="175" HPOS="1582"/>
							<String ID="string_8" HPOS="1765" VPOS="175" WIDTH="14" HEIGHT="29" WC="0.96" CONTENT="1"/>
						</TextLine>
					</TextBlock>
				</ComposedBlock>
				<ComposedBlock ID="cblock_1" HPOS="802" VPOS="585" WIDTH="977" HEIGHT="197">
					<TextBlock ID="block_1" HPOS="802" VPOS="585" WIDTH="977" HEIGHT="197">
						<TextLine ID="line_1" HPOS="928" VPOS="585" WIDTH="124" HEIGHT="42">
							<String ID="string_9" HPOS="928" VPOS="585" WIDTH="60" HEIGHT="41" WC="0.94" CONTENT="Nr"/><SP WIDTH="26" VPOS="585" HPOS="988"/>
							<String ID="string_10" HPOS="1014" VPOS="586" WIDTH="38" HEIGHT="41" WC="0.94" CONTENT="6."/>
						</TextLine>
						<TextLine ID="line_2" HPOS="802" VPOS="747" WIDTH="977" HEIGHT="35">
							<String ID="string_11" HPOS="802" VPOS="747" WIDTH="109" HEIGHT="24" WC="0.90" CONTENT="Ankom"/><SP WIDTH="19" VPOS="747" HPOS="911"/>
							<String ID="string_12" HPOS="930" VPOS="748" WIDTH="46" HEIGHT="24" WC="0.96" CONTENT="till"/><SP WIDTH="19" VPOS="748" HPOS="976"/>
							<String ID="string_13" HPOS="995" VPOS="749" WIDTH="173" HEIGHT="31" WC="0.95" CONTENT="Riksdagens"/><SP WIDTH="21" VPOS="749" HPOS="1168"/>
							<String ID="string_14" HPOS="1189" VPOS="751" WIDTH="91" HEIGHT="24" WC="0.96" CONTENT="kansli"/><SP WIDTH="19" VPOS="751" HPOS="1280"/>
							<String ID="string_15" HPOS="1299" VPOS="752" WIDTH="53" HEIGHT="24" WC="0.96" CONTENT="den"/><SP WIDTH="20" VPOS="752" HPOS="1352"/>
							<String ID="string_16" HPOS="1372" VPOS="751" WIDTH="32" HEIGHT="26" WC="0.96" CONTENT="17"/><SP WIDTH="20" VPOS="751" HPOS="1404"/>
							<String ID="string_17" HPOS="1424" VPOS="761" WIDTH="73" HEIGHT="17" WC="0.96" CONTENT="mars"/><SP WIDTH="20" VPOS="761" HPOS="1497"/>
							<String ID="string_18" HPOS="1517" VPOS="753" WIDTH="71" HEIGHT="27" WC="0.96" CONTENT="1913"/><SP WIDTH="18" VPOS="753" HPOS="1588"/>
							<String ID="string_19" HPOS="1606" VPOS="757" WIDTH="38" HEIGHT="24" WC="0.96" CONTENT="kl."/><SP WIDTH="21" VPOS="757" HPOS="1644"/>
							<String ID="string_20" HPOS="1665" VPOS="755" WIDTH="14" HEIGHT="25" WC="0.93" CONTENT="7"/><SP WIDTH="21" VPOS="755" HPOS="1679"/>
							<String ID="string_21" HPOS="1700" VPOS="765" WIDTH="23" HEIGHT="17" WC="0.38" CONTENT="e."/><SP WIDTH="21" VPOS="765" HPOS="1723"/>
							<String ID="string_22" HPOS="1744" VPOS="765" WIDTH="35" HEIGHT="17" WC="0.91" CONTENT="m."/>
						</TextLine>
					</TextBlock>
				</ComposedBlock>
				<ComposedBlock ID="cblock_2" HPOS="399" VPOS="886" WIDTH="1381" HEIGHT="335">
					<TextBlock ID="block_2" HPOS="399" VPOS="886" WIDTH="1381" HEIGHT="335">
						<TextLine ID="line_3" HPOS="399" VPOS="886" WIDTH="1381" HEIGHT="57">
							<String ID="string_23" HPOS="399" VPOS="886" WIDTH="129" HEIGHT="37" WC="0.33" CONTENT="Andra"/><SP WIDTH="30" VPOS="886" HPOS="528"/>
							<String ID="string_24" HPOS="558" VPOS="889" WIDTH="220" HEIGHT="36" WC="0.81" CONTENT="kommarens"/><SP WIDTH="28" VPOS="889" HPOS="778"/>
							<String ID="string_25" HPOS="806" VPOS="891" WIDTH="135" HEIGHT="43" WC="0.91" CONTENT="tredje"/><SP WIDTH="28" VPOS="891" HPOS="941"/>
							<String ID="string_26" HPOS="969" VPOS="891" WIDTH="180" HEIGHT="47" WC="0.96" CONTENT="tillfälliga"/><SP WIDTH="27" VPOS="891" HPOS="1149"/>
							<String ID="string_27" HPOS="1176" VPOS="896" WIDTH="145" HEIGHT="35" WC="0.95" CONTENT="utskotts"/><SP WIDTH="29" VPOS="896" HPOS="1321"/>
							<String ID="string_28" HPOS="1350" VPOS="897" WIDTH="179" HEIGHT="37" WC="0.96" CONTENT="utlåtande"/><SP WIDTH="26" VPOS="897" HPOS="1529"/>
							<String ID="string_29" HPOS="1555" VPOS="911" WIDTH="45" HEIGHT="23" WC="0.96" CONTENT="nr"/><SP WIDTH="25" VPOS="911" HPOS="1600"/>
							<String ID="string_30" HPOS="1625" VPOS="902" WIDTH="33" HEIGHT="41" WC="0.95" CONTENT="6,"/><SP WIDTH="31" VPOS="902" HPOS="1658"/>
							<String ID="string_31" HPOS="1689" VPOS="901" WIDTH="13" HEIGHT="34" WC="0.50" CONTENT="i"/><SP WIDTH="19" VPOS="901" HPOS="1702"/>
							<String ID="string_32" HPOS="1721" VPOS="913" WIDTH="59" HEIGHT="23" WC="0.86" CONTENT="an-"/>
						</TextLine>
						<TextLine ID="line_4" HPOS="613" VPOS="960" WIDTH="1165" HEIGHT="62">
							<String ID="string_33" HPOS="613" VPOS="960" WIDTH="140" HEIGHT="46" WC="0.96" CONTENT="ledning"/><SP WIDTH="28" VPOS="960" HPOS="753"/>
							<String ID="string_34" HPOS="781" VPOS="974" WIDTH="43" HEIGHT="23" WC="0.96" CONTENT="av"/><SP WIDTH="33" VPOS="974" HPOS="824"/>
							<String ID="string_35" HPOS="857" VPOS="963" WIDTH="80" HEIGHT="35" WC="0.95" CONTENT="herr"/><SP WIDTH="31" VPOS="963" HPOS="937"/>
							<String ID="string_36" HPOS="968" VPOS="963" WIDTH="228" HEIGHT="43" WC="0.96" CONTENT="Gustafssons"/><SP WIDTH="27" VPOS="963" HPOS="1196"/>
							<String ID="string_37" HPOS="1223" VPOS="968" WIDTH="14" HEIGHT="34" WC="0.93" CONTENT="i"/><SP WIDTH="27" VPOS="968" HPOS="1237"/>
							<String ID="string_38" HPOS="1264" VPOS="967" WIDTH="160" HEIGHT="36" WC="0.93" CONTENT="Brånsta"/><SP WIDTH="27" VPOS="967" HPOS="1424"/>
							<String ID="string_39" HPOS="1451" VPOS="972" WIDTH="138" HEIGHT="43" WC="0.96" CONTENT="motion,"/><SP WIDTH="30" VPOS="972" HPOS="1589"/>
							<String ID="string_40" HPOS="1619" VPOS="984" WIDTH="45" HEIGHT="23" WC="0.96" CONTENT="nr"/><SP WIDTH="24" VPOS="984" HPOS="1664"/>
							<String ID="string_41" HPOS="1688" VPOS="970" WIDTH="90" HEIGHT="52" WC="0.95" CONTENT="230,"/>
						</TextLine>
						<TextLine ID="line_5" HPOS="613" VPOS="1034" WIDTH="1167" HEIGHT="55">
							<String ID="string_42" HPOS="613" VPOS="1045" WIDTH="53" HEIGHT="23" WC="0.92" CONTENT="om"/><SP WIDTH="41" VPOS="1045" HPOS="666"/>
							<String ID="string_43" HPOS="707" VPOS="1034" WIDTH="163" HEIGHT="37" WC="0.88" CONTENT="skrivelse"/><SP WIDTH="41" VPOS="1034" HPOS="870"/>
							<String ID="string_44" HPOS="911" VPOS="1035" WIDTH="53" HEIGHT="36" WC="0.95" CONTENT="till"/><SP WIDTH="27" VPOS="1035" HPOS="964"/>
							<String ID="string_45" HPOS="991" VPOS="1037" WIDTH="132" HEIGHT="45" WC="0.91" CONTENT="Kungl."/><SP WIDTH="32" VPOS="1037" HPOS="1123"/>
							<String ID="string_46" HPOS="1155" VPOS="1039" WIDTH="111" HEIGHT="43" WC="0.32" CONTENT="Maj:t"/><SP WIDTH="28" VPOS="1039" HPOS="1266"/>
							<String ID="string_47" HPOS="1294" VPOS="1042" WIDTH="177" HEIGHT="43" WC="0.96" CONTENT="angående"/><SP WIDTH="20" VPOS="1042" HPOS="1471"/>
							<String ID="string_48" HPOS="1491" VPOS="1043" WIDTH="217" HEIGHT="46" WC="0.96" CONTENT="förbättring"/><SP WIDTH="28" VPOS="1043" HPOS="1708"/>
							<String ID="string_49" HPOS="1736" VPOS="1057" WIDTH="44" HEIGHT="23" WC="0.96" CONTENT="av"/>
						</TextLine>
						<TextLine ID="line_6" HPOS="604" VPOS="1105" WIDTH="1175" HEIGHT="59">
							<String ID="string_50" HPOS="604" VPOS="1105" WIDTH="278" HEIGHT="42" WC="0.81" CONTENT="förhållandena"/><SP WIDTH="41" VPOS="1105" HPOS="882"/>
							<String ID="string_51" HPOS="923" VPOS="1109" WIDTH="61" HEIGHT="34" WC="0.82" CONTENT="vid"/><SP WIDTH="39" VPOS="1109" HPOS="984"/>
							<String ID="string_52" HPOS="1023" VPOS="1109" WIDTH="377" HEIGHT="47" WC="0.82" CONTENT="kreaturstransporter"/><SP WIDTH="40" VPOS="1109" HPOS="1400"/>
							<String ID="string_53" HPOS="1440" VPOS="1115" WIDTH="61" HEIGHT="34" WC="0.18" CONTENT="wid"/><SP WIDTH="26" VPOS="1115" HPOS="1501"/>
							<String ID="string_54" HPOS="1527" VPOS="1119" WIDTH="130" HEIGHT="32" WC="0.96" CONTENT="statens"/><SP WIDTH="20" VPOS="1119" HPOS="1657"/>
							<String ID="string_55" HPOS="1677" VPOS="1114" WIDTH="102" HEIGHT="50" WC="0.23" CONTENT="JÄYNR-"/>
						</TextLine>
						<TextLine ID="line_7" HPOS="609" VPOS="1182" WIDTH="121" HEIGHT="39">
							<String ID="string_56" HPOS="609" VPOS="1182" WIDTH="121" HEIGHT="39" WC="0.96" CONTENT="vägar."/>
						</TextLine>
					</TextBlock>
				</ComposedBlock>
				<ComposedBlock ID="cblock_3" HPOS="181" VPOS="1334" WIDTH="1598" HEIGHT="331">
					<TextBlock ID="block_3" HPOS="181" VPOS="1334" WIDTH="1598" HEIGHT="272">
						<TextLine ID="line_8" HPOS="289" VPOS="1334" WIDTH="1487" HEIGHT="65">
							<String ID="string_57" HPOS="289" VPOS="1334" WIDTH="65" HEIGHT="36" WC="0.96" CONTENT="Uti"/><SP WIDTH="29" VPOS="1334" HPOS="354"/>
							<String ID="string_58" HPOS="383" VPOS="1347" WIDTH="46" HEIGHT="23" WC="0.96" CONTENT="en"/><SP WIDTH="28" VPOS="1347" HPOS="429"/>
							<String ID="string_59" HPOS="457" VPOS="1335" WIDTH="100" HEIGHT="36" WC="0.95" CONTENT="inom"/><SP WIDTH="37" VPOS="1335" HPOS="557"/>
							<String ID="string_60" HPOS="594" VPOS="1336" WIDTH="130" HEIGHT="37" WC="0.85" CONTENT="Andra"/><SP WIDTH="29" VPOS="1336" HPOS="724"/>
							<String ID="string_61" HPOS="753" VPOS="1338" WIDTH="215" HEIGHT="37" WC="0.96" CONTENT="kammaren"/><SP WIDTH="30" VPOS="1338" HPOS="968"/>
							<String ID="string_62" HPOS="998" VPOS="1353" WIDTH="45" HEIGHT="24" WC="0.96" CONTENT="av"/><SP WIDTH="29" VPOS="1353" HPOS="1043"/>
							<String ID="string_63" HPOS="1072" VPOS="1342" WIDTH="85" HEIGHT="35" WC="0.96" CONTENT="herr"/><SP WIDTH="32" VPOS="1342" HPOS="1157"/>
							<String ID="string_64" HPOS="1189" VPOS="1343" WIDTH="214" HEIGHT="45" WC="0.96" CONTENT="Gustafsson"/><SP WIDTH="28" VPOS="1343" HPOS="1403"/>
							<String ID="string_65" HPOS="1431" VPOS="1346" WIDTH="13" HEIGHT="35" WC="0.93" CONTENT="i"/><SP WIDTH="28" VPOS="1346" HPOS="1444"/>
							<String ID="string_66" HPOS="1472" VPOS="1347" WIDTH="159" HEIGHT="37" WC="0.91" CONTENT="Brånsta"/><SP WIDTH="25" VPOS="1347" HPOS="1631"/>
							<String ID="string_67" HPOS="1656" VPOS="1346" WIDTH="120" HEIGHT="53" WC="0.96" CONTENT="väckt,"/>
						</TextLine>
						<TextLine ID="line_9" HPOS="183" VPOS="1388" WIDTH="1596" HEIGHT="57">
							<String ID="string_68" HPOS="183" VPOS="1388" WIDTH="57" HEIGHT="35" WC="0.83" CONTENT="till"/><SP WIDTH="41" VPOS="1388" HPOS="240"/>
							<String ID="string_69" HPOS="281" VPOS="1389" WIDTH="84" HEIGHT="35" WC="0.92" CONTENT="dess"/><SP WIDTH="41" VPOS="1389" HPOS="365"/>
							<String ID="string_70" HPOS="406" VPOS="1389" WIDTH="118" HEIGHT="48" WC="0.96" CONTENT="tredje"/><SP WIDTH="29" VPOS="1389" HPOS="524"/>
							<String ID="string_71" HPOS="553" VPOS="1390" WIDTH="187" HEIGHT="47" WC="0.96" CONTENT="tillfälliga"/><SP WIDTH="29" VPOS="1390" HPOS="740"/>
							<String ID="string_72" HPOS="769" VPOS="1393" WIDTH="144" HEIGHT="36" WC="0.96" CONTENT="utskott"/><SP WIDTH="27" VPOS="1393" HPOS="913"/>
							<String ID="string_73" HPOS="940" VPOS="1395" WIDTH="214" HEIGHT="36" WC="0.96" CONTENT="remitterad"/><SP WIDTH="30" VPOS="1395" HPOS="1154"/>
							<String ID="string_74" HPOS="1184" VPOS="1398" WIDTH="150" HEIGHT="44" WC="0.96" CONTENT="motion,"/><SP WIDTH="31" VPOS="1398" HPOS="1334"/>
							<String ID="string_75" HPOS="1365" VPOS="1412" WIDTH="44" HEIGHT="22" WC="0.96" CONTENT="nr"/><SP WIDTH="31" VPOS="1412" HPOS="1409"/>
							<String ID="string_76" HPOS="1440" VPOS="1403" WIDTH="87" HEIGHT="42" WC="0.96" CONTENT="230,"/><SP WIDTH="31" VPOS="1403" HPOS="1527"/>
							<String ID="string_77" HPOS="1558" VPOS="1403" WIDTH="67" HEIGHT="34" WC="0.93" CONTENT="har"/><SP WIDTH="28" VPOS="1403" HPOS="1625"/>
							<String ID="string_78" HPOS="1653" VPOS="1403" WIDTH="126" HEIGHT="36" WC="0.91" CONTENT="motio-"/>
						</TextLine>
						<TextLine ID="line_10" HPOS="181" VPOS="1443" WIDTH="1596" HEIGHT="62">
							<String ID="string_79" HPOS="181" VPOS="1447" WIDTH="117" HEIGHT="30" WC="0.92" CONTENT="nären"/><SP WIDTH="42" VPOS="1447" HPOS="298"/>
							<String ID="string_80" HPOS="340" VPOS="1443" WIDTH="198" HEIGHT="44" WC="0.80" CONTENT="hemställt,"/><SP WIDTH="47" VPOS="1443" HPOS="538"/>
							<String ID="string_81" HPOS="585" VPOS="1447" WIDTH="53" HEIGHT="33" WC="0.96" CONTENT="att"/><SP WIDTH="42" VPOS="1447" HPOS="638"/>
							<String ID="string_82" HPOS="680" VPOS="1446" WIDTH="217" HEIGHT="47" WC="0.96" CONTENT="Riksdagen"/><SP WIDTH="43" VPOS="1446" HPOS="897"/>
							<String ID="string_83" HPOS="940" VPOS="1448" WIDTH="87" HEIGHT="35" WC="0.95" CONTENT="ville"/><SP WIDTH="43" VPOS="1448" HPOS="1027"/>
							<String ID="string_84" HPOS="1070" VPOS="1450" WIDTH="13" HEIGHT="34" WC="0.95" CONTENT="i"/><SP WIDTH="29" VPOS="1450" HPOS="1083"/>
							<String ID="string_85" HPOS="1112" VPOS="1450" WIDTH="180" HEIGHT="37" WC="0.96" CONTENT="skrivelse"/><SP WIDTH="30" VPOS="1450" HPOS="1292"/>
							<String ID="string_86" HPOS="1322" VPOS="1453" WIDTH="57" HEIGHT="35" WC="0.95" CONTENT="till"/><SP WIDTH="29" VPOS="1453" HPOS="1379"/>
							<String ID="string_87" HPOS="1408" VPOS="1454" WIDTH="139" HEIGHT="48" WC="0.96" CONTENT="Kungl."/><SP WIDTH="33" VPOS="1454" HPOS="1547"/>
							<String ID="string_88" HPOS="1580" VPOS="1456" WIDTH="108" HEIGHT="49" WC="0.93" CONTENT="Maj:t"/><SP WIDTH="30" VPOS="1456" HPOS="1688"/>
							<String ID="string_89" HPOS="1718" VPOS="1470" WIDTH="59" HEIGHT="23" WC="0.93" CONTENT="an-"/>
						</TextLine>
						<TextLine ID="line_11" HPOS="181" VPOS="1496" WIDTH="1597" HEIGHT="54">
							<String ID="string_90" HPOS="181" VPOS="1496" WIDTH="100" HEIGHT="35" WC="0.95" CONTENT="hålla"/><SP WIDTH="45" VPOS="1496" HPOS="281"/>
							<String ID="string_91" HPOS="326" VPOS="1509" WIDTH="56" HEIGHT="23" WC="0.95" CONTENT="om"/><SP WIDTH="44" VPOS="1509" HPOS="382"/>
							<String ID="string_92" HPOS="426" VPOS="1497" WIDTH="202" HEIGHT="48" WC="0.95" CONTENT="utredning"/><SP WIDTH="43" VPOS="1497" HPOS="628"/>
							<String ID="string_93" HPOS="671" VPOS="1500" WIDTH="69" HEIGHT="35" WC="0.96" CONTENT="och"/><SP WIDTH="43" VPOS="1500" HPOS="740"/>
							<String ID="string_94" HPOS="783" VPOS="1502" WIDTH="172" HEIGHT="45" WC="0.95" CONTENT="åtgärder"/><SP WIDTH="39" VPOS="1502" HPOS="955"/>
							<String ID="string_95" HPOS="994" VPOS="1503" WIDTH="12" HEIGHT="34" WC="0.96" CONTENT="i"/><SP WIDTH="43" VPOS="1503" HPOS="1006"/>
							<String ID="string_96" HPOS="1049" VPOS="1504" WIDTH="95" HEIGHT="46" WC="0.96" CONTENT="syfte"/><SP WIDTH="44" VPOS="1504" HPOS="1144"/>
							<String ID="string_97" HPOS="1188" VPOS="1508" WIDTH="54" HEIGHT="32" WC="0.96" CONTENT="att"/><SP WIDTH="35" VPOS="1508" HPOS="1242"/>
							<String ID="string_98" HPOS="1277" VPOS="1508" WIDTH="254" HEIGHT="36" WC="0.96" CONTENT="åstadkomma"/><SP WIDTH="30" VPOS="1508" HPOS="1531"/>
							<String ID="string_99" HPOS="1561" VPOS="1510" WIDTH="119" HEIGHT="36" WC="0.93" CONTENT="bättre"/><SP WIDTH="29" VPOS="1510" HPOS="1680"/>
							<String ID="string_100" HPOS="1709" VPOS="1512" WIDTH="69" HEIGHT="35" WC="0.93" CONTENT="för-"/>
						</TextLine>
						<TextLine ID="line_12" HPOS="181" VPOS="1550" WIDTH="1180" HEIGHT="56">
							<String ID="string_101" HPOS="181" VPOS="1550" WIDTH="202" HEIGHT="35" WC="0.92" CONTENT="hållanden"/><SP WIDTH="29" VPOS="1550" HPOS="383"/>
							<String ID="string_102" HPOS="412" VPOS="1551" WIDTH="63" HEIGHT="35" WC="0.93" CONTENT="vid"/><SP WIDTH="29" VPOS="1551" HPOS="475"/>
							<String ID="string_103" HPOS="504" VPOS="1552" WIDTH="401" HEIGHT="49" WC="0.89" CONTENT="kreaturstransporter"/><SP WIDTH="29" VPOS="1552" HPOS="905"/>
							<String ID="string_104" HPOS="934" VPOS="1558" WIDTH="19" HEIGHT="32" WC="0.92" CONTENT="å"/><SP WIDTH="31" VPOS="1558" HPOS="953"/>
							<String ID="string_105" HPOS="984" VPOS="1559" WIDTH="140" HEIGHT="34" WC="0.96" CONTENT="statens"/><SP WIDTH="25" VPOS="1559" HPOS="1124"/>
							<String ID="string_106" HPOS="1149" VPOS="1558" WIDTH="212" HEIGHT="48" WC="0.96" CONTENT="järnvägar."/>
						</TextLine>
					</TextBlock>
					<TextBlock ID="block_4" HPOS="290" VPOS="1604" WIDTH="1414" HEIGHT="61">
						<TextLine ID="line_13" HPOS="290" VPOS="1604" WIDTH="1414" HEIGHT="61">
							<String ID="string_107" HPOS="290" VPOS="1604" WIDTH="73" HEIGHT="34" WC="0.96" CONTENT="Till"/><SP WIDTH="29" VPOS="1604" HPOS="363"/>
							<String ID="string_108" HPOS="392" VPOS="1606" WIDTH="82" HEIGHT="34" WC="0.96" CONTENT="stöd"/><SP WIDTH="28" VPOS="1606" HPOS="474"/>
							<String ID="string_109" HPOS="502" VPOS="1605" WIDTH="57" HEIGHT="35" WC="0.96" CONTENT="för"/><SP WIDTH="27" VPOS="1605" HPOS="559"/>
							<String ID="string_110" HPOS="586" VPOS="1606" WIDTH="156" HEIGHT="35" WC="0.96" CONTENT="berörda"/><SP WIDTH="29" VPOS="1606" HPOS="742"/>
							<String ID="string_111" HPOS="771" VPOS="1608" WIDTH="221" HEIGHT="36" WC="0.96" CONTENT="hemställan"/><SP WIDTH="29" VPOS="1608" HPOS="992"/>
							<String ID="string_112" HPOS="1021" VPOS="1611" WIDTH="67" HEIGHT="34" WC="0.96" CONTENT="har"/><SP WIDTH="29" VPOS="1611" HPOS="1088"/>
							<String ID="string_113" HPOS="1117" VPOS="1612" WIDTH="230" HEIGHT="36" WC="0.96" CONTENT="motionären"/><SP WIDTH="30" VPOS="1612" HPOS="1347"/>
							<String ID="string_114" HPOS="1377" VPOS="1615" WIDTH="120" HEIGHT="36" WC="0.96" CONTENT="anfört"/><SP WIDTH="28" VPOS="1615" HPOS="1497"/>
							<String ID="string_115" HPOS="1525" VPOS="1617" WIDTH="179" HEIGHT="48" WC="0.95" CONTENT="följande:"/>
						</TextLine>
					</TextBlock>
				</ComposedBlock>
				<ComposedBlock ID="cblock_4" HPOS="182" VPOS="1711" WIDTH="1598" HEIGHT="590">
					<TextBlock ID="block_5" HPOS="182" VPOS="1711" WIDTH="1588" HEIGHT="103">
						<TextLine ID="line_14" HPOS="292" VPOS="1711" WIDTH="1478" HEIGHT="58">
							<String ID="string_116" HPOS="292" VPOS="1711" WIDTH="41" HEIGHT="35" WC="0.81" CONTENT="»I"/><SP WIDTH="28" VPOS="1711" HPOS="333"/>
							<String ID="string_117" HPOS="361" VPOS="1711" WIDTH="196" HEIGHT="48" WC="0.96" CONTENT="tidningen"/><SP WIDTH="29" VPOS="1711" HPOS="557"/>
							<String ID="string_118" HPOS="586" VPOS="1713" WIDTH="245" HEIGHT="38" WC="0.96" CONTENT="Aftonbladet"/><SP WIDTH="27" VPOS="1713" HPOS="831"/>
							<String ID="string_119" HPOS="858" VPOS="1716" WIDTH="56" HEIGHT="36" WC="0.96" CONTENT="för"/><SP WIDTH="29" VPOS="1716" HPOS="914"/>
							<String ID="string_120" HPOS="943" VPOS="1717" WIDTH="72" HEIGHT="36" WC="0.95" CONTENT="den"/><SP WIDTH="31" VPOS="1717" HPOS="1015"/>
							<String ID="string_121" HPOS="1046" VPOS="1721" WIDTH="46" HEIGHT="33" WC="0.93" CONTENT="29"/><SP WIDTH="32" VPOS="1721" HPOS="1092"/>
							<String ID="string_122" HPOS="1124" VPOS="1719" WIDTH="168" HEIGHT="37" WC="0.84" CONTENT="sgistlidne"/><SP WIDTH="25" VPOS="1719" HPOS="1292"/>
							<String ID="string_123" HPOS="1317" VPOS="1721" WIDTH="149" HEIGHT="48" WC="0.96" CONTENT="januari"/><SP WIDTH="18" VPOS="1721" HPOS="1466"/>
							<String ID="string_124" HPOS="1484" VPOS="1724" WIDTH="113" HEIGHT="36" WC="0.96" CONTENT="lästes"/><SP WIDTH="16" VPOS="1724" HPOS="1597"/>
							<String ID="string_125" HPOS="1613" VPOS="1738" WIDTH="45" HEIGHT="23" WC="0.96" CONTENT="en"/><SP WIDTH="15" VPOS="1738" HPOS="1658"/>
							<String ID="string_126" HPOS="1673" VPOS="1727" WIDTH="97" HEIGHT="35" WC="0.96" CONTENT="notis"/>
						</TextLine>
						<TextLine ID="line_15" HPOS="182" VPOS="1765" WIDTH="411" HEIGHT="49">
							<String ID="string_127" HPOS="182" VPOS="1766" WIDTH="39" HEIGHT="34" WC="0.90" CONTENT="af"/><SP WIDTH="24" VPOS="1766" HPOS="221"/>
							<String ID="string_128" HPOS="245" VPOS="1765" WIDTH="163" HEIGHT="47" WC="0.96" CONTENT="följande"/><SP WIDTH="28" VPOS="1765" HPOS="408"/>
							<String ID="string_129" HPOS="436" VPOS="1767" WIDTH="157" HEIGHT="47" WC="0.96" CONTENT="lydelse:"/>
						</TextLine>
					</TextBlock>
					<TextBlock ID="block_6" HPOS="183" VPOS="1819" WIDTH="1597" HEIGHT="214">
						<TextLine ID="line_16" HPOS="291" VPOS="1819" WIDTH="1489" HEIGHT="57">
							<String ID="string_130" HPOS="291" VPOS="1819" WIDTH="138" HEIGHT="36" WC="0.94" CONTENT="Svåra"/><SP WIDTH="43" VPOS="1819" HPOS="429"/>
							<String ID="string_131" HPOS="472" VPOS="1821" WIDTH="423" HEIGHT="39" WC="0.95" CONTENT="missförhållanden"/><SP WIDTH="41" VPOS="1821" HPOS="895"/>
							<String ID="string_132" HPOS="936" VPOS="1826" WIDTH="72" HEIGHT="35" WC="0.93" CONTENT="vid"/><SP WIDTH="35" VPOS="1826" HPOS="1008"/>
							<String ID="string_133" HPOS="1043" VPOS="1826" WIDTH="456" HEIGHT="50" WC="0.86" CONTENT="djurtransporterna."/><SP WIDTH="60" VPOS="1826" HPOS="1499"/>
							<String ID="string_134" HPOS="1559" VPOS="1832" WIDTH="221" HEIGHT="38" WC="0.90" CONTENT="Centralför-"/>
						</TextLine>
						<TextLine ID="line_17" HPOS="183" VPOS="1872" WIDTH="1596" HEIGHT="62">
							<String ID="string_135" HPOS="183" VPOS="1872" WIDTH="142" HEIGHT="36" WC="0.95" CONTENT="bundet"/><SP WIDTH="37" VPOS="1872" HPOS="325"/>
							<String ID="string_136" HPOS="362" VPOS="1874" WIDTH="57" HEIGHT="35" WC="0.93" CONTENT="för"/><SP WIDTH="29" VPOS="1874" HPOS="419"/>
							<String ID="string_137" HPOS="448" VPOS="1874" WIDTH="491" HEIGHT="51" WC="0.90" CONTENT="djurskyddsföreningarna"/><SP WIDTH="39" VPOS="1874" HPOS="939"/>
							<String ID="string_138" HPOS="978" VPOS="1881" WIDTH="67" HEIGHT="34" WC="0.66" CONTENT="har"/><SP WIDTH="47" VPOS="1881" HPOS="1045"/>
							<String ID="string_139" HPOS="1092" VPOS="1881" WIDTH="70" HEIGHT="36" WC="0.95" CONTENT="fått"/><SP WIDTH="42" VPOS="1881" HPOS="1162"/>
							<String ID="string_140" HPOS="1204" VPOS="1886" WIDTH="163" HEIGHT="44" WC="0.95" CONTENT="mottaga"/><SP WIDTH="29" VPOS="1886" HPOS="1367"/>
							<String ID="string_141" HPOS="1396" VPOS="1884" WIDTH="89" HEIGHT="36" WC="0.96" CONTENT="flera"/><SP WIDTH="29" VPOS="1884" HPOS="1485"/>
							<String ID="string_142" HPOS="1514" VPOS="1891" WIDTH="192" HEIGHT="43" WC="0.96" CONTENT="rapporter"/><SP WIDTH="29" VPOS="1891" HPOS="1706"/>
							<String ID="string_143" HPOS="1735" VPOS="1901" WIDTH="44" HEIGHT="23" WC="0.95" CONTENT="av"/>
						</TextLine>
						<TextLine ID="line_18" HPOS="184" VPOS="1926" WIDTH="1595" HEIGHT="64">
							<String ID="string_144" HPOS="184" VPOS="1926" WIDTH="143" HEIGHT="47" WC="0.93" CONTENT="ganska"/><SP WIDTH="29" VPOS="1926" HPOS="327"/>
							<String ID="string_145" HPOS="356" VPOS="1930" WIDTH="408" HEIGHT="44" WC="0.90" CONTENT="uppseendeväckande"/><SP WIDTH="41" VPOS="1930" HPOS="764"/>
							<String ID="string_146" HPOS="805" VPOS="1932" WIDTH="180" HEIGHT="37" WC="0.96" CONTENT="innebörd"/><SP WIDTH="28" VPOS="1932" HPOS="985"/>
							<String ID="string_147" HPOS="1013" VPOS="1935" WIDTH="13" HEIGHT="34" WC="0.96" CONTENT="i"/><SP WIDTH="28" VPOS="1935" HPOS="1026"/>
							<String ID="string_148" HPOS="1054" VPOS="1935" WIDTH="103" HEIGHT="46" WC="0.96" CONTENT="fråga"/><SP WIDTH="30" VPOS="1935" HPOS="1157"/>
							<String ID="string_149" HPOS="1187" VPOS="1949" WIDTH="57" HEIGHT="22" WC="0.96" CONTENT="om"/><SP WIDTH="31" VPOS="1949" HPOS="1244"/>
							<String ID="string_150" HPOS="1275" VPOS="1940" WIDTH="212" HEIGHT="34" WC="0.95" CONTENT="svårartade"/><SP WIDTH="29" VPOS="1940" HPOS="1487"/>
							<String ID="string_151" HPOS="1516" VPOS="1939" WIDTH="65" HEIGHT="36" WC="0.96" CONTENT="fall"/><SP WIDTH="29" VPOS="1939" HPOS="1581"/>
							<String ID="string_152" HPOS="1610" VPOS="1953" WIDTH="46" HEIGHT="23" WC="0.96" CONTENT="av"/><SP WIDTH="30" VPOS="1953" HPOS="1656"/>
							<String ID="string_153" HPOS="1686" VPOS="1942" WIDTH="93" HEIGHT="48" WC="0.92" CONTENT="djur-"/>
						</TextLine>
						<TextLine ID="line_19" HPOS="185" VPOS="1980" WIDTH="646" HEIGHT="53">
							<String ID="string_154" HPOS="185" VPOS="1980" WIDTH="143" HEIGHT="47" WC="0.92" CONTENT="plågeri"/><SP WIDTH="27" VPOS="1980" HPOS="328"/>
							<String ID="string_155" HPOS="355" VPOS="1981" WIDTH="63" HEIGHT="35" WC="0.96" CONTENT="vid"/><SP WIDTH="29" VPOS="1981" HPOS="418"/>
							<String ID="string_156" HPOS="447" VPOS="1986" WIDTH="187" HEIGHT="44" WC="0.95" CONTENT="transport"/><SP WIDTH="28" VPOS="1986" HPOS="634"/>
							<String ID="string_157" HPOS="662" VPOS="1996" WIDTH="46" HEIGHT="24" WC="0.96" CONTENT="av"/><SP WIDTH="30" VPOS="1996" HPOS="708"/>
							<String ID="string_158" HPOS="738" VPOS="1985" WIDTH="93" HEIGHT="48" WC="0.96" CONTENT="djur."/>
						</TextLine>
					</TextBlock>
					<TextBlock ID="block_7" HPOS="185" VPOS="2035" WIDTH="1594" HEIGHT="156">
						<TextLine ID="line_20" HPOS="294" VPOS="2035" WIDTH="1484" HEIGHT="54">
							<String ID="string_159" HPOS="294" VPOS="2035" WIDTH="46" HEIGHT="34" WC="0.96" CONTENT="Så"/><SP WIDTH="42" VPOS="2035" HPOS="340"/>
							<String ID="string_160" HPOS="382" VPOS="2036" WIDTH="67" HEIGHT="34" WC="0.96" CONTENT="har"/><SP WIDTH="41" VPOS="2036" HPOS="449"/>
							<String ID="string_161" HPOS="490" VPOS="2037" WIDTH="78" HEIGHT="35" WC="0.96" CONTENT="helt"/><SP WIDTH="41" VPOS="2037" HPOS="568"/>
							<String ID="string_162" HPOS="609" VPOS="2038" WIDTH="154" HEIGHT="47" WC="0.78" CONTENT="nyligen"/><SP WIDTH="40" VPOS="2038" HPOS="763"/>
							<String ID="string_163" HPOS="803" VPOS="2040" WIDTH="63" HEIGHT="35" WC="0.96" CONTENT="vid"/><SP WIDTH="34" VPOS="2040" HPOS="866"/>
							<String ID="string_164" HPOS="900" VPOS="2053" WIDTH="46" HEIGHT="23" WC="0.96" CONTENT="en"/><SP WIDTH="32" VPOS="2053" HPOS="946"/>
							<String ID="string_165" HPOS="978" VPOS="2043" WIDTH="227" HEIGHT="46" WC="0.96" CONTENT="namngiven"/><SP WIDTH="29" VPOS="2043" HPOS="1205"/>
							<String ID="string_166" HPOS="1234" VPOS="2047" WIDTH="116" HEIGHT="33" WC="0.96" CONTENT="större"/><SP WIDTH="30" VPOS="2047" HPOS="1350"/>
							<String ID="string_167" HPOS="1380" VPOS="2046" WIDTH="137" HEIGHT="36" WC="0.96" CONTENT="station"/><SP WIDTH="28" VPOS="2046" HPOS="1517"/>
							<String ID="string_168" HPOS="1545" VPOS="2048" WIDTH="13" HEIGHT="35" WC="0.96" CONTENT="i"/><SP WIDTH="24" VPOS="2048" HPOS="1558"/>
							<String ID="string_169" HPOS="1582" VPOS="2051" WIDTH="54" HEIGHT="33" WC="0.96" CONTENT="ett"/><SP WIDTH="24" VPOS="2051" HPOS="1636"/>
							<String ID="string_170" HPOS="1660" VPOS="2061" WIDTH="47" HEIGHT="25" WC="0.96" CONTENT="av"/><SP WIDTH="28" VPOS="2061" HPOS="1707"/>
							<String ID="string_171" HPOS="1735" VPOS="2051" WIDTH="43" HEIGHT="34" WC="0.96" CONTENT="de"/>
						</TextLine>
						<TextLine ID="line_21" HPOS="185" VPOS="2088" WIDTH="1594" HEIGHT="62">
							<String ID="string_172" HPOS="185" VPOS="2088" WIDTH="227" HEIGHT="46" WC="0.96" CONTENT="nordligaste"/><SP WIDTH="44" VPOS="2088" HPOS="412"/>
							<String ID="string_173" HPOS="456" VPOS="2090" WIDTH="110" HEIGHT="35" WC="0.96" CONTENT="länen"/><SP WIDTH="42" VPOS="2090" HPOS="566"/>
							<String ID="string_174" HPOS="608" VPOS="2091" WIDTH="13" HEIGHT="35" WC="0.95" CONTENT="i"/><SP WIDTH="42" VPOS="2091" HPOS="621"/>
							<String ID="string_175" HPOS="663" VPOS="2093" WIDTH="107" HEIGHT="34" WC="0.96" CONTENT="södra"/><SP WIDTH="44" VPOS="2093" HPOS="770"/>
							<String ID="string_176" HPOS="814" VPOS="2094" WIDTH="150" HEIGHT="46" WC="0.37" CONTENT="Sverige"/><SP WIDTH="31" VPOS="2094" HPOS="964"/>
							<String ID="string_177" HPOS="995" VPOS="2095" WIDTH="175" HEIGHT="46" WC="0.96" CONTENT="inträffat,"/><SP WIDTH="33" VPOS="2095" HPOS="1170"/>
							<String ID="string_178" HPOS="1203" VPOS="2101" WIDTH="53" HEIGHT="32" WC="0.96" CONTENT="att"/><SP WIDTH="27" VPOS="2101" HPOS="1256"/>
							<String ID="string_179" HPOS="1283" VPOS="2099" WIDTH="90" HEIGHT="35" WC="0.96" CONTENT="flera"/><SP WIDTH="29" VPOS="2099" HPOS="1373"/>
							<String ID="string_180" HPOS="1402" VPOS="2102" WIDTH="273" HEIGHT="48" WC="0.93" CONTENT="transportdjur"/><SP WIDTH="28" VPOS="2102" HPOS="1675"/>
							<String ID="string_181" HPOS="1703" VPOS="2116" WIDTH="76" HEIGHT="23" WC="0.91" CONTENT="om-"/>
						</TextLine>
						<TextLine ID="line_22" HPOS="185" VPOS="2141" WIDTH="840" HEIGHT="50">
							<String ID="string_182" HPOS="185" VPOS="2141" WIDTH="181" HEIGHT="36" WC="0.96" CONTENT="kommit"/><SP WIDTH="26" VPOS="2141" HPOS="366"/>
							<String ID="string_183" HPOS="392" VPOS="2142" WIDTH="14" HEIGHT="35" WC="0.96" CONTENT="i"/><SP WIDTH="27" VPOS="2142" HPOS="406"/>
							<String ID="string_184" HPOS="433" VPOS="2142" WIDTH="91" HEIGHT="49" WC="0.96" CONTENT="följd"/><SP WIDTH="29" VPOS="2142" HPOS="524"/>
							<String ID="string_185" HPOS="553" VPOS="2157" WIDTH="45" HEIGHT="24" WC="0.96" CONTENT="av"/><SP WIDTH="28" VPOS="2157" HPOS="598"/>
							<String ID="string_186" HPOS="626" VPOS="2146" WIDTH="97" HEIGHT="35" WC="0.96" CONTENT="svält"/><SP WIDTH="27" VPOS="2146" HPOS="723"/>
							<String ID="string_187" HPOS="750" VPOS="2147" WIDTH="68" HEIGHT="35" WC="0.96" CONTENT="och"/><SP WIDTH="28" VPOS="2147" HPOS="818"/>
							<String ID="string_188" HPOS="846" VPOS="2149" WIDTH="179" HEIGHT="35" WC="0.96" CONTENT="vanvård!"/>
						</TextLine>
					</TextBlock>
					<TextBlock ID="block_8" HPOS="186" VPOS="2196" WIDTH="1593" HEIGHT="105">
						<TextLine ID="line_23" HPOS="293" VPOS="2196" WIDTH="1486" HEIGHT="59">
							<String ID="string_189" HPOS="293" VPOS="2196" WIDTH="20" HEIGHT="35" WC="0.95" CONTENT="I"/><SP WIDTH="42" VPOS="2196" HPOS="313"/>
							<String ID="string_190" HPOS="355" VPOS="2208" WIDTH="47" HEIGHT="23" WC="0.96" CONTENT="en"/><SP WIDTH="42" VPOS="2208" HPOS="402"/>
							<String ID="string_191" HPOS="444" VPOS="2209" WIDTH="124" HEIGHT="24" WC="0.96" CONTENT="annan"/><SP WIDTH="40" VPOS="2209" HPOS="568"/>
							<String ID="string_192" HPOS="608" VPOS="2203" WIDTH="152" HEIGHT="43" WC="0.95" CONTENT="rapport"/><SP WIDTH="31" VPOS="2203" HPOS="760"/>
							<String ID="string_193" HPOS="791" VPOS="2202" WIDTH="200" HEIGHT="44" WC="0.95" CONTENT="meddelas,"/><SP WIDTH="32" VPOS="2202" HPOS="991"/>
							<String ID="string_194" HPOS="1023" VPOS="2206" WIDTH="54" HEIGHT="33" WC="0.96" CONTENT="att"/><SP WIDTH="27" VPOS="2206" HPOS="1077"/>
							<String ID="string_195" HPOS="1104" VPOS="2206" WIDTH="321" HEIGHT="49" WC="0.90" CONTENT="transportdjuren"/><SP WIDTH="30" VPOS="2206" HPOS="1425"/>
							<String ID="string_196" HPOS="1455" VPOS="2210" WIDTH="118" HEIGHT="35" WC="0.96" CONTENT="under"/><SP WIDTH="28" VPOS="2210" HPOS="1573"/>
							<String ID="string_197" HPOS="1601" VPOS="2210" WIDTH="64" HEIGHT="36" WC="0.93" CONTENT="sitt"/><SP WIDTH="27" VPOS="2210" HPOS="1665"/>
							<String ID="string_198" HPOS="1692" VPOS="2211" WIDTH="87" HEIGHT="36" WC="0.91" CONTENT="fors-"/>
						</TextLine>
						<TextLine ID="line_24" HPOS="186" VPOS="2249" WIDTH="1592" HEIGHT="52">
							<String ID="string_199" HPOS="186" VPOS="2249" WIDTH="111" HEIGHT="35" WC="0.95" CONTENT="lande"/><SP WIDTH="43" VPOS="2249" HPOS="297"/>
							<String ID="string_200" HPOS="340" VPOS="2252" WIDTH="47" HEIGHT="44" WC="0.96" CONTENT="på"/><SP WIDTH="38" VPOS="2252" HPOS="387"/>
							<String ID="string_201" HPOS="425" VPOS="2251" WIDTH="249" HEIGHT="48" WC="0.96" CONTENT="järnvägarna"/><SP WIDTH="33" VPOS="2251" HPOS="674"/>
							<String ID="string_202" HPOS="707" VPOS="2254" WIDTH="37" HEIGHT="35" WC="0.96" CONTENT="få"/><SP WIDTH="28" VPOS="2254" HPOS="744"/>
							<String ID="string_203" HPOS="772" VPOS="2255" WIDTH="76" HEIGHT="35" WC="0.96" CONTENT="lida"/><SP WIDTH="34" VPOS="2255" HPOS="848"/>
							<String ID="string_204" HPOS="882" VPOS="2257" WIDTH="146" HEIGHT="35" WC="0.96" CONTENT="oerhört"/><SP WIDTH="29" VPOS="2257" HPOS="1028"/>
							<String ID="string_205" HPOS="1057" VPOS="2270" WIDTH="46" HEIGHT="23" WC="0.96" CONTENT="av"/><SP WIDTH="28" VPOS="2270" HPOS="1103"/>
							<String ID="string_206" HPOS="1131" VPOS="2260" WIDTH="95" HEIGHT="35" WC="0.95" CONTENT="svält"/><SP WIDTH="29" VPOS="2260" HPOS="1226"/>
							<String ID="string_207" HPOS="1255" VPOS="2261" WIDTH="67" HEIGHT="35" WC="0.96" CONTENT="och"/><SP WIDTH="30" VPOS="2261" HPOS="1322"/>
							<String ID="string_208" HPOS="1352" VPOS="2265" WIDTH="102" HEIGHT="32" WC="0.96" CONTENT="törst."/><SP WIDTH="59" VPOS="2265" HPOS="1454"/>
							<String ID="string_209" HPOS="1513" VPOS="2264" WIDTH="74" HEIGHT="35" WC="0.95" CONTENT="Det"/><SP WIDTH="27" VPOS="2264" HPOS="1587"/>
							<String ID="string_210" HPOS="1614" VPOS="2264" WIDTH="55" HEIGHT="35" WC="0.96" CONTENT="lär"/><SP WIDTH="26" VPOS="2264" HPOS="1669"/>
							<String ID="string_211" HPOS="1695" VPOS="2264" WIDTH="83" HEIGHT="37" WC="0.96" CONTENT="icke"/>
						</TextLine>
					</TextBlock>
				</ComposedBlock>
				<ComposedBlock ID="cblock_5" HPOS="232" VPOS="2321" WIDTH="1499" HEIGHT="53">
					<TextBlock ID="block_9" HPOS="232" VPOS="2321" WIDTH="1499" HEIGHT="53">
						<TextLine ID="line_25" HPOS="232" VPOS="2321" WIDTH="1499" HEIGHT="53">
							<String ID="string_212" HPOS="232" VPOS="2321" WIDTH="137" HEIGHT="39" WC="0.91" CONTENT="Bihang"/><SP WIDTH="22" VPOS="2321" HPOS="369"/>
							<String ID="string_213" HPOS="391" VPOS="2322" WIDTH="52" HEIGHT="30" WC="0.95" CONTENT="till"/><SP WIDTH="23" VPOS="2322" HPOS="443"/>
							<String ID="string_214" HPOS="466" VPOS="2323" WIDTH="210" HEIGHT="40" WC="0.95" CONTENT="Riksdagens"/><SP WIDTH="21" VPOS="2323" HPOS="676"/>
							<String ID="string_215" HPOS="697" VPOS="2327" WIDTH="162" HEIGHT="36" WC="0.96" CONTENT="protokoll"/><SP WIDTH="24" VPOS="2327" HPOS="859"/>
							<String ID="string_216" HPOS="883" VPOS="2329" WIDTH="95" HEIGHT="29" WC="0.96" CONTENT="1913."/><SP WIDTH="42" VPOS="2329" HPOS="978"/>
							<String ID="string_217" HPOS="1020" VPOS="2330" WIDTH="42" HEIGHT="28" WC="0.96" CONTENT="13"/><SP WIDTH="23" VPOS="2330" HPOS="1062"/>
							<String ID="string_218" HPOS="1085" VPOS="2331" WIDTH="96" HEIGHT="29" WC="0.95" CONTENT="saml."/><SP WIDTH="36" VPOS="2331" HPOS="1181"/>
							<String ID="string_219" HPOS="1217" VPOS="2332" WIDTH="19" HEIGHT="29" WC="0.96" CONTENT="3"/><SP WIDTH="25" VPOS="2332" HPOS="1236"/>
							<String ID="string_220" HPOS="1261" VPOS="2333" WIDTH="70" HEIGHT="29" WC="0.96" CONTENT="avd."/><SP WIDTH="42" VPOS="2333" HPOS="1331"/>
							<String ID="string_221" HPOS="1373" VPOS="2334" WIDTH="19" HEIGHT="28" WC="0.95" CONTENT="6"/><SP WIDTH="26" VPOS="2334" HPOS="1392"/>
							<String ID="string_222" HPOS="1418" VPOS="2334" WIDTH="80" HEIGHT="38" WC="0.88" CONTENT="häft."/><SP WIDTH="36" VPOS="2334" HPOS="1498"/>
							<String ID="string_223" HPOS="1534" VPOS="2334" WIDTH="63" HEIGHT="38" WC="0.96" CONTENT="(Nr"/><SP WIDTH="25" VPOS="2334" HPOS="1597"/>
							<String ID="string_224" HPOS="1622" VPOS="2336" WIDTH="41" HEIGHT="38" WC="0.83" CONTENT="6)"/><SP WIDTH="55" VPOS="2336" HPOS="1663"/>
							<String ID="string_225" HPOS="1718" VPOS="2336" WIDTH="13" HEIGHT="30" WC="0.94" CONTENT="1"/>
						</TextLine>
					</TextBlock>
				</ComposedBlock>
				<ComposedBlock ID="cblock_6" HPOS="1803" VPOS="1737" WIDTH="146" HEIGHT="28">
					<TextBlock ID="block_10" HPOS="1803" VPOS="1737" WIDTH="146" HEIGHT="28">
						<TextLine ID="line_26" HPOS="1803" VPOS="1737" WIDTH="146" HEIGHT="28">
							<String ID="string_226" HPOS="1803" VPOS="1737" WIDTH="146" HEIGHT="28" WC="0.96" CONTENT="Motionen."/>
						</TextLine>
					</TextBlock>
				</ComposedBlock>
			</PrintSpace>
		</Page>
	</Layout>
</alto>
