2247 2669
733 203 243 42 Laqgutskottets
1009 204 177 36 Utlåtande
1214 208 53 34 Nr
1295 211 54 30 25.
1771 214 15 32 1

980 690 65 41 Nr
1073 692 76 40 25.

644 796 126 28 Ankom
794 797 48 28 till
866 798 198 38 Riksdagens
1088 800 104 28 kansli
1216 801 62 28 den
1302 801 18 28 8
1343 810 84 20 mars
1454 803 78 29 1910
1556 804 41 28 kl.
1622 805 18 28 4
1664 814 24 20 e.
1714 815 40 20 m.

561 888 205 49 Utlåtande,
801 890 14 36 i
846 891 195 50 anledning
1082 893 48 49 af
1165 894 102 36 väckt
1306 896 130 36 motion
1465 909 55 24 om
1560 898 184 49 skrifvelse
1785 901 54 35 till

657 950 133 50 Kungl.
833 952 111 48 Maj:t
984 953 183 48 angdende
1205 955 226 49 förpliktelse
1465 958 65 49 för
1571 960 266 50 arbetsgifvare,

655 1023 89 25 som:
768 1018 149 43 antager
954 1014 190 50 utlänning
1172 1015 14 36 1
1216 1016 125 49 arbete,
1371 1024 51 30 att
1452 1023 130 32 ersätta
1610 1021 118 49 däraf
1750 1025 88 42 möj-

656 1072 91 49 ligen
775 1073 289 48 uppkommande
1091 1076 188 38 kostnader
1300 1078 66 49 för
1385 1079 208 49 fattigvård
1620 1094 45 24 m.
1697 1095 43 23 m.

345 1173 275 49 Lagutskottet
647 1175 68 37 har
743 1175 58 38 till
829 1176 235 52 behandling
1092 1180 163 37 förehaft
1283 1182 284 51 nedanintagna
1586 1184 102 38 inom
1707 1186 130 38 Andra

241 1224 219 39 kammaren
501 1227 41 36 af
580 1227 87 37 herr
707 1230 52 36 N.
801 1230 94 37 Edv.
938 1232 181 50 Lindberg
1155 1233 149 49 väckta,
1333 1234 58 37 till
1420 1236 183 38 utskottet
1630 1238 206 39 hänvisade

242 1278 155 48 motion,
426 1292 46 23 nr
503 1280 83 48 164,
615 1280 55 37 uti
699 1280 157 39 hvilken
883 1283 90 37 herr
1001 1284 92 38 Sven
1122 1286 154 37 Linders
1303 1287 166 38 instämt.

344 1330 195 38 Motionen
568 1338 41 30 är
637 1333 41 36 af
702 1334 167 50 följande
897 1335 161 50 lydelse:

343 1383 74 37 »På
437 1383 73 38 den
531 1385 165 37 svenska
716 1386 361 40 arbetsmarknaden
1098 1390 118 38 strida
1234 1391 161 50 alltjämt
1414 1393 172 39 arbetare
1607 1395 69 37 och
1691 1396 145 38 arbets-

240 1434 148 49 gifvare
430 1449 62 24 om
533 1437 81 37 sina
655 1442 131 46 tyvärr
831 1439 129 39 alltför
989 1441 79 38 vidt
1096 1442 121 38 skilda
1245 1443 202 39 intressen.
1503 1446 154 39 Antalet
1675 1450 160 37 utvand-

240 1487 117 37 rande
390 1489 174 37 arbetare
592 1490 94 37 ökas
716 1494 40 34 år
783 1491 60 38 för
871 1495 39 34 år
938 1493 12 36 i
978 1495 261 38 oroväckande
1267 1497 107 49 grad.
1431 1498 149 39 Svensk
1608 1500 126 38 kultur
1763 1503 71 36 och

240 1540 157 37 svenskt
426 1541 130 37 arbete
583 1542 76 38 lida
686 1543 222 50 härigenom
933 1547 225 50 oersättliga
1185 1548 192 38 förluster.

344 1592 121 38 Bland
506 1593 45 38 de
592 1595 317 39 hemmavarande
937 1599 360 40 arbetareskarorna
1325 1602 180 38 anställer
1533 1603 73 38 den
1634 1605 130 51 hvarje
1794 1610 40 34 år

241 1645 310 38 återkommande
608 1647 302 40 arbetslösheten
960 1651 294 40 fruktansvärda
1295 1655 235 49 härjningar.
1585 1651 115 43 Ånnu
1741 1664 91 32 utan

240 1697 227 38 nämnvärdt
507 1699 160 38 resultat
699 1701 69 37 har
795 1705 48 47 på
872 1715 133 26 senare
1034 1704 105 38 tiden
1167 1706 104 38 såväl
1299 1707 12 36 i
1337 1707 222 51 Riksdagen
1588 1723 80 24 som
1697 1724 134 24 annor-

240 1750 128 37 städes
411 1750 195 39 framförts
648 1753 88 37 kraf
773 1757 48 46 på
863 1757 314 38 statsmakternas
1216 1759 70 36 och
1314 1759 46 37 de
1389 1760 240 39 kommunala
1657 1764 175 48 myndig-

237 1801 181 39 heternas
459 1803 228 51 ingripande
728 1806 59 37 för
827 1811 56 32 att
922 1807 12 37 i
974 1812 128 45 någon
1143 1813 86 34 mån
1256 1811 197 38 förhindra
1481 1813 46 37 de
1554 1813 180 40 lidandén
1762 1817 70 36 och

239 1854 166 49 olyckor,
436 1868 82 25 som
559 1857 304 39 arbetslösheten
904 1859 170 51 tillfogar
1115 1876 47 23 en
1191 1863 151 50 mycket
1371 1869 78 33 stor
1477 1865 61 37 del
1566 1866 42 37 af
1632 1867 65 37 det
1725 1868 106 37 arbe-

237 1907 115 36 tande
381 1907 132 38 folket.
571 1909 206 45 Samhället
804 1911 68 38 har
900 1912 231 39 härutinnan
1158 1915 190 51 knappast
1375 1917 138 37 hunnit
1540 1918 134 51 längre
1702 1924 48 33 än
1773 1920 58 38 till

238 1963 56 32 att
322 1964 100 33 sätta
448 1961 319 39 räknemaskinen
794 1963 12 37 i
834 1967 117 47 gång.

343 2011 205 52 Samtidigt
577 2014 86 38 med
691 2020 55 33 att
774 2016 112 38 dessa
919 2017 262 40 förhållanden
1209 2020 114 37 bland
1351 2021 150 38 landets
1530 2036 99 38 egna
1657 2024 172 39 arbetare

239 2077 151 25 snarare
432 2066 189 38 förvärras
651 2072 47 33 än
726 2068 219 50 förbättras,
973 2074 131 46 pågår,
1134 2073 259 50 synnerligast
1419 2075 13 36 i
1458 2075 150 39 landets
1637 2078 191 49 sydligare

237 2117 210 50 provinser,
478 2131 47 24 en
552 2119 140 50 import
720 2121 42 37 af
794 2122 178 37 utländsk
1000 2123 240 49 arbetskraft,
1257 2139 92 36 som,
1370 2140 61 23 om
1450 2128 72 36 den
1543 2129 96 37 skall
1654 2130 175 39 fortsätta

238 2171 48 46 på
327 2169 72 37 den
432 2170 178 50 inslagna
638 2177 136 45 vägen,
803 2179 93 32 utan
923 2175 136 38 tvifvel
1086 2176 171 38 kommer
1285 2183 55 32 att
1367 2179 171 39 medföra
1567 2177 260 60 olägenheter,

238 2234 82 24 som
343 2222 117 38 redan
484 2224 124 50 börjat
631 2231 95 43 göra
747 2227 61 48 sig
826 2227 195 38 kännbara
1042 2229 70 37 och
1127 2229 248 39 tvifvelsutan
1389 2232 150 39 komma
1555 2239 55 32 att
1625 2235 200 39 förvärras.

341 2273 210 40 Samhället
578 2277 73 37 kan
682 2278 81 37 icke
790 2279 185 50 likgiltigt
1004 2284 63 34 åse
1097 2282 110 38 dessa
1234 2283 273 41 förhållanden.

340 2326 73 38 Vid
441 2328 234 50 föregående
703 2330 159 51 riksdag
889 2332 156 38 väcktes
1074 2334 41 37 af
1139 2335 286 40 undertecknad
1454 2338 153 49 motion,
1641 2339 107 39 hvari
1779 2344 48 47 på

320 2389 68 30 Bih.
413 2390 45 30 till
480 2392 103 29 Riksd.
608 2393 80 29 Prot.
715 2393 89 30 1910.
851 2395 18 27 7
893 2394 88 30 Saml.
1027 2397 40 27 23
1092 2397 85 33 Häft.
1226 2399 61 33 (Nr
1309 2400 66 33 25)
