1874 2812
540 172 319 32 Utrikesutskottets
882 169 175 31 utlåtande
1082 179 41 20 nr
1144 170 29 30 5.
1592 160 17 30 7

104 258 168 36 handling
291 266 43 21 av
356 256 123 37 viktigt
501 255 127 31 ärende
646 255 64 36 äga
730 263 80 21 rum
830 253 175 37 praktiskt
1024 256 92 32 taget
1137 252 57 30 vid
1216 251 117 30 vilken
1354 250 164 37 tidpunkt
1538 259 74 22 som

105 310 89 30 helst
213 318 42 21 av
275 307 73 31 året
369 310 85 28 utan
476 309 49 28 att
544 305 127 31 urtima
690 304 140 36 riksdag
851 304 152 30 behöver
1020 303 159 30 inkallas.
1201 301 75 31 Vad
1296 300 74 31 åter
1390 299 109 38 angår
1518 300 95 36 övrig

103 361 225 38 lagstiftning,
351 359 59 32 må
431 360 131 30 erinras
581 368 59 21 om
660 358 68 30 vad
749 366 75 22 som
844 356 135 31 anförts
1001 355 11 30 i
1034 354 347 32 överbefälhavarens
1404 353 95 31 förut
1521 352 88 31 åter-

101 413 104 37 givna
222 411 160 38 yttrande
400 410 178 37 angående
596 408 203 36 erforderlig
816 407 149 36 ändring
982 406 11 30 i
1012 405 296 36 värnpliktslagen
1327 404 67 30 den
1413 403 44 30 30
1475 404 132 30 decem-

104 462 60 33 ber
188 463 92 30 1941.

150 513 79 31 Som
245 513 107 30 redan
368 510 220 36 framhållits,
604 509 98 32 skola
717 509 254 30 medlemsstats
987 506 151 32 militära
1155 505 234 37 förpliktelser
1405 505 104 37 enligt
1526 504 82 30 För-

108 565 79 27 enta
203 561 229 31 Nationernas
450 559 121 36 stadga
587 559 161 30 närmare
763 558 142 35 angivas
922 557 11 29 i
952 559 46 28 ett
1012 557 127 29 mellan
1157 554 278 32 säkerhetsrådet
1451 555 65 30 och
1532 553 82 31 ifrå-

108 611 195 37 gavarande
323 610 156 37 regering
500 608 121 32 träffat
644 609 101 30 avtal.
769 608 153 35 Stadgan
943 607 210 36 förutsätter,
1174 610 49 26 att
1244 605 110 31 sådan
1374 605 240 31 överenskom-

107 663 107 30 melse
236 662 88 30 skall
345 661 11 30 i
377 660 213 36 vederbörlig
610 659 148 36 ordning
777 658 204 30 ratificeras.
1006 657 67 30 För
1095 657 153 36 Sveriges
1271 657 54 30 del
1346 656 146 30 innebär
1513 656 101 34 detta,

109 717 50 29 att
183 715 110 37 dylikt
318 715 93 30 avtal
435 713 105 36 enligt
565 712 18 37 8
613 712 38 30 12
677 711 312 37 regeringsformen
1015 709 88 31 skall
1128 708 193 36 föreläggas
1347 707 185 36 riksdagen
1559 707 55 30 för

107 764 264 37 godkännande.
390 764 13 29 I
421 762 170 31 samband
609 761 142 30 därmed
768 761 117 29 finnas
900 759 219 36 möjligheter
1135 761 49 28 att
1197 758 139 36 vidtaga
1350 766 124 28 genom
1491 757 126 30 avtalet

105 815 183 30 eventuellt
306 812 222 37 erforderliga
547 810 270 38 lagändringar.»

151 915 65 30 Till
234 912 396 38 departementschefens
648 913 178 29 allmänna
845 911 216 36 synpunkter
1080 909 47 38 på
1143 908 125 37 frågan
1290 919 58 20 om
1366 909 68 30 den
1454 908 165 36 ställning

107 965 139 36 Sverige
272 966 65 29 bör
362 965 119 35 intaga
507 964 52 30 till
584 963 68 30 den
677 972 69 26 nya
772 960 277 32 internationella
1077 959 458 37 säkerhetsorganisationen
1560 967 60 28 ger

108 1017 165 29 utskottet
295 1016 53 29 sin
371 1014 209 36 anslutning.
605 1013 172 30 Utskottet
799 1012 74 33 har,
899 1010 35 32 så
960 1010 94 37 långt
1077 1010 219 36 möjligheter
1320 1010 115 30 därtill
1460 1008 80 32 stått
1565 1009 51 30 till

106 1067 99 35 buds,
224 1067 76 29 sökt
314 1067 85 35 göra
416 1065 50 37 sig
482 1066 163 34 förtroget
664 1064 78 30 med
759 1063 41 30 de
818 1062 154 31 fördelar
990 1065 65 28 och
1072 1061 197 35 nackdelar,
1291 1060 152 37 Sveriges
1460 1059 159 32 inträde
1600 1055 23 51 i

107 1117 146 29 Förenta
278 1115 211 31 Nationerna
513 1115 109 30 skulle
647 1113 137 38 jämlikt
808 1111 295 37 organisationens
1128 1113 119 35 stadga
1271 1111 175 32 innebära.
1473 1111 146 30 Motsva-

108 1168 107 29 rande
238 1175 137 29 omsorg
394 1167 65 29 har
483 1167 120 35 ägnats
626 1164 35 32 åt
682 1163 256 36 bedömningen
960 1173 43 21 av
1024 1162 75 31 vårt
1119 1163 98 30 lands
1241 1163 84 37 läge,
1348 1163 114 29 därest
1484 1160 135 37 Sverige

108 1218 110 30 skulle
242 1218 142 29 komma
408 1220 49 27 att
482 1216 53 31 stå
555 1215 143 31 utanför
721 1213 287 38 organisationen.
1033 1214 171 30 Utskottet
1229 1214 64 29 har
1316 1212 57 31 vid
1396 1212 224 37 jämförelsen

108 1269 127 29 mellan
251 1269 99 30 dessa
367 1267 182 31 alternativ
566 1266 115 32 funnit
698 1265 239 37 övervägande
957 1265 74 30 skäl
1049 1264 70 31 tala
1138 1264 56 30 för
1212 1263 221 36 vidtagandet
1452 1272 41 21 av
1512 1264 41 30 de
1571 1262 48 31 åt-

107 1320 132 35 gärder,
262 1329 74 20 som
357 1318 175 31 erfordras
554 1317 54 31 för
630 1316 152 36 Sveriges
802 1314 209 38 anslutning.

156 1371 120 29 Denna
302 1369 216 36 ståndpunkt
544 1368 95 30 torde
666 1368 55 29 väl
749 1367 295 30 överensstämma
1069 1365 81 30 med
1175 1366 66 29 den
1266 1365 135 29 önskan
1430 1373 74 21 som
1529 1364 88 29 före-

110 1419 113 31 finnes
241 1421 10 29 i
268 1419 76 31 vårt
360 1420 84 30 land
461 1422 49 28 att
525 1419 142 35 bidraga
685 1417 50 31 till
752 1417 203 37 tryggandet
972 1426 42 20 av
1032 1415 254 30 internationell
1304 1413 234 37 rättsordning
1556 1415 64 32 och

109 1469 146 37 fredliga
276 1469 244 31 förhållanden
544 1469 9 30 i
578 1468 152 30 världen.
756 1468 149 29 Förenta
928 1466 208 31 Nationerna
1159 1467 100 34 utgör
1282 1467 66 29 den
1372 1465 168 36 förnyade
1561 1474 59 20 an-

111 1524 69 26 sats
197 1521 50 30 till
263 1519 251 37 mellanfolklig
536 1519 206 30 samverkan
758 1518 10 30 i
786 1518 93 30 detta
897 1517 98 36 syfte,
1015 1526 74 20 som
1106 1526 48 20 nu
1171 1517 79 29 med
1269 1515 199 37 anslutning
1481 1525 44 21 av
1543 1516 77 30 fler-

111 1571 81 30 talet
214 1570 157 31 nationer
395 1570 110 36 utgått
526 1579 43 20 ur
591 1569 282 30 erfarenheterna
897 1567 81 31 från
1002 1569 55 29 det
1082 1568 107 29 andra
1213 1565 236 37 världskriget.
1476 1566 78 30 Med
1580 1575 42 20 en

112 1621 168 30 realistisk
310 1621 211 36 bedömning
551 1630 42 21 av
620 1618 296 37 organisationens
946 1617 286 36 förutsättningar
1259 1619 49 28 att
1335 1616 204 37 genomföra
1567 1617 55 30 det

113 1672 147 36 angivna
278 1671 104 37 syftet
398 1671 86 31 låter
500 1671 50 37 sig
567 1670 104 36 enligt
687 1671 181 29 utskottets
890 1667 139 39 mening
1045 1670 55 29 väl
1118 1668 121 30 förena
1256 1671 59 35 att,
1336 1666 114 31 såsom
1468 1668 154 34 departe-

113 1723 237 30 mentschefen
368 1723 134 34 uttalat,
522 1724 83 27 utan
625 1720 205 30 överdrivna
848 1719 279 36 förhoppningar
1145 1719 81 29 eller
1243 1718 138 29 misstro
1401 1718 84 29 söka
1508 1716 113 36 stödja

114 1773 66 31 den
204 1782 67 27 nya
296 1772 279 37 organisationen
602 1775 89 26 samt
714 1770 144 37 bidraga
885 1769 51 31 till
963 1773 48 26 att
1036 1770 107 30 därav
1171 1769 108 35 skapa
1307 1771 46 27 ett
1379 1767 244 36 arbetsdugligt

113 1823 312 30 fredsinstrument.

159 1874 170 29 Utskottet
354 1872 100 36 utgår
474 1872 80 30 från
577 1876 48 25 att
646 1873 42 29 de
712 1870 179 31 önskemål
913 1871 64 29 och
1002 1870 215 36 synpunkter
1241 1869 9 30 i
1274 1869 98 36 fråga
1398 1878 57 21 om
1478 1869 147 29 svenska

117 1924 294 35 militärpolitiska
428 1923 177 36 intressen,
625 1932 74 20 som
718 1921 181 30 framförts
916 1931 42 19 av
974 1920 340 35 överbefälhavaren,
1331 1919 92 31 bliva
1440 1928 42 20 av
1502 1919 121 35 Kungl.

115 1973 100 36 Maj:t
235 1974 169 29 beaktade
424 1973 9 29 i
454 1974 65 29 den
540 1972 80 30 mån
642 1973 42 29 de
706 1969 226 33 aktualiseras
953 1971 64 29 och
1037 1970 9 29 i
1070 1971 66 29 den
1159 1968 238 39 utsträckning
1416 1968 208 36 omständig-

114 2024 141 29 heterna
277 2022 168 37 medgiva.
470 2024 109 29 Innan
599 2023 161 29 närmare
783 2021 195 30 erfarenhet
999 2019 82 37 givit
1103 2020 139 30 säkrare
1262 2018 363 36 bedömningsmöjlig-

115 2075 95 29 heter
227 2074 87 30 både
335 2073 178 36 angående
532 2072 152 36 Sveriges
704 2072 149 30 militära
874 2070 233 37 förpliktelser
1123 2070 103 37 enligt
1247 2071 144 35 stadgan
1410 2071 64 29 och
1495 2070 11 30 i
1528 2069 97 36 fråga

116 2135 57 20 om
191 2126 65 29 den
274 2126 155 35 trygghet
451 2123 277 36 organisationen
746 2124 69 29 kan
834 2122 146 35 erbjuda
999 2121 74 31 vårt
1092 2122 90 35 land,
1203 2130 102 27 synas
1322 2120 107 36 några
1447 2120 178 30 bestämda

115 2176 176 29 slutsatser
316 2184 42 20 av
383 2172 268 38 militärpolitisk
674 2176 103 26 natur
800 2173 76 29 icke
901 2173 116 29 kunna
1044 2173 123 34 dragas
1194 2181 41 20 av
1259 2171 153 35 Sveriges
1438 2170 188 30 eventuella

118 2225 132 30 inträde
269 2225 6 29 i
297 2226 213 29 densamma.

162 2275 386 35 Departementschefen
572 2275 63 28 har
657 2275 66 28 fäst
744 2273 354 35 uppmärksamheten
1121 2271 43 36 på
1186 2272 54 29 det
1264 2270 144 36 vidgade
1430 2269 197 31 internatio-

118 2326 89 28 nella
225 2326 193 28 samarbete
435 2324 44 37 på
497 2325 40 28 de
555 2323 225 30 ekonomiska
800 2323 64 29 och
885 2322 126 29 sociala
1030 2321 197 36 områdena,
1246 2330 73 20 som
1341 2320 95 35 ingår
1454 2320 7 29 i
1481 2321 147 28 Förenta

119 2375 224 29 Nationernas
368 2374 184 36 uppgifter.
577 2375 13 28 I
617 2373 197 35 anslutning
838 2372 115 30 härtill
979 2373 127 28 önskar
1130 2373 163 28 utskottet
1317 2371 228 36 understryka
1571 2371 56 28 be-

119 2426 150 34 tydelsen
294 2436 42 19 av
357 2423 294 36 organisationens
675 2425 63 28 och
761 2423 46 30 till
831 2425 113 28 denna
969 2423 131 29 knutna
1124 2420 273 32 internationella
1421 2421 207 35 fackorgans

119 2476 214 29 verksamhet
356 2475 45 36 på
423 2476 98 28 dessa
544 2476 62 28 och
629 2474 265 30 närbesläktade
918 2472 166 30 områden
1107 2472 64 30 och
1194 2471 184 31 framhålla
1405 2470 151 37 Sveriges
1578 2470 50 30 in-

120 2530 103 26 tresse
246 2530 47 26 att
313 2525 177 36 därvidlag
512 2526 115 29 lämna
649 2524 51 30 sin
722 2524 220 30 medverkan.

1667 908 128 25 Utskottet.
