1910 2848
278 209 13 14 4
688 198 114 29 Andra
824 197 225 36 lagutskottets
1073 199 163 30 utlåtande
1257 201 46 28 Nr
1323 202 45 28 15.

316 284 25 28 3.
377 283 187 38 Riksdagen
588 286 82 29 hade
694 287 37 28 år
755 287 86 34 1929,
866 289 69 28 med
960 289 177 36 anledning
1161 299 39 19 av
1223 289 126 38 förslag
1374 300 39 19 av
1437 290 120 37 Kungl.
1584 291 107 37 Maj:t,
1719 295 46 27 att

276 330 73 34 taga
386 329 198 37 ståndpunkt
620 331 47 28 till
702 340 38 20 en
776 331 52 29 för
865 332 253 37 bostadsfrågan
1145 334 126 36 mycket
1297 334 225 37 betydelsefull
1550 336 212 37 kreditfråga,

275 373 108 28 vilken
408 383 115 27 genom
548 375 196 29 inrättandet
770 385 41 19 av
835 375 146 31 Svenska
1007 377 365 31 bostadskreditkassan
1397 379 130 37 bragtes
1555 390 40 19 en
1621 381 141 37 lösning.

275 416 132 31 Kassan
432 418 61 29 har
518 419 133 36 nyligen
677 422 76 26 trätt
778 421 9 27 i
814 421 204 29 verksamhet
1045 422 59 28 och
1129 423 133 36 upplagt
1288 425 55 27 sitt
1367 423 104 30 första
1498 424 264 37 obligationslån.

275 461 120 30 Vidare
424 462 61 29 har
515 463 176 37 riksdagen
721 465 221 29 innevarande
971 466 46 33 år,
1046 466 69 29 med
1144 467 175 37 anledning
1348 477 39 19 av
1415 468 127 37 förslag
1571 478 40 20 av
1640 469 122 38 Kungl.

276 506 106 36 Maj:t,
408 509 43 26 att
482 508 3 27 i
510 510 100 27 annat
633 509 237 37 sammanhang
892 510 70 29 haft
986 512 44 27 att
1054 513 75 34 taga
1152 511 200 37 ståndpunkt
1374 512 48 29 till
1446 513 127 36 frågan,
1598 514 165 30 huruvida

274 551 59 29 och
356 553 9 27 i
389 552 59 28 vad
472 552 74 29 mån
569 552 232 37 långivningen
824 563 40 19 ur
886 556 123 27 statens
1032 555 288 30 bostadslånefond
1343 557 85 28 skall
1454 557 164 37 fullföljas
1641 559 121 36 jämväl

274 596 103 28 under
397 596 38 29 år
455 596 77 29 1931
554 598 9 27 i
587 597 160 30 avvaktan
769 598 40 36 på
832 598 220 37 utbyggandet
1074 609 39 19 av
1134 600 49 29 det
1204 602 129 34 system,
1355 610 69 20 som
1445 601 318 32 bostadskreditkas-

273 649 61 20 san
356 640 198 30 förutsätter.

313 693 27 28 4.
378 691 127 31 Statens
532 693 274 39 byggnadsbyrås
832 696 292 38 normalritningar
1152 698 92 33 hava,
1273 698 108 29 såsom
1407 701 139 33 nämnts,
1574 700 99 35 enligt
1701 700 61 28 vad

272 737 160 36 styrelsen
453 740 68 26 tror
543 740 51 35 sig
616 742 78 31 veta,
717 741 82 28 varit
821 741 48 28 till
891 743 81 26 stort
993 751 96 27 gagn.
1121 741 61 30 Det
1205 742 167 30 förefaller
1393 743 113 29 därför
1529 744 165 33 önskvärt,
1718 745 45 27 att

273 782 327 30 tillhandahållandet
631 793 40 19 av
702 784 125 29 sådana
858 786 292 36 normalritningar
1182 789 151 27 ävensom
1364 788 59 29 den
1454 788 130 29 därmed
1616 788 147 37 förknip-

273 826 81 36 pade
380 826 175 37 hjälpande
583 828 59 28 och
669 828 198 37 rådgivande
895 830 246 30 verksamheten
1167 831 107 29 kunde
1301 831 164 37 fullföljas
1493 834 9 27 i
1530 833 110 36 någon
1666 833 94 34 form,

273 871 99 36 enligt
396 871 120 29 sakens
541 874 98 27 natur
663 873 83 29 helst
771 874 9 27 i
805 874 105 29 direkt
934 875 207 36 anknytning
1165 875 47 29 till
1237 876 282 37 kreditgivningen
1544 877 40 36 på
1608 877 152 29 området.

273 914 305 38 Byggnadsbyråns
605 917 213 34 verksamhet,
847 927 69 19 som
941 920 83 28 varit
1050 929 41 19 av
1116 921 202 35 provisorisk
1347 923 106 31 natur,
1481 921 87 29 lärer
1595 921 50 29 stå
1672 922 89 29 inför

272 969 40 19 en
341 960 190 37 avveckling
557 962 87 28 inom
670 963 28 35 ej
727 962 112 29 alltför
866 963 154 36 avlägsen
1048 963 139 29 framtid.
1226 963 165 38 Styrelsen
1417 965 185 29 föreställer
1629 967 59 35 sig,
1717 968 44 27 att

272 1003 105 37 byrån
399 1005 112 29 därvid
531 1005 143 29 kommer
695 1008 44 27 att
760 1009 85 34 ägna
867 1007 105 29 denna
992 1007 95 37 fråga
1109 1009 98 36 nödig
1228 1010 294 35 uppmärksamhet.

314 1049 26 28 5.
385 1048 398 40 Bostadskooperationen
816 1051 60 29 och
907 1051 496 38 bostadsegnahemsbyggandet
1434 1054 84 29 hava
1551 1056 79 27 utan
1663 1055 95 29 tvivel

272 1095 69 27 stor
367 1094 101 29 social
493 1094 171 37 betydelse.
699 1095 134 36 Frågan
857 1105 50 19 om
932 1096 184 37 främjande
1141 1106 114 27 genom
1280 1098 145 37 lämpligt
1449 1099 169 29 anordnad
1643 1099 119 29 kredit-

273 1133 135 41 givning
433 1147 40 20 av
499 1139 117 29 sådant
642 1139 306 37 bostadsbyggande
975 1149 125 28 angavs
1128 1142 99 28 också
1254 1142 107 29 såsom
1388 1152 39 19 en
1453 1152 40 19 av
1520 1139 241 45 huvuduppgif-

272 1184 91 27 terna
383 1183 51 29 för
453 1183 60 29 den
532 1184 184 36 utredning,
736 1193 69 20 som
825 1184 228 30 anförtroddes
1074 1185 32 29 åt
1126 1186 77 28 1926
1223 1186 55 29 års
1296 1186 463 39 bostadskreditsakkunniga.

272 1226 125 29 Dessas
415 1227 38 29 år
472 1227 78 29 1928
569 1229 139 35 avgivna
727 1228 203 30 betänkande
953 1228 51 37 (st.
1024 1229 57 29 off.
1101 1230 213 37 utredningar
1333 1241 40 18 nr
1393 1230 65 37 10),
1477 1233 69 27 vari
1566 1232 195 30 hithörande

271 1271 115 37 frågor
408 1272 159 36 ingående
592 1272 135 37 dryftas,
753 1273 89 28 ledde
865 1273 38 29 år
927 1273 77 29 1929
1028 1274 48 28 till
1100 1274 149 29 bildande
1274 1284 41 19 av
1337 1274 146 31 Svenska
1509 1276 252 30 bostadskredit-

272 1316 132 29 kassan.
425 1315 189 38 Riksdagen
633 1317 61 28 har
715 1317 131 28 därmed
865 1317 65 29 helt
949 1318 134 36 nyligen
1104 1320 79 34 tagit
1202 1319 199 36 ståndpunkt
1422 1321 47 28 till
1492 1321 37 28 de
1549 1320 122 37 frågor,
1691 1331 69 20 som

271 1362 242 28 motionärerna
532 1360 109 30 berört
661 1361 103 29 under
784 1361 253 36 ifrågavarande
1059 1363 102 35 punkt
1182 1363 26 28 5.
1240 1363 115 36 Någon
1376 1364 194 33 erfarenhet,
1592 1365 88 29 huru
1701 1367 59 28 och

272 1407 9 26 i
304 1405 60 29 vad
386 1405 74 29 mån
481 1405 125 29 kassan
628 1405 85 29 skall
736 1405 105 29 förmå
862 1405 83 37 fylla
966 1407 71 27 sina
1062 1406 163 37 uppgifter
1248 1408 10 27 i
1280 1407 95 37 fråga
1397 1417 50 20 om
1469 1408 292 38 bostadskoopera-

272 1451 108 28 tionen
407 1450 58 28 och
491 1449 506 37 bostadsegnahemsbyggandet,
1025 1450 177 37 föreligger
1228 1453 89 28 ännu
1343 1452 78 30 icke.
1459 1453 188 37 Uppenbart
1674 1455 87 29 lärer

272 1494 175 29 emellertid
471 1503 88 25 vara.
585 1496 45 27 att
651 1494 61 29 här
735 1494 139 29 berörda
897 1495 274 36 omständigheter
1194 1496 9 27 i
1227 1496 56 28 allt
1307 1496 58 29 fall
1387 1506 96 20 mana
1507 1498 48 28 till
1581 1508 38 19 en
1643 1500 118 28 avvak-

271 1539 97 29 tande
388 1539 149 36 hållning
560 1540 10 27 i
594 1539 105 28 denna
722 1538 59 29 del.
813 1538 144 29 Nämnas
980 1539 52 29 må
1055 1539 87 34 blott,
1167 1542 44 26 att
1233 1540 61 29 den
1315 1540 174 37 nybildade
1512 1542 124 30 kassan
1659 1544 100 29 redan

272 1600 37 3 —
331 1593 114 27 genom
467 1584 54 28 sitt
543 1583 133 37 nyligen
699 1585 167 34 upptagna
890 1583 254 36 obligationslån
1165 1600 37 3 —
1225 1585 10 27 i
1256 1586 235 37 privaträttslig
1514 1589 62 34 väg
1598 1590 38 26 är
1659 1588 102 29 oåter-

271 1628 175 36 kalleligen
466 1627 131 30 bunden
618 1628 52 28 vid
690 1627 59 29 den
771 1627 158 34 struktur,
950 1636 69 20 som
1040 1628 61 28 den
1120 1628 104 29 erhöll
1245 1629 37 28 år
1302 1629 86 34 1929,
1410 1630 59 29 och
1489 1631 29 36 ej
1540 1631 66 29 kan
1627 1633 133 36 utvidga

272 1674 52 27 sin
352 1672 204 29 verksamhet
582 1672 48 28 till
658 1672 37 28 de
722 1671 196 36 principiellt
945 1681 65 27 nya
1037 1672 268 35 kreditområden,
1334 1682 68 20 som
1428 1676 243 29 motionärerna
1699 1677 62 29 här

271 1717 140 29 vidröra.

314 1770 26 29 6.
374 1769 172 36 Styrelsen
568 1771 128 27 känner
720 1769 30 36 ej
775 1772 162 31 närmare,
960 1770 169 29 huruvida
1153 1772 59 27 och
1235 1772 42 35 på
1301 1772 63 29 vad
1386 1774 66 28 sätt
1475 1771 194 29 nuvarande
1694 1771 68 37 lag-

271 1814 250 29 bestämmelser
544 1814 110 29 lämna
676 1823 72 19 rum
771 1814 55 27 för
850 1813 213 38 tillämpning
1087 1824 41 19 av
1151 1815 130 36 illojala
1302 1816 145 29 metoder
1470 1816 55 28 för
1548 1816 214 29 undvikande

273 1867 42 20 av
335 1858 336 37 lagfartskostnader.
703 1856 58 30 Om
780 1858 37 28 så
837 1867 79 19 vore
934 1858 106 35 fallet,
1060 1859 100 29 borde
1178 1859 128 29 bristen
1325 1861 148 35 givetvis
1493 1860 191 36 avlägsnas.

314 1903 72 30 Vad
405 1907 107 35 angår
529 1916 25 20 s.
575 1908 30 29 k.
624 1909 127 35 jobberi
770 1911 72 28 med
859 1911 348 37 bostadsfastigheter,
1226 1912 66 29 kan
1311 1913 30 36 ej
1361 1912 171 35 förnekas,
1551 1915 47 26 att
1617 1913 145 29 handeln

269 1948 70 28 med
363 1948 191 38 fastigheter
578 1953 9 26 i
612 1961 38 20 en
674 1953 48 28 del
747 1954 150 29 enskilda
920 1955 59 29 fall
1002 1957 91 34 tager
1116 1957 50 35 sig
1188 1956 124 29 mindre
1335 1956 180 29 tilltalande
1539 1956 129 34 former,
1694 1956 66 29 för-

274 1993 106 36 tjänta
401 2002 41 21 av
463 1995 108 30 denna
589 1997 206 30 klandrande
814 1999 210 37 benämning,
1046 2000 119 29 liksom
1186 2001 29 35 ej
1236 2001 107 29 heller
1362 2003 47 27 att
1431 2001 103 29 sådan
1553 2001 120 29 handel
1695 2001 66 29 kan

272 2037 175 30 stimulera
472 2039 53 29 till
550 2040 259 39 hyresstegring
835 2043 90 29 intill
951 2044 207 29 överkanten
1183 2053 41 20 av
1251 2045 63 28 vad
1341 2045 89 36 läget
1456 2045 97 36 eljest
1579 2045 181 36 medgiver.

272 2080 78 30 Men
363 2084 48 27 att
428 2083 145 36 ombytet
589 2093 42 20 av
649 2085 225 37 fastighetens
891 2090 102 34 ägare
1011 2089 10 27 i
1041 2089 59 27 och
1117 2088 54 29 för
1187 2089 53 36 sig
1257 2089 110 29 skulle
1384 2089 114 30 kunna
1516 2098 89 20 mera
1623 2089 138 30 allmänt

273 2125 60 29 och
357 2127 170 29 märkbart
551 2128 148 36 påverka
723 2130 148 35 hyrorna
895 2132 10 27 i
930 2131 233 38 uppåtgående
1188 2133 152 36 riktning
1364 2149 38 3 —
1426 2133 71 30 lika
1521 2134 73 28 litet
1619 2142 69 20 som
1713 2135 48 27 att

272 2170 107 35 priset
397 2171 41 35 på
456 2171 104 30 andra
578 2181 100 21 varor
697 2174 111 29 skulle
826 2174 197 30 bestämmas
1042 2185 42 19 av
1105 2177 123 28 antalet
1247 2177 128 37 gånger
1394 2177 96 29 dessa
1508 2177 72 36 bytt
1600 2180 102 34 ägare
1722 2194 38 3 —

273 2213 86 29 låter
384 2215 54 36 sig
466 2215 30 36 ej
525 2216 119 29 förena
671 2218 70 28 med
770 2219 134 29 modern
931 2220 220 37 uppfattning
1178 2229 50 20 om
1256 2221 287 37 prisbildningens
1572 2225 99 27 natur
1700 2222 60 29 och

272 2257 205 31 funktioner.
511 2259 304 31 Konsekverserna
839 2272 79 20 vore
941 2264 166 37 orimliga.
1140 2263 114 31 Skulle
1278 2266 204 36 exempelvis
1504 2268 121 27 tvenne
1648 2275 112 27 perso-

272 2311 61 19 ner
351 2303 115 29 endast
484 2313 118 27 genom
620 2307 46 27 att
684 2307 192 35 upprepade
895 2307 129 37 gånger
1043 2309 71 28 sins
1134 2309 139 29 emellan
1292 2309 86 37 köpa
1397 2310 59 28 och
1475 2310 86 36 sälja
1580 2319 40 20 en
1640 2310 119 36 fastig-

271 2346 56 29 het
344 2346 113 30 kunna
474 2348 98 29 driva
588 2349 147 35 hyrorna
752 2351 59 27 och
830 2350 132 30 därmed
979 2352 225 37 fastighetens
1221 2353 234 36 kapitalvärde
1472 2355 10 27 i
1501 2354 120 36 höjden
1640 2354 54 28 för
1712 2356 48 27 att

271 2390 103 29 sedan
390 2390 74 30 dela
479 2392 157 29 vinsten?
663 2393 106 30 Sedan
788 2393 89 30 tiden
894 2395 73 29 före
985 2396 230 37 världskriget
1230 2397 61 28 har
1307 2398 74 29 vårt
1398 2399 253 36 penningväsen
1669 2399 90 29 varit

271 2434 142 29 föremål
442 2435 54 29 för
527 2445 41 20 en
596 2436 184 36 betydande
811 2439 226 37 omvälvning,
1068 2449 69 20 som
1167 2441 40 36 på
1238 2441 67 29 alla
1334 2442 154 30 områden
1519 2442 141 28 medfört
1690 2442 69 29 helt

271 2478 104 29 andra
398 2480 120 35 priser,
543 2481 11 27 i
578 2480 124 29 kronor
725 2484 159 32 uttryckt.
917 2482 126 30 Härtill
1068 2485 154 35 kommer,
1248 2487 47 27 att
1320 2487 152 34 priserna
1499 2487 41 35 på
1564 2486 195 36 fastighets-

271 2522 202 29 marknaden
493 2524 116 29 endast
629 2524 164 37 långsamt
813 2526 77 36 följt
908 2528 298 36 prisväxlingarna
1228 2530 10 27 i
1258 2530 112 36 övrigt
1390 2530 58 28 och
1469 2532 87 26 ännu
1577 2530 73 28 icke
1671 2530 88 28 kom-
