<?xml version="1.0" encoding="UTF-8"?>
<alto xmlns="http://www.loc.gov/standards/alto/ns-v3#" xmlns:xlink="http://www.w3.org/1999/xlink" xmlns:xsi="http://www.w3.org/2001/XMLSchema-instance" xsi:schemaLocation="http://www.loc.gov/standards/alto/ns-v3# http://www.loc.gov/alto/v3/alto-3-0.xsd">
	<Description>
		<MeasurementUnit>pixel</MeasurementUnit>
		<sourceImageInformation>
			<fileName>/tmp/tess_iff07dcc_input.PNG</fileName>
		</sourceImageInformation>
		<OCRProcessing ID="OCR_0">
			<ocrProcessingStep>
				<processingSoftware>
					<softwareName>tesseract 5.3.0</softwareName>
				</processingSoftware>
			</ocrProcessingStep>
		</OCRProcessing>
	</Description>
	<Layout>
		<Page WIDTH="2200" HEIGHT="2660" PHYSICAL_IMG_NR="0" ID="page_0">
			<PrintSpace HPOS="0" VPOS="0" WIDTH="2200" HEIGHT="2660">
				<ComposedBlock ID="cblock_0" HPOS="585" VPOS="210" WIDTH="1211" HEIGHT="42">
					<TextBlock ID="block_0" HPOS="585" VPOS="210" WIDTH="1211" HEIGHT="42">
						<TextLine ID="line_0" HPOS="585" VPOS="210" WIDTH="1211" HEIGHT="42">
							<String ID="string_0" HPOS="585" VPOS="210" WIDTH="399" HEIGHT="42" WC="0.89" CONTENT="Bevillningsutskottets"/><SP WIDTH="21" VPOS="210" HPOS="984"/>
							<String ID="string_1" HPOS="1005" VPOS="211" WIDTH="232" HEIGHT="34" WC="0.89" CONTENT="Betänkande"/><SP WIDTH="23" VPOS="211" HPOS="1237"/>
							<String ID="string_2" HPOS="1260" VPOS="212" WIDTH="62" HEIGHT="33" WC="0.95" CONTENT="N:o"/><SP WIDTH="22" VPOS="212" HPOS="1322"/>
							<String ID="string_3" HPOS="1344" VPOS="213" WIDTH="54" HEIGHT="33" WC="0.96" CONTENT="21."/><SP WIDTH="377" VPOS="213" HPOS="1398"/>
							<String ID="string_4" HPOS="1775" VPOS="214" WIDTH="21" HEIGHT="33" WC="0.94" CONTENT="5"/>
						</TextLine>
					</TextBlock>
				</ComposedBlock>
				<ComposedBlock ID="cblock_1" HPOS="198" VPOS="297" WIDTH="1602" HEIGHT="2077">
					<TextBlock ID="block_1" HPOS="200" VPOS="297" WIDTH="1600" HEIGHT="961">
						<TextLine ID="line_1" HPOS="363" VPOS="297" WIDTH="1436" HEIGHT="54">
							<String ID="string_5" HPOS="363" VPOS="297" WIDTH="124" HEIGHT="38" WC="0.96" CONTENT="Hvad"/><SP WIDTH="41" VPOS="297" HPOS="487"/>
							<String ID="string_6" HPOS="528" VPOS="299" WIDTH="104" HEIGHT="38" WC="0.96" CONTENT="först"/><SP WIDTH="34" VPOS="299" HPOS="632"/>
							<String ID="string_7" HPOS="666" VPOS="300" WIDTH="191" HEIGHT="38" WC="0.96" CONTENT="beträffar"/><SP WIDTH="33" VPOS="300" HPOS="857"/>
							<String ID="string_8" HPOS="890" VPOS="300" WIDTH="78" HEIGHT="37" WC="0.96" CONTENT="den"/><SP WIDTH="30" VPOS="300" HPOS="968"/>
							<String ID="string_9" HPOS="998" VPOS="301" WIDTH="42" HEIGHT="37" WC="0.95" CONTENT="af"/><SP WIDTH="28" VPOS="301" HPOS="1040"/>
							<String ID="string_10" HPOS="1068" VPOS="301" WIDTH="252" HEIGHT="38" WC="0.93" CONTENT="motionären"/><SP WIDTH="30" VPOS="301" HPOS="1320"/>
							<String ID="string_11" HPOS="1350" VPOS="301" WIDTH="271" HEIGHT="38" WC="0.91" CONTENT="omförmälda"/><SP WIDTH="28" VPOS="301" HPOS="1621"/>
							<String ID="string_12" HPOS="1649" VPOS="302" WIDTH="150" HEIGHT="49" WC="0.95" CONTENT="import"/>
						</TextLine>
						<TextLine ID="line_2" HPOS="203" VPOS="351" WIDTH="1596" HEIGHT="51">
							<String ID="string_13" HPOS="203" VPOS="351" WIDTH="61" HEIGHT="38" WC="0.95" CONTENT="till"/><SP WIDTH="42" VPOS="351" HPOS="264"/>
							<String ID="string_14" HPOS="306" VPOS="352" WIDTH="106" HEIGHT="37" WC="0.96" CONTENT="riket"/><SP WIDTH="41" VPOS="352" HPOS="412"/>
							<String ID="string_15" HPOS="453" VPOS="352" WIDTH="43" HEIGHT="37" WC="0.96" CONTENT="af"/><SP WIDTH="40" VPOS="352" HPOS="496"/>
							<String ID="string_16" HPOS="536" VPOS="352" WIDTH="75" HEIGHT="38" WC="0.95" CONTENT="här"/><SP WIDTH="40" VPOS="352" HPOS="611"/>
							<String ID="string_17" HPOS="651" VPOS="353" WIDTH="309" HEIGHT="49" WC="0.94" CONTENT="ifrågavarande"/><SP WIDTH="42" VPOS="353" HPOS="960"/>
							<String ID="string_18" HPOS="1002" VPOS="354" WIDTH="177" HEIGHT="47" WC="0.94" CONTENT="artiklar,"/><SP WIDTH="30" VPOS="354" HPOS="1179"/>
							<String ID="string_19" HPOS="1209" VPOS="354" WIDTH="159" HEIGHT="38" WC="0.96" CONTENT="lämnar"/><SP WIDTH="27" VPOS="354" HPOS="1368"/>
							<String ID="string_20" HPOS="1395" VPOS="355" WIDTH="14" HEIGHT="37" WC="0.96" CONTENT="i"/><SP WIDTH="29" VPOS="355" HPOS="1409"/>
							<String ID="string_21" HPOS="1438" VPOS="355" WIDTH="145" HEIGHT="38" WC="0.95" CONTENT="sådant"/><SP WIDTH="28" VPOS="355" HPOS="1583"/>
							<String ID="string_22" HPOS="1611" VPOS="357" WIDTH="188" HEIGHT="37" WC="0.96" CONTENT="afseende"/>
						</TextLine>
						<TextLine ID="line_3" HPOS="203" VPOS="405" WIDTH="1597" HEIGHT="52">
							<String ID="string_23" HPOS="203" VPOS="405" WIDTH="78" HEIGHT="38" WC="0.96" CONTENT="den"/><SP WIDTH="46" VPOS="405" HPOS="281"/>
							<String ID="string_24" HPOS="327" VPOS="405" WIDTH="189" HEIGHT="38" WC="0.90" CONTENT="officiella"/><SP WIDTH="46" VPOS="405" HPOS="516"/>
							<String ID="string_25" HPOS="562" VPOS="407" WIDTH="229" HEIGHT="38" WC="0.94" CONTENT="statistiken"/><SP WIDTH="48" VPOS="407" HPOS="791"/>
							<String ID="string_26" HPOS="839" VPOS="408" WIDTH="87" HEIGHT="37" WC="0.96" CONTENT="icke"/><SP WIDTH="47" VPOS="408" HPOS="926"/>
							<String ID="string_27" HPOS="973" VPOS="407" WIDTH="240" HEIGHT="49" WC="0.91" CONTENT="tillräckliga"/><SP WIDTH="45" VPOS="407" HPOS="1213"/>
							<String ID="string_28" HPOS="1258" VPOS="408" WIDTH="306" HEIGHT="49" WC="0.96" CONTENT="upplysningar,"/><SP WIDTH="45" VPOS="408" HPOS="1564"/>
							<String ID="string_29" HPOS="1609" VPOS="409" WIDTH="75" HEIGHT="38" WC="0.96" CONTENT="och"/><SP WIDTH="42" VPOS="409" HPOS="1684"/>
							<String ID="string_30" HPOS="1726" VPOS="410" WIDTH="74" HEIGHT="38" WC="0.96" CONTENT="har"/>
						</TextLine>
						<TextLine ID="line_4" HPOS="203" VPOS="458" WIDTH="1597" HEIGHT="52">
							<String ID="string_31" HPOS="203" VPOS="458" WIDTH="197" HEIGHT="39" WC="0.96" CONTENT="utskottet"/><SP WIDTH="43" VPOS="458" HPOS="400"/>
							<String ID="string_32" HPOS="443" VPOS="459" WIDTH="139" HEIGHT="38" WC="0.96" CONTENT="därför"/><SP WIDTH="31" VPOS="459" HPOS="582"/>
							<String ID="string_33" HPOS="613" VPOS="460" WIDTH="89" HEIGHT="38" WC="0.96" CONTENT="icke"/><SP WIDTH="32" VPOS="460" HPOS="702"/>
							<String ID="string_34" HPOS="734" VPOS="461" WIDTH="107" HEIGHT="37" WC="0.96" CONTENT="varit"/><SP WIDTH="28" VPOS="461" HPOS="841"/>
							<String ID="string_35" HPOS="869" VPOS="461" WIDTH="13" HEIGHT="37" WC="0.96" CONTENT="i"/><SP WIDTH="29" VPOS="461" HPOS="882"/>
							<String ID="string_36" HPOS="911" VPOS="461" WIDTH="157" HEIGHT="38" WC="0.95" CONTENT="tillfälle"/><SP WIDTH="30" VPOS="461" HPOS="1068"/>
							<String ID="string_37" HPOS="1098" VPOS="465" WIDTH="59" HEIGHT="34" WC="0.96" CONTENT="att"/><SP WIDTH="28" VPOS="465" HPOS="1157"/>
							<String ID="string_38" HPOS="1185" VPOS="465" WIDTH="185" HEIGHT="34" WC="0.96" CONTENT="närmare"/><SP WIDTH="29" VPOS="465" HPOS="1370"/>
							<String ID="string_39" HPOS="1399" VPOS="463" WIDTH="186" HEIGHT="47" WC="0.96" CONTENT="granska,"/><SP WIDTH="32" VPOS="463" HPOS="1585"/>
							<String ID="string_40" HPOS="1617" VPOS="466" WIDTH="59" HEIGHT="35" WC="0.97" CONTENT="att"/><SP WIDTH="29" VPOS="466" HPOS="1676"/>
							<String ID="string_41" HPOS="1705" VPOS="476" WIDTH="95" HEIGHT="26" WC="0.96" CONTENT="vare"/>
						</TextLine>
						<TextLine ID="line_5" HPOS="203" VPOS="512" WIDTH="1596" HEIGHT="52">
							<String ID="string_42" HPOS="203" VPOS="512" WIDTH="60" HEIGHT="48" WC="0.96" CONTENT="sig"/><SP WIDTH="29" VPOS="512" HPOS="263"/>
							<String ID="string_43" HPOS="292" VPOS="513" WIDTH="276" HEIGHT="48" WC="0.96" CONTENT="beräkningen"/><SP WIDTH="30" VPOS="513" HPOS="568"/>
							<String ID="string_44" HPOS="598" VPOS="514" WIDTH="13" HEIGHT="36" WC="0.96" CONTENT="i"/><SP WIDTH="28" VPOS="514" HPOS="611"/>
							<String ID="string_45" HPOS="639" VPOS="514" WIDTH="225" HEIGHT="48" WC="0.96" CONTENT="procenttal"/><SP WIDTH="19" VPOS="514" HPOS="864"/>
							<String ID="string_46" HPOS="883" VPOS="514" WIDTH="96" HEIGHT="38" WC="0.93" CONTENT="eller"/><SP WIDTH="20" VPOS="514" HPOS="979"/>
							<String ID="string_47" HPOS="999" VPOS="516" WIDTH="459" HEIGHT="48" WC="0.90" CONTENT="omsättningssumman"/><SP WIDTH="20" VPOS="516" HPOS="1458"/>
							<String ID="string_48" HPOS="1478" VPOS="517" WIDTH="65" HEIGHT="37" WC="0.96" CONTENT="för"/><SP WIDTH="20" VPOS="517" HPOS="1543"/>
							<String ID="string_49" HPOS="1563" VPOS="519" WIDTH="44" HEIGHT="35" WC="0.93" CONTENT="år"/><SP WIDTH="19" VPOS="519" HPOS="1607"/>
							<String ID="string_50" HPOS="1626" VPOS="517" WIDTH="173" HEIGHT="38" WC="0.91" CONTENT="räknadt"/>
						</TextLine>
						<TextLine ID="line_6" HPOS="202" VPOS="566" WIDTH="1597" HEIGHT="52">
							<String ID="string_51" HPOS="202" VPOS="568" WIDTH="46" HEIGHT="35" WC="0.96" CONTENT="är"/><SP WIDTH="27" VPOS="568" HPOS="248"/>
							<String ID="string_52" HPOS="275" VPOS="566" WIDTH="93" HEIGHT="38" WC="0.96" CONTENT="med"/><SP WIDTH="27" VPOS="566" HPOS="368"/>
							<String ID="string_53" HPOS="395" VPOS="566" WIDTH="183" HEIGHT="49" WC="0.95" CONTENT="verkliga"/><SP WIDTH="26" VPOS="566" HPOS="578"/>
							<String ID="string_54" HPOS="604" VPOS="567" WIDTH="274" HEIGHT="38" WC="0.93" CONTENT="förhållandet"/><SP WIDTH="20" VPOS="567" HPOS="878"/>
							<String ID="string_55" HPOS="898" VPOS="569" WIDTH="454" HEIGHT="37" WC="0.91" CONTENT="öfverensstämmande."/><SP WIDTH="64" VPOS="569" HPOS="1352"/>
							<String ID="string_56" HPOS="1416" VPOS="568" WIDTH="54" HEIGHT="39" WC="0.44" CONTENT="Så"/><SP WIDTH="32" VPOS="568" HPOS="1470"/>
							<String ID="string_57" HPOS="1502" VPOS="570" WIDTH="163" HEIGHT="48" WC="0.96" CONTENT="mycket"/><SP WIDTH="20" VPOS="570" HPOS="1665"/>
							<String ID="string_58" HPOS="1685" VPOS="571" WIDTH="114" HEIGHT="37" WC="0.96" CONTENT="torde"/>
						</TextLine>
						<TextLine ID="line_7" HPOS="202" VPOS="619" WIDTH="1597" HEIGHT="53">
							<String ID="string_59" HPOS="202" VPOS="619" WIDTH="103" HEIGHT="38" WC="0.96" CONTENT="dock"/><SP WIDTH="42" VPOS="619" HPOS="305"/>
							<String ID="string_60" HPOS="347" VPOS="620" WIDTH="44" HEIGHT="37" WC="0.96" CONTENT="få"/><SP WIDTH="42" VPOS="620" HPOS="391"/>
							<String ID="string_61" HPOS="433" VPOS="632" WIDTH="117" HEIGHT="26" WC="0.95" CONTENT="anses"/><SP WIDTH="42" VPOS="632" HPOS="550"/>
							<String ID="string_62" HPOS="592" VPOS="621" WIDTH="113" HEIGHT="46" WC="0.95" CONTENT="visst,"/><SP WIDTH="44" VPOS="621" HPOS="705"/>
							<String ID="string_63" HPOS="749" VPOS="624" WIDTH="59" HEIGHT="35" WC="0.96" CONTENT="att"/><SP WIDTH="42" VPOS="624" HPOS="808"/>
							<String ID="string_64" HPOS="850" VPOS="634" WIDTH="50" HEIGHT="25" WC="0.96" CONTENT="en"/><SP WIDTH="29" VPOS="634" HPOS="900"/>
							<String ID="string_65" HPOS="929" VPOS="622" WIDTH="227" HEIGHT="48" WC="0.96" CONTENT="betydande"/><SP WIDTH="30" VPOS="622" HPOS="1156"/>
							<String ID="string_66" HPOS="1186" VPOS="622" WIDTH="63" HEIGHT="37" WC="0.96" CONTENT="del"/><SP WIDTH="29" VPOS="622" HPOS="1249"/>
							<String ID="string_67" HPOS="1278" VPOS="623" WIDTH="42" HEIGHT="37" WC="0.93" CONTENT="af"/><SP WIDTH="30" VPOS="623" HPOS="1320"/>
							<String ID="string_68" HPOS="1350" VPOS="623" WIDTH="271" HEIGHT="38" WC="0.92" CONTENT="omförmälda"/><SP WIDTH="28" VPOS="623" HPOS="1621"/>
							<String ID="string_69" HPOS="1649" VPOS="624" WIDTH="150" HEIGHT="48" WC="0.96" CONTENT="import"/>
						</TextLine>
						<TextLine ID="line_8" HPOS="201" VPOS="673" WIDTH="1598" HEIGHT="50">
							<String ID="string_70" HPOS="201" VPOS="673" WIDTH="230" HEIGHT="38" WC="0.91" CONTENT="föranledes"/><SP WIDTH="42" VPOS="673" HPOS="431"/>
							<String ID="string_71" HPOS="473" VPOS="674" WIDTH="43" HEIGHT="37" WC="0.96" CONTENT="af"/><SP WIDTH="41" VPOS="674" HPOS="516"/>
							<String ID="string_72" HPOS="557" VPOS="674" WIDTH="218" HEIGHT="38" WC="0.93" CONTENT="utländska"/><SP WIDTH="29" VPOS="674" HPOS="775"/>
							<String ID="string_73" HPOS="804" VPOS="678" WIDTH="185" HEIGHT="45" WC="0.91" CONTENT="agenters"/><SP WIDTH="29" VPOS="678" HPOS="989"/>
							<String ID="string_74" HPOS="1018" VPOS="676" WIDTH="259" HEIGHT="38" WC="0.96" CONTENT="verksamhet"/><SP WIDTH="27" VPOS="676" HPOS="1277"/>
							<String ID="string_75" HPOS="1304" VPOS="676" WIDTH="76" HEIGHT="37" WC="0.96" CONTENT="här"/><SP WIDTH="28" VPOS="676" HPOS="1380"/>
							<String ID="string_76" HPOS="1408" VPOS="677" WIDTH="13" HEIGHT="37" WC="0.96" CONTENT="i"/><SP WIDTH="28" VPOS="677" HPOS="1421"/>
							<String ID="string_77" HPOS="1449" VPOS="676" WIDTH="149" HEIGHT="39" WC="0.96" CONTENT="landet."/><SP WIDTH="59" VPOS="676" HPOS="1598"/>
							<String ID="string_78" HPOS="1657" VPOS="673" WIDTH="142" HEIGHT="42" WC="0.82" CONTENT="Såsom"/>
						</TextLine>
						<TextLine ID="line_9" HPOS="202" VPOS="727" WIDTH="1595" HEIGHT="52">
							<String ID="string_79" HPOS="202" VPOS="727" WIDTH="253" HEIGHT="38" WC="0.96" CONTENT="motionären"/><SP WIDTH="43" VPOS="727" HPOS="455"/>
							<String ID="string_80" HPOS="498" VPOS="731" WIDTH="139" HEIGHT="45" WC="0.94" CONTENT="yttrar,"/><SP WIDTH="45" VPOS="731" HPOS="637"/>
							<String ID="string_81" HPOS="682" VPOS="731" WIDTH="45" HEIGHT="34" WC="0.96" CONTENT="är"/><SP WIDTH="34" VPOS="731" HPOS="727"/>
							<String ID="string_82" HPOS="761" VPOS="728" WIDTH="68" HEIGHT="38" WC="0.93" CONTENT="det"/><SP WIDTH="28" VPOS="728" HPOS="829"/>
							<String ID="string_83" HPOS="857" VPOS="729" WIDTH="149" HEIGHT="48" WC="0.91" CONTENT="ägnadt"/><SP WIDTH="29" VPOS="729" HPOS="1006"/>
							<String ID="string_84" HPOS="1035" VPOS="732" WIDTH="59" HEIGHT="35" WC="0.93" CONTENT="att"/><SP WIDTH="28" VPOS="732" HPOS="1094"/>
							<String ID="string_85" HPOS="1122" VPOS="729" WIDTH="185" HEIGHT="49" WC="0.90" CONTENT="tilldraga"/><SP WIDTH="28" VPOS="729" HPOS="1307"/>
							<String ID="string_86" HPOS="1335" VPOS="730" WIDTH="60" HEIGHT="49" WC="0.96" CONTENT="sig"/><SP WIDTH="28" VPOS="730" HPOS="1395"/>
							<String ID="string_87" HPOS="1423" VPOS="730" WIDTH="374" HEIGHT="48" WC="0.93" CONTENT="uppmärksamhet,"/>
						</TextLine>
						<TextLine ID="line_10" HPOS="201" VPOS="781" WIDTH="1598" HEIGHT="52">
							<String ID="string_88" HPOS="201" VPOS="784" WIDTH="70" HEIGHT="42" WC="0.96" CONTENT="att,"/><SP WIDTH="44" VPOS="784" HPOS="271"/>
							<String ID="string_89" HPOS="315" VPOS="781" WIDTH="130" HEIGHT="37" WC="0.96" CONTENT="ehuru"/><SP WIDTH="41" VPOS="781" HPOS="445"/>
							<String ID="string_90" HPOS="486" VPOS="781" WIDTH="162" HEIGHT="49" WC="0.94" CONTENT="jämlikt"/><SP WIDTH="41" VPOS="781" HPOS="648"/>
							<String ID="string_91" HPOS="689" VPOS="782" WIDTH="138" HEIGHT="48" WC="0.94" CONTENT="kungl."/><SP WIDTH="31" VPOS="782" HPOS="827"/>
							<String ID="string_92" HPOS="858" VPOS="782" WIDTH="291" HEIGHT="49" WC="0.95" CONTENT="förordningen"/><SP WIDTH="30" VPOS="782" HPOS="1149"/>
							<String ID="string_93" HPOS="1179" VPOS="783" WIDTH="77" HEIGHT="37" WC="0.96" CONTENT="den"/><SP WIDTH="30" VPOS="783" HPOS="1256"/>
							<String ID="string_94" HPOS="1286" VPOS="784" WIDTH="23" HEIGHT="36" WC="0.96" CONTENT="9"/><SP WIDTH="29" VPOS="784" HPOS="1309"/>
							<String ID="string_95" HPOS="1338" VPOS="784" WIDTH="91" HEIGHT="48" WC="0.96" CONTENT="juni"/><SP WIDTH="30" VPOS="784" HPOS="1429"/>
							<String ID="string_96" HPOS="1459" VPOS="784" WIDTH="103" HEIGHT="38" WC="0.95" CONTENT="1905"/><SP WIDTH="30" VPOS="784" HPOS="1562"/>
							<String ID="string_97" HPOS="1592" VPOS="785" WIDTH="207" HEIGHT="48" WC="0.96" CONTENT="angående"/>
						</TextLine>
						<TextLine ID="line_11" HPOS="200" VPOS="834" WIDTH="1600" HEIGHT="52">
							<String ID="string_98" HPOS="200" VPOS="834" WIDTH="245" HEIGHT="49" WC="0.96" CONTENT="försäljning"/><SP WIDTH="29" VPOS="834" HPOS="445"/>
							<String ID="string_99" HPOS="474" VPOS="835" WIDTH="43" HEIGHT="37" WC="0.96" CONTENT="af"/><SP WIDTH="28" VPOS="835" HPOS="517"/>
							<String ID="string_100" HPOS="545" VPOS="835" WIDTH="202" HEIGHT="37" WC="0.95" CONTENT="brännvin"/><SP WIDTH="29" VPOS="835" HPOS="747"/>
							<String ID="string_101" HPOS="776" VPOS="836" WIDTH="151" HEIGHT="37" WC="0.92" CONTENT="förbud"/><SP WIDTH="29" VPOS="836" HPOS="927"/>
							<String ID="string_102" HPOS="956" VPOS="836" WIDTH="180" HEIGHT="49" WC="0.91" CONTENT="stadgats"/><SP WIDTH="27" VPOS="836" HPOS="1136"/>
							<String ID="string_103" HPOS="1163" VPOS="837" WIDTH="66" HEIGHT="37" WC="0.96" CONTENT="för"/><SP WIDTH="27" VPOS="837" HPOS="1229"/>
							<String ID="string_104" HPOS="1256" VPOS="837" WIDTH="215" HEIGHT="38" WC="0.96" CONTENT="inhemska"/><SP WIDTH="28" VPOS="837" HPOS="1471"/>
							<String ID="string_105" HPOS="1499" VPOS="837" WIDTH="212" HEIGHT="49" WC="0.96" CONTENT="försäljare"/><SP WIDTH="30" VPOS="837" HPOS="1711"/>
							<String ID="string_106" HPOS="1741" VPOS="842" WIDTH="59" HEIGHT="42" WC="0.96" CONTENT="att"/>
						</TextLine>
						<TextLine ID="line_12" HPOS="200" VPOS="887" WIDTH="1599" HEIGHT="50">
							<String ID="string_107" HPOS="200" VPOS="887" WIDTH="70" HEIGHT="38" WC="0.96" CONTENT="vid"/><SP WIDTH="28" VPOS="887" HPOS="270"/>
							<String ID="string_108" HPOS="298" VPOS="888" WIDTH="223" HEIGHT="48" WC="0.96" CONTENT="personligt"/><SP WIDTH="28" VPOS="888" HPOS="521"/>
							<String ID="string_109" HPOS="549" VPOS="889" WIDTH="125" HEIGHT="37" WC="0.96" CONTENT="besök"/><SP WIDTH="28" VPOS="889" HPOS="674"/>
							<String ID="string_110" HPOS="702" VPOS="888" WIDTH="96" HEIGHT="39" WC="0.96" CONTENT="eller"/><SP WIDTH="27" VPOS="888" HPOS="798"/>
							<String ID="string_111" HPOS="825" VPOS="901" WIDTH="148" HEIGHT="36" WC="0.96" CONTENT="genom"/><SP WIDTH="29" VPOS="901" HPOS="973"/>
							<String ID="string_112" HPOS="1002" VPOS="890" WIDTH="151" HEIGHT="37" WC="0.95" CONTENT="ombud"/><SP WIDTH="28" VPOS="890" HPOS="1153"/>
							<String ID="string_113" HPOS="1181" VPOS="890" WIDTH="74" HEIGHT="38" WC="0.95" CONTENT="hos"/><SP WIDTH="29" VPOS="890" HPOS="1255"/>
							<String ID="string_114" HPOS="1284" VPOS="903" WIDTH="137" HEIGHT="25" WC="0.96" CONTENT="annan"/><SP WIDTH="30" VPOS="903" HPOS="1421"/>
							<String ID="string_115" HPOS="1451" VPOS="894" WIDTH="52" HEIGHT="34" WC="0.93" CONTENT="än"/><SP WIDTH="29" VPOS="894" HPOS="1503"/>
							<String ID="string_116" HPOS="1532" VPOS="891" WIDTH="267" HEIGHT="38" WC="0.86" CONTENT="innehafvare"/>
						</TextLine>
						<TextLine ID="line_13" HPOS="201" VPOS="941" WIDTH="1599" HEIGHT="53">
							<String ID="string_117" HPOS="201" VPOS="941" WIDTH="42" HEIGHT="37" WC="0.93" CONTENT="af"/><SP WIDTH="41" VPOS="941" HPOS="243"/>
							<String ID="string_118" HPOS="284" VPOS="941" WIDTH="683" HEIGHT="50" WC="0.91" CONTENT="brännvinsförsäljningsrättighet"/><SP WIDTH="41" VPOS="941" HPOS="967"/>
							<String ID="string_119" HPOS="1008" VPOS="943" WIDTH="174" HEIGHT="48" WC="0.92" CONTENT="utbjuda"/><SP WIDTH="47" VPOS="943" HPOS="1182"/>
							<String ID="string_120" HPOS="1229" VPOS="944" WIDTH="202" HEIGHT="37" WC="0.96" CONTENT="brännvin"/><SP WIDTH="48" VPOS="944" HPOS="1431"/>
							<String ID="string_121" HPOS="1479" VPOS="944" WIDTH="95" HEIGHT="38" WC="0.92" CONTENT="eller"/><SP WIDTH="46" VPOS="944" HPOS="1574"/>
							<String ID="string_122" HPOS="1620" VPOS="948" WIDTH="180" HEIGHT="46" WC="0.91" CONTENT="upptaga"/>
						</TextLine>
						<TextLine ID="line_14" HPOS="200" VPOS="994" WIDTH="1599" HEIGHT="50">
							<String ID="string_123" HPOS="200" VPOS="994" WIDTH="290" HEIGHT="49" WC="0.93" CONTENT="beställningar"/><SP WIDTH="28" VPOS="994" HPOS="490"/>
							<String ID="string_124" HPOS="518" VPOS="995" WIDTH="97" HEIGHT="37" WC="0.92" CONTENT="därå"/><SP WIDTH="19" VPOS="995" HPOS="615"/>
							<String ID="string_125" HPOS="634" VPOS="996" WIDTH="14" HEIGHT="36" WC="0.96" CONTENT="i"/><SP WIDTH="20" VPOS="996" HPOS="648"/>
							<String ID="string_126" HPOS="668" VPOS="996" WIDTH="157" HEIGHT="37" WC="0.96" CONTENT="mindre"/><SP WIDTH="20" VPOS="996" HPOS="825"/>
							<String ID="string_127" HPOS="845" VPOS="996" WIDTH="147" HEIGHT="48" WC="0.96" CONTENT="belopp"/><SP WIDTH="21" VPOS="996" HPOS="992"/>
							<String ID="string_128" HPOS="1013" VPOS="999" WIDTH="52" HEIGHT="35" WC="0.96" CONTENT="än"/><SP WIDTH="21" VPOS="999" HPOS="1065"/>
							<String ID="string_129" HPOS="1086" VPOS="998" WIDTH="76" HEIGHT="36" WC="0.95" CONTENT="250"/><SP WIDTH="22" VPOS="998" HPOS="1162"/>
							<String ID="string_130" HPOS="1184" VPOS="997" WIDTH="102" HEIGHT="47" WC="0.96" CONTENT="liter,"/><SP WIDTH="22" VPOS="997" HPOS="1286"/>
							<String ID="string_131" HPOS="1308" VPOS="997" WIDTH="220" HEIGHT="38" WC="0.92" CONTENT="utländska"/><SP WIDTH="19" VPOS="997" HPOS="1528"/>
							<String ID="string_132" HPOS="1547" VPOS="998" WIDTH="252" HEIGHT="39" WC="0.91" CONTENT="handlandes"/>
						</TextLine>
						<TextLine ID="line_15" HPOS="200" VPOS="1048" WIDTH="1599" HEIGHT="52">
							<String ID="string_133" HPOS="200" VPOS="1048" WIDTH="162" HEIGHT="46" WC="0.96" CONTENT="ombud,"/><SP WIDTH="31" VPOS="1048" HPOS="362"/>
							<String ID="string_134" HPOS="393" VPOS="1060" WIDTH="88" HEIGHT="26" WC="0.96" CONTENT="som"/><SP WIDTH="29" VPOS="1060" HPOS="481"/>
							<String ID="string_135" HPOS="510" VPOS="1049" WIDTH="137" HEIGHT="38" WC="0.96" CONTENT="färdas"/><SP WIDTH="29" VPOS="1049" HPOS="647"/>
							<String ID="string_136" HPOS="676" VPOS="1049" WIDTH="188" HEIGHT="49" WC="0.96" CONTENT="omkring"/><SP WIDTH="29" VPOS="1049" HPOS="864"/>
							<String ID="string_137" HPOS="893" VPOS="1050" WIDTH="13" HEIGHT="37" WC="0.96" CONTENT="i"/><SP WIDTH="34" VPOS="1050" HPOS="906"/>
							<String ID="string_138" HPOS="940" VPOS="1049" WIDTH="176" HEIGHT="50" WC="0.95" CONTENT="Sverige,"/><SP WIDTH="30" VPOS="1049" HPOS="1116"/>
							<String ID="string_139" HPOS="1146" VPOS="1050" WIDTH="126" HEIGHT="38" WC="0.96" CONTENT="likväl"/><SP WIDTH="27" VPOS="1050" HPOS="1272"/>
							<String ID="string_140" HPOS="1299" VPOS="1053" WIDTH="54" HEIGHT="46" WC="0.96" CONTENT="på"/><SP WIDTH="27" VPOS="1053" HPOS="1353"/>
							<String ID="string_141" HPOS="1380" VPOS="1051" WIDTH="135" HEIGHT="48" WC="0.96" CONTENT="grund"/><SP WIDTH="29" VPOS="1051" HPOS="1515"/>
							<String ID="string_142" HPOS="1544" VPOS="1051" WIDTH="42" HEIGHT="38" WC="0.96" CONTENT="af"/><SP WIDTH="27" VPOS="1051" HPOS="1586"/>
							<String ID="string_143" HPOS="1613" VPOS="1051" WIDTH="186" HEIGHT="49" WC="0.96" CONTENT="gällande"/>
						</TextLine>
						<TextLine ID="line_16" HPOS="200" VPOS="1101" WIDTH="1598" HEIGHT="54">
							<String ID="string_144" HPOS="200" VPOS="1101" WIDTH="368" HEIGHT="39" WC="0.92" CONTENT="handelstraktater"/><SP WIDTH="28" VPOS="1101" HPOS="568"/>
							<String ID="string_145" HPOS="596" VPOS="1115" WIDTH="117" HEIGHT="25" WC="0.96" CONTENT="anses"/><SP WIDTH="29" VPOS="1115" HPOS="713"/>
							<String ID="string_146" HPOS="742" VPOS="1106" WIDTH="74" HEIGHT="45" WC="0.93" CONTENT="äga"/><SP WIDTH="28" VPOS="1106" HPOS="816"/>
							<String ID="string_147" HPOS="844" VPOS="1107" WIDTH="179" HEIGHT="45" WC="0.91" CONTENT="upptaga"/><SP WIDTH="29" VPOS="1107" HPOS="1023"/>
							<String ID="string_148" HPOS="1052" VPOS="1104" WIDTH="139" HEIGHT="49" WC="0.96" CONTENT="dylika"/><SP WIDTH="27" VPOS="1104" HPOS="1191"/>
							<String ID="string_149" HPOS="1218" VPOS="1104" WIDTH="300" HEIGHT="49" WC="0.96" CONTENT="beställningar."/><SP WIDTH="52" VPOS="1104" HPOS="1518"/>
							<String ID="string_150" HPOS="1570" VPOS="1104" WIDTH="79" HEIGHT="39" WC="0.96" CONTENT="Det"/><SP WIDTH="28" VPOS="1104" HPOS="1649"/>
							<String ID="string_151" HPOS="1677" VPOS="1118" WIDTH="121" HEIGHT="37" WC="0.96" CONTENT="synes"/>
						</TextLine>
						<TextLine ID="line_17" HPOS="200" VPOS="1155" WIDTH="1598" HEIGHT="53">
							<String ID="string_152" HPOS="200" VPOS="1155" WIDTH="139" HEIGHT="37" WC="0.96" CONTENT="därför"/><SP WIDTH="20" VPOS="1155" HPOS="339"/>
							<String ID="string_153" HPOS="359" VPOS="1156" WIDTH="99" HEIGHT="37" WC="0.93" CONTENT="böra"/><SP WIDTH="18" VPOS="1156" HPOS="458"/>
							<String ID="string_154" HPOS="476" VPOS="1155" WIDTH="137" HEIGHT="46" WC="0.90" CONTENT="tillses,"/><SP WIDTH="18" VPOS="1155" HPOS="613"/>
							<String ID="string_155" HPOS="631" VPOS="1156" WIDTH="205" HEIGHT="39" WC="0.96" CONTENT="huruvida"/><SP WIDTH="21" VPOS="1156" HPOS="836"/>
							<String ID="string_156" HPOS="857" VPOS="1157" WIDTH="88" HEIGHT="38" WC="0.95" CONTENT="icke"/><SP WIDTH="16" VPOS="1157" HPOS="945"/>
							<String ID="string_157" HPOS="961" VPOS="1157" WIDTH="185" HEIGHT="49" WC="0.96" CONTENT="åtgärder"/><SP WIDTH="15" VPOS="1157" HPOS="1146"/>
							<String ID="string_158" HPOS="1161" VPOS="1158" WIDTH="128" HEIGHT="37" WC="0.96" CONTENT="skulle"/><SP WIDTH="16" VPOS="1158" HPOS="1289"/>
							<String ID="string_159" HPOS="1305" VPOS="1158" WIDTH="141" HEIGHT="38" WC="0.96" CONTENT="kunna"/><SP WIDTH="15" VPOS="1158" HPOS="1446"/>
							<String ID="string_160" HPOS="1461" VPOS="1158" WIDTH="185" HEIGHT="49" WC="0.96" CONTENT="vidtagas"/><SP WIDTH="16" VPOS="1158" HPOS="1646"/>
							<String ID="string_161" HPOS="1662" VPOS="1159" WIDTH="14" HEIGHT="37" WC="0.96" CONTENT="i"/><SP WIDTH="15" VPOS="1159" HPOS="1676"/>
							<String ID="string_162" HPOS="1691" VPOS="1160" WIDTH="107" HEIGHT="48" WC="0.96" CONTENT="syfte"/>
						</TextLine>
						<TextLine ID="line_18" HPOS="200" VPOS="1209" WIDTH="1150" HEIGHT="49">
							<String ID="string_163" HPOS="200" VPOS="1212" WIDTH="59" HEIGHT="35" WC="0.96" CONTENT="att"/><SP WIDTH="28" VPOS="1212" HPOS="259"/>
							<String ID="string_164" HPOS="287" VPOS="1209" WIDTH="126" HEIGHT="38" WC="0.96" CONTENT="vinna"/><SP WIDTH="29" VPOS="1209" HPOS="413"/>
							<String ID="string_165" HPOS="442" VPOS="1209" WIDTH="172" HEIGHT="49" WC="0.96" CONTENT="ändring"/><SP WIDTH="28" VPOS="1209" HPOS="614"/>
							<String ID="string_166" HPOS="642" VPOS="1210" WIDTH="13" HEIGHT="37" WC="0.96" CONTENT="i"/><SP WIDTH="30" VPOS="1210" HPOS="655"/>
							<String ID="string_167" HPOS="685" VPOS="1211" WIDTH="72" HEIGHT="37" WC="0.93" CONTENT="sist"/><SP WIDTH="29" VPOS="1211" HPOS="757"/>
							<String ID="string_168" HPOS="786" VPOS="1211" WIDTH="271" HEIGHT="37" WC="0.91" CONTENT="omförmälda"/><SP WIDTH="27" VPOS="1211" HPOS="1057"/>
							<String ID="string_169" HPOS="1084" VPOS="1211" WIDTH="266" HEIGHT="38" WC="0.96" CONTENT="förhållande."/>
						</TextLine>
					</TextBlock>
					<TextBlock ID="block_2" HPOS="199" VPOS="1262" WIDTH="1599" HEIGHT="318">
						<TextLine ID="line_19" HPOS="360" VPOS="1262" WIDTH="1437" HEIGHT="51">
							<String ID="string_170" HPOS="360" VPOS="1262" WIDTH="280" HEIGHT="39" WC="0.90" CONTENT="Motionärens"/><SP WIDTH="27" VPOS="1262" HPOS="640"/>
							<String ID="string_171" HPOS="667" VPOS="1263" WIDTH="163" HEIGHT="49" WC="0.96" CONTENT="förslag,"/><SP WIDTH="32" VPOS="1263" HPOS="830"/>
							<String ID="string_172" HPOS="862" VPOS="1267" WIDTH="60" HEIGHT="34" WC="0.96" CONTENT="att"/><SP WIDTH="27" VPOS="1267" HPOS="922"/>
							<String ID="string_173" HPOS="949" VPOS="1277" WIDTH="145" HEIGHT="36" WC="0.96" CONTENT="genom"/><SP WIDTH="29" VPOS="1277" HPOS="1094"/>
							<String ID="string_174" HPOS="1123" VPOS="1265" WIDTH="215" HEIGHT="37" WC="0.96" CONTENT="införande"/><SP WIDTH="29" VPOS="1265" HPOS="1338"/>
							<String ID="string_175" HPOS="1367" VPOS="1266" WIDTH="43" HEIGHT="36" WC="0.92" CONTENT="af"/><SP WIDTH="16" VPOS="1266" HPOS="1410"/>
							<String ID="string_176" HPOS="1426" VPOS="1265" WIDTH="371" HEIGHT="40" WC="0.91" CONTENT="differentialtullar"/>
						</TextLine>
						<TextLine ID="line_20" HPOS="200" VPOS="1316" WIDTH="1598" HEIGHT="49">
							<String ID="string_177" HPOS="200" VPOS="1316" WIDTH="213" HEIGHT="37" WC="0.95" CONTENT="äfvensom"/><SP WIDTH="42" VPOS="1316" HPOS="413"/>
							<String ID="string_178" HPOS="455" VPOS="1317" WIDTH="84" HEIGHT="37" WC="0.95" CONTENT="viss"/><SP WIDTH="43" VPOS="1317" HPOS="539"/>
							<String ID="string_179" HPOS="582" VPOS="1317" WIDTH="172" HEIGHT="48" WC="0.96" CONTENT="höjning"/><SP WIDTH="42" VPOS="1317" HPOS="754"/>
							<String ID="string_180" HPOS="796" VPOS="1318" WIDTH="43" HEIGHT="36" WC="0.92" CONTENT="af"/><SP WIDTH="41" VPOS="1318" HPOS="839"/>
							<String ID="string_181" HPOS="880" VPOS="1318" WIDTH="202" HEIGHT="37" WC="0.92" CONTENT="vintullen"/><SP WIDTH="42" VPOS="1318" HPOS="1082"/>
							<String ID="string_182" HPOS="1124" VPOS="1318" WIDTH="99" HEIGHT="37" WC="0.96" CONTENT="söka"/><SP WIDTH="27" VPOS="1318" HPOS="1223"/>
							<String ID="string_183" HPOS="1250" VPOS="1318" WIDTH="224" HEIGHT="38" WC="0.95" CONTENT="inskränka"/><SP WIDTH="29" VPOS="1318" HPOS="1474"/>
							<String ID="string_184" HPOS="1503" VPOS="1318" WIDTH="48" HEIGHT="38" WC="0.96" CONTENT="de"/><SP WIDTH="29" VPOS="1318" HPOS="1551"/>
							<String ID="string_185" HPOS="1580" VPOS="1318" WIDTH="218" HEIGHT="39" WC="0.96" CONTENT="utländska"/>
						</TextLine>
						<TextLine ID="line_21" HPOS="200" VPOS="1369" WIDTH="1598" HEIGHT="50">
							<String ID="string_186" HPOS="200" VPOS="1369" WIDTH="362" HEIGHT="38" WC="0.96" CONTENT="handelsresandes"/><SP WIDTH="20" VPOS="1369" HPOS="562"/>
							<String ID="string_187" HPOS="582" VPOS="1370" WIDTH="259" HEIGHT="38" WC="0.96" CONTENT="verksamhet"/><SP WIDTH="18" VPOS="1370" HPOS="841"/>
							<String ID="string_188" HPOS="859" VPOS="1373" WIDTH="54" HEIGHT="45" WC="0.96" CONTENT="på"/><SP WIDTH="19" VPOS="1373" HPOS="913"/>
							<String ID="string_189" HPOS="932" VPOS="1371" WIDTH="311" HEIGHT="48" WC="0.95" CONTENT="ifrågavarande"/><SP WIDTH="16" VPOS="1371" HPOS="1243"/>
							<String ID="string_190" HPOS="1259" VPOS="1371" WIDTH="175" HEIGHT="47" WC="0.96" CONTENT="område,"/><SP WIDTH="19" VPOS="1371" HPOS="1434"/>
							<String ID="string_191" HPOS="1453" VPOS="1372" WIDTH="131" HEIGHT="37" WC="0.96" CONTENT="finner"/><SP WIDTH="15" VPOS="1372" HPOS="1584"/>
							<String ID="string_192" HPOS="1599" VPOS="1373" WIDTH="199" HEIGHT="38" WC="0.96" CONTENT="utskottet"/>
						</TextLine>
						<TextLine ID="line_22" HPOS="200" VPOS="1422" WIDTH="1596" HEIGHT="52">
							<String ID="string_193" HPOS="200" VPOS="1422" WIDTH="61" HEIGHT="48" WC="0.96" CONTENT="sig"/><SP WIDTH="28" VPOS="1422" HPOS="261"/>
							<String ID="string_194" HPOS="289" VPOS="1422" WIDTH="224" HEIGHT="38" WC="0.96" CONTENT="emellertid"/><SP WIDTH="29" VPOS="1422" HPOS="513"/>
							<String ID="string_195" HPOS="542" VPOS="1423" WIDTH="86" HEIGHT="38" WC="0.59" CONTENT="icke"/><SP WIDTH="29" VPOS="1423" HPOS="628"/>
							<String ID="string_196" HPOS="657" VPOS="1423" WIDTH="141" HEIGHT="38" WC="0.96" CONTENT="kunna"/><SP WIDTH="28" VPOS="1423" HPOS="798"/>
							<String ID="string_197" HPOS="826" VPOS="1424" WIDTH="204" HEIGHT="48" WC="0.96" CONTENT="tillstyrka"/><SP WIDTH="29" VPOS="1424" HPOS="1030"/>
							<String ID="string_198" HPOS="1059" VPOS="1424" WIDTH="84" HEIGHT="38" WC="0.96" CONTENT="dels"/><SP WIDTH="25" VPOS="1424" HPOS="1143"/>
							<String ID="string_199" HPOS="1168" VPOS="1424" WIDTH="93" HEIGHT="38" WC="0.96" CONTENT="med"/><SP WIDTH="19" VPOS="1424" HPOS="1261"/>
							<String ID="string_200" HPOS="1280" VPOS="1425" WIDTH="161" HEIGHT="48" WC="0.96" CONTENT="hänsyn"/><SP WIDTH="20" VPOS="1425" HPOS="1441"/>
							<String ID="string_201" HPOS="1461" VPOS="1425" WIDTH="63" HEIGHT="37" WC="0.96" CONTENT="till"/><SP WIDTH="20" VPOS="1425" HPOS="1524"/>
							<String ID="string_202" HPOS="1544" VPOS="1425" WIDTH="48" HEIGHT="38" WC="0.96" CONTENT="de"/><SP WIDTH="20" VPOS="1425" HPOS="1592"/>
							<String ID="string_203" HPOS="1612" VPOS="1425" WIDTH="184" HEIGHT="49" WC="0.96" CONTENT="gällande"/>
						</TextLine>
						<TextLine ID="line_23" HPOS="199" VPOS="1476" WIDTH="1597" HEIGHT="50">
							<String ID="string_204" HPOS="199" VPOS="1476" WIDTH="263" HEIGHT="46" WC="0.90" CONTENT="traktaterna,"/><SP WIDTH="32" VPOS="1476" HPOS="462"/>
							<String ID="string_205" HPOS="494" VPOS="1476" WIDTH="84" HEIGHT="38" WC="0.96" CONTENT="dels"/><SP WIDTH="35" VPOS="1476" HPOS="578"/>
							<String ID="string_206" HPOS="613" VPOS="1477" WIDTH="75" HEIGHT="37" WC="0.96" CONTENT="ock"/><SP WIDTH="29" VPOS="1477" HPOS="688"/>
							<String ID="string_207" HPOS="717" VPOS="1477" WIDTH="139" HEIGHT="38" WC="0.96" CONTENT="därför"/><SP WIDTH="28" VPOS="1477" HPOS="856"/>
							<String ID="string_208" HPOS="884" VPOS="1481" WIDTH="59" HEIGHT="34" WC="0.96" CONTENT="att"/><SP WIDTH="29" VPOS="1481" HPOS="943"/>
							<String ID="string_209" HPOS="972" VPOS="1477" WIDTH="116" HEIGHT="38" WC="0.96" CONTENT="dessa"/><SP WIDTH="28" VPOS="1477" HPOS="1088"/>
							<String ID="string_210" HPOS="1116" VPOS="1478" WIDTH="185" HEIGHT="48" WC="0.96" CONTENT="åtgärder"/><SP WIDTH="27" VPOS="1478" HPOS="1301"/>
							<String ID="string_211" HPOS="1328" VPOS="1478" WIDTH="88" HEIGHT="38" WC="0.96" CONTENT="icke"/><SP WIDTH="28" VPOS="1478" HPOS="1416"/>
							<String ID="string_212" HPOS="1444" VPOS="1478" WIDTH="86" HEIGHT="38" WC="0.96" CONTENT="lära"/><SP WIDTH="29" VPOS="1478" HPOS="1530"/>
							<String ID="string_213" HPOS="1559" VPOS="1479" WIDTH="91" HEIGHT="38" WC="0.92" CONTENT="med"/><SP WIDTH="16" VPOS="1479" HPOS="1650"/>
							<String ID="string_214" HPOS="1666" VPOS="1480" WIDTH="130" HEIGHT="38" WC="0.91" CONTENT="säker-"/>
						</TextLine>
						<TextLine ID="line_24" HPOS="200" VPOS="1529" WIDTH="1058" HEIGHT="51">
							<String ID="string_215" HPOS="200" VPOS="1529" WIDTH="69" HEIGHT="38" WC="0.95" CONTENT="het"/><SP WIDTH="28" VPOS="1529" HPOS="269"/>
							<String ID="string_216" HPOS="297" VPOS="1530" WIDTH="90" HEIGHT="37" WC="0.96" CONTENT="föra"/><SP WIDTH="28" VPOS="1530" HPOS="387"/>
							<String ID="string_217" HPOS="415" VPOS="1530" WIDTH="63" HEIGHT="37" WC="0.96" CONTENT="till"/><SP WIDTH="29" VPOS="1530" HPOS="478"/>
							<String ID="string_218" HPOS="507" VPOS="1530" WIDTH="68" HEIGHT="38" WC="0.96" CONTENT="det"/><SP WIDTH="28" VPOS="1530" HPOS="575"/>
							<String ID="string_219" HPOS="603" VPOS="1531" WIDTH="280" HEIGHT="48" WC="0.96" CONTENT="nyssnämnda"/><SP WIDTH="28" VPOS="1531" HPOS="883"/>
							<String ID="string_220" HPOS="911" VPOS="1531" WIDTH="186" HEIGHT="49" WC="0.96" CONTENT="åsyftade"/><SP WIDTH="28" VPOS="1531" HPOS="1097"/>
							<String ID="string_221" HPOS="1125" VPOS="1531" WIDTH="133" HEIGHT="39" WC="0.96" CONTENT="målet."/>
						</TextLine>
					</TextBlock>
					<TextBlock ID="block_3" HPOS="198" VPOS="1583" WIDTH="1598" HEIGHT="478">
						<TextLine ID="line_25" HPOS="306" VPOS="1583" WIDTH="1489" HEIGHT="51">
							<String ID="string_222" HPOS="306" VPOS="1583" WIDTH="179" HEIGHT="38" WC="0.93" CONTENT="Därmed"/><SP WIDTH="43" VPOS="1583" HPOS="485"/>
							<String ID="string_223" HPOS="528" VPOS="1584" WIDTH="71" HEIGHT="37" WC="0.93" CONTENT="bör"/><SP WIDTH="42" VPOS="1584" HPOS="599"/>
							<String ID="string_224" HPOS="641" VPOS="1584" WIDTH="126" HEIGHT="49" WC="0.96" CONTENT="enligt"/><SP WIDTH="43" VPOS="1584" HPOS="767"/>
							<String ID="string_225" HPOS="810" VPOS="1585" WIDTH="218" HEIGHT="38" WC="0.96" CONTENT="utskottets"/><SP WIDTH="42" VPOS="1585" HPOS="1028"/>
							<String ID="string_226" HPOS="1070" VPOS="1585" WIDTH="107" HEIGHT="38" WC="0.96" CONTENT="åsikt"/><SP WIDTH="41" VPOS="1585" HPOS="1177"/>
							<String ID="string_227" HPOS="1218" VPOS="1586" WIDTH="142" HEIGHT="48" WC="0.96" CONTENT="frågan"/><SP WIDTH="40" VPOS="1586" HPOS="1360"/>
							<String ID="string_228" HPOS="1400" VPOS="1585" WIDTH="103" HEIGHT="39" WC="0.96" CONTENT="dock"/><SP WIDTH="28" VPOS="1585" HPOS="1503"/>
							<String ID="string_229" HPOS="1531" VPOS="1586" WIDTH="88" HEIGHT="38" WC="0.96" CONTENT="icke"/><SP WIDTH="28" VPOS="1586" HPOS="1619"/>
							<String ID="string_230" HPOS="1647" VPOS="1587" WIDTH="43" HEIGHT="37" WC="0.93" CONTENT="få"/><SP WIDTH="29" VPOS="1587" HPOS="1690"/>
							<String ID="string_231" HPOS="1719" VPOS="1587" WIDTH="76" HEIGHT="38" WC="0.92" CONTENT="för-"/>
						</TextLine>
						<TextLine ID="line_26" HPOS="199" VPOS="1636" WIDTH="1597" HEIGHT="52">
							<String ID="string_232" HPOS="199" VPOS="1636" WIDTH="107" HEIGHT="38" WC="0.93" CONTENT="falla."/><SP WIDTH="58" VPOS="1636" HPOS="306"/>
							<String ID="string_233" HPOS="364" VPOS="1636" WIDTH="80" HEIGHT="38" WC="0.94" CONTENT="Det"/><SP WIDTH="41" VPOS="1636" HPOS="444"/>
							<String ID="string_234" HPOS="485" VPOS="1650" WIDTH="121" HEIGHT="36" WC="0.96" CONTENT="synes"/><SP WIDTH="41" VPOS="1650" HPOS="606"/>
							<String ID="string_235" HPOS="647" VPOS="1638" WIDTH="204" HEIGHT="48" WC="0.95" CONTENT="nämligen"/><SP WIDTH="43" VPOS="1638" HPOS="851"/>
							<String ID="string_236" HPOS="894" VPOS="1639" WIDTH="198" HEIGHT="38" WC="0.77" CONTENT="utskottet"/><SP WIDTH="42" VPOS="1639" HPOS="1092"/>
							<String ID="string_237" HPOS="1134" VPOS="1652" WIDTH="98" HEIGHT="24" WC="0.96" CONTENT="vara"/><SP WIDTH="41" VPOS="1652" HPOS="1232"/>
							<String ID="string_238" HPOS="1273" VPOS="1640" WIDTH="42" HEIGHT="36" WC="0.96" CONTENT="af"/><SP WIDTH="42" VPOS="1640" HPOS="1315"/>
							<String ID="string_239" HPOS="1357" VPOS="1639" WIDTH="216" HEIGHT="49" WC="0.96" CONTENT="betydelse,"/><SP WIDTH="46" VPOS="1639" HPOS="1573"/>
							<String ID="string_240" HPOS="1619" VPOS="1643" WIDTH="58" HEIGHT="34" WC="0.95" CONTENT="att"/><SP WIDTH="42" VPOS="1643" HPOS="1677"/>
							<String ID="string_241" HPOS="1719" VPOS="1641" WIDTH="77" HEIGHT="37" WC="0.95" CONTENT="full"/>
						</TextLine>
						<TextLine ID="line_27" HPOS="201" VPOS="1689" WIDTH="1592" HEIGHT="52">
							<String ID="string_242" HPOS="201" VPOS="1689" WIDTH="158" HEIGHT="39" WC="0.88" CONTENT="klarhet"/><SP WIDTH="42" VPOS="1689" HPOS="359"/>
							<String ID="string_243" HPOS="401" VPOS="1691" WIDTH="171" HEIGHT="37" WC="0.88" CONTENT="erbålles"/><SP WIDTH="42" VPOS="1691" HPOS="572"/>
							<String ID="string_244" HPOS="614" VPOS="1692" WIDTH="13" HEIGHT="35" WC="0.96" CONTENT="i"/><SP WIDTH="33" VPOS="1692" HPOS="627"/>
							<String ID="string_245" HPOS="660" VPOS="1692" WIDTH="269" HEIGHT="37" WC="0.96" CONTENT="förevarande"/><SP WIDTH="29" VPOS="1692" HPOS="929"/>
							<String ID="string_246" HPOS="958" VPOS="1692" WIDTH="199" HEIGHT="47" WC="0.95" CONTENT="spörsmål"/><SP WIDTH="29" VPOS="1692" HPOS="1157"/>
							<String ID="string_247" HPOS="1186" VPOS="1692" WIDTH="252" HEIGHT="38" WC="0.95" CONTENT="beträffande"/><SP WIDTH="30" VPOS="1692" HPOS="1438"/>
							<String ID="string_248" HPOS="1468" VPOS="1693" WIDTH="49" HEIGHT="37" WC="0.96" CONTENT="de"/><SP WIDTH="28" VPOS="1693" HPOS="1517"/>
							<String ID="string_249" HPOS="1545" VPOS="1694" WIDTH="248" HEIGHT="47" WC="0.96" CONTENT="rättigheter,"/>
						</TextLine>
						<TextLine ID="line_28" HPOS="200" VPOS="1744" WIDTH="1596" HEIGHT="49">
							<String ID="string_250" HPOS="200" VPOS="1755" WIDTH="87" HEIGHT="25" WC="0.96" CONTENT="som"/><SP WIDTH="42" VPOS="1755" HPOS="287"/>
							<String ID="string_251" HPOS="329" VPOS="1756" WIDTH="170" HEIGHT="25" WC="0.94" CONTENT="numera"/><SP WIDTH="42" VPOS="1756" HPOS="499"/>
							<String ID="string_252" HPOS="541" VPOS="1745" WIDTH="98" HEIGHT="37" WC="0.96" CONTENT="böra"/><SP WIDTH="41" VPOS="1745" HPOS="639"/>
							<String ID="string_253" HPOS="680" VPOS="1757" WIDTH="117" HEIGHT="24" WC="0.96" CONTENT="anses"/><SP WIDTH="37" VPOS="1757" HPOS="797"/>
							<String ID="string_254" HPOS="834" VPOS="1744" WIDTH="208" HEIGHT="48" WC="0.96" CONTENT="verkligen"/><SP WIDTH="29" VPOS="1744" HPOS="1042"/>
							<String ID="string_255" HPOS="1071" VPOS="1745" WIDTH="227" HEIGHT="37" WC="0.96" CONTENT="tillkomma"/><SP WIDTH="29" VPOS="1745" HPOS="1298"/>
							<String ID="string_256" HPOS="1327" VPOS="1749" WIDTH="164" HEIGHT="44" WC="0.96" CONTENT="agenter"/><SP WIDTH="29" VPOS="1749" HPOS="1491"/>
							<String ID="string_257" HPOS="1520" VPOS="1745" WIDTH="96" HEIGHT="38" WC="0.96" CONTENT="eller"/><SP WIDTH="29" VPOS="1745" HPOS="1616"/>
							<String ID="string_258" HPOS="1645" VPOS="1747" WIDTH="151" HEIGHT="37" WC="0.96" CONTENT="ombud"/>
						</TextLine>
						<TextLine ID="line_29" HPOS="199" VPOS="1796" WIDTH="1596" HEIGHT="52">
							<String ID="string_259" HPOS="199" VPOS="1796" WIDTH="65" HEIGHT="37" WC="0.96" CONTENT="för"/><SP WIDTH="42" VPOS="1796" HPOS="264"/>
							<String ID="string_260" HPOS="306" VPOS="1797" WIDTH="218" HEIGHT="37" WC="0.96" CONTENT="utländska"/><SP WIDTH="41" VPOS="1797" HPOS="524"/>
							<String ID="string_261" HPOS="565" VPOS="1797" WIDTH="259" HEIGHT="38" WC="0.95" CONTENT="handelshus."/><SP WIDTH="73" VPOS="1797" HPOS="824"/>
							<String ID="string_262" HPOS="897" VPOS="1797" WIDTH="133" HEIGHT="38" WC="0.33" CONTENT="Sedan"/><SP WIDTH="42" VPOS="1797" HPOS="1030"/>
							<String ID="string_263" HPOS="1072" VPOS="1810" WIDTH="145" HEIGHT="36" WC="0.95" CONTENT="genom"/><SP WIDTH="45" VPOS="1810" HPOS="1217"/>
							<String ID="string_264" HPOS="1262" VPOS="1800" WIDTH="102" HEIGHT="36" WC="0.95" CONTENT="1905"/><SP WIDTH="45" VPOS="1800" HPOS="1364"/>
							<String ID="string_265" HPOS="1409" VPOS="1801" WIDTH="65" HEIGHT="34" WC="0.93" CONTENT="års"/><SP WIDTH="41" VPOS="1801" HPOS="1474"/>
							<String ID="string_266" HPOS="1515" VPOS="1799" WIDTH="280" HEIGHT="49" WC="0.89" CONTENT="försäljnings-"/>
						</TextLine>
						<TextLine ID="line_30" HPOS="198" VPOS="1849" WIDTH="1598" HEIGHT="51">
							<String ID="string_267" HPOS="198" VPOS="1849" WIDTH="241" HEIGHT="49" WC="0.96" CONTENT="förordning"/><SP WIDTH="41" VPOS="1849" HPOS="439"/>
							<String ID="string_268" HPOS="480" VPOS="1850" WIDTH="151" HEIGHT="38" WC="0.93" CONTENT="förbud"/><SP WIDTH="43" VPOS="1850" HPOS="631"/>
							<String ID="string_269" HPOS="674" VPOS="1851" WIDTH="180" HEIGHT="48" WC="0.92" CONTENT="stadgats"/><SP WIDTH="41" VPOS="1851" HPOS="854"/>
							<String ID="string_270" HPOS="895" VPOS="1851" WIDTH="67" HEIGHT="37" WC="0.96" CONTENT="för"/><SP WIDTH="41" VPOS="1851" HPOS="962"/>
							<String ID="string_271" HPOS="1003" VPOS="1851" WIDTH="214" HEIGHT="37" WC="0.96" CONTENT="inhemska"/><SP WIDTH="33" VPOS="1851" HPOS="1217"/>
							<String ID="string_272" HPOS="1250" VPOS="1851" WIDTH="212" HEIGHT="49" WC="0.96" CONTENT="försäljare"/><SP WIDTH="30" VPOS="1851" HPOS="1462"/>
							<String ID="string_273" HPOS="1492" VPOS="1855" WIDTH="59" HEIGHT="34" WC="0.96" CONTENT="att"/><SP WIDTH="28" VPOS="1855" HPOS="1551"/>
							<String ID="string_274" HPOS="1579" VPOS="1852" WIDTH="62" HEIGHT="38" WC="0.96" CONTENT="till"/><SP WIDTH="29" VPOS="1852" HPOS="1641"/>
							<String ID="string_275" HPOS="1670" VPOS="1853" WIDTH="126" HEIGHT="37" WC="0.96" CONTENT="andra"/>
						</TextLine>
						<TextLine ID="line_31" HPOS="200" VPOS="1903" WIDTH="1596" HEIGHT="50">
							<String ID="string_276" HPOS="200" VPOS="1905" WIDTH="51" HEIGHT="34" WC="0.93" CONTENT="än"/><SP WIDTH="43" VPOS="1905" HPOS="251"/>
							<String ID="string_277" HPOS="294" VPOS="1903" WIDTH="267" HEIGHT="38" WC="0.91" CONTENT="innehafvare"/><SP WIDTH="47" VPOS="1903" HPOS="561"/>
							<String ID="string_278" HPOS="608" VPOS="1904" WIDTH="42" HEIGHT="37" WC="0.92" CONTENT="af"/><SP WIDTH="41" VPOS="1904" HPOS="650"/>
							<String ID="string_279" HPOS="691" VPOS="1904" WIDTH="505" HEIGHT="49" WC="0.91" CONTENT="försäljningsrättigheter"/><SP WIDTH="41" VPOS="1904" HPOS="1196"/>
							<String ID="string_280" HPOS="1237" VPOS="1905" WIDTH="174" HEIGHT="48" WC="0.92" CONTENT="utbjuda"/><SP WIDTH="42" VPOS="1905" HPOS="1411"/>
							<String ID="string_281" HPOS="1453" VPOS="1906" WIDTH="204" HEIGHT="37" WC="0.96" CONTENT="brännvin"/><SP WIDTH="44" VPOS="1906" HPOS="1657"/>
							<String ID="string_282" HPOS="1701" VPOS="1906" WIDTH="95" HEIGHT="38" WC="0.93" CONTENT="eller"/>
						</TextLine>
						<TextLine ID="line_32" HPOS="199" VPOS="1957" WIDTH="1596" HEIGHT="49">
							<String ID="string_283" HPOS="199" VPOS="1959" WIDTH="180" HEIGHT="45" WC="0.92" CONTENT="upptaga"/><SP WIDTH="42" VPOS="1959" HPOS="379"/>
							<String ID="string_284" HPOS="421" VPOS="1957" WIDTH="288" HEIGHT="48" WC="0.93" CONTENT="beställningar"/><SP WIDTH="43" VPOS="1957" HPOS="709"/>
							<String ID="string_285" HPOS="752" VPOS="1957" WIDTH="97" HEIGHT="38" WC="0.91" CONTENT="därå"/><SP WIDTH="41" VPOS="1957" HPOS="849"/>
							<String ID="string_286" HPOS="890" VPOS="1959" WIDTH="13" HEIGHT="36" WC="0.96" CONTENT="i"/><SP WIDTH="43" VPOS="1959" HPOS="903"/>
							<String ID="string_287" HPOS="946" VPOS="1958" WIDTH="158" HEIGHT="37" WC="0.96" CONTENT="mindre"/><SP WIDTH="43" VPOS="1958" HPOS="1104"/>
							<String ID="string_288" HPOS="1147" VPOS="1958" WIDTH="145" HEIGHT="48" WC="0.92" CONTENT="belopp"/><SP WIDTH="45" VPOS="1958" HPOS="1292"/>
							<String ID="string_289" HPOS="1337" VPOS="1962" WIDTH="52" HEIGHT="34" WC="0.96" CONTENT="än"/><SP WIDTH="43" VPOS="1962" HPOS="1389"/>
							<String ID="string_290" HPOS="1432" VPOS="1959" WIDTH="77" HEIGHT="37" WC="0.93" CONTENT="250"/><SP WIDTH="30" VPOS="1959" HPOS="1509"/>
							<String ID="string_291" HPOS="1539" VPOS="1959" WIDTH="101" HEIGHT="46" WC="0.96" CONTENT="liter,"/><SP WIDTH="40" VPOS="1959" HPOS="1640"/>
							<String ID="string_292" HPOS="1680" VPOS="1960" WIDTH="115" HEIGHT="37" WC="0.96" CONTENT="torde"/>
						</TextLine>
						<TextLine ID="line_33" HPOS="199" VPOS="2009" WIDTH="1594" HEIGHT="52">
							<String ID="string_293" HPOS="199" VPOS="2009" WIDTH="202" HEIGHT="49" WC="0.96" CONTENT="nämligen"/><SP WIDTH="44" VPOS="2009" HPOS="401"/>
							<String ID="string_294" HPOS="445" VPOS="2010" WIDTH="91" HEIGHT="38" WC="0.96" CONTENT="hela"/><SP WIDTH="32" VPOS="2010" HPOS="536"/>
							<String ID="string_295" HPOS="568" VPOS="2011" WIDTH="144" HEIGHT="48" WC="0.96" CONTENT="frågan"/><SP WIDTH="34" VPOS="2011" HPOS="712"/>
							<String ID="string_296" HPOS="746" VPOS="2011" WIDTH="141" HEIGHT="37" WC="0.96" CONTENT="kunna"/><SP WIDTH="28" VPOS="2011" HPOS="887"/>
							<String ID="string_297" HPOS="915" VPOS="2024" WIDTH="117" HEIGHT="25" WC="0.96" CONTENT="anses"/><SP WIDTH="28" VPOS="2024" HPOS="1032"/>
							<String ID="string_298" HPOS="1060" VPOS="2012" WIDTH="126" HEIGHT="37" WC="0.96" CONTENT="hafva"/><SP WIDTH="28" VPOS="2012" HPOS="1186"/>
							<String ID="string_299" HPOS="1214" VPOS="2012" WIDTH="173" HEIGHT="37" WC="0.96" CONTENT="kommit"/><SP WIDTH="28" VPOS="2012" HPOS="1387"/>
							<String ID="string_300" HPOS="1415" VPOS="2013" WIDTH="13" HEIGHT="36" WC="0.96" CONTENT="i"/><SP WIDTH="29" VPOS="2013" HPOS="1428"/>
							<String ID="string_301" HPOS="1457" VPOS="2015" WIDTH="58" HEIGHT="35" WC="0.96" CONTENT="ett"/><SP WIDTH="29" VPOS="2015" HPOS="1515"/>
							<String ID="string_302" HPOS="1544" VPOS="2016" WIDTH="124" HEIGHT="34" WC="0.96" CONTENT="annat"/><SP WIDTH="29" VPOS="2016" HPOS="1668"/>
							<String ID="string_303" HPOS="1697" VPOS="2013" WIDTH="96" HEIGHT="48" WC="0.96" CONTENT="läge."/>
						</TextLine>
					</TextBlock>
					<TextBlock ID="block_4" HPOS="198" VPOS="2063" WIDTH="1598" HEIGHT="154">
						<TextLine ID="line_34" HPOS="359" VPOS="2063" WIDTH="1437" HEIGHT="49">
							<String ID="string_304" HPOS="359" VPOS="2063" WIDTH="79" HEIGHT="37" WC="0.96" CONTENT="Till"/><SP WIDTH="28" VPOS="2063" HPOS="438"/>
							<String ID="string_305" HPOS="466" VPOS="2064" WIDTH="248" HEIGHT="48" WC="0.95" CONTENT="upplysning"/><SP WIDTH="28" VPOS="2064" HPOS="714"/>
							<String ID="string_306" HPOS="742" VPOS="2065" WIDTH="13" HEIGHT="36" WC="0.95" CONTENT="i"/><SP WIDTH="29" VPOS="2065" HPOS="755"/>
							<String ID="string_307" HPOS="784" VPOS="2067" WIDTH="138" HEIGHT="35" WC="0.96" CONTENT="ämnet"/><SP WIDTH="27" VPOS="2067" HPOS="922"/>
							<String ID="string_308" HPOS="949" VPOS="2065" WIDTH="73" HEIGHT="36" WC="0.96" CONTENT="vill"/><SP WIDTH="29" VPOS="2065" HPOS="1022"/>
							<String ID="string_309" HPOS="1051" VPOS="2065" WIDTH="197" HEIGHT="37" WC="0.96" CONTENT="utskottet"/><SP WIDTH="28" VPOS="2065" HPOS="1248"/>
							<String ID="string_310" HPOS="1276" VPOS="2065" WIDTH="74" HEIGHT="37" WC="0.96" CONTENT="här"/><SP WIDTH="29" VPOS="2065" HPOS="1350"/>
							<String ID="string_311" HPOS="1379" VPOS="2066" WIDTH="134" HEIGHT="36" WC="0.95" CONTENT="erinra"/><SP WIDTH="29" VPOS="2066" HPOS="1513"/>
							<String ID="string_312" HPOS="1542" VPOS="2078" WIDTH="64" HEIGHT="24" WC="0.96" CONTENT="om"/><SP WIDTH="23" VPOS="2078" HPOS="1606"/>
							<String ID="string_313" HPOS="1629" VPOS="2066" WIDTH="48" HEIGHT="36" WC="0.92" CONTENT="de"/><SP WIDTH="15" VPOS="2066" HPOS="1677"/>
							<String ID="string_314" HPOS="1692" VPOS="2066" WIDTH="104" HEIGHT="39" WC="0.92" CONTENT="trak-"/>
						</TextLine>
						<TextLine ID="line_35" HPOS="198" VPOS="2116" WIDTH="1598" HEIGHT="50">
							<String ID="string_315" HPOS="198" VPOS="2116" WIDTH="373" HEIGHT="46" WC="0.89" CONTENT="tatbestämmelser,"/><SP WIDTH="30" VPOS="2116" HPOS="571"/>
							<String ID="string_316" HPOS="601" VPOS="2117" WIDTH="60" HEIGHT="37" WC="0.95" CONTENT="till"/><SP WIDTH="31" VPOS="2117" HPOS="661"/>
							<String ID="string_317" HPOS="692" VPOS="2117" WIDTH="142" HEIGHT="37" WC="0.95" CONTENT="hvilka"/><SP WIDTH="19" VPOS="2117" HPOS="834"/>
							<String ID="string_318" HPOS="853" VPOS="2118" WIDTH="13" HEIGHT="35" WC="0.96" CONTENT="i"/><SP WIDTH="20" VPOS="2118" HPOS="866"/>
							<String ID="string_319" HPOS="886" VPOS="2117" WIDTH="111" HEIGHT="38" WC="0.96" CONTENT="detta"/><SP WIDTH="19" VPOS="2117" HPOS="997"/>
							<String ID="string_320" HPOS="1016" VPOS="2118" WIDTH="293" HEIGHT="47" WC="0.96" CONTENT="sammanhang"/><SP WIDTH="19" VPOS="2118" HPOS="1309"/>
							<String ID="string_321" HPOS="1328" VPOS="2118" WIDTH="160" HEIGHT="48" WC="0.96" CONTENT="hänsyn"/><SP WIDTH="20" VPOS="2118" HPOS="1488"/>
							<String ID="string_322" HPOS="1508" VPOS="2118" WIDTH="288" HEIGHT="38" WC="0.96" CONTENT="företrädesvis"/>
						</TextLine>
						<TextLine ID="line_36" HPOS="199" VPOS="2169" WIDTH="1460" HEIGHT="48">
							<String ID="string_323" HPOS="199" VPOS="2169" WIDTH="73" HEIGHT="36" WC="0.96" CONTENT="bör"/><SP WIDTH="27" VPOS="2169" HPOS="272"/>
							<String ID="string_324" HPOS="299" VPOS="2172" WIDTH="123" HEIGHT="44" WC="0.96" CONTENT="tagas,"/><SP WIDTH="32" VPOS="2172" HPOS="422"/>
							<String ID="string_325" HPOS="454" VPOS="2173" WIDTH="105" HEIGHT="33" WC="0.96" CONTENT="samt"/><SP WIDTH="28" VPOS="2173" HPOS="559"/>
							<String ID="string_326" HPOS="587" VPOS="2170" WIDTH="109" HEIGHT="36" WC="0.96" CONTENT="hvad"/><SP WIDTH="29" VPOS="2170" HPOS="696"/>
							<String ID="string_327" HPOS="725" VPOS="2170" WIDTH="206" HEIGHT="47" WC="0.96" CONTENT="angående"/><SP WIDTH="30" VPOS="2170" HPOS="931"/>
							<String ID="string_328" HPOS="961" VPOS="2171" WIDTH="90" HEIGHT="36" WC="0.96" CONTENT="dem"/><SP WIDTH="29" VPOS="2171" HPOS="1051"/>
							<String ID="string_329" HPOS="1080" VPOS="2171" WIDTH="13" HEIGHT="35" WC="0.92" CONTENT="i"/><SP WIDTH="29" VPOS="2171" HPOS="1093"/>
							<String ID="string_330" HPOS="1122" VPOS="2170" WIDTH="237" HEIGHT="37" WC="0.92" CONTENT="hufvudsak"/><SP WIDTH="28" VPOS="2170" HPOS="1359"/>
							<String ID="string_331" HPOS="1387" VPOS="2171" WIDTH="272" HEIGHT="37" WC="0.96" CONTENT="förekommit."/>
						</TextLine>
					</TextBlock>
					<TextBlock ID="block_5" HPOS="201" VPOS="2222" WIDTH="1595" HEIGHT="102">
						<TextLine ID="line_37" HPOS="358" VPOS="2222" WIDTH="1438" HEIGHT="40">
							<String ID="string_332" HPOS="358" VPOS="2222" WIDTH="160" HEIGHT="37" WC="0.96" CONTENT="Artikel"/><SP WIDTH="31" VPOS="2222" HPOS="518"/>
							<String ID="string_333" HPOS="549" VPOS="2224" WIDTH="47" HEIGHT="35" WC="0.96" CONTENT="17"/><SP WIDTH="31" VPOS="2224" HPOS="596"/>
							<String ID="string_334" HPOS="627" VPOS="2223" WIDTH="12" HEIGHT="35" WC="0.93" CONTENT="i"/><SP WIDTH="25" VPOS="2223" HPOS="639"/>
							<String ID="string_335" HPOS="664" VPOS="2222" WIDTH="374" HEIGHT="38" WC="0.92" CONTENT="handelstraktaten"/><SP WIDTH="21" VPOS="2222" HPOS="1038"/>
							<String ID="string_336" HPOS="1059" VPOS="2223" WIDTH="91" HEIGHT="37" WC="0.96" CONTENT="med"/><SP WIDTH="21" VPOS="2223" HPOS="1150"/>
							<String ID="string_337" HPOS="1171" VPOS="2223" WIDTH="226" HEIGHT="37" WC="0.96" CONTENT="Frankrike"/><SP WIDTH="21" VPOS="2223" HPOS="1397"/>
							<String ID="string_338" HPOS="1418" VPOS="2223" WIDTH="77" HEIGHT="37" WC="0.96" CONTENT="den"/><SP WIDTH="22" VPOS="2223" HPOS="1495"/>
							<String ID="string_339" HPOS="1517" VPOS="2225" WIDTH="49" HEIGHT="36" WC="0.95" CONTENT="30"/><SP WIDTH="22" VPOS="2225" HPOS="1566"/>
							<String ID="string_340" HPOS="1588" VPOS="2224" WIDTH="208" HEIGHT="38" WC="0.96" CONTENT="december"/>
						</TextLine>
						<TextLine ID="line_38" HPOS="201" VPOS="2275" WIDTH="461" HEIGHT="49">
							<String ID="string_341" HPOS="201" VPOS="2277" WIDTH="100" HEIGHT="37" WC="0.96" CONTENT="1881"/><SP WIDTH="29" VPOS="2277" HPOS="301"/>
							<String ID="string_342" HPOS="330" VPOS="2275" WIDTH="114" HEIGHT="49" WC="0.96" CONTENT="lyder"/><SP WIDTH="28" VPOS="2275" HPOS="444"/>
							<String ID="string_343" HPOS="472" VPOS="2275" WIDTH="190" HEIGHT="37" WC="0.96" CONTENT="sålunda:"/>
						</TextLine>
					</TextBlock>
					<TextBlock ID="block_6" HPOS="364" VPOS="2328" WIDTH="1431" HEIGHT="46">
						<TextLine ID="line_39" HPOS="364" VPOS="2328" WIDTH="1431" HEIGHT="46">
							<String ID="string_344" HPOS="364" VPOS="2346" WIDTH="12" HEIGHT="16" WC="0.91" CONTENT="»"/><SP WIDTH="8" VPOS="2346" HPOS="376"/>
							<String ID="string_345" HPOS="384" VPOS="2329" WIDTH="183" HEIGHT="37" WC="0.96" CONTENT="Franske"/><SP WIDTH="21" VPOS="2329" HPOS="567"/>
							<String ID="string_346" HPOS="588" VPOS="2328" WIDTH="351" HEIGHT="46" WC="0.95" CONTENT="handelsresande,"/><SP WIDTH="18" VPOS="2328" HPOS="939"/>
							<String ID="string_347" HPOS="957" VPOS="2341" WIDTH="85" HEIGHT="25" WC="0.96" CONTENT="som"/><SP WIDTH="17" VPOS="2341" HPOS="1042"/>
							<String ID="string_348" HPOS="1059" VPOS="2329" WIDTH="138" HEIGHT="37" WC="0.96" CONTENT="färdas"/><SP WIDTH="15" VPOS="2329" HPOS="1197"/>
							<String ID="string_349" HPOS="1212" VPOS="2330" WIDTH="110" HEIGHT="37" WC="0.96" CONTENT="inom"/><SP WIDTH="19" VPOS="2330" HPOS="1322"/>
							<String ID="string_350" HPOS="1341" VPOS="2329" WIDTH="48" HEIGHT="38" WC="0.96" CONTENT="de"/><SP WIDTH="21" VPOS="2329" HPOS="1389"/>
							<String ID="string_351" HPOS="1410" VPOS="2330" WIDTH="209" HEIGHT="38" WC="0.93" CONTENT="Förenade"/><SP WIDTH="16" VPOS="2330" HPOS="1619"/>
							<String ID="string_352" HPOS="1635" VPOS="2330" WIDTH="160" HEIGHT="38" WC="0.90" CONTENT="Rikena"/>
						</TextLine>
					</TextBlock>
				</ComposedBlock>
			</PrintSpace>
		</Page>
	</Layout>
</alto>
