2184 2634
630 224 391 31 Konstitutionsutskottets
1048 226 160 30 Utlåtande
1231 228 58 29 N:o
1312 228 26 29 1.
1763 229 17 31 få

344 302 33 33 3.
434 300 240 45 Kommuner,
692 313 77 24 som
782 301 111 37 hafva
910 306 53 32 att
971 307 230 43 gemensamt
1211 304 98 49 välja
1319 304 271 49 riksdagsman,
1604 319 68 35 ega
1685 307 96 36 dock

183 352 171 48 begagna
380 354 63 35 det
472 354 210 36 medelbara
710 355 185 45 valsättet,
926 357 124 36 derest
1079 357 39 36 af
1142 358 45 35 de
1215 359 309 48 röstberättigade
1545 363 39 33 så
1604 361 173 37 beslutas.

185 407 59 35 Då
282 407 136 48 förslag
460 408 127 36 härom
632 409 40 35 af
710 410 45 35 de
796 410 309 48 röstberättigade
1138 412 14 35 i
1180 425 47 22 en
1256 412 176 37 kommun
1461 414 135 37 väckes
1625 417 156 35 medelst

186 460 133 46 beslut,
349 461 136 36 fattadt
512 462 97 36 inför
637 463 392 38 kommunalstämmas
1059 465 218 37 ordförande
1306 467 89 35 eller
1423 468 203 47 magistrat,
1649 471 132 35 varder

185 515 132 35 sådant
356 516 212 36 meddeladt
610 517 232 47 Konungens
883 518 422 48 befallningshafvande,
1346 533 77 24 som
1461 522 82 36 från
1578 523 116 47 öfriga
1723 524 57 36 till

183 568 214 37 valkretsen
438 570 165 35 hörande
645 571 220 36 kommuner
905 572 184 36 infordrar
1131 574 44 35 de
1210 574 327 49 röstberättigades
1566 580 118 33 röster
1712 578 69 35 och

183 622 167 36 utfärdar
376 623 225 48 kungörelse
631 637 57 23 om
717 628 192 45 utgången
938 626 93 36 efter
1057 627 68 48 thy
1153 639 75 25 som
1260 629 44 35 de
1333 629 104 36 flesta
1455 630 140 47 afgifna
1613 634 167 33 rösterna

182 676 98 36 varit
318 676 55 36 för
413 677 107 36 bifall
549 678 89 36 eller
666 679 128 47 afslag.
851 680 19 35 I
899 680 229 37 sistnämnda
1155 681 66 36 fall
1248 682 75 36 kan
1346 683 132 47 frågan
1504 684 84 36 icke
1616 685 85 45 förr,
1733 691 47 30 än

186 742 47 23 en
272 730 56 36 tid
367 730 40 36 af
439 731 73 35 fem
550 734 39 33 år
618 732 160 37 derefter
805 732 165 47 förflutit,
1016 737 7 33 å
1050 747 73 36 nyo
1152 739 192 44 upptagas.
1402 738 173 36 Beslutas
1605 741 78 34 åter
1710 740 68 35 för-

183 783 217 48 ändringen,
431 786 125 35 träder
585 787 71 34 den
683 786 14 35 i
725 787 100 36 kraft
847 787 63 37 vid
939 789 63 34 det
1031 789 70 44 val,
1132 801 76 24 som
1238 794 84 32 näst
1349 791 93 36 efter
1470 804 47 23 en
1542 793 134 35 månad
1695 793 83 36 från

183 837 267 48 kungörelsens
478 839 221 37 utfärdande
724 840 177 46 inträffar,
933 842 69 36 och
1031 843 116 46 gäller
1174 843 57 36 för
1259 856 42 23 en
1332 844 55 36 tid
1416 845 41 36 af
1480 845 114 37 minst
1621 846 73 36 fem
1724 849 50 43 år,

180 891 185 36 hvarefter
406 892 123 37 beslut
566 906 57 23 om
649 895 83 35 dess
761 895 242 47 upphörande
1033 896 75 36 kan
1135 899 47 45 på
1210 897 77 36 lika
1317 902 72 32 sätt
1417 912 77 23 som
1525 913 55 23 om
1612 901 84 36 dess
1724 901 52 36 in-

179 944 152 37 förande
359 946 122 36 fattas.

193 1040 10 10 .
347 1002 33 33 4.
439 1000 75 36 Vid
544 1002 44 34 de
618 1001 210 37 medelbara
856 1003 111 36 valen
995 1003 115 49 väljes
1138 1004 259 48 riksdagsman
1412 1007 158 36 medelst
1584 1008 193 37 elektorer.

179 1053 36 34 ÅA
257 1053 127 36 landet
416 1057 101 33 utses
545 1054 56 36 för
628 1055 128 49 hvarje
785 1056 178 36 kommun
991 1057 97 36 inför
1115 1058 417 39 kommunalstämmans
1557 1062 220 36 ordförande

180 1118 46 23 en
269 1107 150 45 elektor,
461 1109 68 35 och
559 1109 220 45 derutöfver,
811 1110 92 36 efter
930 1111 276 48 folkmängden,
1234 1125 45 23 en
1307 1113 55 36 för
1389 1115 129 48 hvarje
1546 1115 86 37 fullt
1659 1117 53 35 tal
1740 1117 41 35 af

180 1163 53 32 ett
260 1164 118 32 tusen.
436 1162 118 35 Desse
585 1163 182 36 elektorer
795 1166 271 35 sammanträda
1095 1166 57 35 till
1170 1166 373 48 riksdagsmannaval
1561 1169 97 36 inför
1678 1171 96 35 dom-

177 1213 212 37 hafvanden
429 1215 14 35 i
487 1216 73 35 den
600 1217 186 47 domsaga,
829 1218 57 35 till
919 1219 155 36 hvilken
1104 1220 212 36 valkretsen
1344 1222 118 45 hörer,
1494 1223 99 45 eller,
1625 1236 57 23 om
1711 1226 63 35 två

178 1268 195 47 domsagor
415 1274 61 30 äro
519 1269 174 36 förenade
734 1271 58 35 till
835 1284 46 22 en
923 1273 175 45 valkrets,
1142 1273 98 36 inför
1269 1275 299 37 domhafvanden
1596 1276 13 36 i
1639 1278 71 35 den
1740 1278 39 35 af

179 1321 107 35 dessa
315 1322 205 47 domsagor,
550 1323 155 36 hvilken
734 1325 72 34 den
835 1328 134 33 största
997 1326 266 48 folkmängden
1293 1340 95 35 eger.

339 1378 32 32 5.
428 1376 19 34 I
477 1377 44 34 de
550 1377 216 45 valkretsar,
798 1390 74 23 som
903 1379 105 36 bestå
1038 1380 40 35 af
1101 1383 62 33 två
1184 1381 89 35 eller
1291 1382 89 35 flera
1400 1383 135 43 städer,
1556 1387 101 32 utses
1677 1384 98 36 inför

177 1428 240 47 magistraten
447 1442 46 22 en
523 1431 142 35 elektor
692 1431 56 35 för
775 1432 128 48 hvarje
932 1434 83 35 stad
1045 1434 68 35 och
1138 1435 220 45 derutöfver,
1382 1436 93 36 efter
1493 1437 278 48 folkmängden,

177 1493 47 23 en
263 1482 55 35 för
352 1483 128 48 hvarje
509 1484 85 36 fullt
621 1485 52 35 tal
702 1485 40 35 af
766 1485 231 37 femhundra.
1056 1489 115 34 Desse
1202 1489 183 36 elektorer
1413 1492 274 35 sammanträda
1716 1492 58 36 till

174 1534 373 49 riksdagsmannaval
574 1538 97 36 inför
688 1539 240 47 magistraten
948 1541 13 35 i
982 1542 71 34 den
1074 1543 81 34 stad
1174 1542 98 36 inom
1294 1544 225 46 valkretsen,
1541 1557 77 24 som
1639 1549 134 33 största

173 1588 266 49 folkmängden
468 1603 95 35 eger.

340 1647 31 32 6.
430 1645 18 34 I
491 1646 94 44 stad,
631 1646 64 35 der
739 1647 192 46 magistrat
973 1648 31 48 ej
1050 1642 129 51 finnes,
1223 1650 95 35 skall
1360 1652 73 34 den
1461 1651 56 36 för
1546 1653 116 35 sådan
1691 1654 82 35 stad

175 1696 175 36 särskildt
386 1697 154 36 tillsatta
570 1699 154 47 styrelse
754 1700 89 35 eller
871 1702 83 34 dess
984 1702 219 36 ordförande
1232 1706 87 44 taga
1349 1705 72 34 den
1450 1705 209 48 befattning
1689 1708 83 34 med

174 1748 383 48 riksdagsmannaval,
602 1764 75 24 som
723 1753 116 47 enligt
883 1755 121 35 denna
1045 1756 22 45 $
1097 1760 94 32 samt
1220 1757 47 45 $$
1301 1760 57 42 18,
1391 1761 48 32 20
1470 1759 68 34 och
1569 1762 46 32 22
1646 1760 127 35 tillhör

173 1803 193 47 magistrat
394 1804 91 35 eller
514 1806 83 35 dess
626 1806 254 36 ordförande.»>

330 2020 97 35 Herr
470 2022 202 37 Andersson
714 2024 13 35 i
771 2018 177 55 Öhrstorp
987 2027 67 35 har
1096 2027 155 36 anhållit
1288 2028 33 35 få
1351 2029 67 35 här
1447 2029 237 47 antecknadt,
1716 2035 54 32 att

171 2072 74 35 han
273 2072 82 36 icke
386 2074 156 47 deltagit
569 2076 9 35 i
611 2077 101 35 detta
742 2079 154 35 ärendes
924 2079 229 48 behandling
1180 2081 99 35 inom
1310 2082 190 36 utskottet.

330 2127 97 35 Herr
455 2129 166 36 Boöthius
648 2130 68 35 har
743 2131 100 36 velat
871 2132 298 48 tillkännagifva,
1201 2137 54 32 att
1282 2135 73 35 han
1385 2135 32 48 ej
1441 2136 198 37 öfvervarit
1654 2137 113 48 juste-

169 2178 133 47 ringen
332 2180 39 35 af
395 2181 200 37 utskottets
620 2184 190 36 utlåtande
838 2185 13 34 i
880 2187 163 35 ärendet.
