1858 2782
414 169 126 42 Tredje
557 168 254 44 lagutskottets
827 168 186 33 utlåtande
1031 179 41 21 nr
1089 168 39 31 11
1150 167 39 33 år
1206 167 86 32 1961
1578 166 20 30 9

106 253 102 34 deras
231 250 289 44 uttrycksmedel,
543 249 141 35 särskilt
707 247 300 43 åtbördsspråket.
1030 246 129 34 Starka
1181 245 76 34 skäl
1279 244 92 34 talar
1392 244 55 33 för
1469 247 54 30 att
1546 243 52 33 åt-

108 306 124 43 gärder
253 306 64 33 bör
338 304 162 42 vidtagas
521 302 54 34 för
596 307 56 29 att
673 302 203 34 underlätta
898 300 54 33 för
971 303 149 40 präster,
1141 311 75 21 som
1237 298 71 33 kan
1330 297 85 42 vilja
1437 300 90 39 ägna
1549 296 51 42 sig

108 361 38 32 åt
174 358 226 35 verksamhet
427 357 107 34 bland
563 356 42 34 de
633 356 106 39 döva,
767 360 54 28 att
849 353 117 35 skaffa
993 353 51 42 sig
1069 352 146 43 lämplig
1242 350 201 43 utbildning
1470 349 129 35 härför.

108 414 260 42 Kyrkomötets
385 411 129 41 förslag
530 410 10 33 i
560 411 115 33 denna
693 409 55 33 del
765 408 64 33 har
845 407 191 43 tillstyrkts
1053 405 11 34 i
1081 404 352 44 remissyttrandena.

153 469 105 33 Inom
282 465 507 43 ecklesiastikdepartementet
813 463 64 34 har
902 462 130 42 förslag
1056 461 202 34 utarbetats
1284 460 148 34 rörande
1456 459 144 43 lämplig

107 521 241 44 uppläggning
369 532 46 22 av
435 518 246 42 utbildningen
703 517 55 34 för
779 515 164 35 blivande
965 518 137 40 präster
1122 515 55 33 för
1199 514 104 33 döva.
1325 514 113 33 Detta
1460 512 139 43 förslag,

105 594 46 5 —
173 596 46 4 —
241 595 47 4 —
311 586 74 22 som
410 572 145 34 innebär
579 584 42 21 en
648 571 78 33 åtta
750 569 185 34 månaders
960 567 342 44 specialutbildning,
1328 567 109 34 delvis
1462 566 136 41 förlagd

107 628 53 33 till
187 624 376 41 dövlärarseminariet,
589 636 101 22 anser
714 624 60 42 jag
799 623 71 42 mig
893 623 122 33 kunna
1041 621 152 34 biträda.
1218 621 137 33 Utöver
1381 620 67 34 den
1474 620 124 33 under-

108 681 150 42 visning,
294 693 74 21 som
403 678 178 34 meddelas
616 678 59 34 vid
713 675 375 39 dövlärarseminariet,
1123 674 137 34 fordras
1294 672 306 43 kompletterande

110 734 263 42 undervisning,
398 733 127 34 främst
550 732 11 33 i
587 730 291 43 åtbördsspråket
904 729 65 34 och
996 728 76 34 dess
1099 727 163 44 speciella
1288 726 228 42 användning
1540 725 62 34 vid

109 788 163 43 kyrkliga
290 786 264 42 förrättningar.
570 784 252 35 Kostnaderna
839 783 54 34 för
911 781 115 35 denna
1044 780 172 35 särskilda
1232 779 252 43 undervisning
1501 778 100 35 torde

109 842 123 34 kunna
250 840 173 35 beräknas
440 839 53 35 till
512 838 96 35 cirka
627 841 41 30 13
682 840 67 31 000
766 837 129 33 kronor
911 847 62 31 per
990 835 87 39 elev,
1095 834 47 34 då
1159 833 61 34 det
1236 833 12 34 i
1267 833 193 34 allmänhet
1476 832 126 34 endast

110 895 68 34 blir
195 894 99 43 fråga
312 906 59 22 om
387 892 202 42 utbildning
607 903 45 22 av
670 903 44 22 en
732 889 149 34 enstaka
898 891 99 41 präst
1016 889 37 32 åt
1071 888 147 42 gången.
1236 886 124 34 Tidvis
1377 885 102 35 torde
1496 885 105 34 inter-

111 949 157 34 vallerna
285 947 128 34 mellan
430 943 406 44 utbildningstillfällena
853 942 47 34 bli
918 941 133 43 ganska
1068 941 115 42 långa.
1201 940 69 33 Till
1287 938 315 43 utbildningskost-

110 1001 158 34 naderna
286 1000 160 34 kommer
464 998 120 34 vidare
602 996 200 35 kostnaden
821 995 54 34 för
893 995 58 34 lön
971 995 37 33 åt
1027 997 98 40 präst
1144 993 112 34 under
1274 991 329 43 utbildningstiden,

111 1055 110 42 något
235 1066 77 22 som
325 1052 103 44 tycks
443 1051 72 43 mig
528 1050 203 43 väsentligt,
747 1049 46 34 då
807 1048 262 43 rekryteringen
1084 1047 92 33 helst
1191 1045 64 35 bör
1270 1046 61 34 ske
1345 1045 107 34 bland
1467 1047 137 40 präster

112 1108 81 34 med
218 1108 110 41 några
353 1107 54 33 års
433 1104 198 35 erfarenhet
656 1116 47 21 av
727 1101 355 43 församlingsarbete.
1107 1098 276 44 Ifrågavarande
1408 1097 197 43 ersättning

113 1161 64 34 bör
194 1161 215 34 bestämmas
427 1158 109 42 enligt
558 1157 5 34 i
580 1156 190 35 huvudsak
787 1166 137 23 samma
940 1152 162 45 grunder,
1120 1165 76 22 som
1213 1152 107 43 gäller
1337 1151 55 35 för
1408 1150 197 43 ersättning

113 1215 39 33 åt
170 1214 178 42 deltagare
366 1212 11 34 i
394 1211 161 44 praktisk
572 1210 189 35 lärarkurs,
779 1207 183 36 Ordinarie
980 1210 98 40 präst
1095 1207 65 33 bör
1178 1206 143 42 åtnjuta
1339 1203 196 43 ersättning
1552 1203 54 34 för

113 1267 132 35 mistad
268 1266 59 34 lön
350 1265 112 35 under
484 1263 270 43 tjänstledighet
776 1262 54 34 för
852 1260 258 43 utbildningen.
1133 1260 74 33 Det
1230 1258 102 35 torde
1354 1257 37 35 få
1415 1257 190 34 ankomma

113 1321 47 43 på
180 1319 133 43 Kungl.
334 1318 112 43 Maj:t
466 1322 56 30 att
541 1317 158 34 utforma
719 1315 43 34 de
782 1318 161 31 närmare
964 1313 312 34 bestämmelserna
1295 1311 185 42 härvidlag
1501 1313 104 31 även-

114 1386 77 22 som
215 1377 57 30 att
295 1373 47 42 på
365 1370 197 43 ansökning
585 1370 11 33 i
620 1369 99 42 varje
743 1368 129 34 enskilt
895 1367 61 34 fall
981 1366 139 34 besluta
1144 1378 59 21 om
1227 1364 206 42 ersättning,
1457 1375 76 22 som
1556 1375 49 22 nu

114 1431 108 38 sagts,
248 1425 66 35 och
340 1424 122 35 anvisa
488 1423 121 43 övriga
634 1421 225 42 erforderliga
883 1419 113 35 medel
1023 1419 54 34 för
1102 1418 203 42 utbildning
1330 1429 123 22 varom
1478 1416 64 34 här
1568 1419 39 30 är

114 1480 111 42 fråga.
247 1479 79 34 Här
348 1477 156 34 avsedda
525 1475 194 35 kostnader
739 1474 102 34 torde
862 1493 47 5 —
931 1473 126 33 liksom
1079 1471 242 34 kostnaderna
1342 1470 57 34 för
1421 1469 185 43 dövpräst-

114 1531 285 44 organisationen
419 1530 12 33 i
451 1534 90 30 stort
561 1549 45 5 —
627 1528 86 34 böra
734 1526 93 35 åvila
847 1525 246 44 kyrkofonden
1115 1524 66 34 och
1201 1524 109 42 enligt
1331 1522 152 44 angivna
1504 1534 103 30 grun-

115 1585 63 35 der
198 1586 87 42 utgå
305 1583 142 44 jämlikt
469 1587 19 30 6
506 1582 15 39 $
546 1581 111 35 andra
678 1580 141 43 stycket
840 1581 34 40 9)
898 1577 334 44 kyrkofondslagen.

161 1645 124 35 Såsom
321 1643 195 35 anordnare
552 1642 65 34 och
652 1640 208 35 huvudman
897 1639 55 34 för
988 1638 114 34 denna
1138 1636 333 44 specialutbildning
1505 1646 103 32 synes

116 1699 189 42 lämpligen
333 1697 67 34 den
427 1696 95 34 inom
549 1694 152 35 svenska
726 1693 155 43 kyrkans
910 1691 290 43 diakonistyrelse
1228 1689 192 35 arbetande
1446 1688 162 43 kyrkliga

116 1751 180 35 nämnden
314 1750 55 34 för
387 1749 93 34 döva
497 1749 123 33 kunna
638 1747 158 42 fungera.
815 1745 203 39 Nämnden,
1036 1744 11 34 i
1066 1744 119 33 vilken
1203 1743 100 43 ingår
1321 1741 215 35 företrädare
1554 1741 56 34 för

116 1805 44 34 de
179 1805 105 39 döva,
303 1804 64 33 har
385 1802 111 34 under
513 1801 96 34 hand
628 1800 172 34 förklarat
819 1799 51 42 sig
889 1798 97 42 villig
1002 1796 130 35 härtill.
1151 1797 81 33 Den
1252 1795 100 35 torde
1372 1794 78 35 med
1470 1794 139 42 hänsyn

116 1858 53 34 till
188 1859 77 33 sina
283 1857 121 41 övriga
422 1853 300 44 arbetsuppgifter
740 1854 68 32 lätt
825 1852 121 33 kunna
965 1850 201 34 överblicka
1184 1847 289 45 uppkommande
1491 1847 118 42 rekry-

116 1910 250 43 teringsbehov
383 1909 65 34 och
466 1908 59 34 vid
542 1907 146 43 lämplig
704 1905 171 43 tidpunkt
891 1904 64 34 hos
972 1903 132 42 Kungl.
1121 1902 112 42 Maj:t
1250 1905 84 39 göra
1351 1900 259 42 framställning

116 1977 59 21 om
193 1962 193 36 anvisande
404 1975 46 21 av
467 1960 112 35 medel
597 1960 52 34 till
667 1958 202 42 utbildning
885 1970 46 22 av
947 1955 232 35 intresserade
1196 1958 147 40 präster.
1362 1953 161 35 Givetvis
1540 1953 69 34 för-

118 2021 153 30 utsättes
295 2016 101 33 detta
417 2015 61 33 ske
500 2014 10 33 i
532 2017 87 30 nära
641 2011 141 36 samråd
805 2011 80 34 med
908 2009 264 35 vederbörande
1195 2007 219 43 domkapitel
1436 2006 65 35 och
1525 2006 85 34 döv-

117 2068 306 36 lärarseminariet.

164 2131 17 32 I
204 2128 173 35 samband
398 2127 81 34 med
500 2125 222 35 inrättandet
745 2137 44 21 av
812 2124 67 33 den
901 2123 65 33 här
987 2122 196 42 föreslagna
1204 2120 245 42 utbildningen
1471 2119 56 33 för
1547 2118 63 34 bli-

119 2182 116 34 vande
254 2181 208 42 dövpräster
479 2179 100 34 torde
597 2178 107 34 också
723 2181 87 30 1938
830 2177 54 33 års
903 2175 254 34 förutnämnda
1174 2173 207 42 kungörelse
1400 2173 47 33 bli
1465 2171 145 34 föremål

119 2236 55 33 för
188 2238 163 37 översyn.
365 2234 128 40 Någon
509 2231 149 42 ändring
672 2230 11 33 i
699 2230 67 33 den
782 2228 206 34 nuvarande
1003 2227 283 42 organisationen
1302 2225 78 34 med
1397 2225 71 33 fem
1482 2224 129 42 kyrko-

119 2288 127 34 herdar
265 2287 9 33 i
294 2297 63 22 var
375 2285 63 33 sitt
457 2284 142 34 distrikt
618 2283 114 33 finner
750 2282 60 41 jag
827 2282 73 33 inte
919 2281 74 33 skäl
1014 2285 55 28 att
1087 2279 138 34 föreslå.
1243 2279 174 33 Däremot
1436 2289 100 22 anser
1553 2277 61 41 jag

120 2341 72 42 mig
211 2341 85 32 böra
315 2338 213 41 tillmötesgå
547 2336 219 33 önskemålet
785 2347 57 21 om
862 2346 42 21 en
924 2333 208 33 effektivare
1152 2330 227 42 samordning
1398 2343 45 20 av
1462 2330 67 33 den
1548 2342 63 20 nu-

121 2392 156 35 varande
303 2390 268 35 verksamheten
597 2400 126 30 genom
749 2400 42 21 en
817 2386 262 41 centralisering
1104 2397 45 21 av
1174 2385 166 41 tillsynen
1365 2383 53 33 till
1443 2387 54 29 ett
1521 2382 91 33 enda

121 2445 229 42 domkapitel.
378 2442 188 35 Inseendet
593 2446 84 29 över
704 2440 246 43 kyrkoherden
979 2439 54 33 för
1061 2438 93 33 döva
1181 2438 10 32 i
1220 2436 221 35 Stockholms
1470 2435 143 34 distrikt

122 2499 207 33 ankommer
353 2496 170 34 alltsedan
548 2496 38 33 år
611 2498 88 29 1938
724 2494 46 42 på
793 2492 235 43 domkapitlet
1053 2491 9 33 i
1085 2490 161 44 Uppsala
1269 2489 65 34 och
1358 2488 254 43 överflyttades
