1874 2780
501 172 254 33 Statsutskottets
779 174 162 32 utlåtande
963 186 40 20 nr
1024 179 17 27 6
1063 178 37 29 år
1122 176 77 31 1957
1556 182 40 31 87

168 254 226 31 Beträffande
422 256 41 30 de
490 257 75 30 icke
593 257 140 40 statliga
760 258 287 31 institutionerna
1074 260 71 29 tala
1173 260 157 30 däremot
1358 260 239 40 otvivelaktigt

112 308 220 40 principiella
361 309 75 30 skäl
466 310 54 30 för
549 312 50 28 att
628 311 351 39 tjänstebrevsrätten
1008 313 55 30 för
1091 313 102 30 dessa
1222 314 126 40 slopas.
1389 315 208 29 Nuvarande

112 362 150 40 ordning
283 363 70 29 kan
375 363 186 40 nämligen,
585 364 116 30 såsom
724 366 392 39 generalpoststyrelsen
1139 367 106 30 också
1267 367 204 35 framhållit,
1496 369 101 39 sägas

112 415 178 36 innebära,
317 418 49 28 att
392 417 124 39 Kungl.
542 417 106 40 Maj:t
674 418 64 29 och
764 418 187 41 riksdagen
976 420 130 30 saknar
1132 421 182 39 möjlighet
1339 422 52 29 till
1417 431 42 20 en
1485 422 112 40 saklig

112 470 171 39 prövning
313 480 41 20 av
382 471 258 30 vederbörande
671 480 126 32 organs
827 473 253 40 anslagsbehov
1109 474 46 40 på
1185 474 228 31 förevarande
1444 475 152 31 område.

114 524 109 30 Dessa
253 524 194 31 bestämma
476 526 11 28 i
517 525 181 30 realiteten
728 526 112 40 själva
870 527 175 30 storleken
1075 537 42 21 av
1148 529 57 29 det
1236 529 51 29 till
1317 530 78 29 dem
1426 529 171 40 utgående

113 577 256 40 statsbidraget.
404 577 25 30 Å
452 579 110 29 andra
585 579 102 30 sidan
709 581 123 29 utövar
854 580 93 31 vissa
969 581 235 40 icke-statliga
1227 582 238 31 institutioner
1490 593 44 20 m.
1559 584 37 29 fl.

110 648 45 3 —
179 632 209 40 exempelvis
412 642 43 20 en
479 633 55 29 del
559 633 229 30 kommunala
813 634 64 29 och
903 634 161 40 kyrkliga
1088 636 243 39 myndigheter
1357 639 90 27 samt
1471 638 41 29 de
1538 637 60 30 all-

112 685 131 29 männa
268 685 257 39 sjukkassorna
548 704 44 3 —
616 696 44 20 en
686 687 108 30 sådan
818 688 234 35 verksamhet,
1077 691 52 27 att
1154 689 236 30 kostnaderna
1416 690 55 30 för
1497 691 100 29 deras

112 739 228 39 postavgifter
363 740 11 28 i
396 739 85 31 sista
503 740 95 30 hand
620 740 84 30 böra
728 742 126 29 stanna
875 741 44 40 på
942 742 219 30 statsverket.

168 792 49 29 De
245 792 183 40 praktiska
458 793 85 34 skäl,
574 802 75 21 som
678 794 122 30 kunna
828 794 169 41 åberopas
1027 795 55 31 för
1110 796 243 30 bibehållande
1382 806 41 20 av
1452 797 146 40 tjänste-

112 845 218 30 brevsrätten
352 847 55 29 för
429 847 40 29 de
493 847 139 40 statliga
654 848 301 40 myndigheterna,
978 849 71 30 tala
1072 851 86 28 även
1182 850 64 30 här
1269 850 53 30 för
1344 852 50 28 att
1416 851 75 30 icke
1515 852 83 29 stat-

113 898 68 40 liga
207 907 108 31 organ
341 900 78 29 med
447 909 82 30 nyss
556 901 132 39 antydd
716 901 223 31 verksamhet
967 902 98 30 skola
1091 902 174 31 bibehålla
1292 904 305 39 tjänstebrevsför-

112 951 138 30 månen.
289 953 48 29 De
363 953 240 30 institutioner
629 963 44 21 m.
689 954 48 35 fl.,
763 964 119 21 varom
909 955 64 30 här
999 957 38 29 är
1063 956 108 39 fråga,
1198 959 239 38 representera
1462 958 135 30 huvud-

112 1007 123 37 parten
262 1015 41 20 av
329 1007 351 39 tjänstebrevsrätten
706 1007 95 31 inom
828 1009 68 29 den
921 1009 75 30 icke
1023 1010 139 40 statliga
1190 1011 151 29 sektorn.
1380 1011 65 30 Vid
1472 1011 125 30 sådant

111 1058 221 31 förhållande
354 1069 102 30 synes
479 1070 42 20 ur
543 1062 260 30 administrativ
825 1062 181 41 synpunkt
1028 1063 109 40 några
1159 1064 170 39 egentliga
1351 1064 153 30 fördelar
1525 1065 71 30 inte

112 1112 54 30 stå
189 1115 50 27 att
263 1113 106 30 vinna
392 1121 124 32 genom
541 1116 50 28 att
617 1115 98 40 slopa
738 1115 423 40 tjänstebrevsförmånen
1186 1117 54 30 för
1265 1117 199 31 återstoden
1488 1127 42 21 av
1555 1119 41 29 de

111 1165 76 31 icke
213 1167 139 39 statliga
376 1175 162 31 organen.
576 1168 176 30 Utskottet
777 1169 95 30 delar
899 1169 132 31 således
1058 1170 126 40 Kungl.
1210 1171 123 40 Maj:ts
1358 1172 237 40 uppfattning,

111 1221 51 28 att
186 1220 350 39 tjänstebrevsrätten
562 1222 71 30 f.n,
659 1222 71 30 inte
753 1222 63 30 bör
841 1222 224 36 inskränkas,
1091 1233 81 21 men
1197 1224 59 29 vill
1281 1225 235 40 understryka
1541 1226 55 30 de-

110 1274 362 38 partementschefens
498 1275 182 30 uttalande
706 1284 56 21 om
788 1278 50 28 att
864 1276 198 31 kontrollen
1088 1286 43 21 av
1155 1278 42 29 de
1222 1278 75 30 icke
1323 1278 139 41 statliga
1487 1287 108 32 organ

112 1335 75 21 som
213 1327 45 30 ha
285 1327 108 31 sådan
419 1329 69 29 rätt
511 1329 63 29 bör
599 1329 238 31 intensifieras
864 1332 90 28 samt
980 1332 50 29 att
1056 1333 72 28 stor
1154 1332 242 30 restriktivitet
1420 1332 62 31 bör
1507 1333 89 30 iakt-

112 1382 108 38 tagas,
253 1382 63 29 när
346 1382 98 38 fråga
475 1382 233 40 uppkommer
739 1385 50 28 att
819 1384 132 30 tilldela
981 1384 201 40 ytterligare
1212 1385 75 30 icke
1319 1385 139 40 statliga
1488 1394 107 32 organ

112 1434 110 30 sådan
247 1436 78 28 rätt.

165 1487 71 30 Mot
261 1488 67 29 den
352 1497 41 20 av
418 1488 125 40 Kungl.
570 1489 105 40 Maj:t
701 1490 185 30 förordade
913 1491 363 41 medelsanvisningen
1302 1493 110 29 under
1439 1494 155 38 anslaget

110 1542 65 29 har
196 1542 170 30 utskottet
385 1543 87 29 intet
493 1544 50 28 att
564 1543 127 30 erinra.

167 1596 76 30 Med
266 1597 76 30 stöd
362 1606 40 20 av
422 1597 57 30 det
499 1597 149 31 anförda
667 1598 202 30 hemställer
889 1598 180 36 utskottet,

421 1651 23 28 I.
470 1653 50 27 att
546 1651 188 40 riksdagen
761 1652 56 29 må
844 1652 10 29 i
882 1652 167 31 skrivelse
1075 1653 53 30 till
1155 1654 125 39 Kungl.
1307 1654 105 40 Maj:t
1439 1655 77 40 giva
1543 1655 50 30 till

375 1705 118 30 känna
513 1705 67 30 vad
601 1706 171 29 utskottet
794 1706 118 30 anfört
933 1706 10 29 i
965 1706 99 41 fråga
1084 1716 59 20 om
1164 1708 366 39 tjänstebrevsrätten;

420 1758 40 29 II.
486 1760 50 28 att
560 1758 188 41 riksdagen
773 1759 57 30 må
855 1760 51 29 till
931 1760 205 40 Ersättning
1162 1761 52 29 till
1236 1762 200 39 postverket
1459 1763 57 39 för
1541 1763 54 29 be-

373 1812 146 39 fordran
543 1821 42 20 av
610 1812 369 40 tjänsteförsändelser
1000 1814 55 30 för
1078 1815 204 38 budgetåret
1308 1815 141 32 1957/58
1474 1816 119 30 anvisa

374 1868 48 26 ett
448 1866 274 40 förslagsanslag
746 1876 41 20 av
812 1867 40 29 33
868 1867 62 29 200
945 1866 62 30 000
1032 1868 52 29 kr.

165 1999 97 33 66:0)
293 2000 131 39 Bidrag
448 2000 52 31 till
524 2002 91 30 vissa
640 2002 287 31 internationella
953 2003 361 40 sammanslutningar
1339 2015 46 20 m.
1412 2016 46 19 m.
1499 2004 12 29 I
1538 2013 57 21 en-

111 2052 105 38 lighet
239 2052 77 29 med
337 2052 125 40 Kungl.
483 2053 123 39 Maj:ts
628 2053 131 40 förslag
786 2055 130 39 (punkt
938 2054 50 35 67,
1012 2064 25 20 s.
1063 2055 61 30 149
1146 2056 64 29 och
1235 2056 92 35 150),
1351 2066 75 20 som
1448 2058 146 30 innebär

108 2105 214 30 oförändrad
347 2106 319 39 medelsanvisning
691 2107 54 29 för
768 2109 101 28 nästa
893 2108 179 39 budgetår,
1098 2109 202 30 hemställer
1324 2111 180 34 utskottet,

419 2160 50 28 alt
492 2159 187 40 riksdagen
703 2160 56 30 må
781 2161 52 29 till
856 2161 127 39 Bidrag
1008 2161 51 29 till
1083 2162 91 29 vissa
1199 2163 280 30 internationella
1503 2174 90 20 sam-

375 2212 282 39 manslutningar
683 2222 44 20 m.
754 2222 45 20 m.
827 2213 54 30 för
906 2214 205 39 budgetåret
1139 2215 140 31 1957/58
1305 2217 119 29 anvisa
1450 2220 45 27 ell
1526 2218 67 29 för-

375 2265 215 39 slagsanslag
614 2275 41 19 av
680 2266 61 29 100
755 2266 63 29 000
841 2267 52 28 kr.

164 2397 97 34 67:0)
291 2398 238 32 Geotekniska
562 2399 312 40 undersökningar
907 2402 9 29 i
950 2401 252 31 Götaälvdalen
1236 2414 45 19 wm.
1314 2414 47 20 m.
1396 2403 11 29 I
1441 2403 152 40 enlighet

109 2451 78 29 med
214 2450 123 39 Kungl.
364 2451 123 38 Maj:ts
514 2451 131 39 förslag
675 2452 129 39 (punkt
830 2452 51 34 68,
908 2462 25 20 s.
962 2453 60 29 150
1049 2454 63 29 och
1140 2454 93 35 151),
1261 2465 73 20 som
1362 2456 145 31 innebär
1533 2467 59 20 an-

109 2505 298 39 slagsminskning
435 2505 54 30 för
517 2506 98 29 nästa
645 2506 169 40 budgetår
840 2508 76 29 med
946 2507 39 29 35
1001 2508 63 29 000
1092 2509 62 34 kr.,
1183 2509 201 31 hemställer
1413 2511 179 35 utskottet,
