1874 2780
495 162 255 28 Statsutskottets
773 159 162 29 utlåtande
956 167 41 19 nr
1018 158 17 28 6
1058 158 37 28 år
1116 158 77 28 1957
1550 156 44 31 63

106 245 191 29 medhinna
320 253 43 20 en
386 243 147 30 effektiv
556 241 295 31 bränslekontroll
875 241 86 29 även
984 240 58 29 vid
1065 240 68 29 den
1156 237 185 39 avdelning
1365 236 94 29 inom
1484 234 111 30 armé-

105 296 500 39 intendenturförvaltningen,
637 304 75 21 som
742 294 214 39 ombesörjer
985 292 247 30 motsvarande
1261 288 333 32 kontrollverksam-

105 352 59 29 het
185 352 57 29 vid
264 351 342 29 försvarsväsendets
628 348 262 40 anläggningar.
924 347 12 29 I
959 346 171 30 samband
1151 345 78 29 med
1251 341 343 41 omorganisationen

106 405 38 29 år
172 404 82 30 1947
280 413 41 20 av
346 401 517 39 fortifikationsförvaltningen
890 400 131 39 förelåg
1047 399 131 39 förslag
1203 407 56 21 om
1285 396 309 31 sammanförande

106 468 42 20 av
172 459 65 29 den
261 457 102 30 civila
385 458 65 29 och
473 457 67 29 den
563 456 154 29 militära
739 453 341 31 bränslekontrollen
1103 452 53 30 till
1179 461 42 20 en
1245 451 195 38 avdelning,
1463 450 132 38 varige-

107 521 80 20 nom
214 511 175 39 åtskilliga
415 511 152 29 fördelar
590 509 222 30 beträffande
837 507 225 41 personalens
1088 506 227 39 utnyttjande
1339 505 64 29 och
1428 505 86 28 även
1538 503 57 29 be-

108 566 184 39 sparingar
318 565 10 29 i
357 566 96 38 fråga
481 573 55 20 om
565 564 96 29 löner
688 563 65 29 och
778 561 267 30 resekostnader
1073 559 148 39 ansågos
1248 559 121 29 kunna
1396 557 200 30 åstadkom-

108 628 86 20 mas.
236 618 179 39 Förslaget
446 618 64 29 har
539 616 194 31 emellertid
766 616 197 29 sedermera
992 614 77 30 icke
1100 613 178 39 fuliföljts.
1322 613 64 28 Det
1417 611 179 30 förefaller

108 673 89 29 dock
222 672 228 33 revisorerna,
477 680 74 20 som
576 679 57 20 om
659 669 153 30 fördelar
838 669 153 39 alltjämt
1015 667 113 30 skulle
1153 676 83 20 vara
1262 667 50 28 att
1336 666 105 29 vinna
1466 664 44 40 på
1535 673 60 20 an-

110 726 103 39 givna
240 726 74 38 väg,
341 726 119 28 varför
487 726 48 27 ett
563 723 310 30 sammanförande
900 722 82 29 eller
1009 721 10 29 i
1047 722 77 28 vart
1151 720 61 29 fall
1241 721 48 28 ett
1317 720 161 28 närmare
1507 727 90 20 sam-

109 779 116 29 arbete
247 778 128 30 mellan
397 778 154 29 nämnda
570 777 91 29 båda
682 776 276 40 organisationer
980 784 102 30 synes
1103 775 76 28 värt
1201 775 49 28 att
1271 774 198 38 övervägas.
1502 771 95 30 Sam-

109 833 102 39 tidigt
239 832 145 30 härmed
414 840 102 30 synes
543 831 85 29 böra
656 830 229 34 undersökas,
914 828 175 30 huruvida
1116 827 244 40 upphandling
1388 836 41 19 av
1456 825 140 30 bränsle

107 905 45 3 —
186 895 75 21 som
297 886 71 29 f.n.
404 885 214 39 ombesörjes
654 894 42 19 av
731 880 587 39 arméintendenturförvaltningen
1343 880 54 29 för
1422 879 94 30 såväl
1540 879 58 29 det

110 940 153 29 militära
287 948 74 21 som
385 941 57 28 det
466 939 100 29 civila
589 937 146 30 behovet
757 955 44 3 —
823 938 79 38 äger
926 936 125 29 sådant
1075 934 170 30 samband
1269 934 79 29 med
1370 933 228 30 bränslekon-

110 994 136 33 trollen,
267 994 49 28 att
336 994 101 28 dessa
457 992 88 29 båda
565 990 370 39 verksamhetsgrenar
955 990 87 29 även
1063 989 9 29 i
1093 988 273 38 fortsättningen
1384 987 85 30 böra
1488 986 110 29 hand-

110 1047 107 29 havas
242 1056 41 20 av
306 1048 48 27 ett
377 1047 64 29 och
465 1054 135 21 samma
623 1052 138 31 organ.»

167 1207 89 31 Över
277 1207 236 30 revisorernas
535 1206 230 30 förevarande
786 1204 166 41 paragraf
973 1204 45 30 ha
1040 1203 208 30 utlåtanden
1268 1202 146 39 avgivits
1436 1210 42 20 av
1499 1200 103 40 bygg-

110 1260 274 40 nadsstyrelsen,
427 1257 598 40 arméintendenturförvaltningen,
1068 1253 531 43 fortifikationsförvaltningen,

111 1314 264 35 statskontoret,
401 1313 155 30 Svenska
583 1311 388 40 landstingsförbundet
997 1312 91 28 samt
1113 1310 133 29 statens
1271 1308 163 30 handels-
1459 1307 63 30 och
1550 1307 51 29 in-

112 1366 349 30 dustrikommission
493 1366 79 32 (Del
600 1366 40 33 II,
668 1375 26 20 s.
722 1364 206 34 225—237).

169 1419 357 40 Byggnadsstyrelsen
546 1419 64 29 har
629 1418 222 30 beträffande
871 1417 241 38 landstingens
1133 1415 206 39 deltagande
1360 1414 171 30 förklarat
1551 1413 52 39 sig

115 1473 76 30 dela
222 1473 236 29 revisorernas
487 1472 238 40 uppfattning,
755 1473 50 27 att
834 1471 58 29 det
920 1470 55 30 får
1004 1479 102 20 anses
1135 1469 122 38 riktigt
1285 1468 167 39 antingen
1481 1468 51 28 att
1561 1467 41 29 de

115 1527 135 39 knappt
272 1526 165 30 tillmätta
460 1534 204 21 resurserna
687 1525 204 39 disponeras
914 1524 55 29 för
991 1522 228 30 statsverkets
1242 1529 85 31 egen
1349 1520 149 39 räkning
1520 1520 84 29 eller

116 1580 106 30 också
248 1581 50 28 att
324 1579 283 40 organisationen
635 1578 178 39 utbygges,
841 1577 37 30 så
904 1579 49 27 att
980 1575 215 39 förefintliga
1221 1574 223 40 möjligheter
1469 1573 53 29 till
1548 1573 57 30 be-

117 1633 183 40 sparingar
328 1633 44 39 på
398 1631 300 31 bränsleområdet
725 1631 162 29 effektivt
914 1630 122 29 kunna
1063 1629 239 39 tillvaratagas
1330 1627 54 30 för
1413 1626 94 31 såväl
1536 1628 69 28 sta-

115 1688 77 28 tens
217 1695 74 21 som
315 1686 241 39 landstingens
580 1684 262 40 anläggningar.
879 1684 58 29 Att
961 1683 171 39 styrelsen
1155 1682 57 29 vid
1235 1681 91 29 valet
1350 1681 128 29 mellan
1503 1680 102 29 alter-

116 1740 141 29 nativen
284 1741 114 28 ansett
423 1740 57 29 det
505 1748 122 20 senare
653 1740 50 27 att
729 1737 183 39 föredraga
939 1736 156 39 framgår
1120 1745 42 20 av
1188 1734 188 40 styrelsens
1403 1733 201 40 upprepade

117 1793 414 40 petitaframställningar
559 1801 56 20 om
644 1801 43 20 en
716 1791 199 39 utbyggnad
944 1799 41 20 av
1013 1788 295 40 organisationen.
1348 1788 65 29 Det
1441 1788 38 28 är
1507 1787 98 29 näm-

118 1847 90 38 ligen
234 1846 54 30 för
314 1846 169 38 styrelsen
508 1845 56 30 vid
590 1845 79 29 dess
694 1843 344 40 byggnadstekniska
1064 1841 216 40 granskning
1305 1841 64 29 och
1394 1839 212 39 bedömning

118 1909 42 19 av
190 1899 131 38 förslag
352 1899 52 28 till
436 1898 288 39 sjukhusbyggen
755 1906 41 20 av
826 1896 195 39 betydande
1051 1895 117 33 värde,
1199 1896 50 27 att
1281 1893 170 39 styrelsen
1481 1900 125 31 genom

116 1953 68 29 den
211 1951 425 30 bränslekontrollerande
661 1950 269 30 verksamheten
957 1948 54 30 för
1038 1947 222 39 landstingen
1287 1946 54 29 får
1367 1945 239 31 erfarenheter

118 2005 149 30 rörande
297 2005 41 29 de
367 2005 73 28 ofta
470 2003 218 30 omfattande
717 2002 64 30 och
811 2001 258 40 komplicerade
1098 1999 421 39 värmeanläggningarna
1548 1997 58 30 vid

119 2059 101 29 deras
244 2057 152 40 sjukhus
420 2057 64 29 och
508 2057 111 29 andra
642 2056 245 39 inrättningar.

174 2110 155 30 Svenska
360 2110 387 39 landstingsförbundet
777 2110 38 29 är
844 2118 41 20 av
913 2109 68 29 den
1011 2106 283 41 uppfattningen,
1325 2107 50 28 att
1404 2106 67 29 den
1501 2113 107 20 nuva-

120 2165 107 29 rande
256 2164 248 38 anslutningen
532 2172 41 20 av
601 2163 241 38 landstingens
869 2160 395 39 bränsleanläggningar
1292 2158 52 30 till
1373 2159 66 29 den
1468 2157 140 39 statliga

119 2217 341 30 bränslekontrollen
479 2217 38 28 är
535 2215 211 39 fördelaktig
765 2224 40 20 ur
825 2215 130 29 allmän
974 2213 182 40 synpunkt
1174 2213 63 29 och
1257 2214 49 28 att
1325 2211 188 39 anledning
1531 2210 77 30 icke

120 2270 117 28 finnes
262 2271 49 27 att
337 2269 122 38 frångå
485 2269 215 28 densamma.
737 2268 51 28 En
813 2276 117 19 annan
956 2266 98 38 fråga
1080 2267 48 32 är,
1153 2274 56 20 om
1235 2264 240 39 landstingens
1502 2272 107 20 nuva-

120 2323 108 29 rande
250 2322 148 39 avgifter
420 2321 100 30 täcka
541 2322 42 28 de
605 2321 199 33 kostnader,
827 2329 73 20 som
924 2320 59 29 äro
1006 2318 201 30 förbundna
1229 2318 78 28 med
1329 2316 279 30 verksamheten.

122 2376 71 29 Mot
222 2375 182 40 principen
434 2375 54 28 för
516 2372 427 39 kostnadsfördelningen,
974 2371 176 39 nämligen
1180 2372 49 28 att
1259 2370 222 38 landstingen
1510 2369 99 29 skola

120 2429 131 29 ersätta
286 2428 42 29 de
363 2427 276 33 merkostnader,
676 2435 74 20 som
785 2424 341 31 bränslekontrollen
1151 2423 56 30 vid
1233 2424 100 29 deras
1358 2422 252 39 anläggningar

122 2481 214 33 förorsakar,
359 2481 126 33 finnes,
508 2479 103 30 såvitt
633 2478 170 40 styrelsen
826 2478 69 30 kan
918 2487 45 25 se,
985 2477 88 30 intet
1094 2479 50 28 att
1166 2477 162 33 invända,
1351 2475 160 30 försåvitt
1533 2475 76 30 icke
