1874 2780
505 160 252 29 Statsutskoltets
781 157 162 28 utlåtande
965 164 40 19 nr
1028 156 16 27 6
1067 156 37 27 år
1126 155 75 27 1957
1561 152 41 30 73

168 242 292 41 Föredraganden
496 240 215 33 framhåller,
745 241 50 27 att
817 238 56 29 det
897 235 323 40 forskningsarbete
1243 233 242 39 väginstitutet
1508 230 95 30 utför

116 300 37 29 är
174 307 43 21 av
238 296 175 41 betydelse
435 295 55 30 för
513 294 94 30 såväl
631 294 179 38 vägnätets
833 290 237 41 upprustning
1094 297 75 21 som
1191 286 159 30 lösandet
1372 295 42 20 av
1436 286 80 37 väg-
1538 284 65 29 och

117 350 274 32 trafiktekniska
417 349 157 40 problem
602 348 10 28 i
639 346 169 30 samband
837 344 77 30 med
943 342 235 31 strävandena
1204 343 51 28 att
1282 340 67 30 öka
1375 338 230 31 trafiksäker-

117 407 113 28 heten.
254 404 180 40 Möjlighet
456 403 63 29 bör
540 401 143 30 beredas
707 400 175 29 institutet
905 400 51 27 att
978 395 168 32 anskaffa
1170 394 53 30 för
1245 394 114 29 denna
1381 391 223 31 verksamhet

117 459 181 39 behövliga
319 457 162 30 tekniska
501 454 224 41 hjälpmedel.
747 454 66 29 För
833 454 100 28 nästa
954 450 170 39 budgetår
1144 448 161 30 förordar
1324 447 70 30 han
1414 445 121 31 därför
1556 446 49 28 att

118 515 48 28 ett
184 513 124 40 belopp
328 521 55 20 om
403 511 41 29 40
459 510 63 30 000
542 510 51 29 kr.
614 509 138 29 anvisas
772 507 54 29 för
844 505 210 31 ändamålet.

176 674 185 34 Utskottet,
382 681 74 20 som
476 672 72 28 inte
569 670 117 29 funnit
706 667 189 38 anledning
915 666 51 29 till
987 665 142 29 erinran
1150 666 72 26 mot
1245 661 124 39 Kungl.
1392 660 124 38 Maj:ts
1538 658 68 30 för-

123 729 82 38 slag,
232 726 212 33 hemställer,

431 788 50 28 att
512 784 187 39 riksdagen
727 782 57 30 må
814 782 50 29 till
894 781 140 29 Statens
1064 778 222 40 väginstitut:
1319 775 207 40 Utrustning
1556 774 53 30 för

385 839 206 40 budgetåret
610 837 141 35 1957/58
769 836 120 29 anvisa
906 837 48 27 ett
972 831 358 39 reservationsanslag
1348 839 42 20 av
1407 828 41 30 40
1462 828 63 30 000
1544 829 63 32 kr.,

388 896 50 28 att
464 893 174 30 avräknas
663 893 73 27 mot
761 886 460 34 automobilskattemedlen.

180 1057 98 29 54:0)
309 1057 136 31 Statens
469 1053 230 41 geotekniska
722 1053 153 30 institut:
901 1050 228 38 Avlöningar.
1168 1047 12 28 I
1205 1046 152 38 enlighet
1383 1044 78 29 med
1487 1041 123 39 Kungl.

126 1111 124 39 Maj:ts
272 1109 131 39 förslag
431 1108 131 39 (punkt
584 1106 51 34 54,
658 1116 25 19 s.
709 1103 204 34 123—125),
936 1111 75 21 som
1033 1100 145 30 innebär
1201 1109 43 20 en
1266 1096 280 39 huvudsakligen
1569 1094 43 40 på

127 1164 112 39 grund
264 1172 41 20 av
328 1161 238 30 automatiska
590 1157 320 41 utgiftsstegringar
933 1155 79 30 med
1036 1154 37 30 21
1093 1152 61 31 700
1178 1153 51 28 kr.
1256 1151 140 39 förhöjd
1422 1149 192 30 medelsan-

124 1216 140 39 visning
284 1214 54 30 för
358 1215 99 29 nästa
479 1212 179 40 budgetår,
677 1210 202 30 hemställer
901 1204 180 42 utskottet,

436 1278 51 27 att
513 1274 186 39 riksdagen
725 1272 57 30 må

436 1329 37 35 a)
503 1329 187 40 godkänna
709 1326 158 40 följande
886 1323 256 40 avlöningsstat
1162 1322 54 29 för
1238 1322 131 29 statens
1390 1317 227 42 geotekniska

392 1383 152 33 institut,
564 1383 50 28 att
632 1381 177 39 tillämpas
828 1379 71 29 tills
918 1377 119 30 vidare
1056 1376 42 29 fr.
1119 1384 29 21 o.
1168 1384 46 20 m.
1233 1373 205 40 budgetåret
1459 1370 156 31 1957/58:

838 1483 336 39 Avlöningsstat

396 1563 27 28 1.
450 1560 213 39 Avlöningar
681 1559 52 29 till
750 1556 176 31 ordinarie
944 1554 228 41 tjänstemän,
1189 1551 205 41 förslagsvis
1416 1573 35 7 ...
1503 1549 40 29 76
1557 1547 63 31 000

395 1616 29 28 2.
452 1614 170 33 Arvoden,
643 1611 182 31 bestämda
847 1619 42 21 av
911 1608 127 40 Kungl.
1061 1607 106 39 Maj:t
1193 1627 256 8 ...sssssesseresres
1522 1603 18 29 2
1555 1601 63 30 400

396 1669 28 30 3.
451 1667 213 39 Avlöningar
686 1665 53 30 till
759 1662 271 33 icke-ordinarie
1052 1660 161 42 personal
1239 1681 213 8 .............+:
1481 1656 62 31 285
1558 1655 63 30 900

396 1723 29 29 4.
452 1721 134 39 Rörligt
614 1720 128 39 tillägg,
769 1716 205 42 förslagsvis
1018 1734 435 11 —.:eseseesesesssssesesesenneere
1484 1709 60 31 107
1559 1709 63 30 300

397 1776 28 29 5.
453 1774 212 39 Avlöningar
692 1773 53 29 till
771 1770 207 31 biträdande
1005 1767 162 42 personal
1195 1767 54 30 för
1276 1765 181 30 konsulta-

452 1827 254 40 tionsuppdrag
729 1835 44 20 m.
797 1834 57 25 m.,
876 1822 205 41 förslagsvis
1108 1841 347 10 .......ssssssesessssssst
1483 1816 63 31 300
1560 1815 63 30 000

1235 1882 143 29 Summa
1403 1880 51 29 kr.
1483 1879 58 30 771
1559 1878 62 30 600

443 1997 38 34 b)
512 1997 52 29 till
584 1995 138 30 Statens
743 1992 227 41 geotekniska
993 1990 156 30 institut:
1171 1987 213 40 Avlöningar
1407 1986 54 30 för
1483 1986 142 38 budget-

400 2052 73 29 året
502 2048 139 31 1957/58
666 2047 121 31 anvisa
811 2048 48 28 ett
885 2044 274 40 förslagsanslag
1185 2052 41 20 av
1254 2041 57 30 771
1329 2040 62 31 600
1418 2040 51 29 kr.

195 2213 98 29 55:0)
324 2213 136 30 Statens
478 2210 230 39 geotekniska
724 2209 153 29 institut:
896 2204 275 33 Omkostnader.
1204 2203 10 27 1
1234 2200 151 39 enlighet
1404 2200 77 29 med
1501 2198 124 39 Kungl.

139 2265 124 39 Maj:ts
285 2263 130 38 förslag
441 2262 131 39 (punkt
593 2260 52 33 55,
667 2269 25 20 s.
716 2259 94 33 125),
833 2266 75 21 som
930 2256 146 29 innebär
1097 2264 42 20 en
1162 2254 224 39 uppräkning
1408 2261 41 20 av
1471 2251 155 37 anslaget

139 2317 78 30 med
236 2317 19 30 3
270 2316 63 29 000
350 2316 51 28 kr.
420 2315 54 29 för
491 2315 101 29 nästa
610 2312 179 39 budgetår,
807 2310 202 30 hemställer
1028 2309 181 31 utskottet,

450 2378 50 29 att
522 2375 186 39 riksdagen
728 2374 58 29 må
806 2373 51 29 till
877 2372 140 29 Statens
1038 2369 227 41 geotekniska
1288 2367 154 30 institut:
1467 2365 161 30 Omkost-

406 2429 109 31 nader
552 2429 53 29 för
640 2426 203 40 budgetåret
871 2424 141 30 1957/58
1037 2423 120 30 anvisa
1194 2424 47 27 ett
1279 2419 273 39 förslagsanslag
1588 2427 41 20 av

407 2484 63 30 436
485 2483 64 29 500
575 2483 49 28 kr.
