1882 2760
274 165 18 28 4
583 161 388 30 Jordbruksutskottets
995 160 179 30 utlåtande
1197 170 43 20 nr
1263 161 40 29 15
1325 160 39 31 år
1388 161 83 29 1962

279 246 111 30 måste
411 246 199 39 nedläggas.
633 245 290 39 Grundläggande
944 245 192 39 yrkeskurs
1159 245 87 29 skall
1270 246 85 28 även
1377 245 121 29 kunna
1521 245 175 29 anordnas
1718 244 57 29 vid

278 296 219 30 lantbrukets
517 296 234 39 yrkesskolor.
773 296 12 28 I
806 296 173 29 avvaktan
1000 295 44 39 på
1064 296 180 29 resultatet
1266 305 41 19 av
1327 295 163 29 fortsatta
1510 295 263 38 överväganden

279 347 148 29 rörande
451 346 258 39 omfattningen
734 347 65 28 och
823 346 270 38 lokaliseringen
1118 355 41 20 av
1183 345 430 39 trädgårdsutbildningen
1637 345 11 29 i
1673 345 102 29 Norr-

280 398 82 28 land
384 397 171 34 förordas,
578 399 50 27 att
650 396 310 39 trädgårdsskolan
982 396 10 29 i
1016 396 147 30 Söråker
1185 395 169 30 bibehålls
1376 396 79 29 med
1477 395 213 30 oförändrad
1713 404 63 19 un-

280 447 209 39 dervisning.
516 447 278 39 Omläggningen
820 456 42 20 av
885 446 349 40 yrkesutbildningen
1260 445 146 30 föreslås
1430 445 101 40 börja
1556 446 111 28 under
1691 445 85 29 bud-

278 498 130 39 getåret
431 498 161 36 1962/63.

325 548 13 30 I
359 548 89 40 syfte
469 550 51 28 att
541 549 181 29 stimulera
742 548 51 29 till
814 548 200 39 ytterligare
1035 547 279 39 rationalisering
1335 547 94 29 inom
1451 546 326 39 trädgårdsnäring-

278 608 43 20 en
343 598 190 40 framläggs
554 599 12 29 i
587 599 262 39 propositionen
871 598 130 39 förslag
1023 608 56 19 om
1103 598 129 29 sådana
1255 598 189 38 ändringar
1465 597 11 29 i
1498 597 277 29 bestämmelser-

281 659 45 20 na
348 649 54 30 för
423 650 57 29 det
503 649 141 39 statliga
665 649 111 30 stödet
798 649 130 34 härtill,
950 651 50 27 att
1022 649 102 29 dessa
1145 649 10 28 i
1177 648 185 29 huvudsak
1384 648 159 29 kommer
1565 649 50 27 att
1638 647 139 29 ansluta

280 700 52 39 sig
349 700 52 29 till
417 700 66 29 vad
502 709 76 21 som
596 699 106 40 enligt
718 699 114 30 beslut
851 709 41 19 av
912 699 82 29 1959
1013 699 57 29 års
1088 699 141 38 riksdag
1247 699 105 38 gäller
1371 698 54 30 för
1442 697 333 40 jordbruksnäring-

281 760 61 20 ens
362 750 390 39 rationaliseringsstöd.
774 750 67 29 För
863 751 48 28 att
931 750 182 38 tillgodose
1134 749 40 29 de
1195 749 110 29 ökade
1326 748 153 39 anspråk
1500 748 44 39 på
1566 750 211 36 statsgaran-

279 801 117 29 terade
416 801 58 29 lån
493 801 53 29 till
567 800 473 39 rationaliseringsåtgärder,
1062 808 74 21 som
1155 800 123 28 väntas
1299 799 225 39 uppkomma,
1546 798 160 30 förordas
1727 799 49 28 att

281 852 67 29 den
380 851 174 30 särskilda
586 851 259 39 garantiramen
877 850 54 30 för
963 850 132 30 sådana
1126 850 57 29 lån
1214 850 80 38 höjs
1326 850 78 28 med
1439 848 169 30 1000000
1642 849 51 28 kr.
1725 848 52 29 till

281 902 18 30 3
313 901 63 30 000
390 902 63 29 000
473 902 53 30 kr.

325 969 13 29 I
359 969 263 39 propositionen
643 968 177 30 redovisas
841 968 57 29 två
919 977 41 20 av
980 967 564 39 trädgårdsnäringsutredningen
1566 966 10 28 i
1597 965 181 30 december

283 1019 81 30 1961
388 1019 147 39 avgivna
556 1019 246 30 betänkanden
825 1018 72 30 dels
920 1019 111 28 under
1053 1018 166 29 rubriken
1244 1016 352 40 Yrkesutbildningen
1619 1016 44 39 på
1687 1015 90 29 träd-

280 1070 265 39 gårdsområdet
565 1069 20 30 å
605 1079 25 20 s.
651 1069 105 30 3—18
777 1071 91 27 samt
887 1069 145 29 däröver
1053 1068 145 39 avgivna
1218 1067 313 39 remissyttranden
1551 1066 20 30 å
1591 1076 25 20 s.
1640 1065 137 34 18—23,

281 1120 74 30 dels
378 1121 63 28 ock
464 1120 112 29 under
599 1120 166 29 rubriken
789 1118 387 40 Trädgårdsnäringens
1199 1117 381 39 rationaliseringsstöd
1602 1116 20 30 å
1645 1126 24 20 s.
1694 1116 85 29 23—

283 1171 51 33 30,
353 1173 89 27 samt
459 1171 315 38 remissyttranden
792 1170 145 29 däröver
955 1169 19 30 å
992 1179 25 20 s.
1037 1168 138 30 30—32.
1194 1168 25 29 Å
1238 1178 25 20 s.
1283 1167 127 30 32—34
1428 1168 64 28 har
1510 1167 196 39 redogjorts
1724 1166 54 30 för

280 1221 393 39 Lantbruksstyrelsens
693 1220 309 39 anslagsskrivelse
1021 1219 57 40 för
1098 1219 201 39 budgetåret
1321 1218 149 35 1962/63
1489 1218 149 29 rörande
1658 1217 121 39 anslag

285 1271 51 29 till
364 1271 364 40 trädgårdsnäringen.

327 1321 175 30 Utskottet
528 1321 130 30 tillåter
682 1321 51 40 sig
758 1323 50 28 att
832 1320 148 30 hänvisa
1003 1320 52 29 till
1080 1319 279 41 propositionens
1385 1319 233 30 förenämnda
1642 1318 138 39 redogö-

284 1371 116 30 relser,

326 1456 394 39 Departementschefen
738 1456 65 29 har
821 1455 117 30 anfört
955 1455 168 40 följande.

329 1507 86 29 »För
432 1508 48 29 att
498 1507 118 30 stärka
631 1506 334 37 förutsättningarna
981 1506 55 30 för
1053 1515 43 21 en
1112 1505 349 38 konkurrenskraftig
1477 1503 306 39 trädgårdsnäring

280 1557 65 29 och
365 1566 42 20 en
427 1557 325 29 tillfredsställande
773 1556 239 30 inkomstnivå
1032 1556 56 30 för
1108 1556 77 30 dess
1207 1557 142 29 utövare
1370 1556 63 29 har
1456 1555 80 30 1961
1561 1555 57 29 års
1639 1554 142 39 riksdag

279 1607 150 30 beslutat
448 1609 50 28 att
518 1607 74 30 dels
611 1607 199 29 underlätta
829 1607 216 29 tillkomsten
1065 1616 41 20 av
1127 1606 297 30 auktionslokaler
1443 1606 54 29 för
1517 1605 264 39 trädgårdspro-

279 1658 137 34 dukter,
435 1658 73 29 dels
527 1658 67 29 öka
613 1666 203 21 resurserna
835 1657 54 30 för
907 1657 493 39 rådgivningsverksamheten
1419 1657 45 38 på
1482 1654 300 41 trädgårdsområ-

280 1709 67 29 det.
376 1709 6 29 I
404 1717 135 21 samma
560 1708 91 39 syfte
671 1708 58 29 vill
751 1708 59 39 jag
831 1708 65 29 här
916 1707 194 39 framlägga
1131 1707 130 39 förslag
1282 1706 55 30 för
1358 1708 50 28 att
1429 1706 173 30 förbättra
1622 1705 159 40 yrkesut-

280 1759 202 38 bildningen
501 1759 66 29 och
586 1758 186 40 näringens
792 1757 390 40 rationaliseringsstöd.

327 1833 350 36 Yrkesutbildningen
703 1834 43 36 på
770 1833 349 36 trädgårdsområdet.
1145 1832 118 39 Statlig
1288 1833 82 29 eller
1396 1831 306 31 statsunderstödd
1728 1839 53 30 yr-

280 1884 262 39 kesutbildning
559 1884 137 30 bedrivs
715 1884 55 29 för
787 1883 217 30 närvarande
1021 1884 58 30 vid
1097 1883 351 39 trädgårdsskolorna
1464 1882 11 29 i
1494 1882 142 39 Alnarp,
1655 1881 44 40 på
1717 1881 65 29 Ex-

280 1934 310 40 perimentalfältet
609 1935 10 28 i
641 1934 200 31 Stockholm
862 1933 64 30 och
943 1934 12 29 i
976 1933 157 31 Söråker.
1154 1933 301 38 Undervisningen
1476 1932 168 30 omfattar
1663 1931 56 29 vid
1740 1931 40 29 de

279 1985 90 29 båda
389 1984 246 30 förstnämnda
656 1984 163 30 skolorna
839 1984 271 38 trädgårdskurs
1131 1993 55 20 om
1209 1983 38 29 16
1267 1983 169 29 månader
1455 1983 65 29 och
1538 1982 58 29 vid
1617 1982 66 29 den
1704 1981 78 30 sist-

280 2035 154 29 nämnda
454 2035 125 39 ettårig
601 2035 95 29 kurs.
718 2034 182 39 Härjämte
923 2034 235 30 förekommer
1178 2033 437 39 trädgårdsundervisning
1636 2031 58 30 vid
1714 2031 67 30 vis-

281 2095 38 20 sa
335 2085 326 30 lantmannaskolor
679 2085 63 29 och
760 2084 355 30 lanthushållsskolor
1132 2084 10 29 i
1160 2084 90 29 form
1269 2092 42 20 av
1327 2083 139 29 kortare
1484 2083 134 29 kurser.

324 2135 579 40 Trädgårdsnäringsutredningen
924 2135 63 29 har
1010 2134 164 39 framlagt
1196 2133 130 39 förslag
1347 2133 51 30 till
1421 2133 223 39 omläggning
1665 2141 42 21 av
1727 2141 54 30 yr-

280 2186 319 39 kesutbildningen,
625 2186 94 29 vilka
742 2185 11 29 i
779 2185 186 29 huvudsak
991 2184 146 30 innebär
1163 2186 49 27 att
1238 2193 42 20 en
1306 2183 309 39 utbildningsgång
1642 2183 138 38 skapas,

283 2244 75 21 som
376 2236 168 30 omfattar
561 2236 285 39 grundläggande
862 2235 191 39 yrkeskurs
1070 2243 57 21 om
1144 2234 97 29 cirka
1258 2233 70 30 fem
1345 2233 177 35 månader,
1540 2233 242 30 förmanskurs

280 2287 78 29 med
379 2296 41 20 en
441 2286 105 40 längd
567 2296 42 20 av
629 2286 146 39 ungefär
796 2288 48 28 ett
865 2285 38 30 år
924 2286 64 29 och
1008 2295 42 19 en
1072 2285 72 29 lika
1164 2284 79 39 lång
1264 2284 446 39 trädgårdsteknikerkurs.
1731 2283 49 30 De

278 2337 91 30 båda
392 2337 221 30 sistnämnda
635 2337 172 29 kurserna
831 2336 87 30 skall
943 2336 105 38 enligt
1072 2334 232 40 utredningen
1326 2344 84 20 vara
1433 2334 151 30 avsedda
1608 2333 54 31 för
1685 2333 95 30 såväl

279 2387 304 40 trädgårdsodlare
618 2396 73 20 som
725 2386 382 39 trädgårdsanläggare.
1142 2384 236 39 Utredningen
1412 2384 158 33 föreslår,
1604 2386 50 27 att
1688 2383 93 30 träd-

283 2436 350 40 gårdsutbildningen
655 2437 10 29 i
687 2437 60 30 allt
769 2436 171 39 väsentlig
962 2436 88 30 skall
1073 2435 172 38 förläggas
1267 2434 52 31 till
1341 2434 307 38 trädgårdsskolan
1669 2435 11 29 i
1701 2433 82 30 Aln-

284 2497 61 30 arp
364 2488 64 29 och
447 2487 51 30 till
518 2497 43 20 en
582 2497 46 29 ny
647 2487 108 30 sådan
776 2487 99 29 skola
894 2488 10 29 i
924 2486 230 39 Norrköping.
1174 2485 166 30 Förutom
1361 2484 284 40 grundläggande
1664 2484 118 39 yrkes-
