1882 2760
270 153 18 29 6
576 150 389 30 Jordbruksutskottets
989 150 179 30 utlåtande
1191 159 43 20 nr
1257 150 40 29 15
1319 150 39 30 år
1383 150 83 30 1962

271 235 35 32 få
325 235 185 31 anordnas.
530 235 139 29 Allmän
688 235 85 39 linje
792 235 82 29 eller
893 234 215 40 speciallinje
1128 235 57 30 vid
1205 234 431 39 trädgårdsförmanskurs
1655 234 62 29 bör
1737 234 31 39 ej

270 285 175 32 anordnas
464 285 54 30 för
535 285 135 30 mindre
690 286 44 29 än
752 285 69 29 fem
839 285 122 29 elever.
981 285 63 30 Om
1063 284 221 39 erforderligt
1303 285 93 29 antal
1415 285 111 29 elever
1544 285 156 29 anmäler
1720 284 50 39 sig

270 336 50 29 till
340 336 283 39 grundläggande
642 336 192 39 yrkeskurs
853 335 88 29 skall
960 353 43 3 —
1022 335 76 29 med
1118 335 138 39 hänsyn
1276 335 50 30 till
1346 335 295 38 angelägenheten
1660 343 41 20 av
1720 336 51 27 att

270 386 156 40 utnyttja
445 385 181 40 befintliga
645 387 123 32 lärare,
788 386 131 29 lokaler
938 386 64 29 och
1023 386 108 29 andra
1151 394 156 20 resurser
1325 403 44 3 —
1389 385 108 29 sådan
1518 385 176 29 anordnas
1713 384 57 29 vid

270 437 96 39 varje
386 437 99 29 skola
505 436 56 30 två
581 436 129 39 gånger
730 445 56 21 om
807 436 72 29 året
900 436 11 29 i
931 435 93 30 form
1044 445 40 20 av
1104 435 202 30 vinterkurs
1326 435 65 29 och
1411 435 252 30 sommarkurs.

315 512 51 29 En
389 511 110 39 viktig
521 511 270 40 komplettering
814 511 50 30 till
889 511 94 30 olika
1005 511 187 39 kurstyper
1215 511 95 29 inom
1334 510 66 30 den
1424 510 198 39 föreslagna
1644 509 129 30 utbild-

271 562 238 39 ningsgången
528 562 100 39 utgör
646 561 378 40 fortbildningskurser
1043 561 54 30 för
1116 561 304 39 trädgårdsodlare
1441 561 64 29 och
1525 560 247 39 trädgårdsan-

271 613 147 38 läggare.
439 612 127 30 Likaså
584 612 62 30 bör
667 612 143 39 special-
829 612 65 29 och
914 611 375 39 fortbildningskurser
1310 611 175 30 anordnas
1506 611 86 28 även
1613 610 55 29 för
1688 609 85 30 and-

271 672 37 20 ra
326 663 249 39 yrkesutövare
594 663 95 29 inom
710 663 178 38 näringen,
908 662 65 29 Det
992 662 61 29 bör
1073 662 189 29 ankomma
1280 661 44 39 på
1343 661 358 38 lantbruksstyrelsen
1722 662 49 28 att

270 713 10 29 i
300 713 204 39 anslutning
522 713 50 29 till
591 713 66 30 vad
677 712 564 39 trädgårdsnäringsutredningen
1261 711 116 30 anfört
1395 711 10 29 i
1426 712 116 28 ämnet
1563 710 209 30 föranstalta

271 772 56 22 om
350 764 63 28 här
436 763 158 40 åsyftade
618 764 135 29 kurser.
777 763 141 29 Liksom
943 762 54 30 för
1020 762 217 30 närvarande
1260 761 62 31 bör
1344 761 112 31 under
1479 762 100 28 nästa
1602 760 171 39 budgetår

274 814 110 29 medel
408 814 52 29 till
484 813 118 40 dylika
623 814 125 29 kurser
771 813 119 29 kunna
913 813 83 39 utgå
1019 822 41 20 ur
1082 813 156 38 anslaget
1262 811 315 30 Kursverksamhet
1601 811 55 29 för
1678 811 95 40 jord-

271 864 144 30 brukets
439 863 280 39 rationalisering
742 873 44 20 m.
809 872 45 21 m.
877 863 64 39 Jag
965 872 97 20 avser
1082 865 53 27 att
1157 863 10 29 i
1190 864 49 28 ett
1262 871 122 21 senare
1407 861 255 39 sammanhang
1685 861 89 30 åter-

271 915 143 29 komma
431 914 52 29 till
502 914 122 39 frågan
644 923 56 20 om
719 913 111 30 medel
850 913 53 30 för
923 913 261 30 kurslitteratur
1204 912 65 30 och
1287 912 122 40 dylikt.
1427 930 43 3 —
1489 912 73 29 Vad
1581 911 11 29 i
1610 911 94 30 vissa
1722 920 51 20 re-

271 964 274 40 missyttranden
566 964 135 30 anförts
722 964 147 29 rörande
889 964 234 38 ersättningar
1143 963 51 30 till
1216 962 391 39 trädgårdsföretagare,
1628 961 63 30 hos
1711 961 62 29 vil-

272 1015 45 30 ka
336 1015 244 39 praktikanter
599 1015 138 29 arbetar
759 1014 73 29 före
852 1014 136 29 inträde
1009 1014 10 29 i
1040 1014 134 33 kurser,
1196 1013 69 29 kan
1286 1013 59 39 jag
1365 1013 71 29 inte
1457 1012 146 29 biträda.

316 1092 12 28 I
350 1090 99 39 fråga
470 1100 55 19 om
547 1090 190 29 kursernas
757 1089 222 40 förläggning
999 1089 62 30 bör
1082 1089 99 39 gälla,
1204 1090 49 28 att
1275 1087 284 42 grundläggande
1580 1087 193 39 yrkeskurs

273 1141 88 29 skall
387 1141 175 29 anordnas
586 1140 57 30 vid
669 1141 41 29 de
736 1140 126 34 skolor,
889 1140 62 29 där
976 1139 359 38 förmansutbildning
1361 1138 89 34 sker,
1477 1139 90 28 samt
1592 1137 10 29 i
1628 1137 66 29 den
1720 1139 53 27 ut-

273 1191 203 39 sträckning
497 1191 37 30 så
554 1191 69 30 kan
645 1191 177 29 erfordras
843 1190 57 29 vid
922 1190 218 29 lantbrukets
1162 1189 235 40 yrkesskolor.
1418 1188 237 38 Utredningen
1678 1187 64 30 har
1762 1187 11 29 i

272 1242 110 29 första
405 1242 94 30 hand
521 1241 126 30 räknat
671 1241 78 29 med
772 1240 437 40 trädgårdsundervisning
1232 1239 86 29 blott
1340 1238 57 30 vid
1420 1238 57 30 två
1501 1238 132 29 sådana
1655 1237 119 40 yrkes-

273 1292 126 33 skolor,
419 1292 175 39 nämligen
612 1292 41 30 de
672 1293 10 28 i
702 1291 177 30 Önnestad
898 1292 65 29 och
981 1290 117 30 Umeå.
1117 1290 107 29 Minst
1245 1289 60 30 150
1324 1289 112 29 elever
1454 1288 62 30 bör
1534 1288 132 39 årligen
1685 1288 89 28 kun-

272 1352 44 20 na
336 1342 176 30 meddelas
532 1341 324 41 grundutbildning.

317 1394 47 30 På
383 1393 114 39 grund
517 1402 41 20 av
576 1391 423 39 förmansutbildningens
1018 1400 95 20 mera
1133 1389 248 31 kvalificerade
1401 1389 167 29 karaktär
1588 1390 64 29 och
1671 1388 104 29 beho-

272 1446 55 27 vet
348 1453 40 20 av
410 1443 172 30 särskilda
602 1442 237 38 anordningar
858 1442 52 29 till
931 1441 89 40 följd
1041 1442 108 28 härav
1168 1441 63 29 bör
1251 1440 109 30 sådan
1380 1439 198 40 utbildning
1599 1438 176 39 förläggas

273 1494 121 29 endast
418 1494 51 29 till
493 1493 160 40 speciella
675 1492 315 39 trädgårdsskolor.
1013 1492 115 38 Enligt
1151 1491 250 38 utredningens
1424 1489 242 30 bedömanden
1689 1497 87 31 upp-

274 1545 59 39 går
356 1543 365 40 utbildningsbehovet
744 1542 220 30 beträffande
989 1542 137 29 förmän
1150 1541 52 30 till
1226 1541 97 29 cirka
1345 1540 41 29 80
1409 1549 62 30 per
1494 1539 47 30 år.
1566 1540 67 28 För
1655 1541 51 27 att
1731 1538 45 29 nå

273 1595 99 29 bästa
394 1594 145 39 möjliga
561 1593 210 30 effektivitet
793 1593 10 29 i
827 1592 242 40 utbildningen
1091 1592 64 30 och
1180 1591 136 30 ändock
1338 1591 94 29 hålla
1454 1589 238 30 kostnaderna
1714 1598 61 30 per

274 1646 64 39 dag
358 1645 64 29 och
442 1645 74 29 elev
535 1646 89 28 samt
644 1643 300 39 investeringarna
964 1643 44 39 på
1028 1642 114 39 rimlig
1162 1641 91 34 nivå,
1274 1642 37 29 är
1332 1641 56 29 det
1409 1640 178 39 angeläget
1609 1641 48 28 att
1679 1641 97 27 anta-

273 1696 46 29 let
339 1696 112 29 elever
471 1695 57 29 vid
548 1695 96 39 varje
667 1694 98 30 skola
786 1694 65 29 blir
872 1692 273 31 förhållandevis
1166 1692 93 39 högt.
1282 1691 256 31 Statskontoret
1560 1690 64 29 har
1645 1689 56 30 för
1721 1689 54 30 sin

274 1746 53 30 del
347 1746 157 29 förordat
522 1755 41 20 en
582 1744 267 30 koncentration
869 1753 42 20 av
929 1743 241 39 utbildningen
1191 1742 51 30 till
1261 1742 123 29 endast
1403 1751 42 19 en
1466 1741 107 30 skola.
1593 1740 78 29 Med
1690 1740 86 29 hän-

274 1806 63 30 syn
356 1796 51 30 till
426 1795 374 40 trädgårdsnäringens
819 1794 197 39 fördelning
1034 1794 94 29 inom
1148 1792 117 29 landet
1284 1792 63 29 och
1366 1790 338 40 elevrekryteringen
1723 1789 52 29 till

275 1847 93 30 såväl
391 1847 113 29 odlar-
528 1855 72 21 som
625 1845 252 39 anläggarlinje
900 1844 63 29 bör
985 1844 55 29 det
1064 1843 106 39 enligt
1194 1842 73 30 min
1290 1841 140 39 mening
1454 1841 104 29 likväl
1584 1840 118 29 finnas
1726 1839 50 30 åt-

274 1897 175 29 minstone
473 1898 57 29 två
554 1896 116 30 skolor
693 1895 79 29 med
797 1893 358 39 förmansutbildning
1180 1893 55 29 för
1258 1894 47 28 ett
1330 1891 155 40 fyrtiotal
1510 1891 110 30 elever
1644 1891 10 29 i
1677 1890 98 39 varje

276 1947 95 29 kurs.
389 1948 75 28 Den
483 1956 65 20 ena
565 1956 41 20 av
623 1946 103 29 dessa
744 1945 62 30 bör
823 1954 83 20 vara
925 1944 66 30 den
1010 1944 106 29 redan
1136 1942 182 39 befintliga
1336 1941 310 39 trädgårdsskolan
1665 1940 10 29 i
1695 1940 82 28 Aln-

278 2006 70 30 arp.
371 1998 49 29 De
444 2005 156 21 resurser
620 1997 11 29 i
653 1996 92 30 form
768 2005 41 20 av
830 1994 247 31 kvalificerade
1100 1994 122 33 lärare,
1246 1991 413 39 undervisningslokaler,
1684 1990 93 30 träd-

274 2047 356 41 gårdsanläggningar
653 2048 65 29 och
741 2045 236 30 elevbostäder
1002 2054 72 21 som
1099 2044 96 30 finns
1218 2044 10 29 i
1253 2044 130 38 Alnarp
1406 2043 62 29 bör
1491 2042 173 39 därjämte
1688 2043 53 27 tas
1765 2041 10 29 i

277 2098 153 38 anspräk
450 2098 54 30 för
522 2098 66 29 den
606 2096 199 39 föreslagna
823 2094 480 40 trädgårdsteknikerkursen
1321 2093 79 30 med
1419 2095 48 28 ett
1485 2092 170 30 beräknat
1674 2091 103 39 årligt

274 2149 170 30 elevantal
464 2158 41 19 av
524 2147 50 30 20.

318 2199 238 39 Utredningen
580 2198 64 29 har
669 2197 168 33 förordat,
863 2199 49 27 att
938 2196 65 29 den
1029 2196 110 29 andra
1164 2195 123 29 skolan
1311 2195 79 29 med
1416 2192 359 39 förmansutbildning

274 2249 88 31 skall
384 2249 156 39 placeras
561 2249 10 29 i
592 2247 231 40 Norrköping.
845 2247 131 29 Härvid
998 2246 63 30 har
1083 2245 230 39 utredningen
1336 2244 151 33 beaktat,
1510 2245 48 28 att
1580 2243 66 29 den
1668 2251 109 21 nuva-

273 2300 107 30 rande
400 2299 124 30 skolan
542 2299 56 29 vid
618 2297 363 40 Experimentalfältet
999 2297 11 29 i
1030 2296 200 31 Stockholm
1251 2295 109 29 måste
1380 2294 183 30 avvecklas
1582 2295 117 27 senast
1718 2292 57 30 vid

274 2350 174 40 utgången
472 2359 41 20 av
537 2349 81 30 1963
641 2348 45 40 på
708 2348 113 39 grund
844 2357 41 20 av
907 2346 244 40 utbyggnaden
1175 2355 42 20 av
1241 2345 219 30 Stockholms
1483 2343 214 30 universitet.
1722 2343 54 29 In-

274 2410 70 21 nan
369 2399 231 40 utredningen
625 2400 142 29 stannat
793 2398 53 30 för
871 2397 166 39 förslaget
1062 2405 55 21 om
1143 2395 220 39 förläggning
1389 2395 51 29 till
1465 2393 222 39 Norrköping
1711 2393 65 29 har

272 2451 68 34 den
359 2452 123 38 prövat
503 2452 47 28 ett
570 2450 116 30 flertal
706 2449 94 30 olika
820 2448 194 30 alternativ.
1034 2447 110 29 Dessa
1163 2447 65 29 har
1249 2445 161 39 samtliga
1429 2444 158 30 bedömts
1609 2443 165 39 antingen
