1868 2794
96 171 49 30 Nr
171 172 182 30 144—145.
518 172 286 30 Statsutskottets
825 172 180 30 utlåtande
1024 181 44 20 nr
1089 173 72 29 144.
1573 172 14 29 1

745 437 64 40 Nr
843 437 95 40 144.

297 546 184 31 Utlåtande
508 547 11 29 i
543 547 189 40 anledning
757 557 42 20 av
823 547 127 39 Kungl.
976 546 125 40 Maj:ts
1126 546 257 40 propositioner
1409 546 179 39 angående

493 609 122 40 anslag
633 609 58 39 för
712 609 203 40 budgetåret
940 609 142 37 1951/52
1105 609 52 30 till
1179 609 120 39 bidrag
1321 608 53 30 till
1393 608 132 39 driften
1545 617 43 21 av

493 671 169 31 anstalter
684 672 57 39 för
764 672 253 40 psykopatiska
1042 672 64 29 och
1131 671 147 30 nervösa
1302 672 96 29 barn.

1350 733 73 34 (3:e
1446 733 93 34 avd.)

141 841 13 29 I
175 841 263 40 propositionen
462 851 42 20 nr
529 842 14 29 1
568 842 64 29 har
657 842 126 38 Kungl.
805 841 105 39 Maj:t
933 841 112 30 under
1068 841 82 30 elfte
1173 840 233 35 huvudtiteln,
1429 840 160 40 punkten

97 894 52 35 50,
172 894 180 40 föreslagit
372 895 190 39 riksdagen
583 897 61 32 att,
666 896 12 29 i
699 895 149 29 avbidan
869 895 46 40 på
937 894 152 30 särskild
1110 894 218 40 proposition
1349 894 12 30 i
1384 895 128 33 ämnet,
1536 893 52 30 till

96 948 126 40 Bidrag
243 949 52 29 till
315 948 131 30 driften
466 958 44 20 av
528 948 170 30 anstalter
717 948 55 30 för
794 948 253 40 psykopatiska
1067 948 64 30 och
1153 948 146 29 nervösa
1319 948 87 29 barn
1426 947 56 30 för
1502 947 86 29 bud-

95 1001 131 39 getåret
253 1001 139 37 1951/52
415 1002 157 29 beräkna
594 1004 49 27 ett
666 1001 274 40 förslagsanslag
963 1011 43 20 av
1029 1001 62 30 252
1106 1001 63 30 000
1192 1002 140 28 kronor.

139 1055 162 30 Därefter
325 1055 63 29 har
413 1055 127 39 Kungl.
564 1055 106 39 Maj:t
694 1055 11 30 i
730 1055 264 39 propositionen
1019 1064 42 20 nr
1088 1055 51 33 22,
1164 1054 112 30 under
1300 1054 219 39 åberopande
1545 1062 42 21 av

99 1109 107 39 bilagt
223 1109 125 39 utdrag
365 1118 41 20 av
425 1108 386 39 statsrådsprotokollet
829 1109 80 29 över
926 1108 289 30 inrikesärenden
1233 1108 54 30 för
1304 1108 68 29 den
1392 1108 39 29 12
1449 1107 142 40 januari

102 1162 93 34 1951,
217 1161 178 40 föreslagit
415 1162 188 39 riksdagen
623 1164 52 27 att
694 1162 53 29 till
766 1162 126 39 Bidrag
914 1162 54 29 till
988 1161 131 30 driften
1140 1171 42 20 av
1202 1161 168 30 anstalter
1389 1161 56 30 för
1465 1161 126 39 psyko-

96 1216 139 39 patiska
261 1216 65 29 och
351 1216 148 29 nervösa
524 1216 87 29 barn
637 1215 113 30 under
775 1215 81 30 elfte
881 1215 224 30 huvudtiteln
1132 1215 56 30 för
1214 1214 204 40 budgetåret
1447 1214 140 37 1951/52

95 1269 121 30 anvisa
240 1271 49 28 ett
314 1268 272 40 förslagsanslag
610 1278 42 20 av
678 1269 63 30 252
756 1269 62 30 000
844 1268 142 30 kronor.

141 1322 202 30 Sedermera
365 1323 65 29 har
455 1322 126 39 Kungl.
608 1322 106 39 Maj:t
739 1323 11 29 i
775 1321 264 40 propositionen
1064 1331 42 20 nr
1134 1322 72 34 133,
1233 1322 110 29 under
1367 1321 220 40 åberopande

97 1385 42 21 av
153 1376 108 39 bilagt
277 1376 124 39 utdrag
417 1385 43 20 av
476 1375 384 40 statsrådsprotokollet
877 1377 82 28 över
976 1376 289 29 inrikesärenden
1281 1375 54 30 för
1352 1375 68 30 den
1439 1375 39 29 16
1494 1383 94 21 mars

100 1429 93 34 1951,
218 1429 179 39 föreslagit
420 1428 188 40 riksdagen
632 1431 51 27 att
706 1446 45 3 —
774 1429 79 29 med
876 1428 150 39 ändring
1051 1438 42 20 av
1115 1429 67 29 vad
1207 1428 214 29 därutinnan
1446 1428 144 30 föresla-

99 1482 66 39 gits
185 1483 10 29 i
214 1482 264 40 propositionen
499 1492 42 19 nr
562 1482 40 30 22
622 1500 45 2 —
689 1482 52 29 till
763 1482 126 39 Bidrag
909 1482 54 29 till
984 1481 131 30 driften
1136 1491 43 20 av
1199 1481 167 30 anstalter
1388 1481 55 30 för
1464 1481 127 40 psyko-

98 1536 139 39 patiska
262 1536 64 30 och
352 1536 147 29 nervösa
525 1536 86 29 barn
639 1535 55 30 för
720 1535 205 39 budgetåret
953 1535 140 37 1951/52
1120 1535 112 29 under
1258 1535 81 29 elfte
1366 1534 223 30 huvudtiteln

98 1589 121 30 anvisa
240 1592 49 27 ett
311 1588 272 40 förslagsanslag
605 1598 42 20 av
670 1588 63 30 300
748 1588 62 30 000
833 1589 142 29 kronor.

142 1696 166 39 Anslaget
332 1697 38 29 är
392 1696 11 29 i
425 1696 191 29 riksstaten
643 1695 54 30 för
721 1695 237 30 innevarande
982 1695 169 39 budgetår
1175 1695 144 40 uppfört
1343 1695 80 30 med
1450 1695 62 30 240
1527 1694 62 30 000

98 1749 141 30 kronor.

143 1802 215 40 Statsbidrag
385 1802 109 39 enligt
521 1802 172 29 särskilda
719 1811 43 21 av
789 1802 82 30 1948
897 1802 58 30 års
980 1802 142 39 riksdag
1147 1802 185 39 godkända
1358 1801 154 40 grunder
1538 1803 53 27 ut-

99 1856 60 39 går
177 1856 53 30 till
250 1856 77 39 fyra
346 1856 159 30 enskilda
526 1855 256 39 psykopathem
802 1855 54 30 för
873 1856 99 33 barn,
993 1855 176 39 nämligen
1189 1855 184 39 Mellansjö
1393 1855 65 30 och
1480 1855 111 39 Råby-

100 1909 104 30 lunds
231 1909 158 30 skolhem
415 1911 91 27 samt
533 1909 151 30 Skärsbo
711 1909 65 29 och
801 1908 283 39 Frölundaborgs
1109 1908 180 29 barnhem.
1316 1908 100 29 Avtal
1443 1908 148 30 rörande

100 1963 40 29 de
164 1963 162 29 närmare
348 1962 173 29 villkoren
546 1962 55 29 för
625 1962 246 38 statsbidraget
895 1962 45 29 ha
965 1961 142 30 träffats
1131 1961 129 30 mellan
1282 1961 310 39 medicinalstyrel-

101 2025 60 20 sen
180 2016 65 29 och
267 2015 276 29 huvudmännen
564 2015 54 30 för
639 2016 174 28 hemmen.
835 2015 11 29 I
868 2015 113 39 övrigt
1002 2015 107 39 gäller
1128 2015 234 38 kungörelsen
1383 2015 68 29 den
1473 2014 19 30 4
1513 2014 78 40 juni

103 2069 80 30 1937
212 2069 177 39 angående
418 2068 211 39 statsbidrag
656 2068 51 30 till
737 2068 130 30 driften
895 2077 43 20 av
965 2068 168 29 anstalter
1162 2068 55 29 för
1246 2068 253 39 psykopatiska
1527 2067 65 30 och

99 2123 146 29 nervösa
272 2123 96 28 barn.

142 2175 267 39 Propositionen
434 2185 43 19 nr
499 2175 52 29 22.
577 2175 112 29 Sedan
713 2174 277 30 huvudmannen
1014 2174 55 29 för
1092 2174 202 39 Råbylunds
1320 2174 160 29 skolhem
1507 2183 85 30 upp-

101 2231 74 36 sagt
196 2228 127 30 avtalet
343 2228 42 29 fr.
406 2237 30 20 o.
458 2237 45 20 m.
523 2227 66 30 den
613 2228 13 28 1
648 2227 143 39 januari
814 2227 79 29 1951
916 2227 80 29 med
1016 2227 155 39 yrkande
1193 2237 57 19 om
1271 2227 77 38 höjt
1369 2227 221 38 statsbidrag,

100 2281 64 29 har
196 2281 128 29 mellan
355 2280 360 38 medicinalstyrelsen
745 2280 64 29 och
840 2280 277 29 huvudmannen
1148 2279 131 39 förslag
1309 2280 52 28 till
1391 2281 78 37 nytt
1500 2279 90 30 avtal

101 2334 209 39 upprättats,
331 2333 248 33 innebärande,
601 2333 44 28 bl.
668 2342 41 24 a.,
731 2335 50 27 att
803 2332 246 39 statsbidraget
1071 2332 177 39 upptagits
1270 2333 49 28 till
1346 2332 95 30 1400
1462 2333 129 28 kronor

100 2396 61 30 per
181 2386 188 39 vårdplats.
392 2385 395 39 Departementschefen
809 2385 63 29 har
893 2385 173 30 förklarat
1088 2385 50 39 sig
1158 2385 31 38 ej
1214 2385 43 29 ha
1280 2385 104 39 något
1406 2387 51 27 att
1477 2386 115 29 erinra

101 2443 71 27 mot
192 2442 51 27 att
265 2439 78 30 med
360 2439 277 29 huvudmannen
658 2438 55 29 för
733 2438 232 30 skolhemmet
987 2438 107 30 slutes
1114 2440 48 28 ett
1182 2438 102 34 avtal,
1306 2447 75 21 som
1401 2438 191 30 tillförsäk-

101 2503 56 19 rar
178 2492 232 30 skolhemmet
429 2494 49 27 ett
499 2491 215 39 platsbidrag
735 2501 41 20 av
799 2491 93 30 1400
912 2492 142 29 kronor.
1075 2491 64 30 Det
1161 2500 68 31 nya
1250 2491 126 30 avtalet
1397 2491 64 30 har
1482 2491 110 30 förut-

104 2557 11 28 1
136 2548 30 48 -—
168 2555 156 37 Bihang
344 2554 51 29 till
414 2553 206 39 riksdagens
641 2553 175 39 protokoll
837 2554 93 28 1951.
950 2554 20 28 6
989 2552 99 30 saml.
1108 2553 48 29 Nr
1178 2553 181 29 144-—-145.
