1866 2794
439 155 297 34 Statsutskottets
752 154 186 34 utlåtande
955 166 43 21 nr
1015 155 66 32 122
1098 153 40 33 år
1155 155 89 31 1955
1549 154 41 30 45

99 236 189 33 hållanden
311 235 70 34 kan
406 235 173 33 motivera
601 238 54 30 ett
677 234 193 42 undantag.
893 233 190 34 Utskottet
1107 232 156 34 ansluter
1286 232 50 43 sig
1358 232 54 34 till
1438 231 68 34 vad
1531 231 56 33 de-

99 287 343 45 partementschefen
464 288 148 33 sålunda
632 287 169 34 förordat.

146 342 190 34 Utskottet
360 341 66 34 har
451 340 118 35 vidare
594 340 118 34 funnit
737 340 50 43 sig
811 340 87 33 böra
923 338 140 35 biträda
1089 337 404 43 departementschefens
1518 348 70 22 me-

99 395 95 43 ning,
212 399 56 30 att
285 395 112 33 under
413 393 288 44 provisorietiden
717 394 115 42 någon
850 392 150 43 ändring
1016 392 75 34 icke
1108 392 64 33 bör
1189 391 161 42 vidtagas
1368 390 221 35 beträffande

100 448 434 42 benämningarna
560 448 47 42 på
636 447 42 34 de
707 446 93 35 olika
830 446 232 34 skolledarna.
1091 444 190 35 Utskottet
1309 444 61 34 vill
1399 443 190 34 emellertid

100 501 188 35 framhålla
306 500 295 44 angelägenheten
620 513 45 21 av
683 504 55 30 att
755 500 60 34 vid
832 500 69 33 den
919 498 183 35 definitiva
1120 497 209 43 regleringen
1349 509 46 22 av
1413 496 176 35 hithöran-

103 556 44 33 de
165 554 114 43 frågor
296 555 212 33 titulaturen
527 553 54 34 för
599 554 101 34 dessa
717 549 348 46 befattningshavare
1084 550 65 35 blir
1167 551 38 34 så
1223 550 100 34 enkel
1342 550 64 34 och
1422 550 78 34 klar
1516 562 75 22 som

101 607 151 44 möjligt.

149 664 84 34 Mot
255 664 228 42 bakgrunden
507 675 45 22 av
575 662 320 43 frågeställningen,
919 661 175 35 huruvida
1117 662 103 34 lönen
1243 661 60 35 vid
1327 674 44 21 en
1395 661 197 42 befattning

101 720 91 34 skall
213 723 153 39 avvägas
387 719 226 34 uteslutande
635 719 79 34 med
735 718 136 43 hänsyn
891 719 54 34 till
967 717 359 43 arbetsuppgifternas
1347 717 244 34 beskaffenhet

101 777 84 33 eller
203 789 57 21 om
280 777 68 33 den
368 775 174 43 därjämte
562 775 87 34 skall
670 774 256 35 differentieras
945 774 153 34 alltefter
1116 773 388 43 befattningshavarens
1523 773 68 34 for-

103 833 104 34 mella
229 833 220 42 kompetens,
473 835 38 31 är
535 832 60 34 det
618 831 140 35 förenat
780 832 82 33 med
886 830 203 43 betydande
1114 829 213 44 svårigheter
1351 834 55 30 att
1430 829 162 34 tillfreds-

102 889 175 34 ställande
297 889 75 34 lösa
391 888 206 43 spörsmålet
617 901 58 21 om
707 886 538 42 avlöningsförmåner
1274 887 38 33 åt
1332 885 260 35 distriktsöver-

104 943 123 39 lärare,
252 954 76 22 som
353 945 39 30 är
415 941 139 44 behörig
579 941 53 34 till
657 941 173 34 ordinarie
855 940 207 42 lärartjänst
1085 940 11 34 i
1121 939 311 43 kunskapsämnen
1455 939 47 42 på
1525 938 67 34 för-

103 995 226 34 söksskolans
348 994 224 43 högstadium
592 994 82 34 eller
692 995 10 33 i
723 994 202 34 läroämnen
943 994 48 42 på
1008 992 154 43 inbyggd
1182 991 243 43 realskollinje.
1445 991 147 35 Utskot-

103 1053 56 29 tet
183 1048 194 43 tillstyrker
401 1046 402 44 departementschefens
828 1046 141 43 förslag,
994 1050 56 30 att
1073 1045 156 34 nämnda
1252 1044 256 34 löneförmåner
1531 1056 62 21 un-

104 1102 63 34 der
189 1101 291 43 provisorietiden
504 1100 87 34 skall
614 1100 193 34 fastställas
832 1112 46 21 av
901 1099 131 42 Kungl.
1055 1098 114 43 Maj:t
1191 1098 89 34 efter
1303 1097 258 43 framställning
1583 1097 11 33 i

106 1154 98 43 varje
225 1154 141 34 särskilt
386 1154 73 34 fall.
478 1153 230 34 Beträffande
728 1153 199 42 grunderna
946 1152 55 34 för
1022 1153 115 33 denna
1156 1151 175 43 prövning
1349 1151 66 33 har
1435 1151 158 42 departe-

105 1207 241 35 mentschefen
370 1207 182 40 förutsatt,
577 1212 55 29 att
655 1206 303 35 löneförmånerna
981 1205 75 34 icke
1082 1204 87 35 skall
1193 1204 215 34 bestämmas
1433 1208 55 30 att
1510 1203 85 43 utgå

105 1261 91 34 efter
219 1260 246 43 förmånligare
488 1260 151 43 grunder
663 1263 44 31 än
731 1272 76 22 som
831 1259 111 34 skulle
965 1259 48 33 ha
1035 1259 86 42 gällt
1143 1258 118 33 därest
1284 1258 137 33 läraren
1444 1257 150 43 inplace-

104 1319 77 29 rats
200 1315 11 33 i
232 1315 67 33 den
318 1313 56 34 för
394 1313 259 34 vederbörande
675 1311 454 42 distriktsöverlärartjänst
1149 1311 205 42 tillämpliga
1375 1310 220 42 lönegraden,

106 1367 126 34 såvida
254 1367 75 34 icke
354 1367 135 34 läraren
513 1366 200 42 därigenom
736 1365 110 35 skulle
871 1365 144 34 komma
1039 1368 56 30 att
1118 1363 72 35 lida
1213 1363 289 43 löneminskning.
1525 1363 70 33 En-

107 1421 63 43 ligt
187 1419 402 45 departementschefens
606 1419 139 42 mening
760 1419 63 33 bör
839 1418 121 34 vidare
977 1417 303 34 löneförmånerna
1296 1416 11 33 i
1325 1417 91 33 intet
1433 1416 60 34 fall
1510 1415 85 34 fast-

107 1474 122 34 ställas
251 1474 53 33 till
327 1472 105 43 högre
453 1473 127 42 belopp
603 1475 45 31 än
671 1484 75 21 som
767 1476 200 29 motsvarar
988 1471 104 33 lönen
1115 1470 11 34 i
1149 1470 68 34 den
1239 1469 127 43 högsta
1387 1469 208 43 lönegraden

107 1527 56 34 för
181 1525 501 42 distriktsöverlärartjänster,
703 1524 52 35 Cb
770 1529 18 29 6
812 1523 188 44 (löneklass
1019 1523 72 42 32).

154 1580 19 33 I
194 1579 221 34 motionerna
435 1578 29 34 I:
478 1581 66 31 433
566 1578 65 34 och
652 1578 50 33 II:
717 1581 65 30 546
804 1581 94 29 samt
918 1577 51 33 II:
984 1579 65 31 547
1071 1576 63 33 har
1154 1576 47 42 på
1222 1576 115 34 denra
1356 1575 118 43 punkt
1492 1574 104 34 fram-

107 1633 118 34 ställts
248 1632 184 43 yrkanden
456 1632 11 33 i
491 1631 92 43 syfte
608 1635 56 29 att
686 1630 269 43 ifrågavarande
980 1628 256 34 löneförmåner
1259 1628 88 34 skall
1371 1630 152 40 avvägas
1548 1628 49 38 så,

108 1691 58 29 att
182 1685 353 43 tjänstinnehavarna
550 1685 71 33 kan
639 1684 199 42 rekryteras
854 1687 89 30 även
958 1683 108 34 bland
1083 1681 192 43 adjunkter
1290 1683 11 33 i
1318 1685 43 31 29
1378 1680 219 43 lönegraden.

155 1739 190 34 Utskottet
363 1759 46 4 —
428 1750 75 22 som
521 1738 60 33 vill
600 1737 185 34 framhålla
805 1741 56 29 att
880 1736 112 34 under
1010 1736 44 34 de
1072 1738 179 31 närmaste
1272 1735 83 33 åren
1375 1747 72 30 nya
1465 1733 132 34 förord-

109 1793 141 33 nanden
276 1804 45 21 av
347 1791 357 34 distriktsöverlärare
729 1790 100 34 torde
855 1790 145 33 komma
1025 1792 55 30 att
1105 1788 48 33 bli
1178 1788 156 33 aktuella
1359 1788 126 33 endast
1509 1788 11 33 i
1545 1790 54 30 ett

110 1846 134 34 mindre
266 1845 98 33 antal
385 1844 62 33 fall
467 1864 45 5 —
533 1855 100 23 anser
655 1843 54 34 för
729 1843 51 33 sin
801 1843 67 39 del,
890 1847 56 29 att
967 1842 111 33 under
1098 1841 292 43 provisorietiden
1411 1841 43 33 de
1475 1852 45 22 av
1541 1840 57 33 de-

108 1897 341 44 partementschefen
475 1896 186 34 förordade
687 1896 198 42 grunderna
911 1895 54 33 för
992 1894 241 43 avvägningen
1261 1905 45 22 av
1333 1893 266 42 ifrågavarande

110 1950 256 35 löneförmåner
381 1951 63 33 bör
460 1950 177 42 tillämpas
654 1962 75 21 som
745 1948 224 42 huvudregel.
986 1947 120 42 Enligt
1122 1947 195 33 utskottels
1333 1946 141 43 mening
1489 1946 110 33 skulle

110 2004 194 34 emellertid
332 2015 44 22 en
404 2003 252 42 undantagslös
683 2001 222 43 tillämpning
933 2013 44 21 av
1006 2000 156 34 nämnda
1190 2000 150 42 grunder
1368 1999 112 34 under
1507 1999 93 33 vissa

111 2057 295 42 förutsättningar
429 2056 122 34 kunna
574 2056 78 33 leda
676 2055 53 34 till
753 2059 53 29 ett
830 2054 79 34 från
933 2052 458 44 rekryteringssynpunkter
1414 2052 72 34 helt
1509 2051 90 34 otill-

111 2110 271 34 fredsställande
406 2108 158 34 resultat.
590 2108 88 34 Med
703 2108 136 42 hänsyn
864 2107 117 34 härtill
1007 2106 62 34 har
1094 2105 179 34 utskottet
1298 2105 119 34 funnit
1443 2105 49 43 sig
1516 2105 85 33 böra

112 2163 153 39 förorda,
285 2167 55 29 att
360 2162 61 34 vid
441 2162 170 33 särskilda
628 2161 243 33 förhållanden
891 2163 91 30 även
1001 2160 10 33 i
1031 2159 110 33 andra
1159 2158 61 34 fall
1240 2162 45 30 än
1304 2159 47 33 då
1369 2158 99 42 fråga
1487 2160 38 30 är
1543 2169 58 21 om

112 2216 176 33 täckande
309 2227 45 21 av
375 2214 279 42 löneminskning
674 2217 121 38 avsteg
816 2213 89 33 skall
925 2212 123 33 kunna
1068 2215 101 38 göras
1190 2210 78 34 från
1289 2211 67 33 den
1378 2223 45 21 av
1443 2210 158 42 departe-

112 2267 240 35 mentschefen
376 2267 186 33 förordade
588 2265 264 42 anknytningen
878 2277 44 21 av
948 2263 421 42 avlöningsförmånernas
1395 2262 129 33 storlek
1549 2262 52 33 till

113 2322 44 33 de
182 2321 137 42 belopp,
346 2332 75 21 som
449 2324 197 29 motsvarar
672 2319 102 32 lönen
802 2318 11 33 i
840 2318 43 33 de
910 2317 55 33 för
991 2314 537 42 distriktsöverlärartjänsterna
1554 2326 47 21 nu

112 2374 159 43 gällande
295 2372 261 43 lönegraderna.

159 2425 232 35 Beträffande
420 2424 280 42 förstärkningen
730 2435 44 22 av
803 2423 68 33 den
901 2421 235 44 pedagogiska
1164 2420 184 42 ledningen
1375 2421 11 33 i
1415 2418 187 35 försöksdi-

114 2479 149 34 strikten
289 2479 157 33 ansluter
470 2477 178 34 utskottet
672 2477 52 42 sig
745 2477 51 33 till
824 2473 404 44 departementschefens
1254 2473 138 43 förslag,
1418 2478 56 30 att
1508 2476 94 30 stu-
