2234 2612
243 1472 135 24 Utskottets

246 1506 127 31 yttrande.

434 188 39 29 14
928 187 255 33 Statsutskottets
1206 189 163 31 utlåtande
1391 189 54 31 Nr
1467 191 50 30 68.

434 273 141 46 ansåge
616 271 60 49 sig
717 272 270 37 statskontoret
1013 273 82 37 icke
1122 273 91 37 böra
1240 278 176 33 motsätta
1444 274 70 49 sig,
1544 280 54 31 att
1625 276 208 49 postmedel
1860 277 13 36 i
1901 279 126 48 någon

432 325 87 33 mån
556 328 107 44 toges
691 323 11 36 i
731 324 161 49 anspråk
921 325 58 36 för
1006 325 223 47 ändamålet,
1258 327 117 35 ehuru
1404 327 268 37 statskontoret
1699 327 62 36 väl
1788 328 144 50 insåge,
1962 334 65 42 att,

432 374 123 36 därest
583 375 242 37 förevarande
855 376 278 50 framställning
1160 391 124 23 vunne
1311 378 117 48 bifall,
1457 378 176 37 liknande
1653 379 173 50 anspråk,
1847 394 81 23 som
1947 381 81 38 icke

432 426 107 36 torde
566 426 126 37 kunna
720 427 160 49 avvisas,
910 428 148 38 komme
1088 435 54 31 att
1170 430 225 37 framställas
1424 430 60 37 för
1512 431 115 36 andra
1655 436 142 32 statens
1825 432 102 37 verk.
1970 433 57 36 Då

432 479 299 37 centralkassans
760 485 73 31 stat
862 481 58 35 för
948 483 39 34 år
1016 483 97 35 1922
1142 482 170 36 utvisade
1340 495 48 23 en
1416 482 94 37 brist
1537 496 47 23 av
1603 483 159 37 allenast
1783 484 72 36 700
1874 483 152 49 kronor,

432 535 130 44 syntes
590 530 172 50 bidraget
789 545 46 23 av
862 533 210 48 postmedel
1088 533 185 37 måhända
1291 534 129 37 kunna
1439 534 208 50 begränsas
1666 535 57 36 till
1745 537 110 47 1,000
1875 536 150 37 kronor.

535 582 423 49 Departementschefen
986 585 108 36 anför
1121 585 184 49 följande:

535 634 102 37 »Den
665 636 249 48 verksamhet,
944 649 80 24 som
1052 637 173 37 bedrives
1254 651 46 23 av
1319 638 280 37 centralkassan
1619 639 57 36 för
1694 640 332 48 postpersonalens

430 686 165 48 fackliga
636 687 70 36 och
747 687 246 38 ekonomiska
1021 690 395 49 sammanslutningar,
1455 695 51 42 är,
1535 690 133 37 liksom
1696 691 331 38 intressekontors-

430 738 241 37 verksamhet
702 739 12 36 i
742 740 215 48 allmänhet,
988 754 45 23 av
1062 741 117 37 sådan
1208 748 119 42 natur,
1357 747 54 31 att
1440 742 62 37 det
1528 742 301 50 huvudsakligen
1857 743 70 37 bör
1954 744 72 37 till-

430 790 151 36 komma
609 790 71 37 den
710 791 168 37 enskilde
906 798 57 31 att
991 793 211 49 ombesörja
1231 793 216 38 densamma
1475 794 70 37 och
1563 794 168 37 bestrida
1750 795 45 36 de
1810 795 214 48 kostnader,

430 855 81 23 som
539 843 127 36 kunna
694 856 87 23 vara
809 844 214 37 förbundna
1051 845 161 37 därmed.
1268 846 56 36 Då
1353 846 206 37 emellertid
1582 847 298 37 centralkassans
1901 847 125 37 arbete

430 894 83 36 icke
553 894 96 37 blott
682 900 41 31 är
749 895 55 36 till
832 909 104 36 gagn
965 897 57 36 för
1049 897 279 37 vederbörande
1356 899 175 48 personal
1558 904 92 31 utan
1673 900 144 48 jämväl
1845 904 92 45 äger
1963 899 62 37 be-

430 946 144 48 tydelse
590 946 58 37 för
667 947 61 36 det
748 948 199 49 allmänna,
965 949 152 36 särskilt
1132 949 218 50 därigenom
1365 956 54 31 att
1434 951 409 49 skatteinbetalningen
1857 951 167 50 främjas,

430 998 66 36 vill
537 998 63 36 det
641 1012 112 36 synas
781 1000 156 49 rimligt,
968 1007 53 30 att
1049 1007 123 31 staten
1201 1003 12 35 i
1240 1005 127 46 någon
1395 1005 87 34 mån
1510 1003 145 37 lämnar
1681 1003 137 37 kassan
1846 1004 66 36 sitt
1940 1004 86 37 eko-

429 1050 172 36 nomiska
644 1052 94 35 stöd.
793 1051 86 37 Med
921 1053 147 49 hänsyn
1109 1054 124 36 härtill
1269 1055 65 35 vill
1358 1055 72 48 jag
1459 1055 160 47 förorda,
1654 1060 54 31 att
1735 1061 53 31 ett
1816 1055 136 49 bidrag
1978 1070 47 22 av

429 1102 209 49 postmedel
675 1103 144 36 lämnas
858 1104 138 36 kassan
1024 1105 151 36 särskilt
1207 1106 59 35 för
1294 1110 54 31 att
1380 1111 100 31 sätta
1512 1107 218 36 densamma
1757 1107 12 36 i
1796 1107 146 37 tillfälle
1971 1113 54 31 att

430 1157 49 45 på
521 1159 124 43 antytt
672 1159 74 32 sätt
772 1155 130 36 vidare
930 1156 174 36 utveckla
1132 1156 58 37 sin
1219 1157 290 50 allmännyttiga
1536 1158 249 37 verksamhet.
1840 1159 185 50 Beloppet

430 1219 48 22 av
519 1205 100 37 detta
655 1206 134 49 bidrag
825 1220 113 36 synes
970 1208 205 49 lämpligen
1208 1209 129 36 kunna
1370 1210 228 37 bestämmas
1626 1211 57 36 till
1727 1212 109 46 1,800
1873 1212 149 36 kronor.

430 1257 53 36 På
511 1258 124 48 grund
664 1272 46 22 av
738 1258 73 37 vad
839 1259 204 49 riksdagen
1071 1263 40 33 år
1142 1263 97 34 1922
1268 1260 196 50 (skrivelse
1483 1276 45 22 nr
1547 1262 87 49 219)
1656 1263 124 36 anfört
1793 1263 231 37 beträffande

429 1309 197 49 ifrågasatt
667 1310 133 49 bidrag
841 1311 55 36 till
923 1312 214 36 inrättande
1164 1326 47 23 av
1239 1313 298 37 intressekontor
1564 1314 62 36 vid
1655 1320 140 32 statens
1818 1315 207 49 järnvägar

429 1374 111 24 anser
563 1362 81 48 jag,
673 1368 55 30 att
757 1363 261 49 föreliggande
1046 1364 109 48 fråga
1182 1364 69 37 bör
1275 1365 250 38 underställas
1549 1366 238 50 riksdagen.»

531 1465 194 37 Utskottet
761 1466 65 36 vill
863 1466 187 50 tillstyrka
1078 1472 67 43 att,
1174 1470 50 47 på
1252 1473 73 31 sätt
1353 1469 270 38 statskontoret
1652 1470 204 50 föreslagit,
1885 1471 138 50 ifråga-

427 1517 166 36 varande
621 1518 255 36 centralkassa
903 1519 160 49 beviljas
1092 1519 233 51 statsbidrag
1351 1521 58 36 till
1437 1521 137 50 belopp
1603 1536 47 22 av
1681 1523 110 46 1,000
1819 1522 149 38 kronor.

530 1569 194 37 Utskottet
754 1571 55 35 får
837 1570 107 37 alltså
974 1571 210 49 hemställa,

929 1662 54 31 att
1011 1657 204 50 riksdagen
1235 1661 59 33 må
1313 1658 189 50 medgiva,
1518 1664 54 31 att
1592 1659 56 37 till
1668 1660 278 38 centralkassan
1966 1661 57 37 för

825 1710 330 47 postpersonalens
1193 1710 164 48 fackliga
1391 1711 69 36 och
1489 1710 244 38 ekonomiska
1760 1713 262 37 sammanslut-

824 1761 139 48 ningar
990 1764 60 33 må
1078 1775 47 22 av
1151 1762 207 48 postmedel
1386 1762 186 37 utbetalas
1600 1768 52 32 ett
1679 1763 136 50 bidrag
1841 1779 48 23 av
1911 1766 110 46 1,000

824 1812 154 49 kronor,
1008 1819 53 30 att
1091 1813 191 37 användas
1310 1814 57 36 till
1395 1814 205 38 understöd
1630 1815 70 37 och
1727 1816 222 50 utveckling
1976 1831 46 23 av

824 1864 161 37 kassans
1012 1864 251 38 verksamhet.

530 1930 218 38 Stockholm
778 1932 70 37 den
880 1935 44 34 17
957 1934 93 49 april
1081 1936 110 35 1923.

941 2018 52 38 På
1021 2021 294 37 statsutskottets
1343 2025 161 45 vägnar:

965 2105 201 38 ANDERS
1196 2107 284 37 ANDERSON.

529 2208 254 30 Närvarande:
810 2210 38 28 Se
872 2211 102 28 under
997 2211 183 29 utlåtandet
1202 2221 38 19 nr
1263 2214 47 27 65.

900 2312 149 30 Stockholm,
1073 2313 28 21 K.
1121 2311 26 24 L.
1168 2313 132 23 Beckmans
1319 2313 94 30 Boktr.,
1438 2313 73 25 1923.
