2218 2642
441 239 45 32 60
879 238 258 32 Statsutskottets
1170 238 177 33 Utlåtande
1375 238 65 32 N:o
1469 241 26 29 6.

494 319 403 48 Marinförvaltningen
925 319 95 36 hade
1048 319 13 35 i
1088 319 191 36 utlåtande
1309 319 73 36 den
1411 321 44 34 21
1487 318 186 37 nästlidne
1697 318 202 37 december
1919 331 62 23 an-

395 371 85 47 fört,
510 376 54 31 att
593 370 407 50 marinförvaltningen
1028 373 141 46 ansåge
1197 370 215 37 beredande
1439 370 42 37 af
1504 370 249 48 likställighet
1780 370 12 36 i
1817 370 164 37 löneför-

389 426 129 33 måner
546 423 139 37 mellan
704 423 147 36 lärarne
871 423 62 36 vid
957 423 397 49 skeppsgosseskolan
1377 423 70 36 och
1465 422 339 37 folkskolelärarne
1823 422 12 36 i
1855 422 127 37 Karls-

389 475 118 36 krona
543 488 90 24 vara
670 475 31 49 ej
741 475 135 36 endast
921 488 48 23 en
1009 475 185 48 handling
1234 475 42 36 af
1313 474 173 48 billighet
1529 475 70 36 och
1640 474 158 37 rättvisa
1830 479 78 31 mot
1936 474 45 37 de

387 527 111 48 förra,
526 532 93 31 utan
647 527 112 36 äfven
787 540 47 24 en
863 527 220 48 nödvändig
1102 526 326 49 klokhetsåtgärd,
1457 531 92 32 enär
1576 525 112 49 eljest
1716 530 130 44 syntes
1866 525 116 37 blifva

388 579 163 47 osäkert,
595 579 182 36 huruvida
819 579 314 48 lärareplatserna
1165 579 62 36 vid
1266 578 395 50 skeppsgosseskolan
1694 577 63 37 vid
1786 577 194 37 blifvande

387 630 169 49 ledighet
592 630 125 37 kunde
754 631 268 45 återbesättas;
1065 631 72 36 och
1177 631 97 36 hade
1317 630 408 48 marinförvaltningen
1767 632 48 46 på
1856 629 124 49 grund

387 682 111 37 häraf
521 682 179 37 hemstält
729 695 60 23 om
819 682 184 37 aflåtande
1023 683 37 36 af
1080 683 236 49 proposition
1336 682 13 36 i
1368 687 127 32 ämnet
1513 682 56 37 till
1589 681 219 48 Riksdagen
1828 681 12 36 i
1860 681 118 49 enlig-

388 734 65 36 het
492 734 86 37 med
620 734 236 37 sökandenas
894 734 297 49 framställning;
1229 734 132 37 dervid
1407 733 405 49 marinförvaltningen
1859 733 123 36 tillika

387 786 143 47 uttalat,
560 792 56 30 att
645 786 112 37 femte
786 786 274 37 hufvudtitelns
1088 786 134 49 anslag
1249 786 59 36 till
1336 786 272 49 ålderstillägg,
1639 785 83 37 från
1742 785 144 36 hvilket
1915 798 64 23 an-

389 837 83 50 slag
507 838 45 36 de
590 852 51 22 nu
678 838 218 49 föreslagna
931 838 310 49 ålderstilläggen
1279 837 121 37 skulle
1427 841 101 46 utgå,
1559 840 175 46 ansåges,
1763 840 126 34 såsom
1916 850 64 24 va-

388 890 114 36 rande
530 890 313 49 förslagsanslag,
872 890 81 37 icke
982 890 163 37 behöfva
1173 890 103 47 ökas,
1298 890 126 36 derest
1442 890 259 49 nyssnämnda
1720 889 262 48 ålderstillägg

392 941 123 37 blefve
544 942 200 49 beviljade.

491 993 96 37 Lika
621 995 85 36 med
739 993 404 49 marinförvaltningen
1171 994 67 36 har
1258 993 420 50 departementschefen
1699 997 127 33 ansett
1845 993 136 37 sökan-

392 1045 115 37 denas
537 1046 115 37 ofvan
681 1046 158 37 anförda
868 1046 282 48 framställning
1177 1045 91 37 böra
1296 1045 160 37 bifallas.

493 1123 54 37 Af
584 1123 100 37 hvad
726 1123 160 37 sålunda
927 1122 243 38 förekommit
1207 1123 120 36 finner
1355 1122 187 37 utskottet
1571 1122 223 50 visserligen
1823 1122 158 49 framgå,

393 1180 55 32 att
488 1175 147 49 ökning
671 1175 41 36 af
740 1175 168 37 lärarnes
950 1174 63 37 vid
1054 1174 396 50 skeppsgosseskolan
1490 1174 279 37 löneförmåner
1796 1179 42 31 är
1866 1175 117 36 erfor-

391 1227 131 49 derlig,
565 1240 87 24 men
686 1227 66 37 har
793 1231 94 32 trott
927 1227 59 48 sig
1026 1226 113 47 finna,
1183 1231 54 31 att
1278 1229 41 33 så
1361 1231 78 32 stor
1479 1226 145 48 ökning
1664 1226 84 37 icke
1781 1226 109 37 torde
1919 1226 62 37 be-

392 1279 114 37 höfva
534 1279 224 49 medgifvas,
794 1292 83 23 som
905 1279 138 47 Kongl.
1073 1279 109 48 Maj:t
1210 1292 49 22 nu
1287 1278 12 36 i
1329 1278 394 37 öfverensstämmelse
1752 1278 88 37 med
1866 1278 115 37 lärar-

392 1344 67 24 nes
488 1331 129 37 derom
647 1331 136 49 gjorda
811 1330 283 49 framställning
1121 1330 210 49 föreslagit.
1386 1330 75 36 För
1489 1330 126 37 denna
1642 1330 246 50 uppfattning
1914 1330 68 37 har

392 1383 186 36 utskottet
618 1383 124 36 funnit
783 1383 88 36 stöd
910 1383 12 36 i
962 1382 75 37 den
1080 1382 345 48 omständigheten,
1455 1387 55 31 att
1538 1382 72 37 den
1640 1383 118 48 årliga
1786 1382 195 37 undervis-

393 1435 219 48 ningstiden
659 1435 63 36 vid
768 1434 392 50 skeppsgosseskolan
1205 1439 40 31 är
1290 1434 146 47 ganska
1482 1434 99 47 kort,
1623 1434 191 48 nemligen
1848 1434 134 37 endast

392 1486 175 49 omkring
609 1489 45 34 27
698 1486 154 47 veckor,
895 1486 10 36 i
946 1489 125 45 någon
1112 1489 87 33 mån
1241 1486 186 37 vexlande
1469 1485 55 37 till
1565 1485 93 50 följd
1696 1486 41 36 af
1768 1486 213 49 sjöexpedi-

393 1538 192 37 tionernas
627 1539 97 36 olika
766 1539 180 48 afgångs-
983 1538 70 36 och
1083 1538 327 45 hemkomsttider,
1440 1538 85 36 med
1555 1540 46 34 32
1631 1538 150 36 timmar
1808 1538 13 35 i
1849 1538 132 49 hvarje

392 1590 117 37 vecka
551 1591 70 36 och
664 1590 157 37 sålunda
862 1590 59 37 för
960 1589 84 37 hela
1079 1593 81 33 året
1188 1589 179 50 omkring
1395 1591 72 35 864
1495 1590 162 47 timmar,
1685 1590 122 36 under
1836 1590 64 36 det
1927 1594 55 32 att

393 1642 324 49 undervisningen
745 1642 63 36 vid
837 1641 515 48 amiralitetsförsamlingens
1380 1642 11 35 i
1417 1641 235 37 Karlskrona
1676 1641 199 48 folkskola,
1896 1641 85 37 med

394 1694 111 36 hvars
534 1694 121 37 lärare
685 1695 44 36 de
758 1708 51 22 nu
838 1694 290 49 ifrågavarande
1156 1694 148 36 lärarne
1324 1693 157 48 jemfört
1500 1693 72 49 sig,
1594 1694 146 47 fortgår
1758 1694 122 36 under
1899 1694 82 37 icke

394 1746 145 36 mindre
569 1751 48 31 än
647 1749 44 33 37
722 1746 141 36 veckor
890 1745 146 49 årligen
1064 1745 87 37 med
1180 1747 47 34 30
1256 1746 151 35 timmar
1433 1745 12 35 1
1472 1746 159 46 veckan,
1659 1745 148 37 hvilket
1835 1751 70 43 gör
1924 1746 58 36 för

393 1797 85 37 hela
519 1801 81 33 året
641 1811 48 23 en
728 1797 353 49 undervisningstid
1114 1797 40 36 af
1183 1799 109 44 1,110
1322 1797 158 37 timmar.
1537 1797 194 37 Utskottet
1758 1797 69 36 har
1856 1797 127 37 derför

394 1850 123 36 funnit
559 1850 61 49 sig
660 1850 91 36 böra
784 1849 192 49 tillstyrka
1004 1862 47 23 en
1078 1849 224 48 förhöjning
1329 1849 12 36 i
1369 1849 350 49 begynnelselönen
1747 1850 61 35 för
1836 1849 146 37 lärarne

394 1901 63 36 vid
477 1901 392 50 skeppsgosseskolan
889 1901 85 37 med
993 1901 134 36 endast
1156 1903 73 34 200
1257 1900 152 47 kronor,
1440 1901 90 37 eller
1557 1901 82 36 från
1671 1903 111 45 1,000
1810 1901 173 48 tilll,200

395 1953 150 48 kronor,
575 1959 97 31 samt
699 1954 184 48 derjemte
910 1953 101 37 velat
1039 1953 154 36 förorda
1221 1952 185 49 förslaget
1435 1966 59 23 om
1523 1953 213 36 beredande
1766 1956 38 33 åt
1832 1953 85 37 dem
1945 1952 42 38 af

399 2009 54 32 ett
479 2006 125 49 tredje
633 2005 263 48 ålderstillägg
914 2008 20 33 å
954 2006 72 35 200
1043 2005 153 47 kronor,
1216 2005 249 48 hvarigenom
1485 2005 188 36 slutlönen
1694 2004 121 37 skulle
1834 2005 149 37 komma

398 2061 54 32 att
479 2057 118 37 blifva
626 2058 158 49 tillhopa
813 2059 74 35 400
917 2057 137 36 kronor
1081 2057 121 48 högre
1231 2061 48 32 än
1307 2070 63 22 nu.
1426 2057 121 36 Dessa
1575 2056 206 48 ändringar
1809 2061 64 32 äro
1887 2057 96 36 iakt-

396 2114 117 43 tagna
540 2110 12 35 i
580 2110 66 36 det
673 2109 61 36 vid
763 2109 106 36 detta
895 2108 191 37 utlåtande
1117 2108 136 48 fogade
1282 2108 185 48 förslaget
1493 2108 58 37 till
1570 2114 84 31 stat.
1699 2108 84 49 (Bil.
1807 2108 50 48 9).
1899 2108 83 37 Den

398 2161 248 48 erforderliga
673 2160 369 49 anslagshöjningen
1071 2159 136 37 blifver
1233 2160 58 36 till
1319 2159 94 49 följd
1440 2160 114 36 häraf
1578 2160 135 38 endast
1739 2162 73 35 600
1832 2160 149 37 kronor.

499 2213 197 37 Utskottet
723 2212 217 37 hemställer
969 2212 119 47 alltså,

898 2294 54 33 att
987 2289 221 49 Riksdagen
1240 2291 60 34 må
1328 2288 91 48 dels,
1449 2290 84 36 med
1560 2290 280 49 godkännande
1868 2290 41 37 af
1933 2305 50 35 ny

795 2346 75 32 stat
899 2342 57 36 för
984 2341 388 50 skeppsgosseskolan
1393 2340 41 37 af
1449 2341 73 37 den
1541 2342 145 49 lydelse
1706 2342 155 49 bilagan
1880 2356 60 23 n:o
1961 2345 21 35 9
