2236 2648
705 212 264 32 Statsutskottets
999 210 177 33 Utlåtande
1199 210 64 32 N:o
1288 213 27 28 6.
1724 209 40 31 15

209 302 121 36 första
371 300 380 49 anställningstidens
793 302 158 46 utgång.
1020 298 75 37 För
1136 302 54 32 att
1231 297 64 36 vid
1336 296 316 50 genomförandet
1693 296 41 36 af
1760 309 46 23 en

210 354 146 48 ökning
392 354 39 36 af
466 352 287 49 sjömanskåren
781 351 233 37 tillförsäkra
1043 350 134 36 flottan
1207 363 48 23 en
1283 348 133 50 duglig
1443 348 243 49 bemanning,
1716 361 90 24 vore

210 406 65 36 det
303 405 127 37 derför
457 406 42 36 af
524 404 198 50 synnerlig
750 404 92 48 vigt,
872 408 55 31 att
956 402 180 49 åtgärder
1163 401 179 49 vidtoges
1360 401 83 36 icke
1463 400 98 37 blott
1579 400 60 36 för
1658 405 56 31 att
1734 400 73 36 öka

209 458 75 36 den
313 457 119 49 årliga
460 456 423 49 rekrytkontingenten,
911 460 92 32 utan
1033 454 112 37 äfven
1172 454 61 36 för
1261 458 56 32 att
1344 452 10 36 i
1383 452 154 37 flottans
1560 452 118 50 tjenst
1702 452 105 37 bibe-

209 509 103 37 hålla
353 509 226 47 erforderlig
619 508 62 37 del
721 508 42 36 af
801 508 64 36 det
904 506 198 49 manskap,
1132 518 82 24 som
1242 504 155 38 afslutat
1425 504 59 37 sin
1514 504 119 36 första
1663 504 144 36 skolut-

209 561 185 48 bildning.

314 613 74 37 För
419 618 56 31 att
507 612 231 37 tillförsäkra
771 610 131 38 flottan
937 623 48 24 en
1013 609 99 37 ökad
1140 608 241 50 rekrytering
1409 610 142 46 ansåge
1580 607 138 37 chefen
1747 607 61 37 för

210 665 154 37 flottans
406 664 82 37 stab
531 670 67 41 att,
639 663 116 37 bland
796 663 129 46 andra,
958 661 167 50 följande
1153 660 178 50 åtgärder
1359 660 116 36 borde
1504 664 110 44 tagas
1641 660 11 36 i
1682 659 127 37 öfver-

209 717 190 49 vägande:

315 768 36 49 a)
380 769 145 48 ökning
553 768 41 36 af
619 767 397 50 skeppsgossekåren;

314 821 38 48 b)
381 821 122 36 bättre
547 819 193 37 ordnande
781 818 43 37 af
860 817 292 49 rekryteringen
1193 816 42 36 af
1265 828 137 36 genom
1440 815 182 37 kontrakt
1650 819 159 44 antaget

211 873 203 48 manskap;

315 925 33 48 c)
377 924 161 49 höjning
565 923 40 37 af
630 922 178 49 anslaget
835 921 58 37 till
920 920 473 50 rekryteringskostnader
1422 919 71 36 och
1522 918 105 49 lega;
1658 923 99 32 samt

317 977 37 46 d)
383 976 163 49 höjning
573 975 40 37 af
638 974 219 49 aflöningen
884 973 59 37 för
972 973 65 36 det
1064 985 121 36 yngre
1214 971 235 49 manskapet.

317 1028 88 37 Som
441 1027 269 37 erfarenheten
746 1026 110 47 visat,
885 1030 55 32 att
968 1025 64 36 det
1061 1025 82 36 från
1174 1023 378 49 skeppsgossekåren
1580 1022 229 37 karlskrifna

211 1081 226 48 manskapet
474 1079 103 37 såväl
612 1079 13 36 i
660 1077 237 50 uppförande
935 1090 82 23 som
1054 1077 12 35 i
1096 1076 171 48 förmåga
1295 1080 54 31 att
1376 1074 259 49 tillgodogöra
1664 1074 60 48 sig
1751 1079 58 31 ut-

212 1132 224 49 bildningen
478 1131 110 37 stode
630 1129 209 50 väsentligt
879 1129 107 37 öfver
1028 1128 65 37 det
1132 1140 140 37 genom
1300 1127 181 36 kontrakt
1510 1131 165 44 antagna
1703 1139 106 23 man-

212 1185 147 49 skapet,
400 1196 90 24 vore
533 1183 64 36 det
638 1182 58 37 för
737 1181 216 37 erhållande
996 1181 41 36 af
1075 1179 151 49 dugligt
1254 1178 264 37 förhandsfolk
1546 1179 41 36 af
1612 1178 198 49 synnerlig

212 1236 97 49 vigt,
350 1241 56 31 att
446 1235 309 48 sjömanskårens
798 1233 144 48 ökning
982 1232 84 36 icke
1099 1230 238 38 uteslutande
1368 1230 273 48 genomfördes
1669 1243 139 35 genom

213 1294 56 30 att
297 1288 71 36 öka
396 1286 413 49 rekrytkontingenten
839 1285 40 35 af
903 1285 65 36 det
995 1283 162 37 medelst
1185 1283 181 36 kontrakt
1384 1288 168 42 antagna
1572 1281 237 49 manskapet.

317 1340 74 36 Det
417 1339 112 48 ringa
557 1337 102 37 antal
688 1336 242 47 karlskrifna,
960 1348 82 24 som
1062 1334 379 50 skeppsgossekåren
1461 1333 147 49 årligen
1622 1333 187 46 lemnade,

212 1392 99 36 hade
340 1390 211 37 emellertid
579 1390 82 35 haft
688 1389 58 36 till
773 1388 109 49 följd,
911 1392 55 32 att
995 1386 228 38 karlskrifna
1243 1386 279 48 skeppsgossar
1540 1384 119 37 under
1674 1397 134 24 senare

214 1447 90 33 åren
347 1442 133 37 endast
520 1440 279 49 undantagsvis
833 1441 143 35 kunnat
1004 1438 162 37 tilldelas
1195 1450 124 24 annan
1348 1436 198 49 afdelning
1574 1441 45 31 än
1650 1440 159 32 matros-

213 1495 256 48 afdelningen.
527 1492 90 38 Som
645 1492 379 50 skeppsgossekåren
1053 1490 97 36 dock
1180 1489 117 38 borde
1326 1489 157 48 bidraga
1502 1488 57 37 till
1577 1488 232 49 rekryterin-

214 1560 77 36 gen
328 1547 110 36 äfven
467 1545 43 37 af
535 1544 308 50 sjömanskårens
872 1543 124 49 öfriga
1024 1542 253 47 afdelningar,
1307 1540 181 37 särskildt
1517 1540 192 37 ekonomi-
1738 1539 71 38 och

213 1598 426 47 minörafdelningarna,
681 1596 97 37 hade
820 1596 219 36 densamma
1080 1594 116 37 redan
1240 1593 85 37 med
1365 1593 219 36 nuvarande
1614 1591 130 50 styrka
1772 1592 37 36 af

214 1650 286 48 sjömanskåren
537 1649 99 36 visat
670 1649 61 48 sig
758 1647 124 37 lemna
911 1660 46 23 en
986 1646 146 37 mindre
1160 1644 375 49 rekrytkontingent,
1564 1649 46 31 än
1640 1657 81 23 som
1751 1643 60 36 för

215 1716 47 23 en
290 1702 77 49 god
397 1701 242 48 rekrytering
666 1700 41 35 af
733 1699 287 47 sjömanskåren
1048 1711 91 23 vore
1167 1696 219 37 önskvärdt.

319 1754 73 35 För
420 1752 204 48 utredning
651 1752 41 35 af
717 1751 64 36 det
809 1750 100 37 antal
937 1749 244 45 karlskrifna,
1212 1761 82 24 som
1323 1746 375 50 skeppsgossekåren
1723 1746 87 36 med

215 1806 58 36 sin
315 1805 12 36 i
354 1818 50 22 nu
431 1803 178 50 gällande
638 1808 76 31 stat
741 1801 198 37 bestämda
968 1801 133 48 styrka
1127 1800 126 36 kunde
1282 1799 187 49 påräknas
1498 1798 146 48 årligen
1671 1797 137 45 lemna,

214 1857 202 49 bifogades
444 1869 47 23 en
520 1855 152 49 uppgift
701 1857 20 34 å
749 1853 142 37 antalet
918 1852 120 37 under
1068 1855 89 33 åren
1190 1852 198 35 1887—99
1418 1856 167 42 antagna
1613 1850 69 36 och
1711 1848 98 38 karl-

216 1909 147 36 skrifna
391 1908 288 48 skeppsgossar.
735 1906 54 36 Af
814 1906 218 36 densamma
1059 1903 229 48 framginge,
1317 1907 55 32 att
1398 1902 12 36 i
1439 1901 177 37 medeltal
1644 1901 97 36 blott
1760 1903 48 34 49

215 1965 160 45 procent
414 1960 40 36 af
493 1959 47 36 de
577 1958 168 37 sökande
773 1957 125 36 blifvit
927 1961 168 43 antagna
1122 1955 57 36 till
1208 1955 278 48 skeppsgossar
1515 1953 70 37 och
1614 1958 55 31 att
1696 1953 42 36 af
1762 1953 47 36 de

214 2012 58 36 till
314 2012 278 48 skeppsgossar
634 2013 90 33 åren
769 2009 200 36 1887—96
1008 2012 166 42 antagna
1202 2006 11 36 i
1242 2005 176 37 medeltal
1446 2004 99 37 blott
1574 2006 43 34 61
1649 2012 162 41 procent

216 2063 94 37 eller
339 2066 46 33 72
415 2076 60 22 om
504 2065 81 33 året
611 2061 126 37 blifvit
765 2059 237 39 karlskrifna.

322 2114 82 35 Den
437 2113 216 36 nuvarande
683 2111 380 48 skeppsgossekåren
1092 2109 81 36 med
1205 2122 47 23 en
1280 2112 174 31 numerär
1482 2107 41 35 af
1549 2109 73 34 320
1651 2107 159 48 skepps-

215 2178 137 36 gossar
393 2164 126 36 kunde
563 2163 167 45 sålunda,
760 2163 118 35 under
906 2161 276 47 förutsättning
1210 2165 55 31 att
1292 2159 72 36 alla
1391 2159 191 35 vakanser
1610 2158 131 47 hvarje
1770 2160 41 33 år

217 2217 126 37 blefve
380 2215 129 49 fyllda,
546 2215 81 36 icke
665 2214 186 50 påräknas
898 2213 125 36 lemna
1066 2225 102 22 mera
1196 2216 47 31 än
1273 2210 174 48 omkring
1479 2212 71 33 100
1580 2208 230 37 karlskrifna

217 2282 61 22 om
308 2271 88 33 året.

322 2318 218 38 Emellertid
570 2318 97 36 hade
696 2317 120 36 under
844 2319 88 33 åren
956 2316 213 45 1895—99,
1191 2314 116 37 sedan
1326 2312 259 49 antagningen
1605 2315 48 45 på
1672 2311 136 36 hösten

218 2377 65 43 egt
320 2384 91 30 rum,
450 2371 8 35 ;
498 2368 176 38 medeltal
707 2368 143 37 funnits
889 2369 46 35 95
977 2368 195 38 vakanser,
1211 2366 70 36 och
1322 2366 94 36 1899
1447 2367 59 33 års
1535 2365 87 35 höst
1649 2363 97 36 hade
1774 2362 37 37 af
