2220 2644
458 221 39 30 56
901 222 262 34 Statsutskottets
1192 224 178 33 Utlåtande
1394 225 64 32 N:o
1483 229 27 29 6.

518 308 51 35 På
609 309 124 48 grund
773 309 119 48 deraf,
935 315 55 32 att
1017 312 121 37 medel
1174 312 56 36 till
1261 313 171 49 aflöning
1459 314 58 37 för
1544 314 152 37 flottans
1724 315 168 49 poliskår
1918 315 82 37 från

417 359 70 37 och
514 360 86 36 med
628 361 254 37 innevarande
912 365 39 34 år
978 364 166 36 anvisats
1172 365 119 36 under
1312 366 176 48 anslaget
1506 366 56 36 till
1582 367 168 49 aflöning
1771 368 59 36 för
1848 368 151 36 flottans

416 411 110 36 kårer
555 412 69 36 och
654 417 128 43 stater,
815 414 196 49 upphörde
1040 416 62 36 det
1130 416 132 37 hittills
1291 417 83 37 från
1393 418 394 50 underhållsanslaget
1806 419 57 37 till
1882 420 118 36 varfs-

415 462 164 50 polisens
607 464 11 35 i
648 464 233 38 Karlskrona
910 466 166 50 aflöning
1102 468 178 37 anvisade
1305 469 141 50 belopp
1467 470 39 36 af
1524 471 136 45 25,500
1680 471 139 37 kronor
1838 477 54 31 att
1911 474 90 46 utgå

414 515 84 36 från
526 515 235 38 sistnämnda
789 518 145 49 anslag.

516 567 128 37 Under
671 568 272 51 förutsättning
970 571 36 36 af
1034 572 104 36 bifall
1167 572 56 36 till
1252 572 98 37 hvad
1378 574 118 36 under
1524 574 211 49 punkterna
1764 576 51 46 [1,
1839 576 38 46 2]
1898 575 102 36 hem-

416 618 108 37 stälts
566 620 231 37 beträffande
833 621 418 51 inqvarteringsbidrag
1287 628 38 33 åt
1364 626 223 49 manskapet
1615 627 62 36 vid
1707 627 293 48 sjömanskåren,

414 670 127 37 hvilka
585 672 418 51 inqvarteringsbidrag
1044 676 121 36 skulle
1206 679 91 45 utgå
1340 677 83 36 från
1463 677 374 50 aflöningsanslaget,
1880 678 120 38 skulle

415 722 177 49 besparas
631 724 45 37 de
712 725 495 51 inqvarteringspenningar
1235 731 20 33 å
1282 728 159 50 tillhopa
1469 731 137 44 25,286
1637 730 151 48 kronor,
1818 744 84 23 som
1930 731 70 36 hit-

413 774 75 37 tills
518 775 166 37 anvisats
711 780 48 46 på
786 777 407 51 underhållsanslaget.

514 826 251 39 Varfschefen
807 829 62 36 vid
913 829 239 39 Stockholms
1194 832 140 36 station
1375 833 96 36 hade
1503 834 12 35 i
1544 834 44 36 de
1619 834 119 37 ökade
1766 834 235 37 underhålls-

412 878 255 38 kostnaderna
708 880 184 37 beräknat
932 882 194 37 underhåll
1162 884 59 36 för
1257 886 20 34 2
1308 884 120 37 under
1455 885 182 50 byggnad
1665 887 165 36 varande
1862 889 57 35 1:a
1951 887 48 36 kl.

414 931 255 47 pansarbåtar.
714 932 113 37 Detta
847 947 90 24 vore
956 934 134 49 ifråga
1110 948 58 23 om
1190 936 71 36 den
1282 949 71 23 ena
1373 937 41 36 af
1432 936 109 38 dessa
1560 939 257 47 pansarbåtar,
1839 938 163 49 Dristig-

412 982 125 48 heten,
567 987 82 32 som
680 984 234 38 beräknades
942 999 87 24 vara
1057 987 128 49 färdig
1211 988 12 35 i
1252 988 115 36 slutet
1399 989 41 36 af
1463 989 255 38 innevarande
1747 993 50 44 år,
1827 991 85 36 fullt
1939 991 63 36 be-

412 1034 146 48 fogadt;
590 1048 86 24 men
705 1036 231 38 beträffande
968 1038 70 37 den
1068 1039 118 36 andra
1217 1061 44 4 —
1292 1053 47 23 en
1367 1040 43 37 af
1434 1041 95 47 dem,
1560 1055 82 23 som
1665 1055 88 24 vore
1773 1043 157 36 afsedda
1949 1048 54 31 att

412 1086 187 37 anskaffas
640 1088 59 36 för
735 1088 62 37 det
824 1089 42 36 af
895 1091 95 35 1899
1021 1093 58 34 års
1109 1091 169 49 Riksdag
1305 1092 187 48 beviljade
1522 1093 173 49 anslaget
1723 1097 20 33 å
1774 1096 227 45 13,200,000

412 1138 138 36 kronor
591 1139 56 36 till
687 1140 295 50 nyanskaffning
1017 1142 40 36 af
1082 1143 429 50 krigsfartygsmateriel
1540 1168 46 3 —
1617 1146 118 37 borde
1764 1147 155 46 erinras,
1948 1152 54 31 att

412 1190 121 36 denna
564 1191 155 48 tidigast
745 1192 11 36 i
782 1192 200 38 december
1004 1196 94 35 1901
1121 1195 124 36 kunde
1265 1201 159 43 antagas
1445 1210 89 23 vara
1553 1197 136 49 färdig,
1709 1198 149 36 hvadan
1880 1198 121 37 medel

411 1242 58 36 för
510 1242 194 37 underhåll
745 1244 40 36 af
823 1244 220 38 densamma
1083 1246 83 37 icke
1204 1247 163 37 behöfde
1404 1249 150 36 anvisas
1593 1249 59 37 för
1689 1250 233 37 sistnämnda
1950 1253 50 33 år.

411 1293 57 36 Då
508 1294 433 39 underhållskostnaden
977 1297 57 37 för
1071 1311 48 24 en
1156 1300 56 34 1:a
1246 1299 46 36 kl.
1324 1300 203 48 pansarbåt
1554 1302 195 49 upptagits
1777 1302 57 36 till
1863 1303 137 45 27,500

410 1345 150 48 kronor,
603 1347 126 37 kunde
764 1348 72 36 den
867 1348 213 50 föreslagna
1108 1350 208 49 höjningen
1344 1351 12 36 i
1385 1352 172 49 anslaget
1585 1353 169 37 minskas
1785 1353 84 37 med
1899 1354 102 36 detta

410 1397 149 50 belopp.

498 1412 140 74 Sedan
680 1451 139 49 Kongl.
859 1452 108 48 Maj:t
995 1453 72 36 den
1097 1456 47 34 22
1175 1454 173 37 sistlidne
1378 1456 215 48 september
1616 1456 166 48 beslutit,
1817 1462 56 32 att
1900 1456 100 38 bref-

411 1500 299 39 dufveväsendet
750 1503 118 37 skulle
911 1507 120 35 såsom
1074 1519 48 23 en
1159 1506 152 37 flottans
1347 1507 280 49 angelägenhet
1660 1509 179 49 upphöra,
1874 1509 125 37 kunde

410 1552 64 37 det
509 1554 58 36 för
605 1554 103 37 detta
742 1555 172 37 ändamål
942 1557 132 37 hittills
1103 1557 157 38 afsedda
1288 1558 139 50 belopp
1458 1562 111 45 2,400
1598 1561 139 37 kronor
1764 1561 233 49 inbesparas.

512 1605 55 37 De
609 1620 50 22 nu
699 1608 163 36 nämnda
895 1608 319 50 besparingarnas
1244 1611 283 49 sammanlagda
1554 1612 138 50 belopp
1721 1613 196 49 uppginge
1944 1613 56 36 till

410 1659 136 45 80,686
575 1657 152 38 kronor.
782 1659 183 38 Deremot
992 1661 220 49 tillkomme,
1242 1665 125 34 såsom
1396 1663 425 49 departementschefen
1850 1665 149 37 anhölle

409 1713 55 32 att
505 1709 36 36 få
580 1710 121 37 under
742 1711 171 49 punkten
955 1713 78 47 [19]
1067 1718 172 33 närmare
1271 1714 188 48 utveckla,
1489 1716 125 37 derest
1643 1717 94 36 hans
1766 1717 67 36 der
1861 1716 134 49 gjorda

408 1760 226 38 hemställan
662 1763 159 37 rörande
851 1764 240 50 anskaffning
1126 1766 71 37 och
1225 1766 265 50 uppläggning
1516 1768 41 36 af
1581 1768 63 36 kol
1663 1769 58 36 för
1740 1768 261 49 mobilisering

410 1812 158 48 bifölles,
593 1826 48 24 en
660 1814 40 36 af
717 1815 401 50 marinförvaltningen
1139 1817 12 36 i
1171 1818 86 37 dess
1278 1819 202 37 skrifvelse
1500 1820 73 36 den
1594 1822 46 35 29
1663 1821 215 48 september
1901 1822 94 35 1899

408 1864 83 37 icke
520 1865 192 38 beräknad
732 1867 96 36 ökad
848 1868 118 48 utgift
983 1868 82 37 från
1084 1869 391 49 underhållsanslaget
1495 1874 20 34 å
1532 1871 159 50 tillhopa
1712 1874 111 45 5,600
1844 1873 152 36 kronor.

511 1917 82 36 Den
635 1918 43 36 af
715 1918 404 50 marinförvaltningen
1161 1922 216 49 föreslagna
1414 1923 209 49 höjningen
1651 1924 12 36 1
1692 1937 141 24 samma
1862 1924 134 48 anslag

408 1971 140 45 ansåge
577 1970 421 49 departementschefen
1028 1973 146 37 således
1202 1974 59 37 för
1288 1975 234 37 närvarande
1550 1975 126 37 kunna
1704 1976 209 49 begränsas
1942 1976 56 36 till

407 2020 12 35 i
447 2021 115 36 rundt
589 2022 54 36 tal
673 2024 163 47 425,000
866 2024 151 37 kronor.

509 2124 51 36 På
586 2125 125 48 grund
740 2126 41 35 af
803 2126 102 37 hvad
935 2127 152 37 sålunda
1116 2128 146 37 anförts
1291 2129 124 37 finner
1442 2130 184 38 utskottet
1655 2131 63 37 det
1742 2144 89 24 vara
1851 2131 42 36 af
1907 2132 89 37 flere

407 2175 83 36 skäl
527 2177 311 49 oundgängligen
868 2179 253 49 erforderligt,
1151 2184 55 32 att
1233 2181 290 49 ifrågavarande
1553 2182 134 48 anslag
1713 2196 49 23 nu
1792 2186 58 33 må
1880 2183 116 37 blifva

404 2227 11 35 1
445 2227 176 38 afsevärd
663 2232 87 33 mån
790 2230 119 49 höjdt.
966 2231 90 37 Dels
1091 2231 99 37 lärer
1219 2233 204 48 nemligen,
1454 2234 118 49 enligt
1600 2235 100 36 hvad
1728 2236 41 36 af
1793 2236 203 36 statsråds-

405 2279 231 48 protokollet
676 2281 168 49 framgår
873 2283 72 36 och
975 2283 186 37 utskottet
1188 2283 82 38 haft
1296 2285 149 37 tillfälle
1474 2291 54 31 att
1556 2287 12 35 i
1596 2287 118 49 öfrigt
1741 2287 178 47 inhemta,
1949 2301 47 23 en

405 2331 139 48 mängd
586 2333 373 38 underhållsarbeten
1003 2336 118 35 under
1150 2335 46 36 de
1225 2349 131 24 senare
1385 2341 88 33 åren
1501 2338 114 37 hafva
1644 2342 96 33 måst
1768 2339 226 41 eftersättas,

405 2382 127 37 hvilka
574 2385 156 36 arbeten
772 2386 97 36 dock
906 2387 97 36 varit
1045 2387 93 37 både
1173 2388 243 50 nödvändiga
1445 2390 69 36 och
1543 2390 42 36 af
1609 2390 90 37 klok
1728 2391 177 37 omtanke
1935 2404 60 23 om
