2220 2644
459 220 39 32 88
910 221 261 32 Statsutskottets
1200 222 179 32 Utlåtande
1402 223 64 31 N:o
1491 226 27 28 6.

417 315 51 28 att
493 307 363 49 pumpmaskineriet
883 308 60 36 för
971 313 53 31 att
1052 309 128 36 kunna
1208 310 192 36 användas
1427 310 59 36 för
1513 309 180 49 länsning
1712 311 41 36 af
1768 325 75 34 nya
1862 311 144 37 dockan

419 362 114 33 måste
563 360 138 35 sänkas
728 359 76 36 lika
833 360 152 48 mycket
1013 373 82 23 som
1124 361 234 48 suggrafven
1385 361 197 50 fördjupas
1611 362 91 36 eller
1731 363 177 49 omkring
1937 366 69 45 2,22

417 415 129 43 meter,
590 411 157 36 emedan
790 412 214 47 sughöjden
1045 412 11 35 i
1099 418 116 30 annat
1247 412 65 37 fall
1340 413 126 37 blefve
1494 414 61 35 för
1584 418 90 42 stor,
1702 415 146 36 hvilket
1875 415 129 37 arbete

417 463 148 35 komme
608 467 55 32 att
703 463 154 48 betinga
885 464 199 36 afsevärda
1121 464 215 46 kostnader,
1371 464 33 49 ej
1435 470 193 44 upptagna
1655 466 53 36 uti
1736 466 270 49 ursprungliga

416 514 386 49 kostnadsförslaget;
845 523 53 28 att
936 515 55 36 till
1032 515 95 48 följd
1168 516 41 36 af
1247 516 260 37 maskineriets
1541 517 151 37 relativt
1724 518 110 48 ringa
1862 519 143 36 arbets-

416 566 170 47 förmåga
628 579 47 23 en
718 566 53 36 tid
814 567 43 35 af
893 567 113 36 minst
1043 570 44 33 17
1123 567 148 37 timmar
1298 568 151 36 komme
1478 573 54 32 att
1561 572 89 45 åtgå
1676 569 59 36 för
1761 570 179 48 länsning
1967 571 42 36 af

417 618 158 46 dockan,
604 617 155 37 hvilken
786 618 55 36 tid
869 622 118 33 måste
1016 632 113 23 anses
1159 618 125 38 alltför
1312 619 106 50 lång;
1448 628 51 28 att
1526 620 73 37 den
1621 620 203 48 olägenhet
1842 622 43 36 af
1899 622 106 49 lång-

417 683 78 23 sam
535 669 294 49 länspumpning
871 670 42 36 af
950 670 281 50 docksystemet
1267 672 10 34 i
1314 672 57 35 sin
1406 672 138 45 helhet,
1575 686 82 22 som
1684 673 114 36 redan
1828 687 50 23 nu
1906 673 99 37 före-

417 722 134 35 funnes
593 721 231 48 derigenom,
868 727 54 31 att
963 722 74 36 fem
1075 725 21 34 å
1132 722 232 37 Karlskrona
1400 723 85 37 varf
1517 723 195 49 befintliga
1740 725 142 36 dockor
1909 726 97 36 hade

416 773 132 36 endast
582 778 56 31 ett
665 774 221 49 pumpverk,
915 774 149 37 komme
1094 780 55 30 att
1176 774 12 36 i
1216 779 98 31 ännu
1344 775 118 48 högre
1490 776 93 46 grad
1613 781 95 42 göra
1748 776 60 49 sig
1850 777 153 48 känbar,

416 838 60 23 om
517 838 145 23 samma
701 825 212 48 pumpverk
954 826 118 36 skulle
1110 826 191 37 användas
1330 827 113 36 äfven
1472 827 59 36 för
1558 827 179 50 länsning
1764 828 41 37 af
1830 829 73 36 den
1930 842 75 35 nya

417 877 156 45 dockan,
602 876 12 36 i
640 877 206 48 synnerhet
875 890 79 23 som
984 877 135 47 denna,
1148 881 48 46 på
1223 878 124 48 grund
1375 879 42 36 af
1442 884 54 31 att
1522 879 146 36 hennes
1697 880 129 37 botten
1854 881 150 36 komme

415 933 55 31 att
509 927 106 49 ligga
657 928 154 49 djupare
853 933 48 32 än
943 929 44 36 de
1028 943 51 22 nu
1119 929 195 49 befintliga
1351 930 224 47 dockornas,
1608 931 82 37 icke
1719 932 119 36 skulle
1868 933 136 45 kunna,

416 982 121 34 såsom
578 979 107 37 fallet
721 993 89 24 vore
844 981 86 36 med
959 981 124 46 dessa,
1112 981 125 36 länsas
1265 994 142 36 genom
1434 988 54 30 att
1514 983 176 49 utsläppa
1718 989 148 31 vattnet
1892 984 13 36 i
1933 984 72 37 den

415 1045 107 35 grop,
552 1044 84 23 som
665 1032 175 48 omgåfve
870 1032 245 49 suggrafven,
1144 1038 90 31 utan
1263 1033 136 36 endast
1418 1034 159 36 medelst
1595 1036 250 48 pumpverket
1865 1035 138 46 direkt;

415 1091 52 28 att
505 1083 127 36 risken
673 1083 58 37 för
771 1084 131 35 haveri
933 1087 20 33 å
980 1084 362 49 pumpmaskineriet
1369 1085 193 37 afsevärdt
1591 1086 140 37 ökades
1761 1100 142 35 genom
1931 1087 74 36 den

416 1134 119 37 ökade
583 1135 224 48 belastning,
854 1136 60 36 för
954 1135 155 37 hvilken
1156 1136 63 36 det
1263 1142 162 31 utsattes
1467 1137 231 49 derigenom,
1739 1145 55 30 att
1835 1139 170 36 maximi-

414 1186 215 49 lyfthöjden
658 1186 122 37 blefve
810 1189 71 46 2,22
910 1192 118 31 meter
1057 1193 122 31 större
1207 1192 45 32 än
1283 1188 85 47 den,
1397 1189 58 36 för
1474 1189 156 36 hvilken
1650 1190 244 36 maskineriet
1913 1204 91 23 vore

416 1238 223 46 beräknadt;
683 1243 97 32 samt
816 1246 52 29 att
899 1239 224 36 inträffande
1153 1239 115 36 skada
1297 1243 20 32 å
1344 1241 252 48 pumpverket
1625 1241 120 37 skulle
1774 1247 99 31 sätta
1902 1242 102 37 såväl

415 1290 46 37 de
503 1290 77 36 fem
608 1290 195 48 befintliga
838 1304 80 23 som
948 1291 69 36 ock
1046 1290 73 37 den
1147 1304 75 36 nya
1250 1291 148 37 dockan
1426 1306 44 23 ur
1496 1293 204 47 tjenstbart
1727 1293 118 48 skick,
1873 1297 130 45 något,

416 1355 82 23 som
533 1342 117 36 äfven
687 1342 116 36 skulle
832 1342 151 37 inträffa
1010 1342 120 37 under
1159 1343 72 36 den
1259 1343 65 47 tid,
1355 1357 81 23 som
1464 1344 156 49 åtginge
1648 1345 59 36 för
1734 1347 270 48 pumpverkets

416 1393 246 49 ombyggnad
693 1394 69 36 och
790 1394 253 48 suggrafvens
1074 1395 199 46 sänkning.

517 1444 121 37 Bland
681 1445 45 36 de
768 1446 167 45 arbeten,
965 1459 81 23 som
1088 1446 125 49 ålegat
1240 1446 264 38 leverantören
1532 1447 121 49 enligt
1682 1448 64 37 det
1773 1449 74 36 den
1878 1452 18 33 7
1921 1450 83 47 juni

420 1498 94 35 1898
542 1497 226 49 upprättade
796 1498 219 36 kontraktet
1042 1511 61 23 om
1130 1498 178 48 byggnad
1329 1498 42 36 af
1387 1512 51 35 ny
1457 1500 120 36 docka
1597 1500 11 35 i
1631 1500 244 47 Karlskrona,
1895 1501 107 48 hade,

410 1549 119 48 jemte
557 1549 130 46 andra,
717 1549 243 37 förekommit
978 1550 281 48 utsprängning
1279 1550 41 36 af
1336 1556 55 30 ett
1410 1551 363 49 uppställningsrum
1793 1552 60 37 för
1872 1566 132 36 pump-

415 1600 205 37 maskineri
648 1601 70 36 och
747 1601 106 36 hvalf
877 1614 138 35 genom
1045 1601 167 37 dockans
1241 1602 81 36 sida
1350 1609 98 29 samt
1466 1603 244 37 anordnande
1729 1604 41 36 af
1786 1605 219 47 rörgrafvar

414 1653 60 35 för
510 1652 104 36 såväl
643 1665 86 35 sug-
762 1666 79 22 som
870 1653 362 49 afloppsledningar;
1263 1666 86 23 men
1378 1654 64 36 det
1468 1654 10 35 i
1507 1655 270 48 ursprungliga
1806 1656 198 37 kostnads-

416 1703 183 49 förslaget
628 1709 193 44 upptagna
848 1704 147 37 arbetet
1022 1709 56 32 att
1106 1710 165 44 spränga
1299 1705 261 49 afloppskanal
1587 1706 84 36 från
1699 1707 166 37 dockans
1892 1721 112 23 norra

415 1755 98 36 ända
539 1755 57 37 till
625 1760 125 44 ängen
779 1756 70 36 och
878 1756 117 36 sänka
1022 1756 196 49 befintliga
1247 1760 233 46 suggrafven
1509 1758 97 37 hade
1635 1758 169 38 deremot
1824 1760 33 48 ej
1880 1759 124 37 blifvit

414 1807 146 48 intaget
587 1806 13 37 i
632 1807 162 36 nämnda
822 1808 180 36 kontrakt
1033 1811 48 46 på
1109 1809 123 48 grund
1260 1808 119 48 deraf,
1410 1815 53 30 att
1490 1810 126 48 gamla
1645 1811 359 48 pumpmaskineriet

415 1864 145 31 ansetts
589 1858 243 49 otillräckligt
875 1859 58 37 för
974 1860 178 48 länsning
1189 1860 39 36 af
1253 1861 146 36 dockan
1427 1861 70 36 och
1525 1866 55 32 att
1608 1862 126 37 derför
1761 1862 243 49 anskaffning

416 1910 42 36 af
482 1915 53 32 ett
563 1911 207 47 kraftigare
799 1911 133 36 sådant
959 1911 97 36 varit
1084 1911 42 36 af
1151 1912 180 36 behofvet
1359 1913 183 48 påkallad.

519 1961 71 37 Vid
631 1962 204 49 utredning
876 1963 41 36 af
953 1963 146 48 frågan,
1141 1963 95 37 huru
1273 1969 54 31 ett
1360 1964 197 49 tidsenligt
1585 1965 70 36 och
1683 1966 162 49 kraftigt
1872 1979 131 35 pump-

415 2013 200 37 maskineri
660 2014 114 36 borde
816 2015 200 46 anordnas,
1055 2015 97 36 hade
1189 2016 64 36 det
1289 2016 100 36 visat
1421 2016 59 49 sig
1506 2016 217 50 lämpligast
1750 2023 54 30 att
1832 2017 172 37 använda

415 2065 396 50 centrifugalpumpar,
853 2067 200 49 uppstälda
1091 2067 118 36 under
1246 2067 176 37 markens
1459 2068 89 49 plan
1575 2069 12 35 i
1615 2069 265 37 betonmuradt
1909 2083 93 33 rum,

414 2118 81 35 från
525 2117 129 37 hvilka
681 2118 140 47 nödiga
851 2124 135 42 sugrör
1013 2118 131 37 leddes
1173 2119 72 36 ned
1272 2119 57 36 till
1353 2132 47 24 en
1420 2120 317 49 samlingsbrunn,
1757 2121 247 48 nedsprängd

415 2171 41 34 så
484 2168 106 49 djupt
617 2169 120 36 under
765 2169 168 37 dockans
961 2170 142 47 botten,
1133 2177 54 29 att
1216 2171 193 47 svårighet
1436 2172 34 48 ej
1496 2172 186 49 uppstode
1702 2173 59 35 för
1780 2172 224 49 fullständig

413 2220 308 49 länspumpning.
770 2221 274 49 Pumpverkets
1064 2222 374 49 länsningsförmåga
1457 2223 118 36 borde
1594 2224 198 48 rätteligen
1816 2224 186 37 beräknas

415 2274 53 45 så,
497 2277 53 31 att
578 2272 149 37 dockan
754 2272 126 37 kunde
909 2273 244 49 länspumpas
1181 2276 48 46 på
1253 2274 82 48 fyra
1353 2275 161 47 timmar,
1536 2289 86 23 men
1643 2276 46 36 då
1707 2281 54 31 ett
1781 2278 42 34 så
1842 2275 159 48 kraftigt

414 2324 222 49 pumpverk,
675 2337 78 23 som
786 2324 132 37 härför
947 2325 119 36 skulle
1097 2325 202 48 erfordras,
1330 2326 148 37 komme
1507 2332 56 31 att
1590 2327 136 36 kräfva
1754 2341 47 22 en
1829 2327 173 49 betydlig
