2200 2589
737 213 99 34 Stats-
844 215 162 33 Utskottets
1036 213 166 34 Utlåtande
1225 212 64 32 N:o
1311 213 48 30 19.
1770 206 44 35 11

236 303 89 47 dag,
355 301 48 37 då
432 301 194 49 styrelsen
655 298 205 50 emottagit
888 297 291 48 förvaltningen
1196 295 42 36 af
1249 293 89 38 hela
1354 293 75 37 den
1446 306 75 35 nya
1537 291 232 37 stambanan
1784 290 84 36 från

236 352 200 37 Kihlafors
465 352 54 36 till
552 350 254 50 Stugsundet,
831 349 78 37 låta
937 349 86 36 från
1050 346 191 50 Bergviks
1271 345 73 36 och
1358 344 149 36 Marma
1522 342 168 48 sågverk
1706 345 47 46 på
1763 341 106 48 jern-

237 409 128 44 vägen
404 403 182 37 befordra
628 400 178 47 träaffall,
849 400 128 36 afsedt
1017 398 55 36 till
1110 396 217 50 utfyllning
1353 394 13 36 i
1395 394 47 37 de
1472 407 76 35 nya
1576 392 293 50 brädgårdarne

235 455 116 36 söder
390 467 61 23 om
490 457 48 33 ån
579 452 72 37 och
684 452 137 36 Flaket
850 451 63 36 vid
938 449 253 45 Söderhamn,
1217 452 80 31 mot
1325 459 48 23 eu
1401 445 105 36 frakt
1534 444 42 36 af
1597 446 21 33 2
1647 444 145 36 kronor
1822 444 47 35 50

236 511 65 31 öre
337 505 60 36 för
433 503 134 49 hvarje
605 516 81 23 mer
723 502 93 37 eller
851 501 162 46 mindre,
1048 513 88 23 men
1171 498 34 48 ej
1235 498 110 36 öfver
1370 496 59 37 sin
1453 495 263 47 bärförmåga,
1741 493 128 37 lastad

236 570 115 35 vagn,
382 568 83 23 som
494 553 245 37 levererades
766 556 50 46 på
844 558 173 31 närmast
1051 549 100 38 intill
1180 546 437 50 den'brädgårdsplats,
1641 544 68 37 der
1741 544 125 36 lasten

236 606 126 38 skulle
392 605 211 47 användas,
631 603 203 50 befintliga
863 604 186 48 banspår;
1076 600 67 37 allt
1171 599 124 37 under
1318 596 208 39 förbehåll:
1568 594 76 45 1:0)
1673 602 51 29 att
1753 595 114 36 dessa

235 661 243 45 transporter
505 655 176 37 utfördes
707 654 138 37 endast
872 654 48 36 då
947 653 218 48 tillgången
1186 653 49 46 på
1248 648 213 38 lokomotiv
1478 647 72 37 och
1564 659 151 36 vagnar
1730 645 140 37 sådant

236 708 209 48 medgåfve
470 712 94 31 utan
591 705 138 37 hinder
757 705 60 37 för
846 705 74 36 den
950 704 194 36 allmänna
1168 701 182 45 trafiken;
1381 697 76 46 2:0)
1477 706 52 29 att
1544 697 47 36 de
1606 709 161 36 vagnar,
1786 709 81 23 som

237 759 59 36 för
335 757 221 37 ändamålet
599 755 226 50 uppstäldes
866 754 61 37 vid
958 753 193 50 Bergviks
1181 752 72 36 och
1277 751 149 36 Marma
1454 747 181 50 sågverk,
1665 746 128 37 skulle
1821 749 49 46 på

237 807 292 38 vederbörande
555 806 188 50 sågverks
768 805 219 38 bekostnad
1011 817 94 23 vara
1132 802 151 37 lastade
1311 801 104 36 inom
1446 802 20 34 6
1494 800 155 35 timmar
1678 797 73 37 och
1775 796 94 37 lika-

236 859 107 37 ledes
384 858 155 37 lossade
573 858 105 36 inom
708 860 20 33 6
758 857 154 36 timmar
941 856 99 36 efter
1069 854 232 37 ankomsten
1328 851 59 37 till
1412 850 76 37 den
1512 849 204 37 bestämda
1740 848 129 37 aflast-

236 908 272 50 vingsplatsen
536 908 65 37 vid
630 907 260 45 Söderhamn;
921 906 76 44 3:0)
1022 912 51 30 att
1100 908 261 45 transporten,
1391 901 99 37 efter
1503 898 286 38 trafikbefälets
1804 899 65 36 be-

237 959 235 47 stämmelse,
510 959 104 48 finge
652 959 68 36 ske
753 958 88 36 med
871 956 192 37 ordinarie
1087 955 96 37 eller
1211 952 186 38 särskildt
1425 951 224 37 anordnade
1676 953 85 45 tåg;
1791 949 78 43 4:0)

237 1018 51 29 att
317 1010 75 37 alla
420 1009 249 50 fraktbelopp
698 1010 60 35 för
786 1009 115 36 dessa
928 1011 245 44 transporter
1202 1003 125 38 skulle
1356 1002 149 38 betalas
1527 1002 42 35 af
1584 1001 67 36 det
1666 1000 201 48 sågverks-

236 1060 130 50 bolag,
395 1074 84 23 som
508 1060 158 37 afsändt
693 1059 141 45 lasten;
865 1063 100 32 samt
990 1062 66 42 att,
1086 1070 62 23 om
1177 1055 100 37 efter
1305 1054 47 36 de
1383 1056 20 34 5
1433 1056 112 33 årens
1565 1050 155 50 förlopp
1737 1050 132 49 dylika

237 1112 370 47 affallstransporter
636 1110 131 36 vidare
796 1108 248 38 erfordrades
1069 1107 61 37 för
1152 1105 171 50 fyllning
1347 1104 43 36 af
1407 1104 47 36 de
1470 1116 76 36 nya
1561 1101 307 50 brädgårdarne,

236 1163 141 48 frågan
405 1162 49 36 då
481 1161 121 37 borde
632 1164 20 34 å
680 1174 75 36 nyo
784 1165 196 44 upptagas
1007 1157 59 37 till
1080 1156 188 50 pröfning
1284 1155 98 36 efter
1401 1154 61 49 sig
1482 1154 48 36 då
1545 1151 228 38 företeende
1789 1165 79 23 om-

237 1212 289 49 ständigheter;
553 1217 100 31 samt

338 1268 52 31 att
417 1263 174 47 styrelsen
618 1263 61 43 för
707 1262 190 36 allmänna
921 1265 88 43 väg-
1038 1260 60 35 och
1123 1257 333 48 vattenbyggnader
1484 1253 128 37 funnit
1640 1258 56 32 ett
1727 1252 114 49 tilläg

236 1314 95 37 böra
358 1318 117 44 göras
502 1312 66 37 vid
595 1313 66 36 det
689 1312 43 37 af
756 1309 360 49 stadsfullmäktige
1140 1308 123 36 under
1292 1307 34 43 ec)
1352 1306 68 37 här
1440 1305 117 37 ofvan
1577 1309 204 44 upptagna
1799 1304 69 35 vil-

236 1365 70 36 kor
330 1363 146 47 derom,
505 1368 76 32 »att
609 1362 274 38 öfverlåtelsen
911 1360 148 37 skedde
1089 1358 88 37 med
1209 1357 48 38 all
1288 1358 75 36 den
1393 1361 89 42 rätt,
1511 1354 188 38 hvarmed
1724 1354 144 49 ifråga-

236 1414 171 37 varande
431 1414 110 37 mark
569 1413 128 37 blifvit
722 1412 58 37 till
810 1417 127 31 staten
966 1410 252 37 öfverlåten».

372 1666 74 36 Vid
486 1665 301 50 ifrågavarande
826 1663 164 38 ärendes
1020 1661 284 49 föredragning
1331 1660 102 36 inför
1461 1659 223 47 Konungen
1707 1657 12 36 i
1745 1657 123 37 Stats-

236 1718 121 46 rådet,
386 1716 81 47 har,
503 1719 48 46 på
580 1721 77 31 sätt
685 1716 116 36 ofvan
831 1713 220 50 åberopade
1079 1709 390 50 statsrådsprotokoll
1497 1708 226 46 innehåller,
1753 1709 115 35 Stats-

238 1769 105 36 rådet
367 1768 61 35 och
454 1766 134 49 Chefen
603 1767 68 47 för
696 1766 392 48 Civildepartementet,
1117 1763 61 36 för
1202 1767 56 31 att
1287 1760 159 49 angifva
1476 1759 59 36 sin
1559 1758 256 50 uppfattning
1830 1759 42 36 af

237 1819 65 36 det
329 1817 152 50 vigtiga
505 1817 171 47 ärendet,
704 1821 121 45 yttrat
851 1814 191 50 följande:

372 1868 98 36 »Till
500 1881 48 23 en
575 1867 135 49 början
740 1880 112 23 anser
875 1866 72 49 jag
975 1865 65 37 det
1067 1877 93 24 vara
1188 1861 302 49 otvifvelaktigt,
1524 1866 55 31 att
1607 1860 75 37 den
1705 1859 162 49 nyligen

236 1919 247 36 fullbordade
517 1919 185 36 kostbara
729 1931 114 23 norra
871 1916 232 37 stambanan
1131 1914 86 37 från
1246 1913 155 37 Storvik
1427 1912 60 36 till
1509 1911 254 49 riksgränsen
1788 1915 80 31 mot

236 1970 132 48 Norge
410 1970 99 36 först
542 1970 52 35 då
628 1969 98 36 skall
753 1969 132 35 kunna
914 1972 73 31 rätt
1015 1975 131 40 gagna
1171 1965 47 36 de
1246 1963 240 37 vidsträckta
1513 1962 236 46 landsdelar,
1793 1960 71 37 den

236 2023 228 46 genomgår,
493 2025 69 31 när
590 2020 225 36 densamma
839 2018 167 37 medelst
1027 2017 213 49 jernvägar
1268 2015 42 36 af
1335 2027 148 23 samma
1505 2012 185 50 spårvidd
1711 2011 72 37 och
1802 2011 65 36 be-

236 2070 218 37 skaffenhet
481 2070 12 35 i
521 2070 119 48 öfrigt
669 2084 81 22 som
780 2069 231 37 stambanan
1035 2067 162 37 kommit
1225 2066 12 35 i
1261 2064 224 38 omedelbar
1509 2064 239 36 förbindelse
1778 2062 87 35 med

237 2121 47 41 de
319 2121 147 48 platser
501 2120 65 37 vid
605 2120 288 46 Bottenhafvet,
936 2119 168 36 derifrån
1141 2117 122 37 redan
1292 2129 49 23 nu
1368 2115 214 49 utskeppas
1612 2115 75 36 den
1710 2116 156 32 väsent-

236 2172 141 49 ligaste
419 2171 114 37 delen
572 2172 43 35 af
647 2171 64 36 det
746 2170 81 37 inre
856 2169 154 37 landets
1038 2166 334 50 hufvudprodukt,
1401 2171 187 41 trävaror,
1617 2164 165 37 likasom
1811 2168 56 30 att

235 2223 129 37 denna
399 2222 201 37 stambana
640 2221 138 36 endast
811 2234 141 35 genom
986 2219 240 37 tillkomsten
1251 2218 43 36 af
1322 2217 145 38 sådana
1491 2215 256 39 förbindelse-
1772 2213 93 37 eller

236 2274 266 48 utfartsvägar
531 2272 97 37 skall
656 2272 129 36 kunna
814 2271 164 36 beredas
1008 2271 74 36 den
1111 2269 63 36 väl
1201 2269 196 48 behöfliga
1421 2268 183 46 inkomst,
1626 2279 79 24 som
1727 2265 138 49 påräk-
