2252 2798
483 258 39 32 10
693 255 236 34 Sammansatta
953 253 132 33 Banko-
1108 252 54 33 och
1185 251 256 42 Lag-Utskottets
1471 251 170 33 Utlåtande
1665 252 62 32 N:o
1749 253 58 38 2...

440 338 113 38 skilda
580 337 182 37 bankerna
801 336 52 37 för
893 335 221 37 närvarande
1142 338 59 33 äro
1234 334 217 48 berättigade
1479 337 51 32 att
1556 334 136 47 utgifva
1721 333 113 37 sedlar
1863 332 20 36 å
1911 336 129 32 smärre

438 391 146 46 valörer,
614 395 45 31 än
686 390 214 36 motionären
928 388 62 35 vill
1017 388 52 36 för
1096 387 186 36 framtiden
1309 387 123 35 tillåta.

567 443 179 36 Utskottet
784 442 72 35 kan
882 440 110 36 likväl
1032 441 77 35 icke
1142 440 52 35 för
1223 440 53 35 sin
1305 440 52 35 del
1387 452 48 23 nu
1463 438 176 48 tillstyrka
1666 438 108 47 bifall,
1802 437 159 37 hvarken
1989 436 53 37 till

439 496 172 49 yrkandet
639 508 54 23 om
734 495 128 35 minsta
902 492 256 37 sedelvalörens
1187 491 258 38 bestämmande
1474 490 53 36 till
1559 492 46 34 20
1634 489 95 49 R:dr,
1758 494 45 32 än
1829 489 133 37 mindre
1989 489 53 36 till

439 549 94 37 Herr
559 547 138 37 Noréns
725 545 263 48 framställning.

567 600 142 43 Oafsedt
736 600 41 35 de
805 598 85 36 flera
919 597 306 48 omständigheter,
1255 609 71 24 som
1354 595 123 37 härvid
1506 599 59 32 äro
1593 598 51 32 att
1670 599 83 44 taga
1772 595 11 35 i
1801 593 240 44 betraktande,

439 655 112 35 finner
578 653 180 36 Utskottet
784 652 116 46 någon
930 650 148 47 ändring
1114 650 53 36 för
1208 648 217 37 närvarande
1454 648 78 35 utaf
1556 660 47 23 nu
1630 647 163 48 gällande
1822 645 220 38 bestämmel-

441 720 54 23 ser
523 707 76 36 icke
627 705 191 48 lämpligen
847 705 86 35 böra
961 702 231 48 ifrågasättas,
1220 702 43 35 då
1291 701 131 47 förslag
1451 704 59 32 äro
1539 703 50 33 att
1617 700 160 36 förvänta
1805 712 54 23 om
1887 699 84 35 flera
1990 698 53 35 in-

440 758 170 49 gripande
651 757 190 47 ändringar
869 756 11 36 i
907 755 93 36 hvad
1042 767 73 24 som
1155 760 95 31 rörer
1278 753 357 50 penningeväsendet;
1664 752 64 35 och
1755 752 58 36 det
1839 752 205 46 ifrågasatta

442 811 161 35 förbudet
629 814 71 30 mot
726 809 206 46 utgifvande
976 808 78 34 från
1083 808 159 34 enskilda
1269 807 134 35 banker
1433 805 38 36 af
1495 805 112 35 sedlar
1635 805 20 35 å
1683 808 132 32 smärre
1843 804 137 36 valörer
2007 803 38 35 så

441 862 141 49 mycket
608 860 136 36 mindre
772 860 98 35 torde
897 871 84 38 vara
1010 859 37 42 af
1070 859 116 46 någon
1220 858 77 34 från
1326 869 137 34 omsorg
1491 868 54 23 om
1573 856 363 47 penningeväsendets
1964 854 80 35 soli-

442 916 84 35 ditet
552 913 145 36 härledd
726 911 269 48 nödvändighet,
1024 923 73 24 som
1123 910 12 36 i
1162 909 63 37 allt
1252 909 61 37 fall
1340 908 218 48 silfvermynt
1585 908 11 35 i
1623 907 217 49 betydligare
1868 907 81 35 mån
1968 906 77 35 icke

443 967 200 47 derigenom
682 966 138 35 komme
863 968 49 30 att
945 963 110 36 blifva
1084 962 120 48 spridt,
1232 963 38 34 så
1298 962 103 46 länge
1429 960 230 36 Riksbanken
1686 960 120 35 fortfar
1834 963 51 31 att
1911 958 136 47 utgifva

449 1019 113 36 sedlar
591 1018 21 35 å
640 1017 53 36 till
721 1017 64 36 och
813 1016 80 36 med
924 1018 16 33 1
971 1014 96 36 RB:dr.

568 1070 181 37 Utskottet
775 1068 201 37 hemställer
1003 1066 225 47 fördenskull,

768 1123 67 46 1:0)
864 1124 50 32 att
940 1120 94 35 Herr
1062 1120 32 36 8.
1122 1119 39 36 F.
1189 1118 136 35 Noréns
1353 1116 130 36 motion
1511 1116 77 36 icke
1617 1116 56 35 må
1701 1115 52 36 till
1781 1116 116 46 någon
1924 1113 122 48 åtgärd

853 1172 196 46 föranleda;

762 1226 69 47 2:0)
860 1228 50 32 att
937 1224 202 47 Riksdagen
1181 1224 78 35 icke
1295 1222 106 35 måtte
1429 1224 129 44 antaga
1585 1219 93 37 Herr
1705 1218 44 37 A.
1777 1219 139 36 Medins
1944 1218 104 35 ofvan

860 1277 147 36 anförda
1036 1276 139 47 förslag.

574 1329 95 37 Herr
711 1329 35 36 A
788 1329 37 36 0.
861 1327 218 47 Wallenberg
1105 1328 65 35 har
1209 1328 93 34 inom
1342 1326 126 35 Första
1495 1324 227 46 Kammaren,
1749 1324 51 34 uti
1829 1323 129 35 motion
1984 1322 65 34 N:o

447 1385 58 44 35,
534 1382 180 48 föreslagit
740 1380 218 48 Riksdagen,
988 1384 51 32 att
1065 1380 63 35 hos
1156 1378 130 47 Kongl.
1315 1377 101 47 Maj:t
1431 1376 142 36 anhålla
1594 1388 54 23 om
1669 1375 189 47 intagande
1877 1374 45 47 på
1939 1373 112 47 lämp-

445 1435 66 47 ligt
553 1434 100 36 ställe
688 1435 5 35 i
721 1433 131 47 Kongl.
894 1432 246 47 Kungörelsen
1181 1431 38 35 af
1255 1430 68 36 den
1365 1431 47 34 20
1440 1428 71 48 Maj
1546 1430 108 44 1864,
1683 1426 182 49 angående
1893 1425 159 38 enskilda

445 1487 134 35 banker
620 1486 78 36 med
738 1489 71 32 rätt
849 1488 51 32 att
939 1484 134 46 utgifva
1114 1495 89 35 egna
1231 1481 222 46 banksedlar,
1481 1480 39 35 af
1543 1483 49 32 ett
1620 1480 38 35 så
1684 1478 196 36 beskaffadt
1907 1477 144 47 tillägg:

447 1537 206 38 ”banksedel
696 1537 89 37 skall
827 1536 242 47 ovilkorligen,
1111 1534 42 36 då
1182 1534 68 35 den
1277 1534 12 34 i
1315 1533 158 35 bankens
1499 1531 263 35 hufvudkontor
1790 1530 54 35 till
1871 1528 182 46 invexling

431 1591 156 46 sföretes,
615 1590 132 35 inlösas
774 1588 77 36 med
880 1587 191 48 klingande
1100 1590 99 44 mynt
1226 1586 85 35 efter
1338 1583 234 37 banksedelns
1599 1583 159 48 lydelse.”

628 1643 113 45 sigten
770 1644 50 32 att
847 1640 123 46 hvarje
998 1637 302 48 sedelutgifvande
1316 1636 93 36 bank
1438 1635 60 37 bör
1525 1648 85 23 vara
1637 1635 102 46 ålagd
1769 1637 52 32 att
1848 1633 81 48 sjelf
1952 1632 102 36 infria

448 1695 77 35 sina
552 1693 213 37 banksedlar
793 1692 79 36 med
900 1691 192 47 klingande
1120 1694 109 43 mynt,
1255 1688 97 36 torde
1368 1688 107 35 vinna
1503 1687 62 35 allt
1591 1699 96 23 mera
1714 1685 241 42 erkännande;
1974 1696 81 22 men

449 1745 180 38 Utskottet
656 1745 111 37 finner
795 1744 52 47 sig
874 1743 111 36 likväl
1012 1742 77 36 icke
1110 1742 53 36 för
1177 1740 220 36 närvarande
1426 1739 120 35 kunna
1573 1738 175 48 tillstyrka
1776 1738 67 34 den
1871 1736 39 35 af
1932 1735 122 36 motio-

453 1802 111 32 nären
591 1798 123 47 gjorda
740 1796 270 46 framställning.

584 1848 46 36 Så
656 1850 106 45 länge
790 1847 220 48 grundlagen
1038 1845 171 36 förklarar
1235 1844 248 36 Riksbankens
1511 1842 112 36 sedlar
1650 1853 85 24 vara
1763 1840 162 48 gällande
1944 1839 112 36 såsom

450 1905 100 45 mynt
579 1901 63 36 och
672 1901 11 35 i
711 1899 87 48 följd
826 1899 98 36 deraf
950 1898 122 47 hvarje
1100 1897 135 37 Svensk
1262 1908 83 24 man
1372 1899 39 32 är
1437 1894 195 48 berättigad
1662 1897 50 32 att
1739 1893 54 36 till
1812 1904 116 25 annan
1948 1891 108 36 sådan

449 1953 154 47 fullgöra
630 1952 181 47 betalning
839 1951 78 36 med
945 1950 247 36 Riksbankens
1220 1949 124 46 sedlar,
1373 1947 122 46 skulle,
1525 1959 55 24 om
1608 1951 46 31 än
1679 1945 158 36 enskilda
1856 1943 200 47 sedelutgif-

450 2006 115 35 vande
606 2005 134 35 banker
780 2003 186 47 rättsligen
1005 2002 119 35 kunde
1165 2013 124 35 genom
1332 1999 166 36 särskildt
1537 1998 173 36 förbebåll
1738 1998 11 35 i
1778 1997 99 36 deras
1905 1995 153 47 oktrojer

450 2057 224 47 undantagas
703 2056 77 35 från
810 2056 113 35 denna
952 2054 178 35 allmänna
1157 2053 178 46 rättighet,
1364 2051 126 36 sådant
1515 2050 111 36 likväl
1653 2050 77 35 icke
1759 2049 146 35 allenast
1931 2051 127 43 utgöra

452 2122 43 23 en
522 2108 194 47 obillighet,
757 2110 84 33 utan
872 2107 120 35 kunna
1036 2106 72 35 föra
1138 2105 100 36 dessa
1266 2103 235 47 inrättningar
1528 2102 53 35 till
1608 2102 89 35 ruin.
1751 2101 18 35 I
1797 2101 67 35 den
1892 2098 166 37 händelse

450 2160 176 47 nemligen
655 2164 60 42 att,
756 2159 94 35 hvad
891 2171 44 23 en
961 2158 183 46 beklaglig
1173 2156 199 36 erfarenhet
1399 2155 90 34 visat
1515 2166 83 23 vara
1629 2154 144 47 möjligt,
1801 2153 58 34 det
1887 2152 89 47 ånyo
2004 2150 52 35 in-

451 2212 146 36 träffade
638 2215 51 32 att
728 2210 231 36 Riksbanken
1001 2209 178 47 nödgades
1220 2207 142 36 inställa
1402 2206 226 46 betalningen
1669 2205 38 35 af
1737 2205 76 35 sina
1840 2203 113 36 sedlar
1979 2201 79 36 med

452 2264 195 47 klingande
673 2266 99 45 mynt
801 2262 75 47 och,
905 2262 113 35 såsom
1046 2260 43 36 då
1118 2260 146 36 ofelbart
1290 2259 114 35 bletve
1431 2258 202 46 händelsen,
1662 2257 100 35 dessa
1789 2256 121 48 gjönko
1929 2254 12 36 i
1955 2254 103 35 verk-

453 2316 66 48 ligt
545 2315 118 47 värde,
691 2314 111 37 under
830 2314 59 36 det
917 2314 177 35 desamma
1123 2312 88 36 dock
1240 2310 179 48 tvångsvis
1444 2310 143 35 fortfore
1615 2313 51 31 att
1693 2312 125 44 utgöra
1845 2307 127 46 lagligt
1999 2305 59 35 be-

454 2367 270 48 talningsmedel
764 2367 53 35 till
855 2365 289 46 nominalvärdet,
1173 2365 38 34 så
1244 2363 64 35 och
1336 2363 44 34 då
1408 2361 160 36 enskilda
1594 2361 180 35 bankerna
1801 2358 149 48 alltjemt
1976 2369 82 24 vore

455 2425 160 42 tvungna
644 2420 20 34 å
692 2431 66 23 ena
798 2418 100 36 sidan
934 2421 49 32 att
1009 2416 55 36 till
1091 2414 279 38 nominalvärdet
1398 2417 155 42 mottaga
1580 2410 303 39 riksbankssedlar
1910 2410 11 36 i
1948 2408 110 37 betal-
