2202 2644
537 176 418 32 Konstitutionsutskottets
984 176 173 33 Utlåtande
1180 176 64 32 N:o
1267 178 52 30 28.
1700 180 18 28 3

166 259 116 36 anledt
316 259 38 36 af
395 261 110 33 annat
536 258 14 36 i
588 271 138 24 samma
757 259 129 36 motion
926 259 202 36 framstäldt
1167 258 317 48 ändringsförslag,
1527 259 154 36 deröfver
1709 263 55 32 ut-

166 313 125 35 skottet
320 313 13 34 i
362 312 180 36 utlåtande
571 324 58 24 n:o
665 313 44 36 13
738 313 106 35 redan
873 312 141 49 afgifvit
1041 312 172 47 yttrande.

270 366 222 36 Beträffande
537 367 176 35 motionen
745 367 13 35 i
792 366 238 48 föreliggande
1062 366 106 46 delar,
1202 368 42 34 så
1280 366 119 46 hafva,
1436 368 115 34 såsom
1580 366 109 36 kändt
1717 370 48 42 är,

165 420 284 48 grundlagarnes
486 420 261 36 bestämmelser
780 420 123 45 derom,
937 421 13 34 i
992 420 128 35 hvilka
1155 420 119 47 frågor
1309 432 202 36 gemensam
1547 420 220 48 omröstning

166 473 94 36 skall
306 485 66 36 ega
411 485 88 34 rum,
536 473 71 36 ofta
636 475 94 34 varit
757 472 144 37 föremål
928 474 53 35 för
1008 474 96 35 olika
1131 474 207 47 tolkningar
1374 474 62 35 och
1474 474 60 35 vid
1568 473 88 36 flera
1690 473 74 36 till-

164 527 109 36 fällen
310 527 107 48 gifvit
452 527 194 48 anledning
680 527 57 36 till
779 527 193 48 allvarliga
1008 527 453 48 meningsskiljaktigheter
1495 527 132 36 mellan
1662 527 101 36 kam-

164 593 112 24 rarne.
332 581 91 35 Lika
450 581 75 35 med
554 581 214 35 motionären
787 581 115 36 finner
932 581 165 36 utskottet
1120 580 113 36 derför
1257 584 48 32 ett
1330 580 258 48 förtydligande
1609 581 38 35 af
1664 581 101 35 dessa

165 635 259 35 bestämmelser
450 634 14 35 i
482 635 168 35 ändamål
670 639 59 41 att,
750 633 39 37 så
805 635 74 35 vidt
898 635 143 47 möjligt,
1069 634 213 36 förekomma
1310 634 225 48 stridigheter
1555 635 39 35 af
1610 635 155 35 nämnda

165 692 55 32 art
247 700 89 24 vara
364 688 152 36 särdeles
545 688 166 48 önskligt.
767 689 226 47 Visserligen
1021 700 106 24 anser
1151 688 166 35 utskottet
1336 688 54 35 det
1410 700 89 24 vara
1518 688 75 35 med
1614 700 149 34 synner-

165 742 95 47 ligen
306 746 96 32 stora
446 740 222 49 svårigheter
703 742 157 36 förenadt
898 746 51 32 att
984 740 244 38 åstadkomma
1262 753 44 24 en
1344 742 110 35 sådan
1489 742 206 47 förändring
1730 742 38 35 af

164 795 271 48 ifrågavarande
471 795 229 48 stadganden,
729 800 51 31 att
808 796 196 47 derigenom
1032 796 55 35 det
1116 795 160 46 åsyftade
1304 795 200 36 ändamålet
1533 795 116 35 skulle
1677 796 12 34 i
1710 795 53 36 af-

165 850 122 34 sevärd
325 847 84 37 mån
446 849 112 35 blifva
585 849 263 48 förverkligadt,
877 861 79 24 men
984 849 128 47 frågan
1141 849 68 35 har
1236 848 85 36 dock
1350 852 102 43 synts
1481 849 168 35 utskottet
1677 861 88 23 vara

165 902 38 36 af
228 903 65 35 den
321 903 87 47 vigt,
437 906 51 32 att
515 902 177 46 utskottet,
716 903 52 35 för
797 907 50 31 att
876 915 53 23 om
958 903 138 47 möjligt
1124 903 127 47 bringa
1279 902 206 36 densamma
1513 906 164 32 närmare
1707 903 56 35 sin

164 956 151 48 lösning,
350 956 119 35 funnit
504 957 57 46 sig
595 957 83 35 böra
703 956 212 36 föranstalta
950 968 53 24 om
1038 957 199 46 utredning,
1271 956 94 35 huru
1404 956 102 35 dessa
1546 956 216 47 stadganden

164 1010 84 35 efter
280 1010 54 35 det
362 1022 73 34 nya
462 1010 451 47 representationsskickets
942 1010 182 35 införande
1152 1010 204 46 tillämpats.
1412 1009 124 36 Ehuru
1565 1010 115 35 denna
1707 1013 56 32 ut-

163 1063 158 48 redning,
350 1063 80 36 med
457 1064 184 47 undantag
669 1064 38 35 af
733 1064 39 35 de
801 1064 77 35 utaf
895 1064 234 47 bevillnings-
1150 1064 63 35 och
1232 1063 298 36 bankoutskotten
1550 1063 215 36 behandlade

163 1118 125 47 frågor,
317 1129 49 23 nu
394 1117 184 48 föreligger
605 1117 125 48 färdig,
758 1118 67 35 har
859 1118 94 35 tiden
981 1117 85 36 dock
1095 1118 94 35 varit
1217 1117 117 36 alltför
1362 1117 136 47 knappt
1527 1117 155 44 tillmätt,
1712 1117 53 35 för

164 1174 51 33 att
249 1171 168 35 utskottet
454 1171 115 35 skulle
604 1171 139 36 kunnat
780 1175 84 44 taga
897 1172 65 35 den
995 1171 235 47 fullständiga
1262 1170 195 36 kännedom
1489 1182 53 24 om
1570 1171 194 35 resultaten

164 1224 106 46 deraf,
308 1224 167 36 utskottet
501 1224 53 35 för
582 1223 147 49 frågans
757 1224 232 48 fullständiga
1016 1224 167 48 pröfning
1212 1228 118 32 ansett
1358 1224 114 47 nödig.

268 1278 53 35 På
349 1278 115 47 grund
491 1278 106 35 häraf
623 1278 204 35 hemställer
854 1278 174 45 utskottet,

687 1387 50 33 att
764 1385 174 35 motionen
965 1385 13 34 i
1005 1384 227 36 förevarande
1260 1384 97 36 delar
1384 1384 76 35 icke
1488 1386 59 33 må
1565 1384 57 35 till
1650 1385 113 46 någon

590 1438 224 48 Riksdagens
844 1438 122 48 åtgärd
993 1438 191 36 föranleda.

272 1544 200 37 Stockholm
502 1545 65 36 den
598 1545 48 35 22
677 1546 92 46 april
802 1545 110 36 1893.

739 1650 51 37 På
824 1652 183 35 utskottets
1038 1655 153 44 vägnar:

825 1759 36 34 0.
890 1757 218 36 BERGIUS.
