1888 2778
266 142 17 27 4
599 145 116 29 Andra
734 147 234 35 lagutskottets
985 148 173 31 utlåtande
1176 160 40 19 nr
1234 152 37 28 18
1289 151 37 30 år
1344 154 76 28 1963

265 248 112 29 finner
392 249 114 30 därför
519 251 69 29 inte
602 252 74 29 skäl
690 253 52 28 till
755 252 102 38 något
869 254 120 31 sådant
1002 256 196 37 riksdagens
1212 258 146 31 initiativ
1371 268 72 21 som
1456 260 140 31 föreslås
1609 263 12 28 i
1634 263 119 29 motio-

265 309 114 22 nerna.

305 355 115 29 Under
432 356 201 38 hänvisning
646 358 53 29 till
712 358 56 29 det
781 360 141 29 anförda
935 360 54 30 får
1001 362 164 30 utskottet
1178 363 185 37 hemställa,

623 413 50 27 att
692 411 222 31 förevarande
933 415 173 35 motioner,
1126 416 26 28 I:
1165 417 58 28 372
1244 417 61 29 och
1324 418 41 28 II:
1378 419 68 35 445,
1467 419 72 29 icke
1559 419 106 31 måtte
1683 421 70 29 för-

582 464 121 29 anleda
715 464 110 37 någon
838 466 195 37 riksdagens
1047 467 127 38 åtgärd.

304 514 194 30 Stockholm
511 516 65 29 den
590 517 37 28 14
641 526 89 20 mars
746 519 75 28 1963

722 596 47 31 På
785 598 104 29 andra
905 599 236 36 lagutskottets
1157 602 137 35 vägnar:

854 669 117 29 AXEL
989 671 172 29 STRAND

300 877 63 28 Vid
377 878 92 28 detta
482 879 140 29 ärendes
636 879 201 37 behandling
852 882 61 28 har
926 884 150 28 närvarit

299 938 78 30 från
400 940 132 29 första
555 941 207 30 kammaren:
786 943 118 29 herrar
927 945 132 35 Strand,
1083 946 73 29 Nils
1179 947 179 36 Elowsson,
1382 949 87 28 Axel
1492 949 176 36 Svensson,
1693 951 56 29 fru

260 983 177 36 Carlqvist,
473 985 116 29 herrar
624 987 157 35 Nyman",
816 988 192 36 Häbinette,
1043 990 80 29 Erik
1159 991 85 36 Filip
1279 992 175 29 Petersson
1489 994 61 28 och
1584 994 164 30 Thorsten

259 1028 154 35 Larsson;

297 1071 78 30 från
400 1073 127 30 andra
552 1075 206 29 kammaren:
785 1076 117 29 herrar
927 1078 132 29 Nilsson
1085 1080 11 27 i
1122 1080 177 36 Göteborg,
1326 1081 103 35 Odhe,
1455 1082 120 29 fröken
1599 1079 147 45 Sandell,

257 1117 118 28 herrar
391 1118 156 29 Wiklund
563 1120 11 27 i
591 1120 202 35 Stockholm,
811 1122 225 35 Fredriksson,
1054 1124 144 28 Jönsson
1214 1125 10 27 i
1241 1125 304 37 Ingemarsgården,
1562 1127 185 36 Björkman

258 1162 61 27 och
334 1162 148 29 Gomér”.

258 1247 24 25 +)
296 1247 37 29 Ej
349 1247 187 25 närvarande
549 1250 49 23 vid
612 1249 183 26 utlåtandets
809 1252 155 29 justering.

751 2565 82 26 Tryck:
852 2565 150 27 Rotopress,
1018 2567 144 22 Stockholm
1179 2568 52 21 1963
