2220 2661
436 201 63 31 164
817 200 404 34 Konstitutionsutskottets
1250 201 168 34 Utlåtande
1441 203 62 31 N:o
1527 205 28 31 7.

390 281 218 50 Diagnosen
651 280 190 37 försvåras
876 281 81 37 icke
985 281 96 37 blott
1110 282 41 36 af
1176 283 45 36 de
1250 283 126 49 gamla
1404 283 251 50 köpingarne,
1684 289 94 32 utan
1807 285 116 37 äfven
1951 286 41 37 af

390 335 119 36 andra
549 334 293 37 mellanformer.
899 334 48 38 Vi
979 335 48 36 ha
1055 335 119 37 redan
1204 335 294 51 antydningsvis
1527 341 196 32 omnämnt
1752 337 125 38 denna
1904 343 82 46 typ,

389 401 208 36 uppvuxen
636 388 12 35 i
690 387 126 37 skötet
858 388 40 36 af
935 390 68 34 vår
1043 388 74 36 tids
1146 389 236 36 industriella
1410 389 70 37 och
1509 390 389 37 kommunikatoriska
1926 397 60 30 ut-

389 439 190 51 veckling.
635 439 79 37 Här
755 442 77 34 står
872 440 244 49 lagstiftaren
1157 441 102 37 inför
1301 446 54 32 ett
1393 442 210 48 alternativ,
1634 456 81 23 som
1743 443 155 37 kräfver
1926 444 60 37 sin

389 493 185 36 särskilda
610 492 305 50 undersökning:
958 493 107 37 skola
1102 494 109 37 dessa
1240 494 87 49 ”nya
1355 494 138 37 städer
1521 518 50 4 —
1600 498 123 34 såsom
1753 496 107 38 dessa
1888 510 97 24 sam-

389 546 126 36 hällen
543 545 255 37 betecknades
828 546 41 36 af
894 559 48 23 en
970 546 119 37 talare
1116 546 12 36 i
1156 546 136 37 Första
1319 547 230 37 Kammaren
1579 550 99 35 1904
1706 571 51 4 —
1780 550 65 35 vid
1864 550 120 36 indel-

387 599 147 49 ningen
562 598 12 37 i
601 597 212 37 valkretsar
841 598 164 37 tilldelas
1033 598 287 50 landsbygdens
1349 600 90 36 eller
1467 600 155 37 stadens
1650 600 199 50 kategori?

516 650 216 38 Problemet
760 650 150 50 förelåg
937 651 82 37 icke
1047 651 60 37 för
1137 653 96 35 1866
1264 655 60 34 års
1352 652 228 49 lagstiftare,
1609 658 43 45 ty
1678 653 46 37 då
1742 667 70 23 var
1831 654 155 37 skillna-

387 703 73 36 den
489 703 161 35 emellan
677 702 90 36 land
795 703 69 35 och
894 703 83 35 stad
1004 707 101 31 ännu
1125 706 40 33 så
1185 704 95 48 godt
1300 717 80 23 som
1401 705 201 48 ogrumlad
1622 706 40 35 af
1678 705 130 49 dylika
1828 706 157 36 mellan-

386 755 153 37 former.
596 755 56 36 De
699 754 117 37 funno
859 755 158 37 framför
1061 755 60 49 sig
1163 756 41 36 af
1240 755 105 38 detta
1387 756 84 49 slag
1507 757 133 37 endast
1668 757 192 50 köpingar
1888 764 98 31 samt

387 808 177 36 städerna
592 812 92 31 utan
712 820 100 35 egen
835 807 250 50 jurisdiktion
1107 808 248 49 (Trelleborg,
1378 808 217 49 Skellefteå,
1616 809 220 54 Borgholm,
1856 810 128 50 Hapa-

385 859 149 50 randa);
579 859 85 37 dem
706 859 108 37 förde
856 859 46 37 de
930 865 94 32 utan
1053 860 145 37 tvekan
1225 863 49 47 på
1301 861 287 50 landsbygdens
1617 862 128 37 konto.
1801 865 55 34 Ar
1886 864 97 36 1873

386 912 287 50 öfverflyttades
715 912 237 37 sistnämnda
991 913 178 49 kategori
1209 913 59 36 till
1306 914 188 37 städerna.
1550 914 250 50 Köpingarne
1830 915 154 37 kvarstå

386 965 171 36 däremot
585 969 101 32 ännu
714 967 48 47 på
790 965 288 49 landsbygdens
1106 966 180 49 politiska
1314 966 168 50 räkning
1511 966 135 50 (enligt
1674 968 213 49 uttrycklig
1919 968 65 36 be-

385 1017 218 37 stämmelse
632 1018 12 36 i
672 1016 396 51 riksdagsordningen
1098 1018 20 49 $
1150 1020 59 46 13,
1240 1031 110 24 mom.
1382 1018 49 50 2),
1450 1019 70 37 och
1547 1019 247 49 naturligtvis
1819 1025 42 31 är
1881 1020 104 37 detta

384 1070 115 37 också
520 1070 106 36 fallet
653 1070 87 36 med
769 1070 45 36 de
843 1070 86 49 nya
958 1071 200 47 städerna',
1188 1084 81 23 som
1293 1071 44 49 ju
1365 1071 115 49 länge
1508 1071 82 37 icke
1620 1085 66 24 ens
1710 1072 12 36 i
1742 1072 241 37 administra-

384 1123 72 36 tivt
484 1122 220 55 hänseende
734 1122 119 37 skilde
884 1123 60 50 sig
972 1123 84 37 från
1086 1124 73 36 den
1188 1123 247 49 omgifvande
1464 1124 165 49 bygden.

512 1178 55 32 Ar
611 1176 96 34 1898
752 1175 142 35 skedde
936 1176 232 35 härutinnan
1210 1176 73 35 den
1325 1176 119 36 första
1477 1177 287 49 förändringen,
1794 1177 12 35 i
1836 1177 64 36 det
1929 1183 55 30 att

383 1226 392 50 tilläggsparagrafen
791 1227 76 36 801
883 1227 130 49 kungl.
1026 1228 278 49 förordningen
1319 1241 60 23 om
1395 1229 381 49 kommunalstyrelse
1792 1231 48 46 på
1854 1229 130 37 landet

385 1279 289 36 konstituerade
717 1282 40 33 så
799 1279 147 37 kallade
974 1280 418 49 municipalsamhällen
1421 1281 86 37 med
1536 1294 48 23 en
1611 1282 77 36 viss
1717 1281 264 49 själfstyrelse.

383 1331 166 37 Därmed
578 1344 66 23 var
672 1331 136 49 frågan
837 1344 61 23 om
927 1332 110 36 deras
1064 1332 180 49 politiska
1274 1333 184 48 ställning
1477 1333 113 49 bragt
1609 1337 49 46 på
1678 1334 304 49 dagordningen,

384 1383 70 37 och
495 1383 64 37 det
601 1383 122 36 skulle
764 1397 51 22 nu
854 1383 82 37 icke
964 1384 109 50 dröja
1100 1384 128 49 länge,
1258 1385 129 36 förrän
1415 1385 73 37 den
1517 1386 171 36 infördes
1716 1386 13 36 i
1757 1385 73 37 den
1857 1386 125 49 parla-

383 1436 234 36 mentariska
646 1435 277 37 diskussionen.

511 1488 17 36 I
556 1488 145 37 motion
729 1501 61 23 n:o
824 1490 69 34 179
922 1488 56 37 till
1008 1488 131 37 Andra
1167 1489 229 36 Kammaren
1427 1491 98 35 1900
1554 1490 117 37 fästes
1698 1490 284 50 uppmärksam-

382 1540 115 36 heten
537 1541 65 36 vid
644 1541 59 35 'en
744 1541 143 48 mängd
928 1541 191 49 köpingar
1160 1541 70 36 och
1271 1542 431 48 municipalsamhällen,
1733 1556 80 23 som
1843 1543 11 35 i
1882 1542 98 36 folk-

382 1592 144 49 mängd
568 1592 156 49 öfvergå
763 1606 47 23 en
839 1592 215 49 betydande
1083 1593 60 37 del
1171 1593 126 37 städer
1326 1594 70 36 och
1424 1594 33 49 ej
1489 1594 111 49 skilja
1629 1594 60 49 sig
1717 1595 85 36 från
1831 1594 110 37 dessa
1969 1595 12 36 i

384 1644 118 36 andra
542 1645 217 48 väsentliga
799 1645 256 48 hänseenden,
1085 1650 48 32 än
1167 1650 56 31 att
1251 1646 45 36 de
1324 1645 118 37 sakna
1471 1659 98 36 egen
1592 1647 258 49 jurisdiktion.
1908 1647 74 36 Det

382 1696 127 37 kunde
552 1702 118 31 sättas
699 1697 12 36 i
738 1697 123 48 fråga,
892 1710 60 23 om
994 1697 110 37 dessa
1146 1698 209 36 samhällen
1384 1698 235 37 fortfarande
1648 1699 117 37 borde
1795 1699 101 49 välja
1924 1712 58 23 re-

381 1754 225 43 presentant
633 1749 59 36 till
728 1749 131 36 Andra
887 1749 230 37 Kammaren
1145 1755 239 44 gemensamt
1411 1750 88 37 med
1526 1751 291 49 landsbygden”.
1874 1751 16 36 I
1916 1765 64 23 an-

381 1801 173 49 slutning
590 1801 130 36 härtill
749 1802 173 36 anmälde
951 1805 99 33 årets
1078 1802 424 37 konstitutionsutskott
1530 1804 116 36 äfven
1675 1804 124 36 denna
1828 1804 69 36 sak
1924 1803 58 37 till

383 1853 216 49 utredning,
630 1853 147 37 hvilket
806 1853 113 37 också
946 1854 81 36 blef
1047 1854 243 48 Riksdagens
1309 1855 125 36 beslut
1453 1860 93 32 utan
1565 1856 166 49 mycken
1751 1856 228 37 diskussion.

511 1906 143 48 Kungl.
698 1906 111 49 Maj:t
849 1906 273 49 tillmötesgick
1163 1907 83 36 icke
1287 1906 121 38 heller
1436 1907 124 37 denna
1589 1909 170 48 begäran
1787 1908 66 37 vid
1883 1909 98 36 1902

382 1960 60 34 års
469 1958 169 48 riksdag,
669 1971 88 23 men
785 1958 12 36 i
826 1958 127 37 stället
985 1963 170 45 upptogs
1175 1959 145 37 tanken
1337 1959 41 37 af
1398 1960 171 37 enskilda
1589 1960 210 37 ledamöter
1817 1961 12 36 i
1848 1960 130 37 Andra

368 2008 245 39 Kammaren
640 2010 13 36 i
681 2011 188 36 motioner
909 2011 72 36 n:is
1020 2012 70 35 195
1134 2012 70 36 och
1244 2013 82 35 196.
1382 2012 85 36 Den
1495 2012 264 37 förstnämnda
1787 2013 194 36 motionen

381 2066 42 31 är
451 2062 180 37 särskildt
672 2062 165 49 märklig
865 2062 79 37 dels
973 2063 140 48 därför,
1143 2068 55 32 att
1226 2064 74 36 den
1329 2068 118 32 sätter
1475 2069 55 31 ett
1558 2065 375 48 befolkningsstreck
1961 2068 20 33 å

382 2115 113 46 1,000
536 2127 181 37 personer
760 2128 80 23 som
882 2115 137 36 villkor
1059 2115 58 36 för
1158 2116 215 49 köpingens
1416 2116 90 36 eller
1547 2117 432 49 municipalsamhällets

380 2165 159 37 förande
567 2167 58 35 till
653 2167 95 47 stad,
779 2167 79 36 dels
887 2167 130 36 därför
1044 2172 55 31 att
1128 2167 75 36 den
1231 2168 242 36 kombinerar
1497 2168 123 37 denna
1638 2170 141 35 reform
1800 2169 86 36 med
1906 2169 74 36 den

380 2222 169 32 närmast
577 2218 102 37 förut
707 2219 69 36 här
804 2219 115 36 ofvan
946 2220 180 36 nämnda:
1156 2220 268 48 landsbygden
1453 2220 120 37 skulle
1601 2221 146 37 således
1775 2221 13 35 i
1806 2220 174 50 politiskt

378 2269 220 38 hänseende
626 2270 142 37 befrias
796 2270 96 37 både
920 2271 86 37 från
1034 2272 198 37 städernas
1261 2271 172 38 starkare
1461 2273 305 49 representation
1795 2273 72 36 och
1896 2273 84 37 från

379 2321 46 36 de
467 2322 87 49 ”nya
596 2322 207 37 städernas”
846 2323 250 37 konkurrens.
1153 2323 48 38 Så
1242 2324 109 49 långt
1392 2324 149 49 vågade
1573 2325 84 37 icke
1687 2324 292 38 konstitutions-
