<?xml version="1.0" encoding="UTF-8"?>
<alto xmlns="http://www.loc.gov/standards/alto/ns-v3#" xmlns:xlink="http://www.w3.org/1999/xlink" xmlns:xsi="http://www.w3.org/2001/XMLSchema-instance" xsi:schemaLocation="http://www.loc.gov/standards/alto/ns-v3# http://www.loc.gov/alto/v3/alto-3-0.xsd">
	<Description>
		<MeasurementUnit>pixel</MeasurementUnit>
		<sourceImageInformation>
			<fileName>/tmp/tess_6f6om2ig_input.PNG</fileName>
		</sourceImageInformation>
		<OCRProcessing ID="OCR_0">
			<ocrProcessingStep>
				<processingSoftware>
					<softwareName>tesseract 5.3.0</softwareName>
				</processingSoftware>
			</ocrProcessingStep>
		</OCRProcessing>
	</Description>
	<Layout>
		<Page WIDTH="2191" HEIGHT="2662" PHYSICAL_IMG_NR="0" ID="page_0">
			<PrintSpace HPOS="0" VPOS="0" WIDTH="2191" HEIGHT="2662">
				<ComposedBlock ID="cblock_0" HPOS="418" VPOS="205" WIDTH="1124" HEIGHT="36">
					<TextBlock ID="block_0" HPOS="418" VPOS="205" WIDTH="1124" HEIGHT="36">
						<TextLine ID="line_0" HPOS="418" VPOS="205" WIDTH="1124" HEIGHT="36">
							<String ID="string_0" HPOS="418" VPOS="207" WIDTH="63" HEIGHT="34" WC="0.96" CONTENT="226"/><SP WIDTH="324" VPOS="207" HPOS="481"/>
							<String ID="string_1" HPOS="805" VPOS="206" WIDTH="400" HEIGHT="33" WC="0.90" CONTENT="Konstitutionsutskottets"/><SP WIDTH="29" VPOS="206" HPOS="1205"/>
							<String ID="string_2" HPOS="1234" VPOS="205" WIDTH="168" HEIGHT="34" WC="0.80" CONTENT="Utlåtande"/><SP WIDTH="24" VPOS="205" HPOS="1402"/>
							<String ID="string_3" HPOS="1426" VPOS="205" WIDTH="62" HEIGHT="33" WC="0.95" CONTENT="N:o"/><SP WIDTH="23" VPOS="205" HPOS="1488"/>
							<String ID="string_4" HPOS="1511" VPOS="206" WIDTH="31" HEIGHT="35" WC="0.31" CONTENT="7."/>
						</TextLine>
					</TextBlock>
				</ComposedBlock>
				<ComposedBlock ID="cblock_1" HPOS="371" VPOS="284" WIDTH="1604" HEIGHT="2143">
					<TextBlock ID="block_1" HPOS="374" VPOS="284" WIDTH="1600" HEIGHT="199">
						<TextLine ID="line_1" HPOS="375" VPOS="284" WIDTH="1597" HEIGHT="52">
							<String ID="string_5" HPOS="375" VPOS="302" WIDTH="89" HEIGHT="23" WC="0.94" CONTENT="man"/><SP WIDTH="42" VPOS="302" HPOS="464"/>
							<String ID="string_6" HPOS="506" VPOS="288" WIDTH="108" HEIGHT="48" WC="0.94" CONTENT="dock,"/><SP WIDTH="45" VPOS="288" HPOS="614"/>
							<String ID="string_7" HPOS="659" VPOS="292" WIDTH="55" HEIGHT="33" WC="0.96" CONTENT="att"/><SP WIDTH="28" VPOS="292" HPOS="714"/>
							<String ID="string_8" HPOS="742" VPOS="301" WIDTH="47" HEIGHT="24" WC="0.96" CONTENT="en"/><SP WIDTH="35" VPOS="301" HPOS="789"/>
							<String ID="string_9" HPOS="824" VPOS="287" WIDTH="132" HEIGHT="37" WC="0.96" CONTENT="hustru"/><SP WIDTH="30" VPOS="287" HPOS="956"/>
							<String ID="string_10" HPOS="986" VPOS="286" WIDTH="113" HEIGHT="38" WC="0.96" CONTENT="äfven"/><SP WIDTH="27" VPOS="286" HPOS="1099"/>
							<String ID="string_11" HPOS="1126" VPOS="287" WIDTH="12" HEIGHT="36" WC="0.95" CONTENT="i"/><SP WIDTH="28" VPOS="287" HPOS="1138"/>
							<String ID="string_12" HPOS="1166" VPOS="287" WIDTH="104" HEIGHT="37" WC="0.96" CONTENT="detta"/><SP WIDTH="29" VPOS="287" HPOS="1270"/>
							<String ID="string_13" HPOS="1299" VPOS="286" WIDTH="66" HEIGHT="37" WC="0.95" CONTENT="fall"/><SP WIDTH="27" VPOS="286" HPOS="1365"/>
							<String ID="string_14" HPOS="1392" VPOS="285" WIDTH="69" HEIGHT="38" WC="0.95" CONTENT="bör"/><SP WIDTH="28" VPOS="285" HPOS="1461"/>
							<String ID="string_15" HPOS="1489" VPOS="285" WIDTH="92" HEIGHT="50" WC="0.96" CONTENT="följa"/><SP WIDTH="29" VPOS="285" HPOS="1581"/>
							<String ID="string_16" HPOS="1610" VPOS="297" WIDTH="183" HEIGHT="24" WC="0.96" CONTENT="mannens"/><SP WIDTH="29" VPOS="297" HPOS="1793"/>
							<String ID="string_17" HPOS="1822" VPOS="284" WIDTH="150" HEIGHT="48" WC="0.96" CONTENT="villkor,"/>
						</TextLine>
						<TextLine ID="line_2" HPOS="376" VPOS="336" WIDTH="1598" HEIGHT="53">
							<String ID="string_18" HPOS="376" VPOS="344" WIDTH="41" HEIGHT="34" WC="0.96" CONTENT="så"/><SP WIDTH="24" VPOS="344" HPOS="417"/>
							<String ID="string_19" HPOS="441" VPOS="341" WIDTH="148" HEIGHT="37" WC="0.96" CONTENT="fordras"/><SP WIDTH="29" VPOS="341" HPOS="589"/>
							<String ID="string_20" HPOS="618" VPOS="340" WIDTH="133" HEIGHT="38" WC="0.96" CONTENT="därom"/><SP WIDTH="29" VPOS="340" HPOS="751"/>
							<String ID="string_21" HPOS="780" VPOS="345" WIDTH="54" HEIGHT="33" WC="0.96" CONTENT="ett"/><SP WIDTH="27" VPOS="345" HPOS="834"/>
							<String ID="string_22" HPOS="861" VPOS="339" WIDTH="228" HEIGHT="50" WC="0.96" CONTENT="uttryckligt"/><SP WIDTH="28" VPOS="339" HPOS="1089"/>
							<String ID="string_23" HPOS="1117" VPOS="339" WIDTH="224" HEIGHT="50" WC="0.95" CONTENT="stadgande,"/><SP WIDTH="30" VPOS="339" HPOS="1341"/>
							<String ID="string_24" HPOS="1371" VPOS="351" WIDTH="80" HEIGHT="25" WC="0.96" CONTENT="som"/><SP WIDTH="28" VPOS="351" HPOS="1451"/>
							<String ID="string_25" HPOS="1479" VPOS="337" WIDTH="230" HEIGHT="50" WC="0.96" CONTENT="exempelvis"/><SP WIDTH="26" VPOS="337" HPOS="1709"/>
							<String ID="string_26" HPOS="1735" VPOS="336" WIDTH="77" HEIGHT="38" WC="0.96" CONTENT="kan"/><SP WIDTH="20" VPOS="336" HPOS="1812"/>
							<String ID="string_27" HPOS="1832" VPOS="337" WIDTH="142" HEIGHT="37" WC="0.96" CONTENT="erhålla"/>
						</TextLine>
						<TextLine ID="line_3" HPOS="377" VPOS="390" WIDTH="1596" HEIGHT="54">
							<String ID="string_28" HPOS="377" VPOS="394" WIDTH="73" HEIGHT="36" WC="0.96" CONTENT="den"/><SP WIDTH="30" VPOS="394" HPOS="450"/>
							<String ID="string_29" HPOS="480" VPOS="394" WIDTH="183" HEIGHT="50" WC="0.96" CONTENT="lydelsen,"/><SP WIDTH="31" VPOS="394" HPOS="663"/>
							<String ID="string_30" HPOS="694" VPOS="399" WIDTH="55" HEIGHT="32" WC="0.93" CONTENT="att"/><SP WIDTH="28" VPOS="399" HPOS="749"/>
							<String ID="string_31" HPOS="777" VPOS="392" WIDTH="140" HEIGHT="38" WC="0.91" CONTENT="valrätt"/><SP WIDTH="26" VPOS="392" HPOS="917"/>
							<String ID="string_32" HPOS="943" VPOS="392" WIDTH="232" HEIGHT="37" WC="0.92" CONTENT="frånkännes"/><SP WIDTH="28" VPOS="392" HPOS="1175"/>
							<String ID="string_33" HPOS="1203" VPOS="393" WIDTH="114" HEIGHT="36" WC="0.93" CONTENT="äfven"/><SP WIDTH="29" VPOS="393" HPOS="1317"/>
							<String ID="string_34" HPOS="1346" VPOS="391" WIDTH="86" HEIGHT="50" WC="0.90" CONTENT="”gift"/><SP WIDTH="28" VPOS="391" HPOS="1432"/>
							<String ID="string_35" HPOS="1460" VPOS="391" WIDTH="155" HEIGHT="48" WC="0.96" CONTENT="kvinna,"/><SP WIDTH="30" VPOS="391" HPOS="1615"/>
							<String ID="string_36" HPOS="1645" VPOS="403" WIDTH="82" HEIGHT="24" WC="0.96" CONTENT="som"/><SP WIDTH="28" VPOS="403" HPOS="1727"/>
							<String ID="string_37" HPOS="1755" VPOS="390" WIDTH="33" HEIGHT="50" WC="0.96" CONTENT="ej"/><SP WIDTH="26" VPOS="390" HPOS="1788"/>
							<String ID="string_38" HPOS="1814" VPOS="390" WIDTH="69" HEIGHT="37" WC="0.93" CONTENT="har"/><SP WIDTH="22" VPOS="390" HPOS="1883"/>
							<String ID="string_39" HPOS="1905" VPOS="390" WIDTH="68" HEIGHT="37" WC="0.93" CONTENT="bo-"/>
						</TextLine>
						<TextLine ID="line_4" HPOS="374" VPOS="443" WIDTH="1112" HEIGHT="40">
							<String ID="string_40" HPOS="374" VPOS="446" WIDTH="163" HEIGHT="37" WC="0.96" CONTENT="skillnad"/><SP WIDTH="45" VPOS="446" HPOS="537"/>
							<String ID="string_41" HPOS="582" VPOS="446" WIDTH="72" HEIGHT="37" WC="0.92" CONTENT="och"/><SP WIDTH="41" VPOS="446" HPOS="654"/>
							<String ID="string_42" HPOS="695" VPOS="446" WIDTH="177" HEIGHT="37" WC="0.91" CONTENT="hvilkens"/><SP WIDTH="27" VPOS="446" HPOS="872"/>
							<String ID="string_43" HPOS="899" VPOS="459" WIDTH="88" HEIGHT="23" WC="0.96" CONTENT="man"/><SP WIDTH="28" VPOS="459" HPOS="987"/>
							<String ID="string_44" HPOS="1015" VPOS="450" WIDTH="41" HEIGHT="31" WC="0.96" CONTENT="är"/><SP WIDTH="27" VPOS="450" HPOS="1056"/>
							<String ID="string_45" HPOS="1083" VPOS="445" WIDTH="13" HEIGHT="36" WC="0.93" CONTENT="i"/><SP WIDTH="28" VPOS="445" HPOS="1096"/>
							<String ID="string_46" HPOS="1124" VPOS="443" WIDTH="362" HEIGHT="38" WC="0.65" CONTENT="konkurstillstånd”."/>
						</TextLine>
					</TextBlock>
					<TextBlock ID="block_2" HPOS="374" VPOS="494" WIDTH="1599" HEIGHT="160">
						<TextLine ID="line_5" HPOS="502" VPOS="494" WIDTH="1470" HEIGHT="52">
							<String ID="string_47" HPOS="502" VPOS="499" WIDTH="75" HEIGHT="37" WC="0.96" CONTENT="För"/><SP WIDTH="41" VPOS="499" HPOS="577"/>
							<String ID="string_48" HPOS="618" VPOS="502" WIDTH="68" HEIGHT="34" WC="0.96" CONTENT="vår"/><SP WIDTH="42" VPOS="502" HPOS="686"/>
							<String ID="string_49" HPOS="728" VPOS="499" WIDTH="62" HEIGHT="37" WC="0.96" CONTENT="del"/><SP WIDTH="40" VPOS="499" HPOS="790"/>
							<String ID="string_50" HPOS="830" VPOS="498" WIDTH="102" HEIGHT="37" WC="0.96" CONTENT="finna"/><SP WIDTH="41" VPOS="498" HPOS="932"/>
							<String ID="string_51" HPOS="973" VPOS="497" WIDTH="38" HEIGHT="37" WC="0.96" CONTENT="vi"/><SP WIDTH="27" VPOS="497" HPOS="1011"/>
							<String ID="string_52" HPOS="1038" VPOS="497" WIDTH="210" HEIGHT="38" WC="0.96" CONTENT="emellertid"/><SP WIDTH="28" VPOS="497" HPOS="1248"/>
							<String ID="string_53" HPOS="1276" VPOS="497" WIDTH="42" HEIGHT="37" WC="0.97" CONTENT="af"/><SP WIDTH="24" VPOS="497" HPOS="1318"/>
							<String ID="string_54" HPOS="1342" VPOS="496" WIDTH="115" HEIGHT="38" WC="0.93" CONTENT="ofvan"/><SP WIDTH="30" VPOS="496" HPOS="1457"/>
							<String ID="string_55" HPOS="1487" VPOS="495" WIDTH="158" HEIGHT="51" WC="0.92" CONTENT="angifna"/><SP WIDTH="28" VPOS="495" HPOS="1645"/>
							<String ID="string_56" HPOS="1673" VPOS="494" WIDTH="83" HEIGHT="38" WC="0.93" CONTENT="skäl"/><SP WIDTH="27" VPOS="494" HPOS="1756"/>
							<String ID="string_57" HPOS="1783" VPOS="494" WIDTH="189" HEIGHT="38" WC="0.91" CONTENT="konkurs-"/>
						</TextLine>
						<TextLine ID="line_6" HPOS="374" VPOS="547" WIDTH="1599" HEIGHT="53">
							<String ID="string_58" HPOS="374" VPOS="551" WIDTH="166" HEIGHT="38" WC="0.96" CONTENT="strecket"/><SP WIDTH="29" VPOS="551" HPOS="540"/>
							<String ID="string_59" HPOS="569" VPOS="551" WIDTH="92" HEIGHT="38" WC="0.96" CONTENT="böra"/><SP WIDTH="28" VPOS="551" HPOS="661"/>
							<String ID="string_60" HPOS="689" VPOS="554" WIDTH="106" HEIGHT="46" WC="0.96" CONTENT="utgå,"/><SP WIDTH="29" VPOS="554" HPOS="795"/>
							<String ID="string_61" HPOS="824" VPOS="550" WIDTH="99" HEIGHT="37" WC="0.96" CONTENT="helst"/><SP WIDTH="28" VPOS="550" HPOS="923"/>
							<String ID="string_62" HPOS="951" VPOS="550" WIDTH="223" HEIGHT="49" WC="0.96" CONTENT="därigenom"/><SP WIDTH="19" VPOS="550" HPOS="1174"/>
							<String ID="string_63" HPOS="1193" VPOS="550" WIDTH="115" HEIGHT="37" WC="0.96" CONTENT="äfven"/><SP WIDTH="18" VPOS="550" HPOS="1308"/>
							<String ID="string_64" HPOS="1326" VPOS="549" WIDTH="187" HEIGHT="37" WC="0.96" CONTENT="undvikas"/><SP WIDTH="21" VPOS="549" HPOS="1513"/>
							<String ID="string_65" HPOS="1534" VPOS="548" WIDTH="72" HEIGHT="37" WC="0.96" CONTENT="alla"/><SP WIDTH="11" VPOS="548" HPOS="1606"/>
							<String ID="string_66" HPOS="1617" VPOS="548" WIDTH="187" HEIGHT="50" WC="0.93" CONTENT="juridiska"/><SP WIDTH="15" VPOS="548" HPOS="1804"/>
							<String ID="string_67" HPOS="1819" VPOS="547" WIDTH="154" HEIGHT="50" WC="0.92" CONTENT="utlägg-"/>
						</TextLine>
						<TextLine ID="line_7" HPOS="374" VPOS="602" WIDTH="1068" HEIGHT="52">
							<String ID="string_68" HPOS="374" VPOS="604" WIDTH="138" HEIGHT="49" WC="0.96" CONTENT="ningar"/><SP WIDTH="27" VPOS="604" HPOS="512"/>
							<String ID="string_69" HPOS="539" VPOS="618" WIDTH="62" HEIGHT="23" WC="0.96" CONTENT="om"/><SP WIDTH="29" VPOS="618" HPOS="601"/>
							<String ID="string_70" HPOS="630" VPOS="604" WIDTH="77" HEIGHT="50" WC="0.94" CONTENT="gift"/><SP WIDTH="27" VPOS="604" HPOS="707"/>
							<String ID="string_71" HPOS="734" VPOS="603" WIDTH="164" HEIGHT="37" WC="0.95" CONTENT="kvinnas"/><SP WIDTH="29" VPOS="603" HPOS="898"/>
							<String ID="string_72" HPOS="927" VPOS="602" WIDTH="183" HEIGHT="50" WC="0.96" CONTENT="ställning"/><SP WIDTH="28" VPOS="602" HPOS="1110"/>
							<String ID="string_73" HPOS="1138" VPOS="603" WIDTH="58" HEIGHT="36" WC="0.96" CONTENT="till"/><SP WIDTH="28" VPOS="603" HPOS="1196"/>
							<String ID="string_74" HPOS="1224" VPOS="602" WIDTH="218" HEIGHT="37" WC="0.96" CONTENT="detsamma."/>
						</TextLine>
					</TextBlock>
					<TextBlock ID="block_3" HPOS="373" VPOS="652" WIDTH="1602" HEIGHT="628">
						<TextLine ID="line_8" HPOS="506" VPOS="652" WIDTH="1469" HEIGHT="54">
							<String ID="string_75" HPOS="506" VPOS="657" WIDTH="36" HEIGHT="49" WC="0.92" CONTENT="5)"/><SP WIDTH="31" VPOS="657" HPOS="542"/>
							<String ID="string_76" HPOS="573" VPOS="657" WIDTH="499" HEIGHT="46" WC="0.90" CONTENT="Förmynderskapsstrecket."/><SP WIDTH="56" VPOS="657" HPOS="1072"/>
							<String ID="string_77" HPOS="1128" VPOS="655" WIDTH="69" HEIGHT="37" WC="0.88" CONTENT="Att"/><SP WIDTH="41" VPOS="655" HPOS="1197"/>
							<String ID="string_78" HPOS="1238" VPOS="655" WIDTH="85" HEIGHT="46" WC="0.96" CONTENT="den,"/><SP WIDTH="43" VPOS="655" HPOS="1323"/>
							<String ID="string_79" HPOS="1366" VPOS="668" WIDTH="81" HEIGHT="23" WC="0.96" CONTENT="som"/><SP WIDTH="41" VPOS="668" HPOS="1447"/>
							<String ID="string_80" HPOS="1488" VPOS="654" WIDTH="59" HEIGHT="36" WC="0.96" CONTENT="för"/><SP WIDTH="40" VPOS="654" HPOS="1547"/>
							<String ID="string_81" HPOS="1587" VPOS="658" WIDTH="160" HEIGHT="32" WC="0.96" CONTENT="vanvett"/><SP WIDTH="37" VPOS="658" HPOS="1747"/>
							<String ID="string_82" HPOS="1784" VPOS="657" WIDTH="42" HEIGHT="32" WC="0.96" CONTENT="är"/><SP WIDTH="27" VPOS="657" HPOS="1826"/>
							<String ID="string_83" HPOS="1853" VPOS="652" WIDTH="122" HEIGHT="37" WC="0.95" CONTENT="under"/>
						</TextLine>
						<TextLine ID="line_9" HPOS="376" VPOS="704" WIDTH="1598" HEIGHT="54">
							<String ID="string_84" HPOS="376" VPOS="708" WIDTH="246" HEIGHT="50" WC="0.96" CONTENT="förmyndare"/><SP WIDTH="28" VPOS="708" HPOS="622"/>
							<String ID="string_85" HPOS="650" VPOS="708" WIDTH="124" HEIGHT="47" WC="0.96" CONTENT="ställd,"/><SP WIDTH="31" VPOS="708" HPOS="774"/>
							<String ID="string_86" HPOS="805" VPOS="709" WIDTH="33" HEIGHT="48" WC="0.96" CONTENT="ej"/><SP WIDTH="31" VPOS="709" HPOS="838"/>
							<String ID="string_87" HPOS="869" VPOS="708" WIDTH="209" HEIGHT="48" WC="0.96" CONTENT="lämpligen"/><SP WIDTH="28" VPOS="708" HPOS="1078"/>
							<String ID="string_88" HPOS="1106" VPOS="708" WIDTH="77" HEIGHT="36" WC="0.93" CONTENT="kan"/><SP WIDTH="27" VPOS="708" HPOS="1183"/>
							<String ID="string_89" HPOS="1210" VPOS="707" WIDTH="131" HEIGHT="37" WC="0.91" CONTENT="utöfva"/><SP WIDTH="27" VPOS="707" HPOS="1341"/>
							<String ID="string_90" HPOS="1368" VPOS="707" WIDTH="151" HEIGHT="46" WC="0.92" CONTENT="valrätt,"/><SP WIDTH="30" VPOS="707" HPOS="1519"/>
							<String ID="string_91" HPOS="1549" VPOS="710" WIDTH="42" HEIGHT="32" WC="0.93" CONTENT="är"/><SP WIDTH="19" VPOS="710" HPOS="1591"/>
							<String ID="string_92" HPOS="1610" VPOS="705" WIDTH="202" HEIGHT="49" WC="0.92" CONTENT="själffallet."/><SP WIDTH="39" VPOS="705" HPOS="1812"/>
							<String ID="string_93" HPOS="1851" VPOS="704" WIDTH="123" HEIGHT="36" WC="0.92" CONTENT="Hvar-"/>
						</TextLine>
						<TextLine ID="line_10" HPOS="380" VPOS="756" WIDTH="1594" HEIGHT="54">
							<String ID="string_94" HPOS="380" VPOS="760" WIDTH="56" HEIGHT="38" WC="0.95" CONTENT="för"/><SP WIDTH="42" VPOS="760" HPOS="436"/>
							<String ID="string_95" HPOS="478" VPOS="761" WIDTH="174" HEIGHT="37" WC="0.96" CONTENT="däremot"/><SP WIDTH="41" VPOS="761" HPOS="652"/>
							<String ID="string_96" HPOS="693" VPOS="761" WIDTH="33" HEIGHT="49" WC="0.96" CONTENT="ej"/><SP WIDTH="44" VPOS="761" HPOS="726"/>
							<String ID="string_97" HPOS="770" VPOS="774" WIDTH="48" HEIGHT="23" WC="0.96" CONTENT="en"/><SP WIDTH="42" VPOS="774" HPOS="818"/>
							<String ID="string_98" HPOS="860" VPOS="759" WIDTH="185" HEIGHT="50" WC="0.96" CONTENT="omyndig"/><SP WIDTH="36" VPOS="759" HPOS="1045"/>
							<String ID="string_99" HPOS="1081" VPOS="759" WIDTH="205" HEIGHT="48" WC="0.96" CONTENT="förklarad,"/><SP WIDTH="31" VPOS="759" HPOS="1286"/>
							<String ID="string_100" HPOS="1317" VPOS="772" WIDTH="81" HEIGHT="24" WC="0.96" CONTENT="som"/><SP WIDTH="28" VPOS="772" HPOS="1398"/>
							<String ID="string_101" HPOS="1426" VPOS="763" WIDTH="41" HEIGHT="32" WC="0.96" CONTENT="är"/><SP WIDTH="27" VPOS="763" HPOS="1467"/>
							<String ID="string_102" HPOS="1494" VPOS="758" WIDTH="66" HEIGHT="37" WC="0.96" CONTENT="vid"/><SP WIDTH="27" VPOS="758" HPOS="1560"/>
							<String ID="string_103" HPOS="1587" VPOS="758" WIDTH="82" HEIGHT="36" WC="0.93" CONTENT="sina"/><SP WIDTH="29" VPOS="758" HPOS="1669"/>
							<String ID="string_104" HPOS="1698" VPOS="756" WIDTH="154" HEIGHT="38" WC="0.91" CONTENT="sinnens"/><SP WIDTH="30" VPOS="756" HPOS="1852"/>
							<String ID="string_105" HPOS="1882" VPOS="756" WIDTH="92" HEIGHT="37" WC="0.96" CONTENT="fulla"/>
						</TextLine>
						<TextLine ID="line_11" HPOS="376" VPOS="809" WIDTH="1598" HEIGHT="53">
							<String ID="string_106" HPOS="376" VPOS="813" WIDTH="112" HEIGHT="48" WC="0.96" CONTENT="bruk,"/><SP WIDTH="30" VPOS="813" HPOS="488"/>
							<String ID="string_107" HPOS="518" VPOS="813" WIDTH="96" HEIGHT="37" WC="0.95" CONTENT="skall"/><SP WIDTH="29" VPOS="813" HPOS="614"/>
							<String ID="string_108" HPOS="643" VPOS="813" WIDTH="36" HEIGHT="36" WC="0.96" CONTENT="få"/><SP WIDTH="27" VPOS="813" HPOS="679"/>
							<String ID="string_109" HPOS="706" VPOS="818" WIDTH="101" HEIGHT="32" WC="0.96" CONTENT="rösta"/><SP WIDTH="27" VPOS="818" HPOS="807"/>
							<String ID="string_110" HPOS="834" VPOS="815" WIDTH="49" HEIGHT="47" WC="0.96" CONTENT="på"/><SP WIDTH="27" VPOS="815" HPOS="883"/>
							<String ID="string_111" HPOS="910" VPOS="812" WIDTH="266" HEIGHT="49" WC="0.96" CONTENT="riksdagsman"/><SP WIDTH="27" VPOS="812" HPOS="1176"/>
							<String ID="string_112" HPOS="1203" VPOS="812" WIDTH="77" HEIGHT="36" WC="0.96" CONTENT="lika"/><SP WIDTH="28" VPOS="812" HPOS="1280"/>
							<String ID="string_113" HPOS="1308" VPOS="811" WIDTH="73" HEIGHT="48" WC="0.96" CONTENT="väl,"/><SP WIDTH="30" VPOS="811" HPOS="1381"/>
							<String ID="string_114" HPOS="1411" VPOS="824" WIDTH="80" HEIGHT="24" WC="0.96" CONTENT="som"/><SP WIDTH="27" VPOS="824" HPOS="1491"/>
							<String ID="string_115" HPOS="1518" VPOS="810" WIDTH="77" HEIGHT="37" WC="0.96" CONTENT="han"/><SP WIDTH="20" VPOS="810" HPOS="1595"/>
							<String ID="string_116" HPOS="1615" VPOS="810" WIDTH="57" HEIGHT="37" WC="0.96" CONTENT="får"/><SP WIDTH="19" VPOS="810" HPOS="1672"/>
							<String ID="string_117" HPOS="1691" VPOS="809" WIDTH="92" HEIGHT="50" WC="0.96" CONTENT="själf"/><SP WIDTH="10" VPOS="809" HPOS="1783"/>
							<String ID="string_118" HPOS="1793" VPOS="814" WIDTH="181" HEIGHT="44" WC="0.96" CONTENT="upprätta"/>
						</TextLine>
						<TextLine ID="line_12" HPOS="374" VPOS="861" WIDTH="1597" HEIGHT="53">
							<String ID="string_119" HPOS="374" VPOS="866" WIDTH="67" HEIGHT="36" WC="0.91" CONTENT="sitt"/><SP WIDTH="41" VPOS="866" HPOS="441"/>
							<String ID="string_120" HPOS="482" VPOS="870" WIDTH="241" HEIGHT="43" WC="0.95" CONTENT="testamente,"/><SP WIDTH="43" VPOS="870" HPOS="723"/>
							<String ID="string_121" HPOS="766" VPOS="870" WIDTH="41" HEIGHT="32" WC="0.96" CONTENT="är"/><SP WIDTH="35" VPOS="870" HPOS="807"/>
							<String ID="string_122" HPOS="842" VPOS="878" WIDTH="80" HEIGHT="36" WC="0.95" CONTENT="nog"/><SP WIDTH="32" VPOS="878" HPOS="922"/>
							<String ID="string_123" HPOS="954" VPOS="878" WIDTH="102" HEIGHT="23" WC="0.96" CONTENT="mera"/><SP WIDTH="29" VPOS="878" HPOS="1056"/>
							<String ID="string_124" HPOS="1085" VPOS="868" WIDTH="104" HEIGHT="34" WC="0.96" CONTENT="svårt"/><SP WIDTH="29" VPOS="868" HPOS="1189"/>
							<String ID="string_125" HPOS="1218" VPOS="869" WIDTH="55" HEIGHT="32" WC="0.96" CONTENT="att"/><SP WIDTH="28" VPOS="869" HPOS="1273"/>
							<String ID="string_126" HPOS="1301" VPOS="863" WIDTH="86" HEIGHT="37" WC="0.93" CONTENT="fullt"/><SP WIDTH="28" VPOS="863" HPOS="1387"/>
							<String ID="string_127" HPOS="1415" VPOS="861" WIDTH="350" HEIGHT="39" WC="0.91" CONTENT="tillfredsställande"/><SP WIDTH="29" VPOS="861" HPOS="1765"/>
							<String ID="string_128" HPOS="1794" VPOS="861" WIDTH="177" HEIGHT="37" WC="0.96" CONTENT="förklara."/>
						</TextLine>
						<TextLine ID="line_13" HPOS="373" VPOS="914" WIDTH="1602" HEIGHT="53">
							<String ID="string_129" HPOS="373" VPOS="918" WIDTH="167" HEIGHT="49" WC="0.95" CONTENT="Mången"/><SP WIDTH="43" VPOS="918" HPOS="540"/>
							<String ID="string_130" HPOS="583" VPOS="919" WIDTH="96" HEIGHT="36" WC="0.93" CONTENT="låter"/><SP WIDTH="41" VPOS="919" HPOS="679"/>
							<String ID="string_131" HPOS="720" VPOS="922" WIDTH="98" HEIGHT="32" WC="0.96" CONTENT="sätta"/><SP WIDTH="39" VPOS="922" HPOS="818"/>
							<String ID="string_132" HPOS="857" VPOS="917" WIDTH="61" HEIGHT="50" WC="0.95" CONTENT="sig"/><SP WIDTH="26" VPOS="917" HPOS="918"/>
							<String ID="string_133" HPOS="944" VPOS="917" WIDTH="121" HEIGHT="37" WC="0.96" CONTENT="under"/><SP WIDTH="28" VPOS="917" HPOS="1065"/>
							<String ID="string_134" HPOS="1093" VPOS="917" WIDTH="243" HEIGHT="49" WC="0.96" CONTENT="förmyndare"/><SP WIDTH="28" VPOS="917" HPOS="1336"/>
							<String ID="string_135" HPOS="1364" VPOS="915" WIDTH="98" HEIGHT="38" WC="0.96" CONTENT="blott"/><SP WIDTH="28" VPOS="915" HPOS="1462"/>
							<String ID="string_136" HPOS="1490" VPOS="915" WIDTH="70" HEIGHT="48" WC="0.96" CONTENT="för,"/><SP WIDTH="30" VPOS="915" HPOS="1560"/>
							<String ID="string_137" HPOS="1590" VPOS="919" WIDTH="55" HEIGHT="32" WC="0.96" CONTENT="att"/><SP WIDTH="27" VPOS="919" HPOS="1645"/>
							<String ID="string_138" HPOS="1672" VPOS="915" WIDTH="77" HEIGHT="36" WC="0.97" CONTENT="han"/><SP WIDTH="29" VPOS="915" HPOS="1749"/>
							<String ID="string_139" HPOS="1778" VPOS="927" WIDTH="109" HEIGHT="24" WC="0.95" CONTENT="anser"/><SP WIDTH="27" VPOS="927" HPOS="1887"/>
							<String ID="string_140" HPOS="1914" VPOS="914" WIDTH="61" HEIGHT="49" WC="0.96" CONTENT="sig"/>
						</TextLine>
						<TextLine ID="line_14" HPOS="373" VPOS="966" WIDTH="1602" HEIGHT="54">
							<String ID="string_141" HPOS="373" VPOS="983" WIDTH="92" HEIGHT="24" WC="0.95" CONTENT="vara"/><SP WIDTH="29" VPOS="983" HPOS="465"/>
							<String ID="string_142" HPOS="494" VPOS="971" WIDTH="41" HEIGHT="36" WC="0.95" CONTENT="af"/><SP WIDTH="25" VPOS="971" HPOS="535"/>
							<String ID="string_143" HPOS="560" VPOS="970" WIDTH="177" HEIGHT="50" WC="0.96" CONTENT="sjukdom"/><SP WIDTH="29" VPOS="970" HPOS="737"/>
							<String ID="string_144" HPOS="766" VPOS="970" WIDTH="91" HEIGHT="37" WC="0.95" CONTENT="eller"/><SP WIDTH="28" VPOS="970" HPOS="857"/>
							<String ID="string_145" HPOS="885" VPOS="983" WIDTH="126" HEIGHT="23" WC="0.92" CONTENT="annan"/><SP WIDTH="27" VPOS="983" HPOS="1011"/>
							<String ID="string_146" HPOS="1038" VPOS="969" WIDTH="170" HEIGHT="50" WC="0.91" CONTENT="förlåtlig"/><SP WIDTH="28" VPOS="969" HPOS="1208"/>
							<String ID="string_147" HPOS="1236" VPOS="968" WIDTH="112" HEIGHT="38" WC="0.96" CONTENT="orsak"/><SP WIDTH="28" VPOS="968" HPOS="1348"/>
							<String ID="string_148" HPOS="1376" VPOS="967" WIDTH="225" HEIGHT="38" WC="0.96" CONTENT="förhindrad"/><SP WIDTH="29" VPOS="967" HPOS="1601"/>
							<String ID="string_149" HPOS="1630" VPOS="972" WIDTH="55" HEIGHT="32" WC="0.97" CONTENT="att"/><SP WIDTH="28" VPOS="972" HPOS="1685"/>
							<String ID="string_150" HPOS="1713" VPOS="980" WIDTH="131" HEIGHT="24" WC="0.96" CONTENT="ensam"/><SP WIDTH="20" VPOS="980" HPOS="1844"/>
							<String ID="string_151" HPOS="1864" VPOS="966" WIDTH="111" HEIGHT="37" WC="0.96" CONTENT="sköta"/>
						</TextLine>
						<TextLine ID="line_15" HPOS="373" VPOS="1019" WIDTH="1602" HEIGHT="52">
							<String ID="string_152" HPOS="373" VPOS="1023" WIDTH="83" HEIGHT="36" WC="0.96" CONTENT="sina"/><SP WIDTH="43" VPOS="1023" HPOS="456"/>
							<String ID="string_153" HPOS="499" VPOS="1023" WIDTH="146" HEIGHT="37" WC="0.96" CONTENT="affärer."/><SP WIDTH="58" VPOS="1023" HPOS="645"/>
							<String ID="string_154" HPOS="703" VPOS="1023" WIDTH="151" HEIGHT="37" WC="0.95" CONTENT="Kvinna"/><SP WIDTH="42" VPOS="1023" HPOS="854"/>
							<String ID="string_155" HPOS="896" VPOS="1027" WIDTH="92" HEIGHT="44" WC="0.96" CONTENT="äger"/><SP WIDTH="37" VPOS="1027" HPOS="988"/>
							<String ID="string_156" HPOS="1025" VPOS="1022" WIDTH="193" HEIGHT="37" WC="0.96" CONTENT="dessutom"/><SP WIDTH="33" VPOS="1022" HPOS="1218"/>
							<String ID="string_157" HPOS="1251" VPOS="1021" WIDTH="117" HEIGHT="49" WC="0.96" CONTENT="enligt"/><SP WIDTH="27" VPOS="1021" HPOS="1368"/>
							<String ID="string_158" HPOS="1395" VPOS="1021" WIDTH="115" HEIGHT="48" WC="0.96" CONTENT="lagen"/><SP WIDTH="28" VPOS="1021" HPOS="1510"/>
							<String ID="string_159" HPOS="1538" VPOS="1020" WIDTH="64" HEIGHT="37" WC="0.96" CONTENT="det"/><SP WIDTH="27" VPOS="1020" HPOS="1602"/>
							<String ID="string_160" HPOS="1629" VPOS="1019" WIDTH="260" HEIGHT="50" WC="0.96" CONTENT="privilegium,"/><SP WIDTH="31" VPOS="1019" HPOS="1889"/>
							<String ID="string_161" HPOS="1920" VPOS="1024" WIDTH="55" HEIGHT="31" WC="0.95" CONTENT="att"/>
						</TextLine>
						<TextLine ID="line_16" HPOS="374" VPOS="1071" WIDTH="1599" HEIGHT="53">
							<String ID="string_162" HPOS="374" VPOS="1079" WIDTH="70" HEIGHT="33" WC="0.96" CONTENT="när"/><SP WIDTH="41" VPOS="1079" HPOS="444"/>
							<String ID="string_163" HPOS="485" VPOS="1089" WIDTH="79" HEIGHT="24" WC="0.94" CONTENT="som"/><SP WIDTH="37" VPOS="1089" HPOS="564"/>
							<String ID="string_164" HPOS="601" VPOS="1076" WIDTH="101" HEIGHT="37" WC="0.94" CONTENT="helst"/><SP WIDTH="27" VPOS="1076" HPOS="702"/>
							<String ID="string_165" HPOS="729" VPOS="1080" WIDTH="92" HEIGHT="32" WC="0.93" CONTENT="utan"/><SP WIDTH="29" VPOS="1080" HPOS="821"/>
							<String ID="string_166" HPOS="850" VPOS="1074" WIDTH="212" HEIGHT="50" WC="0.92" CONTENT="uppgifven"/><SP WIDTH="29" VPOS="1074" HPOS="1062"/>
							<String ID="string_167" HPOS="1091" VPOS="1073" WIDTH="208" HEIGHT="50" WC="0.96" CONTENT="anledning"/><SP WIDTH="27" VPOS="1073" HPOS="1299"/>
							<String ID="string_168" HPOS="1326" VPOS="1073" WIDTH="143" HEIGHT="49" WC="0.96" CONTENT="begära"/><SP WIDTH="28" VPOS="1073" HPOS="1469"/>
							<String ID="string_169" HPOS="1497" VPOS="1072" WIDTH="61" HEIGHT="49" WC="0.96" CONTENT="sig"/><SP WIDTH="27" VPOS="1072" HPOS="1558"/>
							<String ID="string_170" HPOS="1585" VPOS="1072" WIDTH="12" HEIGHT="37" WC="0.84" CONTENT="i"/><SP WIDTH="30" VPOS="1072" HPOS="1597"/>
							<String ID="string_171" HPOS="1627" VPOS="1071" WIDTH="346" HEIGHT="49" WC="0.90" CONTENT="omyndighetstill-"/>
						</TextLine>
						<TextLine ID="line_17" HPOS="375" VPOS="1123" WIDTH="1599" HEIGHT="53">
							<String ID="string_172" HPOS="375" VPOS="1128" WIDTH="121" HEIGHT="37" WC="0.95" CONTENT="stånd."/><SP WIDTH="43" VPOS="1128" HPOS="496"/>
							<String ID="string_173" HPOS="539" VPOS="1128" WIDTH="68" HEIGHT="37" WC="0.96" CONTENT="Ett"/><SP WIDTH="28" VPOS="1128" HPOS="607"/>
							<String ID="string_174" HPOS="635" VPOS="1127" WIDTH="243" HEIGHT="49" WC="0.96" CONTENT="fullständigt"/><SP WIDTH="28" VPOS="1127" HPOS="878"/>
							<String ID="string_175" HPOS="906" VPOS="1127" WIDTH="299" HEIGHT="49" WC="0.95" CONTENT="genomförande"/><SP WIDTH="30" VPOS="1127" HPOS="1205"/>
							<String ID="string_176" HPOS="1235" VPOS="1127" WIDTH="41" HEIGHT="36" WC="0.96" CONTENT="af"/><SP WIDTH="25" VPOS="1127" HPOS="1276"/>
							<String ID="string_177" HPOS="1301" VPOS="1126" WIDTH="104" HEIGHT="37" WC="0.96" CONTENT="detta"/><SP WIDTH="28" VPOS="1126" HPOS="1405"/>
							<String ID="string_178" HPOS="1433" VPOS="1125" WIDTH="126" HEIGHT="37" WC="0.96" CONTENT="streck"/><SP WIDTH="27" VPOS="1125" HPOS="1559"/>
							<String ID="string_179" HPOS="1586" VPOS="1124" WIDTH="74" HEIGHT="38" WC="0.96" CONTENT="blir"/><SP WIDTH="29" VPOS="1124" HPOS="1660"/>
							<String ID="string_180" HPOS="1689" VPOS="1123" WIDTH="208" HEIGHT="38" WC="0.96" CONTENT="emellertid"/><SP WIDTH="29" VPOS="1123" HPOS="1897"/>
							<String ID="string_181" HPOS="1926" VPOS="1137" WIDTH="48" HEIGHT="23" WC="0.95" CONTENT="en"/>
						</TextLine>
						<TextLine ID="line_18" HPOS="375" VPOS="1176" WIDTH="1597" HEIGHT="53">
							<String ID="string_182" HPOS="375" VPOS="1180" WIDTH="301" HEIGHT="49" WC="0.96" CONTENT="nödvändighet,"/><SP WIDTH="43" VPOS="1180" HPOS="676"/>
							<String ID="string_183" HPOS="719" VPOS="1193" WIDTH="60" HEIGHT="23" WC="0.96" CONTENT="om"/><SP WIDTH="29" VPOS="1193" HPOS="779"/>
							<String ID="string_184" HPOS="808" VPOS="1192" WIDTH="89" HEIGHT="23" WC="0.96" CONTENT="man"/><SP WIDTH="35" VPOS="1192" HPOS="897"/>
							<String ID="string_185" HPOS="932" VPOS="1180" WIDTH="97" HEIGHT="35" WC="0.93" CONTENT="skall"/><SP WIDTH="27" VPOS="1180" HPOS="1029"/>
							<String ID="string_186" HPOS="1056" VPOS="1179" WIDTH="257" HEIGHT="49" WC="0.96" CONTENT="upprätthålla"/><SP WIDTH="28" VPOS="1179" HPOS="1313"/>
							<String ID="string_187" HPOS="1341" VPOS="1178" WIDTH="73" HEIGHT="36" WC="0.96" CONTENT="den"/><SP WIDTH="28" VPOS="1178" HPOS="1414"/>
							<String ID="string_188" HPOS="1442" VPOS="1177" WIDTH="190" HEIGHT="36" WC="0.95" CONTENT="allmänna"/><SP WIDTH="27" VPOS="1177" HPOS="1632"/>
							<String ID="string_189" HPOS="1659" VPOS="1176" WIDTH="313" HEIGHT="49" WC="0.95" CONTENT="uppfattningen,"/>
						</TextLine>
						<TextLine ID="line_19" HPOS="376" VPOS="1228" WIDTH="1304" HEIGHT="52">
							<String ID="string_190" HPOS="376" VPOS="1237" WIDTH="57" HEIGHT="31" WC="0.93" CONTENT="att"/><SP WIDTH="27" VPOS="1237" HPOS="433"/>
							<String ID="string_191" HPOS="460" VPOS="1232" WIDTH="141" HEIGHT="36" WC="0.91" CONTENT="valrätt"/><SP WIDTH="28" VPOS="1232" HPOS="601"/>
							<String ID="string_192" HPOS="629" VPOS="1232" WIDTH="70" HEIGHT="37" WC="0.96" CONTENT="bör"/><SP WIDTH="27" VPOS="1232" HPOS="699"/>
							<String ID="string_193" HPOS="726" VPOS="1231" WIDTH="212" HEIGHT="37" WC="0.95" CONTENT="tillkomma"/><SP WIDTH="28" VPOS="1231" HPOS="938"/>
							<String ID="string_194" HPOS="966" VPOS="1231" WIDTH="160" HEIGHT="49" WC="0.96" CONTENT="myndig"/><SP WIDTH="27" VPOS="1231" HPOS="1126"/>
							<String ID="string_195" HPOS="1153" VPOS="1244" WIDTH="140" HEIGHT="36" WC="0.96" CONTENT="person"/><SP WIDTH="28" VPOS="1244" HPOS="1293"/>
							<String ID="string_196" HPOS="1321" VPOS="1230" WIDTH="71" HEIGHT="37" WC="0.96" CONTENT="och"/><SP WIDTH="29" VPOS="1230" HPOS="1392"/>
							<String ID="string_197" HPOS="1421" VPOS="1229" WIDTH="32" HEIGHT="49" WC="0.96" CONTENT="ej"/><SP WIDTH="32" VPOS="1229" HPOS="1453"/>
							<String ID="string_198" HPOS="1485" VPOS="1228" WIDTH="195" HEIGHT="50" WC="0.96" CONTENT="omyndig."/>
						</TextLine>
					</TextBlock>
					<TextBlock ID="block_4" HPOS="374" VPOS="1280" WIDTH="1600" HEIGHT="469">
						<TextLine ID="line_20" HPOS="504" VPOS="1280" WIDTH="1469" HEIGHT="52">
							<String ID="string_199" HPOS="504" VPOS="1283" WIDTH="16" HEIGHT="37" WC="0.95" CONTENT="I"/><SP WIDTH="37" VPOS="1283" HPOS="520"/>
							<String ID="string_200" HPOS="557" VPOS="1284" WIDTH="180" HEIGHT="37" WC="0.96" CONTENT="händelse"/><SP WIDTH="29" VPOS="1284" HPOS="737"/>
							<String ID="string_201" HPOS="766" VPOS="1297" WIDTH="89" HEIGHT="23" WC="0.93" CONTENT="man"/><SP WIDTH="29" VPOS="1297" HPOS="855"/>
							<String ID="string_202" HPOS="884" VPOS="1286" WIDTH="154" HEIGHT="46" WC="0.91" CONTENT="ansåge,"/><SP WIDTH="31" VPOS="1286" HPOS="1038"/>
							<String ID="string_203" HPOS="1069" VPOS="1288" WIDTH="54" HEIGHT="32" WC="0.96" CONTENT="att"/><SP WIDTH="27" VPOS="1288" HPOS="1123"/>
							<String ID="string_204" HPOS="1150" VPOS="1295" WIDTH="185" HEIGHT="25" WC="0.93" CONTENT="mannens"/><SP WIDTH="29" VPOS="1295" HPOS="1335"/>
							<String ID="string_205" HPOS="1364" VPOS="1281" WIDTH="280" HEIGHT="49" WC="0.91" CONTENT="målsmanskap"/><SP WIDTH="30" VPOS="1281" HPOS="1644"/>
							<String ID="string_206" HPOS="1674" VPOS="1280" WIDTH="108" HEIGHT="37" WC="0.95" CONTENT="öfver"/><SP WIDTH="28" VPOS="1280" HPOS="1782"/>
							<String ID="string_207" HPOS="1810" VPOS="1280" WIDTH="163" HEIGHT="36" WC="0.95" CONTENT="hustrun"/>
						</TextLine>
						<TextLine ID="line_21" HPOS="374" VPOS="1331" WIDTH="1598" HEIGHT="54">
							<String ID="string_208" HPOS="374" VPOS="1349" WIDTH="93" HEIGHT="24" WC="0.96" CONTENT="vore"/><SP WIDTH="30" VPOS="1349" HPOS="467"/>
							<String ID="string_209" HPOS="497" VPOS="1341" WIDTH="54" HEIGHT="31" WC="0.92" CONTENT="att"/><SP WIDTH="22" VPOS="1341" HPOS="551"/>
							<String ID="string_210" HPOS="573" VPOS="1335" WIDTH="219" HEIGHT="50" WC="0.91" CONTENT="jemnställa"/><SP WIDTH="29" VPOS="1335" HPOS="792"/>
							<String ID="string_211" HPOS="821" VPOS="1335" WIDTH="87" HEIGHT="37" WC="0.96" CONTENT="med"/><SP WIDTH="28" VPOS="1335" HPOS="908"/>
							<String ID="string_212" HPOS="936" VPOS="1341" WIDTH="54" HEIGHT="31" WC="0.96" CONTENT="ett"/><SP WIDTH="28" VPOS="1341" HPOS="990"/>
							<String ID="string_213" HPOS="1018" VPOS="1335" WIDTH="149" HEIGHT="49" WC="0.93" CONTENT="vanligt"/><SP WIDTH="21" VPOS="1335" HPOS="1167"/>
							<String ID="string_214" HPOS="1188" VPOS="1334" WIDTH="328" HEIGHT="49" WC="0.90" CONTENT="förmynderskap,"/><SP WIDTH="15" VPOS="1334" HPOS="1516"/>
							<String ID="string_215" HPOS="1531" VPOS="1333" WIDTH="118" HEIGHT="37" WC="0.96" CONTENT="borde"/><SP WIDTH="16" VPOS="1333" HPOS="1649"/>
							<String ID="string_216" HPOS="1665" VPOS="1346" WIDTH="88" HEIGHT="23" WC="0.92" CONTENT="man"/><SP WIDTH="15" VPOS="1346" HPOS="1753"/>
							<String ID="string_217" HPOS="1768" VPOS="1331" WIDTH="204" HEIGHT="50" WC="0.92" CONTENT="naturligt-"/>
						</TextLine>
						<TextLine ID="line_22" HPOS="376" VPOS="1384" WIDTH="1597" HEIGHT="52">
							<String ID="string_218" HPOS="376" VPOS="1388" WIDTH="58" HEIGHT="36" WC="0.96" CONTENT="vis"/><SP WIDTH="42" VPOS="1388" HPOS="434"/>
							<String ID="string_219" HPOS="476" VPOS="1392" WIDTH="143" HEIGHT="33" WC="0.96" CONTENT="utsätta"/><SP WIDTH="41" VPOS="1392" HPOS="619"/>
							<String ID="string_220" HPOS="660" VPOS="1401" WIDTH="47" HEIGHT="23" WC="0.95" CONTENT="en"/><SP WIDTH="37" VPOS="1401" HPOS="707"/>
							<String ID="string_221" HPOS="744" VPOS="1387" WIDTH="174" HEIGHT="37" WC="0.95" CONTENT="bestämd"/><SP WIDTH="34" VPOS="1387" HPOS="918"/>
							<String ID="string_222" HPOS="952" VPOS="1387" WIDTH="212" HEIGHT="49" WC="0.95" CONTENT="förklaring"/><SP WIDTH="27" VPOS="1387" HPOS="1164"/>
							<String ID="string_223" HPOS="1191" VPOS="1387" WIDTH="13" HEIGHT="36" WC="0.96" CONTENT="i"/><SP WIDTH="27" VPOS="1387" HPOS="1204"/>
							<String ID="string_224" HPOS="1231" VPOS="1387" WIDTH="210" HEIGHT="48" WC="0.95" CONTENT="lagtexten,"/><SP WIDTH="31" VPOS="1387" HPOS="1441"/>
							<String ID="string_225" HPOS="1472" VPOS="1390" WIDTH="55" HEIGHT="31" WC="0.96" CONTENT="att"/><SP WIDTH="28" VPOS="1390" HPOS="1527"/>
							<String ID="string_226" HPOS="1555" VPOS="1385" WIDTH="74" HEIGHT="48" WC="0.95" CONTENT="gift"/><SP WIDTH="28" VPOS="1385" HPOS="1629"/>
							<String ID="string_227" HPOS="1657" VPOS="1385" WIDTH="144" HEIGHT="36" WC="0.93" CONTENT="kvinna"/><SP WIDTH="28" VPOS="1385" HPOS="1801"/>
							<String ID="string_228" HPOS="1829" VPOS="1384" WIDTH="144" HEIGHT="36" WC="0.92" CONTENT="undan-"/>
						</TextLine>
						<TextLine ID="line_23" HPOS="374" VPOS="1436" WIDTH="1600" HEIGHT="53">
							<String ID="string_229" HPOS="374" VPOS="1445" WIDTH="111" HEIGHT="44" WC="0.96" CONTENT="tages"/><SP WIDTH="28" VPOS="1445" HPOS="485"/>
							<String ID="string_230" HPOS="513" VPOS="1440" WIDTH="84" HEIGHT="36" WC="0.96" CONTENT="från"/><SP WIDTH="28" VPOS="1440" HPOS="597"/>
							<String ID="string_231" HPOS="625" VPOS="1440" WIDTH="104" HEIGHT="37" WC="0.96" CONTENT="detta"/><SP WIDTH="29" VPOS="1440" HPOS="729"/>
							<String ID="string_232" HPOS="758" VPOS="1440" WIDTH="135" HEIGHT="36" WC="0.94" CONTENT="streck."/><SP WIDTH="45" VPOS="1440" HPOS="893"/>
							<String ID="string_233" HPOS="938" VPOS="1439" WIDTH="133" HEIGHT="37" WC="0.75" CONTENT="Såsom"/><SP WIDTH="20" VPOS="1439" HPOS="1071"/>
							<String ID="string_234" HPOS="1091" VPOS="1439" WIDTH="102" HEIGHT="37" WC="0.96" CONTENT="förut"/><SP WIDTH="20" VPOS="1439" HPOS="1193"/>
							<String ID="string_235" HPOS="1213" VPOS="1438" WIDTH="238" HEIGHT="47" WC="0.96" CONTENT="framhållits,"/><SP WIDTH="21" VPOS="1438" HPOS="1451"/>
							<String ID="string_236" HPOS="1472" VPOS="1437" WIDTH="159" HEIGHT="37" WC="0.93" CONTENT="innebär"/><SP WIDTH="20" VPOS="1437" HPOS="1631"/>
							<String ID="string_237" HPOS="1651" VPOS="1436" WIDTH="323" HEIGHT="49" WC="0.91" CONTENT="målsmanskapet"/>
						</TextLine>
						<TextLine ID="line_24" HPOS="375" VPOS="1488" WIDTH="1598" HEIGHT="53">
							<String ID="string_238" HPOS="375" VPOS="1492" WIDTH="97" HEIGHT="37" WC="0.96" CONTENT="dock"/><SP WIDTH="40" VPOS="1492" HPOS="472"/>
							<String ID="string_239" HPOS="512" VPOS="1492" WIDTH="33" HEIGHT="49" WC="0.96" CONTENT="ej"/><SP WIDTH="45" VPOS="1492" HPOS="545"/>
							<String ID="string_240" HPOS="590" VPOS="1492" WIDTH="70" HEIGHT="37" WC="0.92" CONTENT="och"/><SP WIDTH="37" VPOS="1492" HPOS="660"/>
							<String ID="string_241" HPOS="697" VPOS="1492" WIDTH="208" HEIGHT="37" WC="0.91" CONTENT="allraminst"/><SP WIDTH="40" VPOS="1492" HPOS="905"/>
							<String ID="string_242" HPOS="945" VPOS="1492" WIDTH="12" HEIGHT="36" WC="0.96" CONTENT="i"/><SP WIDTH="41" VPOS="1492" HPOS="957"/>
							<String ID="string_243" HPOS="998" VPOS="1492" WIDTH="59" HEIGHT="36" WC="0.96" CONTENT="sin"/><SP WIDTH="28" VPOS="1492" HPOS="1057"/>
							<String ID="string_244" HPOS="1085" VPOS="1491" WIDTH="219" HEIGHT="37" WC="0.95" CONTENT="nuvarande"/><SP WIDTH="28" VPOS="1491" HPOS="1304"/>
							<String ID="string_245" HPOS="1332" VPOS="1490" WIDTH="236" HEIGHT="49" WC="0.96" CONTENT="begränsade"/><SP WIDTH="28" VPOS="1490" HPOS="1568"/>
							<String ID="string_246" HPOS="1596" VPOS="1489" WIDTH="245" HEIGHT="48" WC="0.96" CONTENT="omfattning,"/><SP WIDTH="30" VPOS="1489" HPOS="1841"/>
							<String ID="string_247" HPOS="1871" VPOS="1488" WIDTH="102" HEIGHT="37" WC="0.96" CONTENT="hvad"/>
						</TextLine>
						<TextLine ID="line_25" HPOS="375" VPOS="1541" WIDTH="1597" HEIGHT="52">
							<String ID="string_248" HPOS="375" VPOS="1558" WIDTH="87" HEIGHT="22" WC="0.95" CONTENT="man"/><SP WIDTH="41" VPOS="1558" HPOS="462"/>
							<String ID="string_249" HPOS="503" VPOS="1545" WIDTH="13" HEIGHT="35" WC="0.95" CONTENT="i"/><SP WIDTH="40" VPOS="1545" HPOS="516"/>
							<String ID="string_250" HPOS="556" VPOS="1545" WIDTH="115" HEIGHT="48" WC="0.95" CONTENT="lagen"/><SP WIDTH="45" VPOS="1545" HPOS="671"/>
							<String ID="string_251" HPOS="716" VPOS="1544" WIDTH="209" HEIGHT="37" WC="0.86" CONTENT="benämner"/><SP WIDTH="45" VPOS="1544" HPOS="925"/>
							<String ID="string_252" HPOS="970" VPOS="1543" WIDTH="329" HEIGHT="50" WC="0.86" CONTENT="förmynderskap."/><SP WIDTH="55" VPOS="1543" HPOS="1299"/>
							<String ID="string_253" HPOS="1354" VPOS="1543" WIDTH="129" HEIGHT="48" WC="0.95" CONTENT="Något"/><SP WIDTH="38" VPOS="1543" HPOS="1483"/>
							<String ID="string_254" HPOS="1521" VPOS="1541" WIDTH="124" HEIGHT="50" WC="0.96" CONTENT="dylikt"/><SP WIDTH="42" VPOS="1541" HPOS="1645"/>
							<String ID="string_255" HPOS="1687" VPOS="1541" WIDTH="285" HEIGHT="49" WC="0.96" CONTENT="förtydligande"/>
						</TextLine>
						<TextLine ID="line_26" HPOS="374" VPOS="1592" WIDTH="1599" HEIGHT="53">
							<String ID="string_256" HPOS="374" VPOS="1596" WIDTH="192" HEIGHT="37" WC="0.95" CONTENT="erfordras"/><SP WIDTH="28" VPOS="1596" HPOS="566"/>
							<String ID="string_257" HPOS="594" VPOS="1597" WIDTH="130" HEIGHT="36" WC="0.96" CONTENT="därför"/><SP WIDTH="28" VPOS="1597" HPOS="724"/>
							<String ID="string_258" HPOS="752" VPOS="1597" WIDTH="45" HEIGHT="48" WC="0.96" CONTENT="ej."/><SP WIDTH="48" VPOS="1597" HPOS="797"/>
							<String ID="string_259" HPOS="845" VPOS="1597" WIDTH="74" HEIGHT="36" WC="0.96" CONTENT="Det"/><SP WIDTH="28" VPOS="1597" HPOS="919"/>
							<String ID="string_260" HPOS="947" VPOS="1595" WIDTH="227" HEIGHT="37" WC="0.96" CONTENT="omnämnda"/><SP WIDTH="26" VPOS="1595" HPOS="1174"/>
							<String ID="string_261" HPOS="1200" VPOS="1595" WIDTH="123" HEIGHT="37" WC="0.96" CONTENT="finska"/><SP WIDTH="29" VPOS="1595" HPOS="1323"/>
							<String ID="string_262" HPOS="1352" VPOS="1594" WIDTH="193" HEIGHT="49" WC="0.96" CONTENT="förslaget,"/><SP WIDTH="30" VPOS="1594" HPOS="1545"/>
							<String ID="string_263" HPOS="1575" VPOS="1607" WIDTH="81" HEIGHT="23" WC="0.93" CONTENT="som"/><SP WIDTH="30" VPOS="1607" HPOS="1656"/>
							<String ID="string_264" HPOS="1686" VPOS="1593" WIDTH="127" HEIGHT="49" WC="0.91" CONTENT="gifver"/><SP WIDTH="19" VPOS="1593" HPOS="1813"/>
							<String ID="string_265" HPOS="1832" VPOS="1592" WIDTH="141" HEIGHT="37" WC="0.92" CONTENT="valrätt"/>
						</TextLine>
						<TextLine ID="line_27" HPOS="375" VPOS="1645" WIDTH="1594" HEIGHT="52">
							<String ID="string_266" HPOS="375" VPOS="1648" WIDTH="112" HEIGHT="36" WC="0.96" CONTENT="äfven"/><SP WIDTH="42" VPOS="1648" HPOS="487"/>
							<String ID="string_267" HPOS="529" VPOS="1652" WIDTH="38" HEIGHT="32" WC="0.96" CONTENT="åt"/><SP WIDTH="41" VPOS="1652" HPOS="567"/>
							<String ID="string_268" HPOS="608" VPOS="1649" WIDTH="76" HEIGHT="48" WC="0.96" CONTENT="gift"/><SP WIDTH="36" VPOS="1649" HPOS="684"/>
							<String ID="string_269" HPOS="720" VPOS="1649" WIDTH="155" HEIGHT="47" WC="0.95" CONTENT="kvinna,"/><SP WIDTH="37" VPOS="1649" HPOS="875"/>
							<String ID="string_270" HPOS="912" VPOS="1648" WIDTH="209" HEIGHT="37" WC="0.96" CONTENT="innehåller"/><SP WIDTH="28" VPOS="1648" HPOS="1121"/>
							<String ID="string_271" HPOS="1149" VPOS="1648" WIDTH="114" HEIGHT="36" WC="0.96" CONTENT="också"/><SP WIDTH="28" VPOS="1648" HPOS="1263"/>
							<String ID="string_272" HPOS="1291" VPOS="1652" WIDTH="91" HEIGHT="31" WC="0.96" CONTENT="utan"/><SP WIDTH="28" VPOS="1652" HPOS="1382"/>
							<String ID="string_273" HPOS="1410" VPOS="1646" WIDTH="247" HEIGHT="48" WC="0.96" CONTENT="reservation,"/><SP WIDTH="31" VPOS="1646" HPOS="1657"/>
							<String ID="string_274" HPOS="1688" VPOS="1651" WIDTH="54" HEIGHT="31" WC="0.92" CONTENT="att"/><SP WIDTH="27" VPOS="1651" HPOS="1742"/>
							<String ID="string_275" HPOS="1769" VPOS="1645" WIDTH="140" HEIGHT="36" WC="0.92" CONTENT="valrätt"/><SP WIDTH="29" VPOS="1645" HPOS="1909"/>
							<String ID="string_276" HPOS="1938" VPOS="1645" WIDTH="31" HEIGHT="48" WC="0.96" CONTENT="ej"/>
						</TextLine>
						<TextLine ID="line_28" HPOS="375" VPOS="1698" WIDTH="1086" HEIGHT="51">
							<String ID="string_277" HPOS="375" VPOS="1699" WIDTH="232" HEIGHT="38" WC="0.93" CONTENT="tillkommer"/><SP WIDTH="27" VPOS="1699" HPOS="607"/>
							<String ID="string_278" HPOS="634" VPOS="1700" WIDTH="94" HEIGHT="48" WC="0.88" CONTENT="”den,"/><SP WIDTH="32" VPOS="1700" HPOS="728"/>
							<String ID="string_279" HPOS="760" VPOS="1713" WIDTH="79" HEIGHT="24" WC="0.96" CONTENT="som"/><SP WIDTH="30" VPOS="1713" HPOS="839"/>
							<String ID="string_280" HPOS="869" VPOS="1702" WIDTH="77" HEIGHT="35" WC="0.96" CONTENT="står"/><SP WIDTH="27" VPOS="1702" HPOS="946"/>
							<String ID="string_281" HPOS="973" VPOS="1700" WIDTH="121" HEIGHT="37" WC="0.93" CONTENT="under"/><SP WIDTH="28" VPOS="1700" HPOS="1094"/>
							<String ID="string_282" HPOS="1122" VPOS="1698" WIDTH="339" HEIGHT="51" WC="0.3" CONTENT="förmynderskap”."/>
						</TextLine>
					</TextBlock>
					<TextBlock ID="block_5" HPOS="371" VPOS="1749" WIDTH="1602" HEIGHT="678">
						<TextLine ID="line_29" HPOS="505" VPOS="1749" WIDTH="1468" HEIGHT="53">
							<String ID="string_283" HPOS="505" VPOS="1752" WIDTH="36" HEIGHT="50" WC="0.93" CONTENT="6)"/><SP WIDTH="36" VPOS="1752" HPOS="541"/>
							<String ID="string_284" HPOS="577" VPOS="1754" WIDTH="391" HEIGHT="46" WC="0.91" CONTENT="Värnepliktsstrecket."/><SP WIDTH="44" VPOS="1754" HPOS="968"/>
							<String ID="string_285" HPOS="1012" VPOS="1752" WIDTH="115" HEIGHT="37" WC="0.96" CONTENT="Detta"/><SP WIDTH="28" VPOS="1752" HPOS="1127"/>
							<String ID="string_286" HPOS="1155" VPOS="1752" WIDTH="127" HEIGHT="37" WC="0.96" CONTENT="streck"/><SP WIDTH="27" VPOS="1752" HPOS="1282"/>
							<String ID="string_287" HPOS="1309" VPOS="1751" WIDTH="68" HEIGHT="37" WC="0.96" CONTENT="har"/><SP WIDTH="24" VPOS="1751" HPOS="1377"/>
							<String ID="string_288" HPOS="1401" VPOS="1751" WIDTH="44" HEIGHT="49" WC="0.96" CONTENT="ju"/><SP WIDTH="28" VPOS="1751" HPOS="1445"/>
							<String ID="string_289" HPOS="1473" VPOS="1750" WIDTH="220" HEIGHT="49" WC="0.95" CONTENT="egentligen"/><SP WIDTH="28" VPOS="1750" HPOS="1693"/>
							<String ID="string_290" HPOS="1721" VPOS="1749" WIDTH="252" HEIGHT="37" WC="0.93" CONTENT="tillkommit"/><SP WIDTH="-20" VPOS="1749" HPOS="1973"/>
							<String ID="string_291" HPOS="1953" VPOS="1745" WIDTH="24" HEIGHT="61" WC="0.93" CONTENT="i"/>
						</TextLine>
						<TextLine ID="line_30" HPOS="374" VPOS="1801" WIDTH="1599" HEIGHT="52">
							<String ID="string_292" HPOS="374" VPOS="1805" WIDTH="175" HEIGHT="36" WC="0.96" CONTENT="ändamål"/><SP WIDTH="29" VPOS="1805" HPOS="549"/>
							<String ID="string_293" HPOS="578" VPOS="1810" WIDTH="55" HEIGHT="31" WC="0.96" CONTENT="att"/><SP WIDTH="28" VPOS="1810" HPOS="633"/>
							<String ID="string_294" HPOS="661" VPOS="1805" WIDTH="59" HEIGHT="36" WC="0.96" CONTENT="för"/><SP WIDTH="28" VPOS="1805" HPOS="720"/>
							<String ID="string_295" HPOS="748" VPOS="1805" WIDTH="193" HEIGHT="48" WC="0.96" CONTENT="åtskilliga"/><SP WIDTH="26" VPOS="1805" HPOS="941"/>
							<String ID="string_296" HPOS="967" VPOS="1805" WIDTH="208" HEIGHT="36" WC="0.96" CONTENT="ledamöter"/><SP WIDTH="28" VPOS="1805" HPOS="1175"/>
							<String ID="string_297" HPOS="1203" VPOS="1804" WIDTH="12" HEIGHT="36" WC="0.96" CONTENT="i"/><SP WIDTH="27" VPOS="1804" HPOS="1215"/>
							<String ID="string_298" HPOS="1242" VPOS="1803" WIDTH="221" HEIGHT="49" WC="0.96" CONTENT="Riksdagen"/><SP WIDTH="26" VPOS="1803" HPOS="1463"/>
							<String ID="string_299" HPOS="1489" VPOS="1802" WIDTH="139" HEIGHT="37" WC="0.96" CONTENT="bereda"/><SP WIDTH="28" VPOS="1802" HPOS="1628"/>
							<String ID="string_300" HPOS="1656" VPOS="1815" WIDTH="47" HEIGHT="24" WC="0.96" CONTENT="en"/><SP WIDTH="27" VPOS="1815" HPOS="1703"/>
							<String ID="string_301" HPOS="1730" VPOS="1801" WIDTH="165" HEIGHT="49" WC="0.96" CONTENT="brygga,"/><SP WIDTH="29" VPOS="1801" HPOS="1895"/>
							<String ID="string_302" HPOS="1924" VPOS="1804" WIDTH="49" HEIGHT="46" WC="0.96" CONTENT="på"/>
						</TextLine>
						<TextLine ID="line_31" HPOS="374" VPOS="1853" WIDTH="1599" HEIGHT="40">
							<String ID="string_303" HPOS="374" VPOS="1856" WIDTH="157" HEIGHT="37" WC="0.96" CONTENT="hvilken"/><SP WIDTH="29" VPOS="1856" HPOS="531"/>
							<String ID="string_304" HPOS="560" VPOS="1856" WIDTH="46" HEIGHT="37" WC="0.96" CONTENT="de"/><SP WIDTH="28" VPOS="1856" HPOS="606"/>
							<String ID="string_305" HPOS="634" VPOS="1857" WIDTH="127" HEIGHT="36" WC="0.96" CONTENT="kunde"/><SP WIDTH="29" VPOS="1857" HPOS="761"/>
							<String ID="string_306" HPOS="790" VPOS="1857" WIDTH="153" HEIGHT="36" WC="0.96" CONTENT="komma"/><SP WIDTH="28" VPOS="1857" HPOS="943"/>
							<String ID="string_307" HPOS="971" VPOS="1857" WIDTH="107" HEIGHT="36" WC="0.95" CONTENT="öfver"/><SP WIDTH="27" VPOS="1857" HPOS="1078"/>
							<String ID="string_308" HPOS="1105" VPOS="1856" WIDTH="113" HEIGHT="37" WC="0.96" CONTENT="äfven"/><SP WIDTH="29" VPOS="1856" HPOS="1218"/>
							<String ID="string_309" HPOS="1247" VPOS="1856" WIDTH="58" HEIGHT="36" WC="0.96" CONTENT="till"/><SP WIDTH="28" VPOS="1856" HPOS="1305"/>
							<String ID="string_310" HPOS="1333" VPOS="1855" WIDTH="73" HEIGHT="37" WC="0.96" CONTENT="den"/><SP WIDTH="20" VPOS="1855" HPOS="1406"/>
							<String ID="string_311" HPOS="1426" VPOS="1853" WIDTH="190" HEIGHT="39" WC="0.94" CONTENT="allmänna"/><SP WIDTH="20" VPOS="1853" HPOS="1616"/>
							<String ID="string_312" HPOS="1636" VPOS="1858" WIDTH="220" HEIGHT="33" WC="0.93" CONTENT="rösträtten."/><SP WIDTH="44" VPOS="1858" HPOS="1856"/>
							<String ID="string_313" HPOS="1900" VPOS="1853" WIDTH="73" HEIGHT="37" WC="0.96" CONTENT="Det"/>
						</TextLine>
						<TextLine ID="line_32" HPOS="373" VPOS="1905" WIDTH="1599" HEIGHT="52">
							<String ID="string_314" HPOS="373" VPOS="1908" WIDTH="98" HEIGHT="37" WC="0.96" CONTENT="lärer"/><SP WIDTH="41" VPOS="1908" HPOS="471"/>
							<String ID="string_315" HPOS="512" VPOS="1909" WIDTH="97" HEIGHT="36" WC="0.96" CONTENT="dock"/><SP WIDTH="41" VPOS="1909" HPOS="609"/>
							<String ID="string_316" HPOS="650" VPOS="1909" WIDTH="121" HEIGHT="37" WC="0.95" CONTENT="sakna"/><SP WIDTH="43" VPOS="1909" HPOS="771"/>
							<String ID="string_317" HPOS="814" VPOS="1908" WIDTH="276" HEIGHT="49" WC="0.95" CONTENT="motsvarighet"/><SP WIDTH="40" VPOS="1908" HPOS="1090"/>
							<String ID="string_318" HPOS="1130" VPOS="1908" WIDTH="13" HEIGHT="37" WC="0.95" CONTENT="i"/><SP WIDTH="40" VPOS="1908" HPOS="1143"/>
							<String ID="string_319" HPOS="1183" VPOS="1911" WIDTH="120" HEIGHT="45" WC="0.94" CONTENT="något"/><SP WIDTH="37" VPOS="1911" HPOS="1303"/>
							<String ID="string_320" HPOS="1340" VPOS="1911" WIDTH="115" HEIGHT="33" WC="0.95" CONTENT="annat"/><SP WIDTH="27" VPOS="1911" HPOS="1455"/>
							<String ID="string_321" HPOS="1482" VPOS="1906" WIDTH="108" HEIGHT="38" WC="0.96" CONTENT="lands"/><SP WIDTH="29" VPOS="1906" HPOS="1590"/>
							<String ID="string_322" HPOS="1619" VPOS="1905" WIDTH="255" HEIGHT="38" WC="0.96" CONTENT="konstitution"/><SP WIDTH="27" VPOS="1905" HPOS="1874"/>
							<String ID="string_323" HPOS="1901" VPOS="1906" WIDTH="71" HEIGHT="36" WC="0.96" CONTENT="och"/>
						</TextLine>
						<TextLine ID="line_33" HPOS="374" VPOS="1959" WIDTH="1598" HEIGHT="54">
							<String ID="string_324" HPOS="374" VPOS="1960" WIDTH="111" HEIGHT="37" WC="0.90" CONTENT="hörer"/><SP WIDTH="23" VPOS="1960" HPOS="485"/>
							<String ID="string_325" HPOS="508" VPOS="1961" WIDTH="44" HEIGHT="50" WC="0.96" CONTENT="ju"/><SP WIDTH="30" VPOS="1961" HPOS="552"/>
							<String ID="string_326" HPOS="582" VPOS="1965" WIDTH="152" HEIGHT="45" WC="0.96" CONTENT="strängt"/><SP WIDTH="27" VPOS="1965" HPOS="734"/>
							<String ID="string_327" HPOS="761" VPOS="1966" WIDTH="107" HEIGHT="43" WC="0.95" CONTENT="taget"/><SP WIDTH="29" VPOS="1966" HPOS="868"/>
							<String ID="string_328" HPOS="897" VPOS="1961" WIDTH="33" HEIGHT="49" WC="0.96" CONTENT="ej"/><SP WIDTH="30" VPOS="1961" HPOS="930"/>
							<String ID="string_329" HPOS="960" VPOS="1961" WIDTH="118" HEIGHT="37" WC="0.96" CONTENT="heller"/><SP WIDTH="28" VPOS="1961" HPOS="1078"/>
							<String ID="string_330" HPOS="1106" VPOS="1961" WIDTH="66" HEIGHT="36" WC="0.96" CONTENT="hit."/><SP WIDTH="47" VPOS="1961" HPOS="1172"/>
							<String ID="string_331" HPOS="1219" VPOS="1960" WIDTH="75" HEIGHT="37" WC="0.96" CONTENT="För"/><SP WIDTH="28" VPOS="1960" HPOS="1294"/>
							<String ID="string_332" HPOS="1322" VPOS="1960" WIDTH="73" HEIGHT="53" WC="0.96" CONTENT="den"/><SP WIDTH="19" VPOS="1960" HPOS="1395"/>
							<String ID="string_333" HPOS="1414" VPOS="1959" WIDTH="199" HEIGHT="48" WC="0.95" CONTENT="kvinnliga"/><SP WIDTH="19" VPOS="1959" HPOS="1613"/>
							<String ID="string_334" HPOS="1632" VPOS="1962" WIDTH="208" HEIGHT="33" WC="0.96" CONTENT="rösträtten"/><SP WIDTH="19" VPOS="1962" HPOS="1840"/>
							<String ID="string_335" HPOS="1859" VPOS="1962" WIDTH="113" HEIGHT="43" WC="0.96" CONTENT="utgör"/>
						</TextLine>
						<TextLine ID="line_34" HPOS="375" VPOS="2010" WIDTH="1597" HEIGHT="52">
							<String ID="string_336" HPOS="375" VPOS="2013" WIDTH="105" HEIGHT="36" WC="0.96" CONTENT="detta"/><SP WIDTH="28" VPOS="2013" HPOS="480"/>
							<String ID="string_337" HPOS="508" VPOS="2014" WIDTH="126" HEIGHT="36" WC="0.96" CONTENT="streck"/><SP WIDTH="28" VPOS="2014" HPOS="634"/>
							<String ID="string_338" HPOS="662" VPOS="2013" WIDTH="227" HEIGHT="49" WC="0.96" CONTENT="visserligen"/><SP WIDTH="27" VPOS="2013" HPOS="889"/>
							<String ID="string_339" HPOS="916" VPOS="2014" WIDTH="33" HEIGHT="48" WC="0.95" CONTENT="ej"/><SP WIDTH="30" VPOS="2014" HPOS="949"/>
							<String ID="string_340" HPOS="979" VPOS="2015" WIDTH="120" HEIGHT="47" WC="0.96" CONTENT="något"/><SP WIDTH="27" VPOS="2015" HPOS="1099"/>
							<String ID="string_341" HPOS="1126" VPOS="2012" WIDTH="145" HEIGHT="37" WC="0.96" CONTENT="hinder."/><SP WIDTH="43" VPOS="2012" HPOS="1271"/>
							<String ID="string_342" HPOS="1314" VPOS="2012" WIDTH="129" HEIGHT="36" WC="0.52" CONTENT="Äfven"/><SP WIDTH="27" VPOS="2012" HPOS="1443"/>
							<String ID="string_343" HPOS="1470" VPOS="2016" WIDTH="99" HEIGHT="42" WC="0.96" CONTENT="män,"/><SP WIDTH="30" VPOS="2016" HPOS="1569"/>
							<String ID="string_344" HPOS="1599" VPOS="2024" WIDTH="81" HEIGHT="23" WC="0.96" CONTENT="som"/><SP WIDTH="24" VPOS="2024" HPOS="1680"/>
							<String ID="string_345" HPOS="1704" VPOS="2015" WIDTH="63" HEIGHT="31" WC="0.96" CONTENT="äro"/><SP WIDTH="21" VPOS="2015" HPOS="1767"/>
							<String ID="string_346" HPOS="1788" VPOS="2010" WIDTH="184" HEIGHT="48" WC="0.96" CONTENT="odugliga"/>
						</TextLine>
						<TextLine ID="line_35" HPOS="374" VPOS="2062" WIDTH="1599" HEIGHT="52">
							<String ID="string_347" HPOS="374" VPOS="2064" WIDTH="59" HEIGHT="37" WC="0.95" CONTENT="till"/><SP WIDTH="27" VPOS="2064" HPOS="433"/>
							<String ID="string_348" HPOS="460" VPOS="2065" WIDTH="204" HEIGHT="49" WC="0.96" CONTENT="värnplikt,"/><SP WIDTH="30" VPOS="2065" HPOS="664"/>
							<String ID="string_349" HPOS="694" VPOS="2066" WIDTH="38" HEIGHT="36" WC="0.93" CONTENT="få"/><SP WIDTH="28" VPOS="2066" HPOS="732"/>
							<String ID="string_350" HPOS="760" VPOS="2066" WIDTH="137" HEIGHT="36" WC="0.91" CONTENT="valrätt"/><SP WIDTH="29" VPOS="2066" HPOS="897"/>
							<String ID="string_351" HPOS="926" VPOS="2065" WIDTH="70" HEIGHT="37" WC="0.96" CONTENT="och"/><SP WIDTH="27" VPOS="2065" HPOS="996"/>
							<String ID="string_352" HPOS="1023" VPOS="2065" WIDTH="58" HEIGHT="36" WC="0.96" CONTENT="till"/><SP WIDTH="27" VPOS="2065" HPOS="1081"/>
							<String ID="string_353" HPOS="1108" VPOS="2064" WIDTH="233" HEIGHT="38" WC="0.95" CONTENT="kvinnornas"/><SP WIDTH="28" VPOS="2064" HPOS="1341"/>
							<String ID="string_354" HPOS="1369" VPOS="2063" WIDTH="123" HEIGHT="37" WC="0.96" CONTENT="fördel"/><SP WIDTH="27" VPOS="2063" HPOS="1492"/>
							<String ID="string_355" HPOS="1519" VPOS="2062" WIDTH="76" HEIGHT="37" WC="0.96" CONTENT="kan"/><SP WIDTH="23" VPOS="2062" HPOS="1595"/>
							<String ID="string_356" HPOS="1618" VPOS="2063" WIDTH="45" HEIGHT="48" WC="0.96" CONTENT="ju"/><SP WIDTH="29" VPOS="2063" HPOS="1663"/>
							<String ID="string_357" HPOS="1692" VPOS="2062" WIDTH="194" HEIGHT="49" WC="0.95" CONTENT="åberopas,"/><SP WIDTH="32" VPOS="2062" HPOS="1886"/>
							<String ID="string_358" HPOS="1918" VPOS="2066" WIDTH="55" HEIGHT="32" WC="0.96" CONTENT="att"/>
						</TextLine>
						<TextLine ID="line_36" HPOS="375" VPOS="2114" WIDTH="1593" HEIGHT="52">
							<String ID="string_359" HPOS="375" VPOS="2116" WIDTH="46" HEIGHT="37" WC="0.96" CONTENT="de"/><SP WIDTH="28" VPOS="2116" HPOS="421"/>
							<String ID="string_360" HPOS="449" VPOS="2120" WIDTH="124" HEIGHT="34" WC="0.95" CONTENT="såsom"/><SP WIDTH="28" VPOS="2120" HPOS="573"/>
							<String ID="string_361" HPOS="601" VPOS="2117" WIDTH="152" HEIGHT="37" WC="0.95" CONTENT="mödrar"/><SP WIDTH="28" VPOS="2117" HPOS="753"/>
							<String ID="string_362" HPOS="781" VPOS="2117" WIDTH="114" HEIGHT="37" WC="0.96" CONTENT="också"/><SP WIDTH="29" VPOS="2117" HPOS="895"/>
							<String ID="string_363" HPOS="924" VPOS="2117" WIDTH="163" HEIGHT="49" WC="0.96" CONTENT="fullgöra"/><SP WIDTH="20" VPOS="2117" HPOS="1087"/>
							<String ID="string_364" HPOS="1107" VPOS="2116" WIDTH="58" HEIGHT="37" WC="0.96" CONTENT="sin"/><SP WIDTH="19" VPOS="2116" HPOS="1165"/>
							<String ID="string_365" HPOS="1184" VPOS="2115" WIDTH="243" HEIGHT="50" WC="0.93" CONTENT="betungande"/><SP WIDTH="19" VPOS="2115" HPOS="1427"/>
							<String ID="string_366" HPOS="1446" VPOS="2114" WIDTH="218" HEIGHT="50" WC="0.92" CONTENT="värneplikt"/><SP WIDTH="19" VPOS="2114" HPOS="1664"/>
							<String ID="string_367" HPOS="1683" VPOS="2114" WIDTH="57" HEIGHT="37" WC="0.96" CONTENT="till"/><SP WIDTH="19" VPOS="2114" HPOS="1740"/>
							<String ID="string_368" HPOS="1759" VPOS="2114" WIDTH="209" HEIGHT="36" WC="0.93" CONTENT="samhället."/>
						</TextLine>
						<TextLine ID="line_37" HPOS="374" VPOS="2166" WIDTH="1597" HEIGHT="53">
							<String ID="string_369" HPOS="374" VPOS="2169" WIDTH="90" HEIGHT="36" WC="0.96" CONTENT="Men"/><SP WIDTH="27" VPOS="2169" HPOS="464"/>
							<String ID="string_370" HPOS="491" VPOS="2169" WIDTH="12" HEIGHT="36" WC="0.96" CONTENT="i"/><SP WIDTH="29" VPOS="2169" HPOS="503"/>
							<String ID="string_371" HPOS="532" VPOS="2174" WIDTH="56" HEIGHT="31" WC="0.96" CONTENT="ett"/><SP WIDTH="27" VPOS="2174" HPOS="588"/>
							<String ID="string_372" HPOS="615" VPOS="2169" WIDTH="220" HEIGHT="50" WC="0.96" CONTENT="valsystem,"/><SP WIDTH="30" VPOS="2169" HPOS="835"/>
							<String ID="string_373" HPOS="865" VPOS="2169" WIDTH="67" HEIGHT="37" WC="0.96" CONTENT="där"/><SP WIDTH="28" VPOS="2169" HPOS="932"/>
							<String ID="string_374" HPOS="960" VPOS="2169" WIDTH="214" HEIGHT="37" WC="0.96" CONTENT="kvinnorna"/><SP WIDTH="28" VPOS="2169" HPOS="1174"/>
							<String ID="string_375" HPOS="1202" VPOS="2174" WIDTH="65" HEIGHT="31" WC="0.96" CONTENT="äro"/><SP WIDTH="20" VPOS="2174" HPOS="1267"/>
							<String ID="string_376" HPOS="1287" VPOS="2168" WIDTH="97" HEIGHT="48" WC="0.96" CONTENT="med,"/><SP WIDTH="20" VPOS="2168" HPOS="1384"/>
							<String ID="string_377" HPOS="1404" VPOS="2167" WIDTH="178" HEIGHT="37" WC="0.96" CONTENT="framstår"/><SP WIDTH="19" VPOS="2167" HPOS="1582"/>
							<String ID="string_378" HPOS="1601" VPOS="2172" WIDTH="100" HEIGHT="31" WC="0.93" CONTENT="ännu"/><SP WIDTH="19" VPOS="2172" HPOS="1701"/>
							<String ID="string_379" HPOS="1720" VPOS="2166" WIDTH="168" HEIGHT="49" WC="0.91" CONTENT="bjärtare"/><SP WIDTH="19" VPOS="2166" HPOS="1888"/>
							<String ID="string_380" HPOS="1907" VPOS="2166" WIDTH="64" HEIGHT="36" WC="0.96" CONTENT="det"/>
						</TextLine>
						<TextLine ID="line_38" HPOS="374" VPOS="2217" WIDTH="1597" HEIGHT="53">
							<String ID="string_381" HPOS="374" VPOS="2221" WIDTH="276" HEIGHT="37" WC="0.96" CONTENT="konstruerade"/><SP WIDTH="41" VPOS="2221" HPOS="650"/>
							<String ID="string_382" HPOS="691" VPOS="2222" WIDTH="13" HEIGHT="35" WC="0.76" CONTENT="i"/><SP WIDTH="42" VPOS="2222" HPOS="704"/>
							<String ID="string_383" HPOS="746" VPOS="2221" WIDTH="247" HEIGHT="37" WC="0.96" CONTENT="förevarande"/><SP WIDTH="42" VPOS="2221" HPOS="993"/>
							<String ID="string_384" HPOS="1035" VPOS="2221" WIDTH="221" HEIGHT="49" WC="0.95" CONTENT="stadgande."/><SP WIDTH="58" VPOS="2221" HPOS="1256"/>
							<String ID="string_385" HPOS="1314" VPOS="2220" WIDTH="47" HEIGHT="37" WC="0.95" CONTENT="Vi"/><SP WIDTH="42" VPOS="2220" HPOS="1361"/>
							<String ID="string_386" HPOS="1403" VPOS="2232" WIDTH="90" HEIGHT="24" WC="0.95" CONTENT="anse"/><SP WIDTH="41" VPOS="2232" HPOS="1493"/>
							<String ID="string_387" HPOS="1534" VPOS="2219" WIDTH="139" HEIGHT="47" WC="0.95" CONTENT="därför,"/><SP WIDTH="31" VPOS="2219" HPOS="1673"/>
							<String ID="string_388" HPOS="1704" VPOS="2223" WIDTH="54" HEIGHT="32" WC="0.96" CONTENT="att"/><SP WIDTH="28" VPOS="2223" HPOS="1758"/>
							<String ID="string_389" HPOS="1786" VPOS="2217" WIDTH="185" HEIGHT="50" WC="0.96" CONTENT="fullgjord"/>
						</TextLine>
						<TextLine ID="line_39" HPOS="373" VPOS="2269" WIDTH="1598" HEIGHT="54">
							<String ID="string_390" HPOS="373" VPOS="2273" WIDTH="219" HEIGHT="50" WC="0.91" CONTENT="värneplikt"/><SP WIDTH="28" VPOS="2273" HPOS="592"/>
							<String ID="string_391" HPOS="620" VPOS="2273" WIDTH="33" HEIGHT="50" WC="0.96" CONTENT="ej"/><SP WIDTH="31" VPOS="2273" HPOS="653"/>
							<String ID="string_392" HPOS="684" VPOS="2273" WIDTH="69" HEIGHT="38" WC="0.96" CONTENT="bör"/><SP WIDTH="27" VPOS="2273" HPOS="753"/>
							<String ID="string_393" HPOS="780" VPOS="2273" WIDTH="209" HEIGHT="38" WC="0.96" CONTENT="bibehållas"/><SP WIDTH="28" VPOS="2273" HPOS="989"/>
							<String ID="string_394" HPOS="1017" VPOS="2276" WIDTH="124" HEIGHT="35" WC="0.96" CONTENT="såsom"/><SP WIDTH="27" VPOS="2276" HPOS="1141"/>
							<String ID="string_395" HPOS="1168" VPOS="2272" WIDTH="140" HEIGHT="38" WC="0.96" CONTENT="villkor"/><SP WIDTH="29" VPOS="2272" HPOS="1308"/>
							<String ID="string_396" HPOS="1337" VPOS="2272" WIDTH="58" HEIGHT="38" WC="0.91" CONTENT="för"/><SP WIDTH="28" VPOS="2272" HPOS="1395"/>
							<String ID="string_397" HPOS="1423" VPOS="2271" WIDTH="152" HEIGHT="48" WC="0.91" CONTENT="valrätt,"/><SP WIDTH="30" VPOS="2271" HPOS="1575"/>
							<String ID="string_398" HPOS="1605" VPOS="2271" WIDTH="100" HEIGHT="37" WC="0.96" CONTENT="helst"/><SP WIDTH="29" VPOS="2271" HPOS="1705"/>
							<String ID="string_399" HPOS="1734" VPOS="2270" WIDTH="104" HEIGHT="37" WC="0.96" CONTENT="detta"/><SP WIDTH="20" VPOS="2270" HPOS="1838"/>
							<String ID="string_400" HPOS="1858" VPOS="2269" WIDTH="113" HEIGHT="38" WC="0.95" CONTENT="äfven"/>
						</TextLine>
						<TextLine ID="line_40" HPOS="371" VPOS="2322" WIDTH="1600" HEIGHT="53">
							<String ID="string_401" HPOS="371" VPOS="2325" WIDTH="106" HEIGHT="38" WC="0.96" CONTENT="leder"/><SP WIDTH="41" VPOS="2325" HPOS="477"/>
							<String ID="string_402" HPOS="518" VPOS="2325" WIDTH="59" HEIGHT="37" WC="0.92" CONTENT="till"/><SP WIDTH="41" VPOS="2325" HPOS="577"/>
							<String ID="string_403" HPOS="618" VPOS="2326" WIDTH="277" HEIGHT="49" WC="0.89" CONTENT="oegentlighet,"/><SP WIDTH="44" VPOS="2326" HPOS="895"/>
							<String ID="string_404" HPOS="939" VPOS="2326" WIDTH="126" HEIGHT="37" WC="0.93" CONTENT="därest"/><SP WIDTH="42" VPOS="2326" HPOS="1065"/>
							<String ID="string_405" HPOS="1107" VPOS="2324" WIDTH="291" HEIGHT="38" WC="0.92" CONTENT="valrättsåldern"/><SP WIDTH="34" VPOS="2324" HPOS="1398"/>
							<String ID="string_406" HPOS="1432" VPOS="2326" WIDTH="124" HEIGHT="34" WC="0.95" CONTENT="såsom"/><SP WIDTH="29" VPOS="2326" HPOS="1556"/>
							<String ID="string_407" HPOS="1585" VPOS="2324" WIDTH="38" HEIGHT="36" WC="0.95" CONTENT="vi"/><SP WIDTH="27" VPOS="2324" HPOS="1623"/>
							<String ID="string_408" HPOS="1650" VPOS="2324" WIDTH="124" HEIGHT="36" WC="0.96" CONTENT="nedan"/><SP WIDTH="29" VPOS="2324" HPOS="1774"/>
							<String ID="string_409" HPOS="1803" VPOS="2322" WIDTH="168" HEIGHT="37" WC="0.96" CONTENT="förordat"/>
						</TextLine>
						<TextLine ID="line_41" HPOS="373" VPOS="2377" WIDTH="576" HEIGHT="50">
							<String ID="string_410" HPOS="373" VPOS="2377" WIDTH="208" HEIGHT="37" WC="0.90" CONTENT="bibehålles"/><SP WIDTH="28" VPOS="2377" HPOS="581"/>
							<String ID="string_411" HPOS="609" VPOS="2378" WIDTH="65" HEIGHT="37" WC="0.93" CONTENT="vid"/><SP WIDTH="29" VPOS="2378" HPOS="674"/>
							<String ID="string_412" HPOS="703" VPOS="2379" WIDTH="168" HEIGHT="48" WC="0.90" CONTENT="tjuguett"/><SP WIDTH="28" VPOS="2379" HPOS="871"/>
							<String ID="string_413" HPOS="899" VPOS="2381" WIDTH="50" HEIGHT="34" WC="0.96" CONTENT="år."/>
						</TextLine>
					</TextBlock>
				</ComposedBlock>
			</PrintSpace>
		</Page>
	</Layout>
</alto>
