2214 2662
431 206 63 32 296
804 202 401 34 Konstitutionsutskottets
1233 201 168 34 Utlåtande
1423 202 61 31 N:o
1507 201 30 31 7.

389 286 130 37 kunna
560 290 95 45 göra
696 283 180 51 gällande
917 283 74 38 den
1032 283 166 48 fordran,
1241 287 56 32 att
1338 280 281 39 fastställandet
1660 279 40 38 af
1730 279 46 37 de
1805 278 180 50 grunder,

388 339 126 49 enligt
554 337 130 38 hvilka
719 337 46 37 de
794 337 148 37 direkta
971 337 195 37 skatterna
1194 336 106 37 skola
1329 334 164 38 fördelas
1521 336 48 48 på
1597 333 46 37 de
1672 332 313 50 skattdragande,

389 392 70 37 bör
498 391 153 37 tillhöra
684 390 74 37 den
787 390 189 36 allmänna
1003 389 297 49 lagstiftningen
1328 388 77 37 lika
1432 387 63 37 väl
1523 399 81 24 som
1633 385 47 37 de
1705 387 121 47 lagar,
1856 385 131 37 hvilka

389 445 123 36 finnas
556 443 158 50 angifna
755 442 12 37 i
807 443 19 47 $
868 444 47 35 87
957 441 365 50 regeringsformen.
1377 440 60 36 En
1469 438 160 38 orättvis
1663 438 71 37 och
1762 437 133 50 obillig
1923 436 64 38 be-

388 497 202 49 skattning
623 497 76 36 kan
726 495 60 37 för
806 495 73 37 den
903 494 170 38 enskilde
1100 493 170 38 medföra
1297 493 77 37 lika
1401 492 197 37 kännbara
1625 490 363 50 rättskränkningar

391 564 80 23 som
504 549 166 49 oriktiga
698 548 192 50 principer
916 548 13 36 i
958 548 72 36 den
1058 547 189 36 allmänna
1274 545 313 51 lagstiftningen;
1618 544 72 36 och
1715 543 273 37 skatteförord-

391 603 151 50 ningar,
585 616 81 23 som
709 601 166 50 pålägga
916 599 282 50 produktionen
1234 604 121 32 större
1383 597 139 38 bördor
1550 602 48 32 än
1627 596 73 37 den
1729 596 141 37 förmår
1897 596 92 37 bära

390 656 72 38 och
491 655 224 49 därigenom
742 653 260 50 undergräfva
1031 652 219 38 samhällets
1279 650 244 39 ekonomiska
1550 648 176 38 välstånd
1745 647 90 39 eller
1854 648 136 37 hindra

392 709 87 35 dess
506 707 199 36 förkofran
731 706 13 35 i
773 705 240 36 ekonomiskt
1042 704 189 47 afseende,
1260 704 182 35 innebära
1471 702 59 37 för
1558 700 200 38 samhället
1785 700 77 36 lika
1887 705 103 31 stora

394 759 119 38 vådor
541 772 82 24 som
650 757 137 38 brister
815 757 12 36 i
856 756 72 37 den
956 756 124 50 öfriga
1107 756 305 49 lagstiftningen.

523 812 75 36 Det
638 811 69 37 bör
741 810 70 37 ock
838 809 13 37 i
878 810 104 36 detta
1011 809 277 48 sammanhang
1317 808 158 46 erinras,
1501 811 54 32 att
1583 805 219 50 grunderna
1829 804 59 37 för
1916 804 74 37 den

394 864 242 37 kommunala
675 862 299 49 beskattningen
1014 861 231 37 bestämmas
1274 874 138 35 genom
1440 857 390 50 kommunallagarne,
1859 855 130 38 hvilka

394 917 127 37 stiftas
550 916 41 37 af
615 916 170 48 Konung
813 915 71 37 och
911 914 174 49 Riksdag
1104 918 238 45 gemensamt
1362 912 70 37 och
1452 911 159 38 sålunda
1631 916 64 32 äro
1715 909 276 49 undandragna

394 970 76 36 den
497 981 283 38 gemensamma
808 967 240 48 voteringen.

526 1020 72 38 Om
639 1034 87 23 man
769 1019 209 38 emellertid
1019 1019 69 36 hos
1131 1032 60 23 oss
1231 1020 48 48 på
1315 1017 126 49 grund
1470 1016 41 37 af
1535 1016 137 36 hittills
1700 1014 167 38 rådande
1895 1027 96 36 upp-

394 1074 170 49 fattning
604 1074 13 35 i
655 1072 176 38 afseende
873 1075 20 34 å
933 1071 395 49 beskattningsrätten
1363 1070 116 36 afstår
1511 1068 85 37 från
1629 1067 200 50 yrkandet,
1860 1071 54 32 att
1943 1066 49 36 all

394 1127 126 37 direkt
548 1125 250 49 beskattning
834 1124 96 37 skall
957 1124 231 36 bestämmas
1216 1123 13 36 i
1257 1135 143 24 samma
1428 1121 177 49 ordning,
1635 1133 80 24 som
1744 1124 41 32 är
1813 1118 179 50 gällande

395 1181 61 35 för
498 1179 138 35 allmän
670 1178 76 47 lag,
783 1179 123 34 såsom
934 1176 12 35 i
975 1176 46 36 de
1048 1176 204 35 utländska
1280 1174 337 48 författningarna,
1647 1172 121 48 enligt
1794 1171 102 36 hvad
1923 1171 70 35 här

396 1231 127 37 nedan
564 1229 95 37 skall
699 1228 162 51 påvisas,
896 1228 12 36 i
937 1227 207 37 allmänhet
1172 1231 42 33 är
1242 1226 114 45 fallet,
1387 1230 40 32 är
1455 1225 64 37 det
1547 1227 40 34 så
1617 1224 152 49 mycket
1797 1236 102 23 mera
1926 1222 66 37 be-

397 1283 135 49 fogadt
579 1286 54 32 att
674 1281 190 50 uppställa
905 1280 72 37 den
1018 1279 167 48 fordran,
1229 1283 54 33 att
1323 1277 282 38 fastställandet
1647 1276 40 37 af
1724 1274 270 39 förutnämnda

398 1335 170 50 grunder
596 1334 59 36 för
683 1334 73 36 den
783 1333 245 50 progressiva
1055 1331 300 49 beskattningen
1383 1330 96 37 skall
1503 1329 135 37 kräfva
1656 1328 98 37 båda
1773 1328 222 36 kamrarnes

397 1386 293 51 godkännande.

527 1439 57 37 De
614 1437 189 38 ordinarie
832 1437 207 47 skatterna,
1069 1435 129 38 hvilka
1225 1435 208 37 fastställas
1463 1434 41 36 af
1528 1434 169 48 Konung
1726 1432 70 37 och
1824 1431 172 49 Riksdag

399 1495 250 47 gemensamt,
679 1490 114 37 hafva
821 1489 120 37 under
968 1488 106 38 tiden
1101 1488 85 37 från
1216 1487 64 38 det
1307 1500 76 37 nya
1409 1484 494 52 representationsskickets
1932 1497 64 23 an-

400 1544 167 49 tagande
597 1557 47 23 en
673 1543 96 36 efter
798 1555 126 23 annan
951 1541 128 36 blifvit
1105 1540 195 50 upphäfda
1329 1539 70 37 och
1427 1544 141 31 ersatta
1596 1551 141 36 genom
1767 1550 47 23 en
1841 1540 154 32 väsent-

400 1597 106 49 ligen
534 1595 98 38 ökad
659 1594 225 48 bevillning.
940 1593 18 36 I
985 1593 207 37 riksstaten
1219 1592 60 37 för
1306 1590 257 38 innevarande
1592 1593 41 33 år
1660 1595 41 31 är
1729 1589 72 36 den
1827 1588 98 37 enda
1945 1601 50 23 nu

401 1647 254 39 kvarstående
690 1646 188 38 ordinarie
912 1645 161 48 skatten,
1113 1644 181 49 nämligen
1323 1642 447 51 mantalspenningarna,
1799 1645 198 45 upptagen

400 1701 60 36 till
502 1705 55 32 ett
585 1700 136 49 belopp
751 1698 42 36 af
819 1699 161 46 780,000
1009 1697 151 48 kronor,
1190 1696 120 37 under
1338 1695 63 37 det
1429 1700 56 31 att
1513 1695 45 36 de
1586 1693 188 38 ordinarie
1803 1693 195 37 skatterna

401 1756 41 34 år
484 1754 98 35 1868
624 1750 213 51 uppgingo,
879 1749 250 37 inberäknadt
1172 1748 178 49 rustning
1387 1747 70 37 och
1491 1747 173 48 rotering
1697 1746 39 36 in
1764 1750 147 41 natura,
1941 1744 58 36 till

404 1805 227 48 11,346,400
665 1804 151 35 kronor.
871 1802 60 36 En
960 1801 219 50 jämförelse
1208 1801 138 36 mellan
1374 1800 260 36 inkomsterna
1663 1801 39 34 år
1732 1799 97 35 1868
1860 1797 70 37 och
1959 1799 41 34 år

404 1858 98 36 1905
530 1856 148 36 lämnar
704 1854 170 50 följande
902 1854 175 36 resultat:

599 1911 114 59 Skatter
720 1931 14 19 :
1154 1913 41 35 År
1214 1921 75 27 1868.
1664 1909 41 36 År
1724 1917 76 28 1905.

401 1969 146 27 Ordinarie
565 1968 155 26 inkomster
748 1985 202 6 ..............++++
1243 1964 164 32 11,346,400:
1422 1979 25 5 —
1827 1960 161 32 780,000
1951 1956 42 41 :—

402 2004 202 35 Bevillningar:

419 2039 62 27 tull-
495 2039 52 26 och
560 2037 219 36 stämpelmedel,
793 2036 164 27 brännvins-

438 2071 519 37 tillverkningsskatt,hvitbetssocker-

437 2108 285 36 tillverkningsafgift,
752 2107 118 35 punsch-
901 2106 52 27 och
1664 2104 2 2 |

438 2144 147 28 maltskatt
603 2154 36 17 m.
658 2153 35 17 MM.
715 2162 236 6 ..ssssssessssesrsr
923 2137 32 41 ana
990 2140 164 33 26,000,000:
1169 2155 26 4 —
1497 2135 180 36 102,850,000:
1692 2151 26 4 —

421 2180 202 27 inkomstskatt
635 2179 52 26 och
700 2178 152 35 bevillning
863 2177 31 27 af
901 2177 56 27 fast

438 2215 136 36 egendom
594 2214 51 27 och
663 2214 124 27 inkomst
815 2233 130 5 «...........
1002 2210 148 33 2,792,300:
1165 2225 26 4 —
1214 2202 14 51 —
1239 2217 164 32 28,792,300:
1419 2232 26 4 —
1511 2206 164 40 —19,600,000:
1690 2221 26 4 —
1737 2202 14 51 =
1767 2212 181 32 122,450,000:
1963 2228 26 4 —

524 2276 109 28 Andra
650 2275 178 28 inkomster:

402 2320 136 31 arrende-,
561 2321 82 34 post-,
663 2319 134 35 telegraf-,
814 2318 144 36 järnvägs-

440 2355 175 28 träfikmedel
634 2364 36 18 Mm;
689 2364 36 18 M;
748 2373 202 6 ssmssmsmssaxss
1260 2347 146 32 3,379,000:
1423 2363 25 4 —
1784 2343 165 32 46,145,000:
1965 2358 24 5 —

839 2391 124 34 Summa
1241 2386 164 38 43,513,100:
1421 2407 26 4 —
1766 2387 179 32 169,975,000:
1961 2402 24 5 —
