2214 2662
223 1875 91 36 Öfriga

195 1916 146 30 ändringar

178 1951 9 23 $
201 1950 83 32 fråga
308 1958 39 16 om

216 1986 97 24 Första

177 2021 173 24 Kammarens

206 2056 128 25 bildande.

418 221 63 32 288
792 213 399 36 Konstitutionsutskottets
1219 211 169 34 Utlåtande
1409 210 63 33 N:o
1495 211 29 32 7.

375 300 166 39 nämnda
578 302 41 34 år
661 297 40 38 af
740 296 178 39 särskildt
946 295 182 50 fyrktalet
1157 294 58 37 för
1245 295 137 34 ”annan
1410 290 193 51 fastighet
1633 290 71 37 och
1732 289 85 37 ”alla
1846 287 125 50 öfriga

375 350 436 51 beskattningsföremål'
841 352 119 35 måste
994 348 115 37 hafva
1140 347 114 48 bragt
1282 344 224 52 ytterligare
1535 348 53 33 ett
1617 343 101 38 antal
1747 343 224 37 kommuner

377 404 269 41 företrädesvis
683 404 105 37 inom
814 402 292 50 Bergslagerna,
1127 399 189 38 Norrland
1345 398 69 37 och
1442 397 213 37 Malmöhus
1682 396 75 48 län,
1787 395 12 36 i
1827 407 144 24 samma

378 459 190 39 situation.

505 510 147 39 Härvid
692 509 71 37 bör
804 508 97 38 dock
930 507 153 45 erinrag,
1120 509 54 33 att
1202 504 12 37 i
1242 504 146 37 kanske
1415 502 161 37 fertalet
1604 501 78 48 fall,
1712 501 47 37 då
1786 500 185 49 begräns-

376 565 146 49 ningen
549 564 174 37 kommer
749 561 58 37 till
837 559 259 48 användning,
1126 558 109 37 däraf
1255 555 208 51 ingalunda
1479 555 120 37 skulle
1614 553 216 38 föranledas
1846 555 127 46 någon

376 618 141 51 positiv
558 615 228 49 förändring
825 614 13 36 i
879 610 377 50 maktfördelningen
1297 609 92 38 eller
1420 607 288 45 valresultaten;
1739 609 40 34 så
1808 610 41 32 är
1877 605 97 36 först

378 672 70 35 och
490 670 135 36 främst
665 666 254 38 förhållandet
945 665 104 36 inom
1078 664 46 36 de
1152 663 220 48 säkerligen
1400 661 145 48 ganska
1572 659 136 37 talrika
1736 659 236 45 kommuner,

378 723 68 36 där
488 721 46 36 de
575 720 139 48 högsta
755 717 207 37 röstetalen
1004 715 136 37 endast
1181 713 213 49 obetydligt
1435 711 211 49 öfverstiga
1689 711 111 46 1,000
1829 709 142 49 fyrkar.

378 775 137 37 Likaså
556 772 111 49 ringa
709 770 73 38 blir
824 770 74 37 den
938 767 198 51 praktiska
1176 766 235 50 betydelsen,
1453 769 69 32 när
1563 763 46 38 de
1651 768 103 32 stora
1785 760 188 39 röstinne-

378 826 186 37 hafvarne
605 824 83 37 icke
730 826 58 33 stå
829 823 11 35 i
880 826 158 32 motsats
1080 820 69 47 till,
1191 824 92 31 utan
1324 818 116 36 hafva
1468 828 287 38 gemensamma
1781 814 192 36 intressen

379 878 86 38 med
506 878 45 36 de
592 876 140 49 öfriga;
776 877 41 35 så
858 879 41 31 är
940 879 26 30 t.
1009 886 58 23 ex.
1106 872 63 36 det
1203 870 170 38 normala
1400 868 257 38 förhållandet
1685 866 139 38 mellan
1853 870 121 32 större

380 930 329 50 egendomsägare
737 928 71 36 och
835 925 155 39 bönder.
1037 925 56 36 De
1120 924 197 50 påtagliga
1344 921 317 49 förändringarne
1689 919 109 38 torde
1819 917 157 39 sålunda

380 984 151 37 komma
572 986 55 32 att
667 979 209 38 inskränka
918 978 60 49 sig
1019 977 57 37 till
1117 977 45 36 de
1199 976 237 46 kommuner,
1466 974 67 36 där
1561 972 304 47 storindustrien,
1895 983 80 24 som

380 1049 157 24 numera
564 1035 12 36 i
605 1033 66 38 allt
699 1038 122 32 större
850 1030 266 49 utsträckning
1139 1028 195 38 bedrifves
1354 1027 42 37 af
1410 1027 127 48 bolag,
1558 1025 136 37 hittills
1715 1024 101 37 varit
1837 1023 139 37 allena-

379 1088 216 38 härskande
637 1086 71 37 och
747 1086 66 36 där
841 1083 272 48 minskningen
1140 1082 14 35 i
1181 1084 121 46 några
1329 1084 217 44 röstägares
1574 1078 145 50 fyrktal
1746 1077 86 36 från
1862 1075 113 48 5,000

379 1141 58 37 till
481 1141 112 47 1,000
635 1139 57 36 får
733 1137 57 37 till
831 1136 106 50 följd,
968 1140 55 32 att
1051 1135 46 36 de
1126 1134 137 37 förlora
1291 1132 59 38 sin
1377 1131 215 38 öfvermakt
1620 1130 91 38 eller
1738 1131 121 35 måste
1890 1127 85 37 dela

381 1193 74 36 den
482 1191 87 37 med
598 1190 82 37 sina
709 1189 172 37 arbetare
911 1188 70 36 och
1009 1187 205 36 bönderna.

510 1243 54 37 Af
601 1247 140 33 största
782 1240 197 50 betydelse
1022 1239 107 36 torde
1165 1238 73 36 den
1268 1237 217 48 föreslagna
1512 1233 317 51 begränsningen
1857 1230 120 38 blifva

382 1296 242 47 därutinnan,
668 1299 55 32 att
764 1294 74 36 den
878 1293 59 36 för
977 1291 203 37 framtiden
1221 1290 125 36 afskär
1388 1289 72 36 den
1487 1286 226 49 utveckling
1740 1284 60 38 till
1826 1283 151 38 fåvälde

381 1350 103 36 inom
525 1347 103 37 vissa
668 1346 209 47 landsting,
920 1357 81 24 som
1041 1346 48 47 på
1131 1355 134 25 senare
1306 1341 107 37 tiden
1455 1339 66 38 allt
1555 1340 181 48 skarpare
1764 1335 212 39 framträdt.

382 1401 94 37 Vårt
496 1399 147 50 förslag
661 1399 13 36 i
694 1398 124 37 denna
838 1397 60 37 del
918 1396 100 37 afser
1038 1395 158 37 sålunda
1215 1394 32 50 ej
1271 1398 54 32 ett
1339 1392 187 50 brytande
1542 1391 87 37 med
1644 1391 45 36 de
1704 1388 274 52 ursprungliga

383 1454 71 36 och
472 1450 305 38 hittillsvarande
800 1448 285 38 förhållandena
1099 1448 13 35 i
1126 1447 110 49 fråga
1255 1460 60 22 om
1330 1445 265 49 landstingens
1610 1443 166 37 faktiska
1791 1453 186 25 samman-

383 1506 185 47 sättning,
610 1509 94 31 utan
744 1502 107 37 torde
892 1513 153 25 snarare
1087 1513 91 23 vara
1206 1498 143 49 ägnadt
1378 1502 55 32 att
1465 1497 193 48 betrygga
1687 1495 191 37 desamma
1907 1492 70 37 och

383 1558 217 48 förebygga
642 1556 45 36 de
729 1554 260 49 olägenheter,
1019 1565 81 23 som
1127 1551 100 36 visat
1256 1550 59 49 sig
1342 1562 90 24 vara
1460 1549 13 36 i
1499 1548 103 37 vissa
1630 1548 67 37 fall
1724 1544 252 50 förknippade

383 1609 86 37 med
499 1608 73 37 den
599 1607 223 37 nuvarande
850 1604 283 49 utvecklingen.

515 1660 238 49 Stadgandet
781 1672 60 22 om
871 1658 72 36 den
971 1656 41 37 af
1037 1669 62 23 oss
1127 1655 219 48 föreslagna
1373 1652 311 50 begränsningen
1707 1650 69 36 har
1796 1647 182 51 gifvetvis

384 1714 60 36 sin
484 1713 100 49 plats
625 1713 13 35 i
678 1708 495 50 landstingsförordningen
1214 1707 70 36 och
1320 1706 122 47 torde,
1471 1705 13 36 i
1511 1703 182 38 händelse
1720 1705 85 33 vårt
1833 1700 147 48 förslag

383 1766 135 36 vinner
559 1763 118 49 bifall,
707 1763 85 37 från
822 1762 140 48 Kungl.
993 1760 110 49 Maj:t
1136 1760 129 36 kunna
1289 1759 196 36 förväntas
1509 1756 147 49 förslag
1683 1754 58 37 till
1770 1754 73 37 den
1870 1752 114 37 häraf

384 1817 206 49 betingade
619 1816 213 48 ändringen
859 1815 12 36 i
900 1813 118 50 sagda
1045 1812 235 48 förordning.

515 1869 50 37 Vi
592 1868 139 37 föreslå
758 1868 119 48 ingen
904 1865 226 47 förändring
1157 1864 13 36 i
1199 1863 177 37 afseende
1405 1865 20 33 å
1455 1861 143 37 antalet
1626 1860 90 36 eller
1743 1857 237 38 valbarhets-

388 1921 188 38 villkoren
602 1921 139 37 liksom
765 1920 33 48 ej
821 1919 118 37 heller
957 1916 235 38 beträffande
1212 1914 229 50 stadgandet
1461 1927 60 24 om
1542 1913 206 37 frånvaron
1769 1911 40 37 af
1826 1908 155 39 arfvode

389 1979 98 32 samt
515 1974 74 37 den
617 1971 262 50 obegränsade
906 1974 125 33 rätten
1057 1969 58 36 till
1143 1968 200 49 afsägelse.

518 2026 87 37 Med
644 2026 150 48 hänsyn
833 2023 59 37 till
932 2020 304 38 funktionstiden
1276 2019 109 37 torde
1426 2018 74 36 den
1540 2018 130 35 kunna
1702 2016 196 37 nedsättas
1925 2012 59 36 till

389 2092 68 24 sex
498 2082 52 44 år,
592 2079 47 36 då
681 2076 147 38 ändock
861 2074 119 48 nödig
1007 2073 234 37 kontinuitet
1268 2072 157 37 bevaras
1454 2069 71 38 och
1552 2067 344 50 öfvergångstiden
1924 2064 60 37 för

388 2131 65 37 det
493 2145 76 35 nya
610 2133 202 46 systemets
851 2126 249 48 fullständiga
1139 2124 246 50 tillämpning
1424 2122 73 37 blir
1531 2122 161 36 kortare.
1748 2121 231 36 Kammaren

386 2183 172 37 kommer
598 2182 224 50 härigenom
857 2180 12 36 i
897 2184 173 32 närmare
1098 2182 155 45 rapport
1280 2176 86 37 med
1393 2175 242 46 valmännen,
1665 2185 48 24 en
1740 2169 239 49 förändring,

386 2249 82 23 som
498 2236 33 48 ej
561 2236 76 36 kan
664 2234 114 37 hafva
807 2237 116 32 annat
950 2236 49 30 än
1018 2243 189 36 gynnsam
1227 2229 188 36 inverkan
1433 2230 49 47 på
1501 2227 239 36 kammarens
1762 2223 216 38 auktoritet.

515 2287 139 37 Vidare
696 2285 170 47 föreslås,
910 2288 55 32 att
997 2281 305 38 funktionstiden
1329 2280 13 37 i
1370 2280 120 36 likhet
1518 2278 86 37 med
1631 2275 258 39 förhållandet
1916 2274 64 37 be-

386 2339 188 37 träffande
616 2338 130 38 Andra
788 2337 231 37 Kammaren
1060 2334 95 37 skall
1191 2333 139 37 räknas
1359 2332 83 37 från
1471 2331 73 36 den
1574 2332 19 34 1
1621 2328 153 50 januari
1804 2328 66 50 (nu
1898 2326 85 37 från
