1868 2794
390 161 390 32 Jordbruksutskottets
802 158 179 30 utlåtande
1002 166 43 21 nr
1066 157 38 29 17
1125 156 40 29 år
1187 156 83 29 1959
1563 152 18 29 7

125 249 162 31 Förvisso
313 248 116 29 finnes
454 256 42 20 en
520 246 63 29 rad
608 245 154 39 skogliga
789 242 174 34 ändamål,
989 250 75 21 som
1088 240 71 29 kan
1184 248 102 20 anses
1311 238 85 29 böra
1420 236 78 29 från
1524 235 57 29 det

81 301 198 29 allmännas
306 298 77 30 sida
409 296 150 40 främjas
586 295 78 30 med
691 290 410 44 prisutjämningsmedel
1130 290 43 29 då
1199 289 30 39 ej
1259 288 111 29 andra
1396 286 185 39 tillgångar

82 351 72 29 står
174 350 50 29 till
245 349 91 29 buds
356 347 131 31 härför.
510 346 125 39 Kungl.
657 345 124 39 Maj:ts
804 343 129 39 förslag
954 344 50 27 att
1025 350 41 20 ur
1089 340 105 39 sagda
1215 338 112 30 medel
1348 337 122 39 bidrag
1492 335 89 31 skall

83 402 120 28 kunna
222 399 82 40 utgå
320 398 107 31 bland
445 399 108 28 annat
571 396 50 30 till
642 395 220 38 forsknings-
879 393 65 30 och
963 389 365 33 försöksverksamhet
1347 390 90 27 samt
1456 386 128 30 utbild-

83 451 117 39 nings-
227 450 65 29 och
319 446 396 43 upplysningsåtgärder
743 444 154 31 biträdes
926 453 42 20 av
996 442 181 30 utskottet.
1206 440 66 31 Vid
1302 432 281 50 medelsdisposi-

82 503 73 29 tion
174 502 51 29 till
245 502 103 29 dessa
367 501 164 29 ävensom
552 499 51 29 till
624 498 109 29 andra
753 495 164 31 ändamål
937 494 112 30 måste
1068 493 87 29 dock
1177 492 106 39 enligt
1303 490 190 30 utskottets
1513 497 70 21 me-

82 553 84 39 ning
188 552 110 30 tillses
322 553 50 28 att
395 551 30 39 ej
452 549 208 31 statsverket
683 547 204 39 därigenom
909 545 122 29 bindes
1056 543 54 30 för
1135 542 167 30 framtida
1326 538 257 41 anslagsanvis-

83 604 125 38 ningar
228 603 80 29 över
329 601 184 39 budgeten.

128 653 104 33 Enär,
257 650 143 40 jämlikt
426 648 181 31 uttalande
634 657 42 20 av
701 645 254 40 föredragande
982 643 198 34 statsrådet,
1208 641 160 30 avsikten
1395 641 37 29 är
1459 641 50 28 att
1535 638 50 29 bi-

84 702 294 39 dragsgivningen
403 699 79 30 med
508 697 234 31 omförmälda
768 695 201 31 resterande
994 693 113 30 medel
1134 692 89 30 skall
1249 693 80 28 röra
1354 689 163 31 ändamål
1543 698 43 21 av

86 753 125 29 sådant
231 752 73 38 slag
323 760 75 20 som
417 749 147 40 tidigare
581 766 44 4 —
641 747 89 30 efter
748 746 206 39 riksdagens
973 743 156 31 hörande
1148 743 83 29 eller
1249 742 80 29 med
1349 740 77 31 stöd
1445 749 42 20 av
1506 739 78 30 dess

84 800 306 42 bemyndiganden
415 819 45 3 —
485 798 139 31 erhållit
651 797 121 40 anslag
799 806 42 20 av
867 793 421 43 prisutjämningsmedel,
1316 792 71 29 kan
1414 786 170 49 utskottet

85 852 176 40 tillstyrka
284 854 50 27 att
358 850 56 30 det
437 850 58 29 må
518 849 189 29 ankomma
730 847 44 40 på
797 847 127 38 Kungl.
947 845 105 39 Maj:t
1076 846 51 27 att
1149 843 137 29 besluta
1307 841 117 30 vartill
1447 836 138 49 medlen

86 903 89 29 skall
199 904 99 37 tagas
321 902 13 29 i
359 900 165 40 anspråk.
548 899 177 30 Utskottet
749 897 60 31 vill
832 896 114 30 likaså
970 895 142 31 förorda
1137 896 50 28 att
1211 891 295 41 bemyndigandet
1531 890 55 30 för

85 952 125 40 Kungl.
235 952 106 39 Maj:t
365 952 87 28 även
475 959 99 21 avser
597 947 243 41 utnyttjandet
863 956 42 20 av
928 944 286 42 uppkommande
1238 943 208 39 restbelopp,
1470 941 119 29 inklu-

87 1003 71 30 sive
185 1001 226 34 räntemedel,
440 1010 42 20 av
510 1008 124 31 genom
662 997 344 41 dispositionsbeslut
1034 994 146 40 tidigare
1209 993 146 30 bundna
1382 991 207 41 prisutjäm-

87 1052 227 40 ningsmedel.

131 1102 157 30 Emedan
308 1102 67 30 vad
397 1100 254 39 föredragande
674 1098 188 31 statsrådet
882 1098 10 29 i
915 1097 111 39 övrigt
1048 1095 126 30 uttalat
1194 1095 11 29 i
1227 1093 263 41 propositionen
1511 1092 76 29 icke

88 1152 199 30 föranleder
308 1151 116 40 någon
444 1150 218 39 invändning
684 1149 79 30 från
786 1148 190 30 utskottets
999 1146 74 30 sida
1095 1145 203 30 hemställer
1320 1143 181 33 utskottet,

442 1204 49 28 att
514 1202 187 38 riksdagen
723 1200 58 30 må
803 1199 186 40 godkänna
1012 1198 65 29 vad
1100 1197 11 29 i
1133 1197 57 29 det
1212 1194 211 40 föregående
1444 1193 145 30 föresla-

396 1252 66 40 gits
490 1250 222 31 beträffande
741 1249 255 40 dispositionen
1024 1256 42 21 av
1094 1246 156 30 influtna
1278 1243 311 42 prisutjämnings-

396 1302 157 40 avgifter.

133 1388 201 30 Stockholm
356 1387 67 30 den
445 1387 37 29 17
504 1395 96 21 mars
622 1384 82 31 1959

525 1485 48 30 På
596 1484 385 40 jordbruksutskottets
1004 1483 147 37 vägnar:

597 1569 176 29 ANDERS
789 1566 287 31 PETTERSSON

138 1832 64 29 Vid
220 1832 94 29 detta
333 1831 146 29 ärendes
498 1828 285 39 slutbehandling
800 1827 66 29 har
884 1825 171 30 närvarit:

135 1891 80 29 från
262 1890 167 29 första
475 1889 222 28 kammaren:
725 1887 122 28 herrar
872 1885 210 37 Anderberg,
1109 1883 66 29 Jon
1201 1883 164 33 Jonsson,
1391 1880 105 30 Bertil
1523 1880 68 29 An-

90 1933 156 33 dersson,
276 1931 74 29 Nils
382 1931 173 32 Hansson,
587 1928 160 39 Hjalmar
777 1926 173 34 Nilsson",
983 1925 248 33 Hermansson,
1262 1923 116 29 Johan
1408 1922 182 32 Persson”,

91 1973 198 34 Hedström,
316 1971 154 30 Sundin"
498 1971 66 29 och
588 1970 116 38 Yngve
729 1969 156 33 Nilsson;

136 2032 79 29 från
282 2031 121 29 andra
436 2030 222 28 kammaren:
679 2027 121 29 herrar
819 2027 200 28 Pettersson
1038 2025 10 28 i
1067 2023 101 35 Dahl,
1188 2022 191 31 Gustafson
1398 2022 10 29 i
1428 2021 163 39 Dädesjö,

91 2075 152 29 Jonsson
266 2073 10 28 i
301 2071 219 34 Strömsund,
544 2070 116 33 Sköld,
683 2068 161 35 Östlund,
867 2067 212 33 Lindström,
1103 2065 176 34 Arweson,
1304 2064 160 30 Eliasson
1487 2065 11 28 i
1521 2063 73 29 Mo-

92 2115 128 34 holm”,
241 2114 141 29 Nilsson
403 2113 10 29 i
433 2111 185 31 Lönsboda
639 2110 64 29 och
723 2109 170 31 Åhman”.

139 2191 9 8 "
163 2189 33 30 Ej
216 2187 183 25 närvarande
416 2186 49 24 vid
482 2185 192 31 justeringen.

343 2465 98 21 590529
479 2459 167 26 Stockholm
659 2458 75 28 1959,
747 2458 80 24 Isaac
839 2458 111 23 Marcus
963 2455 187 31 Boktryckeri
1163 2454 171 30 Aktiebolag
