1862 2786
442 158 331 30 Utrikesutskottets
792 157 180 32 utlåtande
990 167 43 21 nr
1051 159 19 29 8
1088 158 39 30 år
1146 158 84 30 1957
1549 160 38 30 21

786 402 106 41 Nr
866 398 28 56 8

307 496 330 30 Utrikesutskottets
660 497 180 31 utlåtande
863 497 11 29 i
894 496 190 41 anledning
1105 506 42 21 av
1167 497 128 40 Kungl.
1317 497 125 40 Maj:ts
1464 507 124 30 propo-

528 548 104 29 sition
661 547 53 30 till
737 548 189 39 riksdagen
953 548 81 30 med
1058 548 133 40 förslag
1219 548 53 29 till
1296 548 208 40 förordning
1530 558 56 20 om

527 598 150 40 ändring
700 598 12 30 i
735 599 148 39 stadgan
907 599 67 30 den
998 599 42 30 20
1063 599 142 39 augusti
1229 599 85 30 1952
1340 598 61 35 (nr
1423 600 82 35 618)
1532 599 56 40 för

526 649 174 30 Nordiska
718 649 110 30 rådet.

128 750 132 30 Genom
284 759 43 20 en
351 750 66 30 den
442 750 18 31 5
486 750 88 40 april
601 750 82 31 1957
709 750 220 40 dagtecknad
953 750 229 40 proposition,
1207 759 43 21 nr
1275 751 72 34 169,
1371 750 65 30 har
1461 751 125 39 Kungl.

83 801 106 39 Maj:t
212 801 113 30 under
349 801 219 40 åberopande
592 810 43 21 av
657 801 265 40 propositionen
946 801 108 40 bilagt
1079 801 126 40 utdrag
1232 810 42 22 av
1299 801 289 40 statsrådsproto-

82 851 108 30 kollet
209 852 81 30 över
309 851 556 41 justitiedepartementsärenden
885 861 137 20 samma
1041 852 67 39 dag
1128 852 181 40 föreslagit
1329 852 188 40 riksdagen
1537 854 50 28 att

83 904 128 38 antaga
229 903 10 29 i
256 903 264 39 propositionen
538 902 166 40 framlagt
721 902 132 39 förslag
871 903 53 30 till
941 903 207 39 förordning
1166 912 59 21 om
1243 903 149 39 ändring
1410 903 12 30 i
1440 903 147 39 stadgan

84 954 67 29 den
170 953 41 30 20
230 953 141 40 augusti
393 953 82 30 1952
503 953 58 33 (nr
581 953 80 34 618)
686 953 55 30 för
760 953 175 30 Nordiska
953 953 110 30 rådet.

127 1003 189 35 Utskottet,
333 1004 52 29 till
401 1004 108 29 vilket
525 1004 264 40 propositionen
806 1003 193 34 hänvisats,
1016 1004 64 29 har
1097 1004 77 29 icke
1191 1004 121 30 funnit
1329 1004 188 40 anledning
1535 1004 52 30 till

84 1054 141 31 erinran
245 1056 73 28 mot
336 1054 177 40 förslaget.

128 1106 176 30 Utskottet
326 1106 213 34 hemställer,

438 1157 51 28 att
510 1155 186 40 riksdagen
719 1155 118 34 måtte,
861 1156 79 29 med
961 1155 100 30 bifall
1084 1155 52 30 till
1158 1156 127 39 Kungl.
1308 1155 124 41 Maj:ts
1455 1156 133 30 föreva-

395 1206 107 30 rande
528 1206 229 40 proposition,
784 1207 127 38 antaga
939 1206 59 30 det
1023 1206 198 40 framlagda
1246 1206 168 40 förslaget
1440 1207 51 29 till
1518 1206 70 31 för-

394 1257 149 39 ordning
562 1266 57 20 om
639 1257 150 40 ändring
807 1257 11 29 i
838 1257 148 40 stadgan
1005 1257 66 30 den
1091 1256 41 31 20
1151 1257 141 40 augusti
1315 1258 82 30 1952
1423 1257 59 34 (nr
1501 1257 80 35 618)

394 1307 55 30 för
469 1308 174 30 Nordiska
663 1308 109 30 rådet.

129 1393 201 30 Stockholm
353 1394 65 29 den
441 1393 19 30 9
481 1394 71 39 maj
579 1393 81 29 1957

548 1492 47 30 På
621 1492 327 29 utrikesutskottets
972 1493 147 38 vägnar:

640 1593 113 30 SVEN
778 1593 74 28 EM.
879 1592 154 31 OHLON

473 1802 64 31 Vid
553 1803 163 30 ärendets
736 1802 212 40 behandling
965 1803 45 29 ha
1029 1802 172 30 närvarit:

128 1862 78 30 från
262 1864 138 29 första
429 1863 221 30 kammaren:
670 1863 122 30 herrar
811 1863 125 33 Ohlon,
955 1862 178 35 Sundelin,
1149 1863 162 36 Ewerlöf,
1329 1862 124 31 Gustaf
1470 1863 115 30 Karls-

84 1914 72 25 son,
181 1905 165 39 Elmgren
370 1905 64 29 och
457 1905 162 34 Werner;

128 1963 79 29 från
248 1963 152 30 andra
441 1963 222 30 kammaren:
695 1963 122 29 herrar
848 1962 238 40 Hjalmarson,
1118 1963 179 39 Skoglund
1328 1963 10 29 i
1363 1964 222 39 Doverstorp,

84 2005 199 29 Pettersson
305 2005 11 29 i
338 2005 100 34 Dahl,
460 2005 172 39 Thapper,
655 2005 127 30 Netzén
805 2005 63 29 och
889 2005 193 39 Bengtsson
1104 2005 11 29 i
1138 2005 194 30 Halmstad.

333 2477 97 22 570840
471 2473 166 26 Stockholm
651 2473 76 25 1957.
748 2474 80 24 Isaac
839 2474 112 24 Marcus
962 2473 188 31 Boktryckeri
1163 2473 171 31 Aktiebolag
