2180 2634
419 208 20 29 2
928 216 229 31 Statsutskottets
1185 217 150 32 Utlåtande
1357 223 57 28 N:o
1439 225 70 28 134.

516 288 58 35 till
613 288 172 48 kvinnlig
822 290 270 49 folkhögskola,
1134 308 80 25 som
1252 296 158 49 påginge
1446 302 172 47 omkring
1643 303 75 37 tolf
1743 306 145 44 veckor,
1916 307 108 47 högst

410 337 108 44 1,800
544 338 149 38 kronor.

506 387 55 37 De
600 388 42 36 af
679 392 232 37 motionären
951 407 53 23 nu
1042 394 213 50 föreslagna
1290 399 251 48 ändringarna
1566 404 12 34 i
1607 403 106 37 dessa
1740 405 278 40 bestämmelser

404 438 121 37 skulle
551 438 77 38 afse
646 440 211 39 beredande
874 442 43 37 af
930 445 194 46 möjlighet
1142 453 55 30 att
1216 449 170 37 anordna
1404 452 324 39 statsunderstödd
1745 451 274 59 folkhögskole-

404 488 90 36 kurs
534 489 78 36 dels
650 489 62 38 för
748 494 166 46 manliga
954 495 119 37 elever
1111 498 120 36 under
1265 499 74 37 tolf
1371 503 134 35 veckor
1532 504 69 35 och
1628 504 79 37 dels
1734 505 61 47 för
1821 508 197 48 kvinnliga

405 538 122 37 elever
553 540 120 37 under
699 543 113 36 minst
837 544 109 48 tjugu
972 546 144 37 veckor.

482 589 238 39 Beträffande
759 592 121 38 denna
919 595 229 38 sistnämnda
1187 600 193 46 möjlighet
1419 603 97 36 lärer
1555 604 226 48 densamma,
1821 609 85 37 med
1947 610 72 37 den

403 638 153 48 lydelse,
598 654 81 25 som
714 642 62 37 det
801 643 258 40 förstnämnda
1085 647 42 36 af
1149 648 114 38 ofvan
1291 651 248 39 omförmälda
1565 655 64 37 två
1655 664 168 30 moment
1849 658 59 37 för
1935 668 82 29 när-

403 690 166 38 varande
595 699 97 39 äger,
718 694 115 37 redan
858 709 53 23 nu
937 695 201 39 förefinnas
1166 700 70 36 och
1263 701 122 47 någon
1412 704 159 49 ändring
1597 707 13 35 i
1637 705 43 37 af
1703 709 235 37 motionären
1956 724 61 24 an-

402 739 127 46 gifven
555 743 168 47 riktning
749 744 138 38 således
913 747 81 37 icke
1020 761 91 24 vara
1137 749 228 49 erforderlig.
1405 753 304 41 Vidkommande
1735 758 78 37 åter
1839 759 177 48 förslaget

404 803 63 25 om
500 792 242 39 anordnande
768 795 42 36 af
830 802 57 30 tre
913 797 195 38 månaders
1133 799 352 49 folkhögskolekurs
1511 805 58 37 för
1594 809 167 47 manliga
1788 811 131 45 elever,
1946 812 70 36 har

403 842 182 36 utskottet
619 850 131 39 ansett,
785 851 54 31 att
865 847 72 36 den
964 849 224 48 utbildning,
1218 865 79 24 som
1324 854 119 37 under
1470 869 45 23 en
1542 856 39 37 så
1607 859 145 47 knappt
1778 861 154 37 tillmätt
1958 863 56 36 tid

403 892 122 37 skulle
556 894 129 37 kunna
716 895 189 48 bibringas
945 899 179 46 eleverna,
1165 903 148 37 komme
1351 910 56 31 att
1445 906 118 37 blifva
1598 909 129 36 alltför
1752 911 97 47 ytlig
1874 911 60 37 för
1960 918 55 31 att

402 942 130 37 kunna
557 957 105 24 anses
689 951 189 33 motsvara
904 947 63 39 det
993 950 83 36 med
1102 950 333 50 folkhögskolorna
1462 956 154 38 afsedda
1642 959 214 39 ändamålet
1874 963 69 36 och
1962 969 55 31 att

401 993 205 47 anledning
633 1001 54 30 att
714 997 85 36 med
825 1000 213 36 statsmedel
1066 1002 240 48 understödja
1332 1005 130 47 dylika
1488 1008 130 37 kurser
1645 1010 142 38 således
1813 1012 81 37 icke
1920 1012 94 38 före-

409 1043 129 39 finnes.

510 1144 189 39 Utskottet
725 1146 58 38 får
808 1149 110 37 alltså
944 1151 194 38 hemställa

915 1206 55 31 att
1008 1202 85 37 herr
1132 1178 169 73 Ödmans
1340 1206 244 40 förevarande
1619 1212 144 37 motion
1790 1214 79 36 icke
1896 1214 61 37 må
1982 1214 43 38 af

813 1249 212 49 Riksdagen
1051 1253 156 39 bifallas.

510 1311 218 40 Stockholm
756 1316 70 38 den
855 1319 47 35 14
928 1320 75 46 maj
1034 1322 108 35 1907.

939 1469 53 37 På
1016 1473 291 38 statsutskottets
1333 1483 153 39 vägnar:

1047 1605 140 39 HUGO
1215 1607 158 40 TAMM.
