2150 2658
658 179 247 32 Statsutskottets
936 180 171 32 Utlåtande
1131 182 63 31 N:o
1217 184 78 30 122.
1706 187 38 30 19

185 262 166 36 nämnde
393 263 11 35 1
446 263 65 36 sitt
552 264 196 37 utlåtande
789 265 90 49 inga
921 266 116 37 andra
1078 267 137 38 villkor
1258 268 58 37 för
1344 269 278 49 öfverlåtelsen,
1652 276 48 32 än
1729 278 55 31 att

188 319 125 31 staten
355 315 59 36 för
456 316 58 35 sin
557 317 153 36 fordran
739 318 71 36 hos
839 319 376 50 Länna—Norrtälje
1239 321 407 52 järnvägsaktiebolag
1674 326 111 47 godt-

182 366 160 48 gjordes
377 367 85 36 med
503 368 96 36 visst
631 368 150 50 belopp.
837 370 377 52 Länna—Norrtälje
1242 374 405 50 järnvägsaktiebolag
1688 373 96 41 hade

184 419 216 37 emellertid
441 420 261 49 förpliktelser
745 423 32 48 ej
824 422 97 37 blott
963 429 76 30 mot
1068 429 136 41 staten,
1235 426 70 35 och
1334 430 142 45 ansåge
1507 428 187 47 styrelsen
1725 430 60 48 sig

188 468 130 38 därför
359 472 58 35 för
459 472 59 36 sin
548 473 61 35 del
636 474 208 47 ingalunda
872 475 127 36 kunna
1027 476 193 49 medgifva
1248 478 230 49 försäljning
1506 480 41 35 af
1566 479 217 49 järnvägen

185 525 50 47 på
275 536 50 23 nu
353 523 222 49 föreslagna
603 525 147 46 villkor,
781 532 54 30 att
863 527 174 47 bolagets
1067 529 134 37 affärer
1231 529 133 37 därvid
1393 531 187 37 ordnades
1609 533 135 36 endast
1771 534 12 36 i

181 575 243 37 förhållande
453 576 59 36 till
541 582 135 31 staten.

290 627 128 37 Skulle
447 629 123 36 banan
599 630 177 49 försäljas
804 631 119 36 under
950 631 110 47 hand,
1091 636 141 46 ansåge
1262 634 60 48 sig
1347 635 187 48 styrelsen
1550 636 127 37 därför
1692 637 91 37 böra

180 680 195 48 uppställa
417 693 79 23 som
537 681 148 47 villkor,
727 683 97 36 först
865 683 70 37 och
967 684 135 37 främst
1130 691 55 30 att
1214 686 71 36 alla
1319 687 175 49 bolagets
1524 688 259 49 förpliktelser

186 732 221 48 öfvertoges
449 733 40 36 af
528 747 46 23 en
616 734 192 38 blifvande
850 736 153 48 köpare.
1060 736 120 38 Bland
1214 738 109 37 dessa
1352 739 257 49 förpliktelser
1638 745 143 45 arsåge

186 784 60 48 sjg
275 785 189 48 styrelsen
493 786 180 36 särskildt
702 787 90 37 böra
823 788 199 37 framhålla
1052 789 73 36 den
1145 790 229 49 skyldighet,
1397 805 80 23 som
1499 792 107 48 ålåge
1627 793 156 50 bolaget

186 836 123 47 enligt
324 837 63 36 det
401 837 261 50 underdåniga
681 840 196 47 yttrandet
895 841 187 36 närslutet
1101 842 233 49 reglemente
1353 843 59 36 för
1449 832 163 65 Uppsala
1624 845 158 38 —Länna

186 888 70 36 och
282 889 156 36 Länna—
462 884 187 67 Norrtälje
682 892 404 50 järnvägsaktiebolags
1101 895 197 47 pensions-
1314 900 98 31 samt
1427 897 114 36 änke-
1559 898 68 35 och
1645 898 135 49 pupill-

185 940 111 37 kassa
333 940 44 50 $$
414 944 17 33 1
464 943 72 35 och
565 945 33 33 8.
655 943 74 36 Till
757 943 177 37 bildande
963 944 41 37 af
1029 945 123 37 denna
1180 947 124 45 kassa,
1334 947 59 37 för
1422 950 236 36 närvarande
1686 964 93 35 upp-

184 993 147 47 gående
373 994 56 35 till
473 995 177 49 omkring
691 997 136 44 80,000
869 997 151 46 kronor,
1050 998 97 36 hade
1171 999 235 48 järnvägens
1434 1001 176 48 personal
1639 1015 140 35 genom

183 1045 137 48 afdrag
348 1048 20 33 å
397 1046 56 36 sin
483 1046 64 37 lön
575 1047 168 49 bidragit
770 1048 84 37 med
884 1049 128 36 halfva
1041 1050 187 49 beloppet,
1259 1051 71 36 och
1349 1055 142 46 ansåge
1511 1053 60 48 sig
1590 1054 190 47 styrelsen

184 1097 155 49 skyldig
367 1103 55 30 att
451 1102 40 32 så
519 1099 81 36 vidt
628 1100 152 48 möjligt
806 1113 91 23 vore
916 1101 111 46 tillse,
1049 1107 52 30 att
1122 1103 138 35 kassan
1282 1103 207 38 bibehölles
1512 1106 70 35 och
1603 1106 174 46 stärktes,

185 1151 41 34 så
254 1154 55 31 att
338 1150 221 37 densamma
586 1151 127 37 blefve
743 1157 76 32 satt
847 1152 10 36 i
885 1152 147 38 tillfälle
1052 1154 235 37 fortfarande
1308 1156 167 37 bestrida
1495 1157 46 37 de
1562 1158 215 47 pensioner,

182 1201 57 36 till
267 1202 129 36 hvilka
425 1202 205 49 delägarna
657 1217 90 23 vore
777 1204 248 49 berättigade.
1250 1217 3 2 i

287 1253 196 50 Styrelsen
513 1258 143 46 ansåge
685 1257 60 47 sig
771 1256 131 37 vidare
930 1258 92 36 böra
1050 1258 189 49 uppställa
1268 1259 71 36 den
1371 1259 165 47 fordran,
1568 1265 54 32 att
1645 1261 12 35 i
1672 1262 105 48 järn-

182 1310 146 44 vägens
370 1306 117 48 tjänst
517 1308 186 37 anställda
730 1322 196 36 personer,
968 1310 128 36 hvilka
1137 1311 101 36 inom
1266 1316 58 31 tre
1353 1315 39 32 år
1421 1312 95 37 efter
1539 1313 237 48 järnvägens

183 1358 277 48 öfvertagande
502 1360 42 36 af
581 1374 51 35 ny
674 1365 113 44 ägare
832 1373 91 25 vore
964 1362 237 48 berättigade
1242 1363 57 36 till
1340 1364 69 35 full
1450 1366 171 47 pension,
1657 1366 118 36 skulle

183 1410 208 37 bibehållas
420 1412 64 36 vid
512 1425 50 23 nu
591 1413 281 37 innehafvande
900 1414 290 47 löneförmåner,
1219 1415 97 36 intill
1336 1417 86 36 dess
1438 1417 286 48 pensionsålder
1739 1418 42 36 af

184 1462 86 36 dem
298 1464 232 47 uppnåddes,
561 1469 98 31 samt
686 1470 56 31 att
765 1466 238 48 järnvägens
1032 1467 181 47 personal
1231 1468 235 37 fortfarande
1486 1467 211 39 bibehölles
1713 1470 64 36 vid

183 1515 229 47 personalen
441 1529 50 23 nu
519 1516 257 37 tillförsäkrad
803 1518 336 48 uppsägningstid.

287 1566 203 38 Dessutom
531 1568 118 37 borde
692 1569 72 36 alla
806 1569 46 36 de
892 1570 261 46 förbindelser,
1184 1584 80 23 som
1301 1572 12 36 i
1341 1572 177 48 gällande
1547 1573 231 37 koncession

182 1618 60 36 för
265 1619 219 49 järnvägen
512 1620 267 47 föreskrefves,
809 1621 113 37 lända
941 1622 58 35 till
1019 1623 253 37 efterrättelse
1283 1624 145 49 jämväl
1444 1625 60 36 för
1520 1638 47 23 en
1584 1625 193 37 blifvande

181 1669 154 50 köpare.

286 1722 73 37 Vid
400 1723 237 38 bedömande
680 1725 41 36 af
746 1725 250 37 förevarande
1024 1726 111 49 fråga
1164 1732 132 43 syntes
1325 1728 59 36 för
1413 1728 118 48 öfrigt
1558 1728 136 49 billigt,
1724 1734 54 32 att

181 1776 128 46 någon
338 1775 150 48 hänsyn
517 1781 110 42 toges
656 1776 57 36 till
742 1777 256 49 anledningen
1017 1778 56 36 till
1087 1779 236 48 järnvägens
1343 1780 246 36 ekonomiska
1603 1781 171 48 betryck.

181 1825 114 36 Detta
323 1826 98 37 hade
450 1828 220 45 föranledts,
700 1828 112 37 bland
841 1835 125 40 annat,
987 1830 41 36 af
1044 1830 107 37 öfver
1170 1834 144 33 måttan
1333 1831 101 49 höga
1455 1832 321 49 expropriations-

181 1877 221 47 kostnader,
450 1884 121 32 sämre
617 1880 263 37 beskaffenhet
924 1882 40 36 af
1005 1882 136 49 inköpt
1184 1883 87 45 räls,
1313 1884 113 36 hvars
1467 1884 197 36 underhåll
1706 1885 70 37 och

182 1931 219 35 ersättande
444 1931 84 36 med
570 1945 52 35 ny
664 1932 215 37 sedermera
913 1934 116 36 vållat
1057 1934 155 49 bolaget
1241 1935 121 49 dryga
1391 1936 279 46 omkostnader,
1700 1937 75 36 bri-

182 1982 136 36 stande
346 1982 165 50 tillgång
539 1984 56 36 till
624 1984 245 38 anskaffande
898 1986 41 36 af
954 1986 59 36 för
1027 1987 330 48 järnvägsdriften
1377 1987 251 49 erforderliga
1646 1989 129 36 trafik-

180 2033 233 38 inventarier
454 2041 96 30 samt
591 2036 74 36 den
705 2037 224 49 minskning
964 2038 12 36 i
1004 2037 193 38 beräknad
1226 2039 209 49 godstrafik
1464 2040 83 37 från
1575 2040 200 37 Västman-

181 2085 111 37 lande
335 2086 192 50 bergslag,
571 2102 78 22 som
692 2089 117 36 redan
837 2090 84 36 från
949 2090 133 49 början
1111 2091 167 37 vållades
1307 2092 156 49 bolaget
1490 2106 138 35 genom
1656 2093 119 36 frakt-

180 2138 250 49 nedsättning
458 2142 20 33 å
506 2153 125 24 annan
659 2141 108 37 bana.

285 2191 74 36 Det
388 2190 376 39 otillfredsställande
793 2193 198 38 resultatet
1019 2195 41 36 af
1081 2195 326 49 järnvägsdriften
1436 2201 131 44 syntes
1596 2197 107 36 alltså
1718 2196 58 37 till

180 2242 276 49 hufvudsaklig
497 2244 60 36 del
598 2245 38 36 få
677 2245 225 37 tillskrifvas
944 2248 336 48 omständigheter,
1323 2251 49 45 på
1400 2248 131 37 hvilka
1558 2249 154 48 bolaget
1740 2250 34 48 ej

179 2294 147 37 kunnat
367 2295 171 37 inverka.
593 2297 75 37 Det
710 2303 129 43 syntes
880 2299 121 36 under
1030 2300 140 35 sådana
1198 2300 263 37 förhållanden
1489 2301 60 35 väl
1578 2301 110 37 hårdt
1715 2302 62 36 för
