2147 2665
158 501 196 24 Länna—Norr-

176 535 63 31 tälje
257 536 90 30 bolags

193 571 130 30 ställning.

424 191 40 31 24
872 191 248 32 Statsutskottets
1149 190 170 33 Utlåtande
1341 190 64 32 N:o
1430 191 77 31 122.

381 277 179 50 kontroll,
602 283 92 45 väg-
736 278 72 38 och
853 276 529 52 vattenbyggnadsstyrelsen
1433 276 127 38 kunde
1602 290 91 24 anse
1736 276 240 51 erforderlig.

382 331 82 37 Mot
504 331 99 37 hvad
636 335 93 46 väg-
758 331 71 37 och
856 330 527 50 vattenbyggnadsstyrelsen
1411 329 12 37 i
1452 329 117 50 öfrigt
1605 330 61 37 för
1694 329 60 38 sin
1783 330 62 37 del
1873 330 103 38 hem-

383 383 105 38 ställt
515 384 97 37 hade
641 384 328 50 bolagsstyrelsen
995 383 84 37 icke
1107 386 118 47 något
1252 388 55 32 att
1335 382 136 38 erinra.

485 488 170 37 Länna—
669 482 194 59 Norrtälje
885 486 425 51 järnvägsaktiebolags
1338 486 183 50 ställning
1549 486 169 49 framgår
1749 486 43 37 af
1818 486 161 38 likvida-

383 546 171 32 torernas
583 541 201 37 berättelse
813 541 107 37 öfver
956 540 174 49 bolagets
1162 539 237 50 förvaltning
1439 540 60 36 för
1531 542 41 34 år
1606 540 110 47 1904,
1750 552 80 24 som
1863 544 42 32 är
1938 543 41 34 så

382 592 180 52 lydande:

457 702 321 32 Likvidatorernas
806 702 199 31 berättelse
1031 701 63 32 till
1134 701 151 32 Länna—
1299 700 186 42 Norrtälje
1514 700 397 41 järnvägsaåaktiebolag.

486 785 136 49 Enligt
661 784 374 50 bolagsordningens
1075 783 200 38 föreskrift
1315 783 37 37 få
1392 783 296 38 likvidatorerna
1728 782 157 38 härmed
1921 781 57 39 till

383 838 324 49 bolagsstämman
736 837 145 48 afgifva
909 837 206 36 berättelse
1145 837 109 35 öfver
1281 836 285 49 förvaltningen
1593 837 60 36 för
1683 837 110 36 1904.

487 889 179 50 Bolagets
695 889 186 49 ställning
908 889 69 37 har
1005 889 120 36 under
1152 888 322 49 räkenskapsåret
1501 888 98 36 varit
1626 887 187 50 följande:

583 976 143 37 Balans
746 977 95 49 från
869 976 115 36 1903:

385 1045 119 37 Skuld
532 1044 63 38 vid
628 1046 97 35 1904
754 1047 61 34 års
843 1044 147 50 ingång
1024 1078 16 2 ...
1104 1078 16 2 o.
1277 1076 162 4 a
1597 1044 55 36 kr.
1683 1043 215 48 2,428,254:

384 1097 225 50 Tillgångar
637 1097 63 37 vid
729 1100 100 33 årets
856 1096 134 48 början
1038 1128 105 4 ......
1185 1096 56 36 kr.
1274 1098 214 45 1,842,571:
1519 1097 47 35 96

386 1150 163 37 Skulder
576 1150 151 36 utöfver
754 1148 352 50 tillgångarna...
1207 1161 18 23 »
1311 1149 176 46 585,682:
1518 1150 47 34 82
1684 1144 215 73 2.4928,254:

589 1252 317 50 Trafiktnkomster
934 1252 61 37 och
1023 1252 296 50 driftkostnader:

386 1318 339 57 Trafikinkomster
912 1353 130 4 FS
1187 1320 55 37 kr.
1315 1321 173 48 -145,292:
1520 1322 46 35 58

385 1375 162 36 Diverse
574 1374 210 37 inkomster
1038 1405 82 2 ungen
1211 1385 18 23 OD
1406 1375 84 34 143:
1523 1375 46 34 15
1598 1389 56 36 kr.
1725 1369 175 71 146,036:

384 1443 269 37 Motsvarande
679 1442 211 37 inkomster
921 1443 151 36 1903...
1561 1454 77 23 oo»
1725 1442 176 47 140,464:

385 1495 314 37 Driftkostnader
758 1495 59 36 för

411 1547 343 50 byråafdelningen
791 1543 26 58 -—
843 1547 53 36 kr.
956 1548 121 46 7,618:
1108 1548 46 35 91

386 1599 311 37 Driftkostnader
722 1594 12 58 =
756 1598 59 37 för

412 1652 323 48 banafdelningen
871 1663 18 24 »
927 1652 150 46 32,100:
1107 1652 47 35 01

386 1703 310 37 Driftkostnader
757 1703 60 37 för

412 1755 361 49 trafikafdelningen
810 1750 19 58 —
861 1767 18 23 »
927 1756 149 46 39,285:
1108 1756 48 35 24

386 1807 311 37 Driftkostnader
756 1807 60 36 för

411 1855 400 57 maskinafdelningen
866 1871 18 23 »
929 1860 152 46 41,192:
1114 1861 43 34 11
1187 1875 56 37 kr.
1315 1877 174 46 120,196:
1521 1877 44 34 27

388 1925 343 57 Trafiköfverskott
958 1961 196 2 evesasnnäsdnenat
1210 1940 18 44 I
1340 1929 229 54 25,840:
1524 1923 48 64 06
1600 1944 55 36 kr,
1727 1923 174 73 146,036:

585 2032 162 37 Förlust-
777 2032 61 36 och
866 2032 195 37 vinstkonto
1089 2033 98 35 visar
1206 2032 172 50 följande
1404 2032 189 48 ställning:

987 2117 159 37 Debet:

387 2185 229 38 Balanserad
645 2185 95 38 brist
762 2186 87 37 från
867 2186 232 50 föregående
1119 2189 40 34 år
1187 2186 57 37 kr.
1314 2188 176 46 585,682:
1521 2188 47 36 82

387 2238 290 50 Afskrifningar.
704 2271 16 2 ..
829 2270 325 5 reser
1211 2252 18 23 DN
1367 2240 123 47 d,397:
1522 2240 46 35 58

387 2291 144 36 Räntor.
656 2323 48 4 ooo.
828 2322 48 5 en
1024 2322 129 6 ae
1209 2304 18 23 I
1341 2292 150 47 61,222:
1524 2292 45 35 19
1599 2308 57 36 kr.
1726 2289 176 69 652,302:

1930 1044 47 35 78

1931 1165 47 36 78

1932 1390 46 34 33

1932 1441 48 35 60

1932 1945 48 35 33

1935 2306 45 36 59
