2161 2664
427 212 19 32 6
871 206 246 33 Stutsutskottets
1167 202 152 33 UHåtande
1342 201 63 31 N:o
1430 200 78 31 122.

489 298 176 49 Bolagets
694 294 241 50 aktiekapital
961 291 177 50 utgjorde
1162 290 119 48 enligt
1300 293 54 32 ett
1373 285 236 49 fullmäktige
1628 282 348 38 tillhandakommet

386 352 138 48 utdrag
564 351 40 36 af
640 349 172 49 bolagets
852 344 237 52 registerbok
1128 342 161 48 799,300
1330 340 149 46 kronor,
1521 336 187 39 fördeladt
1734 338 48 47 på
1812 334 117 37 aktier
1958 335 19 34 å

390 406 71 36 100
501 404 149 45 kronor,
694 403 39 35 af
770 400 128 37 hvilka
940 399 111 47 2,100
1085 396 156 49 stycken
1268 392 204 39 innehades
1501 391 39 36 af
1564 389 189 48 Norrtälje
1781 387 94 47 stad,
1906 387 71 36 955

386 457 156 50 stycken
584 455 40 37 af
663 455 20 36 5
718 452 339 41 landskommuner,
1090 450 71 35 150
1190 447 157 50 stycken
1376 445 40 37 af
1443 442 312 51 Uppsala-Länna
1784 440 196 49 järnvägs-

386 509 215 48 aktiebolag
629 507 70 37 och
728 503 232 40 återstående
987 503 112 47 4,788
1129 500 157 49 stycken
1314 498 40 37 af
1379 496 178 39 enskilda.

489 561 137 37 Vidare
653 559 114 37 hafva
795 556 237 48 fullmäktige
1060 554 139 37 anfört:

491 613 123 38 Sedan
655 612 62 37 det
756 610 119 37 under
917 612 39 33 år
991 608 94 36 1901
1125 605 123 38 blifvit
1276 608 139 42 utrönt,
1446 607 53 31 att
1528 598 278 50 aktiekapitalet
1833 596 56 36 till
1917 600 62 31 två

386 667 225 48 tredjedelar
638 670 83 43 gått
749 662 191 46 förloradt,
969 660 96 37 hade
1093 656 339 49 Länna-Norrtälje
1454 650 412 54 järnvägsaktiebolag,
1883 648 97 50 jäm-

387 719 69 36 likt
493 717 240 37 föreskriften
760 716 12 35 i
801 716 47 34 54
878 713 20 49 $
928 713 40 35 af
991 713 112 47 lagen
1132 724 60 22 om
1221 709 225 46 aktiebolag,
1475 706 120 35 under
1621 703 164 37 nämnda
1814 705 39 32 är
1879 700 101 36 trädt

388 772 12 36 i
427 769 233 47 likvidation,
689 767 154 37 hvilken
871 763 229 39 fortfarande
1127 762 178 50 påginge.
1361 758 87 37 Med
1476 756 196 38 skrifvelse
1702 754 39 37 af
1767 753 71 37 den
1853 754 46 34 27
1916 763 66 24 no-

388 823 152 37 vember
583 823 96 35 1902
721 820 96 36 hade
844 819 171 48 bolagets
1044 815 241 37 likvidatorer
1312 813 57 36 till
1396 809 237 49 fullmäktige
1661 808 12 36 i
1699 804 282 51 riksgäldskon-

388 880 97 32 toret
513 873 151 38 insändt
691 873 227 36 instrument
947 869 104 37 öfver
1079 881 46 23 en
1152 870 49 46 på
1229 864 124 51 grund
1382 864 40 36 af
1447 864 46 35 59
1522 861 20 49 $
1569 862 12 35 i
1609 873 142 24 samma
1783 859 65 48 lag
1874 857 108 36 verk-

389 928 111 37 ställd
527 926 202 48 värdering
758 924 40 37 af
818 924 213 49 järnvägen
1058 920 84 37 med
1169 917 169 38 rullande
1365 915 168 37 materiel
1561 913 69 37 och
1657 911 238 38 inventarier.
1934 909 53 35 Af

389 981 103 36 detta
518 977 451 49 värderingsinstrument
996 973 227 49 framginge,
1253 975 55 31 att
1335 968 398 48 värderingsmännen,
1762 968 26 31 t.
1819 962 24 36 f.
1861 962 122 37 öfver-

391 1032 213 37 direktören
643 1030 45 37 V.
718 1028 218 48 Klemming
964 1027 70 36 och
1061 1023 289 38 bandirektören
1378 1021 44 36 A.
1452 1019 156 48 Wiberg
1635 1016 220 51 uppskattat
1878 1014 104 49 järn-

389 1090 145 43 vägens
574 1082 208 37 finansiella
808 1080 115 36 värde
957 1079 56 36 till
1042 1078 163 46 540,000
1233 1076 138 35 kronor
1398 1086 86 23 men
1513 1075 133 42 ansett,
1677 1074 53 31 att
1758 1070 123 34 såsom
1909 1066 75 36 för-

390 1137 216 47 utsättning
646 1135 58 36 för
737 1133 101 37 detta
866 1131 114 37 värde
1007 1129 150 37 kräfdes
1185 1127 208 48 rälsutbyte
1422 1129 96 32 samt
1547 1120 241 39 anskaffande
1817 1119 41 36 af
1881 1118 104 37 loko-

390 1189 119 36 motiv
538 1188 69 36 och
643 1199 145 35 vagnar
815 1186 58 34 för
901 1188 53 32 ett
982 1182 250 46 sammanlagt
1259 1180 136 47 belopp
1425 1177 40 36 af
1490 1176 138 46 80,000
1656 1174 150 44 kronor,
1835 1170 151 37 hvadan

392 1242 107 35 alltså
541 1239 119 49 enligt
686 1237 407 47 värderingsmännens
1122 1232 97 37 åsikt
1241 1232 233 48 järnvägens
1501 1226 209 37 finansiella
1736 1223 115 37 värde
1870 1223 12 35 i
1902 1222 84 36 dess

392 1291 213 38 dåvarande
646 1290 104 37 skick
790 1287 176 50 utgjorde
1007 1286 155 36 allenast
1191 1283 164 41 460,000
1383 1281 149 36 kronor.
1587 1277 399 48 Värderingsmännen

391 1345 97 36 hade
528 1343 157 37 kommit
711 1342 57 36 till
804 1339 164 38 nämnda
995 1338 124 37 siffror
1146 1335 118 37 under
1292 1335 71 36 den
1391 1331 287 48 förutsättning,
1708 1333 54 32 att
1785 1329 201 48 järnvägs-

393 1397 135 36 driften
559 1394 172 38 lämnade
759 1398 53 32 ett
841 1392 111 48 årligt
981 1389 209 38 öfverskott
1218 1388 40 35 af
1283 1387 138 46 27,000
1440 1385 149 45 kronor,
1610 1381 143 37 hvilket
1772 1380 136 48 belopp
1928 1383 59 30 ut-

393 1448 135 50 gjorde
563 1445 378 47 ränteafkastningen
978 1442 94 37 efter
1110 1443 20 34 5
1159 1441 58 35 för
1248 1440 71 35 100
1349 1441 19 33 å
1397 1442 53 31 ett
1477 1435 141 50 kapital
1647 1434 39 36 af
1712 1433 163 46 540,000
1903 1430 85 36 kro-

393 1515 80 23 nor.
529 1500 53 36 Af
620 1504 52 32 ett
699 1497 84 37 utaf
820 1495 236 48 fullmäktige
1083 1492 211 38 infordradt
1322 1488 265 48 sammandrag
1615 1486 105 37 öfver
1748 1484 73 36 den
1846 1482 142 37 behåll-

394 1554 106 48 ning,
544 1565 80 23 som
664 1550 119 36 under
815 1546 295 50 tioårsperioden
1140 1544 252 37 1895-—1904
1421 1543 170 47 uppstått
1620 1542 20 33 å
1663 1535 326 52 järnvägsdriften

394 1604 216 49 framginge
638 1601 216 47 emellertid,
885 1604 53 32 att
967 1597 245 38 öfverskottet
1242 1595 41 36 af
1306 1593 343 38 bruttoinkomsten
1677 1589 105 37 öfver
1797 1587 192 36 driftkost-

394 1657 124 36 naden
558 1655 145 49 utgjort
744 1654 12 36 i
783 1652 173 37 medeltal
984 1651 58 36 för
1070 1650 107 36 dessa
1204 1648 52 36 tio
1286 1650 39 33 år
1353 1646 138 47 20,460
1519 1644 138 36 kronor
1686 1641 69 37 och
1782 1640 60 36 för
1868 1639 122 49 perio-

396 1709 72 36 den
512 1707 251 36 1900-1904
806 1705 137 46 21,000
985 1703 139 35 kronor
1165 1700 153 48 ärligen.
1374 1698 17 36 I
1429 1697 100 36 detta
1558 1693 275 48 sammanhang
1861 1696 128 44 syntes

396 1762 92 35 böra
516 1765 168 41 nämnas,
715 1762 53 32 att
797 1755 224 38 skenvikten
1050 1760 19 30 å
1096 1753 173 48 bolagets
1293 1751 166 49 järnväg
1477 1747 178 50 utgjorde
1679 1745 131 37 endast
1832 1745 44 35 15
1897 1743 93 36 kilo-

396 1826 109 35 gram
531 1825 45 36 pr
603 1816 117 31 meter
748 1809 69 37 och
846 1813 53 31 att
926 1810 68 45 tåg
1023 1809 19 33 å
1071 1805 215 36 densamma
1313 1803 80 36 icke
1421 1802 102 47 finge
1551 1798 197 38 framföras
1768 1796 85 37 med
1872 1800 116 32 större

396 1864 193 49 bastighet
617 1868 48 31 än
694 1863 47 35 30
769 1861 195 36 kilometer
991 1859 12 36 i
1030 1858 165 36 timmen.

500 1917 68 35 Ått
596 1920 122 31 staten
746 1913 119 36 skulle
893 1911 196 48 öfvertaga
1117 1908 69 37 och
1213 1908 58 36 för
1299 1905 200 37 framtiden
1526 1902 174 37 trafikera
1728 1898 262 39 Länna-Norr-

397 1968 91 49 tälje
506 1968 167 49 järnväg
701 1970 129 44 syntes
859 1965 31 47 ej
922 1976 65 24 ens
1015 1962 128 36 kunna
1171 1960 253 48 ifrågasättas,
1454 1957 46 35 då
1529 1956 214 36 densamma
1764 1965 89 24 vore
1881 1946 110 58 smal-

398 2021 130 48 spärig
556 2019 70 36 och
654 2019 31 48 ej
716 2017 156 36 berörde
900 2015 307 43 statsbanenätet,
1237 2016 91 31 utan
1355 2009 115 37 borde
1498 2008 12 37 i
1538 2007 123 37 stället
1684 2006 215 48 järnvägen
1918 2002 74 37 för-

399 2073 113 48 säljas
562 2071 56 36 till
666 2071 139 47 högsta
850 2067 156 50 möjliga
1046 2066 89 49 pris,
1179 2064 111 36 äfven
1331 2075 72 33 om,
1446 2060 119 49 enligt
1605 2057 100 38 hvad
1747 2057 40 36 af
1825 2055 61 37 det
1928 2067 63 23 an-

399 2124 106 37 förda
545 2136 90 24 vore
674 2121 223 50 uppenbart,
936 2124 122 31 staten
1085 2117 65 37 vid
1177 2130 47 23 en
1251 2114 191 37 blifvande
1469 2111 215 38 realisation
1712 2109 40 36 af
1777 2107 215 37 densamma

399 2176 81 37 icke
507 2175 126 36 kunde
660 2173 167 51 påräkna
855 2177 54 31 att
936 2173 48 47 på
1011 2171 108 47 långt
1147 2173 68 31 när
1242 2168 36 35 få
1308 2166 58 36 sin
1394 2164 152 37 fordran
1561 2164 118 48 jämte
1695 2161 89 36 därå
1798 2160 195 48 upplupna

398 2233 130 31 räntor
554 2227 161 37 betäckt.
770 2225 74 37 Vid
872 2222 296 48 förhandlingar,
1198 2234 80 23 som
1305 2217 118 38 under
1450 2215 102 38 hand
1580 2214 124 38 blifvit
1732 2212 107 37 förda
1863 2212 11 35 i
1894 2210 99 50 syfte

400 2286 54 30 att
495 2285 134 31 utröna
669 2277 247 50 möjligheten
958 2275 40 36 af
1035 2279 53 32 ett
1128 2273 58 36 för
1227 2276 122 32 staten
1378 2269 187 49 antagligt
1595 2265 144 38 anbuds
1768 2262 223 46 erhållande,

399 2332 97 37 hade
525 2332 60 36 det
621 2331 98 36 visat
747 2330 71 48 sig,
849 2333 52 31 att
929 2341 50 22 nu
1009 2324 260 50 föreliggande
1298 2322 40 37 af
1363 2321 218 37 Stockholm
1596 2318 173 36 --Rimbo
1793 2317 201 48 järnvägs-
