1896 2856
519 158 113 30 Första
655 160 222 33 lagutskottets
900 159 164 28 utlåtande
1088 159 47 28 Nr
1153 164 47 26 16.
1598 160 18 30 9

152 245 68 34 Till
239 246 86 38 följd
343 257 43 21 av
405 246 39 33 de
462 246 134 39 sakliga
614 246 190 33 avvikelser
820 247 12 32 i
851 247 92 33 vissa
961 246 151 41 detaljer,
1133 258 69 21 som
1220 247 45 38 på
1284 250 69 30 sätt
1371 247 93 32 förut
1482 250 133 29 nämnts

107 296 169 40 föreligga
299 296 123 33 mellan
447 297 38 33 de
507 297 91 32 olika
621 297 151 39 lagarna,
796 297 63 33 har
880 298 54 32 det
958 297 12 32 i
992 297 243 33 konventionen
1259 297 244 38 undantagsvis
1526 297 89 32 varit

107 347 217 38 erforderligt
348 351 53 29 att
423 348 12 32 i
459 347 70 33 viss
553 347 238 39 utsträckning
814 347 116 39 bygga
953 348 45 38 på
1022 347 415 39 nationalitetsprincipen.

152 397 225 34 Beträffande
401 398 61 33 den
485 402 153 29 närmare
660 398 252 38 utformningen
936 409 43 21 av
1001 397 261 34 konventionens
1286 398 138 33 ledande
1447 398 169 39 principer

106 449 55 32 må
179 453 139 29 nämnas
337 448 158 39 följande.
536 448 76 33 Vad
662 448 492 40 äktenskapshindren
1183 449 118 40 angår,
1320 449 145 38 regleras
1483 449 38 32 de
1542 448 73 39 fall,

107 497 43 34 då
172 498 216 39 medborgare
409 499 13 32 i
443 510 39 22 en
505 510 43 22 av
568 498 371 34 konventionsstaterna
960 499 63 32 vill
1044 499 99 33 träda
1165 499 12 33 i
1200 498 188 40 äktenskap
1410 499 92 33 inför
1522 511 94 27 myn-

108 549 115 39 dighet
246 549 202 34 tillhörande
470 550 108 38 någon
603 561 42 22 av
668 550 39 33 de
731 550 129 39 övriga.
906 550 75 33 Har
1004 550 66 32 han
1094 550 101 33 sedan
1218 551 58 31 två
1300 551 38 31 år
1360 550 142 33 hemvist
1527 550 88 33 inom

107 601 207 33 sistnämnda
336 605 77 35 stat,
436 601 85 33 skall
544 601 82 33 hans
649 605 66 29 rätt
736 606 51 28 att
808 602 79 38 ingå
909 601 222 39 äktenskapet
1145 606 121 34 prövas
1281 602 87 32 efter
1382 602 74 32 dess
1470 602 57 38 lag
1540 613 73 21 men

107 651 96 38 eljest
223 652 107 38 enligt
350 651 206 33 hemlandets
575 651 68 39 lag.
685 652 244 38 Tvåårsregeln
949 663 98 21 avser
1064 655 52 30 att
1135 651 173 33 motverka
1326 652 229 38 kringgående
1574 664 43 21 av

106 702 208 33 hemlandets
338 703 58 38 lag
420 703 12 32 i
457 703 38 32 de
519 702 218 40 hänseenden,
765 703 62 32 där
851 703 106 32 denna
982 702 189 39 uppställer
1196 706 176 35 strängare
1398 702 217 40 äktenskaps-

106 752 129 34 hinder.
279 752 55 33 Då
357 753 12 32 i
392 752 174 33 Danmark
589 753 133 38 dispens
743 753 68 32 kan
834 752 168 33 meddelas
1025 753 77 32 från
1127 753 157 33 förbudet
1304 758 69 28 mot
1396 753 187 39 äktenskap
1604 754 13 32 i

108 807 68 29 rätt
194 815 82 27 upp-
295 803 61 33 och
374 803 218 38 nedstigande
613 803 179 39 svågerlag
812 815 73 21 men
905 803 90 33 detta
1015 807 127 29 ansetts
1164 803 106 33 strida
1289 808 68 28 mot
1378 804 120 33 svensk
1518 808 98 29 rätts-

107 855 236 39 uppfattning,
371 854 87 33 hava
485 854 39 33 de
550 854 127 33 danska
705 854 196 39 delegerade
928 854 169 33 förklarat
1124 854 53 39 sig
1203 854 85 39 vilja
1313 854 186 40 tillstyrka,
1527 859 51 29 att
1603 855 13 33 i

105 906 174 32 Danmark
297 906 29 38 ej
344 906 167 32 meddelas
530 906 101 32 sådan
650 906 132 38 dispens
802 906 215 32 beträffande
1037 906 140 32 svenska
1196 906 239 38 medborgare,"
1455 907 59 32 och
1533 911 83 28 även

108 968 51 21 om
188 957 217 38 medborgare
433 956 11 32 i
472 968 108 20 annan
607 956 292 33 konventionsstat
926 957 12 32 i
965 955 139 39 behörig
1134 955 142 40 ordning
1306 956 136 33 erhållit
1472 956 142 39 dispens,

106 1019 59 26 ger
185 1008 91 32 detta
296 1008 118 31 honom
435 1007 29 38 ej
486 1012 68 28 rätt
574 1011 50 28 att
644 1008 61 31 här
725 1008 11 30 i
757 1008 114 31 landet
891 1008 96 31 träda
1009 1008 11 31 i
1042 1007 213 39 äktenskap.”

151 1057 75 32 Med
250 1056 162 33 avseende
434 1057 20 32 å
487 1056 204 39 lysning
725 1056 60 32 och
818 1056 165 39 vigsel
1017 1056 108 38 gäller
1148 1056 98 38 lagen
1270 1056 11 32 i
1306 1057 60 32 den
1392 1061 78 35 stat,
1493 1057 121 38 vigsel-

104 1108 240 38 myndigheten
367 1107 126 32 tillhör.

149 1159 254 33 Konventionen
434 1158 149 39 reglerar
609 1158 115 33 vidare
765 1158 362 39 äktenskapets
1168 1159 448 38 rättsverkningar

103 1210 75 33 med
206 1210 163 32 avseende
396 1210 20 32 å
443 1209 179 33 makarnas
652 1209 496 39 förmögenhetsförhållanden.
1199 1209 108 33 Dessa
1337 1210 95 32 skola
1460 1210 154 32 bedömas

105 1260 107 38 enligt
226 1260 97 38 lagen
339 1260 11 31 i
365 1260 60 31 den
440 1271 41 20 av
497 1264 159 34 staterna,
672 1259 60 32 där
747 1259 162 32 makarna
924 1259 56 32 vid
997 1259 240 38 äktenskapets
1255 1259 161 38 ingående
1433 1264 79 33 taga
1529 1259 86 32 hem-

103 1311 79 33 vist.
225 1311 61 33 Om
307 1311 86 33 båda
412 1310 161 33 makarna
593 1311 185 32 sedermera
799 1314 81 35 taga
899 1310 144 33 hemvist
1063 1311 11 32 i
1095 1322 38 21 en
1154 1322 109 21 annan
1284 1323 42 20 av
1347 1315 158 34 staterna,
1528 1310 88 33 skall

105 1362 84 33 dock
208 1362 74 33 dess
302 1362 59 39 lag
379 1362 11 32 i
410 1361 112 34 stället
541 1362 100 33 vinna
660 1362 228 39 tillämpning,
908 1362 103 33 såvitt
1031 1361 30 39 ej
1083 1361 99 39 fråga
1203 1367 38 27 är
1260 1374 51 20 om
1331 1361 125 33 verkan
1477 1374 42 21 av
1539 1362 76 32 tidi-

105 1424 80 26 gare
202 1412 173 38 företagen
392 1411 260 39 rättshandling.
668 1412 63 32 Att
748 1412 141 32 sålunda
906 1416 81 27 även
1006 1412 41 37 på
1064 1412 91 31 detta
1171 1412 133 31 område
1321 1411 138 38 växling
1474 1423 40 20 av
1529 1411 86 32 hem-

103 1464 68 32 vist
190 1464 11 32 i
220 1463 169 39 väsentlig
408 1463 236 38 utsträckning
662 1463 67 32 kan
752 1463 36 32 få
808 1463 151 32 medföra
979 1462 140 39 växling
1140 1474 42 21 av
1201 1463 185 38 tillämplig
1406 1463 57 38 lag
1484 1463 60 32 har
1564 1463 51 32 sin

105 1513 193 38 förklaring
320 1513 11 32 i
354 1513 59 32 den
438 1517 81 28 nära
543 1512 367 32 överrensstämmelsen
936 1512 119 32 mellan
1081 1512 38 32 de
1146 1512 77 38 fyra
1249 1512 365 38 äktenskapslagarnas

105 1565 119 38 regler.
261 1565 74 32 Den
351 1564 62 32 här
426 1564 195 38 tillämpade
636 1564 171 38 principen
824 1563 130 33 medför
968 1562 189 40 betydande
1172 1563 177 39 praktiska
1368 1563 155 33 fördelar.
1563 1563 53 32 Då

104 1615 198 33 hithörande
327 1615 162 38 spörsmål
514 1615 11 32 i
550 1614 183 33 allmänhet
756 1614 133 33 komma
914 1614 105 32 under
1043 1614 166 38 prövning
1233 1626 43 20 av
1301 1614 278 38 myndigheterna
1604 1614 11 32 i

104 1666 261 38 domicillandet,
383 1665 90 33 leder
491 1665 60 33 den
570 1665 168 39 nämligen
757 1665 12 32 i
788 1665 180 39 praktiken
988 1665 53 32 till
1061 1668 51 29 att
1131 1668 110 29 ortens
1261 1664 56 39 lag
1336 1664 67 33 blir
1421 1664 194 38 tillämplig.

149 1716 225 33 Beträffande
407 1715 333 34 hemskillnad
775 1716 83 32 och
891 1715 545 38 äktenskapsskillnad
1470 1714 145 33 innehål-

104 1767 49 33 ler
172 1767 243 33 konventionen
435 1767 11 32 i
469 1766 107 33 första
596 1767 88 32 hand
707 1766 216 33 föreskrifter
943 1778 51 21 om
1018 1766 61 33 den
1101 1766 140 38 statliga
1262 1766 245 38 kompetensen.
1553 1766 62 31 Yr-

106 1816 109 34 kande
238 1829 50 21 om
313 1817 147 33 skillnad
482 1817 89 33 skall
593 1817 11 32 i
627 1817 89 38 regel
738 1820 171 35 upptagas
931 1817 11 32 i
966 1816 61 32 den
1051 1820 78 35 stat,
1153 1816 61 32 där
1236 1816 86 32 båda
1346 1815 159 33 makarna
1528 1815 88 32 hava

108 1868 143 33 hemvist
267 1868 82 32 eller
365 1868 60 32 där
439 1868 38 32 de
494 1871 112 29 senast
620 1868 77 32 haft
712 1867 144 33 hemvist
872 1867 177 38 samtidigt
1065 1867 59 32 och
1141 1867 119 32 endera
1277 1866 148 38 alltjämt
1441 1871 38 27 är
1494 1866 121 32 bosatt.

105 1919 212 38 Prövningen
339 1919 75 32 sker
433 1919 86 32 efter
539 1919 59 31 där
618 1918 155 37 gällande
794 1919 68 36 lag.

151 1961 161 32 Ansökan
358 1972 52 20 om
443 1960 236 38 adoption
714 1965 96 32 göres
845 1961 11 30 i
892 1960 61 32 den
989 1963 77 34 stat,
1104 1959 59 32 där
1198 1959 200 37 adoptanten
1434 1959 62 31 har
1529 1958 87 32 hem-

106 2011 78 32 vist.
240 2011 68 32 Vid
343 2011 164 38 prövning
541 2021 42 21 av
618 2010 228 38 ansökningen
881 2009 173 38 tillämpas
1090 2010 10 30 i
1135 2009 93 37 varje
1265 2013 67 27 stat
1368 2009 59 31 där
1462 2008 154 38 gällande

105 2061 69 39 lag.
212 2058 52 36 Är
281 2062 72 38 den,
372 2073 67 21 som
458 2060 87 33 skall
563 2061 188 38 adopteras,
770 2061 105 32 under
891 2060 136 33 aderton
1047 2061 38 31 år
1101 2060 59 32 och
1178 2060 62 32 har
1257 2059 64 32 han
1340 2059 141 32 hemvist
1500 2059 10 32 i
1529 2059 86 32 hem-

104 2111 125 39 landet,
254 2112 54 32 må
332 2111 228 39 ansökningen
586 2111 82 33 dock
694 2111 29 38 ej
749 2111 140 33 bifallas
914 2112 10 32 i
950 2122 110 21 annan
1086 2114 77 34 stat,
1190 2114 80 28 utan
1296 2115 50 28 att
1371 2109 245 33 vederbörande

104 2162 407 39 barnavårdsmyndighet
531 2163 11 31 i
563 2162 188 32 hemlandet
772 2162 76 33 haft
870 2161 139 33 tillfälle
1031 2165 51 29 att
1103 2161 123 38 avgiva
1249 2161 168 38 yttrande.
1461 2160 155 32 Nämnda

107 2212 166 32 förbehåll
293 2212 61 32 har
373 2212 88 32 skett
479 2212 72 31 med
571 2212 128 37 hänsyn
721 2212 53 31 till
794 2211 202 38 stadgandet
1014 2211 10 31 i
1044 2213 18 31 9
1085 2210 18 38 $
1122 2222 41 20 av
1183 2210 60 32 den
1265 2209 142 33 svenska
1426 2209 189 39 adoptions-

105 2262 109 39 lagen.
256 2264 18 31 I
295 2264 100 37 fråga
415 2275 49 20 om
485 2262 371 39 adoptivförhållandes
876 2262 151 32 hävande
1048 2266 57 28 äro
1125 2261 101 33 också
1245 2260 249 33 bestämmelser
1515 2260 101 38 givna

105 2325 73 20 men
195 2314 30 37 ej
242 2313 172 38 angående
429 2312 216 39 adoptionens
663 2312 302 38 rättsverkningar.

150 2363 77 33 Vad
253 2364 108 37 angår
397 2362 415 39 förmynderskap
851 2362 88 32 skall
966 2361 107 38 enligt
1097 2360 243 33 konventionen
1368 2359 248 39 omyndighets-

148 2445 7 14 1
175 2447 101 23 Jämför
294 2446 47 24 den
360 2447 173 29 noteväxling,
552 2454 53 15 som
624 2448 147 22 omnämnes
790 2446 14 23 å
823 2446 47 23 sid.
891 2444 16 25 8
925 2445 46 24 här
989 2453 73 16 ovan.

146 2478 10 14 ?
175 2480 31 24 Se
225 2479 207 31 slutprotokollet
450 2481 83 30 punkt
554 2479 19 24 1.
