1910 2784
398 147 407 41 Bevillningsutskottets
829 149 218 31 betänkande
1068 160 43 20 nr
1133 152 42 29 55
1197 151 40 30 år
1260 152 86 29 1960
1606 153 19 30 T

122 239 131 30 storlek
272 248 43 21 av
331 239 173 40 utgående
523 240 158 39 avgifter.
702 241 66 30 Vid
788 241 208 40 föregående
1015 242 58 30 års
1091 242 143 40 riksdag
1252 243 142 30 väcktes
1413 243 208 31 motionsvis

123 289 183 40 yrkanden
323 299 57 21 om
398 290 149 40 höjning
563 300 43 21 av
623 300 136 21 samma
778 291 149 40 avgifter
944 301 76 21 som
1036 292 11 30 i
1065 293 67 30 den
1149 292 231 31 förevarande
1398 294 190 30 motionen.
1608 293 14 30 I

123 340 59 30 sitt
201 349 43 22 av
263 340 188 40 riksdagen
470 341 186 40 godkända
675 342 223 31 betänkande
917 352 44 21 nr
979 343 41 30 69
1040 343 166 31 framhöll
1226 344 182 35 utskottet,
1429 346 51 28 att
1500 344 121 31 starka

122 390 75 31 skäl
222 391 115 30 talade
361 393 74 29 mot
458 393 61 34 att,
544 392 110 30 innan
679 393 254 40 utredningens
958 394 116 30 arbete
1097 394 182 36 avslutats,
1304 394 12 31 i
1343 395 111 30 större
1478 394 144 31 omfatt-

122 441 83 40 ning
225 442 142 39 vidtaga
389 442 191 40 ändringar
599 443 12 29 i
633 452 48 21 nu
706 443 161 40 gällande
889 444 271 40 avgiftssystem.
1183 445 178 31 Utskottet
1383 445 66 30 har
1469 445 58 31 vid
1550 445 71 30 för-

122 492 92 39 nyad
238 492 172 41 prövning
433 502 43 21 av
497 493 125 40 frågan
645 493 73 31 inte
740 494 121 31 funnit
885 495 188 40 anledning
1096 497 50 28 att
1170 495 125 41 frångå
1320 496 54 30 sin
1397 495 148 41 tidigare
1569 495 52 30 in-

122 542 104 39 tagna
249 542 219 42 ståndpunkt
491 544 65 30 och
579 544 71 30 kan
674 544 134 31 således
832 545 72 31 inte
927 545 177 41 tillstyrka
1126 545 42 31 de
1192 545 200 42 föreslagna
1414 546 208 41 avgiftshöj-

122 591 182 41 ningarna.
326 593 13 30 I
360 593 153 40 enlighet
530 594 147 31 härmed
697 595 184 40 avstyrker
901 596 172 30 utskottet
1091 595 101 31 bifall
1210 596 53 30 till
1284 596 180 30 motionen
1484 596 46 31 II:
1546 596 74 31 375.

166 693 119 31 Under
304 694 220 40 åberopande
543 704 44 21 av
604 695 67 31 vad
690 695 150 32 sålunda
859 696 137 31 anförts
1015 696 57 31 får
1089 697 173 30 utskottet
1280 697 196 36 hemställa,

476 746 35 34 1)
535 748 52 28 att
605 746 188 40 riksdagen
811 746 120 37 måtte,
950 747 80 30 med
1048 747 99 31 bifall
1167 748 53 30 till
1240 748 127 40 Kungl.
1387 748 125 40 Maj:ts
1530 748 92 31 före-

429 796 155 31 varande
604 797 219 41 proposition
843 807 43 21 nr
906 798 52 36 97,
979 800 127 38 antaga
1126 799 58 30 det
1205 798 59 31 vid
1285 799 264 40 propositionen
1569 799 53 30 fo-

430 847 86 40 gade
542 847 166 41 förslaget
733 848 53 30 till
812 848 207 41 förordning
1042 858 58 21 om
1126 849 135 31 ändrad
1286 849 130 40 lydelse
1443 859 43 21 av
1509 850 20 31 3
1554 850 67 30 och

430 898 19 30 5
469 898 38 38 $$
527 898 253 41 förordningen
799 899 69 30 den
885 900 41 30 19
943 900 189 30 november
1151 900 84 31 1914
1258 900 61 35 (nr
1336 900 81 35 383)
1440 900 180 40 angående

430 949 321 40 stämpelavgiften;

475 999 37 35 2)
533 1001 52 29 att
602 999 180 31 motionen
799 1000 47 31 II:
862 1000 64 31 374
943 1010 43 21 av
1002 1001 82 30 herr
1100 1001 212 31 Gustafsson
1328 1001 12 30 i
1358 1001 187 32 Skellefteå
1562 1010 58 22 om

427 1049 73 31 viss
522 1050 150 41 ändring
692 1051 13 30 i
727 1050 252 41 förordningen
1001 1051 179 40 angående
1203 1051 306 41 stämpelavgiften
1531 1052 89 30 måt-

428 1102 45 34 te,
503 1100 2 31 i
523 1101 69 30 den
609 1101 85 30 mån
712 1101 181 30 motionen
911 1102 76 31 icke
1007 1102 70 30 kan
1097 1111 103 23 anses
1219 1102 170 31 besvarad
1409 1110 125 33 genom
1553 1102 67 31 vad

430 1150 172 31 utskottet
629 1159 90 22 ovan
748 1151 129 36 anfört,
907 1160 44 22 av
978 1151 188 41 riksdagen
1195 1152 139 31 lämnas
1361 1154 87 28 utan
1478 1152 138 40 åtgärd;

429 1202 92 29 samt

472 1251 38 36 3)
542 1254 52 28 att
619 1252 180 31 motionen
825 1253 47 30 II:
888 1253 63 31 375
978 1262 43 21 av
1045 1253 83 30 herr
1154 1253 210 31 Gustafsson
1390 1253 13 31 i
1432 1253 187 32 Skellefteå

429 1311 57 21 om
516 1302 149 41 höjning
695 1312 43 22 av
767 1303 300 41 stämpelavgifter
1096 1304 66 30 och
1192 1304 318 40 expeditionslösen
1541 1304 77 30 icke

428 1352 109 31 måtte
557 1353 183 31 föranleda
760 1353 117 41 någon
897 1354 207 40 riksdagens
1123 1354 133 41 åtgärd.

166 1453 202 31 Stockholm
386 1453 68 30 den
471 1453 20 30 4
510 1454 71 40 maj
605 1454 85 31 1960

551 1555 49 30 På
620 1555 400 41 bevillningsutskottets
1040 1557 146 40 vägnar:

695 1640 117 31 JOHN
830 1641 213 31 ERICSSON

748 1958 242 31 Närvarande:

163 2030 79 30 från
277 2030 165 32 första
476 2032 221 31 kammaren:
723 2033 122 30 herrar
867 2033 92 30 John
982 2033 174 35 Ericsson,
1180 2034 169 40 Hagberg,
1373 2034 107 31 Einar
1503 2034 119 31 Eriks-

118 2081 74 26 son,
219 2073 110 39 Spetz,
356 2073 124 30 fröken
508 2075 189 34 Ranmark,
724 2075 122 30 herrar
872 2075 212 40 Söderquist,
1112 2076 109 30 Oscar
1247 2076 174 34 Carlsson,
1448 2076 172 40 Siegbahn

119 2115 65 30 och
211 2116 172 36 Sundin”;
413 2118 90 28 samt

164 2173 80 30 från
305 2174 119 30 andra
451 2174 221 32 kammaren:
692 2175 121 30 herrar
830 2175 139 30 Nilsson
987 2176 11 29 i
1016 2176 133 34 Svalöv,
1166 2176 224 36 Kärrlander,
1408 2177 213 39 Magnusson

120 2215 11 29 i
149 2215 118 35 Borås,
285 2215 205 35 Wiklund”,
510 2216 226 30 Christenson
754 2217 11 28 i
785 2217 160 37 Malmö",
965 2218 81 38 Asp,
1066 2219 151 28 Larsson
1237 2218 9 29 i
1266 2218 134 34 Luttra,
1421 2218 200 30 Andersson

120 2256 11 29 i
151 2256 136 35 Essvik,
309 2256 165 40 Stenberg
495 2257 65 29 och
581 2257 180 40 Forsberg.

163 2314 87 25 "Icke
271 2315 132 24 närvarit
423 2315 48 24 vid
491 2315 147 31 justering
658 2323 35 16 av
711 2316 207 24 betänkandet.
