1910 2786
418 149 405 40 Bevillningsutskottets
847 146 220 31 betänkande
1090 155 42 21 nr
1155 146 40 29 55
1217 146 39 29 år
1280 145 83 29 1960
1624 144 18 29 öd

185 234 128 31 Vidare
329 234 62 31 bör
406 243 78 22 som
502 242 44 21 en
564 232 89 40 följd
671 241 43 21 av
730 231 40 31 år
789 232 84 30 1959
888 230 164 40 vidtagen
1070 229 150 39 ändring
1238 230 10 28 i
1267 227 373 41 stämpelförordning-

140 293 44 21 en
206 284 150 30 rörande
378 282 190 31 avskrifter
590 281 154 41 avgiften
767 281 55 31 för
847 280 205 40 »protokoll,
1076 281 140 32 annat»,
1241 287 75 21 som
1339 277 135 40 utgives
1497 277 53 30 till
1573 276 67 30 lös-

142 333 243 41 ningsskyldig
408 335 90 38 part,
522 332 102 40 höjas
649 332 81 30 från
755 333 15 29 1
797 331 51 30 till
883 331 8 31 3
914 331 53 30 kr.
992 329 78 32 Med
1094 329 42 30 de
1160 338 90 21 ovan
1273 328 147 30 berörda
1445 326 195 40 avgifterna

142 383 296 40 sammanhänger
457 384 88 29 nära
564 381 221 32 föreskrifter
803 381 12 30 i
846 382 7 30 2
874 381 80 40 kap.
976 378 404 41 stämpelförordningen
1399 386 58 21 om
1478 376 163 40 stämpel-

142 433 208 40 heläggning
367 442 42 20 av
427 432 248 39 ansökningar.
693 430 163 40 Avgiften
873 431 38 29 är
931 430 38 31 10
986 430 52 29 kr.
1056 429 55 30 för
1128 428 160 30 ansökan
1303 437 57 21 om
1379 427 178 39 stämning
1577 426 65 30 och

141 485 19 29 5
178 484 53 29 kr.
250 483 55 30 för
323 492 117 21 annan
459 482 207 39 ansökning.
686 482 110 30 Dessa
814 480 148 40 avgifter
980 480 63 31 bör
1060 479 104 41 höjas
1181 479 53 30 till
1253 478 41 31 20
1313 477 196 41 respektive
1530 477 39 31 10
1588 477 51 30 kr.

186 532 118 42 Enligt
339 533 254 40 förordningen
627 532 67 31 den
719 533 42 30 30
784 531 79 41 juni
890 531 83 31 1943
998 529 179 41 angående
1202 527 404 41 kommissionärsavgift
1630 527 12 30 i

142 584 236 40 domsagorna
398 584 102 39 utgör
522 582 154 40 avgiften
697 581 55 31 för
773 581 179 30 anlitande
977 590 43 21 av
1040 579 275 31 kommissionär
1338 579 15 30 1
1378 579 52 30 kr.
1454 578 55 30 för
1531 578 112 30 första

143 633 144 32 ärendet
307 634 64 30 och
392 634 41 30 50
454 634 59 30 öre
536 632 54 31 för
610 632 167 40 följande,
800 640 76 22 som
897 630 181 40 samtidigt
1096 629 181 40 mottagits
1298 629 80 30 från
1399 638 136 21 samma
1556 637 86 32 upp-

141 683 233 40 dragsgivare,
396 683 90 30 dock
508 682 233 39 sammanlagt
761 682 102 39 högst
885 682 38 30 15
946 681 52 29 kr.
1020 681 111 30 Dessa
1152 679 157 41 avgifter,
1330 688 78 21 som
1430 680 136 39 uttages
1587 686 54 32 ge-

142 743 83 21 nom
248 732 358 40 stämpelbeläggning
628 732 65 29 och
717 730 156 31 tillfaller
899 730 220 34 statsverket,
1144 729 62 30 bör
1228 729 104 39 höjas
1354 729 53 29 till
1432 729 18 30 2
1474 728 53 30 kr.
1551 737 86 31 resp.

146 785 14 30 1
179 784 64 34 kr.,
260 783 173 40 varjämte
451 782 307 40 maximibeloppet
776 781 63 30 bör
855 781 104 40 höjas
976 780 52 31 till
1048 781 41 29 20
1108 781 51 30 kr.

185 834 51 31 De
259 833 198 41 föreslagna
479 832 367 40 avgiftshöjningarna
866 831 99 30 torde
987 831 143 29 komma
1153 832 51 29 att
1226 829 159 31 medföra
1407 839 43 20 en
1472 829 170 31 inkomst-

143 883 137 41 ökning
294 883 55 30 för
367 882 210 31 statsverket
593 891 42 21 av
651 881 130 32 mellan
797 882 18 30 5
834 881 65 31 och
918 881 39 31 10
975 880 166 40 miljoner
1160 880 52 30 kr.
1230 889 62 31 per
1309 879 49 31 år.

806 1087 180 33 Utskottet

187 1186 76 30 Den
292 1185 203 40 avveckling
524 1194 43 21 av
594 1184 152 31 tullarna
775 1184 45 40 på
847 1183 268 34 industrivaror,
1145 1191 77 22 som
1250 1182 393 30 EFTA-konventionen

144 1237 113 39 syftar
279 1236 63 35 till,
365 1236 170 30 omfattar
557 1235 124 30 endast
704 1234 134 31 sådana
859 1243 113 26 varor,
998 1243 75 21 som
1096 1233 211 40 importeras
1329 1232 80 31 från
1433 1242 118 20 annan
1575 1234 69 28 stat

143 1287 97 30 inom
262 1286 356 31 frihandelsområdet
637 1286 66 30 och
724 1295 77 21 som
821 1286 65 30 har
908 1285 61 30 sitt
989 1292 178 32 ursprung
1188 1284 99 30 inom
1306 1283 104 31 detta.
1432 1283 213 30 Konventio-

142 1347 69 21 nen
234 1337 207 31 förutsätter
464 1337 130 35 därför,
620 1338 51 29 att
695 1336 328 30 medlemsstaterna
1047 1335 89 30 skall
1160 1336 105 29 utöva
1289 1335 73 30 viss
1383 1334 155 30 kontroll
1561 1335 82 28 över

142 1390 53 28 att
220 1388 319 40 ursprungskravet
563 1388 174 39 iakttages
760 1387 65 30 och
850 1388 51 28 att
926 1385 376 40 ursprungscertifikat
1329 1385 89 30 skall
1443 1385 123 29 kunna
1591 1386 53 27 ut-

145 1439 121 30 färdas
293 1448 43 20 av
362 1438 117 30 därtill
507 1437 235 30 auktoriserat
769 1445 110 31 organ
903 1437 84 29 eller
1015 1445 43 20 av
1085 1435 117 40 statlig
1230 1435 214 40 myndighet.
1474 1435 68 30 För
1568 1434 77 30 vårt

144 1489 103 30 Jands
267 1489 274 30 vidkommande
563 1489 65 29 har
650 1488 221 30 sistnämnda
893 1486 140 41 uppgift
1058 1488 133 29 ansetts
1214 1486 85 29 böra
1321 1485 191 30 ankomma
1535 1484 45 40 på
1603 1484 42 30 de

145 1539 264 31 auktoriserade
431 1539 340 30 handelskamrarna
792 1538 65 30 och
880 1537 197 30 tullverket.
1101 1536 118 40 Enligt
1243 1536 160 40 gällande
1424 1535 222 30 bestämmel-

145 1600 55 21 ser
216 1591 12 30 i
245 1589 403 41 stämpelförordningen
665 1589 89 31 skall
771 1588 72 31 viss
859 1588 138 30 mindre
1015 1586 260 41 stämpelavgift
1292 1586 157 40 erläggas
1466 1586 56 30 för
1538 1585 105 34 bevis,

144 1650 76 21 som
242 1641 161 30 utfärdas
427 1650 43 21 av
492 1639 282 40 tullmyndighet.
799 1639 176 30 Eftersom
999 1638 228 30 utfärdandet
1251 1647 43 20 av
1318 1635 327 42 ursprungscertifi-

146 1692 61 30 kat
231 1692 71 30 kan
327 1692 142 29 komma
494 1693 51 28 att
570 1691 101 30 ställa
695 1690 139 40 mycket
858 1689 96 31 olika
977 1689 87 31 krav
1088 1689 45 40 på
1157 1688 250 40 myndigheten
1431 1687 12 30 i
1468 1687 100 40 fråga
1592 1696 56 21 om

145 1741 189 41 utredning
358 1742 65 29 och
449 1743 109 28 annat
582 1741 126 35 arbete,
733 1741 65 29 har
823 1739 155 40 avgiften
1004 1739 55 30 för
1084 1738 214 31 certifikatet
1323 1739 133 29 ansetts
1481 1737 85 30 böra
1590 1737 56 29 be-

147 1792 170 30 stämmas
340 1793 79 29 med
444 1792 140 39 hänsyn
606 1791 52 30 till
683 1791 260 39 omfattningen
967 1799 43 21 av
1033 1789 141 39 nedlagt
1199 1789 125 30 arbete.
1349 1789 66 29 Det
1439 1788 65 29 har
1528 1787 119 30 vidare

146 1841 181 31 befunnits
346 1842 160 40 lämpligt
526 1844 50 28 att
595 1842 235 29 varuhavares
849 1840 192 30 kostnader
1060 1840 56 30 för
1134 1839 213 30 certifikatet
1368 1839 89 30 skall
1478 1838 47 30 bli
1547 1846 105 31 unge-

147 1892 56 30 fär
222 1892 180 30 desamma
422 1894 135 28 oavsett
575 1891 52 30 till
646 1891 117 30 vilken
783 1891 206 39 myndighet
1007 1890 72 29 han
1101 1889 132 30 vänder
1252 1889 61 39 sig.
1334 1889 49 29 På
1404 1888 113 39 grund
1538 1888 109 29 härav

147 1942 148 30 föreslås
320 1942 12 29 i
356 1942 264 39 propositionen
645 1943 52 28 att
721 1951 43 20 av
789 1940 273 40 tullmyndighet
1089 1940 157 29 utfärdat
1272 1937 376 42 ursprungscertifikat

148 1992 88 30 skall
256 2002 83 20 vara
359 1993 75 30 fritt
454 1993 80 29 från
553 1992 158 39 stämpel.
731 1991 269 31 Bestämmelser
1019 2000 57 20 om
1095 1990 235 30 varuhavares
1350 1989 151 30 kostnad
1522 1988 55 30 för
1595 1997 57 21 ur-

147 2042 332 40 sprungscertifikat
497 2043 97 30 torde
612 2043 196 29 sedermera
825 2042 143 30 komma
986 2043 50 28 att
1053 2041 178 30 meddelas
1250 2041 10 28 i
1278 2039 152 31 särskild
1447 2039 159 39 ordning.

192 2093 66 29 Vid
278 2093 238 29 innevarande
537 2092 56 30 års
614 2092 142 39 riksdag
777 2092 64 30 har
862 2092 170 29 beslutats
1053 2093 50 27 att
1123 2091 57 29 det
1202 2090 203 30 nuvarande
1426 2089 222 30 kommissio-

147 2143 229 29 närsarvodet
397 2143 58 30 vid
477 2142 361 30 vattendomstolarna
859 2142 89 29 skall
970 2141 206 30 omvandlas
1200 2141 50 29 till
1272 2139 270 40 stämpelavgift.
1566 2139 82 29 För-

147 2193 195 39 ordningen
359 2193 179 39 angående
555 2191 404 40 kommissionärsavgift
984 2191 3 30 i
1005 2191 234 38 domsagorna
1256 2191 65 29 har
1338 2189 121 30 därför
1477 2189 171 39 komplet-

148 2244 109 28 terats
281 2243 78 29 med
386 2242 201 39 stadgande,
613 2244 51 28 att
688 2242 253 39 förordningen
965 2241 90 30 skall
1078 2250 84 20 vara
1187 2240 186 39 tillämplig
1398 2240 88 29 även
1509 2239 45 39 på
1576 2241 73 27 vat-

147 2292 311 30 tendomstolarna.
482 2293 77 29 Med
582 2291 188 39 anledning
791 2292 110 29 härav
921 2291 148 29 föreslås
1091 2291 11 29 i
1125 2290 265 40 propositionen
1410 2291 49 27 ett
1481 2298 41 20 av
1544 2298 104 20 ovan-

149 2343 157 29 nämnda
327 2342 277 39 riksdagsbeslut
627 2341 221 40 erforderligt
872 2341 119 39 tillägg
1015 2340 52 30 till
1089 2339 312 31 bestämmelserna
1424 2339 10 29 i
1459 2339 17 30 5
1504 2339 14 37 8
1545 2339 105 29 stäm-

149 2392 320 40 pelförordningen.

194 2443 175 29 Utskottet
388 2443 65 30 har
470 2443 72 29 inte
562 2442 118 29 funnit
699 2441 189 40 anledning
906 2440 52 31 till
977 2440 142 30 erinran
1139 2442 72 27 mot
1231 2440 124 38 Kungl.
1376 2439 124 39 Maj:ts
1520 2438 130 39 förslag
