2221 2692
413 198 20 32 2
568 197 121 32 Första
712 196 217 32 Kammarens
957 194 187 43 Tillfälliga
1175 194 142 34 Utskotts
1340 194 78 42 (N:o
1441 195 37 37 2)
1511 193 177 35 Utlåtande
1712 194 64 33 N:o
1801 196 53 31 19.

414 287 84 40 sätt,
530 287 53 31 att
612 282 150 36 rättvisa
791 281 67 36 och
887 281 171 49 billighet
1088 280 149 37 därmed
1265 281 127 35 kunna
1421 293 104 23 anses
1554 280 188 36 kränkta.»
1804 278 78 38 Och
1904 284 109 31 stats-

415 338 192 44 utskottet,
646 337 139 36 hvilket
822 336 62 37 vid
922 349 140 24 samma
1090 335 147 50 riksdag
1265 334 81 37 haft
1375 340 53 31 att
1456 334 134 37 bereda
1618 348 45 22 en
1693 336 141 35 motion
1863 347 59 23 om
1952 339 62 31 ut-

416 392 156 49 redning
609 392 155 36 rörande
798 396 116 31 större
944 391 141 36 direkta
1114 390 223 49 statsbidrag
1364 391 58 35 till
1452 389 496 49 folkskoleundervisningen
1977 392 37 32 åt

415 448 231 43 kommuner,
685 447 124 36 hvilka
846 459 85 23 vore
970 445 40 36 af
1035 445 246 36 kostnaderna
1311 444 57 36 för
1396 445 120 36 denna
1545 444 268 48 undervisning
1841 443 173 36 särskildt

415 502 232 36 ekonomiskt
688 500 223 49 betungade,
951 499 256 37 konstaterade
1244 501 12 34 i
1295 499 201 49 anledning
1533 497 107 38 däraf
1669 498 66 36 »de
1765 498 246 49 olägenheter,

414 570 78 22 som
537 555 57 37 för
635 555 225 36 närvarande
898 558 115 32 måste
1052 567 104 23 anses
1194 554 87 36 råda
1317 555 13 34 i
1368 553 170 37 afseende
1577 556 20 33 å
1625 554 125 47 ojämn
1779 553 234 35 kommunal-

413 611 240 47 beskattning
681 609 58 36 för
767 608 387 37 folkskoleändamål».

549 664 307 37 Undertecknade
886 677 85 23 anse
1001 663 58 36 för
1087 665 57 34 sin
1174 663 69 41 del,
1275 668 53 31 att
1358 663 100 36 detta
1487 663 179 49 spörsmål
1695 675 52 23 nu
1775 662 68 36 bör
1871 664 47 46 på
1947 662 67 35 all-

413 733 64 22 var
505 720 150 46 bringas
684 722 47 44 på
760 718 279 48 dagordningen
1069 719 67 34 och
1167 718 240 35 underkastas
1438 718 70 34 den
1536 717 182 48 ingående
1747 717 68 34 och
1846 716 168 47 allsidiga

414 772 213 50 utredning,
659 785 78 23 som
766 773 12 34 i
808 772 100 36 detta
937 771 65 36 fall
1032 777 110 44 utgör
1171 784 45 23 en
1245 772 210 48 ovillkorlig
1475 769 269 49 förutsättning
1763 768 58 37 för
1840 774 53 31 att
1912 769 103 35 finna

415 828 61 36 det
505 828 134 48 riktiga
667 827 234 36 botemedlet.

548 881 280 36 Kommunerna
855 879 110 38 hafva
993 881 66 35 hos
1089 893 58 24 oss
1176 883 61 34 två
1257 879 177 37 särskilda
1454 878 202 50 uppgifter.
1701 878 87 36 Dels
1808 878 66 36 har
1894 882 119 31 staten

414 939 37 33 åt
481 936 82 36 dem
593 935 186 37 öfverlåtit
808 948 194 36 omsorgen
1032 948 59 23 om
1120 937 96 34 vissa
1245 934 274 45 statsändamål,
1541 934 237 49 synnerligen
1799 931 214 37 folkunder-

413 992 206 48 visningen,
650 989 200 50 fattigvård
878 991 68 35 och
975 991 289 47 prästerskapets
1289 989 203 36 aflönande.
1550 988 87 36 Dels
1658 995 67 41 äga
1745 989 270 34 kommunerna

413 1045 62 36 vid
519 1045 102 36 sidan
665 1044 108 38 häraf
807 1058 44 23 en
889 1043 235 51 befogenhet,
1165 1057 77 23 som
1272 1045 12 34 i
1313 1045 125 48 praxis
1469 1042 126 37 fattats
1625 1043 147 49 mycket
1800 1041 212 42 vidsträckt,

414 1105 54 30 att
498 1101 104 34 sköta
631 1101 79 34 sina
739 1113 95 35 egna
862 1099 307 49 angelägenheter
1199 1119 48 4 —
1278 1098 184 36 därunder
1490 1097 200 37 inräknade
1715 1097 138 47 jämväl
1880 1096 135 36 sådana

414 1156 182 34 intressen
635 1167 79 23 som
753 1153 219 49 deltagande
1001 1155 12 34 i
1043 1154 273 48 anläggningen
1346 1151 40 37 af
1412 1157 98 31 stora
1535 1150 321 50 järnvägsföretag
1884 1164 48 22 m.
1963 1163 49 23 m.

548 1208 56 35 Då
633 1208 61 35 det
723 1221 51 22 nu
804 1209 114 47 gäller
947 1212 53 31 att
1029 1207 253 36 åstadkomma
1310 1212 53 30 ett
1392 1208 145 35 rättvist
1567 1205 275 49 upphjälpande
1863 1204 40 35 af
1919 1206 96 33 vissa

415 1262 239 36 kommuners
683 1261 193 49 betryckta
905 1262 188 48 ställning,
1124 1268 40 29 är
1192 1261 61 35 det
1282 1259 127 50 gifvet,
1440 1265 54 31 att
1523 1273 85 24 man
1629 1262 116 33 måste
1765 1263 86 44 taga
1870 1258 144 49 hänsyn

415 1317 58 35 till
511 1315 301 37 beskaffenheten
851 1314 37 37 af
921 1315 44 36 de
994 1316 158 43 orsaker,
1183 1327 78 24 som
1291 1315 107 48 bragt
1428 1314 43 36 de
1501 1313 176 37 särskilda
1706 1314 268 34 kommunerna
2002 1313 12 34 i

416 1384 45 22 en
500 1370 112 36 sådan
651 1371 187 47 ställning.
897 1369 337 49 Utgångspunkten
1265 1381 108 37 synes
1402 1369 187 47 nämligen
1618 1368 89 35 böra
1735 1380 85 23 vara
1848 1366 82 44 den,
1962 1371 53 30 att

418 1424 61 36 det
521 1431 40 29 är
599 1424 44 36 de
681 1425 231 43 kommuner,
952 1424 124 36 hvilka
1112 1425 12 34 i
1154 1422 180 40 anseende
1363 1423 58 35 till
1451 1424 56 37 sin
1535 1420 279 50 folkfattigdom
1845 1421 68 35 och
1944 1420 71 36 den

418 1480 106 47 ringa
552 1479 238 35 ekonomiska
819 1479 151 48 styrkan
999 1478 66 35 hos
1095 1479 80 34 sina
1203 1477 240 36 medlemmar
1470 1483 68 42 äga
1568 1475 57 36 för
1653 1477 90 34 liten
1772 1473 166 37 bärkraft
1958 1473 58 36 för

418 1532 44 36 de
500 1532 181 44 ändamål,
721 1533 141 35 hvilkas
901 1531 289 50 tillgodoseende
1220 1533 120 47 ålegat
1369 1531 95 44 dem,
1495 1543 78 23 som
1603 1529 129 36 härvid
1760 1529 90 35 böra
1878 1529 138 35 erhålla

417 1587 113 48 hjälp.
589 1583 124 39 Gifvet
754 1593 40 29 är
830 1587 199 47 nämligen,
1070 1591 53 30 att
1162 1585 45 36 då
1241 1585 203 37 kostnaden
1474 1583 57 39 för
1560 1583 275 43 statsändamål,
1867 1595 77 23 som
1970 1583 44 46 ju

416 1641 211 48 principielt
656 1640 112 36 borde
798 1640 139 36 drabba
964 1642 200 34 invånarne
1193 1638 103 37 öfver
1324 1640 82 35 hela
1434 1639 94 35 riket
1557 1637 84 37 med
1665 1637 181 48 jämnhet,
1868 1636 147 49 pålades

415 1695 281 44 kommunerna,
737 1694 60 36 det
835 1695 109 34 också
981 1694 112 36 borde
1131 1695 47 34 ha
1215 1695 161 43 tillsetts,
1417 1698 53 31 att
1504 1692 104 36 dessa
1635 1691 120 36 blefve
1785 1691 145 44 sådana,
1962 1695 53 30 att

416 1761 45 22 en
499 1750 165 47 naturlig
694 1749 212 47 utjämning
935 1747 40 36 af
1000 1750 57 47 sig
1085 1747 89 49 själf
1199 1749 146 34 komme
1375 1753 53 30 att
1456 1753 69 42 äga
1553 1760 94 22 rum.
1705 1745 54 35 De
1788 1744 113 36 borde
1930 1744 84 35 med

418 1802 113 36 andra
569 1802 65 36 ord
672 1801 110 37 hafva
819 1803 146 35 erhållit
1003 1801 158 50 ungefär
1188 1802 173 36 liknande
1390 1800 165 37 bärkraft
1582 1802 12 34 i
1624 1798 229 37 förhållande
1882 1799 58 35 till
1969 1798 45 36 de

417 1856 146 44 bördor,
595 1870 78 22 som
703 1856 44 36 de
777 1855 241 50 förpliktades
1047 1860 107 45 åtaga
1183 1858 66 47 sig.
1307 1856 56 36 Då
1391 1858 39 33 så
1449 1856 31 46 ej
1505 1856 106 43 skett,
1635 1853 227 49 föreligger
1846 1847 21 62 i
1884 1851 130 49 själfva

416 1911 126 35 verket
572 1923 45 23 en
648 1909 88 36 fullt
763 1911 75 35 lika
867 1915 76 31 stor
971 1912 185 42 orättvisa,
1188 1923 77 22 som
1296 1923 60 22 om
1386 1914 119 31 staten
1535 1908 129 49 pålade
1694 1921 44 22 en
1768 1907 119 35 direkt
1917 1907 96 35 skatt

415 1967 48 45 på
492 1966 80 33 sina
601 1964 239 48 medborgare
870 1964 84 35 med
982 1963 230 49 fullkomligt
1236 1964 182 48 godtycke
1438 1965 12 33 i
1471 1962 103 49 fråga
1594 1975 60 22 om
1675 1962 43 35 de
1738 1973 159 31 normer,
1920 1959 93 36 efter

415 2018 124 36 hvilka
561 2018 275 49 medborgarna
863 2020 12 33 i
905 2019 97 35 olika
1030 2018 209 35 landsdelar
1267 2018 92 35 hade
1390 2022 52 30 att
1472 2022 132 43 utgöra
1632 2017 156 34 skatten.

547 2070 38 37 Å
614 2072 114 35 andra
757 2072 104 35 sidan
891 2071 55 37 får
975 2085 84 22 man
1089 2073 236 47 naturligtvis
1354 2072 30 46 ej
1419 2069 39 37 af
1484 2070 61 36 det
1573 2070 118 35 blotta
1715 2068 156 44 faktum,
1894 2072 53 31 att
1967 2080 46 23 en

414 2127 190 43 kommun,
636 2139 78 22 som
743 2126 166 36 befinner
938 2128 56 46 sig
1021 2128 12 33 i
1063 2126 235 48 svårigheter,
1328 2132 40 28 är
1397 2124 190 49 folkfattig
1615 2124 67 35 och
1711 2124 79 34 icke
1819 2123 67 34 har
1915 2126 99 31 stora

415 2181 237 34 ekonomiska
681 2179 321 50 förutsättningar,
1034 2180 112 48 draga
1176 2180 69 35 den
1275 2180 232 47 ovillkorliga
1527 2179 210 42 slutsatsen,
1760 2182 54 30 att
1834 2189 45 22 en
1901 2175 110 36 sådan

414 2235 179 34 kommun
631 2235 68 34 hör
727 2235 57 34 till
815 2234 94 44 dem,
940 2235 123 35 hvilka
1092 2235 65 35 här
1186 2233 105 36 afses.
1350 2233 56 49 Ty
1435 2233 61 35 det
1525 2233 71 35 kan
1622 2232 45 47 ju
1696 2230 132 42 hända,
1860 2234 53 32 att
1942 2229 69 36 den

413 2293 63 44 ägt
505 2289 142 35 normal
677 2287 166 50 förmåga
872 2293 53 31 att
955 2287 92 50 fylla
1076 2288 43 37 de
1150 2286 200 51 uppgifter,
1382 2300 77 23 som
1490 2287 120 47 ålegat
1639 2285 223 43 densamma,
1893 2283 118 37 ehuru

414 2342 70 36 den
515 2355 132 36 genom
677 2343 161 39 vanvård
867 2344 164 35 åsamkat
1060 2344 57 47 sig
1145 2356 45 23 en
1220 2342 143 38 mindre
1392 2341 73 49 god
1494 2342 187 49 ställning.
