2218 2640
640 218 339 42 Bevillninysutskottets
1007 218 196 31 Betänkande
1227 216 62 32 N:o
1312 217 29 30 2.
1747 218 38 27 238

682 295 95 49 19:0)
818 303 54 30 att
899 298 118 35 tullen
1053 296 21 36 å
1108 297 72 35 kött
1208 295 46 49 af
1268 295 110 49 fogel,
1406 295 74 36 alla
1508 294 89 48 slag,
1625 293 124 44 måtte,
1777 293 12 35 i

578 349 163 48 enlighet
768 349 84 36 med
880 348 132 46 Kongl.
1035 348 120 48 Maj:ts
1181 346 147 47 förslag,
1355 345 203 37 bibehållas
1576 344 63 38 vid
1661 348 45 34 20
1726 351 63 29 öre

579 413 65 34 per
671 401 199 48 kilogram;
898 405 95 31 samt

684 498 94 48 20:0)
817 506 55 31 att
906 501 194 36 tullsatsen
1128 500 21 36 å
1176 500 79 43 kött,
1292 500 118 35 andra
1437 499 88 47 slag,
1555 498 32 48 ej
1613 497 173 49 speciyfice-

580 554 100 43 rade,
717 552 124 45 måtte,
877 551 47 49 på
958 557 72 30 sätt
1063 551 133 46 Kongl.
1232 550 102 48 Maj:t
1359 549 200 48 föreslagit,
1586 548 202 36 bibehållas

578 602 64 37 vid
669 603 173 46 gällande
869 604 146 45 belopp,
1045 606 18 33 7
1094 610 62 28 öre
1183 614 67 36 per
1276 602 192 47 kilogram.

278 705 57 36 Då
371 705 44 36 de
443 705 80 48 slag
549 704 40 36 af
613 705 76 36 rökt
708 705 109 48 fläsk,
845 717 79 23 som
951 712 63 28 äro
1041 703 154 37 föremål
1222 703 59 37 för
1307 702 160 46 införsel,
1485 703 62 35 väl
1566 702 221 48 näppeligen

178 757 127 35 kunna
344 755 174 36 hänföras
557 756 60 35 till
657 756 279 48 oundgängliga
975 754 356 45 lifsförnödenheter,
1374 755 69 34 har
1486 754 181 35 utskottet
1710 753 79 34 icke

177 806 125 37 funnit
341 807 118 45 skälig
494 806 201 46 anledning
735 813 54 29 att
827 805 230 38 beträffande
1097 806 121 37 denna
1253 806 133 35 artikel
1420 803 216 47 ifrågasätta
1665 802 124 46 någon

180 858 157 46 ändring
364 858 11 35 i
402 858 173 47 gällande
601 858 156 35 tullsats.

161 957 3 3 |
278 908 109 37 Hvad
406 908 77 36 åter
502 909 157 35 artikeln
669 908 111 48 fläsk,
798 908 117 36 andra
935 908 87 47 slag,
1043 906 124 50 angår,
1187 905 136 38 tillåter
1341 907 55 46 sig
1413 906 182 36 utskottet
1609 910 54 30 att
1681 917 45 23 ur
1745 917 44 23 en

179 959 63 37 vid
268 959 156 36 sistlidet
451 958 57 37 års
535 958 182 47 Riksdags
743 959 385 46 bevillningsutskotts
1156 957 233 37 betänkande
1415 970 58 22 n:o
1506 960 14 32 1
1549 955 114 49 fogad
1681 967 109 24 reser-

180 1011 126 36 vation
334 1009 131 36 anföra
491 1008 180 50 följande:

284 1060 147 37 »Redan
459 1061 89 36 flera
575 1060 41 36 år
641 1060 80 37 före
747 1061 136 36 tullens
910 1059 194 37 införande
1131 1059 152 48 började
1306 1058 66 37 vår
1390 1058 155 36 svenska
1564 1057 227 48 fläskexport

180 1117 61 39 att,
279 1113 1 35 i
308 1111 180 37 samband
515 1112 85 36 med
626 1111 66 37 vår
719 1112 279 45 mejerirörelses
1026 1110 199 49 glädjande
1244 1110 223 45 utveckling,
1485 1109 103 35 raskt
1607 1109 95 47 stiga
1720 1108 70 35 och

179 1163 123 49 tyckes
330 1163 213 49 lyckligtvis
571 1162 152 37 härmed
751 1163 158 45 alltjemt
935 1161 162 37 fortfara.
1153 1160 84 37 Men
1265 1160 71 36 den
1364 1173 98 31 vara,
1490 1172 80 23 som
1597 1158 83 36 från
1706 1158 84 37 vårt

179 1214 88 36 land
301 1219 224 41 exporteras,
563 1221 40 28 är
630 1227 44 22 en
703 1214 77 35 helt
806 1226 123 22 annan
956 1226 90 22 vara
1073 1220 47 27 än
1148 1211 71 36 den
1247 1212 35 36 vi
1310 1212 210 45 importera,
1549 1210 69 35 och
1646 1223 45 22 en
1718 1209 72 35 tull

179 1264 48 48 på
265 1265 71 36 den
377 1277 129 23 senare
545 1264 134 36 verkar
719 1263 125 37 derför
879 1262 150 37 alldeles
1056 1263 80 35 icke
1164 1275 79 23 som
1271 1267 52 30 ett
1349 1261 120 49 skydd
1495 1260 59 36 för
1581 1260 72 36 den
1680 1258 110 37 förra.

180 1314 157 38 Svenskt
375 1315 93 35 fläsk
509 1322 40 28 är
589 1328 44 23 en
670 1315 141 43 artikel,
847 1328 78 22 som
961 1315 12 34 i
1004 1313 169 45 London,
1201 1313 116 47 enligt
1344 1331 46 5 —
1417 1331 49 5 —
1495 1335 48 4 —
1571 1310 40 36 af
1634 1311 157 36 svenska

180 1367 283 46 mejeriagenten
503 1366 13 35 i
555 1365 232 36 Manchester
834 1364 170 37 lemnade
1051 1363 205 48 månatliga
1303 1361 189 49 uppgifter
1531 1361 58 37 för
1631 1364 106 41 1890,
1778 1362 12 34 i

179 1416 171 50 England
390 1417 171 47 betingar
601 1422 53 30 ett
692 1417 85 47 pris,
818 1429 79 23 som
932 1416 13 35 i
981 1414 62 37 det
1074 1419 184 32 närmaste
1277 1421 40 28 är
1344 1413 157 36 dubbelt
1526 1412 39 36 så
1591 1412 93 49 högt
1710 1424 80 23 som

179 1468 252 47 importpriset
466 1468 11 34 i
511 1466 216 37 Stockholm
758 1466 21 36 å
810 1467 62 36 det
903 1466 257 36 amerikanska
1186 1463 144 38 benfria
1356 1464 137 44 fläsket,
1522 1476 45 23 en
1594 1476 90 23 vara
1710 1475 78 23 som

179 1519 80 35 icke
289 1519 98 35 blott
412 1517 60 37 för
499 1517 122 37 denna
648 1519 55 34 sin
730 1518 172 46 billighet
927 1523 90 30 utan
1045 1518 76 34 lika
1144 1516 153 49 mycket
1322 1514 48 49 på
1396 1515 121 46 grund
1546 1513 41 37 af
1611 1515 56 35 sin
1695 1514 96 45 höga

179 1568 149 37 fetthalt
363 1575 112 42 utgör
510 1569 62 36 det
607 1568 290 46 hufvudsakliga
929 1568 68 36 och
1024 1568 111 47 lifligt
1163 1566 198 37 eftersökta
1387 1566 162 35 animala
1575 1564 216 36 födoämnet

180 1619 56 36 för
276 1619 45 37 de
361 1621 12 34 i
413 1620 101 35 stark
550 1620 211 48 vinterkyla
788 1619 119 36 under
933 1619 67 36 bar
1027 1618 152 36 himmel
1206 1618 212 48 sysselsatta
1444 1616 307 48 skogsarbetarne
1778 1616 12 35 i

179 1669 198 37 Norrland.
429 1670 72 36 Det
537 1677 40 28 är
612 1671 186 47 nemligen
833 1670 55 35 dit
913 1675 131 30 nästan
1072 1669 84 36 hela
1183 1668 121 36 denna
1330 1668 138 47 import
1495 1667 107 36 söker
1629 1667 54 45 sig
1710 1673 80 39 väg.

179 1720 317 49 Importsiffrorna
535 1721 89 44 visa,
665 1726 54 30 att
757 1721 212 35 fläsktullen
1005 1720 214 44 visserligen
1250 1719 12 34 i
1289 1719 129 44 början
1447 1716 196 37 hämmade
1669 1717 122 35 denna

180 1770 150 37 införsel
370 1771 68 36 och
478 1771 129 45 bragte
648 1770 69 36 den
759 1770 72 37 ned
869 1769 83 37 från
995 1772 192 42 $8,000,000
1229 1768 40 36 år
1316 1771 92 34 1887
1455 1768 58 35 till
1556 1766 88 46 föga
1687 1766 104 37 öfver

182 1824 191 42 3,000,000
415 1821 86 36 åren
546 1823 93 35 1888
682 1821 69 35 och
782 1824 105 34 1889.
939 1819 83 37 Men
1052 1819 38 36 så
1117 1819 227 48 oumbärligt
1369 1819 68 35 har
1464 1818 102 36 detta
1592 1817 198 36 födoämne

180 1871 196 45 befunnits,
417 1877 55 30 att
511 1872 184 47 importen
735 1874 95 34 1890
866 1871 114 36 redan
1009 1878 40 28 är
1076 1870 173 45 omkring
1278 1872 156 42 800,000
1463 1869 185 48 kilogram
1675 1868 114 48 högre,

182 1930 45 28 än
259 1923 70 36 den
357 1936 67 23 var
454 1925 105 42 1887,
589 1922 47 36 då
663 1922 71 36 den
762 1929 100 29 ännu
889 1935 67 23 var
982 1920 129 37 tullfri.
1164 1920 86 36 Man
1277 1933 57 23 ser
1361 1919 166 45 sålunda,
1555 1924 55 31 att
1637 1918 154 36 oaktadt

182 1987 43 22 en
260 1974 81 44 tull,
368 1986 80 23 som
475 1972 84 37 med
586 1980 90 28 nära
704 1977 47 33 40
779 1978 153 41 procent
958 1972 170 48 fördyrat
1154 1972 122 47 priset,
1304 1970 116 36 måste
1447 1970 71 36 den
1546 1969 244 36 norrländske

181 2024 191 36 arbetaren
413 2025 12 34 i
465 2036 140 23 samma
641 2023 258 47 utsträckning
926 2035 78 23 som
1031 2023 102 35 förut
1158 2021 178 36 förskaffa
1362 2022 55 44 sig
1444 2020 62 36 det
1533 2020 258 36 amerikanska

181 2074 140 45 fläsket:
350 2074 69 35 och
446 2074 223 43 fläsktullen,
697 2086 79 22 som
804 2074 30 46 ej
863 2074 168 34 hämmar
1058 2073 185 44 importen
1267 2072 68 34 och
1353 2071 48 47 på
1419 2071 132 35 sådant
1570 2075 72 30 sätt
1659 2070 132 45 ådaga-

181 2125 126 46 lägger
341 2125 55 35 sin
430 2123 256 48 »skyddande»
718 2122 177 46 förmåga,
924 2122 219 36 inskränker
1169 2122 55 47 sig
1250 2121 58 35 till
1335 2126 53 29 att
1414 2120 119 37 blifva
1561 2133 44 23 en
1633 2120 157 35 särskild

164 2175 115 34 "skatt
305 2177 47 44 på
380 2188 42 22 en
453 2173 217 37 obemedlad
697 2173 337 47 befolkningsklass
1063 2173 8 34 i
1101 2185 43 23 en
1175 2171 94 36 enda
1288 2171 213 35 landsända.
1542 2170 132 36 Denna
1692 2171 99 34 skatt

181 2224 57 35 för
278 2224 40 35 år
348 2227 94 33 1890
470 2224 146 48 uppgår
644 2224 54 35 till
727 2223 157 46 ungefär
910 2223 139 35 hälften
1078 2222 40 36 af
1142 2223 81 34 hela
1250 2222 250 46 bevillningen
1531 2220 58 37 för
1616 2220 175 48 fastighet

182 2275 67 35 och
278 2275 160 35 inkomst
466 2275 10 34 i
504 2275 103 34 riket.

1853 713 78 23 Fläsk.
