2220 2624
663 142 360 43 Bevillningsutskottets
1046 138 195 33 betänkande
1265 137 51 31 Nr
1340 137 29 31 4.
1747 134 14 28 1

962 499 59 40 Nr
1047 499 40 38 4,

772 655 112 27 Ankom
903 654 42 27 till
964 652 166 36 riksdagens
1150 651 94 28 kansli
1263 651 52 27 den
1338 651 33 26 10
1390 649 119 29 februari
1531 649 66 27 1915
1616 648 37 27 kl.
1672 649 18 26 3
1708 658 22 16 e.
1751 658 33 17 m.

422 798 416 45 Bevillningsutskottets
872 794 232 42 betänkande,
1134 794 13 34 i
1175 792 196 45 anledning
1400 802 44 24 av
1475 791 104 35 väckt
1606 791 134 35 motion
1768 800 54 23 om

623 868 95 34 vissa
765 864 206 43 ändringar
1012 863 12 34 i
1049 862 172 45 gällande
1251 859 261 38 bestämmelser
1539 870 54 23 om
1621 857 201 45 skyldighet

624 937 52 33 att
706 934 120 35 lämna
854 930 190 47 uppgifter
1070 930 58 35 till
1157 930 146 44 ledning
1332 928 62 35 vid
1422 927 174 44 taxering.

1572 1026 74 49 (2:a
1675 1025 96 49 avd.)

426 1139 219 29 Närvarande:
662 1137 95 27 herrar
784 1135 31 28 K.
845 1134 33 28 G.
905 1133 143 29 Karlsson,
1076 1132 114 27 Nilsson
1209 1132 9 26 i
1238 1131 120 35 Bonarp,
1383 1129 61 28 frih.
1464 1130 30 27 C.
1513 1129 24 27 J.
1557 1128 169 32 Beck-Friis,
1746 1127 79 28 Ollas

626 1181 33 27 A.
688 1180 138 29 Eriesson,
850 1177 161 36 Lyckholm,
1036 1176 172 31 Antonsson,
1227 1175 170 35 Bergström,
1416 1173 62 27 frih.
1498 1173 134 35 Fleming,
1651 1172 174 30 Bäckström,

624 1225 159 35 Jesperson,
810 1222 101 35 Röing,
939 1220 214 31 Christiernson,
1181 1218 128 31 Sandler,
1337 1217 140 27 Jeansson
1502 1217 8 26 i
1538 1216 121 32 Kalmar,
1687 1215 138 29 Källman,

626 1268 123 27 Jonsson
767 1268 9 26 i
795 1264 137 32 Hökhult,
952 1264 158 31 Forssman,
1130 1262 117 32 Roman,
1266 1261 122 27 Jönsson
1407 1262 9 25 i
1435 1261 126 35 Revinge
1579 1259 53 28 och
1651 1257 174 37 Uddenberg.

355 1411 15 36 ]
404 1423 55 24 en
500 1410 102 35 inom
646 1406 115 38 andra
802 1405 219 36 kammaren
1064 1415 46 24 av
1151 1402 87 36 herr
1264 1402 204 35 Johansson
1495 1400 12 36 i
1535 1399 155 36 Brånalt
1717 1398 111 37 väckt

232 1463 154 47 motion,
428 1476 45 22 nr
516 1463 84 44 113,
643 1472 80 23 som
752 1457 196 36 hänvisats
986 1455 57 37 till
1070 1452 431 49 bevillningsutskottet,
1531 1450 172 49 föreslås,
1751 1456 79 31 »att

231 1515 204 48 riksdagen
476 1515 115 34 måtte
632 1511 148 38 besluta
825 1508 80 37 dels
950 1506 135 37 sådant
1130 1505 138 48 tillägg
1310 1504 57 36 till
1408 1503 142 49 Kungl.
1597 1502 128 49 Maj:ts
1755 1502 74 36 för-

232 1566 165 49 ordning
437 1579 61 23 om
539 1559 465 52 taxeringsmyndigheter
1045 1558 70 36 och
1159 1555 234 38 förfarandet
1436 1555 65 36 vid
1542 1554 177 49 taxering
1759 1554 71 36 den

235 1621 47 34 28
311 1617 158 38 oktober
499 1617 98 36 1910
625 1614 21 50 &
677 1616 57 45 11,
765 1617 55 32 att
847 1608 394 52 uppgiftsskyldighet
1270 1608 157 51 ålägges
1455 1606 377 50 brandförsäkrings-

234 1670 180 37 anstalter
451 1673 65 42 att,
559 1667 46 37 de
646 1669 41 34 år
728 1665 47 37 då
812 1661 383 50 fastighetstaxering
1222 1665 91 43 äger
1340 1672 97 34 rum,
1465 1659 57 36 till
1550 1657 283 37 vederbörande

234 1719 356 50 taxeringsnämnds
619 1715 226 40 ordförande
872 1713 159 37 insända
1057 1711 155 51 uppgift
1239 1725 61 23 om
1329 1711 74 36 alla
1431 1710 45 37 de
1503 1710 13 36 i
1544 1710 187 36 anstalten
1760 1709 73 36 för-

234 1773 162 37 säkrade
419 1770 246 51 byggnaders
692 1765 366 50 försäkringsvärde,
1097 1776 81 24 som
1206 1762 179 37 hänföras
1415 1762 54 36 till
1493 1761 342 50 jordbruksfastig-

235 1825 77 47 het,
332 1825 80 36 och
440 1824 78 36 dels
546 1827 56 32 att
629 1821 73 37 alla
730 1820 46 36 de
803 1815 462 53 penningeinrättningar,
1304 1827 82 24 som
1415 1819 172 43 mottaga
1614 1825 147 37 pengar
1788 1825 47 23 av

236 1877 117 36 andra
380 1876 57 36 till
466 1874 252 48 förräntning,
748 1871 107 37 skola
882 1869 104 49 varje
1015 1871 40 33 år
1081 1867 59 36 till
1166 1865 283 38 vederbörande
1476 1864 360 50 taxeringsnämnds

237 1928 228 37 ordförande
493 1925 159 41 insända
679 1922 155 52 uppgift
861 1934 61 24 om
952 1921 46 36 de
1025 1919 258 49 räntebelopp,
1299 1931 81 23 som
1409 1917 159 37 kommit
1595 1930 74 23 var
1689 1916 71 37 och
1790 1929 47 23 en

238 1981 183 36 insättare
448 1979 57 37 till
533 1978 101 49 godo
662 1976 120 36 under
809 1974 63 36 det
900 1971 252 38 sistförflutna
1179 1973 113 33 året.»

276 2081 43 32 +;
368 2081 239 53 Beträffande
648 2078 277 49 motiveringen
967 2076 59 36 för
1072 2075 103 36 detta
1215 2074 144 48 förslag
1399 2073 140 36 tillåter
1566 2072 184 37 utskottet
1777 2071 61 49 sig

239 2136 162 54 hänvisa
430 2134 57 37 till
516 2133 204 36 motionen.
951 2156 2 3 :
1681 2127 28 16 i

296 2203 19 14 ia

328 2299 127 42 Bihang
478 2298 49 32 till
549 2297 186 42 riksdagens
753 2294 157 43 protokoll
935 2294 94 32 1915.
1074 2292 22 31 7
1117 2291 90 32 saml.
1253 2292 21 30 3
1296 2289 80 42 höft.
1421 2288 68 43 (Nr
1511 2289 50 38 4.)
1782 2288 14 32 1
