2214 2616
218 200 131 25 Utskottet.

454 127 18 29 LE]

843 132 360 42 Bevillningsutskottets
1226 136 192 33 betänkande
1442 139 53 31 Nr
1518 141 30 30 4.

537 205 133 49 Enligt
716 208 41 35 11
802 207 20 49 $
860 211 59 34 2:0
949 209 34 49 a)
1013 210 11 36 i
1054 211 271 51 förordningen
1353 228 58 23 om
1442 218 461 51 taxeringsmyndigheter
1930 223 71 37 och

407 255 233 38 förfarandet
667 258 63 36 vid
759 260 174 49 taxering
961 261 147 48 åligger
1147 264 62 36 det
1250 267 156 47 styrelse
1445 268 59 35 för
1531 269 174 37 inländsk
1733 271 268 40 brandförsäk-

405 307 251 47 ringsanstalt
683 309 71 36 och
783 311 211 48 syssloman
1023 313 58 36 för
1108 315 178 37 utländsk
1315 317 114 37 sådan
1459 320 141 36 anstalt
1627 327 54 31 att
1709 323 144 48 årligen
1873 326 126 36 lämna

404 358 153 49 uppgift
584 360 160 37 rörande
774 361 361 51 försäkringsvärdet
1163 369 20 34 å
1212 367 46 37 de
1285 369 54 35 till
1368 383 123 23 annan
1513 371 182 49 fastighet
1715 379 47 31 än
1777 375 222 48 jordbruks-

403 409 184 47 fastighet
615 411 216 50 hänförliga
860 413 237 51 byggnader,
1126 431 80 23 som
1236 420 119 37 under
1382 422 315 49 nästföregående
1725 428 41 34 år
1794 426 108 37 blivit
1922 430 76 34 för-

403 460 158 38 säkrade
599 469 101 30 emot
737 463 250 49 brandskada,
1018 468 89 36 eller
1139 470 120 36 vilkas
1293 471 217 50 försäkring
1538 475 119 36 under
1685 489 143 25 samma
1856 479 54 36 tid
1941 480 56 36 till

402 511 176 51 beloppet
606 514 219 38 förändrats.
867 517 67 36 Att
957 518 244 48 jordbrukets
1230 521 223 50 byggnader
1481 525 34 48 ej
1536 525 122 38 häruti
1679 528 229 50 inbegripas,
1928 531 70 36 har

402 563 171 50 tydligen
601 565 59 37 sin
687 567 125 48 grund
841 568 91 48 däri,
974 576 56 30 att
1071 571 106 37 deras
1217 573 473 52 brandförsäkringsvärde
1717 580 83 37 icke
1827 581 68 37 har
1923 582 72 37 den

402 614 147 37 direkta
577 616 191 50 betydelse
805 619 61 36 vid
910 620 438 53 fastighetstaxeringen,
1377 640 80 23 som
1490 630 18 34 1
1540 628 20 49 $
1589 631 59 35 5:0o
1676 630 11 36 i
1716 632 184 37 särskilda
1929 647 65 23 an-

403 666 246 48 visningarna
694 669 56 36 till
790 669 159 52 ledning
990 673 63 37 vid
1091 674 456 54 bevillningstaxeringen
1575 682 154 48 stadgar
1756 683 12 36 i
1798 684 107 49 fråga
1933 698 60 23 om

401 716 493 53 brandförsäkringsvärdet
922 726 20 34 å
971 724 45 37 de
1044 726 54 36 till
1128 740 125 24 annan
1282 729 181 49 fastighet
1493 731 165 38 hörande
1685 734 236 49 byggnader.

528 770 218 38 Emellertid
787 773 209 39 innehåller
1025 779 18 33 7
1074 776 20 49 8
1123 778 11 35 i
1162 781 257 47 nyssnämnda
1461 782 234 51 förordning,
1724 786 116 37 sådan
1869 788 122 36 denna

399 822 184 47 paragraf
605 822 107 49 lyder
739 824 119 49 enligt
879 825 132 51 kungl.
1034 828 270 51 förordningen
1326 832 71 37 den
1416 835 47 34 28
1485 834 158 38 oktober
1665 839 109 45 1913,
1799 838 192 38 föreskrift

399 871 141 48 därom,
582 879 56 30 att
678 878 114 45 ägare
819 877 89 36 eller
934 878 230 39 innehavare
1193 896 48 22 av
1270 883 192 50 fastighet,
1488 885 387 53 jordbruksfastighet
1903 891 89 36 eller

398 936 137 35 annan,
564 924 95 49 själv
686 930 42 32 är
755 927 96 37 efter
877 931 209 49 anmaning
1113 933 154 49 skyldig
1294 940 63 42 att,
1387 936 46 36 då
1453 936 139 38 allmän
1613 938 379 53 fastighetstaxering

397 974 93 36 skall
532 980 73 44 äga
644 990 95 35 rum,
781 979 174 38 avlämna
996 984 154 47 uppgift
1177 987 20 33 å
1226 985 168 38 blankett
1435 988 122 49 enligt
1597 990 178 38 fastställt
1812 993 179 37 formulär

398 1025 58 49 (nr
483 1026 37 48 2)
550 1029 196 48 angående
775 1029 110 38 bland
916 1039 115 30 annat
1058 1034 292 50 byggnadernas
1379 1034 486 61 brandförsäkringsvärde.

524 1078 73 37 Det
626 1079 189 39 förefaller
842 1083 195 50 utskottet,
1067 1099 77 24 som
1175 1101 60 23 om
1266 1089 152 38 därmed
1449 1104 91 24 vore
1568 1093 218 50 tillräckligt
1805 1096 93 48 sörjt
1917 1097 70 47 för,

396 1133 53 31 att
489 1131 516 52 taxeringsmyndigheterna
1043 1140 60 34 må
1138 1139 128 37 kunna
1294 1140 62 37 vid
1387 1141 125 38 behov
1540 1144 115 36 vinna
1682 1145 213 38 kännedom
1925 1161 60 24 om

393 1179 492 54 brandförsäkringsvärdet
926 1192 96 32 även
1058 1191 21 34 å
1106 1189 228 50 byggnader
1374 1193 168 38 hörande
1584 1195 55 37 till
1681 1210 47 23 en
1764 1194 223 58 Jordbruks-

392 1231 192 49 fastighet,
614 1234 69 37 och
712 1241 55 31 att
794 1237 153 47 således,
977 1252 61 23 om
1067 1240 69 37 ock
1164 1242 12 35 i
1205 1255 123 24 annan
1356 1245 176 48 ordning,
1561 1248 210 37 motionens
1790 1252 195 47 egentliga

391 1283 99 48 syfte
531 1283 115 38 redan
688 1299 89 24 vore
817 1288 247 49 tillgodosett.
1119 1292 253 39 Motionärens
1414 1296 146 50 förslag
1601 1298 120 38 skulle
1761 1301 223 50 visserligen

390 1334 202 38 härutöver
632 1337 179 38 innebära
848 1341 201 49 möjlighet
1077 1343 55 37 till
1161 1358 46 23 en
1234 1345 77 37 viss
1339 1347 162 37 kontroll
1531 1352 20 33 å
1579 1350 230 49 riktigheten
1837 1367 47 22 av
1911 1354 73 37 den

389 1385 298 52 skattskyldiges
728 1403 96 36 egen
868 1393 164 48 uppgift.
1087 1396 67 35 Att
1182 1397 131 37 enbart
1341 1398 57 37 för
1427 1399 71 37 den
1528 1400 98 38 skull
1653 1403 166 49 pålägga
1845 1404 138 38 brand-

390 1437 467 51 försäkringsanstalterna
894 1457 46 23 en
982 1449 74 32 rätt
1097 1446 192 51 besvärlig
1329 1451 396 51 uppgiftsskyldighet
1766 1455 73 37 kan
1884 1457 98 37 dock

389 1488 81 37 icke
499 1503 88 23 vara
615 1491 166 50 befogat.

515 1593 82 37 Den
640 1595 117 38 andra
784 1597 12 36 i
823 1599 192 37 motionen
1057 1600 158 39 berörda
1244 1603 133 50 frågan
1405 1605 159 50 förelåg,
1595 1610 121 35 såsom
1747 1611 233 37 motionären

386 1642 151 49 erinrat,
566 1650 94 32 även
688 1647 63 37 vid
782 1650 96 36 1913
907 1653 61 35 års
996 1652 166 50 riksdag.
1216 1654 57 37 Då
1300 1656 152 37 väcktes
1480 1658 195 50 nämligen
1702 1661 11 37 i
1739 1662 116 36 andra
1875 1663 104 37 kam-

384 1708 127 24 maren
552 1710 48 23 av
637 1698 88 36 herr
751 1700 179 38 Eriksson
958 1703 12 35 i
999 1702 272 53 Grängesberg
1298 1720 45 23 en
1373 1708 157 49 motion,
1559 1724 45 23 nr
1634 1713 58 46 76,
1721 1713 84 37 med
1834 1714 146 49 förslag

383 1759 60 23 om
486 1748 117 37 sådan
643 1750 164 49 ändring
849 1766 47 23 av
925 1755 271 50 förordningen
1226 1770 58 24 om
1315 1759 463 53 taxeringsmyndigheter
1806 1765 69 37 och
1904 1766 75 37 för-

382 1797 174 39 farandet
585 1800 61 37 vid
675 1803 186 49 taxering,
891 1811 55 31 att
973 1805 144 38 banker
1143 1809 71 36 och
1242 1810 116 37 andra
1386 1814 386 50 sammanslutningar
1798 1817 90 36 eller
1910 1830 66 25 en-

381 1848 122 39 skilda
546 1865 189 36 personer,
779 1867 79 24 som
897 1863 80 31 mot
1012 1862 108 33 ränta
1158 1866 193 44 emottoge
1386 1864 215 49 penningar
1636 1866 55 36 till
1728 1867 247 51 förvaltning,

380 1900 124 38 ålades
533 1909 55 30 att
618 1903 55 37 till
702 1906 417 52 taxeringsmyndighet
1145 1911 124 38 lämna
1297 1914 154 49 uppgift
1478 1918 21 33 å
1528 1915 175 52 beloppet
1732 1932 46 23 av
1797 1920 102 48 varje
1918 1920 58 37 in-

378 1956 159 34 sättares
566 1955 120 37 under
714 1956 224 49 föregående
967 1963 41 33 år
1035 1961 198 50 uppburna
1262 1970 118 32 ränta.

507 2005 424 51 Bevillningsutskottet
976 2012 90 37 fann
1102 2014 59 36 väl
1199 2016 211 38 motionens
1447 2018 101 49 syfte
1584 2020 265 39 beaktansvärt
1886 2037 87 23 men

378 2054 175 40 befarade
593 2058 196 48 praktiska
820 2062 237 49 svårigheter
1088 2078 47 23 av
1162 2078 47 24 en
1237 2070 40 34 så
1307 2069 233 38 omfattande
1568 2069 403 58 uppgiftsskyldighet.

376 2105 212 40 Motionens
612 2110 100 48 syfte
731 2114 121 47 ansåg
878 2115 183 37 utskottet
1087 2116 130 38 kunna
1245 2119 133 49 tjänas,
1407 2125 98 33 även
1533 2135 61 24 om
1623 2124 265 50 skyldigheten
1916 2127 56 36 in-

376 2157 200 40 skränktes
604 2161 57 36 till
689 2175 102 24 mera
817 2164 260 52 yrkesmässig
1103 2168 174 51 inlåning
1304 2172 68 36 och
1397 2173 155 48 gjordes
1573 2174 184 40 beroende
1775 2180 49 46 på
1842 2177 130 38 veder-

378 2208 122 51 börlig
528 2213 209 49 anmaning
764 2214 11 36 i
804 2215 61 38 det
892 2218 185 37 särskilda
1106 2219 116 38 fallet.
