1890 2838
99 1284 129 26 Utskottet.

278 125 40 30 16
680 134 382 33 Jordbruksutskottets
1087 137 176 32 utlåtande
1287 140 49 30 Nr
1356 141 48 30 32.

634 221 48 27 att
710 218 184 37 riksdagen
921 220 58 31 må
1010 221 10 29 i
1050 222 186 37 anledning
1264 233 42 20 av
1335 224 218 31 motionerna
1582 226 26 29 I:
1624 227 62 29 224
1716 228 66 30 och

589 267 44 29 II:
648 268 61 29 337
730 269 167 37 medgiva,
918 273 49 27 att
987 272 125 29 räntan
1132 271 20 31 å
1171 272 57 31 lån
1250 272 78 31 från
1348 277 127 27 statens
1495 275 288 32 kalkbrukslåne-

587 317 84 31 fond
693 318 59 31 må
775 320 110 30 under
906 321 202 36 budgetåret
1133 323 140 36 1939/40
1297 324 80 36 utgå
1399 325 87 30 efter
1511 326 49 30 3.5
1584 331 151 31 procent.

327 431 86 40 13:0)
462 433 234 32 Jordbrukets
720 436 324 34 maskinlånefond.
1091 440 117 30 Under
1233 442 114 35 punkt
1375 442 37 30 15
1438 443 65 30 har
1529 443 123 37 Kungl.
1680 444 102 36 Maj:t

279 482 176 38 föreslagit
497 485 184 37 riksdagen
724 491 50 27 att
818 489 50 29 till
899 488 227 33 Jordbrukets
1157 492 306 32 maskinlånefond
1494 494 56 30 för
1581 491 202 45 budgetåret

283 528 137 41 1939/40
446 535 121 31 anvisa
592 539 46 27 ett
663 538 350 38 reservationsanslag
1040 550 41 20 av
1109 542 172 36 1,200,000
1306 544 137 29 kronor.

324 583 64 30 Vid
412 585 83 30 1938
517 584 55 32 års
593 586 139 37 riksdag
751 588 127 32 beslöts
904 585 111 41 (prop.
1038 600 41 21 nr
1102 592 75 35 217;
1203 592 37 30 R.
1264 593 68 32 skr.
1354 603 41 20 nr
1418 591 75 40 275)
1521 594 197 32 inrättande
1739 605 43 22 av

276 632 222 36 jordbrukets
524 636 315 38 maskinlånefond,
864 640 155 30 varifrån
1044 640 57 31 lån
1126 642 57 31 må
1209 642 148 32 tilldelas
1383 644 398 38 hushållningssällskap

278 682 56 30 för
354 684 227 32 utlämnande
601 686 51 30 till
672 688 137 30 enskild
831 698 123 26 person
978 691 83 30 eller
1082 693 313 37 sammanslutning
1416 704 42 21 av
1481 695 58 30 lån
1562 695 56 31 för
1639 697 142 30 anskaf-

277 732 106 31 fande
407 743 41 21 av
471 734 340 40 jordbruksmaskin,
837 748 74 21 som
937 750 98 21 avses
1059 742 97 30 skola
1181 743 179 31 användas
1386 749 215 32 gemensamt
1625 756 42 21 av
1692 747 89 31 flera

275 782 241 36 jordbrukare.

322 832 48 32 De
394 834 161 32 närmare
578 836 267 39 bestämmelser,
870 839 93 32 vilka
988 841 130 36 reglera
1142 842 202 38 utlåningen
1367 844 78 31 från
1470 845 141 37 fonden,
1638 846 141 31 återfin-

276 892 62 21 nas
359 884 11 29 i
391 884 229 37 kungörelsen
642 887 66 31 den
733 889 38 29 17
792 888 75 36 juni
892 891 82 29 1938
1001 887 56 40 (nr
1077 890 74 39 401)
1178 893 179 36 angående
1377 894 57 31 lån
1455 895 80 31 från
1556 896 223 36 jordbrukets

275 934 315 32 maskinlånefond.
636 937 120 31 Såsom
779 939 130 36 kapital
932 940 57 31 för
1012 941 129 31 fonden
1165 943 66 31 har
1254 943 57 31 för
1331 945 202 36 budgetåret
1559 942 137 41 1938,39
1719 957 60 21 an-

275 983 104 31 visats
401 987 46 28 ett
469 987 352 38 reservationsanslag
841 999 41 20 av
906 991 172 36 1,000,000
1100 993 138 33 kronor.

320 1033 120 37 Kungl.
459 1035 120 36 Maj:ts
597 1036 256 39 framställning
870 1049 98 21 avser
985 1044 50 27 att
1053 1041 115 32 såsom
1184 1044 342 40 kapitalinvestering
1544 1046 11 30 i
1574 1047 130 31 fonden
1722 1048 57 30 för

274 1083 99 31 nästa
396 1084 169 37 budgetår
587 1088 137 30 anvisas
748 1092 48 27 ett
817 1089 124 37 belopp
963 1100 43 21 av
1034 1092 169 36 1,200,000
1225 1094 140 31 kronor.

318 1128 26 35 Å
368 1134 258 38 driftbudgeten
648 1138 64 30 har
736 1138 123 37 Kungl.
886 1139 101 37 Maj:t
1012 1141 185 38 föreslagit,
1222 1146 51 28 att
1295 1144 51 30 till
1371 1146 223 38 avskrivning
1619 1157 42 21 av
1687 1149 90 30 före-

273 1184 151 31 varande
448 1186 343 39 kapitalinvestering
814 1189 56 31 må
892 1191 139 31 anvisas
1057 1192 139 36 210,000
1220 1194 139 31 kronor.

320 1274 52 32 Då
403 1276 230 33 förevarande
663 1279 257 39 framställning
952 1283 77 30 icke
1062 1283 162 32 föranlett
1259 1286 113 37 någon
1405 1289 185 31 utskottets
1623 1290 151 37 erinran,

272 1326 197 31 hemställer
489 1329 175 35 utskottet,

623 1407 48 28 att
698 1405 185 37 riksdagen
909 1407 58 31 må
993 1408 51 30 till
1070 1409 230 32 Jordbrukets
1326 1413 306 38 maskinlånefond
1658 1415 115 31 såsom

580 1456 341 39 kapitalinvestering
952 1459 12 30 i
994 1459 130 31 fonden
1156 1461 56 30 för
1244 1462 201 37 budgetåret
1482 1460 139 42 1939/40
1653 1467 122 31 anvisa

579 1508 46 27 ett
646 1508 349 37 reservationsanslag
1019 1519 42 20 av
1088 1511 171 35 1,200,000
1283 1513 138 31 kronor.

318 1619 86 40 16:0)
462 1622 523 38 Spannmålslagerhusfonden.
1040 1628 118 30 Under
1191 1630 115 35 punkt
1341 1631 38 29 16
1411 1632 65 29 har
1511 1632 123 37 Kungl.
1670 1633 102 36 Maj:t

268 1671 176 38 föreslagit
463 1674 185 37 riksdagen
667 1679 49 27 att
737 1676 52 30 till
810 1676 504 39 Spannmålslagerhusfonden
1334 1681 54 31 för
1406 1683 203 36 budgetåret
1633 1680 140 41 1939/40

269 1722 120 31 anvisa
410 1726 46 28 ett
480 1725 351 38 reservationsanslag
853 1737 42 21 av
919 1729 172 36 1,000,000
1112 1731 139 30 kronor.

314 1772 13 29 I
354 1773 170 31 samband
550 1775 144 31 härmed
720 1777 67 29 har
813 1778 164 31 utskottet
1003 1779 51 30 till
1078 1780 213 37 behandling
1318 1782 152 31 förehaft
1494 1784 157 36 följande
1677 1785 94 31 inom

268 1823 183 36 riksdagen
474 1824 134 36 väckta,
632 1826 50 29 till
706 1827 167 31 utskottet
895 1829 191 31 hänvisade
1109 1831 181 36 motioner,
1313 1833 172 36 nämligen

317 1870 27 39 1)
386 1874 105 30 1:102
518 1884 43 21 av
586 1876 79 29 herr
689 1876 270 32 Mannerskantz
984 1889 45 22 m.
1058 1880 36 36 fl.
1120 1881 224 36 likalydande
1368 1884 79 30 med
1472 1884 43 30 II:
1535 1886 61 30 168
1622 1896 42 20 av
1691 1887 80 30 herr

269 1922 165 38 Liedberg
452 1934 44 20 m.
516 1924 50 38 fl.,
584 1926 72 30 vari
675 1927 203 37 hemställts,
897 1931 49 28 att
965 1929 195 32 räntefoten
1180 1931 57 30 för
1256 1932 57 31 lån
1333 1943 42 21 ur
1391 1934 107 31 bland
1517 1939 107 27 annat
1643 1946 127 26 spann-

267 1972 382 38 målslagerhusfonden
678 1977 227 35 provisoriskt
936 1979 125 31 sänkes
1092 1981 110 30 under
1232 1982 202 37 budgetåret
1466 1982 142 34 1939/40
1639 1986 51 30 till
1722 1988 49 29 3.5

267 2027 151 33 procent,
448 2028 91 27 samt
567 2029 49 27 att
641 2026 185 37 riksdagen
854 2028 54 30 för
934 2029 173 31 täckande
1134 2040 42 21 av
1204 2032 162 32 minskad
1395 2034 252 32 ränteinkomst
1674 2036 58 31 för
1759 2037 10 30 i

265 2074 217 32 motionerna
505 2076 148 36 angivna
676 2077 127 31 fonder
824 2078 104 31 måtte
952 2080 121 31 anvisa
1096 2084 46 27 ett
1166 2081 270 39 förslagsanslag
1460 2094 42 21 av
1530 2086 137 36 125,000
1689 2088 79 29 kro-

266 2133 77 26 nor;

312 2175 29 36 2)
372 2175 26 30 I:
415 2176 61 30 224
503 2186 43 21 av
571 2178 80 29 herr
676 2177 150 39 Nilsson,
854 2179 94 38 Bror,
974 2190 45 24 m,
1048 2181 36 36 fl.
1114 2181 223 37 likalydande
1364 2185 78 30 med
1470 2185 43 30 II:
1530 2187 63 30 337
1620 2197 42 20 av
1688 2188 81 30 herr

268 2224 107 37 Onsjö
400 2235 43 21 m.
467 2226 49 37 fl.,
540 2227 73 30 vari
637 2228 203 37 hemställts,
864 2233 48 27 att
936 2230 184 38 riksdagen
1143 2232 107 31 måtte
1274 2234 142 37 besluta,
1441 2239 49 27 att
1512 2236 255 38 utlåningsrän-

264 2278 60 27 tan
342 2275 20 31 å
379 2276 221 35 jordbrukets
619 2279 253 31 räntebärande
889 2279 205 33 lånefonder
1110 2281 79 31 från
1207 2284 67 29 och
1291 2285 78 30 med
1386 2286 99 30 nästa
1504 2287 168 36 budgetår
1689 2289 78 30 sän-

265 2326 60 29 kes
344 2326 51 29 till
416 2327 48 30 3.5
484 2331 152 32 procent.

307 2375 225 32 Beträffande
555 2378 42 29 de
620 2378 83 35 skäl,
727 2388 76 20 som
825 2378 181 38 åberopats
1030 2381 50 31 till
1104 2383 74 29 stöd
1201 2382 55 30 för
1279 2384 225 37 motionerna,
1529 2388 162 30 hänvisas
1714 2389 51 30 till

264 2427 109 30 dessa.
