2232 2634
453 184 39 32 16
905 182 233 43 Lagutskottets
1166 183 172 32 Utlåtande
1362 184 60 30 N:o
1446 185 45 30 41.

404 261 269 51 justitieråden
702 261 189 49 afstyrkte
919 262 79 36 helt
1026 262 70 36 och
1124 261 132 42 hållet,
1285 266 55 31 att
1369 261 330 49 komitéförslaget
1719 261 123 37 skulle
1862 262 136 49 läggas

410 315 60 36 till
498 314 124 49 grund
652 313 57 36 för
737 316 127 45 någon
892 313 238 49 proposition
1159 313 58 36 till
1245 313 219 48 Riksdagen
1490 335 51 4 —
1569 315 128 47 något,
1714 326 80 23 som
1816 314 34 48 ej
1868 314 132 47 heller,

410 366 42 37 af
477 365 210 48 anledning
714 365 238 36 motionären
981 369 208 42 omnämnt,
1219 364 82 37 blef
1324 365 106 36 fallet
1457 387 37 4 -—
1510 380 7 31 ;
1535 378 86 23 men
1640 365 112 36 dessa
1767 365 236 49 omständig-

410 418 119 47 heter,
558 418 98 36 huru
686 416 308 37 beaktansvärda
1023 417 45 36 de
1093 421 48 32 än
1163 422 76 42 äro,
1261 417 129 35 kunna
1410 416 33 49 ej
1460 417 183 36 tillmätas
1659 418 115 35 sådan
1791 417 211 49 betydelse,

411 475 56 31 att
494 469 12 36 i
533 469 95 48 följd
656 468 112 37 deraf
791 468 203 49 lösningen
1025 469 40 36 af
1090 469 72 36 den
1192 468 118 49 fråga,
1332 468 220 49 Riksdagen
1574 469 58 36 för
1653 469 207 48 utredning
1879 468 122 38 öfver-

408 521 144 37 lemnat
581 520 56 36 till
667 520 138 48 Kongl.
835 520 119 49 Maj:t,
984 524 118 32 måste
1124 520 194 36 betraktas
1339 533 92 23 vara
1451 520 56 36 för
1527 520 133 49 längre
1680 521 153 36 framtid
1856 520 146 37 undan-

411 574 165 47 skjuten.
632 572 188 36 Behofvet
861 572 43 36 af
932 585 48 23 en
1008 572 117 36 sådan
1155 572 154 49 lösning
1337 577 72 44 gör
1438 572 61 48 sig
1527 572 116 37 också
1672 572 66 36 allt
1766 572 236 37 fortfarande

411 625 72 36 och
511 625 57 36 för
596 624 134 48 hvarje
758 626 40 34 år
825 624 12 36 i
866 623 158 37 förökad
1053 623 95 48 grad
1177 623 189 49 gällande,
1397 623 67 36 allt
1484 623 181 37 eftersom
1686 624 73 36 den
1779 624 222 37 nuvarande

410 675 320 50 lagstiftningens
758 675 140 37 brister
926 675 11 37 i
966 675 202 49 praktiken
1197 675 120 37 oftare
1347 675 72 37 och
1448 675 181 49 skarpare
1658 676 218 38 framträda.

541 728 111 36 Hvad
695 730 118 46 angår
856 732 118 32 sättet
1015 727 57 36 för
1105 728 155 48 frågans
1288 727 169 48 lösning,
1486 732 40 31 är
1553 727 190 37 utskottet
1771 728 231 48 visserligen

411 780 43 36 af
494 780 73 36 den
608 779 154 46 tanken,
805 784 56 31 att
903 779 64 36 det
1009 779 33 48 ej
1085 778 69 37 bör
1194 779 245 48 ifrågasättas
1480 776 56 39 att
1576 783 253 45 återupptaga
1872 780 131 36 ofvan-

411 831 159 37 berörda
610 831 304 48 komitéförslag,
956 831 46 36 då
1031 836 78 31 mot
1138 830 210 37 detsamma
1377 831 11 35 i
1417 831 216 49 väsentliga
1662 831 103 37 delar
1792 832 211 36 framstälts

412 883 261 49 välgrundade
716 882 315 49 anmärkningar;
1070 895 84 23 men
1184 882 189 37 utskottet
1403 882 66 36 vill
1497 883 96 36 dock
1624 883 119 36 uttala
1772 883 58 36 sin
1860 883 143 37 anslut-

410 935 96 49 ning
545 934 57 37 till
645 934 134 49 sjelfva
819 934 290 37 hufvudtanken
1151 934 13 36 i
1207 934 341 49 komitéförslaget,
1591 940 57 31 att
1688 935 158 49 utvidga
1888 941 114 30 tomt-

413 1000 136 36 egares
578 986 223 50 skyldighet
830 992 55 30 att
915 985 157 50 bidraga
1100 985 59 37 till
1186 985 310 49 gatureglerings
1516 986 312 48 genomförande.
1876 981 126 43 Åfven

413 1052 59 24 om
516 1038 185 49 förslaget
744 1038 10 35 i
796 1038 106 36 detta
930 1038 218 36 hänseende
1178 1040 59 33 må
1265 1050 112 23 anses
1407 1037 113 36 hafva
1548 1040 84 45 gått
1660 1038 57 36 för
1745 1038 120 49 långt,
1894 1039 108 36 torde

412 1090 98 38 dock
539 1093 57 34 stå
621 1091 87 47 fast,
730 1095 55 31 att
803 1089 230 49 lagändring
1052 1089 12 35 i
1084 1089 117 36 sådan
1222 1088 187 50 rigtning,
1430 1102 81 23 som
1528 1089 330 50 komitéförslaget
1874 1091 127 48 angaf,

413 1145 121 34 måste
575 1142 179 48 vidtagas
795 1141 58 36 för
895 1140 315 49 undanrödjande
1252 1140 41 36 af
1316 1141 47 35 de
1393 1140 86 36 med
1506 1141 221 36 nuvarande
1755 1142 249 48 lagstiftning

414 1194 178 37 förenade
635 1192 260 50 olägenheter.
951 1191 156 37 Ganska
1150 1192 154 48 mycket
1333 1192 124 36 skulle
1485 1205 89 23 vara
1604 1199 143 30 vunnet
1775 1194 117 36 redan
1921 1195 82 36 der-

414 1246 165 49 igenom,
615 1251 57 31 att
699 1246 13 35 i
750 1243 599 50 expropriations-förordningen
1379 1244 152 48 intoges
1561 1244 268 38 bestämmelse
1860 1246 141 48 derom,

413 1303 68 42 att,
511 1297 46 36 då
585 1297 61 36 del
675 1297 41 36 af
731 1302 97 31 tomt
853 1296 58 36 för
931 1295 310 50 gatureglerings
1261 1295 302 49 genomförande
1585 1299 121 34 måste
1723 1298 279 49 exproprieras,

413 1350 151 48 hänsyn
605 1349 105 48 finge
753 1348 63 36 vid
857 1347 288 48 ersättningens
1188 1347 286 37 bestämmande
1515 1354 112 42 tagas
1668 1349 56 36 till
1767 1350 73 36 den
1870 1349 132 46 fördel,

413 1407 242 42 tomtegaren
698 1400 97 36 hade
836 1404 58 31 att
936 1399 42 37 af
1000 1399 248 48 regleringen
1276 1400 182 48 påräkna,
1488 1406 97 30 samt
1614 1413 142 35 genom
1786 1401 218 48 stadgande

415 1466 61 23 om
517 1452 187 49 rättighet
745 1451 57 37 för
835 1451 232 37 kommunen
1092 1456 56 31 att
1176 1451 64 37 vid
1268 1451 284 49 expropriation
1581 1451 59 37 för
1668 1453 337 49 gaturegleringar

415 1505 126 36 lemna
581 1503 286 37 vederbörande
909 1508 212 43 tomtegare
1146 1503 12 36 i
1187 1503 181 49 vederlag
1397 1503 79 48 jord
1504 1503 102 37 inom
1637 1504 63 37 det
1728 1506 165 48 område,
1923 1518 80 24 som

415 1557 41 36 af
482 1555 341 50 gaturegleringen
849 1555 167 37 beröres.

543 1608 165 48 Frågan,
737 1607 95 36 huru
861 1607 109 48 långt
998 1619 87 24 man
1114 1606 229 37 härutinnan
1373 1606 208 49 lämpligen
1603 1607 68 36 bör
1690 1610 61 46 gå,
1772 1609 71 36 och
1864 1622 139 35 genom

414 1660 131 36 hvilka
572 1658 289 38 bestämmelser
890 1659 12 35 i
931 1658 116 48 öfrigt
1066 1658 45 37 de
1133 1657 300 49 hufvudsakliga
1454 1659 189 36 bristerna
1663 1659 10 36 i
1694 1660 72 36 den
1783 1660 221 37 nuvarande

414 1711 298 50 lagstiftningen
742 1714 60 33 må
831 1711 130 36 kunna
989 1710 270 49 undanrödjas,
1288 1715 42 31 är
1357 1710 210 37 emellertid
1596 1711 42 36 af
1662 1712 73 36 den
1759 1712 245 49 omfattning,

415 1769 57 31 att
514 1763 189 36 utskottet
744 1775 111 23 anser
898 1762 171 36 hvarken
1112 1762 177 49 lämpligt
1330 1762 94 36 eller
1467 1763 149 48 möjligt
1657 1769 56 30 att
1741 1764 58 36 för
1826 1764 64 37 det
1921 1769 83 32 när-

415 1815 167 37 varande
624 1815 93 48 ingå
756 1814 12 36 1
801 1819 175 31 närmare
1020 1813 239 37 bedömande
1300 1813 42 37 af
1379 1814 89 36 dess
1497 1814 186 37 särskilda
1712 1814 170 50 detaljer,
1913 1822 90 30 utan

415 1867 109 36 torde
565 1866 218 37 ändamålet
823 1866 88 36 bäst
952 1866 154 48 främjas
1134 1879 135 30 genom
1298 1871 67 42 att,
1396 1871 89 31 utan
1515 1869 47 45 på
1591 1866 161 37 förhand
1781 1868 132 47 gifven
1942 1868 63 36 be-

414 1918 226 50 gränsning,
685 1918 234 37 öfverlemna
960 1917 133 49 frågan
1135 1918 13 35 i
1190 1918 87 36 dess
1320 1918 131 36 helhet
1491 1918 56 35 till
1589 1918 140 49 Kongl.
1770 1919 128 49 Maj:ts
1927 1933 76 23 om-

415 1970 193 50 pröfning.

543 2022 200 38 Utskottet
770 2021 210 37 föranlåtes
1009 2021 110 36 alltså
1147 2021 212 48 hemställa,

944 2129 56 31 att
1027 2123 236 49 Riksdagen,
1291 2124 12 36 i
1332 2124 209 49 anledning
1568 2125 42 36 af
1633 2125 133 48 grefve
1785 2126 220 37 Hamiltons

814 2176 253 37 förevarande
1109 2176 156 48 motion,
1308 2176 90 37 ville
1439 2177 11 36 i
1492 2176 202 38 skrifvelse
1736 2179 162 47 anhålla,
1942 2179 64 36 det

813 2227 144 49 Kongl.
986 2227 106 50 Maj:t
1119 2228 151 36 täcktes
1299 2228 77 37 låta
1405 2228 172 37 utarbeta
1605 2229 71 37 och
1705 2229 56 37 för
1780 2230 223 49 Riksdagen

813 2279 215 49 framlägga
1069 2280 145 49 förslag
1255 2279 55 37 till
1340 2280 356 49 lagbestämmelser
1723 2282 58 37 för
1809 2282 196 37 ordnande
