1926 2830
590 191 102 28 Andra
718 190 199 33 lagutskottels
942 188 149 28 utlåtande
1115 187 42 27 Nr
1186 189 44 25 15.
1603 181 18 29 3

196 275 67 32 För
298 275 113 31 blinda
447 273 73 32 med
555 273 221 41 komplicerat
803 271 73 42 lyte
900 270 106 31 finnes
1030 279 38 20 en
1093 267 146 32 särskild
1263 269 128 29 statens
1414 266 215 32 vårdanstalt
1651 265 12 32 i

154 325 109 32 Lund.
309 324 123 41 Enligt
466 324 59 41 lag
561 335 51 19 om
648 322 205 42 skyldighet
886 321 50 30 för
961 318 329 41 landstingsområde
1313 318 57 31 och
1397 318 85 37 stad,
1506 328 67 20 som
1599 317 28 41 ej
1653 317 11 31 i

152 375 173 41 landsting
363 374 160 41 deltager,
560 376 51 28 att
635 372 142 41 bidraga
799 371 55 31 till
878 370 185 31 kostnaden
1088 369 52 31 för
1163 367 82 32 vård
1269 379 41 20 av
1335 368 118 31 blinda
1477 368 71 30 med
1574 367 90 31 kom-

151 426 142 42 plicerat
316 425 71 42 lyte
411 425 62 30 den
498 426 15 28 7
535 423 68 42 juli
630 424 77 29 1921
732 421 93 42 gälla
844 420 204 32 beträffande
1065 418 226 32 kostnaderna
1307 419 51 30 för
1375 419 19 30 å
1411 418 108 31 denna
1536 417 129 31 anstalt

154 477 142 39 intagna
319 475 116 30 blinda
458 472 175 33 enahanda
657 473 109 39 regler
789 483 69 20 som
883 470 209 31 beträffande
1120 468 227 32 kostnaderna
1363 469 51 30 för
1432 468 116 31 blinda
1564 468 100 30 barns

153 525 249 39 undervisning
425 524 59 30 vid
508 525 130 29 statens
661 521 247 32 läroanstalter.

195 573 115 33 Sedan
336 575 78 30 1915
438 573 106 31 finnes
568 572 168 40 därjämte
759 570 58 32 vid
841 570 56 31 det
921 581 23 20 s.
970 570 30 30 k.
1019 568 244 32 blindhemmet
1280 569 11 30 i
1307 567 233 43 Nynäshamn,
1561 567 104 31 vilket

154 626 70 30 står
257 624 106 31 under
397 623 231 31 direktionens
662 623 52 29 för
748 620 270 32 blindinstitutet
1052 624 18 26 å
1104 618 206 31 Tomteboda
1344 618 238 31 överinseende
1605 616 59 32 och

158 674 216 32 underhålles
408 673 74 31 med
506 673 94 31 detta
624 672 159 31 instituts
807 669 198 38 fondmedel,
1030 680 40 20 en
1094 668 148 32 särskild
1267 668 184 41 avdelning
1473 668 52 31 för
1549 667 116 31 blinda

154 726 94 37 barn,
283 725 95 31 vilka
413 729 93 26 ännu
534 723 28 42 ej
588 723 146 42 uppnått
757 721 200 32 skolåldern.
1003 720 118 31 Denna
1145 719 184 41 avdelning
1352 730 61 21 var
1436 719 58 31 vid
1517 719 52 32 sin
1592 717 71 33 till-

155 776 111 32 komst
301 775 124 32 avsedd
459 775 52 30 för
544 776 38 29 10
605 774 81 31 barn
711 772 59 32 och
794 772 66 31 kan
884 773 152 39 mottaga
1059 770 101 42 högst
1184 771 46 30 15.
1277 771 145 31 Antalet
1444 771 44 41 på
1511 782 38 20 en
1574 772 91 41 gång

157 827 142 40 intagna
323 825 81 31 barn
432 824 61 31 har
516 822 185 34 emellertid
727 822 111 41 aldrig
861 822 178 40 överstigit
1061 822 29 30 8.
1134 820 352 32 Genomsnittssiffran
1511 822 51 30 för
1584 822 80 31 åren

157 876 207 31 1915—1920
388 885 61 21 var
472 875 59 38 5,5.
577 873 124 41 Enligt
726 873 80 31 1910
830 873 53 29 års
907 870 221 42 folkräkning
1152 870 110 32 skulle
1286 871 129 31 antalet
1440 871 115 31 blinda
1577 872 85 31 barn

155 926 11 31 i
201 925 115 32 åldern
351 926 80 30 0—7
458 925 37 30 år
518 925 51 30 för
594 924 75 31 hela
690 922 116 32 landet
828 924 122 38 utgöra
974 921 88 31 blott
1083 921 49 31 40.
1178 913 98 39 Även
1300 932 51 20 om
1375 922 110 31 denna
1509 922 94 31 siffra
1627 927 38 26 är

154 977 51 31 för
228 977 68 40 låg,
320 986 99 31 synes
443 974 83 32 dock
549 974 120 31 tidtals
694 984 39 20 en
751 972 28 42 ej
798 973 99 40 ringa
912 974 136 40 procent
1064 983 40 20 av
1122 972 131 31 landets
1270 971 117 32 blinda
1402 972 83 31 barn
1501 973 163 31 nedanom

156 1025 195 33 skolåldern
374 1026 90 31 hava
486 1024 143 42 intagits
654 1025 27 43 å
697 1024 107 31 denna
827 1022 192 41 avdelning,
1042 1022 234 42 synnerligast
1292 1033 68 20 som
1379 1022 172 42 egentliga
1566 1023 95 42 späd-

156 1078 84 31 barn
265 1077 59 31 där
347 1075 73 33 icke
443 1078 178 38 mottagas.
668 1065 222 50 Årsavgiften
914 1076 102 38 utgör
1038 1073 61 31 400
1122 1072 129 32 kronor.

198 1136 18 31 I
251 1136 56 31 det
340 1146 42 21 av
405 1135 41 32 de
469 1146 24 20 s.
519 1134 30 31 k.
574 1132 417 41 blindvårdssakkunniga
1013 1131 64 32 den
1102 1132 38 31 10
1164 1132 88 41 april
1276 1133 80 30 1922
1380 1133 147 40 avgivna
1550 1133 115 31 betän-
1690 1135 57 27 Till
1764 1133 101 39 grund

157 1186 110 33 kande
290 1186 74 31 med
386 1186 181 40 utredning
591 1184 59 32 och
673 1184 130 40 förslag
826 1182 169 42 angående
1018 1182 127 32 vården
1169 1193 41 20 av
1234 1182 116 32 blinda
1370 1183 154 32 anfördes
1541 1184 10 31 i
1569 1184 98 41 fråga
1692 1170 97 60 föobn
1811 1176 66 59 lig:

156 1249 53 20 om
232 1238 84 31 barn
339 1237 68 31 före
431 1235 192 32 skolåldern
648 1234 42 31 bl.
717 1233 63 33 a.:'
1676 1236 91 36 gande
1778 1235 98 35 fram-

427 1296 5 5 s
522 1295 5 5 s
844 1294 37 8 21:
1042 1297 12 5 -
1315 1293 8 9 3
1526 1294 5 5 5
1723 1270 67 26 ällni
1861 1278 5 5 H

199 1297 67 31 Det
289 1296 113 31 kunde
425 1295 71 31 icke
519 1295 222 40 ifrågasättas
765 1296 51 28 att
839 1293 124 41 ålägga
986 1292 169 31 föräldrar
1178 1292 82 31 eller
1277 1293 163 31 målsmän
1458 1296 50 29 att
1523 1294 144 31 insända
1688 1271 69 60 I

158 1337 228 42 minderåriga
409 1337 117 32 blinda
549 1337 82 31 barn
655 1335 59 32 till
739 1335 135 38 anstalt,
899 1335 36 31 så
957 1334 105 31 framt
1085 1334 28 42 ej
1139 1334 173 42 uppenbar
1335 1335 151 31 vanvård
1507 1336 159 42 förelåge.
1695 1338 89 27 rande
1802 1338 55 33 ytt-

158 1380 17 31 I
208 1380 94 31 detta
327 1380 63 31 fall
414 1379 86 41 ägde
523 1378 190 42 respektive
736 1376 375 32 barnavårdsnämnder
1134 1379 54 28 att
1210 1376 145 42 ingripa,
1379 1378 121 30 varvid
1524 1378 39 31 de
1585 1378 87 36 hade
1738 1371 87 27 ande

158 1424 52 30 att
246 1421 107 42 tillgå
391 1424 147 37 utvägen
572 1422 53 29 att
659 1419 106 32 sända
799 1420 56 31 det
888 1418 280 32 vårdbehövande
1191 1419 119 31 barnet
1333 1419 55 31 till
1413 1418 254 43 Nynäsbamns-

157 1464 157 32 hemmet.
360 1463 80 32 Ofta
474 1463 108 31 hände
616 1462 64 38 det,
715 1462 53 31 att
791 1461 61 32 den
876 1459 428 44 uppfostringsmöjlighet,
1334 1461 108 31 denna
1465 1463 130 30 anstalt
1618 1474 48 23 er-

158 1506 105 43 bjöde,
299 1506 28 42 ej
364 1505 176 38 anlitades,
579 1504 109 32 ehuru
720 1504 119 31 barnet
872 1503 58 31 väl
964 1503 112 31 skulle
1099 1502 129 32 behöva
1251 1504 52 30 att
1326 1504 34 30 få
1385 1503 109 33 bättre
1517 1505 84 31 vård
1625 1513 42 27 än

156 1549 144 32 hemmet
323 1548 96 42 gåve.
465 1547 55 32 Då
543 1547 184 32 kostnaden
752 1546 167 32 måhända
946 1545 116 31 ibland
1086 1545 113 31 kunde
1223 1545 103 32 verka
1351 1545 249 33 avskräckande
1648 1552 20 30 på

156 1590 212 38 kommunen,
402 1601 80 21 vore
515 1590 57 31 det
606 1588 189 32 emellertid
829 1589 51 30 för
913 1588 97 31 dessa
1043 1588 82 31 barn
1149 1587 160 40 önskligt,
1334 1591 52 28 att
1408 1590 41 29 40
1472 1591 18 37 8
1513 1589 10 30 i
1547 1589 119 45 fattig-

156 1633 204 41 vårdslagen
391 1632 163 41 vidgades
589 1633 51 29 att
662 1631 147 31 omfatta
832 1635 83 27 även
940 1629 125 39 blinda,
1090 1629 59 33 och
1174 1632 53 29 att
1249 1629 417 43 Nynäshamnsanstalten

156 1675 97 32 bleve
288 1686 41 20 av
363 1674 191 41 Konungen
581 1673 158 41 godkänd
763 1674 107 30 såsom
894 1672 159 32 likställd
1076 1672 72 32 med
1174 1672 38 31 de
1236 1672 61 32 där
1319 1674 199 31 omnämnda
1541 1677 125 31 anstal-

155 1721 59 35 ter,
239 1717 95 32 vilka
358 1717 129 42 åtnjöte
510 1715 215 42 statsbidrag.

197 1784 51 32 De
272 1784 235 41 sakkunnigas
532 1783 213 32 betänkande
771 1783 62 31 har
855 1787 88 27 ännu
960 1782 71 32 icke
1048 1782 161 32 föranlett
1225 1784 259 40 genomförande
1500 1796 42 21 av
1558 1787 109 40 några

156 1835 159 42 åtgärder
338 1834 74 32 från
437 1834 285 32 statsmakternas
745 1833 83 32 sida.

198 1885 205 32 Emellertid
426 1885 64 31 har
514 1884 210 32 direktionen
751 1884 53 32 för
827 1883 275 33 blindinstitutet
1130 1885 7 30 å
1160 1883 205 34 Tomteboda
1387 1885 12 31 i
1423 1885 163 33 skrivelse
1609 1886 57 32 till

156 1936 129 42 Kungl.
320 1936 99 43 Maj:t
455 1936 63 31 den
554 1937 39 30 14
626 1935 169 32 december
828 1936 81 31 1923
931 1935 162 42 upptagit
1116 1935 40 32 de
1180 1935 233 43 sakkunnigas
1437 1937 127 42 förslag
1587 1938 12 30 i
1622 1949 45 20 nu

155 1987 222 32 förevarande
401 1987 164 32 avseende
588 1988 89 30 samt
700 1986 57 32 till
778 1986 76 32 stöd
870 1986 51 32 för
937 1986 189 31 detsamma
1143 1986 121 39 anfört,
1282 1989 53 29 att
1351 1987 182 42 åtskilliga
1549 1988 118 32 blinda

156 2038 93 40 barn
273 2037 249 42 otvivelaktigt
545 2037 134 38 funnes,
703 2036 95 32 vilka
821 2047 78 21 vore
922 2037 11 31 i
956 2039 87 29 stort
1066 2037 108 31 behov
1198 2048 42 20 av
1264 2037 82 32 vård
1370 2038 19 31 å
1412 2038 253 42 Nynäshamns-

156 2088 153 38 hemmet,
334 2091 50 28 att
401 2087 187 32 emellertid
604 2087 272 32 vårdkostnaden
893 2088 19 30 å
928 2087 146 32 hemmet
1089 2087 200 32 avskräckte
1305 2088 246 32 vederbörande
1568 2090 98 31 måls-

155 2143 77 27 män
266 2139 59 32 och
360 2144 85 26 även
480 2138 161 42 fattigare
665 2138 196 31 kommuner
884 2138 75 31 från
983 2137 75 32 dess
1081 2138 181 39 anlitande,
1287 2142 88 28 samt
1398 2141 54 30 att
1475 2141 92 30 detta
1590 2151 78 21 vore

154 2189 56 32 till
245 2191 89 30 stort
368 2200 74 20 men
476 2188 53 32 för
562 2189 194 42 respektive
785 2189 90 34 barn,
900 2189 11 30 i
935 2189 55 31 det
1013 2190 52 30 att
1088 2189 238 41 försumlighet
1349 2189 59 32 och
1433 2190 152 31 vanvård
1609 2202 57 19 un-

155 2240 58 32 der
248 2240 40 32 de
322 2240 165 42 tidigaste
518 2240 189 31 barnaåren
746 2239 145 33 verkade
915 2239 218 43 synnerligen
1159 2239 199 33 hämmande
1381 2241 44 41 på
1449 2241 59 31 den
1533 2240 134 32 blindes

154 2290 79 32 hela
256 2291 59 31 liv.

197 2341 119 32 Denna
339 2341 256 42 framställning
617 2352 42 21 av
683 2342 213 31 direktionen
920 2342 51 31 för
996 2341 269 32 blindinstitutet
1289 2347 36 26 är
1348 2341 64 40 det,
1430 2353 70 21 som
1516 2346 152 28 närmast

154 2391 163 32 föranlett
340 2392 278 43 framläggandet
641 2403 42 21 av
712 2392 125 42 Kungl.
861 2392 115 43 Maj:ts
1002 2393 263 41 ifrågavarande
1291 2393 219 42 proposition.

198 2442 101 32 Emot
332 2442 63 32 den
424 2443 11 31 i
457 2443 252 43 propositionen
734 2443 192 42 föreslagna
949 2444 247 42 utvidgningen
1222 2455 41 20 av
1286 2444 236 41 landstingens
1545 2445 121 30 ersätt-

156 2492 307 47 ningsskyldighet
492 2494 61 32 har
581 2495 167 41 styrelsen
774 2495 50 32 för
847 2494 159 43 Sveriges
1029 2494 351 43 landstingsförbund,
1405 2495 105 32 under
1533 2495 132 32 hänvis-
