2188 2626
399 221 20 31 2
861 215 352 38 Jordbruksutskottets
1236 218 169 33 utlåtande
1428 218 54 33 Nr
1507 218 51 32 19.

398 303 247 35 mentschefen
660 302 13 35 i
689 302 99 35 detta
804 302 186 43 avseende,
1008 301 111 36 bland
1135 304 122 41 annat,
1275 303 53 34 att
1344 301 69 35 den
1428 300 139 36 tanken
1588 299 212 47 visserligen
1816 299 93 35 hade
1926 299 88 35 före-

397 358 128 34 svävat
544 356 141 44 honom,
708 358 54 32 att
781 355 173 46 förslaget
973 354 197 48 lämpligen
1190 354 117 35 skulle
1327 354 125 35 kunna
1472 353 152 36 omfatta
1645 358 91 30 även
1752 352 188 36 städernas
1956 364 58 23 en-

399 409 120 36 skilda
548 415 119 42 vägar,
700 409 100 36 desto
829 409 114 35 hellre
973 421 73 23 som
1078 408 60 35 det
1168 411 88 32 utan
1285 408 112 36 tvivel
1426 407 125 36 kunde
1578 419 84 24 vara
1682 406 160 47 önskligt
1862 408 53 33 att
1935 405 80 36 icke

397 476 130 34 genom
562 476 44 22 en
634 475 49 34 ny
714 461 231 48 lagstiftning
975 462 150 35 allenast
1154 462 56 35 för
1239 460 252 48 landsbygden
1520 460 192 35 framkalla
1743 472 44 23 en
1817 459 199 36 åtskillnad

397 517 134 36 mellan
561 517 78 35 stad
670 516 65 35 och
764 516 97 44 land,
892 528 76 23 som
1000 536 47 4 —
1078 515 61 35 vid
1169 515 59 35 det
1249 514 236 45 förhållande,
1509 517 51 32 att
1580 514 45 35 då
1645 513 167 47 gällande
1832 513 182 34 allmänna

398 570 225 47 stadganden
664 570 13 34 i
715 571 121 34 ämnet
869 568 12 35 i
909 568 217 47 tillämpliga
1155 568 99 35 delar
1283 568 102 36 torde
1414 573 67 42 äga
1510 567 169 48 giltighet
1705 567 135 48 jämväl
1869 565 12 36 1
1911 566 103 47 fråga

397 636 59 23 om
485 622 165 37 enskilda
680 628 109 42 vägar
818 625 20 32 å
868 623 188 35 städernas
1086 622 169 35 områden
1287 643 49 4 —
1367 620 11 36 i
1408 621 113 49 själva
1552 621 128 36 verket
1700 620 45 35 då
1766 619 80 36 icke
1866 620 146 35 funnes.

398 676 88 37 Men
530 676 44 36 då
617 677 60 35 det
714 676 229 47 tilläventyrs
972 675 124 35 kunde
1126 678 94 33 möta
1250 675 184 47 svårighet
1463 677 54 33 att
1546 674 154 36 inordna
1730 673 188 36 städernas
1948 672 67 36 hit-

398 730 160 36 hörande
587 730 251 35 förhållanden
868 729 116 35 under
1013 741 136 23 samma
1176 729 282 43 bestämmelser,
1480 740 76 24 som
1586 727 198 47 föreslogos
1813 727 56 34 för
1898 727 118 35 lands-

397 784 157 48 bygden,
599 784 92 34 hade
734 782 397 49 departementschefen
1177 784 88 33 trott
1309 782 55 46 sig
1406 781 81 36 icke
1520 782 87 34 böra
1641 780 157 48 fullfölja
1828 793 44 22 en
1903 780 110 35 sådan

397 832 123 57 tanke.
1638 832 5 6 |

508 945 17 35 I
568 944 69 36 den
681 956 42 24 av
762 943 84 36 herr
875 943 224 47 Magnusson
1128 942 11 35 i
1170 942 143 36 Skövde
1343 941 130 37 väckta
1504 940 181 37 motionen
1714 940 209 36 framhålles
1952 953 62 32 nu,

399 998 175 36 hurusom
602 1010 129 35 genom
762 998 60 34 det
851 996 164 48 ständigt
1043 996 213 47 fortgående
1285 994 223 50 beviljandet
1537 1007 45 24 av
1605 1007 74 36 nya
1699 993 317 47 stadsrättigheter

400 1053 67 35 och
510 1050 365 49 inkorporeringarna
917 1050 57 36 till
1018 1050 168 35 städerna
1224 1061 44 24 av
1296 1049 206 48 betydande
1531 1048 398 48 landsbygdsområden
1958 1047 58 36 be-

400 1105 109 36 hovet
551 1117 43 23 av
636 1117 45 23 en
721 1103 178 36 utsträckt
928 1102 233 47 tillämpning
1190 1114 44 24 av
1263 1102 104 46 lagen
1396 1114 56 23 om
1483 1102 167 35 enskilda
1679 1107 110 40 vägar
1820 1104 44 43 på
1895 1101 122 35 landet

401 1159 65 35 allt
494 1158 163 36 starkare
686 1157 194 35 framträtt.
939 1156 103 35 Inom
1073 1156 43 34 de
1145 1155 146 48 mycket
1319 1158 97 33 stora
1445 1155 171 35 områden
1646 1167 44 23 av
1719 1155 74 34 ofta
1814 1166 63 23 ren
1898 1154 118 35 lands-

400 1211 296 49 bygdsstruktur,
742 1222 74 24 som
859 1209 171 36 tillhörde
1059 1209 169 35 städerna
1256 1211 99 33 utom
1386 1208 104 35 deras
1520 1208 193 47 planlagda
1742 1208 158 43 område,
1931 1220 85 22 vore

401 1265 130 47 frågan
573 1276 55 24 om
672 1264 61 36 det
775 1262 166 37 enskilda
985 1262 317 47 vägunderhållets
1345 1261 200 47 utgörande
1588 1263 44 45 på
1672 1263 130 45 många
1836 1261 72 34 håll
1938 1260 76 36 lika

401 1318 138 36 aktuell
582 1330 74 23 som
686 1317 163 43 svårlöst,
876 1316 153 35 emedan
1057 1316 99 48 varje
1184 1314 328 48 lagstiftning
1441 1310 69 58 och
1541 1314 230 49 följaktligen
1800 1315 99 48 varje
1930 1315 84 47 möj-

403 1371 114 49 lighet
559 1374 51 32 att
651 1369 126 49 tvinga
820 1369 212 48 försumliga
1075 1369 165 46 delägare
1270 1371 53 32 att
1352 1368 144 47 deltaga
1525 1367 13 35 i
1567 1368 229 35 underhållet
1825 1380 44 23 av
1899 1373 116 41 vägen

402 1425 190 36 saknades.
651 1423 129 48 Någon
822 1422 187 48 svårighet
1050 1422 87 35 eller
1179 1422 191 46 olägenhet
1410 1425 124 44 syntes
1564 1421 222 36 motionären
1814 1421 83 35 icke
1926 1420 89 36 före-

403 1479 97 47 ligga
543 1490 43 24 av
629 1481 53 32 att
723 1475 186 38 utsträcka
937 1476 106 47 lagen
1072 1488 56 23 om
1158 1474 167 37 enskilda
1354 1480 110 41 vägar
1493 1478 53 32 att
1573 1475 97 47 gälla
1699 1481 92 29 även
1819 1474 97 35 inom
1947 1478 68 32 stä-

400 1533 113 35 derna
541 1532 56 35 för
626 1531 43 36 de
698 1530 81 36 icke
808 1529 195 49 planlagda
1032 1529 204 36 områdena.
1295 1527 176 50 Möjligen
1501 1528 120 35 skulle
1640 1527 230 48 tvetydighet
1890 1527 126 36 kunna

398 1587 145 46 uppstå,
574 1597 55 25 om
658 1584 94 36 intet
779 1583 190 48 undantag
997 1582 143 49 gjordes
1169 1583 57 35 för
1255 1582 130 44 städer,
1417 1594 74 23 som
1518 1580 80 37 icke
1619 1581 143 48 deltaga
1781 1581 13 36 i
1812 1580 203 49 landsting,

398 1639 123 36 varför
550 1638 223 37 motionären
802 1640 118 33 ansett
949 1637 146 36 klokast
1124 1636 212 47 undantaga
1364 1636 113 35 dessa.

508 1745 18 37 I
569 1744 69 36 den
681 1757 44 23 av
758 1743 85 36 herr
872 1742 171 38 Carlsson
1071 1741 13 36 i
1113 1742 195 36 Frosterud
1338 1742 129 36 väckta
1497 1741 182 36 motionen
1708 1741 66 36 har
1803 1744 76 33 åter
1909 1742 106 35 fram-

401 1798 124 37 hållits
567 1797 95 37 vissa
703 1797 131 36 brister
867 1796 13 36 i
907 1809 53 23 nu
988 1796 277 47 ifrågavarande
1293 1796 59 47 lag
1381 1808 55 22 om
1468 1795 167 36 enskilda
1664 1801 111 42 vägar
1804 1797 45 45 på
1877 1795 137 44 landet,

400 1851 101 37 vilka
529 1851 113 48 enligt
670 1850 243 36 motionärens
943 1849 148 48 mening
1119 1849 138 36 krävde
1286 1849 155 35 rättelse.
1497 1849 228 35 Motionären
1755 1849 66 35 har
1850 1849 163 43 sålunda,

399 1905 113 36 bland
541 1908 121 41 annat,
693 1904 132 44 anfört,
857 1907 51 32 att
935 1904 12 34 i
976 1903 106 47 lagen
1111 1915 56 23 om
1198 1902 165 36 enskilda
1393 1908 111 41 vägar
1533 1904 44 44 på
1606 1902 124 35 landet
1759 1902 179 35 saknades
1958 1902 58 35 be-

400 1958 237 45 stämmelser,
667 1970 76 24 som
772 1956 220 37 tillerkände
1020 1955 359 48 underhållsskyldig
1408 1958 19 32 å
1456 1955 143 35 enskild
1629 1961 80 41 väg,
1727 1956 123 36 vilken
1870 1956 31 48 ej
1924 1956 92 48 själv

400 2012 94 48 ägde
536 2010 358 49 väglagningsämne,
938 2013 73 32 rätt
1044 2012 53 33 att
1126 2010 136 35 erhålla
1291 2010 129 35 sådant
1448 2009 82 35 från
1560 2021 138 23 annans
1727 2009 115 44 mark,
1875 2012 52 32 att
1955 2009 61 35 det

401 2066 12 34 i
459 2068 47 33 29
552 2065 22 47 8
615 2065 12 35 i
669 2065 106 46 lagen
817 2064 175 47 stadgade
1022 2063 304 47 förfaringssättet
1354 2062 226 36 beträffande
1609 2062 312 48 syneförrättning
1949 2062 67 35 och

402 2118 258 49 avhjälpandet
703 2131 43 23 av
789 2118 91 35 brist
922 2116 13 36 i
979 2116 299 47 vägunderhållet
1320 2128 85 24 vore
1448 2115 233 48 synnerligen
1715 2116 205 47 opraktiskt
1950 2116 66 35 och

402 2171 307 48 svårtillämpligt,
753 2171 208 47 varigenom
1006 2170 112 47 syftet
1161 2170 80 35 med
1281 2169 198 36 verkställd
1509 2169 220 47 vägdelning
1758 2169 123 36 kunde
1910 2175 106 30 även-

397 2231 117 43 tyras,
545 2226 51 34 att
623 2225 105 47 lagen
757 2225 31 48 ej
821 2224 174 47 medgåve
1024 2223 82 44 den,
1137 2235 73 23 som
1242 2234 84 25 vore
1355 2221 362 49 underhållsskyldig
1743 2225 19 32 å
1782 2222 145 36 enskild
1947 2228 70 42 väg

402 2284 86 30 över
517 2290 137 24 annans
685 2278 114 44 mark,
830 2280 72 33 rätt
931 2280 54 32 att
1013 2276 167 47 borttaga
1208 2276 82 35 träd
1318 2276 88 35 eller
1434 2275 151 45 kvistar,
1607 2288 74 23 som
1703 2287 84 24 vore
1811 2274 205 49 hinderliga
