2170 2630
645 208 349 34 Jordbruksutskottets
1017 209 166 33 utlåtande
1205 205 55 40 Nr
1282 210 53 32 19.
1760 207 26 33 1

903 663 69 45 Nr
1005 665 66 44 19.

773 825 105 27 Ankom
897 827 45 26 till
963 826 157 35 riksdagens
1141 826 88 28 kansli
1250 826 50 28 den
1323 828 32 25 19
1375 826 117 28 februari
1513 827 69 26 1920
1600 827 37 26 kl.
1658 826 16 32 2
1693 834 22 19 e.
1735 831 35 22 m.

409 968 188 38 Utlåtande
638 970 14 35 i
694 970 189 46 anledning
918 982 42 24 av
998 971 125 35 väckta
1151 971 168 36 motioner
1348 980 53 25 om
1429 971 92 34 vissa
1550 970 198 46 ändringar
1766 970 23 36 i

616 1042 101 45 lagen
746 1053 53 25 om
827 1042 160 36 enskilda
1015 1048 110 40 vägar
1146 1044 53 44 på
1228 1042 125 36 landet.

1482 1096 73 47 (2:a
1584 1095 94 48 avd.)

293 1258 381 36 Jordbruksutskottet
703 1256 65 36 har
797 1257 55 35 till
881 1256 223 47 behandling
1131 1256 13 35 i
1172 1258 52 33 ett
1252 1256 260 46 sammanhang
1539 1254 158 36 förehaft
1726 1258 59 33 två

188 1313 95 36 inom
322 1313 112 36 andra
462 1313 210 35 kammaren
700 1311 141 44 väckta,
872 1310 57 36 till
957 1309 177 36 utskottet
1162 1309 196 36 hänvisade
1388 1308 185 45 motioner,
1603 1308 182 48 nämligen

294 1366 73 36 dels
394 1379 45 23 nr
468 1369 47 32 81
547 1378 44 23 av
620 1366 83 34 herr
731 1365 222 43 Magnusson
981 1363 12 35 1
1023 1363 153 44 Skövde,
1206 1375 75 23 som
1301 1363 192 43 hemställt,
1516 1337 57 60 att
1589 1361 195 49 riksdagen

187 1421 54 35 för
269 1420 56 36 sin
354 1421 57 35 del
440 1422 111 33 måtte
580 1419 140 36 besluta
748 1418 112 35 sådan
889 1417 154 46 ändring
1072 1429 43 23 av
1144 1417 104 48 lagen
1276 1429 45 23 av
1350 1417 70 34 den
1451 1419 20 32 5
1499 1408 71 56 juli
1602 1417 97 46 1907
1728 1428 53 22 om

186 1474 163 36 enskilda
378 1480 109 41 vägar
516 1475 45 45 på
590 1473 121 35 landet
739 1476 54 32 att

296 1528 32 46 1)
360 1528 123 47 lagens
512 1526 128 36 rubrik
668 1526 131 35 ändras
827 1525 70 36 till:
930 1525 75 47 Lag
1034 1537 56 23 om
1120 1523 165 37 enskilda
1313 1529 125 42 vägar;

295 1581 33 47 2)
360 1585 53 32 att
441 1582 22 46 8
496 1583 17 33 1
545 1581 13 35 i
586 1581 105 47 lagen
719 1579 153 36 erhåller
901 1578 158 48 följande
1088 1578 157 36 ändrade
1272 1578 154 47 lydelse:
1457 1578 131 34 Denna
1605 1577 60 47 lag
1682 1569 101 44 avser

185 1635 142 37 enskild
356 1641 69 41 väg
454 1638 19 32 å
501 1634 124 36 landet
654 1633 65 36 och
747 1632 13 35 i
788 1632 91 45 stad,
910 1644 74 24 som
1013 1632 124 35 tillhör
1165 1611 193 72 landsting,
1389 1634 97 32 utom
1515 1622 146 44 stadens
1686 1630 96 50 plan-

184 1689 106 47 lagda
332 1688 154 44 område,
530 1686 125 38 vilken
697 1686 55 35 för
794 1698 44 23 en
872 1661 94 60 eller
1000 1686 86 35 flera
1115 1684 211 47 fastigheter
1355 1689 39 30 är
1422 1684 56 35 till
1507 1683 276 48 stadigvarande

185 1746 103 44 nytta
318 1744 114 33 såsom
461 1717 139 70 farväg,
630 1752 83 24 vare
742 1738 54 48 sig
826 1739 55 35 för
910 1738 229 44 hemkörslor
1161 1738 86 35 eller
1275 1737 55 36 för
1359 1737 113 35 utfart
1500 1737 91 35 eller
1616 1735 120 49 eljest;

290 1795 72 36 dels
405 1795 60 35 ock
506 1806 44 23 nr
596 1796 85 41 190,
727 1806 42 22 av
812 1793 82 34 herr
929 1791 167 36 Carlsson
1124 1791 13 34 i
1165 1790 203 45 Frosterud,
1399 1803 73 23 som
1502 1789 197 47 föreslagit,
1729 1792 53 33 att

186 1850 192 46 riksdagen
420 1850 111 34 måtte
569 1847 12 35 i
609 1822 174 60 skrivelse
811 1845 56 36 till
896 1845 135 64 Kungl.
1064 1845 107 48 Maj:t
1199 1816 197 78 hemställa,
1428 1847 52 33 att
1508 1843 136 48 Kungl.
1676 1842 106 49 Maj:t

184 1903 139 36 täcktes
365 1902 138 43 utreda,
535 1899 191 45 huruvida,
769 1899 12 35 i
824 1899 69 35 vad
935 1900 82 33 mån
1054 1898 66 35 och
1148 1901 46 44 på
1222 1898 68 35 vad
1319 1900 71 33 sätt
1423 1898 80 46 »lag
1531 1909 56 23 om
1618 1896 163 36 enskilda

186 1962 106 42 vägar
321 1958 44 44 på
394 1931 143 59 landet>
570 1954 65 35 bör
664 1925 140 79 ändras,
822 1953 66 34 och
917 1951 158 35 därefter
1102 1952 56 34 för
1186 1951 193 46 riksdagen
1408 1950 198 48 framlägga
1635 1942 145 84 förslag,

184 2010 119 36 vartill
332 2008 241 48 utredningen
601 2019 63 35 ger
692 1978 206 79 anledning.

290 2116 119 46 Lagen
439 2115 69 34 den
540 2117 19 31 5
587 2112 69 49 juli
690 2115 96 32 1907
819 2124 56 21 om
904 2110 165 36 enskilda
1098 2116 108 41 vägar
1236 2113 44 43 på
1309 2111 121 34 landet
1458 2110 112 46 gäller
1593 2130 49 6 —
1663 2111 115 33 såsom

185 2170 107 35 redan
312 2169 123 46 lagens
455 2166 127 36 rubrik
603 2165 149 47 angiver
772 2185 50 5 —
842 2164 127 35 endast
988 2163 265 48 landsbygdens
1273 2168 120 42 vägar.
1428 2163 17 34 I
1466 2163 69 35 den
1555 2162 125 47 kungl.
1698 2174 80 35 pro-

183 2222 165 47 position,
377 2233 44 22 nr
452 2223 60 41 88,
542 2219 57 36 till
632 2221 96 33 1907
761 2221 57 32 års
843 2217 158 46 riksdag,
1024 2216 204 47 varigenom
1250 2217 60 34 det
1329 2216 144 47 förslag,
1495 2228 73 23 som
1589 2215 115 47 ligger
1723 2215 54 41 till

182 2276 117 46 grund
329 2275 54 35 för
416 2276 97 34 1907
546 2275 57 33 års
632 2273 69 46 lag,
731 2271 175 36 förelades
937 2269 204 48 riksdagen,
1172 2270 148 35 anförde
1340 2269 258 46 föredragande
1618 2269 159 46 departe.

226 2335 134 41 Bihang
386 2334 49 33 till
457 2334 189 40 riksdagens
657 2331 155 42 protokoll
830 2332 95 31 1920.
960 2333 41 30 10
1017 2331 90 32 saml.
1139 2333 41 30 10
1197 2329 79 42 häft.
1307 2330 69 41 (Nr
1394 2329 156 40 19—21.)
1715 2330 15 30 1

1825 2107 141 29 Utskottet.
