<?xml version="1.0" encoding="UTF-8"?>
<alto xmlns="http://www.loc.gov/standards/alto/ns-v3#" xmlns:xlink="http://www.w3.org/1999/xlink" xmlns:xsi="http://www.w3.org/2001/XMLSchema-instance" xsi:schemaLocation="http://www.loc.gov/standards/alto/ns-v3# http://www.loc.gov/alto/v3/alto-3-0.xsd">
	<Description>
		<MeasurementUnit>pixel</MeasurementUnit>
		<sourceImageInformation>
			<fileName>/tmp/tess_dcf7o5ef_input.PNG</fileName>
		</sourceImageInformation>
		<OCRProcessing ID="OCR_0">
			<ocrProcessingStep>
				<processingSoftware>
					<softwareName>tesseract 5.3.0</softwareName>
				</processingSoftware>
			</ocrProcessingStep>
		</OCRProcessing>
	</Description>
	<Layout>
		<Page WIDTH="1882" HEIGHT="2794" PHYSICAL_IMG_NR="0" ID="page_0">
			<PrintSpace HPOS="0" VPOS="0" WIDTH="1882" HEIGHT="2794">
				<ComposedBlock ID="cblock_0" HPOS="505" VPOS="150" WIDTH="1133" HEIGHT="46">
					<TextBlock ID="block_0" HPOS="505" VPOS="150" WIDTH="1133" HEIGHT="46">
						<TextLine ID="line_0" HPOS="505" VPOS="150" WIDTH="1133" HEIGHT="46">
							<String ID="string_0" HPOS="505" VPOS="156" WIDTH="405" HEIGHT="40" WC="0.91" CONTENT="Bevillningsutskottets"/><SP WIDTH="24" VPOS="156" HPOS="910"/>
							<String ID="string_1" HPOS="934" VPOS="154" WIDTH="220" HEIGHT="31" WC="0.96" CONTENT="betänkande"/><SP WIDTH="22" VPOS="154" HPOS="1154"/>
							<String ID="string_2" HPOS="1176" VPOS="162" WIDTH="43" HEIGHT="21" WC="0.96" CONTENT="nr"/><SP WIDTH="22" VPOS="162" HPOS="1219"/>
							<String ID="string_3" HPOS="1241" VPOS="153" WIDTH="30" HEIGHT="29" WC="0.95" CONTENT="3."/><SP WIDTH="351" VPOS="153" HPOS="1271"/>
							<String ID="string_4" HPOS="1622" VPOS="150" WIDTH="16" HEIGHT="28" WC="0.87" CONTENT="7"/>
						</TextLine>
					</TextBlock>
				</ComposedBlock>
				<ComposedBlock ID="cblock_1" HPOS="135" VPOS="234" WIDTH="1518" HEIGHT="2263">
					<TextBlock ID="block_1" HPOS="135" VPOS="234" WIDTH="1502" HEIGHT="302">
						<TextLine ID="line_1" HPOS="135" VPOS="234" WIDTH="1502" HEIGHT="47">
							<String ID="string_5" HPOS="135" VPOS="255" WIDTH="89" HEIGHT="25" WC="0.96" CONTENT="rum,"/><SP WIDTH="25" VPOS="255" HPOS="224"/>
							<String ID="string_6" HPOS="249" VPOS="245" WIDTH="198" HEIGHT="30" WC="0.96" CONTENT="föreskrevs"/><SP WIDTH="24" VPOS="245" HPOS="447"/>
							<String ID="string_7" HPOS="471" VPOS="242" WIDTH="177" HEIGHT="39" WC="0.96" CONTENT="nämligen"/><SP WIDTH="24" VPOS="242" HPOS="648"/>
							<String ID="string_8" HPOS="672" VPOS="243" WIDTH="49" HEIGHT="28" WC="0.96" CONTENT="att"/><SP WIDTH="24" VPOS="243" HPOS="721"/>
							<String ID="string_9" HPOS="745" VPOS="240" WIDTH="132" HEIGHT="30" WC="0.93" CONTENT="allmän"/><SP WIDTH="23" VPOS="240" HPOS="877"/>
							<String ID="string_10" HPOS="900" VPOS="237" WIDTH="346" HEIGHT="41" WC="0.90" CONTENT="fastighetstaxering"/><SP WIDTH="25" VPOS="237" HPOS="1246"/>
							<String ID="string_11" HPOS="1271" VPOS="236" WIDTH="112" HEIGHT="31" WC="0.96" CONTENT="skulle"/><SP WIDTH="24" VPOS="236" HPOS="1383"/>
							<String ID="string_12" HPOS="1407" VPOS="236" WIDTH="63" HEIGHT="38" WC="0.96" CONTENT="äga"/><SP WIDTH="24" VPOS="236" HPOS="1470"/>
							<String ID="string_13" HPOS="1494" VPOS="244" WIDTH="80" HEIGHT="21" WC="0.96" CONTENT="rum"/><SP WIDTH="24" VPOS="244" HPOS="1574"/>
							<String ID="string_14" HPOS="1598" VPOS="234" WIDTH="39" HEIGHT="30" WC="0.95" CONTENT="år"/>
						</TextLine>
						<TextLine ID="line_2" HPOS="140" VPOS="285" WIDTH="1496" HEIGHT="42">
							<String ID="string_15" HPOS="140" VPOS="297" WIDTH="81" HEIGHT="30" WC="0.96" CONTENT="1950"/><SP WIDTH="17" VPOS="297" HPOS="221"/>
							<String ID="string_16" HPOS="238" VPOS="296" WIDTH="66" HEIGHT="30" WC="0.96" CONTENT="och"/><SP WIDTH="18" VPOS="296" HPOS="304"/>
							<String ID="string_17" HPOS="322" VPOS="295" WIDTH="151" HEIGHT="31" WC="0.96" CONTENT="därefter"/><SP WIDTH="16" VPOS="295" HPOS="473"/>
							<String ID="string_18" HPOS="489" VPOS="295" WIDTH="78" HEIGHT="28" WC="0.96" CONTENT="vart"/><SP WIDTH="17" VPOS="295" HPOS="567"/>
							<String ID="string_19" HPOS="584" VPOS="293" WIDTH="106" HEIGHT="30" WC="0.96" CONTENT="femte"/><SP WIDTH="17" VPOS="293" HPOS="690"/>
							<String ID="string_20" HPOS="707" VPOS="291" WIDTH="48" HEIGHT="30" WC="0.95" CONTENT="år."/><SP WIDTH="19" VPOS="291" HPOS="755"/>
							<String ID="string_21" HPOS="774" VPOS="290" WIDTH="202" HEIGHT="31" WC="0.96" CONTENT="Emellertid"/><SP WIDTH="16" VPOS="290" HPOS="976"/>
							<String ID="string_22" HPOS="992" VPOS="289" WIDTH="78" HEIGHT="30" WC="0.96" CONTENT="blev"/><SP WIDTH="18" VPOS="289" HPOS="1070"/>
							<String ID="string_23" HPOS="1088" VPOS="289" WIDTH="86" HEIGHT="30" WC="0.96" CONTENT="även"/><SP WIDTH="20" VPOS="289" HPOS="1174"/>
							<String ID="string_24" HPOS="1194" VPOS="288" WIDTH="84" HEIGHT="30" WC="0.96" CONTENT="1950"/><SP WIDTH="18" VPOS="288" HPOS="1278"/>
							<String ID="string_25" HPOS="1296" VPOS="287" WIDTH="58" HEIGHT="30" WC="0.96" CONTENT="års"/><SP WIDTH="17" VPOS="287" HPOS="1354"/>
							<String ID="string_26" HPOS="1371" VPOS="286" WIDTH="179" HEIGHT="31" WC="0.93" CONTENT="allmänna"/><SP WIDTH="17" VPOS="286" HPOS="1550"/>
							<String ID="string_27" HPOS="1567" VPOS="285" WIDTH="69" HEIGHT="30" WC="0.91" CONTENT="fas-"/>
						</TextLine>
						<TextLine ID="line_3" HPOS="136" VPOS="335" WIDTH="1501" HEIGHT="51">
							<String ID="string_28" HPOS="136" VPOS="345" WIDTH="287" HEIGHT="41" WC="0.91" CONTENT="tighetstaxering"/><SP WIDTH="20" VPOS="345" HPOS="423"/>
							<String ID="string_29" HPOS="443" VPOS="343" WIDTH="218" HEIGHT="41" WC="0.96" CONTENT="uppskjuten"/><SP WIDTH="19" VPOS="343" HPOS="661"/>
							<String ID="string_30" HPOS="680" VPOS="342" WIDTH="89" HEIGHT="30" WC="0.96" CONTENT="först"/><SP WIDTH="18" VPOS="342" HPOS="769"/>
							<String ID="string_31" HPOS="787" VPOS="341" WIDTH="54" HEIGHT="30" WC="0.96" CONTENT="till"/><SP WIDTH="20" VPOS="341" HPOS="841"/>
							<String ID="string_32" HPOS="861" VPOS="341" WIDTH="38" HEIGHT="31" WC="0.96" CONTENT="år"/><SP WIDTH="22" VPOS="341" HPOS="899"/>
							<String ID="string_33" HPOS="921" VPOS="341" WIDTH="80" HEIGHT="29" WC="0.96" CONTENT="1951"/><SP WIDTH="23" VPOS="341" HPOS="1001"/>
							<String ID="string_34" HPOS="1024" VPOS="340" WIDTH="66" HEIGHT="29" WC="0.96" CONTENT="och"/><SP WIDTH="20" VPOS="340" HPOS="1090"/>
							<String ID="string_35" HPOS="1110" VPOS="338" WIDTH="153" HEIGHT="31" WC="0.95" CONTENT="därefter"/><SP WIDTH="19" VPOS="338" HPOS="1263"/>
							<String ID="string_36" HPOS="1282" VPOS="337" WIDTH="53" HEIGHT="31" WC="0.96" CONTENT="till"/><SP WIDTH="20" VPOS="337" HPOS="1335"/>
							<String ID="string_37" HPOS="1355" VPOS="337" WIDTH="39" HEIGHT="30" WC="0.96" CONTENT="år"/><SP WIDTH="21" VPOS="337" HPOS="1394"/>
							<String ID="string_38" HPOS="1415" VPOS="337" WIDTH="93" HEIGHT="33" WC="0.96" CONTENT="1952,"/><SP WIDTH="20" VPOS="337" HPOS="1508"/>
							<String ID="string_39" HPOS="1528" VPOS="335" WIDTH="109" HEIGHT="30" WC="0.96" CONTENT="vilket"/>
						</TextLine>
						<TextLine ID="line_4" HPOS="136" VPOS="386" WIDTH="1501" HEIGHT="49">
							<String ID="string_40" HPOS="136" VPOS="398" WIDTH="39" HEIGHT="30" WC="0.96" CONTENT="år"/><SP WIDTH="19" VPOS="398" HPOS="175"/>
							<String ID="string_41" HPOS="194" VPOS="397" WIDTH="133" HEIGHT="30" WC="0.93" CONTENT="allmän"/><SP WIDTH="18" VPOS="397" HPOS="327"/>
							<String ID="string_42" HPOS="345" VPOS="393" WIDTH="343" HEIGHT="42" WC="0.91" CONTENT="fastighetstaxering"/><SP WIDTH="20" VPOS="393" HPOS="688"/>
							<String ID="string_43" HPOS="708" VPOS="394" WIDTH="117" HEIGHT="29" WC="0.96" CONTENT="senast"/><SP WIDTH="20" VPOS="394" HPOS="825"/>
							<String ID="string_44" HPOS="845" VPOS="392" WIDTH="138" HEIGHT="30" WC="0.96" CONTENT="skedde."/><SP WIDTH="21" VPOS="392" HPOS="983"/>
							<String ID="string_45" HPOS="1004" VPOS="391" WIDTH="115" HEIGHT="30" WC="0.96" CONTENT="Sedan"/><SP WIDTH="19" VPOS="391" HPOS="1119"/>
							<String ID="string_46" HPOS="1138" VPOS="389" WIDTH="37" HEIGHT="30" WC="0.96" CONTENT="år"/><SP WIDTH="22" VPOS="389" HPOS="1175"/>
							<String ID="string_47" HPOS="1197" VPOS="389" WIDTH="84" HEIGHT="30" WC="0.82" CONTENT="19388"/><SP WIDTH="20" VPOS="389" HPOS="1281"/>
							<String ID="string_48" HPOS="1301" VPOS="388" WIDTH="64" HEIGHT="30" WC="0.96" CONTENT="har"/><SP WIDTH="19" VPOS="388" HPOS="1365"/>
							<String ID="string_49" HPOS="1384" VPOS="387" WIDTH="102" HEIGHT="30" WC="0.95" CONTENT="alltså"/><SP WIDTH="20" VPOS="387" HPOS="1486"/>
							<String ID="string_50" HPOS="1506" VPOS="386" WIDTH="131" HEIGHT="30" WC="0.96" CONTENT="allmän"/>
						</TextLine>
						<TextLine ID="line_5" HPOS="139" VPOS="437" WIDTH="1498" HEIGHT="49">
							<String ID="string_51" HPOS="139" VPOS="446" WIDTH="342" HEIGHT="40" WC="0.92" CONTENT="fastighetstaxering"/><SP WIDTH="21" VPOS="446" HPOS="481"/>
							<String ID="string_52" HPOS="502" VPOS="445" WIDTH="57" HEIGHT="39" WC="0.96" CONTENT="ägt"/><SP WIDTH="21" VPOS="445" HPOS="559"/>
							<String ID="string_53" HPOS="580" VPOS="453" WIDTH="79" HEIGHT="21" WC="0.95" CONTENT="rum"/><SP WIDTH="21" VPOS="453" HPOS="659"/>
							<String ID="string_54" HPOS="680" VPOS="443" WIDTH="123" HEIGHT="30" WC="0.96" CONTENT="endast"/><SP WIDTH="19" VPOS="443" HPOS="803"/>
							<String ID="string_55" HPOS="822" VPOS="443" WIDTH="77" HEIGHT="29" WC="0.96" CONTENT="vart"/><SP WIDTH="21" VPOS="443" HPOS="899"/>
							<String ID="string_56" HPOS="920" VPOS="441" WIDTH="128" HEIGHT="40" WC="0.96" CONTENT="sjunde"/><SP WIDTH="21" VPOS="441" HPOS="1048"/>
							<String ID="string_57" HPOS="1069" VPOS="440" WIDTH="39" HEIGHT="30" WC="0.96" CONTENT="år"/><SP WIDTH="20" VPOS="440" HPOS="1108"/>
							<String ID="string_58" HPOS="1128" VPOS="441" WIDTH="10" HEIGHT="29" WC="0.96" CONTENT="i"/><SP WIDTH="22" VPOS="441" HPOS="1138"/>
							<String ID="string_59" HPOS="1160" VPOS="439" WIDTH="115" HEIGHT="30" WC="0.96" CONTENT="stället"/><SP WIDTH="21" VPOS="439" HPOS="1275"/>
							<String ID="string_60" HPOS="1296" VPOS="438" WIDTH="56" HEIGHT="31" WC="0.96" CONTENT="för"/><SP WIDTH="20" VPOS="438" HPOS="1352"/>
							<String ID="string_61" HPOS="1372" VPOS="438" WIDTH="115" HEIGHT="30" WC="0.96" CONTENT="såsom"/><SP WIDTH="21" VPOS="438" HPOS="1487"/>
							<String ID="string_62" HPOS="1508" VPOS="437" WIDTH="11" HEIGHT="29" WC="0.93" CONTENT="i"/><SP WIDTH="21" VPOS="437" HPOS="1519"/>
							<String ID="string_63" HPOS="1540" VPOS="437" WIDTH="97" HEIGHT="29" WC="0.89" CONTENT="kom-"/>
						</TextLine>
						<TextLine ID="line_6" HPOS="138" VPOS="492" WIDTH="835" HEIGHT="44">
							<String ID="string_64" HPOS="138" VPOS="496" WIDTH="340" HEIGHT="40" WC="0.91" CONTENT="munalskattelagen"/><SP WIDTH="19" VPOS="496" HPOS="478"/>
							<String ID="string_65" HPOS="497" VPOS="495" WIDTH="186" HEIGHT="30" WC="0.96" CONTENT="förutsatts"/><SP WIDTH="20" VPOS="495" HPOS="683"/>
							<String ID="string_66" HPOS="703" VPOS="497" WIDTH="76" HEIGHT="27" WC="0.96" CONTENT="vart"/><SP WIDTH="20" VPOS="497" HPOS="779"/>
							<String ID="string_67" HPOS="799" VPOS="493" WIDTH="107" HEIGHT="30" WC="0.96" CONTENT="femte"/><SP WIDTH="19" VPOS="493" HPOS="906"/>
							<String ID="string_68" HPOS="925" VPOS="492" WIDTH="48" HEIGHT="30" WC="0.96" CONTENT="år."/>
						</TextLine>
					</TextBlock>
					<TextBlock ID="block_2" HPOS="138" VPOS="538" WIDTH="1508" HEIGHT="1107">
						<TextLine ID="line_7" HPOS="181" VPOS="538" WIDTH="1457" HEIGHT="47">
							<String ID="string_69" HPOS="181" VPOS="549" WIDTH="109" HEIGHT="29" WC="0.96" CONTENT="Nästa"/><SP WIDTH="14" VPOS="549" HPOS="290"/>
							<String ID="string_70" HPOS="304" VPOS="548" WIDTH="178" HEIGHT="30" WC="0.92" CONTENT="allmänna"/><SP WIDTH="16" VPOS="548" HPOS="482"/>
							<String ID="string_71" HPOS="498" VPOS="544" WIDTH="345" HEIGHT="41" WC="0.92" CONTENT="fastighetstaxering"/><SP WIDTH="17" VPOS="544" HPOS="843"/>
							<String ID="string_72" HPOS="860" VPOS="542" WIDTH="112" HEIGHT="31" WC="0.96" CONTENT="skulle"/><SP WIDTH="14" VPOS="542" HPOS="972"/>
							<String ID="string_73" HPOS="986" VPOS="542" WIDTH="143" HEIGHT="39" WC="0.93" CONTENT="jämlikt"/><SP WIDTH="17" VPOS="542" HPOS="1129"/>
							<String ID="string_74" HPOS="1146" VPOS="540" WIDTH="232" HEIGHT="31" WC="0.92" CONTENT="förenämnda"/><SP WIDTH="17" VPOS="540" HPOS="1378"/>
							<String ID="string_75" HPOS="1395" VPOS="539" WIDTH="83" HEIGHT="30" WC="0.96" CONTENT="1948"/><SP WIDTH="17" VPOS="539" HPOS="1478"/>
							<String ID="string_76" HPOS="1495" VPOS="538" WIDTH="56" HEIGHT="30" WC="0.93" CONTENT="års"/><SP WIDTH="18" VPOS="538" HPOS="1551"/>
							<String ID="string_77" HPOS="1569" VPOS="538" WIDTH="69" HEIGHT="29" WC="0.92" CONTENT="för-"/>
						</TextLine>
						<TextLine ID="line_8" HPOS="138" VPOS="591" WIDTH="1502" HEIGHT="49">
							<String ID="string_78" HPOS="138" VPOS="599" WIDTH="148" HEIGHT="41" WC="0.96" CONTENT="ordning"/><SP WIDTH="16" VPOS="599" HPOS="286"/>
							<String ID="string_79" HPOS="302" VPOS="599" WIDTH="181" HEIGHT="39" WC="0.39" CONTENT="rätteligen"/><SP WIDTH="18" VPOS="599" HPOS="483"/>
							<String ID="string_80" HPOS="501" VPOS="599" WIDTH="63" HEIGHT="38" WC="0.96" CONTENT="äga"/><SP WIDTH="17" VPOS="599" HPOS="564"/>
							<String ID="string_81" HPOS="581" VPOS="606" WIDTH="78" HEIGHT="21" WC="0.96" CONTENT="rum"/><SP WIDTH="16" VPOS="606" HPOS="659"/>
							<String ID="string_82" HPOS="675" VPOS="597" WIDTH="37" HEIGHT="29" WC="0.96" CONTENT="år"/><SP WIDTH="19" VPOS="597" HPOS="712"/>
							<String ID="string_83" HPOS="731" VPOS="595" WIDTH="94" HEIGHT="30" WC="0.96" CONTENT="1955."/><SP WIDTH="17" VPOS="595" HPOS="825"/>
							<String ID="string_84" HPOS="842" VPOS="595" WIDTH="65" HEIGHT="29" WC="0.96" CONTENT="Om"/><SP WIDTH="17" VPOS="595" HPOS="907"/>
							<String ID="string_85" HPOS="924" VPOS="595" WIDTH="37" HEIGHT="29" WC="0.96" CONTENT="så"/><SP WIDTH="16" VPOS="595" HPOS="961"/>
							<String ID="string_86" HPOS="977" VPOS="595" WIDTH="90" HEIGHT="33" WC="0.96" CONTENT="sker,"/><SP WIDTH="19" VPOS="595" HPOS="1067"/>
							<String ID="string_87" HPOS="1086" VPOS="593" WIDTH="111" HEIGHT="31" WC="0.92" CONTENT="skulle"/><SP WIDTH="16" VPOS="593" HPOS="1197"/>
							<String ID="string_88" HPOS="1213" VPOS="592" WIDTH="199" HEIGHT="39" WC="0.92" CONTENT="tidrymden"/><SP WIDTH="17" VPOS="592" HPOS="1412"/>
							<String ID="string_89" HPOS="1429" VPOS="591" WIDTH="128" HEIGHT="29" WC="0.96" CONTENT="mellan"/><SP WIDTH="17" VPOS="591" HPOS="1557"/>
							<String ID="string_90" HPOS="1574" VPOS="591" WIDTH="66" HEIGHT="29" WC="0.96" CONTENT="den"/>
						</TextLine>
						<TextLine ID="line_9" HPOS="139" VPOS="638" WIDTH="1499" HEIGHT="47">
							<String ID="string_91" HPOS="139" VPOS="651" WIDTH="137" HEIGHT="29" WC="0.87" CONTENT="senaste"/><SP WIDTH="16" VPOS="651" HPOS="276"/>
							<String ID="string_92" HPOS="292" VPOS="648" WIDTH="178" HEIGHT="31" WC="0.92" CONTENT="allmänna"/><SP WIDTH="16" VPOS="648" HPOS="470"/>
							<String ID="string_93" HPOS="486" VPOS="644" WIDTH="391" HEIGHT="41" WC="0.90" CONTENT="fastighetstaxeringen"/><SP WIDTH="16" VPOS="644" HPOS="877"/>
							<String ID="string_94" HPOS="893" VPOS="644" WIDTH="64" HEIGHT="30" WC="0.96" CONTENT="och"/><SP WIDTH="16" VPOS="644" HPOS="957"/>
							<String ID="string_95" HPOS="973" VPOS="644" WIDTH="70" HEIGHT="29" WC="0.96" CONTENT="den"/><SP WIDTH="14" VPOS="644" HPOS="1043"/>
							<String ID="string_96" HPOS="1057" VPOS="641" WIDTH="294" HEIGHT="32" WC="0.95" CONTENT="nästkommande"/><SP WIDTH="17" VPOS="641" HPOS="1351"/>
							<String ID="string_97" HPOS="1368" VPOS="640" WIDTH="133" HEIGHT="30" WC="0.95" CONTENT="således"/><SP WIDTH="15" VPOS="640" HPOS="1501"/>
							<String ID="string_98" HPOS="1516" VPOS="639" WIDTH="48" HEIGHT="29" WC="0.96" CONTENT="bli"/><SP WIDTH="17" VPOS="639" HPOS="1564"/>
							<String ID="string_99" HPOS="1581" VPOS="638" WIDTH="57" HEIGHT="30" WC="0.96" CONTENT="två"/>
						</TextLine>
						<TextLine ID="line_10" HPOS="139" VPOS="690" WIDTH="1501" HEIGHT="42">
							<String ID="string_100" HPOS="139" VPOS="700" WIDTH="38" HEIGHT="30" WC="0.95" CONTENT="år"/><SP WIDTH="16" VPOS="700" HPOS="177"/>
							<String ID="string_101" HPOS="193" VPOS="700" WIDTH="140" HEIGHT="30" WC="0.96" CONTENT="kortare"/><SP WIDTH="17" VPOS="700" HPOS="333"/>
							<String ID="string_102" HPOS="350" VPOS="700" WIDTH="44" HEIGHT="29" WC="0.96" CONTENT="än"/><SP WIDTH="16" VPOS="700" HPOS="394"/>
							<String ID="string_103" HPOS="410" VPOS="707" WIDTH="75" HEIGHT="21" WC="0.93" CONTENT="som"/><SP WIDTH="16" VPOS="707" HPOS="485"/>
							<String ID="string_104" HPOS="501" VPOS="696" WIDTH="211" HEIGHT="31" WC="0.92" CONTENT="föreskrives"/><SP WIDTH="25" VPOS="696" HPOS="712"/>
							<String ID="string_105" HPOS="737" VPOS="696" WIDTH="3" HEIGHT="29" WC="0.93" CONTENT="i"/><SP WIDTH="16" VPOS="696" HPOS="740"/>
							<String ID="string_106" HPOS="756" VPOS="693" WIDTH="436" HEIGHT="39" WC="0.91" CONTENT="kommunalskattelagen."/><SP WIDTH="17" VPOS="693" HPOS="1192"/>
							<String ID="string_107" HPOS="1209" VPOS="692" WIDTH="14" HEIGHT="29" WC="0.96" CONTENT="I"/><SP WIDTH="17" VPOS="692" HPOS="1223"/>
							<String ID="string_108" HPOS="1240" VPOS="692" WIDTH="65" HEIGHT="29" WC="0.96" CONTENT="och"/><SP WIDTH="18" VPOS="692" HPOS="1305"/>
							<String ID="string_109" HPOS="1323" VPOS="691" WIDTH="54" HEIGHT="30" WC="0.96" CONTENT="för"/><SP WIDTH="17" VPOS="691" HPOS="1377"/>
							<String ID="string_110" HPOS="1394" VPOS="690" WIDTH="50" HEIGHT="39" WC="0.96" CONTENT="sig"/><SP WIDTH="17" VPOS="690" HPOS="1444"/>
							<String ID="string_111" HPOS="1461" VPOS="698" WIDTH="103" HEIGHT="32" WC="0.93" CONTENT="synes"/><SP WIDTH="17" VPOS="698" HPOS="1564"/>
							<String ID="string_112" HPOS="1581" VPOS="698" WIDTH="59" HEIGHT="21" WC="0.92" CONTENT="an-"/>
						</TextLine>
						<TextLine ID="line_11" HPOS="139" VPOS="739" WIDTH="1500" HEIGHT="50">
							<String ID="string_113" HPOS="139" VPOS="750" WIDTH="141" HEIGHT="39" WC="0.96" CONTENT="ledning"/><SP WIDTH="20" VPOS="750" HPOS="280"/>
							<String ID="string_114" HPOS="300" VPOS="749" WIDTH="76" HEIGHT="30" WC="0.96" CONTENT="icke"/><SP WIDTH="21" VPOS="749" HPOS="376"/>
							<String ID="string_115" HPOS="397" VPOS="748" WIDTH="168" HEIGHT="39" WC="0.96" CONTENT="föreligga"/><SP WIDTH="20" VPOS="748" HPOS="565"/>
							<String ID="string_116" HPOS="585" VPOS="748" WIDTH="50" HEIGHT="29" WC="0.96" CONTENT="att"/><SP WIDTH="21" VPOS="748" HPOS="635"/>
							<String ID="string_117" HPOS="656" VPOS="746" WIDTH="157" HEIGHT="40" WC="0.94" CONTENT="tillämpa"/><SP WIDTH="21" VPOS="746" HPOS="813"/>
							<String ID="string_118" HPOS="834" VPOS="755" WIDTH="43" HEIGHT="21" WC="0.96" CONTENT="en"/><SP WIDTH="20" VPOS="755" HPOS="877"/>
							<String ID="string_119" HPOS="897" VPOS="745" WIDTH="140" HEIGHT="29" WC="0.93" CONTENT="kortare"/><SP WIDTH="20" VPOS="745" HPOS="1037"/>
							<String ID="string_120" HPOS="1057" VPOS="742" WIDTH="155" HEIGHT="40" WC="0.92" CONTENT="tidrymd"/><SP WIDTH="22" VPOS="742" HPOS="1212"/>
							<String ID="string_121" HPOS="1234" VPOS="743" WIDTH="44" HEIGHT="29" WC="0.96" CONTENT="än"/><SP WIDTH="22" VPOS="743" HPOS="1278"/>
							<String ID="string_122" HPOS="1300" VPOS="743" WIDTH="66" HEIGHT="29" WC="0.96" CONTENT="den"/><SP WIDTH="21" VPOS="743" HPOS="1366"/>
							<String ID="string_123" HPOS="1387" VPOS="741" WIDTH="12" HEIGHT="29" WC="0.93" CONTENT="i"/><SP WIDTH="20" VPOS="741" HPOS="1399"/>
							<String ID="string_124" HPOS="1419" VPOS="739" WIDTH="220" HEIGHT="31" WC="0.91" CONTENT="kommunal-"/>
						</TextLine>
						<TextLine ID="line_12" HPOS="140" VPOS="790" WIDTH="1500" HEIGHT="49">
							<String ID="string_125" HPOS="140" VPOS="801" WIDTH="216" HEIGHT="38" WC="0.91" CONTENT="skattelagen"/><SP WIDTH="19" VPOS="801" HPOS="356"/>
							<String ID="string_126" HPOS="375" VPOS="798" WIDTH="150" HEIGHT="40" WC="0.93" CONTENT="angivna"/><SP WIDTH="18" VPOS="798" HPOS="525"/>
							<String ID="string_127" HPOS="543" VPOS="796" WIDTH="308" HEIGHT="41" WC="0.90" CONTENT="femårsperioden."/><SP WIDTH="20" VPOS="796" HPOS="851"/>
							<String ID="string_128" HPOS="871" VPOS="796" WIDTH="14" HEIGHT="29" WC="0.96" CONTENT="I"/><SP WIDTH="19" VPOS="796" HPOS="885"/>
							<String ID="string_129" HPOS="904" VPOS="795" WIDTH="171" HEIGHT="30" WC="0.96" CONTENT="samband"/><SP WIDTH="20" VPOS="795" HPOS="1075"/>
							<String ID="string_130" HPOS="1095" VPOS="794" WIDTH="79" HEIGHT="29" WC="0.96" CONTENT="med"/><SP WIDTH="19" VPOS="794" HPOS="1174"/>
							<String ID="string_131" HPOS="1193" VPOS="793" WIDTH="212" HEIGHT="39" WC="0.96" CONTENT="antagandet"/><SP WIDTH="19" VPOS="793" HPOS="1405"/>
							<String ID="string_132" HPOS="1424" VPOS="801" WIDTH="41" HEIGHT="21" WC="0.96" CONTENT="av"/><SP WIDTH="19" VPOS="801" HPOS="1465"/>
							<String ID="string_133" HPOS="1484" VPOS="792" WIDTH="67" HEIGHT="29" WC="0.93" CONTENT="den"/><SP WIDTH="20" VPOS="792" HPOS="1551"/>
							<String ID="string_134" HPOS="1571" VPOS="790" WIDTH="69" HEIGHT="30" WC="0.91" CONTENT="för-"/>
						</TextLine>
						<TextLine ID="line_13" HPOS="140" VPOS="841" WIDTH="1500" HEIGHT="49">
							<String ID="string_135" HPOS="140" VPOS="851" WIDTH="158" HEIGHT="39" WC="0.96" CONTENT="ordning,"/><SP WIDTH="16" VPOS="851" HPOS="298"/>
							<String ID="string_136" HPOS="314" VPOS="850" WIDTH="201" HEIGHT="39" WC="0.96" CONTENT="varigenom"/><SP WIDTH="14" VPOS="850" HPOS="515"/>
							<String ID="string_137" HPOS="529" VPOS="848" WIDTH="129" HEIGHT="30" WC="0.96" CONTENT="beslöts"/><SP WIDTH="16" VPOS="848" HPOS="658"/>
							<String ID="string_138" HPOS="674" VPOS="849" WIDTH="50" HEIGHT="29" WC="0.96" CONTENT="att"/><SP WIDTH="16" VPOS="849" HPOS="724"/>
							<String ID="string_139" HPOS="740" VPOS="848" WIDTH="137" HEIGHT="29" WC="0.96" CONTENT="senaste"/><SP WIDTH="15" VPOS="848" HPOS="877"/>
							<String ID="string_140" HPOS="892" VPOS="845" WIDTH="179" HEIGHT="31" WC="0.93" CONTENT="allmänna"/><SP WIDTH="15" VPOS="845" HPOS="1071"/>
							<String ID="string_141" HPOS="1086" VPOS="843" WIDTH="345" HEIGHT="41" WC="0.92" CONTENT="fastighetstaxering"/><SP WIDTH="16" VPOS="843" HPOS="1431"/>
							<String ID="string_142" HPOS="1447" VPOS="841" WIDTH="112" HEIGHT="30" WC="0.95" CONTENT="skulle"/><SP WIDTH="17" VPOS="841" HPOS="1559"/>
							<String ID="string_143" HPOS="1576" VPOS="842" WIDTH="64" HEIGHT="38" WC="0.96" CONTENT="äga"/>
						</TextLine>
						<TextLine ID="line_14" HPOS="140" VPOS="891" WIDTH="1501" HEIGHT="47">
							<String ID="string_144" HPOS="140" VPOS="911" WIDTH="78" HEIGHT="20" WC="0.96" CONTENT="rum"/><SP WIDTH="23" VPOS="911" HPOS="218"/>
							<String ID="string_145" HPOS="241" VPOS="901" WIDTH="38" HEIGHT="30" WC="0.96" CONTENT="år"/><SP WIDTH="25" VPOS="901" HPOS="279"/>
							<String ID="string_146" HPOS="304" VPOS="901" WIDTH="93" HEIGHT="33" WC="0.96" CONTENT="1952,"/><SP WIDTH="24" VPOS="901" HPOS="397"/>
							<String ID="string_147" HPOS="421" VPOS="899" WIDTH="117" HEIGHT="30" WC="0.96" CONTENT="fördes"/><SP WIDTH="23" VPOS="899" HPOS="538"/>
							<String ID="string_148" HPOS="561" VPOS="899" WIDTH="30" HEIGHT="39" WC="0.96" CONTENT="ej"/><SP WIDTH="25" VPOS="899" HPOS="591"/>
							<String ID="string_149" HPOS="616" VPOS="898" WIDTH="45" HEIGHT="40" WC="0.96" CONTENT="på"/><SP WIDTH="21" VPOS="898" HPOS="661"/>
							<String ID="string_150" HPOS="682" VPOS="898" WIDTH="48" HEIGHT="29" WC="0.96" CONTENT="tal"/><SP WIDTH="22" VPOS="898" HPOS="730"/>
							<String ID="string_151" HPOS="752" VPOS="899" WIDTH="65" HEIGHT="28" WC="0.96" CONTENT="när"/><SP WIDTH="22" VPOS="899" HPOS="817"/>
							<String ID="string_152" HPOS="839" VPOS="898" WIDTH="66" HEIGHT="29" WC="0.96" CONTENT="den"/><SP WIDTH="22" VPOS="898" HPOS="905"/>
							<String ID="string_153" HPOS="927" VPOS="895" WIDTH="110" HEIGHT="40" WC="0.96" CONTENT="därpå"/><SP WIDTH="22" VPOS="895" HPOS="1037"/>
							<String ID="string_154" HPOS="1059" VPOS="894" WIDTH="157" HEIGHT="40" WC="0.95" CONTENT="följande"/><SP WIDTH="23" VPOS="894" HPOS="1216"/>
							<String ID="string_155" HPOS="1239" VPOS="894" WIDTH="179" HEIGHT="29" WC="0.93" CONTENT="allmänna"/><SP WIDTH="23" VPOS="894" HPOS="1418"/>
							<String ID="string_156" HPOS="1441" VPOS="891" WIDTH="200" HEIGHT="40" WC="0.91" CONTENT="fastighets-"/>
						</TextLine>
						<TextLine ID="line_15" HPOS="141" VPOS="942" WIDTH="1500" HEIGHT="48">
							<String ID="string_157" HPOS="141" VPOS="951" WIDTH="203" HEIGHT="39" WC="0.92" CONTENT="taxeringen"/><SP WIDTH="19" VPOS="951" HPOS="344"/>
							<String ID="string_158" HPOS="363" VPOS="950" WIDTH="111" HEIGHT="30" WC="0.96" CONTENT="skulle"/><SP WIDTH="20" VPOS="950" HPOS="474"/>
							<String ID="string_159" HPOS="494" VPOS="949" WIDTH="72" HEIGHT="30" WC="0.96" CONTENT="ske."/><SP WIDTH="21" VPOS="949" HPOS="566"/>
							<String ID="string_160" HPOS="587" VPOS="950" WIDTH="13" HEIGHT="29" WC="0.96" CONTENT="I"/><SP WIDTH="20" VPOS="950" HPOS="600"/>
							<String ID="string_161" HPOS="620" VPOS="950" WIDTH="56" HEIGHT="29" WC="0.96" CONTENT="det"/><SP WIDTH="19" VPOS="950" HPOS="676"/>
							<String ID="string_162" HPOS="695" VPOS="947" WIDTH="139" HEIGHT="31" WC="0.96" CONTENT="relativt"/><SP WIDTH="20" VPOS="947" HPOS="834"/>
							<String ID="string_163" HPOS="854" VPOS="946" WIDTH="104" HEIGHT="31" WC="0.96" CONTENT="labila"/><SP WIDTH="18" VPOS="946" HPOS="958"/>
							<String ID="string_164" HPOS="976" VPOS="947" WIDTH="86" HEIGHT="39" WC="0.96" CONTENT="läge,"/><SP WIDTH="22" VPOS="947" HPOS="1062"/>
							<String ID="string_165" HPOS="1084" VPOS="954" WIDTH="75" HEIGHT="21" WC="0.96" CONTENT="som"/><SP WIDTH="19" VPOS="954" HPOS="1159"/>
							<String ID="string_166" HPOS="1178" VPOS="944" WIDTH="132" HEIGHT="41" WC="0.96" CONTENT="förelåg"/><SP WIDTH="20" VPOS="944" HPOS="1310"/>
							<String ID="string_167" HPOS="1330" VPOS="943" WIDTH="221" HEIGHT="30" WC="0.93" CONTENT="beträffande"/><SP WIDTH="21" VPOS="943" HPOS="1551"/>
							<String ID="string_168" HPOS="1572" VPOS="942" WIDTH="69" HEIGHT="30" WC="0.92" CONTENT="fas-"/>
						</TextLine>
						<TextLine ID="line_16" HPOS="140" VPOS="992" WIDTH="1501" HEIGHT="49">
							<String ID="string_169" HPOS="140" VPOS="1001" WIDTH="288" HEIGHT="40" WC="0.91" CONTENT="tighetspriserna"/><SP WIDTH="18" VPOS="1001" HPOS="428"/>
							<String ID="string_170" HPOS="446" VPOS="1000" WIDTH="58" HEIGHT="30" WC="0.96" CONTENT="vid"/><SP WIDTH="19" VPOS="1000" HPOS="504"/>
							<String ID="string_171" HPOS="523" VPOS="999" WIDTH="211" HEIGHT="40" WC="0.96" CONTENT="tidpunkten"/><SP WIDTH="20" VPOS="999" HPOS="734"/>
							<String ID="string_172" HPOS="754" VPOS="999" WIDTH="55" HEIGHT="29" WC="0.96" CONTENT="för"/><SP WIDTH="19" VPOS="999" HPOS="809"/>
							<String ID="string_173" HPOS="828" VPOS="998" WIDTH="155" HEIGHT="30" WC="0.96" CONTENT="nämnda"/><SP WIDTH="18" VPOS="998" HPOS="983"/>
							<String ID="string_174" HPOS="1001" VPOS="996" WIDTH="124" HEIGHT="34" WC="0.96" CONTENT="beslut,"/><SP WIDTH="20" VPOS="996" HPOS="1125"/>
							<String ID="string_175" HPOS="1145" VPOS="1005" WIDTH="61" HEIGHT="20" WC="0.96" CONTENT="var"/><SP WIDTH="20" VPOS="1005" HPOS="1206"/>
							<String ID="string_176" HPOS="1226" VPOS="995" WIDTH="57" HEIGHT="30" WC="0.96" CONTENT="det"/><SP WIDTH="20" VPOS="995" HPOS="1283"/>
							<String ID="string_177" HPOS="1303" VPOS="1004" WIDTH="41" HEIGHT="20" WC="0.96" CONTENT="en"/><SP WIDTH="21" VPOS="1004" HPOS="1344"/>
							<String ID="string_178" HPOS="1365" VPOS="993" WIDTH="144" HEIGHT="40" WC="0.96" CONTENT="avgjord"/><SP WIDTH="20" VPOS="993" HPOS="1509"/>
							<String ID="string_179" HPOS="1529" VPOS="992" WIDTH="112" HEIGHT="30" WC="0.96" CONTENT="fördel"/>
						</TextLine>
						<TextLine ID="line_17" HPOS="140" VPOS="1045" WIDTH="1503" HEIGHT="42">
							<String ID="string_180" HPOS="140" VPOS="1056" WIDTH="48" HEIGHT="27" WC="0.96" CONTENT="att"/><SP WIDTH="28" VPOS="1056" HPOS="188"/>
							<String ID="string_181" HPOS="216" VPOS="1055" WIDTH="106" HEIGHT="28" WC="0.96" CONTENT="vänta"/><SP WIDTH="29" VPOS="1055" HPOS="322"/>
							<String ID="string_182" HPOS="351" VPOS="1054" WIDTH="53" HEIGHT="28" WC="0.96" CONTENT="för"/><SP WIDTH="27" VPOS="1054" HPOS="404"/>
							<String ID="string_183" HPOS="431" VPOS="1054" WIDTH="50" HEIGHT="28" WC="0.96" CONTENT="att"/><SP WIDTH="28" VPOS="1054" HPOS="481"/>
							<String ID="string_184" HPOS="509" VPOS="1060" WIDTH="122" HEIGHT="21" WC="0.96" CONTENT="senare"/><SP WIDTH="27" VPOS="1060" HPOS="631"/>
							<String ID="string_185" HPOS="658" VPOS="1051" WIDTH="147" HEIGHT="29" WC="0.96" CONTENT="bedöma"/><SP WIDTH="26" VPOS="1051" HPOS="805"/>
							<String ID="string_186" HPOS="831" VPOS="1051" WIDTH="64" HEIGHT="29" WC="0.96" CONTENT="när"/><SP WIDTH="27" VPOS="1051" HPOS="895"/>
							<String ID="string_187" HPOS="922" VPOS="1050" WIDTH="131" HEIGHT="29" WC="0.93" CONTENT="allmän"/><SP WIDTH="28" VPOS="1050" HPOS="1053"/>
							<String ID="string_188" HPOS="1081" VPOS="1046" WIDTH="345" HEIGHT="41" WC="0.91" CONTENT="fastighetstaxering"/><SP WIDTH="28" VPOS="1046" HPOS="1426"/>
							<String ID="string_189" HPOS="1454" VPOS="1045" WIDTH="189" HEIGHT="40" WC="0.96" CONTENT="lämpligen"/>
						</TextLine>
						<TextLine ID="line_18" HPOS="142" VPOS="1092" WIDTH="1499" HEIGHT="47">
							<String ID="string_190" HPOS="142" VPOS="1103" WIDTH="105" HEIGHT="30" WC="0.96" CONTENT="borde"/><SP WIDTH="18" VPOS="1103" HPOS="247"/>
							<String ID="string_191" HPOS="265" VPOS="1103" WIDTH="61" HEIGHT="29" WC="0.95" CONTENT="ske"/><SP WIDTH="18" VPOS="1103" HPOS="326"/>
							<String ID="string_192" HPOS="344" VPOS="1102" WIDTH="87" HEIGHT="29" WC="0.96" CONTENT="efter"/><SP WIDTH="19" VPOS="1102" HPOS="431"/>
							<String ID="string_193" HPOS="450" VPOS="1101" WIDTH="83" HEIGHT="30" WC="0.96" CONTENT="1952"/><SP WIDTH="19" VPOS="1101" HPOS="533"/>
							<String ID="string_194" HPOS="552" VPOS="1100" WIDTH="57" HEIGHT="30" WC="0.93" CONTENT="års"/><SP WIDTH="18" VPOS="1100" HPOS="609"/>
							<String ID="string_195" HPOS="627" VPOS="1098" WIDTH="353" HEIGHT="41" WC="0.91" CONTENT="fastighetstaxering."/><SP WIDTH="19" VPOS="1098" HPOS="980"/>
							<String ID="string_196" HPOS="999" VPOS="1097" WIDTH="117" HEIGHT="39" WC="0.95" CONTENT="Några"/><SP WIDTH="17" VPOS="1097" HPOS="1116"/>
							<String ID="string_197" HPOS="1133" VPOS="1097" WIDTH="111" HEIGHT="29" WC="0.95" CONTENT="större"/><SP WIDTH="17" VPOS="1097" HPOS="1244"/>
							<String ID="string_198" HPOS="1261" VPOS="1094" WIDTH="247" HEIGHT="39" WC="0.96" CONTENT="förändringar"/><SP WIDTH="16" VPOS="1094" HPOS="1508"/>
							<String ID="string_199" HPOS="1524" VPOS="1093" WIDTH="12" HEIGHT="29" WC="0.93" CONTENT="i"/><SP WIDTH="17" VPOS="1093" HPOS="1536"/>
							<String ID="string_200" HPOS="1553" VPOS="1092" WIDTH="88" HEIGHT="41" WC="0.92" CONTENT="pris-"/>
						</TextLine>
						<TextLine ID="line_19" HPOS="141" VPOS="1144" WIDTH="1503" HEIGHT="48">
							<String ID="string_201" HPOS="141" VPOS="1154" WIDTH="104" HEIGHT="30" WC="0.81" CONTENT="pivån"/><SP WIDTH="21" VPOS="1154" HPOS="245"/>
							<String ID="string_202" HPOS="266" VPOS="1154" WIDTH="55" HEIGHT="29" WC="0.95" CONTENT="för"/><SP WIDTH="20" VPOS="1154" HPOS="321"/>
							<String ID="string_203" HPOS="341" VPOS="1153" WIDTH="203" HEIGHT="39" WC="0.96" CONTENT="fastigheter"/><SP WIDTH="20" VPOS="1153" HPOS="544"/>
							<String ID="string_204" HPOS="564" VPOS="1152" WIDTH="64" HEIGHT="30" WC="0.96" CONTENT="har"/><SP WIDTH="19" VPOS="1152" HPOS="628"/>
							<String ID="string_205" HPOS="647" VPOS="1151" WIDTH="75" HEIGHT="30" WC="0.92" CONTENT="icke"/><SP WIDTH="20" VPOS="1151" HPOS="722"/>
							<String ID="string_206" HPOS="742" VPOS="1150" WIDTH="225" HEIGHT="31" WC="0.96" CONTENT="förekommit"/><SP WIDTH="21" VPOS="1150" HPOS="967"/>
							<String ID="string_207" HPOS="988" VPOS="1150" WIDTH="107" HEIGHT="29" WC="0.96" CONTENT="sedan"/><SP WIDTH="22" VPOS="1150" HPOS="1095"/>
							<String ID="string_208" HPOS="1117" VPOS="1148" WIDTH="82" HEIGHT="30" WC="0.95" CONTENT="1952"/><SP WIDTH="21" VPOS="1148" HPOS="1199"/>
							<String ID="string_209" HPOS="1220" VPOS="1148" WIDTH="56" HEIGHT="29" WC="0.92" CONTENT="års"/><SP WIDTH="20" VPOS="1148" HPOS="1276"/>
							<String ID="string_210" HPOS="1296" VPOS="1146" WIDTH="309" HEIGHT="40" WC="0.92" CONTENT="taxeringsvärden"/><SP WIDTH="20" VPOS="1146" HPOS="1605"/>
							<String ID="string_211" HPOS="1625" VPOS="1144" WIDTH="19" HEIGHT="30" WC="0.89" CONTENT="å"/>
						</TextLine>
						<TextLine ID="line_20" HPOS="142" VPOS="1195" WIDTH="1500" HEIGHT="47">
							<String ID="string_212" HPOS="142" VPOS="1202" WIDTH="205" HEIGHT="40" WC="0.96" CONTENT="fastigheter"/><SP WIDTH="21" VPOS="1202" HPOS="347"/>
							<String ID="string_213" HPOS="368" VPOS="1201" WIDTH="214" HEIGHT="30" WC="0.96" CONTENT="fastställdes"/><SP WIDTH="22" VPOS="1201" HPOS="582"/>
							<String ID="string_214" HPOS="604" VPOS="1201" WIDTH="65" HEIGHT="29" WC="0.96" CONTENT="och"/><SP WIDTH="20" VPOS="1201" HPOS="669"/>
							<String ID="string_215" HPOS="689" VPOS="1201" WIDTH="108" HEIGHT="33" WC="0.96" CONTENT="torde,"/><SP WIDTH="23" VPOS="1201" HPOS="797"/>
							<String ID="string_216" HPOS="820" VPOS="1198" WIDTH="104" HEIGHT="31" WC="0.95" CONTENT="såvitt"/><SP WIDTH="20" VPOS="1198" HPOS="924"/>
							<String ID="string_217" HPOS="944" VPOS="1208" WIDTH="47" HEIGHT="20" WC="0.96" CONTENT="nu"/><SP WIDTH="22" VPOS="1208" HPOS="991"/>
							<String ID="string_218" HPOS="1013" VPOS="1198" WIDTH="73" HEIGHT="30" WC="0.96" CONTENT="kan"/><SP WIDTH="19" VPOS="1198" HPOS="1086"/>
							<String ID="string_219" HPOS="1105" VPOS="1197" WIDTH="176" HEIGHT="34" WC="0.96" CONTENT="bedömas,"/><SP WIDTH="23" VPOS="1197" HPOS="1281"/>
							<String ID="string_220" HPOS="1304" VPOS="1196" WIDTH="174" HEIGHT="39" WC="0.96" CONTENT="knappast"/><SP WIDTH="21" VPOS="1196" HPOS="1478"/>
							<String ID="string_221" HPOS="1499" VPOS="1195" WIDTH="143" HEIGHT="29" WC="0.96" CONTENT="komma"/>
						</TextLine>
						<TextLine ID="line_21" HPOS="143" VPOS="1245" WIDTH="1499" HEIGHT="44">
							<String ID="string_222" HPOS="143" VPOS="1255" WIDTH="49" HEIGHT="29" WC="0.96" CONTENT="att"/><SP WIDTH="20" VPOS="1255" HPOS="192"/>
							<String ID="string_223" HPOS="212" VPOS="1253" WIDTH="150" HEIGHT="30" WC="0.96" CONTENT="inträffa"/><SP WIDTH="19" VPOS="1253" HPOS="362"/>
							<String ID="string_224" HPOS="381" VPOS="1253" WIDTH="111" HEIGHT="29" WC="0.96" CONTENT="under"/><SP WIDTH="21" VPOS="1253" HPOS="492"/>
							<String ID="string_225" HPOS="513" VPOS="1252" WIDTH="68" HEIGHT="29" WC="0.96" CONTENT="den"/><SP WIDTH="19" VPOS="1252" HPOS="581"/>
							<String ID="string_226" HPOS="600" VPOS="1251" WIDTH="51" HEIGHT="30" WC="0.96" CONTENT="tid"/><SP WIDTH="21" VPOS="1251" HPOS="651"/>
							<String ID="string_227" HPOS="672" VPOS="1260" WIDTH="42" HEIGHT="20" WC="0.96" CONTENT="av"/><SP WIDTH="21" VPOS="1260" HPOS="714"/>
							<String ID="string_228" HPOS="735" VPOS="1251" WIDTH="102" HEIGHT="38" WC="0.96" CONTENT="drygt"/><SP WIDTH="21" VPOS="1251" HPOS="837"/>
							<String ID="string_229" HPOS="858" VPOS="1252" WIDTH="48" HEIGHT="28" WC="0.96" CONTENT="ett"/><SP WIDTH="20" VPOS="1252" HPOS="906"/>
							<String ID="string_230" HPOS="926" VPOS="1249" WIDTH="38" HEIGHT="30" WC="0.95" CONTENT="år"/><SP WIDTH="22" VPOS="1249" HPOS="964"/>
							<String ID="string_231" HPOS="986" VPOS="1257" WIDTH="75" HEIGHT="21" WC="0.96" CONTENT="som"/><SP WIDTH="23" VPOS="1257" HPOS="1061"/>
							<String ID="string_232" HPOS="1084" VPOS="1247" WIDTH="158" HEIGHT="34" WC="0.95" CONTENT="återstår,"/><SP WIDTH="22" VPOS="1247" HPOS="1242"/>
							<String ID="string_233" HPOS="1264" VPOS="1256" WIDTH="58" HEIGHT="20" WC="0.96" CONTENT="om"/><SP WIDTH="21" VPOS="1256" HPOS="1322"/>
							<String ID="string_234" HPOS="1343" VPOS="1247" WIDTH="101" HEIGHT="29" WC="0.96" CONTENT="nästa"/><SP WIDTH="20" VPOS="1247" HPOS="1444"/>
							<String ID="string_235" HPOS="1464" VPOS="1245" WIDTH="178" HEIGHT="32" WC="0.96" CONTENT="allmänna"/>
						</TextLine>
						<TextLine ID="line_22" HPOS="143" VPOS="1295" WIDTH="1499" HEIGHT="48">
							<String ID="string_236" HPOS="143" VPOS="1302" WIDTH="344" HEIGHT="41" WC="0.91" CONTENT="fastighetstaxering"/><SP WIDTH="26" VPOS="1302" HPOS="487"/>
							<String ID="string_237" HPOS="513" VPOS="1301" WIDTH="91" HEIGHT="31" WC="0.96" CONTENT="skall"/><SP WIDTH="26" VPOS="1301" HPOS="604"/>
							<String ID="string_238" HPOS="630" VPOS="1302" WIDTH="63" HEIGHT="39" WC="0.96" CONTENT="äga"/><SP WIDTH="25" VPOS="1302" HPOS="693"/>
							<String ID="string_239" HPOS="718" VPOS="1310" WIDTH="80" HEIGHT="20" WC="0.96" CONTENT="rum"/><SP WIDTH="26" VPOS="1310" HPOS="798"/>
							<String ID="string_240" HPOS="824" VPOS="1300" WIDTH="38" HEIGHT="30" WC="0.96" CONTENT="år"/><SP WIDTH="28" VPOS="1300" HPOS="862"/>
							<String ID="string_241" HPOS="890" VPOS="1300" WIDTH="93" HEIGHT="30" WC="0.96" CONTENT="1955."/><SP WIDTH="27" VPOS="1300" HPOS="983"/>
							<String ID="string_242" HPOS="1010" VPOS="1299" WIDTH="68" HEIGHT="30" WC="0.96" CONTENT="Om"/><SP WIDTH="26" VPOS="1299" HPOS="1078"/>
							<String ID="string_243" HPOS="1104" VPOS="1298" WIDTH="111" HEIGHT="30" WC="0.96" CONTENT="sådan"/><SP WIDTH="23" VPOS="1298" HPOS="1215"/>
							<String ID="string_244" HPOS="1238" VPOS="1297" WIDTH="159" HEIGHT="39" WC="0.93" CONTENT="taxering"/><SP WIDTH="26" VPOS="1297" HPOS="1397"/>
							<String ID="string_245" HPOS="1423" VPOS="1295" WIDTH="219" HEIGHT="40" WC="0.92" CONTENT="genomföres"/>
						</TextLine>
						<TextLine ID="line_23" HPOS="143" VPOS="1347" WIDTH="1500" HEIGHT="44">
							<String ID="string_246" HPOS="143" VPOS="1354" WIDTH="108" HEIGHT="30" WC="0.96" CONTENT="redan"/><SP WIDTH="21" VPOS="1354" HPOS="251"/>
							<String ID="string_247" HPOS="272" VPOS="1354" WIDTH="39" HEIGHT="30" WC="0.96" CONTENT="år"/><SP WIDTH="24" VPOS="1354" HPOS="311"/>
							<String ID="string_248" HPOS="335" VPOS="1353" WIDTH="92" HEIGHT="35" WC="0.96" CONTENT="1955,"/><SP WIDTH="23" VPOS="1353" HPOS="427"/>
							<String ID="string_249" HPOS="450" VPOS="1353" WIDTH="98" HEIGHT="29" WC="0.96" CONTENT="torde"/><SP WIDTH="23" VPOS="1353" HPOS="548"/>
							<String ID="string_250" HPOS="571" VPOS="1353" WIDTH="40" HEIGHT="29" WC="0.96" CONTENT="de"/><SP WIDTH="22" VPOS="1353" HPOS="611"/>
							<String ID="string_251" HPOS="633" VPOS="1362" WIDTH="47" HEIGHT="20" WC="0.96" CONTENT="nu"/><SP WIDTH="23" VPOS="1362" HPOS="680"/>
							<String ID="string_252" HPOS="703" VPOS="1351" WIDTH="160" HEIGHT="40" WC="0.93" CONTENT="gällande"/><SP WIDTH="21" VPOS="1351" HPOS="863"/>
							<String ID="string_253" HPOS="884" VPOS="1349" WIDTH="333" HEIGHT="40" WC="0.91" CONTENT="taxeringsvärdena"/><SP WIDTH="20" VPOS="1349" HPOS="1217"/>
							<String ID="string_254" HPOS="1237" VPOS="1348" WIDTH="37" HEIGHT="30" WC="0.93" CONTENT="få"/><SP WIDTH="22" VPOS="1348" HPOS="1274"/>
							<String ID="string_255" HPOS="1296" VPOS="1348" WIDTH="144" HEIGHT="39" WC="0.92" CONTENT="antagas"/><SP WIDTH="21" VPOS="1348" HPOS="1440"/>
							<String ID="string_256" HPOS="1461" VPOS="1347" WIDTH="11" HEIGHT="29" WC="0.96" CONTENT="i"/><SP WIDTH="24" VPOS="1347" HPOS="1472"/>
							<String ID="string_257" HPOS="1496" VPOS="1347" WIDTH="72" HEIGHT="29" WC="0.93" CONTENT="stor"/><SP WIDTH="22" VPOS="1347" HPOS="1568"/>
							<String ID="string_258" HPOS="1590" VPOS="1347" WIDTH="53" HEIGHT="28" WC="0.91" CONTENT="ut-"/>
						</TextLine>
						<TextLine ID="line_24" HPOS="144" VPOS="1397" WIDTH="1499" HEIGHT="46">
							<String ID="string_259" HPOS="144" VPOS="1403" WIDTH="204" HEIGHT="40" WC="0.96" CONTENT="sträckning"/><SP WIDTH="18" VPOS="1403" HPOS="348"/>
							<String ID="string_260" HPOS="366" VPOS="1404" WIDTH="141" HEIGHT="29" WC="0.95" CONTENT="komma"/><SP WIDTH="19" VPOS="1404" HPOS="507"/>
							<String ID="string_261" HPOS="526" VPOS="1405" WIDTH="51" HEIGHT="28" WC="0.97" CONTENT="att"/><SP WIDTH="19" VPOS="1405" HPOS="577"/>
							<String ID="string_262" HPOS="596" VPOS="1402" WIDTH="233" HEIGHT="29" WC="0.96" CONTENT="oförändrade"/><SP WIDTH="20" VPOS="1402" HPOS="829"/>
							<String ID="string_263" HPOS="849" VPOS="1400" WIDTH="192" HEIGHT="31" WC="0.96" CONTENT="fastställas"/><SP WIDTH="21" VPOS="1400" HPOS="1041"/>
							<String ID="string_264" HPOS="1062" VPOS="1408" WIDTH="76" HEIGHT="21" WC="0.96" CONTENT="som"/><SP WIDTH="18" VPOS="1408" HPOS="1138"/>
							<String ID="string_265" HPOS="1156" VPOS="1408" WIDTH="69" HEIGHT="30" WC="0.93" CONTENT="nya"/><SP WIDTH="18" VPOS="1408" HPOS="1225"/>
							<String ID="string_266" HPOS="1243" VPOS="1397" WIDTH="319" HEIGHT="40" WC="0.90" CONTENT="taxeringsvärden."/><SP WIDTH="21" VPOS="1397" HPOS="1562"/>
							<String ID="string_267" HPOS="1583" VPOS="1397" WIDTH="60" HEIGHT="28" WC="0.92" CONTENT="Be-"/>
						</TextLine>
						<TextLine ID="line_25" HPOS="147" VPOS="1445" WIDTH="1499" HEIGHT="46">
							<String ID="string_268" HPOS="147" VPOS="1454" WIDTH="179" HEIGHT="30" WC="0.93" CONTENT="träffande"/><SP WIDTH="21" VPOS="1454" HPOS="326"/>
							<String ID="string_269" HPOS="347" VPOS="1453" WIDTH="202" HEIGHT="38" WC="0.89" CONTENT="taxeringen"/><SP WIDTH="22" VPOS="1453" HPOS="549"/>
							<String ID="string_270" HPOS="571" VPOS="1461" WIDTH="42" HEIGHT="21" WC="0.93" CONTENT="av"/><SP WIDTH="21" VPOS="1461" HPOS="613"/>
							<String ID="string_271" HPOS="634" VPOS="1451" WIDTH="310" HEIGHT="39" WC="0.90" CONTENT="skogsfastigheter"/><SP WIDTH="23" VPOS="1451" HPOS="944"/>
							<String ID="string_272" HPOS="967" VPOS="1449" WIDTH="114" HEIGHT="30" WC="0.96" CONTENT="skulle"/><SP WIDTH="23" VPOS="1449" HPOS="1081"/>
							<String ID="string_273" HPOS="1104" VPOS="1449" WIDTH="89" HEIGHT="29" WC="0.96" CONTENT="dock"/><SP WIDTH="22" VPOS="1449" HPOS="1193"/>
							<String ID="string_274" HPOS="1215" VPOS="1447" WIDTH="193" HEIGHT="30" WC="0.96" CONTENT="avvikelser"/><SP WIDTH="22" VPOS="1447" HPOS="1408"/>
							<String ID="string_275" HPOS="1430" VPOS="1447" WIDTH="143" HEIGHT="28" WC="0.96" CONTENT="komma"/><SP WIDTH="23" VPOS="1447" HPOS="1573"/>
							<String ID="string_276" HPOS="1596" VPOS="1445" WIDTH="50" HEIGHT="28" WC="0.96" CONTENT="att"/>
						</TextLine>
						<TextLine ID="line_26" HPOS="144" VPOS="1497" WIDTH="1500" HEIGHT="47">
							<String ID="string_277" HPOS="144" VPOS="1505" WIDTH="60" HEIGHT="30" WC="0.96" CONTENT="ske"/><SP WIDTH="19" VPOS="1505" HPOS="204"/>
							<String ID="string_278" HPOS="223" VPOS="1507" WIDTH="11" HEIGHT="29" WC="0.96" CONTENT="i"/><SP WIDTH="19" VPOS="1507" HPOS="234"/>
							<String ID="string_279" HPOS="253" VPOS="1515" WIDTH="43" HEIGHT="21" WC="0.96" CONTENT="en"/><SP WIDTH="19" VPOS="1515" HPOS="296"/>
							<String ID="string_280" HPOS="315" VPOS="1505" WIDTH="104" HEIGHT="39" WC="0.96" CONTENT="något"/><SP WIDTH="19" VPOS="1505" HPOS="419"/>
							<String ID="string_281" HPOS="438" VPOS="1505" WIDTH="110" HEIGHT="28" WC="0.96" CONTENT="större"/><SP WIDTH="19" VPOS="1505" HPOS="548"/>
							<String ID="string_282" HPOS="567" VPOS="1502" WIDTH="222" HEIGHT="39" WC="0.96" CONTENT="omfattning,"/><SP WIDTH="19" VPOS="1502" HPOS="789"/>
							<String ID="string_283" HPOS="808" VPOS="1501" WIDTH="106" HEIGHT="30" WC="0.96" CONTENT="bland"/><SP WIDTH="19" VPOS="1501" HPOS="914"/>
							<String ID="string_284" HPOS="933" VPOS="1501" WIDTH="107" HEIGHT="29" WC="0.96" CONTENT="annat"/><SP WIDTH="19" VPOS="1501" HPOS="1040"/>
							<String ID="string_285" HPOS="1059" VPOS="1499" WIDTH="46" HEIGHT="41" WC="0.96" CONTENT="på"/><SP WIDTH="18" VPOS="1499" HPOS="1105"/>
							<String ID="string_286" HPOS="1123" VPOS="1499" WIDTH="113" HEIGHT="39" WC="0.96" CONTENT="grund"/><SP WIDTH="19" VPOS="1499" HPOS="1236"/>
							<String ID="string_287" HPOS="1255" VPOS="1508" WIDTH="43" HEIGHT="21" WC="0.96" CONTENT="av"/><SP WIDTH="19" VPOS="1508" HPOS="1298"/>
							<String ID="string_288" HPOS="1317" VPOS="1500" WIDTH="66" HEIGHT="29" WC="0.96" CONTENT="den"/><SP WIDTH="19" VPOS="1500" HPOS="1383"/>
							<String ID="string_289" HPOS="1402" VPOS="1497" WIDTH="153" HEIGHT="30" WC="0.93" CONTENT="ändrade"/><SP WIDTH="20" VPOS="1497" HPOS="1555"/>
							<String ID="string_290" HPOS="1575" VPOS="1505" WIDTH="69" HEIGHT="21" WC="0.92" CONTENT="me-"/>
						</TextLine>
						<TextLine ID="line_27" HPOS="146" VPOS="1547" WIDTH="1498" HEIGHT="47">
							<String ID="string_291" HPOS="146" VPOS="1555" WIDTH="57" HEIGHT="30" WC="0.92" CONTENT="tod"/><SP WIDTH="24" VPOS="1555" HPOS="203"/>
							<String ID="string_292" HPOS="227" VPOS="1555" WIDTH="55" HEIGHT="30" WC="0.96" CONTENT="för"/><SP WIDTH="23" VPOS="1555" HPOS="282"/>
							<String ID="string_293" HPOS="305" VPOS="1552" WIDTH="300" HEIGHT="42" WC="0.96" CONTENT="uppskattningen"/><SP WIDTH="24" VPOS="1552" HPOS="605"/>
							<String ID="string_294" HPOS="629" VPOS="1562" WIDTH="41" HEIGHT="21" WC="0.96" CONTENT="av"/><SP WIDTH="24" VPOS="1562" HPOS="670"/>
							<String ID="string_295" HPOS="694" VPOS="1552" WIDTH="109" HEIGHT="30" WC="0.96" CONTENT="sådan"/><SP WIDTH="24" VPOS="1552" HPOS="803"/>
							<String ID="string_296" HPOS="827" VPOS="1551" WIDTH="183" HEIGHT="39" WC="0.96" CONTENT="fastighets"/><SP WIDTH="25" VPOS="1551" HPOS="1010"/>
							<String ID="string_297" HPOS="1035" VPOS="1550" WIDTH="116" HEIGHT="34" WC="0.96" CONTENT="värde,"/><SP WIDTH="25" VPOS="1550" HPOS="1151"/>
							<String ID="string_298" HPOS="1176" VPOS="1558" WIDTH="75" HEIGHT="21" WC="0.96" CONTENT="som"/><SP WIDTH="24" VPOS="1558" HPOS="1251"/>
							<String ID="string_299" HPOS="1275" VPOS="1549" WIDTH="39" HEIGHT="29" WC="0.96" CONTENT="år"/><SP WIDTH="27" VPOS="1549" HPOS="1314"/>
							<String ID="string_300" HPOS="1341" VPOS="1549" WIDTH="80" HEIGHT="29" WC="0.96" CONTENT="1951"/><SP WIDTH="26" VPOS="1549" HPOS="1421"/>
							<String ID="string_301" HPOS="1447" VPOS="1549" WIDTH="123" HEIGHT="37" WC="0.95" CONTENT="antogs"/><SP WIDTH="25" VPOS="1549" HPOS="1570"/>
							<String ID="string_302" HPOS="1595" VPOS="1547" WIDTH="49" HEIGHT="29" WC="0.95" CONTENT="att"/>
						</TextLine>
						<TextLine ID="line_28" HPOS="146" VPOS="1602" WIDTH="902" HEIGHT="43">
							<String ID="string_303" HPOS="146" VPOS="1606" WIDTH="88" HEIGHT="39" WC="0.96" CONTENT="gälla"/><SP WIDTH="17" VPOS="1606" HPOS="234"/>
							<String ID="string_304" HPOS="251" VPOS="1605" WIDTH="57" HEIGHT="30" WC="0.96" CONTENT="vid"/><SP WIDTH="19" VPOS="1605" HPOS="308"/>
							<String ID="string_305" HPOS="327" VPOS="1605" WIDTH="81" HEIGHT="30" WC="0.96" CONTENT="1955"/><SP WIDTH="18" VPOS="1605" HPOS="408"/>
							<String ID="string_306" HPOS="426" VPOS="1604" WIDTH="55" HEIGHT="30" WC="0.96" CONTENT="års"/><SP WIDTH="17" VPOS="1604" HPOS="481"/>
							<String ID="string_307" HPOS="498" VPOS="1604" WIDTH="180" HEIGHT="30" WC="0.93" CONTENT="allmänna"/><SP WIDTH="15" VPOS="1604" HPOS="678"/>
							<String ID="string_308" HPOS="693" VPOS="1602" WIDTH="355" HEIGHT="40" WC="0.91" CONTENT="fastighetstaxering."/>
						</TextLine>
					</TextBlock>
					<TextBlock ID="block_3" HPOS="149" VPOS="1648" WIDTH="1499" HEIGHT="397">
						<TextLine ID="line_29" HPOS="192" VPOS="1648" WIDTH="1454" HEIGHT="45">
							<String ID="string_309" HPOS="192" VPOS="1656" WIDTH="77" HEIGHT="29" WC="0.95" CONTENT="Med"/><SP WIDTH="24" VPOS="1656" HPOS="269"/>
							<String ID="string_310" HPOS="293" VPOS="1655" WIDTH="138" HEIGHT="38" WC="0.96" CONTENT="hänsyn"/><SP WIDTH="23" VPOS="1655" HPOS="431"/>
							<String ID="string_311" HPOS="454" VPOS="1654" WIDTH="52" HEIGHT="30" WC="0.96" CONTENT="till"/><SP WIDTH="23" VPOS="1654" HPOS="506"/>
							<String ID="string_312" HPOS="529" VPOS="1655" WIDTH="52" HEIGHT="28" WC="0.96" CONTENT="att"/><SP WIDTH="22" VPOS="1655" HPOS="581"/>
							<String ID="string_313" HPOS="603" VPOS="1654" WIDTH="79" HEIGHT="29" WC="0.96" CONTENT="med"/><SP WIDTH="23" VPOS="1654" HPOS="682"/>
							<String ID="string_314" HPOS="705" VPOS="1662" WIDTH="43" HEIGHT="20" WC="0.96" CONTENT="en"/><SP WIDTH="24" VPOS="1662" HPOS="748"/>
							<String ID="string_315" HPOS="772" VPOS="1653" WIDTH="130" HEIGHT="29" WC="0.93" CONTENT="allmän"/><SP WIDTH="26" VPOS="1653" HPOS="902"/>
							<String ID="string_316" HPOS="928" VPOS="1650" WIDTH="347" HEIGHT="40" WC="0.91" CONTENT="fastighetstaxering"/><SP WIDTH="24" VPOS="1650" HPOS="1275"/>
							<String ID="string_317" HPOS="1299" VPOS="1650" WIDTH="38" HEIGHT="28" WC="0.96" CONTENT="är"/><SP WIDTH="24" VPOS="1650" HPOS="1337"/>
							<String ID="string_318" HPOS="1361" VPOS="1648" WIDTH="165" HEIGHT="30" WC="0.96" CONTENT="förenade"/><SP WIDTH="26" VPOS="1648" HPOS="1526"/>
							<String ID="string_319" HPOS="1552" VPOS="1648" WIDTH="94" HEIGHT="28" WC="0.96" CONTENT="stora"/>
						</TextLine>
						<TextLine ID="line_30" HPOS="149" VPOS="1698" WIDTH="1498" HEIGHT="45">
							<String ID="string_320" HPOS="149" VPOS="1706" WIDTH="190" HEIGHT="30" WC="0.96" CONTENT="kostnader"/><SP WIDTH="20" VPOS="1706" HPOS="339"/>
							<String ID="string_321" HPOS="359" VPOS="1705" WIDTH="64" HEIGHT="30" WC="0.96" CONTENT="och"/><SP WIDTH="19" VPOS="1705" HPOS="423"/>
							<String ID="string_322" HPOS="442" VPOS="1704" WIDTH="170" HEIGHT="39" WC="0.95" CONTENT="åtskilligt"/><SP WIDTH="19" VPOS="1704" HPOS="612"/>
							<String ID="string_323" HPOS="631" VPOS="1704" WIDTH="126" HEIGHT="33" WC="0.96" CONTENT="arbete,"/><SP WIDTH="21" VPOS="1704" HPOS="757"/>
							<String ID="string_324" HPOS="778" VPOS="1703" WIDTH="61" HEIGHT="29" WC="0.96" CONTENT="bör"/><SP WIDTH="20" VPOS="1703" HPOS="839"/>
							<String ID="string_325" HPOS="859" VPOS="1702" WIDTH="131" HEIGHT="30" WC="0.93" CONTENT="sådana"/><SP WIDTH="19" VPOS="1702" HPOS="990"/>
							<String ID="string_326" HPOS="1009" VPOS="1701" WIDTH="199" HEIGHT="38" WC="0.91" CONTENT="taxeringar"/><SP WIDTH="19" VPOS="1701" HPOS="1208"/>
							<String ID="string_327" HPOS="1227" VPOS="1700" WIDTH="77" HEIGHT="29" WC="0.96" CONTENT="icke"/><SP WIDTH="19" VPOS="1700" HPOS="1304"/>
							<String ID="string_328" HPOS="1323" VPOS="1699" WIDTH="141" HEIGHT="30" WC="0.96" CONTENT="komma"/><SP WIDTH="22" VPOS="1699" HPOS="1464"/>
							<String ID="string_329" HPOS="1486" VPOS="1698" WIDTH="56" HEIGHT="29" WC="0.96" CONTENT="för"/><SP WIDTH="21" VPOS="1698" HPOS="1542"/>
							<String ID="string_330" HPOS="1563" VPOS="1698" WIDTH="84" HEIGHT="29" WC="0.95" CONTENT="ofta."/>
						</TextLine>
						<TextLine ID="line_31" HPOS="150" VPOS="1748" WIDTH="1498" HEIGHT="45">
							<String ID="string_331" HPOS="150" VPOS="1757" WIDTH="66" HEIGHT="30" WC="0.96" CONTENT="Om"/><SP WIDTH="31" VPOS="1757" HPOS="216"/>
							<String ID="string_332" HPOS="247" VPOS="1757" WIDTH="102" HEIGHT="29" WC="0.96" CONTENT="nästa"/><SP WIDTH="30" VPOS="1757" HPOS="349"/>
							<String ID="string_333" HPOS="379" VPOS="1756" WIDTH="178" HEIGHT="29" WC="0.93" CONTENT="allmänna"/><SP WIDTH="29" VPOS="1756" HPOS="557"/>
							<String ID="string_334" HPOS="586" VPOS="1753" WIDTH="345" HEIGHT="40" WC="0.88" CONTENT="fastighetstaxering"/><SP WIDTH="29" VPOS="1753" HPOS="931"/>
							<String ID="string_335" HPOS="960" VPOS="1752" WIDTH="220" HEIGHT="39" WC="0.92" CONTENT="genomföres"/><SP WIDTH="31" VPOS="1752" HPOS="1180"/>
							<String ID="string_336" HPOS="1211" VPOS="1751" WIDTH="109" HEIGHT="29" WC="0.96" CONTENT="redan"/><SP WIDTH="31" VPOS="1751" HPOS="1320"/>
							<String ID="string_337" HPOS="1351" VPOS="1750" WIDTH="38" HEIGHT="30" WC="0.96" CONTENT="år"/><SP WIDTH="31" VPOS="1750" HPOS="1389"/>
							<String ID="string_338" HPOS="1420" VPOS="1749" WIDTH="82" HEIGHT="29" WC="0.96" CONTENT="1955"/><SP WIDTH="33" VPOS="1749" HPOS="1502"/>
							<String ID="string_339" HPOS="1535" VPOS="1748" WIDTH="113" HEIGHT="29" WC="0.96" CONTENT="skulle"/>
						</TextLine>
						<TextLine ID="line_32" HPOS="150" VPOS="1798" WIDTH="1497" HEIGHT="47">
							<String ID="string_340" HPOS="150" VPOS="1806" WIDTH="469" HEIGHT="39" WC="0.91" CONTENT="taxeringsmyndigheterna"/><SP WIDTH="37" VPOS="1806" HPOS="619"/>
							<String ID="string_341" HPOS="656" VPOS="1805" WIDTH="36" HEIGHT="29" WC="0.96" CONTENT="få"/><SP WIDTH="36" VPOS="1805" HPOS="692"/>
							<String ID="string_342" HPOS="728" VPOS="1805" WIDTH="89" HEIGHT="38" WC="0.96" CONTENT="ägna"/><SP WIDTH="37" VPOS="1805" HPOS="817"/>
							<String ID="string_343" HPOS="854" VPOS="1812" WIDTH="43" HEIGHT="21" WC="0.94" CONTENT="en"/><SP WIDTH="35" VPOS="1812" HPOS="897"/>
							<String ID="string_344" HPOS="932" VPOS="1802" WIDTH="140" HEIGHT="30" WC="0.94" CONTENT="relativt"/><SP WIDTH="36" VPOS="1802" HPOS="1072"/>
							<String ID="string_345" HPOS="1108" VPOS="1803" WIDTH="70" HEIGHT="28" WC="0.96" CONTENT="stor"/><SP WIDTH="38" VPOS="1803" HPOS="1178"/>
							<String ID="string_346" HPOS="1216" VPOS="1801" WIDTH="56" HEIGHT="29" WC="0.96" CONTENT="del"/><SP WIDTH="37" VPOS="1801" HPOS="1272"/>
							<String ID="string_347" HPOS="1309" VPOS="1810" WIDTH="42" HEIGHT="20" WC="0.94" CONTENT="av"/><SP WIDTH="37" VPOS="1810" HPOS="1351"/>
							<String ID="string_348" HPOS="1388" VPOS="1800" WIDTH="54" HEIGHT="29" WC="0.94" CONTENT="sin"/><SP WIDTH="36" VPOS="1800" HPOS="1442"/>
							<String ID="string_349" HPOS="1478" VPOS="1798" WIDTH="169" HEIGHT="31" WC="0.93" CONTENT="arbetstid"/>
						</TextLine>
						<TextLine ID="line_33" HPOS="149" VPOS="1849" WIDTH="1499" HEIGHT="45">
							<String ID="string_350" HPOS="149" VPOS="1859" WIDTH="36" HEIGHT="29" WC="0.96" CONTENT="åt"/><SP WIDTH="27" VPOS="1859" HPOS="185"/>
							<String ID="string_351" HPOS="212" VPOS="1857" WIDTH="133" HEIGHT="30" WC="0.95" CONTENT="arbetet"/><SP WIDTH="27" VPOS="1857" HPOS="345"/>
							<String ID="string_352" HPOS="372" VPOS="1856" WIDTH="78" HEIGHT="29" WC="0.93" CONTENT="med"/><SP WIDTH="28" VPOS="1856" HPOS="450"/>
							<String ID="string_353" HPOS="478" VPOS="1855" WIDTH="390" HEIGHT="39" WC="0.91" CONTENT="fastighetstaxeringen"/><SP WIDTH="29" VPOS="1855" HPOS="868"/>
							<String ID="string_354" HPOS="897" VPOS="1853" WIDTH="56" HEIGHT="30" WC="0.96" CONTENT="vid"/><SP WIDTH="29" VPOS="1853" HPOS="953"/>
							<String ID="string_355" HPOS="982" VPOS="1862" WIDTH="43" HEIGHT="19" WC="0.96" CONTENT="en"/><SP WIDTH="29" VPOS="1862" HPOS="1025"/>
							<String ID="string_356" HPOS="1054" VPOS="1852" WIDTH="176" HEIGHT="39" WC="0.96" CONTENT="tidpunkt,"/><SP WIDTH="29" VPOS="1852" HPOS="1230"/>
							<String ID="string_357" HPOS="1259" VPOS="1851" WIDTH="45" HEIGHT="29" WC="0.96" CONTENT="då"/><SP WIDTH="28" VPOS="1851" HPOS="1304"/>
							<String ID="string_358" HPOS="1332" VPOS="1850" WIDTH="42" HEIGHT="29" WC="0.96" CONTENT="de"/><SP WIDTH="27" VPOS="1850" HPOS="1374"/>
							<String ID="string_359" HPOS="1401" VPOS="1850" WIDTH="79" HEIGHT="29" WC="0.96" CONTENT="med"/><SP WIDTH="28" VPOS="1850" HPOS="1480"/>
							<String ID="string_360" HPOS="1508" VPOS="1849" WIDTH="140" HEIGHT="37" WC="0.96" CONTENT="hänsyn"/>
						</TextLine>
						<TextLine ID="line_34" HPOS="149" VPOS="1899" WIDTH="1499" HEIGHT="47">
							<String ID="string_361" HPOS="149" VPOS="1908" WIDTH="53" HEIGHT="30" WC="0.96" CONTENT="till"/><SP WIDTH="19" VPOS="1908" HPOS="202"/>
							<String ID="string_362" HPOS="221" VPOS="1908" WIDTH="42" HEIGHT="29" WC="0.96" CONTENT="de"/><SP WIDTH="19" VPOS="1908" HPOS="263"/>
							<String ID="string_363" HPOS="282" VPOS="1908" WIDTH="45" HEIGHT="38" WC="0.96" CONTENT="på"/><SP WIDTH="21" VPOS="1908" HPOS="327"/>
							<String ID="string_364" HPOS="348" VPOS="1907" WIDTH="128" HEIGHT="29" WC="0.96" CONTENT="sistone"/><SP WIDTH="19" VPOS="1907" HPOS="476"/>
							<String ID="string_365" HPOS="495" VPOS="1905" WIDTH="165" HEIGHT="39" WC="0.96" CONTENT="vidtagna"/><SP WIDTH="19" VPOS="1905" HPOS="660"/>
							<String ID="string_366" HPOS="679" VPOS="1905" WIDTH="236" HEIGHT="37" WC="0.96" CONTENT="ändringarna"/><SP WIDTH="19" VPOS="1905" HPOS="915"/>
							<String ID="string_367" HPOS="934" VPOS="1903" WIDTH="45" HEIGHT="39" WC="0.96" CONTENT="på"/><SP WIDTH="19" VPOS="1903" HPOS="979"/>
							<String ID="string_368" HPOS="998" VPOS="1902" WIDTH="159" HEIGHT="30" WC="0.96" CONTENT="området"/><SP WIDTH="20" VPOS="1902" HPOS="1157"/>
							<String ID="string_369" HPOS="1177" VPOS="1902" WIDTH="54" HEIGHT="29" WC="0.96" CONTENT="för"/><SP WIDTH="21" VPOS="1902" HPOS="1231"/>
							<String ID="string_370" HPOS="1252" VPOS="1901" WIDTH="68" HEIGHT="29" WC="0.96" CONTENT="den"/><SP WIDTH="19" VPOS="1901" HPOS="1320"/>
							<String ID="string_371" HPOS="1339" VPOS="1900" WIDTH="136" HEIGHT="29" WC="0.92" CONTENT="direkta"/><SP WIDTH="20" VPOS="1900" HPOS="1475"/>
							<String ID="string_372" HPOS="1495" VPOS="1899" WIDTH="153" HEIGHT="29" WC="0.92" CONTENT="beskatt-"/>
						</TextLine>
						<TextLine ID="line_35" HPOS="150" VPOS="1948" WIDTH="1498" HEIGHT="49">
							<String ID="string_373" HPOS="150" VPOS="1959" WIDTH="128" HEIGHT="38" WC="0.95" CONTENT="ningen"/><SP WIDTH="21" VPOS="1959" HPOS="278"/>
							<String ID="string_374" HPOS="299" VPOS="1957" WIDTH="65" HEIGHT="29" WC="0.96" CONTENT="och"/><SP WIDTH="20" VPOS="1957" HPOS="364"/>
							<String ID="string_375" HPOS="384" VPOS="1956" WIDTH="147" HEIGHT="30" WC="0.93" CONTENT="rörande"/><SP WIDTH="24" VPOS="1956" HPOS="531"/>
							<String ID="string_376" HPOS="555" VPOS="1955" WIDTH="204" HEIGHT="39" WC="0.92" CONTENT="uppbörden"/><SP WIDTH="22" VPOS="1955" HPOS="759"/>
							<String ID="string_377" HPOS="781" VPOS="1955" WIDTH="111" HEIGHT="29" WC="0.96" CONTENT="måste"/><SP WIDTH="21" VPOS="1955" HPOS="892"/>
							<String ID="string_378" HPOS="913" VPOS="1954" WIDTH="89" HEIGHT="38" WC="0.96" CONTENT="ägna"/><SP WIDTH="22" VPOS="1954" HPOS="1002"/>
							<String ID="string_379" HPOS="1024" VPOS="1952" WIDTH="152" HEIGHT="30" WC="0.96" CONTENT="särskild"/><SP WIDTH="23" VPOS="1952" HPOS="1176"/>
							<String ID="string_380" HPOS="1199" VPOS="1950" WIDTH="314" HEIGHT="40" WC="0.95" CONTENT="uppmärksamhet"/><SP WIDTH="22" VPOS="1950" HPOS="1513"/>
							<String ID="string_381" HPOS="1535" VPOS="1949" WIDTH="35" HEIGHT="29" WC="0.96" CONTENT="åt"/><SP WIDTH="21" VPOS="1949" HPOS="1570"/>
							<String ID="string_382" HPOS="1591" VPOS="1948" WIDTH="57" HEIGHT="29" WC="0.96" CONTENT="det"/>
						</TextLine>
						<TextLine ID="line_36" HPOS="150" VPOS="2006" WIDTH="520" HEIGHT="39">
							<String ID="string_383" HPOS="150" VPOS="2008" WIDTH="174" HEIGHT="31" WC="0.93" CONTENT="ordinarie"/><SP WIDTH="27" VPOS="2008" HPOS="324"/>
							<String ID="string_384" HPOS="351" VPOS="2006" WIDTH="319" HEIGHT="39" WC="0.91" CONTENT="taxeringsarbetet."/>
						</TextLine>
					</TextBlock>
					<TextBlock ID="block_4" HPOS="148" VPOS="2050" WIDTH="1505" HEIGHT="447">
						<TextLine ID="line_37" HPOS="192" VPOS="2050" WIDTH="1456" HEIGHT="47">
							<String ID="string_385" HPOS="192" VPOS="2065" WIDTH="51" HEIGHT="29" WC="0.96" CONTENT="Av"/><SP WIDTH="17" VPOS="2065" HPOS="243"/>
							<String ID="string_386" HPOS="260" VPOS="2073" WIDTH="47" HEIGHT="21" WC="0.96" CONTENT="nu"/><SP WIDTH="19" VPOS="2073" HPOS="307"/>
							<String ID="string_387" HPOS="326" VPOS="2062" WIDTH="149" HEIGHT="31" WC="0.96" CONTENT="anförda"/><SP WIDTH="17" VPOS="2062" HPOS="475"/>
							<String ID="string_388" HPOS="492" VPOS="2061" WIDTH="77" HEIGHT="29" WC="0.96" CONTENT="skäl"/><SP WIDTH="18" VPOS="2061" HPOS="569"/>
							<String ID="string_389" HPOS="587" VPOS="2058" WIDTH="115" HEIGHT="31" WC="0.96" CONTENT="finner"/><SP WIDTH="16" VPOS="2058" HPOS="702"/>
							<String ID="string_390" HPOS="718" VPOS="2058" WIDTH="60" HEIGHT="39" WC="0.96" CONTENT="jag"/><SP WIDTH="17" VPOS="2058" HPOS="778"/>
							<String ID="string_391" HPOS="795" VPOS="2058" WIDTH="47" HEIGHT="28" WC="0.96" CONTENT="ett"/><SP WIDTH="18" VPOS="2058" HPOS="842"/>
							<String ID="string_392" HPOS="860" VPOS="2056" WIDTH="159" HEIGHT="40" WC="0.96" CONTENT="uppskov"/><SP WIDTH="18" VPOS="2056" HPOS="1019"/>
							<String ID="string_393" HPOS="1037" VPOS="2054" WIDTH="80" HEIGHT="30" WC="0.96" CONTENT="med"/><SP WIDTH="17" VPOS="2054" HPOS="1117"/>
							<String ID="string_394" HPOS="1134" VPOS="2055" WIDTH="101" HEIGHT="29" WC="0.96" CONTENT="nästa"/><SP WIDTH="18" VPOS="2055" HPOS="1235"/>
							<String ID="string_395" HPOS="1253" VPOS="2052" WIDTH="179" HEIGHT="31" WC="0.92" CONTENT="allmänna"/><SP WIDTH="17" VPOS="2052" HPOS="1432"/>
							<String ID="string_396" HPOS="1449" VPOS="2050" WIDTH="199" HEIGHT="40" WC="0.92" CONTENT="fastighets-"/>
						</TextLine>
						<TextLine ID="line_38" HPOS="148" VPOS="2101" WIDTH="1499" HEIGHT="52">
							<String ID="string_397" HPOS="148" VPOS="2114" WIDTH="158" HEIGHT="39" WC="0.96" CONTENT="taxering"/><SP WIDTH="19" VPOS="2114" HPOS="306"/>
							<String ID="string_398" HPOS="325" VPOS="2112" WIDTH="192" HEIGHT="30" WC="0.96" CONTENT="motiverat."/><SP WIDTH="21" VPOS="2112" HPOS="517"/>
							<String ID="string_399" HPOS="538" VPOS="2109" WIDTH="127" HEIGHT="31" WC="0.96" CONTENT="Härtill"/><SP WIDTH="19" VPOS="2109" HPOS="665"/>
							<String ID="string_400" HPOS="684" VPOS="2109" WIDTH="160" HEIGHT="28" WC="0.96" CONTENT="kommer"/><SP WIDTH="18" VPOS="2109" HPOS="844"/>
							<String ID="string_401" HPOS="862" VPOS="2108" WIDTH="50" HEIGHT="28" WC="0.96" CONTENT="att"/><SP WIDTH="19" VPOS="2108" HPOS="912"/>
							<String ID="string_402" HPOS="931" VPOS="2106" WIDTH="103" HEIGHT="33" WC="0.96" CONTENT="vissa,"/><SP WIDTH="22" VPOS="2106" HPOS="1034"/>
							<String ID="string_403" HPOS="1056" VPOS="2105" WIDTH="54" HEIGHT="30" WC="0.96" CONTENT="för"/><SP WIDTH="20" VPOS="2105" HPOS="1110"/>
							<String ID="string_404" HPOS="1130" VPOS="2105" WIDTH="101" HEIGHT="28" WC="0.96" CONTENT="nästa"/><SP WIDTH="20" VPOS="2105" HPOS="1231"/>
							<String ID="string_405" HPOS="1251" VPOS="2103" WIDTH="179" HEIGHT="30" WC="0.96" CONTENT="allmänna"/><SP WIDTH="19" VPOS="2103" HPOS="1430"/>
							<String ID="string_406" HPOS="1449" VPOS="2101" WIDTH="198" HEIGHT="39" WC="0.89" CONTENT="fastighets-"/>
						</TextLine>
						<TextLine ID="line_39" HPOS="149" VPOS="2151" WIDTH="1499" HEIGHT="51">
							<String ID="string_407" HPOS="149" VPOS="2164" WIDTH="157" HEIGHT="38" WC="0.96" CONTENT="taxering"/><SP WIDTH="18" VPOS="2164" HPOS="306"/>
							<String ID="string_408" HPOS="324" VPOS="2160" WIDTH="264" HEIGHT="41" WC="0.96" CONTENT="betydelsefulla"/><SP WIDTH="20" VPOS="2160" HPOS="588"/>
							<String ID="string_409" HPOS="608" VPOS="2156" WIDTH="303" HEIGHT="39" WC="0.96" CONTENT="undersökningar"/><SP WIDTH="18" VPOS="2156" HPOS="911"/>
							<String ID="string_410" HPOS="929" VPOS="2156" WIDTH="76" HEIGHT="30" WC="0.96" CONTENT="icke"/><SP WIDTH="20" VPOS="2156" HPOS="1005"/>
							<String ID="string_411" HPOS="1025" VPOS="2154" WIDTH="171" HEIGHT="31" WC="0.96" CONTENT="slutförts."/><SP WIDTH="20" VPOS="2154" HPOS="1196"/>
							<String ID="string_412" HPOS="1216" VPOS="2154" WIDTH="110" HEIGHT="29" WC="0.96" CONTENT="Dessa"/><SP WIDTH="19" VPOS="2154" HPOS="1326"/>
							<String ID="string_413" HPOS="1345" VPOS="2151" WIDTH="303" HEIGHT="38" WC="0.96" CONTENT="undersökningar"/>
						</TextLine>
						<TextLine ID="line_40" HPOS="150" VPOS="2201" WIDTH="1499" HEIGHT="49">
							<String ID="string_414" HPOS="150" VPOS="2223" WIDTH="98" HEIGHT="20" WC="0.96" CONTENT="avser"/><SP WIDTH="17" VPOS="2223" HPOS="248"/>
							<String ID="string_415" HPOS="265" VPOS="2216" WIDTH="50" HEIGHT="28" WC="0.96" CONTENT="att"/><SP WIDTH="17" VPOS="2216" HPOS="315"/>
							<String ID="string_416" HPOS="332" VPOS="2212" WIDTH="187" HEIGHT="38" WC="0.96" CONTENT="klarlägga,"/><SP WIDTH="18" VPOS="2212" HPOS="519"/>
							<String ID="string_417" HPOS="537" VPOS="2211" WIDTH="68" HEIGHT="28" WC="0.96" CONTENT="hur"/><SP WIDTH="17" VPOS="2211" HPOS="605"/>
							<String ID="string_418" HPOS="622" VPOS="2218" WIDTH="42" HEIGHT="21" WC="0.96" CONTENT="en"/><SP WIDTH="17" VPOS="2218" HPOS="664"/>
							<String ID="string_419" HPOS="681" VPOS="2209" WIDTH="78" HEIGHT="29" WC="0.96" CONTENT="med"/><SP WIDTH="17" VPOS="2209" HPOS="759"/>
							<String ID="string_420" HPOS="776" VPOS="2206" WIDTH="222" HEIGHT="40" WC="0.96" CONTENT="tillämpning"/><SP WIDTH="17" VPOS="2206" HPOS="998"/>
							<String ID="string_421" HPOS="1015" VPOS="2214" WIDTH="43" HEIGHT="20" WC="0.96" CONTENT="av"/><SP WIDTH="17" VPOS="2214" HPOS="1058"/>
							<String ID="string_422" HPOS="1075" VPOS="2205" WIDTH="66" HEIGHT="29" WC="0.96" CONTENT="den"/><SP WIDTH="17" VPOS="2205" HPOS="1141"/>
							<String ID="string_423" HPOS="1158" VPOS="2206" WIDTH="82" HEIGHT="27" WC="0.96" CONTENT="utav"/><SP WIDTH="20" VPOS="2206" HPOS="1240"/>
							<String ID="string_424" HPOS="1260" VPOS="2203" WIDTH="81" HEIGHT="30" WC="0.96" CONTENT="1951"/><SP WIDTH="20" VPOS="2203" HPOS="1341"/>
							<String ID="string_425" HPOS="1361" VPOS="2202" WIDTH="55" HEIGHT="29" WC="0.95" CONTENT="års"/><SP WIDTH="18" VPOS="2202" HPOS="1416"/>
							<String ID="string_426" HPOS="1434" VPOS="2202" WIDTH="142" HEIGHT="39" WC="0.93" CONTENT="riksdag"/><SP WIDTH="17" VPOS="2202" HPOS="1576"/>
							<String ID="string_427" HPOS="1593" VPOS="2201" WIDTH="56" HEIGHT="29" WC="0.93" CONTENT="be-"/>
						</TextLine>
						<TextLine ID="line_41" HPOS="150" VPOS="2250" WIDTH="1498" HEIGHT="51">
							<String ID="string_428" HPOS="150" VPOS="2264" WIDTH="135" HEIGHT="29" WC="0.96" CONTENT="slutade"/><SP WIDTH="18" VPOS="2264" HPOS="285"/>
							<String ID="string_429" HPOS="303" VPOS="2272" WIDTH="69" HEIGHT="29" WC="0.96" CONTENT="nya"/><SP WIDTH="16" VPOS="2272" HPOS="372"/>
							<String ID="string_430" HPOS="388" VPOS="2261" WIDTH="161" HEIGHT="30" WC="0.96" CONTENT="metoden"/><SP WIDTH="19" VPOS="2261" HPOS="549"/>
							<String ID="string_431" HPOS="568" VPOS="2260" WIDTH="55" HEIGHT="29" WC="0.96" CONTENT="för"/><SP WIDTH="15" VPOS="2260" HPOS="623"/>
							<String ID="string_432" HPOS="638" VPOS="2257" WIDTH="159" HEIGHT="39" WC="0.96" CONTENT="taxering"/><SP WIDTH="17" VPOS="2257" HPOS="797"/>
							<String ID="string_433" HPOS="814" VPOS="2266" WIDTH="41" HEIGHT="21" WC="0.96" CONTENT="av"/><SP WIDTH="19" VPOS="2266" HPOS="855"/>
							<String ID="string_434" HPOS="874" VPOS="2256" WIDTH="208" HEIGHT="39" WC="0.96" CONTENT="skogsmark"/><SP WIDTH="17" VPOS="2256" HPOS="1082"/>
							<String ID="string_435" HPOS="1099" VPOS="2254" WIDTH="65" HEIGHT="29" WC="0.96" CONTENT="och"/><SP WIDTH="16" VPOS="2254" HPOS="1164"/>
							<String ID="string_436" HPOS="1180" VPOS="2253" WIDTH="158" HEIGHT="30" WC="0.96" CONTENT="växande"/><SP WIDTH="18" VPOS="2253" HPOS="1338"/>
							<String ID="string_437" HPOS="1356" VPOS="2252" WIDTH="85" HEIGHT="38" WC="0.96" CONTENT="skog"/><SP WIDTH="16" VPOS="2252" HPOS="1441"/>
							<String ID="string_438" HPOS="1457" VPOS="2250" WIDTH="191" HEIGHT="30" WC="0.96" CONTENT="verkställd"/>
						</TextLine>
						<TextLine ID="line_42" HPOS="150" VPOS="2300" WIDTH="1499" HEIGHT="51">
							<String ID="string_439" HPOS="150" VPOS="2311" WIDTH="264" HEIGHT="40" WC="0.92" CONTENT="skogstaxering"/><SP WIDTH="17" VPOS="2311" HPOS="414"/>
							<String ID="string_440" HPOS="431" VPOS="2310" WIDTH="113" HEIGHT="30" WC="0.96" CONTENT="skulle"/><SP WIDTH="17" VPOS="2310" HPOS="544"/>
							<String ID="string_441" HPOS="561" VPOS="2310" WIDTH="55" HEIGHT="29" WC="0.96" CONTENT="för"/><SP WIDTH="17" VPOS="2310" HPOS="616"/>
							<String ID="string_442" HPOS="633" VPOS="2309" WIDTH="91" HEIGHT="29" WC="0.93" CONTENT="vissa"/><SP WIDTH="17" VPOS="2309" HPOS="724"/>
							<String ID="string_443" HPOS="741" VPOS="2305" WIDTH="354" HEIGHT="39" WC="0.91" CONTENT="beredningsdistrikt"/><SP WIDTH="17" VPOS="2305" HPOS="1095"/>
							<String ID="string_444" HPOS="1112" VPOS="2304" WIDTH="45" HEIGHT="29" WC="0.96" CONTENT="ha"/><SP WIDTH="17" VPOS="2304" HPOS="1157"/>
							<String ID="string_445" HPOS="1174" VPOS="2302" WIDTH="133" HEIGHT="31" WC="0.95" CONTENT="utfallit"/><SP WIDTH="17" VPOS="2302" HPOS="1307"/>
							<String ID="string_446" HPOS="1324" VPOS="2302" WIDTH="10" HEIGHT="29" WC="0.96" CONTENT="i"/><SP WIDTH="17" VPOS="2302" HPOS="1334"/>
							<String ID="string_447" HPOS="1351" VPOS="2301" WIDTH="202" HEIGHT="39" WC="0.96" CONTENT="jämförelse"/><SP WIDTH="18" VPOS="2301" HPOS="1553"/>
							<String ID="string_448" HPOS="1571" VPOS="2300" WIDTH="78" HEIGHT="29" WC="0.95" CONTENT="med"/>
						</TextLine>
						<TextLine ID="line_43" HPOS="149" VPOS="2352" WIDTH="1501" HEIGHT="49">
							<String ID="string_449" HPOS="149" VPOS="2364" WIDTH="65" HEIGHT="30" WC="0.96" CONTENT="den"/><SP WIDTH="22" VPOS="2364" HPOS="214"/>
							<String ID="string_450" HPOS="236" VPOS="2362" WIDTH="167" HEIGHT="39" WC="0.96" CONTENT="taxering,"/><SP WIDTH="23" VPOS="2362" HPOS="403"/>
							<String ID="string_451" HPOS="426" VPOS="2371" WIDTH="73" HEIGHT="19" WC="0.93" CONTENT="som"/><SP WIDTH="23" VPOS="2371" HPOS="499"/>
							<String ID="string_452" HPOS="522" VPOS="2360" WIDTH="199" HEIGHT="29" WC="0.90" CONTENT="verkställls"/><SP WIDTH="23" VPOS="2360" HPOS="721"/>
							<String ID="string_453" HPOS="744" VPOS="2359" WIDTH="77" HEIGHT="29" WC="0.95" CONTENT="med"/><SP WIDTH="22" VPOS="2359" HPOS="821"/>
							<String ID="string_454" HPOS="843" VPOS="2356" WIDTH="223" HEIGHT="39" WC="0.95" CONTENT="tillämpning"/><SP WIDTH="20" VPOS="2356" HPOS="1066"/>
							<String ID="string_455" HPOS="1086" VPOS="2365" WIDTH="42" HEIGHT="20" WC="0.96" CONTENT="av"/><SP WIDTH="21" VPOS="2365" HPOS="1128"/>
							<String ID="string_456" HPOS="1149" VPOS="2356" WIDTH="40" HEIGHT="28" WC="0.96" CONTENT="de"/><SP WIDTH="22" VPOS="2356" HPOS="1189"/>
							<String ID="string_457" HPOS="1211" VPOS="2355" WIDTH="56" HEIGHT="28" WC="0.96" CONTENT="för"/><SP WIDTH="23" VPOS="2355" HPOS="1267"/>
							<String ID="string_458" HPOS="1290" VPOS="2353" WIDTH="83" HEIGHT="29" WC="0.95" CONTENT="1952"/><SP WIDTH="22" VPOS="2353" HPOS="1373"/>
							<String ID="string_459" HPOS="1395" VPOS="2353" WIDTH="55" HEIGHT="29" WC="0.95" CONTENT="års"/><SP WIDTH="23" VPOS="2353" HPOS="1450"/>
							<String ID="string_460" HPOS="1473" VPOS="2352" WIDTH="177" HEIGHT="30" WC="0.95" CONTENT="allmänna"/>
						</TextLine>
						<TextLine ID="line_44" HPOS="152" VPOS="2402" WIDTH="1501" HEIGHT="50">
							<String ID="string_461" HPOS="152" VPOS="2411" WIDTH="342" HEIGHT="41" WC="0.91" CONTENT="faslighetstaxering"/><SP WIDTH="18" VPOS="2411" HPOS="494"/>
							<String ID="string_462" HPOS="512" VPOS="2410" WIDTH="159" HEIGHT="40" WC="0.96" CONTENT="gällande"/><SP WIDTH="18" VPOS="2410" HPOS="671"/>
							<String ID="string_463" HPOS="689" VPOS="2408" WIDTH="319" HEIGHT="30" WC="0.96" CONTENT="bestämmelserna."/><SP WIDTH="19" VPOS="2408" HPOS="1008"/>
							<String ID="string_464" HPOS="1027" VPOS="2405" WIDTH="49" HEIGHT="30" WC="0.93" CONTENT="De"/><SP WIDTH="19" VPOS="2405" HPOS="1076"/>
							<String ID="string_465" HPOS="1095" VPOS="2403" WIDTH="301" HEIGHT="38" WC="0.90" CONTENT="utredningsmän,"/><SP WIDTH="19" VPOS="2403" HPOS="1396"/>
							<String ID="string_466" HPOS="1415" VPOS="2412" WIDTH="74" HEIGHT="20" WC="0.93" CONTENT="som"/><SP WIDTH="19" VPOS="2412" HPOS="1489"/>
							<String ID="string_467" HPOS="1508" VPOS="2402" WIDTH="145" HEIGHT="29" WC="0.91" CONTENT="omhän-"/>
						</TextLine>
						<TextLine ID="line_45" HPOS="151" VPOS="2451" WIDTH="1499" HEIGHT="46">
							<String ID="string_468" HPOS="151" VPOS="2462" WIDTH="126" HEIGHT="30" WC="0.92" CONTENT="derhar"/><SP WIDTH="22" VPOS="2462" HPOS="277"/>
							<String ID="string_469" HPOS="299" VPOS="2462" WIDTH="100" HEIGHT="29" WC="0.96" CONTENT="dessa"/><SP WIDTH="23" VPOS="2462" HPOS="399"/>
							<String ID="string_470" HPOS="422" VPOS="2457" WIDTH="312" HEIGHT="40" WC="0.96" CONTENT="undersökningar,"/><SP WIDTH="23" VPOS="2457" HPOS="734"/>
							<String ID="string_471" HPOS="757" VPOS="2457" WIDTH="65" HEIGHT="30" WC="0.96" CONTENT="har"/><SP WIDTH="23" VPOS="2457" HPOS="822"/>
							<String ID="string_472" HPOS="845" VPOS="2456" WIDTH="109" HEIGHT="30" WC="0.96" CONTENT="under"/><SP WIDTH="22" VPOS="2456" HPOS="954"/>
							<String ID="string_473" HPOS="976" VPOS="2455" WIDTH="96" HEIGHT="30" WC="0.96" CONTENT="hand"/><SP WIDTH="23" VPOS="2455" HPOS="1072"/>
							<String ID="string_474" HPOS="1095" VPOS="2452" WIDTH="183" HEIGHT="34" WC="0.96" CONTENT="meddelat,"/><SP WIDTH="23" VPOS="2452" HPOS="1278"/>
							<String ID="string_475" HPOS="1301" VPOS="2453" WIDTH="51" HEIGHT="29" WC="0.80" CONTENT="att"/><SP WIDTH="23" VPOS="2453" HPOS="1352"/>
							<String ID="string_476" HPOS="1375" VPOS="2451" WIDTH="275" HEIGHT="37" WC="0.91" CONTENT="undersökning-"/>
						</TextLine>
					</TextBlock>
				</ComposedBlock>
			</PrintSpace>
		</Page>
	</Layout>
</alto>
