1876 2794
493 157 405 41 Bevillningsutskottets
921 154 220 32 betänkande
1163 162 43 21 nr
1227 153 30 30 3.
1604 148 19 30 9

476 245 37 34 3)
539 244 54 30 för
615 243 54 29 sin
690 242 54 30 del
765 242 128 38 antaga
914 240 57 30 det
992 238 57 31 vid
1070 237 263 42 propositionen
1354 235 125 40 fogade
1501 233 123 31 försla-

435 298 56 37 get
507 295 52 30 till
576 292 206 40 förordning
799 301 56 21 om
873 290 135 32 ändrad
1025 289 129 40 lydelse
1172 297 42 21 av
1231 288 18 30 2
1270 286 15 38 $
1306 287 14 30 1
1340 295 105 21 mom.
1464 285 64 30 och
1546 284 40 31 58
1607 283 15 37 $

436 348 16 29 1
480 355 105 21 mom.
611 341 431 42 taxeringsförordningen
1068 340 67 30 den
1160 338 41 31 28
1229 337 193 41 september
1451 335 83 31 1928
1566 335 59 34 (nr

436 397 101 35 379);
562 396 90 29 samt

480 448 37 33 4)
547 447 53 30 för
621 446 56 30 sin
697 445 55 31 del
772 446 126 38 antaga
919 443 58 30 det
996 442 58 31 vid
1074 440 261 42 propositionen
1357 438 125 40 fogade
1503 437 123 30 försla-

437 501 55 37 get
513 498 52 29 till
586 496 206 39 förordning
812 494 181 40 angående
1014 492 147 39 ändring
1183 501 43 20 av
1246 489 252 39 förordningen
1518 488 67 29 den
1609 487 15 29 1

437 549 80 40 juni
559 549 80 30 1951
689 548 59 33 (nr
790 546 80 35 440)
915 545 82 29 med
1038 542 215 31 instruktion
1285 541 53 30 för
1368 539 187 39 värdering
1585 547 43 21 av

438 599 208 40 skogsmark
683 598 65 30 och
785 597 156 30 växande
980 596 87 38 skog
1102 594 58 29 vwid
1198 592 157 39 taxering
1393 600 43 21 av
1462 588 166 40 fastighet

444 646 578 44 (skogsvärderingsinstruktion).

176 753 200 31 Stockholm
400 753 68 30 den
494 752 40 30 26
557 750 142 40 januari
726 748 94 31 1954.

562 852 48 30 På
630 849 401 41 bevillningsutskottets
1051 848 146 39 vägnar:

702 951 151 30 ADOLV
879 949 180 31 OLSSON.

763 1159 241 32 Närvarande:

180 1225 80 30 från
295 1224 164 30 första
494 1222 221 30 kammaren:
752 1220 120 29 herrar
908 1216 155 41 Sjödahl,
1099 1216 171 32 Heäman,
1306 1214 170 33 Franzon,
1512 1210 124 31 Gustaf

136 1267 174 34 Elofsson,
333 1265 182 34 Velander,
539 1263 213 40 Söderquist,
774 1261 198 33 Niklasson,
996 1258 211 34 Damström,
1232 1256 162 40 Englund
1416 1254 66 31 och
1505 1254 129 39 Snygg;

136 1311 92 29 samt

181 1369 80 30 från
295 1367 146 31 andra
475 1366 221 29 kammaren:
734 1363 122 30 herrar
890 1361 127 30 Olsson
1052 1360 11 29 i
1099 1358 113 35 Gävle,
1248 1357 225 30 Kristensson
1497 1355 11 29 i
1532 1354 105 39 Osby,

138 1411 146 40 Orgård,
304 1409 121 40 Sjölin,
443 1408 153 30 Jonsson
614 1407 11 29 i
646 1404 212 40 Skedsbygd,
876 1403 143 33 Brandt,
1038 1401 172 38 Kollberg,
1229 1399 222 33 Kärrlander,
1472 1396 166 31 Henriks-

139 1463 63 21 son
217 1453 65 30 och
298 1452 139 29 Nilsson
454 1450 11 29 i
482 1449 132 31 Svalöv.
