1908 2812
318 196 39 30 10
661 195 414 37 Bevillningsutskottets
1098 197 188 30 memorial
1310 196 52 31 Nr
1386 196 51 31 49.

272 274 53 31 för
349 274 54 30 sin
427 273 54 32 del
508 275 126 35 antaga
656 275 47 30 ett
726 274 12 31 i
762 273 226 32 betänkandet
1012 274 117 37 infört,
1152 275 111 31 såsom
1286 275 181 31 utskottets
1492 275 130 37 förslag
1648 275 128 31 beteck-

272 328 60 30 nat
365 326 129 38 förslag
528 326 56 32 till
617 327 202 38 förordning
853 337 56 21 om
936 327 148 37 ändring
1107 327 13 31 i
1143 328 91 31 vissa
1257 327 94 32 delar
1372 338 46 21 av
1441 327 247 38 förordningen
1711 328 64 32 den

273 382 40 29 11
337 380 67 36 juli
428 380 85 31 1919
536 381 54 37 (nr
613 380 76 38 406)
713 380 175 36 angående
910 380 208 37 försäljning
1141 391 44 20 av
1207 381 261 36 pilsnerdricka.

316 483 120 37 Enligt
473 484 162 31 utskottet
662 483 298 32 tillhandakomna
981 485 316 36 protokollsutdrag
1321 485 91 31 hava
1435 485 187 32 kamrarna
1645 486 60 31 vid
1729 485 53 31 be-

273 535 209 37 handlingen
516 546 46 21 av
595 536 181 32 utskottets
805 537 242 31 ovannämnda
1072 537 214 32 betänkande
1309 539 140 30 stannat
1471 538 12 31 i
1508 538 94 31 olika
1625 538 120 36 beslut,
1769 539 13 30 i

273 588 55 31 det
350 590 52 30 att
425 588 106 32 första
559 589 200 31 kammaren
783 588 167 32 förkastat
972 589 58 32 det
1052 600 45 21 av
1119 590 165 31 utskottet
1307 590 217 31 framställda
1547 591 233 36 förordnings-

273 640 162 37 förslaget
468 642 89 30 samt
591 641 169 31 förklarat
793 641 180 32 utskottets
1000 642 204 31 hemställan
1228 642 167 31 besvarad
1418 651 121 28 genom
1563 643 217 31 kammarens

272 692 110 32 beslut
404 693 14 30 i
440 693 163 31 avseende
623 695 22 29 å
667 693 396 37 förordningsförslaget,
1094 694 108 31 under
1225 694 56 31 det
1303 695 50 30 att
1375 694 110 31 andra
1508 695 203 31 kammaren
1733 695 49 30 bi-

273 744 93 31 fallit
388 744 179 32 utskottets
590 745 216 31 hemställan.

315 797 53 31 Då
397 797 39 31 de
470 797 92 31 olika
596 797 120 37 beslut,
738 798 13 30 i
775 798 98 31 vilka
902 798 184 31 kamrarna
1108 798 147 32 sålunda
1278 799 151 36 stannat,
1453 798 75 32 icke
1551 799 119 31 kunna
1693 809 88 22 sam-

273 850 215 36 manjämkas
511 850 61 31 och
596 850 122 36 frågan
740 850 74 32 icke
837 850 107 32 heller
966 851 69 31 kan
1058 851 98 31 bliva
1179 851 145 32 föremål
1347 851 56 31 för
1426 860 198 28 gemensam
1640 853 141 30 omröst-

270 902 95 36 ning,
376 902 63 31 har
451 902 211 36 densamma,
673 903 110 36 enligt
792 903 179 31 utskottets
981 903 151 36 mening,
1144 903 54 31 för
1214 903 112 31 denna
1342 903 139 37 riksdag
1496 903 157 37 förfallit,
1670 904 113 31 vilket

272 954 166 31 utskottet
461 954 142 31 härmed
627 954 54 31 får
704 954 54 30 för
781 954 179 36 riksdagen

717 1050 148 31 anmäla.

316 1136 199 31 Stockholm
538 1136 65 32 den
627 1137 40 31 16
692 1136 71 37 maj
787 1136 96 32 1927.

709 1232 50 31 På
782 1232 393 36 bevillningsutskottets
1202 1235 149 33 vägnar:

857 1327 101 30 NILS
983 1327 204 31 WOHLIN.

318 1477 197 24 Närvarande:
534 1477 33 24 Se
585 1476 92 25 under
696 1477 176 24 memorialet
891 1484 35 17 nr
944 1478 41 23 48.
