<?xml version="1.0" encoding="UTF-8"?>
<alto xmlns="http://www.loc.gov/standards/alto/ns-v3#" xmlns:xlink="http://www.w3.org/1999/xlink" xmlns:xsi="http://www.w3.org/2001/XMLSchema-instance" xsi:schemaLocation="http://www.loc.gov/standards/alto/ns-v3# http://www.loc.gov/alto/v3/alto-3-0.xsd">
	<Description>
		<MeasurementUnit>pixel</MeasurementUnit>
		<sourceImageInformation>
			<fileName>/tmp/tess_opv72ge1_input.PNG</fileName>
		</sourceImageInformation>
		<OCRProcessing ID="OCR_0">
			<ocrProcessingStep>
				<processingSoftware>
					<softwareName>tesseract 5.3.0</softwareName>
				</processingSoftware>
			</ocrProcessingStep>
		</OCRProcessing>
	</Description>
	<Layout>
		<Page WIDTH="2295" HEIGHT="2677" PHYSICAL_IMG_NR="0" ID="page_0">
			<PrintSpace HPOS="0" VPOS="0" WIDTH="2295" HEIGHT="2677">
				<ComposedBlock ID="cblock_0" HPOS="640" VPOS="193" WIDTH="1097" HEIGHT="32">
					<TextBlock ID="block_0" HPOS="640" VPOS="193" WIDTH="1097" HEIGHT="32">
						<TextLine ID="line_0" HPOS="640" VPOS="193" WIDTH="1097" HEIGHT="32">
							<String ID="string_0" HPOS="640" VPOS="193" WIDTH="381" HEIGHT="30" WC="0.56" CONTENT="Konstitutione-Utskottets"/><SP WIDTH="26" VPOS="193" HPOS="1021"/>
							<String ID="string_1" HPOS="1047" VPOS="194" WIDTH="150" HEIGHT="30" WC="0.95" CONTENT="Utlåtande"/><SP WIDTH="23" VPOS="194" HPOS="1197"/>
							<String ID="string_2" HPOS="1220" VPOS="196" WIDTH="56" HEIGHT="28" WC="0.95" CONTENT="N:o"/><SP WIDTH="23" VPOS="196" HPOS="1276"/>
							<String ID="string_3" HPOS="1299" VPOS="199" WIDTH="29" HEIGHT="25" WC="0.96" CONTENT="2."/><SP WIDTH="391" VPOS="199" HPOS="1328"/>
							<String ID="string_4" HPOS="1719" VPOS="194" WIDTH="18" HEIGHT="31" WC="0.85" CONTENT="7"/>
						</TextLine>
					</TextBlock>
				</ComposedBlock>
				<ComposedBlock ID="cblock_1" HPOS="180" VPOS="281" WIDTH="1601" HEIGHT="463">
					<TextBlock ID="block_1" HPOS="180" VPOS="281" WIDTH="1601" HEIGHT="139">
						<TextLine ID="line_1" HPOS="180" VPOS="281" WIDTH="1601" HEIGHT="47">
							<String ID="string_5" HPOS="180" VPOS="282" WIDTH="128" HEIGHT="33" WC="0.90" CONTENT="tillökad"/><SP WIDTH="28" VPOS="282" HPOS="308"/>
							<String ID="string_6" HPOS="336" VPOS="283" WIDTH="145" HEIGHT="41" WC="0.91" CONTENT="rotering,"/><SP WIDTH="21" VPOS="283" HPOS="481"/>
							<String ID="string_7" HPOS="502" VPOS="283" WIDTH="73" HEIGHT="32" WC="0.96" CONTENT="utan"/><SP WIDTH="19" VPOS="283" HPOS="575"/>
							<String ID="string_8" HPOS="594" VPOS="291" WIDTH="111" HEIGHT="32" WC="0.93" CONTENT="genom"/><SP WIDTH="18" VPOS="291" HPOS="705"/>
							<String ID="string_9" HPOS="723" VPOS="281" WIDTH="150" HEIGHT="43" WC="0.92" CONTENT="Konungs"/><SP WIDTH="19" VPOS="281" HPOS="873"/>
							<String ID="string_10" HPOS="892" VPOS="282" WIDTH="56" HEIGHT="32" WC="0.96" CONTENT="och"/><SP WIDTH="22" VPOS="282" HPOS="948"/>
							<String ID="string_11" HPOS="970" VPOS="277" WIDTH="14" HEIGHT="55" WC="0.55" CONTENT="="/><SP WIDTH="26" VPOS="277" HPOS="984"/>
							<String ID="string_12" HPOS="1010" VPOS="283" WIDTH="128" HEIGHT="33" WC="0.81" CONTENT="tillökad"/><SP WIDTH="26" VPOS="283" HPOS="1138"/>
							<String ID="string_13" HPOS="1164" VPOS="283" WIDTH="147" HEIGHT="43" WC="0.92" CONTENT="rotering,"/><SP WIDTH="23" VPOS="283" HPOS="1311"/>
							<String ID="string_14" HPOS="1334" VPOS="285" WIDTH="73" HEIGHT="32" WC="0.96" CONTENT="utan"/><SP WIDTH="18" VPOS="285" HPOS="1407"/>
							<String ID="string_15" HPOS="1425" VPOS="293" WIDTH="112" HEIGHT="32" WC="0.93" CONTENT="genom"/><SP WIDTH="19" VPOS="293" HPOS="1537"/>
							<String ID="string_16" HPOS="1556" VPOS="284" WIDTH="149" HEIGHT="44" WC="0.91" CONTENT="Konungs"/><SP WIDTH="19" VPOS="284" HPOS="1705"/>
							<String ID="string_17" HPOS="1724" VPOS="285" WIDTH="57" HEIGHT="34" WC="0.96" CONTENT="och"/>
						</TextLine>
						<TextLine ID="line_2" HPOS="180" VPOS="334" WIDTH="1599" HEIGHT="44">
							<String ID="string_18" HPOS="180" VPOS="334" WIDTH="154" HEIGHT="42" WC="0.91" CONTENT="Riksdags"/><SP WIDTH="37" VPOS="334" HPOS="334"/>
							<String ID="string_19" HPOS="371" VPOS="334" WIDTH="336" HEIGHT="34" WC="0.90" CONTENT="sammanstämmande"/><SP WIDTH="29" VPOS="334" HPOS="707"/>
							<String ID="string_20" HPOS="736" VPOS="334" WIDTH="110" HEIGHT="39" WC="0.93" CONTENT="beslut,"/><SP WIDTH="37" VPOS="334" HPOS="846"/>
							<String ID="string_21" HPOS="883" VPOS="334" WIDTH="65" HEIGHT="33" WC="0.17" CONTENT="till-"/><SP WIDTH="63" VPOS="334" HPOS="948"/>
							<String ID="string_22" HPOS="1011" VPOS="335" WIDTH="151" HEIGHT="42" WC="0.17" CONTENT=" Riksdags"/><SP WIDTH="36" VPOS="335" HPOS="1162"/>
							<String ID="string_23" HPOS="1198" VPOS="336" WIDTH="334" HEIGHT="34" WC="0.91" CONTENT="sammanstämmande"/><SP WIDTH="36" VPOS="336" HPOS="1532"/>
							<String ID="string_24" HPOS="1568" VPOS="337" WIDTH="112" HEIGHT="41" WC="0.93" CONTENT="beslut,"/><SP WIDTH="35" VPOS="337" HPOS="1680"/>
							<String ID="string_25" HPOS="1715" VPOS="338" WIDTH="64" HEIGHT="33" WC="0.84" CONTENT="till-"/>
						</TextLine>
						<TextLine ID="line_3" HPOS="181" VPOS="387" WIDTH="964" HEIGHT="33">
							<String ID="string_26" HPOS="181" VPOS="387" WIDTH="136" HEIGHT="32" WC="0.96" CONTENT="komma."/><SP WIDTH="693" VPOS="387" HPOS="317"/>
							<String ID="string_27" HPOS="1010" VPOS="387" WIDTH="135" HEIGHT="33" WC="0.95" CONTENT="komma."/>
						</TextLine>
					</TextBlock>
					<TextBlock ID="block_2" HPOS="1007" VPOS="440" WIDTH="774" HEIGHT="304">
						<TextLine ID="line_4" HPOS="1066" VPOS="440" WIDTH="713" HEIGHT="43">
							<String ID="string_28" HPOS="1066" VPOS="440" WIDTH="128" HEIGHT="32" WC="0.92" CONTENT="Varder"/><SP WIDTH="25" VPOS="440" HPOS="1194"/>
							<String ID="string_29" HPOS="1219" VPOS="450" WIDTH="112" HEIGHT="32" WC="0.73" CONTENT="genom"/><SP WIDTH="27" VPOS="450" HPOS="1331"/>
							<String ID="string_30" HPOS="1358" VPOS="441" WIDTH="145" HEIGHT="32" WC="0.94" CONTENT="särskild"/><SP WIDTH="26" VPOS="441" HPOS="1503"/>
							<String ID="string_31" HPOS="1529" VPOS="440" WIDTH="67" HEIGHT="43" WC="0.94" CONTENT="lag,"/><SP WIDTH="28" VPOS="440" HPOS="1596"/>
							<String ID="string_32" HPOS="1624" VPOS="441" WIDTH="71" HEIGHT="32" WC="0.92" CONTENT="med"/><SP WIDTH="33" VPOS="441" HPOS="1695"/>
							<String ID="string_33" HPOS="1728" VPOS="442" WIDTH="51" HEIGHT="31" WC="0.56" CONTENT="in-"/>
						</TextLine>
						<TextLine ID="line_5" HPOS="1010" VPOS="491" WIDTH="771" HEIGHT="45">
							<String ID="string_34" HPOS="1010" VPOS="491" WIDTH="272" HEIGHT="43" WC="0.91" CONTENT="delningsverkets"/><SP WIDTH="14" VPOS="491" HPOS="1282"/>
							<String ID="string_35" HPOS="1296" VPOS="493" WIDTH="237" HEIGHT="43" WC="0.90" CONTENT="upphäfvande,"/><SP WIDTH="17" VPOS="493" HPOS="1533"/>
							<String ID="string_36" HPOS="1550" VPOS="504" WIDTH="110" HEIGHT="22" WC="0.95" CONTENT="annan"/><SP WIDTH="13" VPOS="504" HPOS="1660"/>
							<String ID="string_37" HPOS="1673" VPOS="492" WIDTH="108" HEIGHT="44" WC="0.95" CONTENT="grund"/>
						</TextLine>
						<TextLine ID="line_6" HPOS="1009" VPOS="543" WIDTH="771" HEIGHT="45">
							<String ID="string_38" HPOS="1009" VPOS="543" WIDTH="79" HEIGHT="43" WC="0.96" CONTENT="lagd"/><SP WIDTH="25" VPOS="543" HPOS="1088"/>
							<String ID="string_39" HPOS="1113" VPOS="546" WIDTH="60" HEIGHT="40" WC="0.95" CONTENT="för"/><SP WIDTH="36" VPOS="546" HPOS="1173"/>
							<String ID="string_40" HPOS="1209" VPOS="544" WIDTH="177" HEIGHT="33" WC="0.92" CONTENT="ordnandet"/><SP WIDTH="32" VPOS="544" HPOS="1386"/>
							<String ID="string_41" HPOS="1418" VPOS="547" WIDTH="39" HEIGHT="40" WC="0.93" CONTENT="af"/><SP WIDTH="23" VPOS="547" HPOS="1457"/>
							<String ID="string_42" HPOS="1480" VPOS="546" WIDTH="220" HEIGHT="42" WC="0.42" CONTENT="krigemakter"/><SP WIDTH="26" VPOS="546" HPOS="1700"/>
							<String ID="string_43" HPOS="1726" VPOS="546" WIDTH="54" HEIGHT="33" WC="0.96" CONTENT="till"/>
						</TextLine>
						<TextLine ID="line_7" HPOS="1008" VPOS="595" WIDTH="771" HEIGHT="46">
							<String ID="string_44" HPOS="1008" VPOS="595" WIDTH="96" HEIGHT="33" WC="0.95" CONTENT="lands"/><SP WIDTH="28" VPOS="595" HPOS="1104"/>
							<String ID="string_45" HPOS="1132" VPOS="597" WIDTH="57" HEIGHT="32" WC="0.92" CONTENT="och"/><SP WIDTH="27" VPOS="597" HPOS="1189"/>
							<String ID="string_46" HPOS="1216" VPOS="597" WIDTH="77" HEIGHT="42" WC="0.63" CONTENT="sjös,"/><SP WIDTH="29" VPOS="597" HPOS="1293"/>
							<String ID="string_47" HPOS="1322" VPOS="596" WIDTH="43" HEIGHT="33" WC="0.96" CONTENT="då"/><SP WIDTH="26" VPOS="596" HPOS="1365"/>
							<String ID="string_48" HPOS="1391" VPOS="596" WIDTH="53" HEIGHT="34" WC="0.96" CONTENT="må"/><SP WIDTH="27" VPOS="596" HPOS="1444"/>
							<String ID="string_49" HPOS="1471" VPOS="597" WIDTH="29" HEIGHT="44" WC="0.95" CONTENT="ej"/><SP WIDTH="28" VPOS="597" HPOS="1500"/>
							<String ID="string_50" HPOS="1528" VPOS="598" WIDTH="141" HEIGHT="42" WC="0.93" CONTENT="ändring"/><SP WIDTH="24" VPOS="598" HPOS="1669"/>
							<String ID="string_51" HPOS="1693" VPOS="598" WIDTH="13" HEIGHT="32" WC="0.74" CONTENT="$"/><SP WIDTH="19" VPOS="598" HPOS="1706"/>
							<String ID="string_52" HPOS="1725" VPOS="598" WIDTH="54" HEIGHT="33" WC="0.91" CONTENT="så-"/>
						</TextLine>
						<TextLine ID="line_8" HPOS="1007" VPOS="647" WIDTH="773" HEIGHT="46">
							<String ID="string_53" HPOS="1007" VPOS="648" WIDTH="67" HEIGHT="31" WC="0.95" CONTENT="dan"/><SP WIDTH="32" VPOS="648" HPOS="1074"/>
							<String ID="string_54" HPOS="1106" VPOS="647" WIDTH="56" HEIGHT="44" WC="0.96" CONTENT="lag"/><SP WIDTH="35" VPOS="647" HPOS="1162"/>
							<String ID="string_55" HPOS="1197" VPOS="653" WIDTH="100" HEIGHT="38" WC="0.96" CONTENT="göras"/><SP WIDTH="34" VPOS="653" HPOS="1297"/>
							<String ID="string_56" HPOS="1331" VPOS="653" WIDTH="81" HEIGHT="28" WC="0.94" CONTENT="utan"/><SP WIDTH="33" VPOS="653" HPOS="1412"/>
							<String ID="string_57" HPOS="1445" VPOS="651" WIDTH="39" HEIGHT="41" WC="0.93" CONTENT="af"/><SP WIDTH="28" VPOS="651" HPOS="1484"/>
							<String ID="string_58" HPOS="1512" VPOS="648" WIDTH="184" HEIGHT="45" WC="0.95" CONTENT="Konungen"/><SP WIDTH="27" VPOS="648" HPOS="1696"/>
							<String ID="string_59" HPOS="1723" VPOS="650" WIDTH="57" HEIGHT="34" WC="0.96" CONTENT="och"/>
						</TextLine>
						<TextLine ID="line_9" HPOS="1007" VPOS="700" WIDTH="363" HEIGHT="44">
							<String ID="string_60" HPOS="1007" VPOS="700" WIDTH="191" HEIGHT="43" WC="0.88" CONTENT="Riksdagen"/><SP WIDTH="27" VPOS="700" HPOS="1198"/>
							<String ID="string_61" HPOS="1225" VPOS="700" WIDTH="145" HEIGHT="44" WC="0.71" CONTENT="eamfält."/>
						</TextLine>
					</TextBlock>
				</ComposedBlock>
				<ComposedBlock ID="cblock_2" HPOS="331" VPOS="811" WIDTH="835" HEIGHT="163">
					<TextBlock ID="block_3" HPOS="331" VPOS="811" WIDTH="835" HEIGHT="163">
						<TextLine ID="line_10" HPOS="331" VPOS="811" WIDTH="653" HEIGHT="34">
							<String ID="string_62" HPOS="331" VPOS="812" WIDTH="176" HEIGHT="33" WC="0.96" CONTENT="Stockholm"/><SP WIDTH="28" VPOS="812" HPOS="507"/>
							<String ID="string_63" HPOS="535" VPOS="812" WIDTH="57" HEIGHT="33" WC="0.96" CONTENT="den"/><SP WIDTH="32" VPOS="812" HPOS="592"/>
							<String ID="string_64" HPOS="624" VPOS="814" WIDTH="42" HEIGHT="31" WC="0.96" CONTENT="16"/><SP WIDTH="30" VPOS="814" HPOS="666"/>
							<String ID="string_65" HPOS="696" VPOS="811" WIDTH="146" HEIGHT="33" WC="0.96" CONTENT="Februari"/><SP WIDTH="33" VPOS="811" HPOS="842"/>
							<String ID="string_66" HPOS="875" VPOS="813" WIDTH="109" HEIGHT="31" WC="0.96" CONTENT="1874."/>
						</TextLine>
						<TextLine ID="line_11" HPOS="783" VPOS="922" WIDTH="383" HEIGHT="52">
							<String ID="string_67" HPOS="783" VPOS="922" WIDTH="28" HEIGHT="42" WC="0.90" CONTENT="Å"/><SP WIDTH="27" VPOS="922" HPOS="811"/>
							<String ID="string_68" HPOS="838" VPOS="932" WIDTH="172" HEIGHT="33" WC="0.95" CONTENT="Utskottets"/><SP WIDTH="27" VPOS="932" HPOS="1010"/>
							<String ID="string_69" HPOS="1037" VPOS="935" WIDTH="129" HEIGHT="39" WC="0.96" CONTENT="vägnar:"/>
						</TextLine>
					</TextBlock>
				</ComposedBlock>
				<ComposedBlock ID="cblock_3" HPOS="642" VPOS="1046" WIDTH="678" HEIGHT="45">
					<TextBlock ID="block_4" HPOS="642" VPOS="1046" WIDTH="678" HEIGHT="45">
						<TextLine ID="line_12" HPOS="642" VPOS="1046" WIDTH="678" HEIGHT="45">
							<String ID="string_70" HPOS="642" VPOS="1048" WIDTH="81" HEIGHT="40" WC="0.93" CONTENT="Th."/><SP WIDTH="29" VPOS="1048" HPOS="723"/>
							<String ID="string_71" HPOS="752" VPOS="1046" WIDTH="161" HEIGHT="43" WC="0.33" CONTENT="iflunek"/><SP WIDTH="27" VPOS="1046" HPOS="913"/>
							<String ID="string_72" HPOS="940" VPOS="1049" WIDTH="47" HEIGHT="40" WC="0.93" CONTENT="af"/><SP WIDTH="23" VPOS="1049" HPOS="987"/>
							<String ID="string_73" HPOS="1010" VPOS="1048" WIDTH="310" HEIGHT="43" WC="0.91" CONTENT="Rosenschöld."/>
						</TextLine>
					</TextBlock>
				</ComposedBlock>
				<GraphicalElement ID="cblock_4" HPOS="776" VPOS="1307" WIDTH="390" HEIGHT="6"></GraphicalElement >
				<ComposedBlock ID="cblock_5" HPOS="748" VPOS="1572" WIDTH="454" HEIGHT="41">
					<TextBlock ID="block_5" HPOS="748" VPOS="1572" WIDTH="454" HEIGHT="41">
						<TextLine ID="line_13" HPOS="748" VPOS="1572" WIDTH="454" HEIGHT="41">
							<String ID="string_74" HPOS="748" VPOS="1572" WIDTH="454" HEIGHT="41" WC="0.96" CONTENT="Reservationer:"/>
						</TextLine>
					</TextBlock>
				</ComposedBlock>
				<ComposedBlock ID="cblock_6" HPOS="169" VPOS="1681" WIDTH="1609" HEIGHT="665">
					<TextBlock ID="block_6" HPOS="173" VPOS="1681" WIDTH="1599" HEIGHT="94">
						<TextLine ID="line_14" HPOS="328" VPOS="1681" WIDTH="1444" HEIGHT="43">
							<String ID="string_75" HPOS="328" VPOS="1683" WIDTH="33" HEIGHT="31" WC="0.96" CONTENT="af"/><SP WIDTH="31" VPOS="1683" HPOS="361"/>
							<String ID="string_76" HPOS="392" VPOS="1683" WIDTH="114" HEIGHT="31" WC="0.96" CONTENT="Herrar"/><SP WIDTH="31" VPOS="1683" HPOS="506"/>
							<String ID="string_77" HPOS="537" VPOS="1682" WIDTH="124" HEIGHT="32" WC="0.96" CONTENT="Munck"/><SP WIDTH="38" VPOS="1682" HPOS="661"/>
							<String ID="string_78" HPOS="699" VPOS="1684" WIDTH="39" HEIGHT="40" WC="0.93" CONTENT="af"/><SP WIDTH="24" VPOS="1684" HPOS="738"/>
							<String ID="string_79" HPOS="762" VPOS="1681" WIDTH="230" HEIGHT="39" WC="0.91" CONTENT="Rosenschöld,"/><SP WIDTH="30" VPOS="1681" HPOS="992"/>
							<String ID="string_80" HPOS="1022" VPOS="1693" WIDTH="61" HEIGHT="20" WC="0.96" CONTENT="von"/><SP WIDTH="27" VPOS="1693" HPOS="1083"/>
							<String ID="string_81" HPOS="1110" VPOS="1681" WIDTH="133" HEIGHT="38" WC="0.96" CONTENT="Möller,"/><SP WIDTH="34" VPOS="1681" HPOS="1243"/>
							<String ID="string_82" HPOS="1277" VPOS="1681" WIDTH="166" HEIGHT="43" WC="0.94" CONTENT="Odelberg,"/><SP WIDTH="30" VPOS="1681" HPOS="1443"/>
							<String ID="string_83" HPOS="1473" VPOS="1693" WIDTH="62" HEIGHT="20" WC="0.93" CONTENT="von"/><SP WIDTH="25" VPOS="1693" HPOS="1535"/>
							<String ID="string_84" HPOS="1560" VPOS="1682" WIDTH="212" HEIGHT="39" WC="0.91" CONTENT="Ehrenheim,"/>
						</TextLine>
						<TextLine ID="line_15" HPOS="173" VPOS="1733" WIDTH="1270" HEIGHT="42">
							<String ID="string_85" HPOS="173" VPOS="1736" WIDTH="256" HEIGHT="31" WC="0.79" CONTENT="Mannerskantz"/><SP WIDTH="27" VPOS="1736" HPOS="429"/>
							<String ID="string_86" HPOS="456" VPOS="1735" WIDTH="56" HEIGHT="31" WC="0.96" CONTENT="och"/><SP WIDTH="28" VPOS="1735" HPOS="512"/>
							<String ID="string_87" HPOS="540" VPOS="1734" WIDTH="129" HEIGHT="38" WC="0.90" CONTENT="Sahlin,"/><SP WIDTH="32" VPOS="1734" HPOS="669"/>
							<String ID="string_88" HPOS="701" VPOS="1734" WIDTH="102" HEIGHT="31" WC="0.96" CONTENT="hvilka"/><SP WIDTH="27" VPOS="1734" HPOS="803"/>
							<String ID="string_89" HPOS="830" VPOS="1734" WIDTH="116" HEIGHT="31" WC="0.96" CONTENT="förenat"/><SP WIDTH="28" VPOS="1734" HPOS="946"/>
							<String ID="string_90" HPOS="974" VPOS="1733" WIDTH="47" HEIGHT="41" WC="0.96" CONTENT="sig"/><SP WIDTH="28" VPOS="1733" HPOS="1021"/>
							<String ID="string_91" HPOS="1049" VPOS="1743" WIDTH="49" HEIGHT="22" WC="0.96" CONTENT="om"/><SP WIDTH="29" VPOS="1743" HPOS="1098"/>
							<String ID="string_92" HPOS="1127" VPOS="1733" WIDTH="131" HEIGHT="42" WC="0.95" CONTENT="följande"/><SP WIDTH="28" VPOS="1733" HPOS="1258"/>
							<String ID="string_93" HPOS="1286" VPOS="1734" WIDTH="157" HEIGHT="40" WC="0.95" CONTENT="yttrande:"/>
						</TextLine>
					</TextBlock>
					<TextBlock ID="block_7" HPOS="169" VPOS="1784" WIDTH="1609" HEIGHT="562">
						<TextLine ID="line_16" HPOS="326" VPOS="1784" WIDTH="1448" HEIGHT="42">
							<String ID="string_94" HPOS="326" VPOS="1786" WIDTH="119" HEIGHT="32" WC="0.71" CONTENT="»Under"/><SP WIDTH="40" VPOS="1786" HPOS="445"/>
							<String ID="string_95" HPOS="485" VPOS="1786" WIDTH="225" HEIGHT="39" WC="0.87" CONTENT="förutsättning,"/><SP WIDTH="44" VPOS="1786" HPOS="710"/>
							<String ID="string_96" HPOS="754" VPOS="1787" WIDTH="46" HEIGHT="30" WC="0.95" CONTENT="att"/><SP WIDTH="41" VPOS="1787" HPOS="800"/>
							<String ID="string_97" HPOS="841" VPOS="1785" WIDTH="45" HEIGHT="38" WC="0.95" CONTENT="de,"/><SP WIDTH="31" VPOS="1785" HPOS="886"/>
							<String ID="string_98" HPOS="917" VPOS="1795" WIDTH="65" HEIGHT="22" WC="0.93" CONTENT="som"/><SP WIDTH="30" VPOS="1795" HPOS="982"/>
							<String ID="string_99" HPOS="1012" VPOS="1785" WIDTH="71" HEIGHT="41" WC="0.92" CONTENT="vilja"/><SP WIDTH="28" VPOS="1785" HPOS="1083"/>
							<String ID="string_100" HPOS="1111" VPOS="1785" WIDTH="292" HEIGHT="41" WC="0.91" CONTENT="indelningsverkets"/><SP WIDTH="28" VPOS="1785" HPOS="1403"/>
							<String ID="string_101" HPOS="1431" VPOS="1784" WIDTH="220" HEIGHT="42" WC="0.91" CONTENT="upphäfvande,"/><SP WIDTH="29" VPOS="1784" HPOS="1651"/>
							<String ID="string_102" HPOS="1680" VPOS="1784" WIDTH="94" HEIGHT="32" WC="0.96" CONTENT="önska"/>
						</TextLine>
						<TextLine ID="line_17" HPOS="174" VPOS="1835" WIDTH="1600" HEIGHT="44">
							<String ID="string_103" HPOS="174" VPOS="1838" WIDTH="31" HEIGHT="32" WC="0.96" CONTENT="åt"/><SP WIDTH="28" VPOS="1838" HPOS="205"/>
							<String ID="string_104" HPOS="233" VPOS="1837" WIDTH="56" HEIGHT="32" WC="0.97" CONTENT="den"/><SP WIDTH="28" VPOS="1837" HPOS="289"/>
							<String ID="string_105" HPOS="317" VPOS="1838" WIDTH="205" HEIGHT="41" WC="0.96" CONTENT="organisation"/><SP WIDTH="29" VPOS="1838" HPOS="522"/>
							<String ID="string_106" HPOS="551" VPOS="1838" WIDTH="34" HEIGHT="31" WC="0.93" CONTENT="af"/><SP WIDTH="23" VPOS="1838" HPOS="585"/>
							<String ID="string_107" HPOS="608" VPOS="1837" WIDTH="289" HEIGHT="37" WC="0.91" CONTENT="försvarsväsendet,"/><SP WIDTH="31" VPOS="1837" HPOS="897"/>
							<String ID="string_108" HPOS="928" VPOS="1846" WIDTH="63" HEIGHT="23" WC="0.96" CONTENT="som"/><SP WIDTH="31" VPOS="1846" HPOS="991"/>
							<String ID="string_109" HPOS="1022" VPOS="1837" WIDTH="77" HEIGHT="32" WC="0.95" CONTENT="skall"/><SP WIDTH="27" VPOS="1837" HPOS="1099"/>
							<String ID="string_110" HPOS="1126" VPOS="1837" WIDTH="88" HEIGHT="31" WC="0.96" CONTENT="träda"/><SP WIDTH="28" VPOS="1837" HPOS="1214"/>
							<String ID="string_111" HPOS="1242" VPOS="1837" WIDTH="10" HEIGHT="31" WC="0.96" CONTENT="i"/><SP WIDTH="25" VPOS="1837" HPOS="1252"/>
							<String ID="string_112" HPOS="1277" VPOS="1838" WIDTH="113" HEIGHT="38" WC="0.96" CONTENT="stället,"/><SP WIDTH="21" VPOS="1838" HPOS="1390"/>
							<String ID="string_113" HPOS="1411" VPOS="1837" WIDTH="186" HEIGHT="32" WC="0.96" CONTENT="tillförsäkra"/><SP WIDTH="19" VPOS="1837" HPOS="1597"/>
							<String ID="string_114" HPOS="1616" VPOS="1835" WIDTH="158" HEIGHT="33" WC="0.96" CONTENT="enahanda"/>
						</TextLine>
						<TextLine ID="line_18" HPOS="173" VPOS="1888" WIDTH="1600" HEIGHT="43">
							<String ID="string_115" HPOS="173" VPOS="1890" WIDTH="96" HEIGHT="41" WC="0.96" CONTENT="skydd"/><SP WIDTH="27" VPOS="1890" HPOS="269"/>
							<String ID="string_116" HPOS="296" VPOS="1892" WIDTH="84" HEIGHT="30" WC="0.96" CONTENT="emot"/><SP WIDTH="27" VPOS="1892" HPOS="380"/>
							<String ID="string_117" HPOS="407" VPOS="1890" WIDTH="137" HEIGHT="40" WC="0.96" CONTENT="ensidiga"/><SP WIDTH="27" VPOS="1890" HPOS="544"/>
							<String ID="string_118" HPOS="571" VPOS="1889" WIDTH="208" HEIGHT="41" WC="0.96" CONTENT="förändringar"/><SP WIDTH="27" VPOS="1889" HPOS="779"/>
							<String ID="string_119" HPOS="806" VPOS="1889" WIDTH="33" HEIGHT="32" WC="0.96" CONTENT="af"/><SP WIDTH="24" VPOS="1889" HPOS="839"/>
							<String ID="string_120" HPOS="863" VPOS="1889" WIDTH="131" HEIGHT="40" WC="0.96" CONTENT="Konung"/><SP WIDTH="26" VPOS="1889" HPOS="994"/>
							<String ID="string_121" HPOS="1020" VPOS="1890" WIDTH="74" HEIGHT="31" WC="0.96" CONTENT="eller"/><SP WIDTH="26" VPOS="1890" HPOS="1094"/>
							<String ID="string_122" HPOS="1120" VPOS="1889" WIDTH="146" HEIGHT="39" WC="0.95" CONTENT="Riksdag,"/><SP WIDTH="30" VPOS="1889" HPOS="1266"/>
							<String ID="string_123" HPOS="1296" VPOS="1899" WIDTH="65" HEIGHT="22" WC="0.96" CONTENT="som"/><SP WIDTH="23" VPOS="1899" HPOS="1361"/>
							<String ID="string_124" HPOS="1384" VPOS="1890" WIDTH="46" HEIGHT="31" WC="0.90" CONTENT="80"/><SP WIDTH="25" VPOS="1890" HPOS="1430"/>
							<String ID="string_125" HPOS="1455" VPOS="1893" WIDTH="14" HEIGHT="32" WC="0.90" CONTENT="$"/><SP WIDTH="18" VPOS="1893" HPOS="1469"/>
							<String ID="string_126" HPOS="1487" VPOS="1888" WIDTH="286" HEIGHT="42" WC="0.96" CONTENT="Regeringsformen"/>
						</TextLine>
						<TextLine ID="line_19" HPOS="172" VPOS="1940" WIDTH="1606" HEIGHT="42">
							<String ID="string_127" HPOS="172" VPOS="1952" WIDTH="40" HEIGHT="21" WC="0.91" CONTENT="nu"/><SP WIDTH="40" VPOS="1952" HPOS="212"/>
							<String ID="string_128" HPOS="252" VPOS="1941" WIDTH="97" HEIGHT="41" WC="0.91" CONTENT="gifver"/><SP WIDTH="41" VPOS="1941" HPOS="349"/>
							<String ID="string_129" HPOS="390" VPOS="1941" WIDTH="31" HEIGHT="32" WC="0.93" CONTENT="åt"/><SP WIDTH="39" VPOS="1941" HPOS="421"/>
							<String ID="string_130" HPOS="460" VPOS="1941" WIDTH="284" HEIGHT="41" WC="0.92" CONTENT="indelningsverket,"/><SP WIDTH="39" VPOS="1941" HPOS="744"/>
							<String ID="string_131" HPOS="783" VPOS="1940" WIDTH="85" HEIGHT="33" WC="0.96" CONTENT="torde"/><SP WIDTH="28" VPOS="1940" HPOS="868"/>
							<String ID="string_132" HPOS="896" VPOS="1940" WIDTH="9" HEIGHT="32" WC="0.96" CONTENT="i"/><SP WIDTH="28" VPOS="1940" HPOS="905"/>
							<String ID="string_133" HPOS="933" VPOS="1941" WIDTH="129" HEIGHT="31" WC="0.96" CONTENT="främsta"/><SP WIDTH="27" VPOS="1941" HPOS="1062"/>
							<String ID="string_134" HPOS="1089" VPOS="1942" WIDTH="133" HEIGHT="31" WC="0.96" CONTENT="rummet"/><SP WIDTH="28" VPOS="1942" HPOS="1222"/>
							<String ID="string_135" HPOS="1250" VPOS="1941" WIDTH="72" HEIGHT="31" WC="0.92" CONTENT="böra"/><SP WIDTH="27" VPOS="1941" HPOS="1322"/>
							<String ID="string_136" HPOS="1349" VPOS="1941" WIDTH="109" HEIGHT="39" WC="0.89" CONTENT="tillses,"/><SP WIDTH="30" VPOS="1941" HPOS="1458"/>
							<String ID="string_137" HPOS="1488" VPOS="1940" WIDTH="149" HEIGHT="33" WC="0.96" CONTENT="huruvida"/><SP WIDTH="29" VPOS="1940" HPOS="1637"/>
							<String ID="string_138" HPOS="1666" VPOS="1940" WIDTH="51" HEIGHT="32" WC="0.95" CONTENT="det"/><SP WIDTH="27" VPOS="1940" HPOS="1717"/>
							<String ID="string_139" HPOS="1744" VPOS="1940" WIDTH="34" HEIGHT="32" WC="0.96" CONTENT="af"/>
						</TextLine>
						<TextLine ID="line_20" HPOS="172" VPOS="1992" WIDTH="1599" HEIGHT="42">
							<String ID="string_140" HPOS="172" VPOS="1993" WIDTH="115" HEIGHT="40" WC="0.96" CONTENT="Kongl."/><SP WIDTH="29" VPOS="1993" HPOS="287"/>
							<String ID="string_141" HPOS="316" VPOS="1993" WIDTH="93" HEIGHT="41" WC="0.96" CONTENT="Maj:t"/><SP WIDTH="27" VPOS="1993" HPOS="409"/>
							<String ID="string_142" HPOS="436" VPOS="2003" WIDTH="39" HEIGHT="21" WC="0.97" CONTENT="nu"/><SP WIDTH="26" VPOS="2003" HPOS="475"/>
							<String ID="string_143" HPOS="501" VPOS="1994" WIDTH="172" HEIGHT="40" WC="0.95" CONTENT="föreslagna"/><SP WIDTH="27" VPOS="1994" HPOS="673"/>
							<String ID="string_144" HPOS="700" VPOS="1993" WIDTH="109" HEIGHT="41" WC="0.95" CONTENT="tillägg"/><SP WIDTH="26" VPOS="1993" HPOS="809"/>
							<String ID="string_145" HPOS="835" VPOS="1993" WIDTH="49" HEIGHT="31" WC="0.96" CONTENT="till"/><SP WIDTH="27" VPOS="1993" HPOS="884"/>
							<String ID="string_146" HPOS="911" VPOS="1992" WIDTH="133" HEIGHT="32" WC="0.93" CONTENT="nämnda"/><SP WIDTH="27" VPOS="1992" HPOS="1044"/>
							<String ID="string_147" HPOS="1071" VPOS="1996" WIDTH="12" HEIGHT="33" WC="0.77" CONTENT="$"/><SP WIDTH="21" VPOS="1996" HPOS="1083"/>
							<String ID="string_148" HPOS="1104" VPOS="1993" WIDTH="149" HEIGHT="41" WC="0.96" CONTENT="uppfyller"/><SP WIDTH="19" VPOS="1993" HPOS="1253"/>
							<String ID="string_149" HPOS="1272" VPOS="1993" WIDTH="84" HEIGHT="32" WC="0.96" CONTENT="detta"/><SP WIDTH="20" VPOS="1993" HPOS="1356"/>
							<String ID="string_150" HPOS="1376" VPOS="1992" WIDTH="152" HEIGHT="33" WC="0.96" CONTENT="ändamål."/><SP WIDTH="38" VPOS="1992" HPOS="1528"/>
							<String ID="string_151" HPOS="1566" VPOS="1992" WIDTH="107" HEIGHT="32" WC="0.84" CONTENT="Såsom"/><SP WIDTH="20" VPOS="1992" HPOS="1673"/>
							<String ID="string_152" HPOS="1693" VPOS="1993" WIDTH="78" HEIGHT="32" WC="0.92" CONTENT="före-"/>
						</TextLine>
						<TextLine ID="line_21" HPOS="173" VPOS="2044" WIDTH="1601" HEIGHT="42">
							<String ID="string_153" HPOS="173" VPOS="2045" WIDTH="62" HEIGHT="31" WC="0.95" CONTENT="mål"/><SP WIDTH="40" VPOS="2045" HPOS="235"/>
							<String ID="string_154" HPOS="275" VPOS="2045" WIDTH="44" HEIGHT="32" WC="0.96" CONTENT="för"/><SP WIDTH="41" VPOS="2045" HPOS="319"/>
							<String ID="string_155" HPOS="360" VPOS="2045" WIDTH="56" HEIGHT="32" WC="0.96" CONTENT="den"/><SP WIDTH="41" VPOS="2045" HPOS="416"/>
							<String ID="string_156" HPOS="457" VPOS="2045" WIDTH="62" HEIGHT="41" WC="0.95" CONTENT="lag,"/><SP WIDTH="44" VPOS="2045" HPOS="519"/>
							<String ID="string_157" HPOS="563" VPOS="2055" WIDTH="66" HEIGHT="22" WC="0.96" CONTENT="som"/><SP WIDTH="42" VPOS="2055" HPOS="629"/>
							<String ID="string_158" HPOS="671" VPOS="2045" WIDTH="95" HEIGHT="32" WC="0.95" CONTENT="skulle"/><SP WIDTH="42" VPOS="2045" HPOS="766"/>
							<String ID="string_159" HPOS="808" VPOS="2044" WIDTH="95" HEIGHT="32" WC="0.96" CONTENT="ordna"/><SP WIDTH="36" VPOS="2044" HPOS="903"/>
							<String ID="string_160" HPOS="939" VPOS="2044" WIDTH="36" HEIGHT="32" WC="0.96" CONTENT="de"/><SP WIDTH="28" VPOS="2044" HPOS="975"/>
							<String ID="string_161" HPOS="1003" VPOS="2054" WIDTH="58" HEIGHT="31" WC="0.95" CONTENT="nya"/><SP WIDTH="27" VPOS="2054" HPOS="1061"/>
							<String ID="string_162" HPOS="1088" VPOS="2044" WIDTH="239" HEIGHT="38" WC="0.66" CONTENT="förhållandena,"/><SP WIDTH="30" VPOS="2044" HPOS="1327"/>
							<String ID="string_163" HPOS="1357" VPOS="2045" WIDTH="197" HEIGHT="36" WC="0.96" CONTENT="bestämmes,"/><SP WIDTH="30" VPOS="2045" HPOS="1554"/>
							<String ID="string_164" HPOS="1584" VPOS="2045" WIDTH="46" HEIGHT="31" WC="0.93" CONTENT="att"/><SP WIDTH="26" VPOS="2045" HPOS="1630"/>
							<String ID="string_165" HPOS="1656" VPOS="2053" WIDTH="118" HEIGHT="23" WC="0.58" CONTENT="»”annan"/>
						</TextLine>
						<TextLine ID="line_22" HPOS="171" VPOS="2095" WIDTH="1600" HEIGHT="43">
							<String ID="string_166" HPOS="171" VPOS="2097" WIDTH="97" HEIGHT="41" WC="0.93" CONTENT="grund"/><SP WIDTH="41" VPOS="2097" HPOS="268"/>
							<String ID="string_167" HPOS="309" VPOS="2096" WIDTH="106" HEIGHT="33" WC="0.89" CONTENT="varder"/><SP WIDTH="41" VPOS="2096" HPOS="415"/>
							<String ID="string_168" HPOS="456" VPOS="2096" WIDTH="74" HEIGHT="42" WC="0.96" CONTENT="lagd"/><SP WIDTH="39" VPOS="2096" HPOS="530"/>
							<String ID="string_169" HPOS="569" VPOS="2097" WIDTH="46" HEIGHT="31" WC="0.95" CONTENT="för"/><SP WIDTH="41" VPOS="2097" HPOS="615"/>
							<String ID="string_170" HPOS="656" VPOS="2096" WIDTH="168" HEIGHT="32" WC="0.95" CONTENT="ordnandet"/><SP WIDTH="28" VPOS="2096" HPOS="824"/>
							<String ID="string_171" HPOS="852" VPOS="2096" WIDTH="33" HEIGHT="32" WC="0.96" CONTENT="af"/><SP WIDTH="24" VPOS="2096" HPOS="885"/>
							<String ID="string_172" HPOS="909" VPOS="2096" WIDTH="206" HEIGHT="40" WC="0.96" CONTENT="krigsmakten"/><SP WIDTH="28" VPOS="2096" HPOS="1115"/>
							<String ID="string_173" HPOS="1143" VPOS="2097" WIDTH="50" HEIGHT="31" WC="0.96" CONTENT="till"/><SP WIDTH="27" VPOS="2097" HPOS="1193"/>
							<String ID="string_174" HPOS="1220" VPOS="2096" WIDTH="88" HEIGHT="32" WC="0.96" CONTENT="lands"/><SP WIDTH="28" VPOS="2096" HPOS="1308"/>
							<String ID="string_175" HPOS="1336" VPOS="2096" WIDTH="57" HEIGHT="32" WC="0.91" CONTENT="och"/><SP WIDTH="28" VPOS="2096" HPOS="1393"/>
							<String ID="string_176" HPOS="1421" VPOS="2096" WIDTH="89" HEIGHT="42" WC="0.80" CONTENT="sjös.»"/><SP WIDTH="54" VPOS="2096" HPOS="1510"/>
							<String ID="string_177" HPOS="1564" VPOS="2096" WIDTH="93" HEIGHT="32" WC="0.82" CONTENT="Detta"/><SP WIDTH="28" VPOS="2096" HPOS="1657"/>
							<String ID="string_178" HPOS="1685" VPOS="2095" WIDTH="86" HEIGHT="33" WC="0.88" CONTENT="stad-"/>
						</TextLine>
						<TextLine ID="line_23" HPOS="171" VPOS="2148" WIDTH="1600" HEIGHT="42">
							<String ID="string_179" HPOS="171" VPOS="2148" WIDTH="98" HEIGHT="42" WC="0.94" CONTENT="gande"/><SP WIDTH="27" VPOS="2148" HPOS="269"/>
							<String ID="string_180" HPOS="296" VPOS="2149" WIDTH="109" HEIGHT="32" WC="0.94" CONTENT="företer"/><SP WIDTH="27" VPOS="2149" HPOS="405"/>
							<String ID="string_181" HPOS="432" VPOS="2148" WIDTH="179" HEIGHT="41" WC="0.96" CONTENT="visserligen"/><SP WIDTH="28" VPOS="2148" HPOS="611"/>
							<String ID="string_182" HPOS="639" VPOS="2158" WIDTH="36" HEIGHT="22" WC="0.96" CONTENT="en"/><SP WIDTH="28" VPOS="2158" HPOS="675"/>
							<String ID="string_183" HPOS="703" VPOS="2149" WIDTH="78" HEIGHT="41" WC="0.96" CONTENT="yttre"/><SP WIDTH="27" VPOS="2149" HPOS="781"/>
							<String ID="string_184" HPOS="808" VPOS="2148" WIDTH="95" HEIGHT="32" WC="0.95" CONTENT="likhet"/><SP WIDTH="27" VPOS="2148" HPOS="903"/>
							<String ID="string_185" HPOS="930" VPOS="2148" WIDTH="69" HEIGHT="32" WC="0.96" CONTENT="med"/><SP WIDTH="29" VPOS="2148" HPOS="999"/>
							<String ID="string_186" HPOS="1028" VPOS="2148" WIDTH="60" HEIGHT="39" WC="0.96" CONTENT="det,"/><SP WIDTH="30" VPOS="2148" HPOS="1088"/>
							<String ID="string_187" HPOS="1118" VPOS="2158" WIDTH="66" HEIGHT="22" WC="0.96" CONTENT="som"/><SP WIDTH="28" VPOS="2158" HPOS="1184"/>
							<String ID="string_188" HPOS="1212" VPOS="2159" WIDTH="40" HEIGHT="21" WC="0.91" CONTENT="nu"/><SP WIDTH="27" VPOS="2159" HPOS="1252"/>
							<String ID="string_189" HPOS="1279" VPOS="2148" WIDTH="159" HEIGHT="33" WC="0.91" CONTENT="förefinnes"/><SP WIDTH="19" VPOS="2148" HPOS="1438"/>
							<String ID="string_190" HPOS="1457" VPOS="2148" WIDTH="10" HEIGHT="32" WC="0.95" CONTENT="i"/><SP WIDTH="22" VPOS="2148" HPOS="1467"/>
							<String ID="string_191" HPOS="1489" VPOS="2149" WIDTH="45" HEIGHT="32" WC="0.93" CONTENT="80"/><SP WIDTH="21" VPOS="2149" HPOS="1534"/>
							<String ID="string_192" HPOS="1555" VPOS="2152" WIDTH="14" HEIGHT="32" WC="0.92" CONTENT="$"/><SP WIDTH="19" VPOS="2152" HPOS="1569"/>
							<String ID="string_193" HPOS="1588" VPOS="2148" WIDTH="183" HEIGHT="42" WC="0.92" CONTENT="Regerings-"/>
						</TextLine>
						<TextLine ID="line_24" HPOS="169" VPOS="2199" WIDTH="1601" HEIGHT="42">
							<String ID="string_194" HPOS="169" VPOS="2202" WIDTH="117" HEIGHT="31" WC="0.96" CONTENT="formen"/><SP WIDTH="27" VPOS="2202" HPOS="286"/>
							<String ID="string_195" HPOS="313" VPOS="2200" WIDTH="10" HEIGHT="31" WC="0.96" CONTENT="i"/><SP WIDTH="29" VPOS="2200" HPOS="323"/>
							<String ID="string_196" HPOS="352" VPOS="2200" WIDTH="139" HEIGHT="32" WC="0.96" CONTENT="afseende"/><SP WIDTH="28" VPOS="2200" HPOS="491"/>
							<String ID="string_197" HPOS="519" VPOS="2200" WIDTH="38" HEIGHT="41" WC="0.93" CONTENT="på"/><SP WIDTH="26" VPOS="2200" HPOS="557"/>
							<String ID="string_198" HPOS="583" VPOS="2200" WIDTH="292" HEIGHT="40" WC="0.92" CONTENT="indelningsverket;"/><SP WIDTH="30" VPOS="2200" HPOS="875"/>
							<String ID="string_199" HPOS="905" VPOS="2210" WIDTH="69" HEIGHT="21" WC="0.96" CONTENT="men"/><SP WIDTH="28" VPOS="2210" HPOS="974"/>
							<String ID="string_200" HPOS="1002" VPOS="2209" WIDTH="47" HEIGHT="22" WC="0.96" CONTENT="om"/><SP WIDTH="30" VPOS="2209" HPOS="1049"/>
							<String ID="string_201" HPOS="1079" VPOS="2210" WIDTH="71" HEIGHT="22" WC="0.91" CONTENT="man"/><SP WIDTH="28" VPOS="2210" HPOS="1150"/>
							<String ID="string_202" HPOS="1178" VPOS="2200" WIDTH="142" HEIGHT="32" WC="0.87" CONTENT="besinnar"/><SP WIDTH="27" VPOS="2200" HPOS="1320"/>
							<String ID="string_203" HPOS="1347" VPOS="2201" WIDTH="45" HEIGHT="31" WC="0.96" CONTENT="att"/><SP WIDTH="26" VPOS="2201" HPOS="1392"/>
							<String ID="string_204" HPOS="1418" VPOS="2200" WIDTH="35" HEIGHT="32" WC="0.93" CONTENT="de"/><SP WIDTH="25" VPOS="2200" HPOS="1453"/>
							<String ID="string_205" HPOS="1478" VPOS="2199" WIDTH="292" HEIGHT="42" WC="0.91" CONTENT="»hufvudgrunder»,"/>
						</TextLine>
						<TextLine ID="line_25" HPOS="170" VPOS="2251" WIDTH="1601" HEIGHT="42">
							<String ID="string_206" HPOS="170" VPOS="2262" WIDTH="67" HEIGHT="22" WC="0.96" CONTENT="som"/><SP WIDTH="27" VPOS="2262" HPOS="237"/>
							<String ID="string_207" HPOS="264" VPOS="2253" WIDTH="10" HEIGHT="31" WC="0.93" CONTENT="i"/><SP WIDTH="29" VPOS="2253" HPOS="274"/>
							<String ID="string_208" HPOS="303" VPOS="2256" WIDTH="46" HEIGHT="32" WC="0.89" CONTENT="$:n"/><SP WIDTH="29" VPOS="2256" HPOS="349"/>
							<String ID="string_209" HPOS="378" VPOS="2253" WIDTH="207" HEIGHT="38" WC="0.88" CONTENT="omförmälas,"/><SP WIDTH="31" VPOS="2253" HPOS="585"/>
							<String ID="string_210" HPOS="616" VPOS="2252" WIDTH="63" HEIGHT="32" WC="0.92" CONTENT="afse"/><SP WIDTH="27" VPOS="2252" HPOS="679"/>
							<String ID="string_211" HPOS="706" VPOS="2252" WIDTH="64" HEIGHT="32" WC="0.96" CONTENT="icke"/><SP WIDTH="29" VPOS="2252" HPOS="770"/>
							<String ID="string_212" HPOS="799" VPOS="2252" WIDTH="79" HEIGHT="31" WC="0.96" CONTENT="blott"/><SP WIDTH="27" VPOS="2252" HPOS="878"/>
							<String ID="string_213" HPOS="905" VPOS="2252" WIDTH="93" HEIGHT="31" WC="0.96" CONTENT="sättet"/><SP WIDTH="26" VPOS="2252" HPOS="998"/>
							<String ID="string_214" HPOS="1024" VPOS="2251" WIDTH="52" HEIGHT="39" WC="0.93" CONTENT="för"/><SP WIDTH="21" VPOS="2251" HPOS="1076"/>
							<String ID="string_215" HPOS="1097" VPOS="2252" WIDTH="138" HEIGHT="32" WC="0.84" CONTENT="arméens"/><SP WIDTH="19" VPOS="2252" HPOS="1235"/>
							<String ID="string_216" HPOS="1254" VPOS="2252" WIDTH="155" HEIGHT="32" WC="0.92" CONTENT="förseende"/><SP WIDTH="19" VPOS="2252" HPOS="1409"/>
							<String ID="string_217" HPOS="1428" VPOS="2252" WIDTH="70" HEIGHT="32" WC="0.96" CONTENT="med"/><SP WIDTH="20" VPOS="2252" HPOS="1498"/>
							<String ID="string_218" HPOS="1518" VPOS="2253" WIDTH="158" HEIGHT="40" WC="0.96" CONTENT="manskap,"/><SP WIDTH="21" VPOS="2253" HPOS="1676"/>
							<String ID="string_219" HPOS="1697" VPOS="2252" WIDTH="74" HEIGHT="31" WC="0.96" CONTENT="utan"/>
						</TextLine>
						<TextLine ID="line_26" HPOS="170" VPOS="2303" WIDTH="1600" HEIGHT="43">
							<String ID="string_220" HPOS="170" VPOS="2304" WIDTH="86" HEIGHT="33" WC="0.92" CONTENT="äfven"/><SP WIDTH="40" VPOS="2304" HPOS="256"/>
							<String ID="string_221" HPOS="296" VPOS="2304" WIDTH="133" HEIGHT="42" WC="0.82" CONTENT="aflöning"/><SP WIDTH="40" VPOS="2304" HPOS="429"/>
							<String ID="string_222" HPOS="469" VPOS="2303" WIDTH="84" HEIGHT="34" WC="0.95" CONTENT="såväl"/><SP WIDTH="37" VPOS="2303" HPOS="553"/>
							<String ID="string_223" HPOS="590" VPOS="2304" WIDTH="46" HEIGHT="32" WC="0.96" CONTENT="för"/><SP WIDTH="32" VPOS="2304" HPOS="636"/>
							<String ID="string_224" HPOS="668" VPOS="2303" WIDTH="85" HEIGHT="33" WC="0.95" CONTENT="detta"/><SP WIDTH="27" VPOS="2303" HPOS="753"/>
							<String ID="string_225" HPOS="780" VPOS="2313" WIDTH="67" HEIGHT="24" WC="0.95" CONTENT="som"/><SP WIDTH="27" VPOS="2313" HPOS="847"/>
							<String ID="string_226" HPOS="874" VPOS="2304" WIDTH="45" HEIGHT="32" WC="0.95" CONTENT="för"/><SP WIDTH="27" VPOS="2304" HPOS="919"/>
							<String ID="string_227" HPOS="946" VPOS="2303" WIDTH="123" HEIGHT="39" WC="0.96" CONTENT="befälet,"/><SP WIDTH="29" VPOS="2303" HPOS="1069"/>
							<String ID="string_228" HPOS="1098" VPOS="2304" WIDTH="86" HEIGHT="33" WC="0.96" CONTENT="torde"/><SP WIDTH="28" VPOS="2304" HPOS="1184"/>
							<String ID="string_229" HPOS="1212" VPOS="2304" WIDTH="133" HEIGHT="33" WC="0.96" CONTENT="likheten"/><SP WIDTH="27" VPOS="2304" HPOS="1345"/>
							<String ID="string_230" HPOS="1372" VPOS="2304" WIDTH="95" HEIGHT="33" WC="0.88" CONTENT="blifva"/><SP WIDTH="26" VPOS="2304" HPOS="1467"/>
							<String ID="string_231" HPOS="1493" VPOS="2304" WIDTH="109" HEIGHT="34" WC="0.96" CONTENT="endast"/><SP WIDTH="26" VPOS="2304" HPOS="1602"/>
							<String ID="string_232" HPOS="1628" VPOS="2303" WIDTH="142" HEIGHT="33" WC="0.96" CONTENT="skenbar."/>
						</TextLine>
					</TextBlock>
				</ComposedBlock>
			</PrintSpace>
		</Page>
	</Layout>
</alto>
