2208 2636
482 203 20 30 4
905 204 257 34 Statsutskottets
1190 206 177 33 Memorial
1394 208 65 31 N:o
1490 210 49 30 68.

427 282 101 36 inom
577 283 188 37 utskottet
813 285 135 37 väckta
994 286 246 37 motionerna.
1308 288 85 36 Alla
1433 289 110 36 dessa
1585 290 211 49 protokolls
1840 290 69 36 och
1952 291 68 36 här

428 334 163 37 nämnda
624 335 245 50 handlingars
902 337 166 37 innehåll
1097 343 42 31 är
1167 338 156 38 sålunda
1352 339 260 50 otillgängligt
1639 341 59 37 för
1726 354 48 23 en
1801 342 106 46 hvar,
1938 356 81 23 som

427 385 83 37 icke
539 391 40 31 är
607 387 12 35 i
647 387 148 37 tillfälle
823 394 55 30 att
896 389 13 36 i
927 389 240 50 Riksdagens
1192 391 106 36 arkiv
1322 405 138 35 genom
1489 406 47 23 en
1564 393 223 37 tidsödande
1816 394 204 49 forskning

429 437 116 37 skaffa
574 438 61 50 sig
662 439 213 37 kännedom
904 441 139 37 derom.

1197 563 46 36 I.

530 643 110 37 Hvad
683 646 79 35 åter
803 645 178 37 beträffar
1022 647 46 36 de
1110 648 481 39 konstitutionsutskottets
1632 650 189 49 protokoll
1857 652 71 36 och
1961 652 57 36 till

427 695 85 36 dem
548 695 171 38 hörande
747 696 226 50 handlingar
1001 699 62 36 vid
1091 699 135 37 urtima
1255 701 246 49 riksdagarne
1533 704 110 44 1810,
1681 705 92 34 1812
1804 704 70 36 och
1907 705 109 45 1815,

428 760 81 23 som
544 749 72 35 icke
644 750 141 48 »finnas
812 751 150 48 intagna
989 752 14 35 i
1030 752 56 36 det
1112 754 144 48 utgifna
1285 754 325 48 riksdagstrycket»,
1641 757 41 34 så
1710 759 41 32 är
1778 755 12 35 i
1820 755 108 49 fråga
1957 769 60 23 om

428 798 135 48 sjelfva
585 801 224 47 protokollen
837 806 55 32 att
920 803 140 48 märka,
1090 808 56 32 att
1175 804 72 37 den
1276 809 122 33 större
1427 806 233 49 utförlighet,
1690 806 179 41 hvarmed
1892 812 125 43 proto-

426 850 124 37 kollen
588 852 47 36 då
673 852 139 48 fördes,
850 859 82 42 gör,
970 859 55 32 att
1060 868 88 24 man
1176 856 12 35 i
1216 856 84 37 dem
1338 858 112 36 äfven
1477 858 120 37 finner
1625 858 210 37 värdefulla
1863 859 154 49 upplys-

425 902 136 49 ningar
603 917 60 22 om
701 905 165 37 motiven
905 906 57 36 för
994 907 206 37 utskottets
1229 908 123 37 beslut
1380 909 70 37 och
1478 923 60 23 om
1566 910 451 37 utskottsledamöternas

427 954 99 37 olika
567 956 246 49 uppfattning
839 957 11 35 i
878 957 148 50 vigtiga
1063 959 324 38 konstitutionella
1425 962 185 48 spörsmål
1639 967 97 32 samt
1764 976 59 23 om
1852 963 70 36 hur
1950 963 68 36 tal-

426 1006 80 36 rika
534 1007 291 50 grundlagsbud
853 1009 239 50 tillämpades
1121 1012 71 36 och
1224 1025 47 23 en
1294 1013 286 37 konstitutionel
1600 1014 243 37 sedvanerätt
1863 1018 41 33 så
1923 1018 96 33 små-

426 1058 156 47 ningom
625 1059 211 37 utbildades
873 1061 102 36 inom
1009 1063 199 37 utskottet.
1265 1064 137 48 Många
1430 1065 41 36 af
1495 1065 111 37 dessa
1634 1066 190 49 protokoll
1853 1066 164 49 förtjena

426 1109 127 37 derför
588 1110 81 37 helt
705 1112 94 36 visst
836 1117 65 43 att,
940 1126 58 23 om
1036 1119 48 31 än
1122 1115 85 36 med
1244 1115 236 37 uteslutande
1518 1117 42 36 af
1592 1118 280 48 betydelselösa
1901 1118 115 47 delar,

424 1174 138 35 genom
591 1163 197 49 utgifning
815 1163 11 36 i
854 1165 110 48 tryck
992 1171 114 43 göras
1134 1166 136 37 lättare
1297 1168 242 49 tillgängliga
1567 1169 81 37 »för
1667 1170 282 49 forskningen»,
1970 1175 47 31 än

425 1227 50 22 nu
504 1218 40 31 är
572 1214 117 37 fallet.

528 1265 493 40 Konstitutionsutskottets
1048 1268 73 38 alla
1149 1272 278 47 »expeditioner»
1455 1272 119 37 under
1601 1273 98 36 form
1728 1273 40 36 af
1792 1274 225 49 protokolls-

425 1317 136 48 utdrag
595 1318 56 36 till
678 1319 254 37 Riksstånden
961 1320 91 37 eller
1080 1322 172 37 enskilde
1282 1323 225 37 motionärer
1534 1324 92 37 böra
1655 1325 218 50 naturligen
1902 1331 114 32 samt-

424 1369 77 48 liga
537 1369 168 49 utgifvas
734 1370 10 35 i
773 1371 122 48 tryck,
926 1377 89 31 enär
1043 1373 45 36 de
1116 1373 189 38 innehålla
1333 1375 218 37 utlåtanden
1580 1377 109 36 öfver
1717 1378 135 36 talrika
1880 1382 137 33 ämnen

424 1422 43 34 af
497 1421 55 36 till
586 1421 81 37 dels
706 1427 74 31 rätt
813 1428 80 31 stor
926 1424 291 38 konstitutionel
1249 1427 81 48 vigt
1362 1427 70 37 och
1467 1428 238 49 ådagalägga
1745 1430 271 49 utvecklingen

425 1473 40 35 af
490 1473 73 36 den
590 1473 328 39 konstitutionella
945 1476 296 50 uppfattningen
1269 1478 101 38 inom
1398 1480 188 37 utskottet
1612 1481 163 36 rörande
1799 1481 216 50 betydande

424 1524 104 37 delar
555 1525 42 36 af
622 1526 383 50 statsförfattningen.

526 1577 67 36 Att
635 1577 73 37 alla
750 1578 106 49 (eller
895 1580 228 37 åtminstone
1161 1581 46 36 de
1244 1581 121 50 flesta)
1407 1583 227 46 anföranden
1678 1585 269 48 (»dictamina»)
1979 1587 41 36 af

423 1628 426 39 utskottsledamöterne
885 1631 56 36 till
969 1632 205 37 utskottets
1202 1634 187 48 protokoll
1417 1635 111 36 äfven
1557 1636 167 49 förtjena
1751 1641 56 32 att
1835 1637 180 50 tillgäng-

422 1679 171 50 liggöras
624 1681 80 36 »för
733 1681 271 51 forskningen»
1032 1697 140 36 genom
1201 1686 195 49 utgifning
1414 1687 12 35 i
1445 1687 108 48 tryck
1582 1688 69 36 bör
1669 1701 90 23 vara
1777 1689 41 36 af
1834 1689 59 49 sig
1913 1690 103 47 sjelft

423 1732 99 36 klart
558 1732 61 37 för
656 1733 87 47 den,
780 1747 79 23 som
892 1748 112 24 anser
1031 1740 56 32 att
1115 1737 230 37 åtminstone
1374 1739 45 36 de
1448 1738 211 50 »vigtigare
1688 1740 172 37 delarne»
1890 1741 43 37 af
1956 1746 58 31 ut-

423 1783 162 37 skottets
615 1785 192 48 protokoll
836 1787 114 37 äfven
979 1787 90 37 böra
1097 1788 153 50 intagas
1277 1789 12 36 i
1318 1803 46 23 en
1394 1791 177 36 särskildt
1598 1791 175 49 utgifven
1793 1792 168 50 upplaga
1976 1794 42 36 af

422 1835 478 40 konstitutionsutskottets
940 1839 229 50 handlingar
1206 1854 45 23 m.
1290 1854 47 23 m.
1368 1842 62 36 vid
1471 1842 135 37 urtima
1647 1844 249 49 riksdagarne
1925 1848 89 33 åren

426 1888 108 46 1810,
568 1890 97 34 1812
695 1889 70 36 och
796 1891 108 36 1815.

525 1939 130 38 Under
692 1941 46 37 de
775 1942 164 37 nämnda
975 1943 136 37 urtima
1147 1944 249 49 riksdagarne
1434 1959 65 23 var
1536 1946 63 37 det
1632 1947 171 49 brukligt
1830 1953 55 31 att
1912 1949 101 37 inom

421 1991 188 37 utskottet
645 1992 157 37 tillsätta
835 2007 47 23 en
911 1994 92 37 eller
1031 2000 55 31 ett
1114 2009 69 35 par
1211 2010 27 23 s.
1268 1997 35 36 k.
1333 1997 293 49 »beredningar»
1657 1999 59 36 för
1744 2000 74 36 den
1847 2001 166 37 förbere-

422 2043 122 36 dande
573 2044 256 50 utredningen
857 2046 42 36 af
922 2046 57 37 till
1007 2048 210 36 utskottets
1245 2048 289 50 handläggning
1561 2051 207 37 hänvisade
1786 2052 226 49 grundlags-

423 2094 145 49 frågor;
613 2097 72 36 och
725 2097 127 37 fördes
880 2098 63 37 vid
972 2099 109 37 dessa
1109 2099 274 50 beredningars
1414 2103 305 36 sammanträden
1748 2103 180 49 vanligen
1956 2111 57 30 ut-

421 2146 138 49 förliga
600 2149 193 48 protokoll
834 2150 71 37 och
946 2151 242 38 utarbetades
1221 2152 11 36 i
1260 2152 130 50 hvarje
1426 2153 64 37 fall
1522 2154 185 37 särskilda
1739 2155 157 49 förslag,
1931 2169 81 23 som

421 2198 104 37 lades
567 2199 57 37 till
665 2201 124 48 grund
829 2201 60 36 för
930 2202 170 37 besluten
1128 2204 65 36 vid
1220 2204 199 48 frågornas
1448 2205 210 49 afgörande
1687 2206 100 36 inom
1815 2208 194 36 utskottet.

422 2250 66 36 Att
515 2251 230 38 åtminstone
774 2253 45 36 de
848 2253 105 38 delar
980 2255 41 36 af
1042 2255 111 37 dessa
1174 2257 250 48 beredningars
1436 2259 181 47 protokoll
1636 2260 61 35 och
1710 2259 153 49 förslag,
1884 2259 128 37 hvilka

422 2303 179 48 antingen
622 2303 84 38 icke
726 2304 124 49 ingått
869 2306 52 35 uti
943 2306 92 37 eller
1056 2307 71 36 ock
1145 2308 127 36 afvika
1288 2308 81 36 från
1386 2309 206 37 utskottets
1609 2309 156 50 slutliga
1779 2310 231 49 utlåtanden,
