1885 2826
500 149 286 29 Statsutskottets
801 150 178 29 utlåtande
993 159 43 19 nr
1049 151 41 28 84
1105 150 39 29 år
1159 151 83 29 1970
1574 153 36 29 61

129 228 86 29 även
237 227 341 42 förutsättningarna
600 229 54 30 för
676 230 254 39 näringslivets,
954 231 209 30 missionens
1185 231 65 30 och
1272 232 41 29 de
1335 232 160 29 enskilda
1517 240 96 31 orga-

128 281 256 31 nisationernas
398 283 213 30 medverkan
624 284 11 29 i
651 284 126 29 svensk
790 284 296 40 biståndspolitik.

172 335 240 41 Beredningen
427 337 12 29 i
454 337 100 39 fråga
571 337 112 30 skulle
699 338 72 29 dels
788 338 122 30 kunna
925 339 83 39 göra
1024 347 87 31 egna
1128 339 131 30 studier
1276 349 41 20 av
1333 342 183 37 rapporter
1533 340 79 30 från

129 390 126 29 svensk
273 390 65 29 och
355 390 262 31 internationell
634 391 393 36 biståndsverksamhet,
1048 393 73 30 dels
1140 394 121 29 kunna
1280 393 150 30 tillkalla
1446 403 166 31 personer

127 444 79 29 med
227 443 174 31 särskilda
420 444 400 31 biståndserfarenheter
841 446 80 30 från
943 446 109 36 SIDA,
1075 447 41 30 de
1136 447 283 31 internationella
1438 448 175 30 bistånds-

127 505 161 31 organen,
315 498 237 39 näringslivet,
578 499 192 30 missionen
796 500 64 29 och
886 500 109 30 andra
1021 500 421 41 frivilligorganisationer
1468 504 62 28 etc.
1557 503 55 29 för

127 552 49 28 att
199 552 114 29 direkt
336 551 36 30 få
395 552 55 30 del
472 562 42 21 av
537 552 100 30 deras
661 562 64 31 syn
747 553 45 40 på
815 554 154 30 aktuella
991 554 306 41 frågeställningar
1319 556 96 30 inom
1437 556 174 30 bistånds-

126 606 279 29 verksamheten.
431 607 49 29 De
504 608 219 38 synpunkter
747 617 75 20 som
847 608 253 30 framkommer
1124 609 45 40 på
1193 609 95 30 detta
1313 611 68 28 sätt
1405 611 62 29 bör
1491 612 122 28 kunna

126 659 197 39 publiceras
349 659 11 30 i
386 669 42 20 en
453 662 153 38 rapport,
635 670 74 20 som
735 661 87 30 även
848 661 62 30 bör
935 662 178 30 innehålla
1138 663 253 40 beredningens
1419 665 194 29 eventuella

126 713 367 30 rekommendationer
510 714 53 30 till
581 714 172 30 konkreta
770 715 160 40 åtgärder
948 716 65 30 och
1031 716 130 40 förslag
1178 717 53 30 till
1248 717 119 30 vidare
1384 718 227 40 utredningar

125 766 45 39 på
194 767 162 39 speciella
379 768 163 39 punkter.
566 768 177 30 Utskottet
766 769 59 30 vill
855 769 5 30 i
885 770 290 40 sammanhanget
1199 771 116 30 erinra
1338 781 57 20 om
1420 774 49 27 att
1494 782 82 20 man
1600 773 11 29 i

127 820 88 30 flera
232 821 111 29 andra
360 821 121 30 länder
499 822 79 30 med
596 822 183 40 framgång
796 824 123 39 prövat
936 824 81 30 idén
1034 825 79 29 med
1132 824 131 31 sådana
1280 826 230 39 beredningar
1530 827 81 29 eller

127 874 148 39 rådslag.
296 876 57 28 Ett
371 885 42 20 av
432 875 138 40 syftena
587 876 147 30 härmed
752 877 39 29 är
809 879 50 28 att
877 877 45 40 på
941 880 47 27 ett
1007 887 96 21 mera
1122 879 114 29 direkt
1255 880 68 29 sätt
1343 879 171 30 förmedla
1532 881 79 29 när-

127 937 96 21 mare
240 929 203 39 kunskaper
460 938 57 20 om
534 929 57 30 det
609 930 258 40 komplicerade
885 931 259 31 arbetsområde
1162 941 75 21 som
1255 933 57 29 det
1329 934 282 30 internationella

127 982 431 39 utvecklingssamarbetet
575 984 111 39 utgör.
705 985 58 28 Ett
781 987 107 27 annat
906 986 38 28 är
963 987 50 28 att
1030 995 97 20 mera
1145 986 160 30 effektivt
1323 988 109 38 knyta
1451 997 159 20 samman

126 1035 41 30 de
189 1035 237 31 erfarenheter
448 1046 42 20 av
511 1037 117 30 arbete
648 1038 12 29 i
682 1038 159 30 u-länder
864 1048 75 20 som
961 1039 96 30 finns
1080 1040 154 29 samlade
1255 1040 96 30 inom
1373 1041 235 39 näringslivet,

125 1089 201 35 missionen,
350 1090 281 36 folkrörelserna,
656 1092 42 29 de
719 1091 226 31 humanitära
968 1092 468 40 frivilligorganisationerna
1460 1097 61 27 etc.
1545 1095 65 29 och

126 1152 74 19 som
226 1143 10 29 i
261 1144 199 39 möjligaste
484 1144 83 30 mån
591 1145 62 29 bör
678 1145 246 40 tillgodogöras
950 1156 42 20 av
1017 1147 67 29 den
1110 1147 138 39 statliga
1272 1148 337 30 biståndsverksam-

124 1196 114 30 heten.

168 1250 111 29 Bland
306 1251 41 29 de
373 1251 167 29 områden
568 1261 74 20 som
669 1261 41 20 en
738 1253 108 30 sådan
871 1254 190 40 beredning
1087 1254 70 30 kan
1183 1255 47 29 ha
1256 1255 173 30 särskilda
1457 1256 75 29 skäl
1559 1258 49 28 att

124 1304 152 38 granska
301 1304 39 30 är
367 1305 208 39 exempelvis
601 1307 396 40 resultatvärderingens
1024 1308 228 40 utformning,
1280 1310 237 39 organisation
1544 1311 65 29 och

124 1358 222 39 omfattning,
369 1359 66 29 vad
458 1368 75 21 som
555 1360 70 29 kan
648 1361 101 38 göras
770 1361 55 29 för
848 1363 49 28 att
918 1362 200 39 ytterligare
1141 1362 172 30 förbättra
1334 1364 275 30 informationen

124 1411 52 29 till
195 1412 237 29 allmänheten
450 1422 56 20 om
525 1413 227 31 u-ländernas
771 1415 177 35 situation,
967 1415 83 30 våra
1068 1416 221 39 möjligheter
1308 1419 50 27 att
1376 1425 39 32 ge
1434 1418 175 30 u-länder-

124 1474 45 20 na
189 1465 174 30 särskilda
380 1466 333 36 handelslättnader,
734 1468 67 30 den
818 1468 327 41 biståndspolitiska
1165 1470 155 31 effekten
1339 1481 42 20 av
1399 1472 42 29 de
1461 1473 148 29 svenska

125 1518 197 40 företagens
348 1520 224 30 verksamhet
598 1521 10 29 i
635 1522 217 35 u-länderna,
881 1523 271 40 samordningen
1178 1525 128 29 mellan
1333 1525 101 30 dessa
1459 1526 150 30 insatser

123 1572 65 29 och
208 1572 136 30 SIDA:s
364 1573 325 41 projektplanering
708 1575 127 30 liksom
856 1577 270 39 samordningen
1146 1578 128 29 mellan
1295 1578 100 30 SIDA
1415 1579 64 30 och
1499 1580 109 29 frivil-

123 1626 391 39 ligorganisationernas
542 1628 287 36 biståndsarbete,
858 1630 270 40 möjligheterna
1156 1632 51 29 till
1234 1633 200 39 ytterligare
1460 1633 148 40 integre-

122 1679 78 39 ring
226 1689 42 20 av
292 1680 182 30 bilaterala
500 1682 65 29 och
590 1683 250 29 multilaterala
864 1684 151 29 insatser
1041 1685 126 30 liksom
1195 1695 41 20 av
1261 1686 269 40 möjligheterna
1555 1688 52 29 till

122 1733 162 30 nordiskt
298 1735 195 29 samarbete
506 1735 44 39 på
563 1735 349 40 biståndspolitikens
927 1738 151 30 område.

167 1786 141 30 Arbetet
333 1787 63 30 bör
421 1788 160 30 bedrivas
608 1788 203 41 långsiktigt
837 1791 65 29 och
929 1791 86 30 även
1040 1793 37 28 ta
1102 1801 71 31 upp
1200 1793 305 41 frågeställningar
1533 1804 74 20 som

125 1840 232 30 aktualiseras
371 1841 64 29 när
449 1841 57 30 det
520 1843 203 29 nuvarande
739 1843 14 29 1
780 1843 21 34 2
814 1844 120 30 -målet
948 1845 178 40 uppnåtts.

167 1893 176 30 Utskottet
371 1894 154 31 biträder
553 1896 238 30 motionernas
820 1897 131 40 förslag
980 1899 64 29 och
1073 1900 201 30 hemställer
1303 1903 50 27 att
1381 1902 187 39 riksdagen
1596 1904 11 28 i

123 1946 168 31 skrivelse
311 1947 54 30 till
387 1948 125 40 Kungl.
535 1948 106 41 Maj:t
663 1951 130 29 uttalar
816 1951 50 40 sig
888 1951 54 30 för
965 1954 50 28 att
1038 1962 41 21 en
1101 1954 295 39 parlamentarisk
1417 1956 191 40 beredning

122 2000 79 30 med
216 2001 150 39 angivna
380 2002 116 39 syften
509 2003 175 30 tillsätts.”

166 2054 74 29 dels
254 2055 188 30 utskottets
456 2056 211 30 hemställan
680 2058 78 29 bort
772 2058 46 30 ha
831 2058 157 38 följande
1002 2061 144 39 lydelse:

487 2109 72 31 ”att
591 2111 187 40 riksdagen
809 2113 11 29 i
854 2113 188 41 anledning
1075 2124 42 21 av
1148 2116 220 31 motionerna
1401 2118 107 30 I:272
1542 2119 64 30 och

442 2163 45 30 II:
504 2163 63 31 309
593 2167 90 27 samt
707 2165 107 30 1:450
840 2167 65 29 och
930 2167 123 31 1II:497
1078 2169 11 29 i
1113 2170 66 29 vad
1205 2170 41 29 de
1271 2180 98 20 avser
1395 2171 130 41 förslag
1550 2182 56 21 om

442 2217 147 40 översyn
615 2227 42 21 av
681 2219 225 37 riktlinjerna
930 2221 55 30 för
1010 2222 66 30 den
1103 2224 149 29 svenska
1276 2225 330 40 biståndspolitiken

442 2280 75 21 som
540 2272 53 29 sin
615 2273 141 40 mening
778 2281 58 31 ger
859 2274 124 40 Kungl.
1007 2276 105 39 Maj:t
1134 2277 52 30 till
1209 2278 118 30 känna
1347 2280 67 29 vad
1437 2281 169 30 utskottet

444 2325 149 30 anfört.”

166 2430 29 29 2.
220 2429 57 30 vid
296 2430 159 39 punkten
475 2431 19 29 2
519 2431 412 43 (Anslagsutvecklingen
950 2435 64 30 och
1033 2436 109 40 vägen
1162 2437 52 30 till
1244 2438 7 29 1
1279 2439 175 35 Z,-målet)
1479 2441 128 29 beträf-

123 2483 105 30 fande
248 2484 287 39 överläggningar
554 2486 128 29 mellan
703 2486 340 41 riksdagspartierna
1064 2499 55 20 om
1142 2492 47 28 ett
1208 2492 171 30 snabbare
1401 2494 206 39 uppnående
