2151 2687
668 235 230 31 Statsutskottets
925 234 159 31 Utlåtande
1108 233 64 32 N:o
1195 234 52 31 34.
1721 234 36 28 27

156 323 42 32 är
227 323 56 31 att
310 317 58 36 för
396 316 202 37 framtiden
629 321 155 39 emotse,
814 315 67 36 har
909 314 188 37 utskottet
1126 313 132 37 endast
1285 313 101 36 velat
1421 310 252 38 förhållandet
1701 309 59 37 för

157 369 215 48 Riksdagen

660 417 233 38 omförmäla.

500 602 406 40 Folkskolelärarnes
933 600 484 49 pensionsinrättningar.

909 737 19 50 $
959 741 56 36 14.

573 833 200 49 (Rev.-ber.
803 848 83 35 pag.
917 836 88 42 351;
1034 834 69 35 utl.
1133 846 84 34 pag.
1246 829 101 48 491.)

262 940 181 35 Förutom
479 938 71 36 den
580 937 231 48 granskning
838 936 356 36 folkskolelärarnes
1223 933 453 49 pensionsinrättningars
1704 940 56 29 rä-
1772 933 58 55 As
1844 932 32 63 af
1893 934 63 61 folk

159 992 212 47 kenskaper
412 990 101 35 inom
555 990 293 35 kammarrätten
886 988 11 35 i
924 987 128 47 vanlig
1079 986 163 47 ordning
1271 985 246 48 underginge,
1547 983 214 48 öfversåges
1776 974 179 49 skolelärärnes

160 1043 113 35 enke-
315 1042 68 36 och
426 1041 277 48 pupillkassans
739 1038 231 48 förvaltning
998 1037 69 36 och
1097 1037 266 47 räkenskaper,
1393 1036 118 46 enligt
1540 1035 97 36 hvad
1666 1036 95 35 revi-
1796 1034 128 58 pensions

159 1106 155 23 sorerne
343 1092 203 44 meddelat,
576 1091 110 36 hvart
713 1090 120 46 tredje
863 1093 40 31 år
931 1088 39 36 af
996 1088 127 36 dertill
1153 1087 84 36 utaf
1254 1087 134 47 Kongl.
1410 1086 103 47 Maj:t
1532 1086 228 36 förordnade
1792 1077 141 22 FEED:

159 1145 204 43 revisorer;
411 1156 84 22 men
542 1145 123 44 någon
712 1140 159 37 särskild
920 1140 164 36 revision
1135 1138 94 49 egde
1275 1139 31 46 ej
1348 1150 84 23 rum
1474 1138 10 34 i
1525 1136 175 37 afseende
1742 1140 20 32 å

159 1195 358 36 folkskolelärarnes
545 1192 400 49 pensionsinrättning,
976 1190 171 36 hvilkens
1172 1188 423 48 säkerhetshandlingar
1614 1188 148 48 följakt-

146 1247 117 46 "ligen
304 1246 82 35 icke
428 1244 121 36 oftare
577 1243 229 48 granskades
835 1249 45 29 än
908 1241 64 37 vid
1001 1241 45 36 de
1075 1240 293 48 inventeringar,
1398 1252 79 23 som
1506 1238 194 49 företoges
1728 1238 40 37 af

161 1296 234 49 Riksdagens
422 1296 199 35 revisorer.

261 1347 250 37 Direktionen
553 1346 106 36 öfver
698 1344 358 37 folkskolelärarnes
1098 1342 391 48 pensionsinrättning
1530 1341 67 36 har
1630 1341 11 35 i
1670 1341 93 35 ett
1746 1337 22 57 i

161 1399 204 47 anledning
405 1397 39 37 af
478 1397 122 36 denna
628 1397 255 35 revisorernes
913 1394 277 46 framställning
1218 1392 157 48 afgifvet
1403 1392 208 44 utlåtande,
1640 1390 124 37 anfört

161 1455 54 31 att
261 1449 263 48 anledningen,
567 1446 153 38 hvarför
764 1446 357 36 folkskolelärarnes
1171 1445 111 35 enke-
1327 1443 69 36 och
1438 1443 251 47 pupillkassas
1716 1462 47 4 —

161 1501 159 35 likasom
362 1499 110 37 äfven
514 1498 374 37 elementarlärarnes
927 1496 110 36 enke-
1074 1495 69 36 och
1180 1495 250 48 pupillkassas
1458 1516 49 5 —
1533 1493 232 48 förvaltning

163 1552 75 35 och
274 1551 257 47 räkenskaper
571 1549 235 48 underginge
848 1548 71 36 den
960 1546 38 37 af
1036 1547 235 36 revisorerne
1304 1544 248 37 -omförmälda
1580 1544 184 36 särskilda

162 1602 234 47 granskning
436 1614 102 30 vore,
580 1607 55 29 att
675 1600 10 35 i
727 1599 107 36 dessa
874 1599 121 47 begge
1036 1599 129 34 kassor
1197 1597 153 47 inginge
1379 1596 169 35 enskilda
1577 1596 187 47 delegare,

164 1653 127 35 hvilka
319 1652 86 36 med
435 1651 117 48 årliga
581 1650 152 49 afgifter
761 1650 158 46 bidroge
946 1649 58 35 till
1032 1647 244 37 bestridande
1305 1646 39 37 af
1369 1647 198 35 kassornas
1595 1646 168 47 utgifter,

164 1703 70 36 och
263 1709 56 30 att
347 1703 47 35 de
423 1702 179 36 särskildt
631 1701 159 36 utsedde
818 1701 237 35 revisorerne
1084 1711 89 24 vore
1202 1704 56 30 att
1285 1711 88 22 anse
1397 1700 122 33 såsom
1540 1697 222 48 delegarnes

163 1759 306 43 representanter
511 1752 61 36 vid
608 1752 196 36 kassornas
833 1751 242 46 förvaltning.
1129 1749 129 47 Enligt
1299 1746 18 48 $
1359 1751 45 34 36
1443 1748 39 36 af
1515 1748 250 48 reglementet

163 1804 59 36 för
262 1804 355 36 folkskolelärarnes
651 1803 111 35 enke-
791 1802 69 36 och
890 1801 232 48 pupillkassa
1150 1801 72 35 den
1253 1803 43 33 15
1327 1799 161 36 oktober
1519 1800 92 35 1875
1641 1799 123 36 skulle

166 1855 152 36 derföre
356 1855 70 36 ock
454 1854 114 36 bland
598 1854 71 35 den
698 1853 154 36 kassans
880 1853 188 35 revisorer
1096 1852 118 35 finnas
1242 1851 113 36 minst
1385 1863 43 23 en
1459 1850 187 36 ordinarie
1675 1850 91 35 eller

165 1907 11 35 i
219 1906 358 36 folkskolelärarnes
619 1904 386 49 pensionsinrättning
1046 1902 248 48 pensionerad
1323 1901 24 36 f.
1377 1901 35 36 d.
1441 1900 324 45 folkskolelärare,

166 1970 79 25 som
289 1956 250 37 omvexlande
582 1959 152 44 utsåges
775 1955 83 36 från
900 1954 100 36 olika
1042 1954 105 35 delar
1187 1952 39 37 af
1250 1953 111 46 riket,
1390 1952 70 36 och
1490 1952 116 48 enligt
1633 1949 18 48 $
1680 1954 44 34 39
1756 1953 11 34 i

169 2009 128 47 kongl.
339 2008 250 47 reglementet
625 2006 58 36 för
721 2006 373 36 elementarlärarnes
1123 2004 109 37 enke-
1261 2004 69 35 och
1360 2003 231 48 pupillkassa
1619 2003 72 35 den
1722 2006 42 33 11

167 2059 160 36 oktober
357 2061 108 43 1878,
494 2058 115 36 sådan
639 2058 122 35 denna
789 2055 179 50 paragraf
992 2056 107 49 lyder
1127 2055 117 48 enligt
1272 2055 125 47 kongl.
1418 2054 254 48 kungörelsen
1693 2054 72 35 den

170 2113 45 33 22
258 2109 216 49 september
518 2111 106 42 1882,
665 2109 122 35 skulle
829 2108 126 47 hvarje
998 2111 39 31 år
1069 2110 64 33 två
1160 2106 188 36 revisorer
1376 2107 11 34 i
1416 2111 61 30 tur
1506 2105 70 36 och
1605 2105 161 47 ordning

166 2162 116 47 väljas
311 2160 39 36 af
375 2160 202 48 delegarne
605 2160 101 35 inom
735 2158 130 37 stiften
894 2159 68 35 och
993 2157 239 38 Stockholms
1261 2157 93 35 stad.

267 2211 108 37 Hvad
404 2211 171 36 deremot
593 2210 357 36 folkskolelärarnes
970 2208 390 49 pensionsinrättning
1379 2207 173 48 anginge,
1572 2210 40 32 så
1632 2199 135 43 funnes

167 2263 10 34 i
207 2262 123 36 denna
359 2262 139 36 anstalt
525 2262 83 35 icke
636 2264 116 46 några
781 2260 169 36 enskilde
979 2260 187 47 delegare,
1196 2265 90 30 utan
1314 2271 90 24 vore
1425 2259 70 35 den
1517 2264 56 30 att
1591 2257 175 36 betrakta

169 2313 78 36 helt
276 2314 68 35 och
368 2313 116 35 hållet
504 2316 122 32 såsom
647 2325 44 23 en
712 2311 324 43 statsinstitution,
1058 2309 153 37 hvarför
1230 2313 122 44 någon
1372 2309 222 48 ytterligare
1614 2309 152 48 gransk-
