2149 2686
666 216 230 35 Statsutskottets
924 216 158 34 Utlåtande
1104 217 63 33 N:o
1189 219 53 31 34.
1721 221 38 28 28

908 365 18 48 $
958 369 55 34 11.

468 467 205 50 (Rev.-ber.
703 482 87 36 pag.
823 471 85 43 130;
939 490 43 3 —
1011 468 66 38 utl.
1106 481 88 37 pag.
1225 465 224 50 419-—472).

257 589 249 38 Revisorerne
549 588 110 37 hafva
687 589 10 35 i
726 589 98 36 vissa
853 588 239 37 hänseenden
1120 587 188 38 framstält
1336 587 292 49 anmärkningar
1657 593 101 31 emot

157 641 65 37 det
250 647 87 39 sätt,
367 642 142 47 hvarpå
538 640 493 48 folkskoleinspektörernes
1059 653 105 23 resor
1192 644 65 31 äro
1286 639 233 44 anordnade;
1549 639 71 35 och
1650 638 110 36 hafva

157 692 254 49 förklaringar
452 691 174 36 deröfver
657 689 82 38 från
767 690 283 37 vederbörande
1079 690 179 48 afgifvits.
1312 689 57 36 Då
1398 690 213 35 emellertid
1639 689 123 36 denna

156 743 107 48 fråga
300 743 154 36 beröres
483 744 12 34 i
523 742 135 48 Kongl.
696 741 122 48 Maj:ts
846 742 56 36 uti
930 741 496 48 statsverkspropositionen
1455 740 122 36 under
1606 740 155 36 åttonde

157 794 260 36 hufvudtiteln
446 794 153 48 intagna
628 792 140 49 förslag
795 793 11 35 i
835 792 103 47 fråga
968 805 60 23 om
1055 792 220 47 förhöjning
1303 792 10 35 i
1342 792 178 47 anslaget,
1546 791 58 36 till
1637 790 123 37 arfvo-

158 845 72 36 den
259 844 70 36 och
358 844 481 46 resekostnadsersättning
860 847 37 32 åt
916 843 441 48 folkskoleinspektörer,
1378 843 169 35 kommer
1573 842 189 36 utskottet

160 903 56 29 att
244 895 202 36 framdeles
474 895 121 36 under
622 895 221 48 riksdagens
871 895 89 47 lopp
981 894 64 36 vid
1070 894 280 47 behandlingen
1370 892 38 37 af
1425 893 163 36 berörda
1612 892 151 48 utgifts-

159 948 132 46 anslag
331 946 174 37 meddela
545 946 178 49 yttrande
760 946 11 35 i
808 944 249 37 förevarande
1095 953 125 36 ämne;
1250 944 146 36 hvilket
1423 944 190 36 utskottet
1640 943 124 36 skolat

157 997 60 37 för
245 997 216 49 Riksdagen

661 1048 158 36 anmäla.

738 1249 179 38 Svenska
944 1249 247 37 akademien.

912 1366 21 51 $
963 1372 55 35 12.

439 1471 204 50 (Rev.-ber.
672 1485 88 37 pag.
791 1474 88 44 286;
907 1491 48 4 —
982 1471 66 37 utl.
1078 1484 87 36 pag.
1194 1472 73 36 484
1296 1470 70 37 och
1394 1466 99 51 485.)

262 1575 133 48 Enligt
434 1574 102 38 hvad
573 1588 47 23 en
656 1574 65 37 vid
758 1573 166 38 svenska
952 1573 245 37 akademiens
1226 1572 216 49 räkenskap
1471 1571 116 49 fogad
1615 1571 151 37 afskrift

161 1626 41 37 af
226 1626 246 36 akademiens
501 1625 164 48 räkning
692 1628 58 33 för
778 1624 192 37 donerade
998 1624 135 36 fonder
1161 1627 39 32 år
1230 1625 94 35 1889
1353 1623 188 46 utvisade,
1570 1623 98 36 hade
1691 1622 74 37 den

161 1676 212 37 Zibethska
413 1676 162 37 fondens
608 1675 223 48 behållning
858 1675 65 37 vid
951 1677 99 35 årets
1078 1675 135 49 början
1240 1674 146 50 utgjort
1415 1676 108 45 7,474
1553 1673 138 37 kronor
1719 1676 46 34 25

162 1732 77 42 öre,
281 1727 111 37 deraf
422 1727 12 36 i
471 1727 187 37 doneradt
696 1726 144 50 kapital
881 1728 109 46 2,250
1023 1726 141 36 kronor
1191 1725 72 37 och
1291 1725 212 49 besparade
1531 1724 235 37 räntemedel

163 1781 110 45 5,224
301 1779 140 36 kronor
469 1780 47 35 25
545 1785 74 29 öre.
662 1777 53 37 Af
738 1791 145 23 samma
909 1776 188 49 handling
1123 1776 217 49 framginge
1367 1776 144 46 vidare,
1531 1781 55 31 att
1604 1775 162 37 fondens

161 1830 212 36 inkomster
401 1829 132 49 belöpt
560 1829 62 47 sig
648 1828 58 36 till
737 1830 68 35 112
834 1828 140 36 kronor
1002 1829 46 35 50
1077 1833 76 41 öre,
1181 1827 215 49 utgörande
1424 1826 142 37 fonden
1586 1826 180 49 tillgodo-

163 1880 84 37 förd
288 1885 108 32 ränta
433 1882 21 35 å
490 1880 65 36 det
596 1879 191 37 donerade
828 1878 195 50 kapitalet,
1061 1879 199 36 hvaremot
1286 1882 128 45 någon
1441 1877 279 37 ränteinkomst
1748 1880 20 33 å

163 1931 250 37 förenämnda
452 1930 214 50 besparade
706 1930 236 37 räntemedel
982 1929 85 37 icke
1107 1930 137 36 funnes
1276 1929 13 36 i
1315 1928 216 49 räkningen
1558 1933 207 44 upptagen.

163 1982 114 37 Detta
305 1982 239 37 sistnämnda
571 1981 236 37 förhållande
835 1981 98 36 hade
961 1980 239 37 revisorerne
1228 1985 126 32 ansett
1377 1979 61 49 sig
1458 1980 92 36 böra
1569 1979 197 45 anmärka;

163 2033 211 49 hvarjemte
414 2032 240 37 revisorerne
694 2031 76 37 fäst
809 2031 391 50 uppmärksamheten
1241 2031 101 46 derå,
1383 2036 54 31 att
1484 2030 154 49 uppgift
1682 2030 86 36 sak-

162 2084 132 47 nades,
322 2088 48 45 på
398 2083 102 37 hvad
529 2088 76 32 sätt
632 2083 71 37 och
731 2088 79 31 mot
836 2082 131 37 hvilka
995 2082 222 37 säkerheter
1243 2082 162 36 fondens
1434 2081 224 48 behållning
1677 2094 90 23 vore

163 2135 190 49 placerad.

264 2185 88 37 Med
381 2184 240 50 åberopande
650 2184 41 37 af
714 2184 60 37 sin
802 2184 73 36 den
904 2186 20 35 6
953 2183 208 37 november
1191 2185 94 35 1884
1314 2182 174 37 lemnade
1520 2181 248 49 redogörelse

163 2235 58 37 för
263 2236 74 37 den
377 2236 210 37 Zibethska
620 2235 251 37 donationens
906 2234 274 47 beskaffenhet,
1209 2234 41 37 af
1272 2234 157 36 hvilken
1456 2233 231 48 framginge,
1716 2238 54 31 att

165 2286 225 38 akademien
431 2300 140 35 genom
612 2299 112 24 mom.
762 2289 19 34 8
815 2285 11 36 i
859 2298 47 24 en
934 2285 40 37 af
998 2285 46 37 de
1072 2285 210 50 Zibethska
1310 2284 243 49 arfvingarne
1586 2283 184 49 godkänd

1791 587 58 29 Ana.
1865 586 70 30 folk-

1770 621 185 28 skoleinspektö-

1779 662 84 15 rernes
1881 662 64 15 rese-

1794 689 142 30 räkningar.

1792 1573 59 29 Ang.
1870 1572 70 22 redo-

1780 1606 108 30 görelsen
1902 1606 49 29 för

1806 1640 44 21 den
1869 1647 18 15 s.
1907 1640 21 22 k.

1805 1674 126 22 Zibethska

1815 1707 104 31 fonden.
