2188 2612
415 178 38 30 26
572 177 267 31 Sammansatta
858 178 101 29 stats-
978 176 63 31 och
1060 176 113 34 första
1192 175 252 36 lagutskottets
1464 174 184 32 utlåtande
1667 174 51 31 Nr
1734 176 27 29 6.

371 268 45 22 av
446 254 133 49 dylikt,
609 259 95 31 även
733 258 165 32 överrätt
926 253 78 36 ofta
1031 253 67 35 har
1127 258 53 32 att
1207 252 215 45 verkställa,
1452 258 89 30 utan
1570 252 216 38 erfarenhet
1813 266 62 24 om
1895 252 72 36 för-

370 305 224 37 hållandena
622 305 129 36 kunna
777 305 51 37 bli
859 304 150 50 mycket
1037 304 260 37 missvisande.
1345 304 88 36 Men
1461 303 296 48 enkannerligenr
1786 305 69 36 har
1882 317 84 23 ren-

371 357 168 37 skötseln
568 357 136 48 skapat
733 370 46 22 en
809 356 59 36 hel
893 356 60 36 del
973 356 175 48 rättsliga
1167 355 350 49 egendomligheter
1536 355 71 36 och
1621 355 145 48 jämväl
1786 355 182 37 föranlett

370 408 242 37 utfärdandet
640 410 12 34 i
682 408 329 48 förvaltningsväg
1045 421 48 22 av
1121 413 253 41 ortsstatuter,
1404 407 122 35 vilkas
1555 406 179 48 giltighet
1761 407 62 36 väl
1851 408 76 35 kan
1955 408 11 35 i

370 461 101 35 vissa
512 460 106 37 delar
658 460 256 48 ifrågasättas,
948 472 85 23 men
1062 459 46 36 de
1137 459 66 36 där
1232 472 46 22 av
1306 458 274 48 befolkningen
1610 471 46 23 av
1683 458 184 48 gammalt
1895 459 73 35 till-

370 512 151 36 erkänts
550 511 181 50 giltighet
758 511 70 37 och
857 511 126 36 därför
1011 524 46 23 av
1085 511 257 36 domstolarna
1369 510 12 36 i
1410 516 79 30 stor
1514 509 265 50 utsträckning
1799 509 166 37 beaktas.

371 563 190 49 Slutligen
598 566 61 33 må
692 569 100 30 ännu
822 563 171 48 antydas,
1022 567 56 31 att
1106 562 220 37 fiskerätten
1354 561 12 36 i
1395 561 45 36 de
1468 567 101 30 stora
1598 560 153 37 älvarna
1778 561 11 36 i
1817 561 149 36 landets

370 615 174 49 nordliga
585 615 104 36 delar
730 614 68 37 och
840 614 61 36 vid
945 613 107 37 deras
1093 614 134 49 utlopp
1269 613 140 37 företer
1448 613 100 36 vissa
1594 612 372 48 egendomligheter.

371 667 77 36 Allt
475 667 71 36 vad
576 680 80 23 som
687 666 158 36 sålunda
873 666 143 36 anförts
1044 670 93 43 äger
1165 664 264 37 motsvarande
1457 664 243 49 tillämpning
1728 664 11 36 i
1767 665 110 48 fråga
1906 678 60 23 om

371 718 62 37 det
461 718 161 37 svenska
651 718 198 36 Norrland.

499 770 58 36 Av
586 769 46 37 de
661 775 79 30 mot
769 769 265 48 förläggandet
1062 782 47 23 av
1137 782 46 23 en
1204 769 151 36 hovrätt
1374 768 57 36 till
1450 767 187 37 Norrland
1658 768 156 36 anförda
1835 767 131 37 skälen

372 822 94 35 hava
495 821 97 37 Svea
620 821 172 36 hovrätts
820 820 165 37 uttalade
1019 820 182 49 farhågor
1229 820 57 36 för
1314 825 55 31 att
1397 833 46 23 en
1470 819 223 36 norrländsk
1713 820 152 36 hovrätt
1884 819 83 37 icke

371 873 120 36 skulle
520 873 129 36 kunna
677 872 348 37 tillfredsställande
1053 872 215 48 rekryteras
1292 872 145 48 jämväl
1465 874 47 47 på
1541 877 54 30 ett
1615 871 259 50 övertygande
1894 875 73 32 sätt

370 925 162 36 bemötts
575 938 46 22 av
653 924 486 49 justitieombudsmannen.
1196 923 73 36 För
1296 923 71 36 den
1398 922 173 37 blivande
1601 922 216 38 hovrättens
1847 923 120 36 första

369 977 252 48 uppsättning
664 976 165 36 behöver
869 976 116 48 ingen
1027 988 65 24 oro
1121 975 128 49 hysas,
1278 975 12 35 i
1318 975 63 36 det
1423 980 53 30 att
1517 974 239 48 erforderligt
1789 974 102 37 antal
1920 987 46 24 av

370 1028 217 36 hovrättens
614 1026 122 51 vågre
764 1028 207 36 ledamöter
999 1031 64 32 äro
1093 1026 176 50 skyldiga
1297 1032 55 31 att
1372 1026 225 36 underkasta
1617 1026 61 47 sig
1696 1031 195 43 transport
1909 1026 58 36 till

371 1080 199 36 Norrland.
630 1079 123 36 Sedan
781 1079 194 36 hovrätten
1006 1079 61 35 väl
1095 1078 137 37 vunnit
1260 1078 73 37 fast
1363 1078 55 36 fot
1446 1080 20 34 å
1495 1077 58 37 sin
1582 1090 76 36 nya
1684 1077 283 49 förläggnings-

370 1137 70 41 ort,
468 1132 170 35 kommer
666 1130 85 36 dess
779 1130 195 36 minskade
1002 1130 158 48 omfång
1187 1135 55 30 att
1269 1130 71 36 öka
1369 1130 84 36 dess
1482 1129 353 50 personkännedom
1853 1129 113 36 bland

371 1183 45 36 de
457 1195 104 36 unga
602 1181 263 49 aspiranterna
897 1184 47 46 på
971 1180 269 37 domarbanan.
1297 1181 53 36 De
1378 1181 218 48 dugligaste
1625 1194 48 22 av
1701 1180 109 37 dessa
1838 1181 129 36 kunna

370 1234 46 36 då
443 1234 132 36 lättare
603 1234 140 36 förmås
773 1238 54 31 att
856 1233 92 37 söka
975 1232 145 37 inträde
1149 1233 11 35 i
1189 1233 208 36 hovrätten.
1445 1233 84 36 Men
1558 1237 96 31 även
1675 1232 80 36 från
1775 1232 192 49 sydligare

370 1292 101 30 orter
511 1286 128 35 kunna
682 1285 157 49 dugliga
881 1284 209 49 aspiranter
1133 1284 204 47 förväntas,
1367 1283 154 37 lockade
1550 1297 47 23 av
1626 1283 46 37 de
1700 1283 267 49 otvivelaktigt

370 1337 183 37 snabbare
591 1336 536 49 befordringsmöjligheterna
1159 1336 100 36 inom
1290 1335 73 37 den
1392 1335 174 48 nordliga
1595 1335 198 37 hovrätten
1821 1335 71 37 och
1922 1335 45 37 de

370 1390 199 45 förmåner,
599 1402 80 22 som
709 1388 163 49 givetvis
902 1391 117 33 måste
1046 1387 155 36 komma
1229 1392 53 31 att
1301 1387 139 49 knytas
1458 1387 62 36 vid
1541 1387 260 48 tjänstgöring
1820 1387 12 36 i
1851 1387 115 36 Norr-

370 1441 86 36 land
484 1441 70 36 och
582 1440 103 36 vilka
713 1453 46 23 en
787 1440 56 36 dit
872 1439 146 48 förlagd
1047 1439 254 36 överdomstol
1329 1439 76 36 kan
1435 1438 141 36 bevaka
1604 1441 47 46 på
1679 1444 52 31 ett
1751 1438 78 36 helt
1849 1444 117 31 annat

370 1497 74 31 sätt
485 1497 47 31 än
574 1504 46 24 en
663 1492 58 35 för
755 1491 82 37 hela
868 1490 186 38 Svealand
1085 1490 71 36 och
1184 1490 188 36 Norrland
1401 1503 231 35 gemensam,
1662 1490 53 36 till
1746 1489 219 38 Stockholm

370 1543 148 49 förlagd
547 1543 161 41 hovrätt.

497 1595 80 36 Mot
618 1595 141 36 tanken
792 1599 55 31 att
875 1608 48 22 nu
952 1594 203 36 verkställa
1184 1605 45 25 en
1258 1593 155 48 delning
1441 1606 46 22 av
1516 1591 98 38 Svea
1642 1593 150 36 hovrätt
1820 1593 107 36 torde
1954 1594 12 35 i

370 1647 119 48 själva
526 1647 132 35 verket
691 1646 83 36 med
804 1651 53 31 ett
885 1646 94 35 visst
1007 1645 95 36 sken
1131 1658 46 22 av
1205 1644 261 48 berättigande
1494 1644 162 36 allenast
1684 1650 52 31 ett
1763 1644 95 36 enda
1886 1645 80 36 skäl

371 1700 126 35 kunna
538 1698 198 48 åberopas,
778 1696 193 49 nämligen
1012 1697 71 36 den
1116 1696 197 49 pågående
1346 1695 254 49 utredningen
1629 1696 195 48 angående
1853 1700 112 33 rätte-

370 1749 325 50 gångsreformen.
752 1749 163 48 Frågan,
944 1749 11 35 i
983 1748 72 36 vad
1099 1751 88 33 mån
1227 1747 142 48 nödiga
1411 1747 70 36 och
1523 1747 150 49 nyttiga
1708 1748 184 36 reformer
1919 1750 47 47 på

370 1800 386 37 domstolsväsendets
799 1800 151 36 område
990 1800 91 36 böra
1125 1802 107 33 anstå
1259 1799 11 36 i
1299 1799 164 36 avbidan
1503 1801 49 46 på
1585 1812 47 23 en
1660 1799 153 47 reform,
1843 1812 83 23 som
1954 1800 10 35 i

369 1854 72 35 alla
468 1852 199 37 händelser
695 1852 80 36 icke
803 1851 76 36 kan
908 1851 95 36 hava
1032 1856 93 31 trätt
1152 1851 13 36 i
1194 1851 98 36 kraft
1321 1850 102 36 inom
1453 1850 60 37 det
1540 1855 190 32 närmaste
1757 1851 207 47 decenniet,

369 1905 96 35 skall
493 1904 80 36 icke
602 1904 67 36 här
697 1909 189 44 upptagas
916 1903 56 36 till
1000 1903 232 49 principiellt
1260 1902 212 49 dryftande.
1520 1902 77 36 Här
1627 1905 60 33 må
1710 1902 96 37 blott
1825 1902 141 37 erinras

370 1970 60 22 om
460 1962 53 30 att
543 1956 101 36 förra
672 1958 98 34 årets
798 1955 157 48 riksdag
982 1954 121 37 beslöt
1132 1954 157 48 delning
1318 1967 44 23 av
1392 1956 63 34 två
1483 1959 101 31 stora
1613 1954 214 49 domsagor,
1849 1954 116 36 ehuru

370 2008 63 36 det
473 2007 247 47 vitsordades,
763 2013 54 30 att
857 2006 416 48 rättegångsreformen
1314 2005 107 37 torde
1454 2005 151 36 komma
1633 2011 56 36 att
1716 2010 126 32 sträva
1871 2006 95 36 efter

371 2064 54 31 att
466 2059 118 49 skapa
626 2068 41 26 så
709 2065 100 29 stora
851 2058 288 36 domsområden
1178 2071 79 22 som
1289 2057 150 48 möjligt
1468 2057 58 36 för
1554 2056 44 36 de
1628 2057 172 36 blivande
1829 2056 135 37 under-

368 2115 177 32 rätterna.
604 2110 78 36 När
722 2110 63 36 det
825 2123 51 22 nu
909 2110 167 48 återigen
1104 2109 122 48 gäller
1254 2109 155 47 delning
1438 2122 44 22 av
1510 2108 98 37 Svea
1637 2108 160 47 hovrätt,
1828 2108 137 37 saknas

372 2162 102 48 varje
518 2162 206 47 anledning
760 2167 56 31 att
844 2167 151 43 antaga,
1025 2166 55 31 att
1109 2173 48 23 en
1186 2160 104 49 dylik
1319 2160 135 48 åtgärd
1484 2160 119 36 skulle
1632 2163 58 33 stå
1717 2161 11 35 i
1757 2160 93 37 strid
1880 2161 83 36 med

369 2214 45 36 de
455 2213 177 37 framtida
674 2213 412 48 utvecklingslinjerna.
1144 2212 66 36 Ett
1252 2211 216 37 ersättande
1503 2225 44 23 av
1576 2212 73 36 den
1677 2212 189 49 skriftliga
1895 2212 69 36 och

370 2265 164 49 hemliga
576 2264 408 49 hovrättsproceduren
1014 2264 82 36 med
1129 2269 54 30 ett
1211 2264 190 47 offentligt
1430 2263 70 36 och
1528 2264 182 47 muntligt
1737 2263 226 48 förfarande,
