1890 2818
485 151 119 30 Första
629 151 237 36 lagutskottets
893 151 174 31 utlåtande
1088 162 42 20 nr
1155 153 49 30 13.
1578 149 16 29 7

92 234 215 31 bedömande
324 235 11 29 i
354 235 137 36 Sverige
510 235 64 30 har
593 234 233 37 beredningen
842 235 183 31 betecknat
1042 235 91 31 vissa
1152 236 300 37 undersökningar
1469 236 125 31 beträf-

92 284 105 31 fande
216 284 255 37 verkningarna
490 294 42 21 av
550 285 193 37 kastrering
761 295 75 20 som
854 286 107 38 gjorts
988 286 2 29 i
1010 286 189 36 Danmark,
1217 287 63 30 där
1298 287 193 36 kastrering
1509 286 86 32 varit

91 335 149 36 lagligen
261 336 155 36 reglerad
438 336 105 30 sedan
565 335 38 31 år
631 336 94 30 1929.
751 336 114 36 Enligt
888 336 42 31 de
952 336 176 37 uppgifter
1148 337 125 30 härom
1295 347 74 21 som
1394 336 167 38 Ååtergivas
1585 337 9 30 i

91 385 249 37 beredningens
363 386 231 36 promemoria
616 387 46 30 ha
688 386 280 32 erfarenheterna
992 387 87 31 varit
1100 388 139 36 mycket
1262 396 238 29 gynnsamma,
1526 390 68 29 sär-

93 436 81 30 skilt
204 435 101 32 såvitt
334 437 107 36 gäller
470 437 254 36 verkningarna
754 437 11 30 i
795 437 320 37 kriminalpolitiskt
1146 439 66 30 och
1243 439 120 31 socialt
1390 440 204 30 hänseende.

94 486 64 31 Det
182 496 100 27 synes
308 488 86 29 även
420 486 145 38 framgå,
591 491 49 27 att
665 488 42 30 de
732 487 165 37 farhågor
921 498 83 21 man
1025 489 143 36 tidigare
1194 490 79 36 hyst
1296 488 177 38 angående
1496 490 99 31 skad-

92 537 68 36 liga
184 537 126 38 följder
335 537 55 31 för
412 538 66 30 den
500 538 197 31 kastrerade
720 539 87 30 varit
831 540 213 30 överdrivna.

140 588 14 30 I
181 590 208 35 yttrandena
415 590 82 30 över
522 590 250 36 beredningens
799 591 130 37 förslag
957 592 65 30 har
1047 592 56 30 det
1132 593 125 30 nästan
1284 593 165 36 enhälligt
1475 592 122 31 befun-

91 637 68 31 nits
179 638 174 36 önskvärt,
375 643 49 26 att
445 649 42 20 en
508 640 213 36 lagstiftning
743 650 56 20 om
820 641 192 36 kastrering
1033 642 159 30 kommer
1212 642 49 30 till
1281 641 110 32 stånd.
1415 643 63 35 Jag
1495 644 102 35 hyser

95 690 88 30 även
204 690 56 30 för
281 690 72 31 min
375 691 55 30 del
453 691 66 30 den
539 691 278 37 uppfattningen,
844 696 50 27 att
915 692 122 36 frågan
1060 703 58 20 om
1142 693 238 37 tillåtligheten
1403 704 42 21 av
1469 694 127 30 kastre-

96 740 76 37 ring
194 741 65 30 bör
280 741 230 31 underkastas
534 742 166 36 reglering
722 751 124 27 genom
870 742 222 38 lagstiftning.

137 815 225 30 Beträffande
388 815 211 31 räckvidden
628 826 41 21 av
696 817 257 37 lagstiftningen
982 828 98 27 synes
1109 818 137 37 enighet
1273 819 10 30 i
1313 823 84 26 stort
1427 823 62 26 sett
1513 818 84 31 råda

94 865 123 31 därom
254 869 48 27 att
340 867 76 34 den,
457 866 113 31 såsom
603 868 232 36 beredningen
861 868 184 38 föreslagit,
1073 870 63 29 bör
1163 869 146 31 omfatta
1337 870 192 36 kastrering
1556 868 44 39 på

92 911 306 43 kriminalpolitisk
421 917 194 31 indikation
639 922 90 27 samt
752 922 48 27 att
822 920 192 37 kastrering
1036 920 45 36 på
1103 922 113 35 grund
1239 930 43 21 av
1303 921 178 36 kroppslig
1504 921 94 36 sjuk-

97 967 82 31 dom
204 968 64 30 bör
291 969 135 30 lämnas
451 969 141 30 utanför
616 970 66 30 den
708 970 123 36 lagliga
858 970 210 37 regleringen
1093 972 65 30 och
1186 971 131 31 således
1343 972 149 36 alltjämt
1517 972 82 30 bero

94 1016 45 36 på
169 1017 258 31 vederbörande
457 1018 133 31 läkares
620 1019 180 37 prövning.
831 1020 165 30 Däremot
1026 1021 46 30 ha
1101 1022 141 30 uttalats
1270 1022 120 30 delade
1420 1023 178 36 meningar

92 1076 59 20 om
166 1067 250 37 beredningens
433 1068 128 37 förslag
579 1072 48 27 att
643 1069 10 30 i
671 1071 99 35 lagen
786 1071 130 35 reglera
933 1071 110 30 under
1058 1072 92 30 vilka
1167 1072 286 37 förutsättningar
1470 1073 126 30 kastre-

93 1117 78 36 ring
192 1116 59 32 må
274 1119 63 35 äga
360 1128 78 20 rum
462 1119 10 29 i
497 1119 41 30 de
561 1119 61 31 fall
644 1119 45 31 då
710 1129 43 21 en
778 1120 148 31 abnorm
947 1122 173 30 könsdrift
1143 1122 136 31 medför
1301 1123 149 37 menliga
1474 1124 124 38 följder

94 1166 54 31 för
173 1167 176 31 individen
371 1169 10 29 i
404 1169 145 38 själsligt
572 1170 82 31 eller
678 1171 120 30 socialt
821 1172 206 30 hänseende.
1051 1173 13 29 I
1090 1173 87 30 flera
1200 1174 183 36 yttranden
1405 1175 65 29 har
1492 1174 106 39 gjorts

93 1218 169 36 gällande,
292 1222 48 27 att
368 1220 113 30 denna
508 1230 41 20 av
578 1221 232 36 beredningen
839 1231 75 21 som
938 1223 201 30 humanitär
1167 1224 211 31 betecknade
1406 1224 193 31 indikation

93 1268 179 37 rätteligen
299 1270 107 30 borde
433 1271 183 30 betecknas
644 1281 76 21 som
747 1272 191 31 medicinsk
965 1274 65 30 och
1055 1277 49 27 att
1128 1274 125 37 frågan
1280 1285 56 20 om
1362 1274 238 38 tillåtligheten

93 1328 42 21 av
157 1319 192 37 kastrering
370 1320 10 30 i
403 1320 130 31 sådana
552 1321 61 31 fall
631 1322 108 30 borde
758 1323 133 31 lämnas
912 1324 141 31 utanför
1073 1325 269 38 lagstiftningen.

137 1369 15 30 I
176 1369 99 31 dessa
299 1371 221 30 hänseenden
544 1381 99 27 synes
669 1373 185 37 anledning
880 1374 50 30 till
952 1375 214 31 tveksamhet
1190 1376 116 31 finnas
1331 1378 143 31 allenast
1499 1378 100 32 såvitt

93 1418 108 37 angår
218 1420 42 30 de
276 1420 61 30 fall
355 1420 44 31 då
419 1421 192 38 kastrering
628 1422 216 37 ifrågasättes
865 1424 45 37 på
928 1426 112 35 grund
1058 1436 42 21 av
1117 1426 145 39 själsligt
1281 1427 148 32 lidande.
1450 1430 63 30 Det
1529 1430 70 31 kan

93 1468 75 31 icke
195 1470 177 36 bestridas,
399 1474 48 27 att
474 1471 192 38 kastrering
692 1483 73 20 som
793 1483 98 21 avser
914 1478 48 27 att
988 1476 89 30 häva
1105 1477 281 39 sinnessjukdom
1412 1480 81 30 eller
1517 1481 80 37 hög-

93 1519 120 37 gradig
233 1530 122 21 neuros
373 1521 71 30 kan
464 1523 97 35 sägas
582 1523 59 30 ske
660 1522 45 37 på
724 1524 191 31 medicinsk
935 1526 203 31 indikation.
1160 1527 56 31 Att
1235 1528 116 32 lämna
1373 1530 140 31 utanför
1530 1532 68 36 lag-

94 1569 219 37 stiftningens
334 1571 142 31 område
495 1572 97 31 klara
614 1573 62 31 fall
698 1584 42 20 av
763 1575 112 31 denna
897 1579 104 27 natur
1020 1577 109 31 skulle
1152 1577 77 31 icke
1249 1581 94 29 möta
1365 1579 108 38 några
1493 1583 106 29 större

94 1619 281 38 betänkligheter.
404 1622 78 30 Med
506 1624 167 30 avseende
700 1624 20 31 å
745 1626 210 35 gränsfallen
982 1637 98 27 synes
1107 1629 189 31 emellertid
1321 1631 205 36 välgrundat
1551 1636 49 27 att

94 1671 211 31 underkasta
332 1672 78 30 dem
435 1674 198 35 reglerande
656 1675 268 32 bestämmelser.
952 1678 63 30 Det
1039 1680 38 28 är
1101 1679 57 30 för
1181 1680 109 36 övrigt
1313 1682 131 36 tydligt,
1470 1687 48 26 att
1542 1693 57 21 om

96 1722 121 31 endast
241 1723 116 36 övriga
378 1725 196 37 föreslagna
594 1726 233 32 indikationer
846 1732 170 34 upptagas
1036 1729 11 30 i
1067 1730 109 37 lagen,
1197 1731 305 33 bestämmelserna
1521 1735 77 30 här-

94 1780 57 21 om
171 1772 62 30 lätt
252 1773 108 30 skulle
381 1774 120 30 kunna
519 1775 161 37 kringgås
700 1785 123 28 genom
843 1787 42 21 en
902 1779 165 37 utvidgad
1086 1780 219 39 tillämpning
1324 1792 43 21 av
1386 1784 213 31 medicinska

94 1820 241 33 indikationer.
360 1824 63 36 Jag
448 1834 99 21 anser
570 1826 120 30 därför
714 1828 212 37 nödvändigt
951 1832 49 28 att
1024 1831 8 28 i
1059 1831 99 36 lagen
1182 1833 158 36 medtaga
1363 1835 88 29 även
1473 1836 40 29 de
1538 1835 61 30 fall

94 1871 45 31 då
158 1872 194 38 kastrering
374 1876 184 30 motiveras
581 1886 42 21 av
644 1877 123 32 sådant
789 1888 89 27 men,
903 1889 74 21 som
1000 1881 38 29 är
1061 1891 42 20 av
1126 1881 131 37 själslig
1279 1886 112 29 natur.
1416 1884 74 30 Den
1512 1886 87 30 före-

94 1922 118 35 slagna
233 1923 258 37 lagstiftningen
510 1926 158 30 kommer
685 1927 199 37 därigenom
903 1933 48 26 att
972 1930 144 31 omfatta
1137 1933 158 36 samtliga
1316 1933 71 36 fall,
1410 1934 44 31 då
1471 1936 127 30 kastre-

95 1972 76 38 ring
190 1973 277 39 huvudsakligen
486 1977 39 30 är
542 1977 192 32 motiverad
753 1989 42 20 av
813 1989 74 21 mer
905 1981 81 29 eller
1004 1981 134 31 mindre
1157 1983 294 33 svårbedömbara
1470 1986 128 32 förhål-

94 2022 126 31 landen
242 2023 44 37 på
306 2024 181 38 själslivets
509 2026 148 31 område.
680 2028 49 30 De
750 2029 215 32 framställda
984 2031 301 38 invändningarna
1305 2038 72 27 mot
1398 2036 200 38 beredning-

93 2081 59 21 ens
175 2072 128 38 förslag
325 2084 102 27 synas
448 2077 209 36 väsentligen
676 2079 46 29 ha
742 2078 52 31 sin
815 2081 112 35 grund
945 2081 10 30 i
977 2081 171 38 farhågan
1169 2087 48 27 att
1237 2085 175 31 önskvärd
1434 2087 164 31 sekretess

93 2122 31 36 ej
151 2123 88 30 skall
266 2124 118 31 kunna
408 2127 263 37 upprätthållas,
699 2129 113 31 därest
838 2130 123 37 frågan
987 2142 56 20 om
1067 2133 193 38 kastrering
1285 2136 114 31 städse
1424 2137 87 31 skall
1537 2148 60 21 un-

93 2173 178 31 derkastas
289 2176 129 30 central
437 2177 169 37 prövning
623 2179 64 30 hos
703 2180 360 38 medicinalstyrelsen.
1083 2184 121 31 Denna
1223 2185 145 37 farhåga
1385 2188 95 30 torde
1497 2190 99 29 emel-

94 2222 99 31 lertid
212 2224 9 29 i
241 2225 183 30 huvudsak
444 2226 118 31 kunna
583 2229 213 39 undanröjas
817 2239 123 27 genom
961 2242 43 20 en
1024 2233 183 38 jämkning
1226 2245 42 20 av
1287 2236 162 37 förslaget
1469 2238 10 29 i
1501 2238 97 37 fråga

94 2282 56 20 om
179 2275 415 35 prövningsförfarandet.
623 2279 50 30 Av
705 2280 97 30 dessa
833 2281 75 31 skäl
938 2283 57 29 vill
1025 2283 58 38 jag
1111 2284 136 31 biträda
1276 2286 179 36 förslagets
1484 2288 112 31 stånd-

94 2322 110 35 punkt
229 2324 221 31 beträffande
474 2326 275 38 lagstiftningens
771 2331 218 37 omfattning.

140 2394 94 35 Även
263 2401 64 29 den
357 2402 162 30 närmare
544 2403 260 37 utformningen
833 2416 42 21 av
901 2408 42 29 de
969 2408 194 37 föreslagna
1191 2410 279 34 indikationerna
1497 2415 64 30 har
1587 2415 10 30 i

95 2450 207 35 yttrandena
325 2451 163 32 föranlett
512 2453 88 31 vissa
622 2453 201 38 erinringar.
