2199 2746
445 149 19 33 8
900 151 83 37 Lag-
997 145 175 49 Utskottets
1185 149 169 34 Utlåtande
1381 152 59 31 N:o
1464 154 47 28 34,

1169 236 80 49 4,

553 323 302 38 Föreståndaren
882 326 137 48 åligge:
1050 332 55 31 att
1127 333 216 43 noggrannt
1370 327 81 36 föra
1480 327 46 36 de
1555 328 285 47 anteckningar,
1869 339 79 23 som
1971 325 40 37 af

404 367 521 46 Öfverståthållare-embetet
941 378 92 35 eller
1050 378 235 49 Konungens
1303 377 424 50 Befallningshafvande
1744 377 260 44 föreskrifvas;

402 432 55 30 att
486 427 191 37 desamma
704 428 99 35 inför
831 428 175 46 domstol,
1035 430 232 49 Konungens
1296 429 423 49 Befallningshafvande
1752 430 92 36 eller
1873 421 133 44 Öfver-

401 478 406 52 ståthållare-embetet
822 480 64 35 vid
903 479 202 37 anfordran
1120 481 139 44 förete;
1289 487 55 30 att
1360 482 103 34 inom
1480 494 45 23 en
1540 482 137 34 månad
1698 480 95 37 efter
1808 481 112 35 hvart
1949 483 58 33 års

403 530 77 35 slut
519 530 60 36 till
621 522 525 46 Öfverståthållare-embetet
1189 533 93 36 eller
1313 532 235 48 Konungens
1578 531 426 49 Befallningshafvande

401 580 162 37 aflemna
589 580 240 50 förteckning
863 585 20 32 å
918 582 288 49 församlingens
1236 584 249 36 medlemmar
1512 589 97 31 samt
1637 583 122 36 under
1788 586 97 32 årets
1914 584 91 47 lopp

400 632 191 49 ingångna
618 633 219 49 äktenskap,
867 633 200 37 inträffade
1096 633 165 38 födelser
1290 635 69 35 och
1389 634 164 37 dödsfall
1581 636 9 34 i
1619 634 289 47 församlingen;
1952 639 55 30 att

403 686 48 45 på
477 690 87 38 sätt,
593 697 81 23 som
700 683 59 37 för
786 685 158 36 svenska
985 685 163 50 kyrkans
1190 687 239 47 presterskap
1472 694 41 28 är
1541 685 189 49 stadgadt,
1761 684 153 37 utfärda
1943 686 62 35 be-

400 741 69 41 tyg
512 735 69 36 och
622 736 58 36 till
722 735 198 48 offentliga
960 737 267 49 myndigheter
1269 739 125 35 lemna
1435 738 278 49 upplysningar
1747 750 61 23 om
1848 735 158 38 försam-

406 785 149 47 lingens
596 786 265 44 medlemmar;
905 793 96 29 samt
1036 793 55 30 att
1118 787 59 36 för
1204 788 115 48 öfrigt
1348 789 111 35 ställa
1486 790 58 46 sig
1571 789 59 35 till
1659 788 252 36 efterrättelse
1942 789 61 46 lag

403 836 69 35 och
503 836 45 37 de
577 836 185 38 särskilda
790 836 246 49 föreskrifter,
1064 851 82 24 som
1175 838 41 37 af
1239 838 287 38 vederbörande
1556 839 142 36 honom
1727 837 207 37 meddelas.

1165 939 18 49 $
1213 944 32 33 5.

533 1024 117 37 Innan
679 1025 68 36 hus
777 1026 92 35 eller
896 1039 81 22 rum
1009 1025 40 36 af
1071 1024 270 50 församlingen
1370 1026 190 47 begagnas
1590 1026 59 35 till
1677 1024 218 50 gudstjenst
1912 1026 92 35 eller

401 1076 304 47 andaktsöfning,
748 1077 94 36 skall
883 1076 286 36 föreståndaren
1211 1076 132 36 derom
1384 1084 91 40 göra
1517 1077 175 36 anmälan
1727 1080 20 32 å
1775 1076 130 36 landet
1933 1077 67 35 hos

398 1126 264 48 kronofogden
704 1128 68 35 och
814 1128 9 35 i
866 1127 83 36 stad
978 1129 68 35 hos
1080 1128 319 48 poliskammaren
1428 1128 103 44 eller,
1569 1127 67 37 der
1664 1128 32 47 ej
1727 1127 117 36 sådan
1871 1128 132 43 finnes,

402 1178 258 48 magistraten.

532 1229 75 36 Vid
635 1229 288 48 församlingens
952 1230 216 48 gudstjenst
1196 1232 92 35 eller
1317 1230 293 48 andaktsöfning
1638 1233 61 32 må
1714 1230 31 48 ej
1770 1228 74 38 den
1865 1228 136 38 offent-

399 1280 77 46 liga
503 1279 273 50 myndigheten
805 1281 11 35 i
845 1286 108 31 orten
981 1281 170 36 tillträde
1179 1280 206 50 förvägras.

1169 1380 18 48 $
1218 1384 31 34 6.

533 1465 133 37 Munk-
707 1464 93 38 eller
841 1465 250 36 nunneorden
1133 1466 92 35 eller
1265 1466 145 36 kloster
1443 1469 60 33 må
1531 1466 31 48 ej
1593 1466 11 35 i
1632 1465 98 36 riket
1758 1466 120 35 finnas
1908 1465 92 36 eller

398 1516 170 37 inrättas.

1162 1615 18 48 $
1210 1619 32 34 7.

536 1701 168 49 Lysning
743 1702 58 36 till
843 1702 209 48 äktenskap
1082 1702 106 43 skall,
1230 1701 99 36 ändå
1363 1707 56 30 att
1448 1714 162 23 mannen
1640 1700 69 36 och
1739 1701 165 47 qvinnan
1933 1707 65 29 äro

400 1751 40 36 af
463 1752 273 37 icke-luthersk
764 1753 324 43 trosbekännelse,
1131 1751 184 37 afkunnas
1344 1752 11 34 i
1386 1752 72 35 den
1485 1752 59 35 till
1571 1752 161 36 svenska
1759 1750 147 50 kyrkan
1934 1750 65 36 hö-

398 1802 117 35 rande
543 1802 233 48 församling,
810 1804 102 34 inom
942 1803 153 35 hvilken
1125 1803 163 48 qvinnan
1319 1809 40 29 är
1387 1802 161 44 boende,
1578 1802 96 35 dock
1703 1807 56 30 att
1787 1801 211 50 lysningen,

401 1852 67 36 der
509 1853 121 49 begge
672 1861 64 28 äro
779 1852 246 37 medlemmar
1066 1853 39 36 af
1129 1853 292 36 icke-lutherskt
1449 1851 371 49 religionssamfund,
1850 1850 41 37 af
1915 1851 83 36 dess

397 1902 258 38 föreståndare
686 1897 216 43 utfärdas.”

547 1954 130 47 Vigsel
707 1958 59 32 må
794 1955 10 33 i
834 1953 46 36 de
908 1952 77 45 fall,
1015 1953 47 35 då
1087 1966 163 24 mannen
1266 1953 69 36 och
1353 1954 165 47 qvinnan
1533 1953 154 36 tillhöra
1706 1951 292 37 icke-lutherskt

398 2000 374 51 religionssamfund,
812 2003 178 37 förrättas
1034 2003 95 37 efter
1171 2004 84 36 dess
1287 2004 109 36 bruk.
1450 2002 60 38 År
1538 2004 99 36 blott
1665 2003 141 37 endera
1833 2001 164 36 medlem

401 2053 39 37 af
463 2054 135 48 sådant
637 2054 188 44 samfund,
865 2055 223 35 verkställes
1117 2055 147 47 vigseln
1297 2053 40 37 af
1359 2055 161 36 svenska
1548 2055 165 48 kyrkans
1743 2052 251 49 presterskap.

532 2104 225 49 Åktenskap
787 2105 162 36 emellan
976 2104 248 37 medlemmar
1252 2104 39 37 af
1315 2105 291 36 icke-lutherskt
1624 2102 373 50 religionssamfund,

397 2156 92 35 eller
517 2156 160 36 emellan
718 2155 162 37 medlem
916 2154 39 37 af
978 2155 135 36 sådant
1141 2154 176 37 samfund
1346 2156 70 35 och
1445 2156 163 36 medlem
1637 2154 41 37 af
1709 2154 158 36 svenska
1910 2154 87 48 kyr-

397 2206 85 43 kan,
510 2218 88 24 vare
628 2206 69 38 ock
724 2207 140 35 tillåtet
894 2211 90 30 utan
1012 2211 55 31 att
1094 2206 119 48 vigsel
1229 2206 133 36 dervid
1378 2207 96 35 sker.
1516 2206 115 36 Detta
1647 2205 207 47 äktenskap
1875 2204 122 35 skalli

1720 2255 225 48 slägtingars
