2232 2614
416 184 18 30 8
886 182 252 33 Statsutskottets
1165 182 175 33 Utlåtande
1362 183 62 32 N:o
1452 186 49 29 79.

415 265 55 35 för
497 264 444 47 lägenbetsinnehafvarne
971 266 54 33 att
1061 264 159 35 använda
1252 264 67 35 den
1350 264 55 35 för
1432 265 271 46 lägenheternas
1733 266 110 35 behof
1871 266 142 47 afsatta,

415 320 19 33 å
463 318 125 35 kartan
618 317 182 35 utmärkta
827 320 83 43 väg;

522 370 75 36 dels
627 369 63 37 ock
719 372 54 33 att
801 370 233 35 omförmälda
1058 370 278 48 köpeskillingar
1354 372 124 42 måtte,
1500 372 45 46 på
1565 383 134 23 samma
1718 374 71 33 sätt
1808 384 75 23 som
1906 372 106 49 köpe-

414 425 232 47 skillingarna
688 424 55 35 för
785 424 152 35 försålda
978 423 138 35 mindre
1156 424 342 46 kronoegendomar,
1525 425 178 35 användas
1732 425 56 35 till
1818 426 110 48 inköp
1957 427 57 35 för

416 479 153 34 kronans
598 477 152 47 räkning
780 477 37 35 af
844 477 244 47 skogbärande
1118 477 84 35 eller
1230 477 58 35 till
1316 477 235 47 skogsodling
1578 478 131 47 tjänlig
1738 479 112 35 mark.

520 531 403 48 Departementschefen
954 531 63 34 har
1045 530 217 35 beträffande
1282 530 98 35 detta
1399 531 129 34 ärende
1547 531 57 35 till
1623 532 393 48 statsrådsprotokollet

414 585 119 35 anfört
562 584 171 48 följande:

527 652 12 18 »
550 639 63 34 Uti
641 637 224 47 underdånig
892 637 185 35 skrifvelse
1106 637 67 35 den
1206 638 46 34 20
1287 637 175 35 nästlidne
1493 650 92 22 mars
1614 638 63 34 har
1705 638 308 48 domänstyrelsen

414 691 145 44 anmält,
590 694 53 32 att
673 691 57 34 vid
760 691 276 47 uppskattning,
1066 702 87 32 som,
1179 690 55 35 för
1264 690 152 48 förnyad
1452 691 272 47 utarrendering
1753 693 80 34 från
1863 692 69 35 den
1967 694 46 33 14

415 757 91 23 mars
552 746 112 42 1904,
709 744 114 35 under
860 745 38 34 år
929 745 97 34 1901
1059 746 61 44 ägt
1143 756 79 22 rum
1252 744 19 34 å
1300 743 61 35 det
1388 755 130 35 genom
1548 744 193 48 styrelsens
1770 745 139 46 försorg
1938 748 77 32 mot

415 801 52 33 ett
494 798 108 47 årligt
629 797 147 35 arrende
805 797 37 35 af
875 799 109 39 1,200
1010 797 131 35 kronor
1169 797 273 35 utarrenderade
1472 797 93 34 förra
1587 797 382 47 hospitalshemmanet
1992 800 16 33 1

415 852 133 35 mantal
590 851 99 35 Sund
731 863 60 22 n:o
825 852 22 33 4
877 850 196 47 Södergård
1111 850 80 35 med
1229 862 43 23 en
1317 850 130 46 utjord,
1472 850 101 35 Sund
1602 862 59 23 n:o
1693 853 34 39 5,
1757 850 13 35 i
1798 851 216 35 Fifvelstads

413 905 129 35 socken
573 905 63 34 och
667 904 100 35 Aska
790 903 108 36 härad
926 904 37 34 af
999 897 272 53 Östergötlands
1304 903 70 43 län,
1404 903 133 47 förslag
1565 904 38 34 af
1631 903 380 48 uppskattningsmän-

414 971 68 22 nen
517 958 121 35 väckts
680 970 58 22 om
773 957 208 45 afsöndring
1010 957 37 34 af
1074 960 53 32 tre
1154 956 56 36 till
1240 956 221 47 egendomen
1492 956 155 35 hörande
1676 957 223 46 lägenheter;
1943 958 64 35 och

414 1013 63 34 har
518 1011 185 48 styrelsen,
740 1010 81 35 med
861 1010 223 47 åberopande
1127 1010 36 34 af
1204 1010 269 35 föreskrifterna
1510 1010 12 34 i
1556 1010 129 46 nådiga
1713 1010 211 35 skrifvelsen
1954 1011 55 35 till

412 1065 173 48 styrelsen
610 1064 184 47 angående
824 1063 265 35 bestämmelser
1116 1065 53 32 att
1196 1063 100 46 tjäna
1324 1063 56 34 till
1409 1063 234 35 efterrättelse
1663 1063 13 35 i
1695 1064 101 46 fråga
1816 1076 57 22 om
1894 1063 117 47 lägen-

414 1119 117 34 heters
560 1116 219 49 upplåtande
808 1116 78 35 från
917 1116 157 34 kronans
1099 1115 365 48 jordbruksdomäner
1492 1116 67 34 den
1592 1118 46 33 25
1669 1118 204 46 september
1895 1118 115 39 1896,

368 1185 9 2 -
414 1171 212 35 underställt
662 1171 125 45 frågan
822 1170 112 35 Eders
963 1169 139 47 Kungl.
1134 1169 125 47 Maj:ts
1289 1168 129 47 nådiga
1446 1169 172 47 pröfning
1646 1169 64 35 och
1742 1170 124 34 därvid
1893 1170 119 35 tillika

413 1225 236 35 öfverlämnat
688 1224 220 34 instrument
948 1222 101 35 öfver
1092 1223 144 34 berörda
1275 1222 264 47 uppskattning
1564 1223 111 45 jämte
1704 1234 44 23 en
1779 1223 36 34 af
1844 1223 165 35 kommis-

410 1278 359 35 sionslandtmätaren
813 1276 44 35 G.
897 1276 58 34 W.
987 1276 191 46 Mäöntziog
1219 1277 39 33 år
1300 1277 98 33 1900
1431 1275 190 47 upprättad
1653 1275 101 36 karta
1782 1276 100 35 öfver
1906 1288 103 35 egen-

410 1332 129 35 domen
584 1331 80 35 med
706 1329 216 36 tillhörande
966 1329 224 46 beskrifning
1231 1329 183 34 äfvensom
1452 1328 116 47 öfriga
1596 1328 56 35 till
1679 1329 147 35 ärendet
1854 1330 157 34 hörande

411 1385 223 46 handlingar.

518 1438 52 34 Af
598 1437 98 35 dessa
726 1436 214 46 handlingar
968 1435 192 35 inhämtas:

518 1493 54 33 att
600 1492 20 34 å
649 1490 234 47 egendomen,
909 1488 145 35 hvartill
1083 1487 114 47 enligt
1232 1487 258 35 ofvanberörda
1520 1487 328 47 kartebeskrifning
1876 1488 64 34 hör
1968 1500 42 22 en

410 1545 92 35 areal
535 1544 37 35 af
612 1542 263 47 sammanlagdt
910 1544 46 33 56
988 1542 127 34 hektar
1144 1542 100 42 37,90
1272 1554 50 30 ar,
1352 1540 74 35 däri
1454 1540 91 35 dock
1573 1540 239 36 inberäknadt
1840 1541 55 35 för
1920 1541 92 46 järn-

411 1601 106 44 vägar
561 1598 76 34 från
680 1598 210 34 hemmanet
926 1594 271 49 exproprierade
1235 1594 168 35 områden
1432 1606 60 22 om
1521 1593 151 48 tillhopa
1703 1596 21 33 2
1755 1594 128 35 hektar
1915 1595 98 43 75,60

411 1665 46 28 ar,
493 1651 114 35 finnas
648 1652 54 33 tre
746 1649 81 35 med
864 1648 260 35 innehafvarne
1151 1647 183 47 tillhöriga
1365 1647 212 35 bostadshus
1605 1647 164 35 försedda
1793 1647 219 47 lägenheter,

412 1704 122 36 hvilka
563 1704 113 46 enligt
704 1715 137 23 samma
871 1702 99 35 karta
1000 1702 66 34 och
1105 1701 225 46 beskrifning
1358 1701 164 43 omfatta,
1549 1712 56 30 en,
1635 1711 77 24 som
1736 1701 211 34 innehafves
1976 1700 40 35 af

412 1758 141 35 Anders
595 1757 188 42 Karlsson,
818 1768 44 23 en
904 1755 95 35 areal
1036 1754 37 35 af
1102 1757 73 41 5,30
1202 1767 49 28 ar,
1283 1754 247 35 motsvarande
1558 1753 207 47 ägofiguren
1796 1766 60 22 n:o
1890 1755 72 33 112
1992 1755 20 33 å

412 1810 257 36 ofvanberörda
699 1810 113 43 karta,
843 1821 56 31 en,
929 1820 77 23 som
1031 1807 209 35 innehafves
1269 1808 38 34 af
1335 1807 78 35 Carl
1441 1807 119 34 Johan
1591 1806 174 41 Carlsson,
1795 1819 45 22 en
1865 1806 92 35 areal
1976 1807 38 34 af

416 1866 70 42 1,10
514 1877 49 29 ar,
594 1862 249 36 motsvarande
871 1862 206 46 ägofiguren
1109 1873 58 22 n:o
1202 1862 86 42 115,
1318 1862 92 33 samt
1443 1873 56 31 en,
1529 1872 76 23 som
1634 1860 212 35 innehafves
1874 1860 37 35 af
1937 1861 74 33 An-

412 1918 78 35 ders
513 1918 135 46 Borup,
679 1929 44 22 en
754 1915 94 36 areal
876 1915 37 35 af
942 1917 98 41 10,50
1067 1927 49 31 ar,
1146 1914 248 35 motsvarande
1422 1914 207 46 ägofiguren
1659 1926 59 22 n:o
1752 1915 86 43 116;

518 1973 54 33 att
601 1969 439 49 uppskattningsmännen
1069 1969 118 33 ansett
1215 1968 101 34 dessa
1344 1971 53 31 tre
1425 1967 208 47 lägenheter
1661 1966 123 35 kunna
1814 1968 87 33 utan
1931 1978 81 22 men

412 2024 53 35 för
508 2023 276 47 hufvudgården
827 2022 185 35 afsöndras
1050 2021 76 35 från
1163 2021 206 35 hemmanet
1397 2021 66 34 och
1491 2020 13 35 i
1534 2020 89 47 följd
1651 2020 100 35 däraf
1773 2019 242 35 saluvärderat

412 2077 265 47 lägenheterna,
707 2076 124 35 därvid
858 2076 44 34 de
932 2076 111 34 åsatts
1073 2074 155 47 följande
1253 2074 221 43 saluvärden,
1502 2073 196 47 nämligen:
1729 2073 143 34 Anders
1892 2072 117 35 Karls-

411 2142 81 24 sons
531 2130 167 46 lägenhet
736 2132 54 33 ett
817 2129 106 35 värde
953 2129 37 34 af
1026 2129 69 34 150
1126 2128 142 43 kronor,
1298 2127 80 35 Carl
1404 2127 121 34 Johan
1555 2127 181 34 Carlssons
1764 2125 169 47 lägenhet
1961 2127 53 33 ett

411 2184 104 35 värde
544 2183 37 35 af
613 2184 46 33 50
691 2183 133 34 kronor
851 2184 94 33 samt
976 2181 140 35 Anders
1144 2181 141 47 Borups
1314 2180 179 46 lägenhet,
1515 2180 104 35 hvars
1643 2179 207 35 nuvarande
1870 2177 145 37 område

413 2236 199 48 föreslagits
649 2235 113 45 skola,
797 2237 46 46 på
877 2237 70 33 sätt
992 2236 20 34 å
1052 2234 120 35 kartan
1214 2234 187 43 utmärkts,
1426 2233 144 35 tillökas
1599 2233 80 34 med
1709 2245 43 22 en
1782 2232 59 35 del
1868 2232 37 35 af
1931 2234 82 44 ägo-
