1910 2844
270 149 39 31 20
682 148 346 29 Jordbruksutskottets
1050 145 164 28 utlåtande
1237 143 47 28 Nr
1307 142 49 32 74.

274 236 107 37 enligt
405 235 104 32 denna
532 234 200 38 kungörelse
756 245 40 20 av
820 232 157 39 åtgärder
1001 232 54 31 för
1079 228 310 35 vidmakthållande
1414 240 41 20 av
1481 227 93 38 skog,
1600 236 70 22 som
1694 236 82 28 upp-

275 285 131 38 dragits
422 284 73 32 med
510 284 96 39 hjälp
624 296 40 20 av
681 283 217 38 statsbidrag.
936 282 108 38 Dylik
1061 280 254 38 framställning
1333 279 87 32 skall
1437 290 40 20 av
1496 276 165 39 styrelsen
1679 280 98 33 göras

274 335 72 32 före
366 335 61 32 den
447 336 38 30 15
505 333 177 33 november
701 333 59 32 och
778 332 139 38 åtföljas
936 344 42 20 av
997 330 213 38 förteckning
1230 334 77 28 över
1326 328 126 33 sådana
1471 327 54 33 till
1545 325 165 40 styrelsen
1729 326 48 31 in-

275 386 121 32 komna
416 384 228 38 ansökningar
663 396 51 20 om
733 383 218 38 statsbidrag,
972 394 68 21 som
1062 381 164 39 styrelsen
1246 379 114 32 funnit
1379 390 81 21 vara
1480 390 41 20 av
1540 375 238 34 beskaffenhet

276 439 51 28 att
342 435 81 32 böra
439 435 153 38 beviljas.
633 434 175 32 Formulär
825 433 54 32 till
897 432 105 39 sagda
1020 431 213 37 förteckning
1252 429 188 33 fastställes
1460 440 39 20 av
1518 426 129 39 Kungl.
1666 425 113 38 Maj:t.

321 485 118 38 Medel,
460 496 68 21 som
550 484 151 33 anvisats
721 484 53 31 till
795 482 349 39 skogsvårdsstyrelse
1164 481 106 38 enligt
1290 480 109 32 första
1420 478 143 39 stycket,
1585 476 105 39 skola,
1711 479 68 28 mot

277 535 217 33 avlämnande
519 547 42 20 av
587 534 146 33 särskild
758 546 42 20 av
826 533 163 39 styrelsen
1014 531 163 33 utfärdad
1203 531 59 32 och
1288 542 41 20 av
1357 529 240 33 statskontoret
1623 525 157 40 godkänd

277 585 202 32 förbindelse
493 588 51 29 att
557 584 155 33 använda
726 584 104 38 sagda
844 583 106 32 medel
963 582 106 38 enligt
1084 582 113 32 därom
1211 580 156 40 gällande
1382 578 225 38 föreskrifter,
1623 589 42 20 av
1681 580 97 29 stats-

276 635 153 33 kontoret
443 635 118 32 ställas
575 634 56 32 till
644 634 181 38 styrelsens
839 633 200 38 förfogande
1055 644 117 26 genom
1186 631 145 32 medlens
1346 628 190 33 insättande
1551 628 11 31 i
1578 626 201 33 riksbanken

278 686 54 32 för
351 685 181 39 styrelsens
552 684 145 39 räkning
713 684 89 39 eller,
823 684 61 32 där
903 683 163 38 styrelsen
1085 682 62 32 har
1167 681 60 32 sitt
1246 684 69 29 säte
1335 681 20 31 å
1374 684 61 33 ort,
1455 682 112 29 varest
1587 676 192 33 riksbanks-

276 735 120 32 kontor
412 736 29 37 ej
458 735 121 39 finnes,
597 735 86 32 efter
699 734 195 32 rekvisition
916 734 5 31 i
937 733 76 31 mån
1031 744 43 20 av
1089 732 105 32 behov
1210 730 203 33 utanordnas
1430 729 54 33 till
1501 728 176 39 styrelsen.
1693 726 88 33 Med-

278 787 51 31 len
349 786 94 32 skola
461 797 40 20 av
520 785 166 39 styrelsen
705 784 139 32 särskilt
862 783 158 33 bokföras
1040 783 61 32 och
1121 782 179 38 redovisas,
1320 781 61 32 och
1401 779 87 33 skall
1509 779 81 32 därå
1609 777 171 39 upplupen

279 839 97 29 ränta
393 835 237 38 tillgodoföras
649 846 124 21 samma
790 834 117 33 medel.

323 886 18 32 I
365 886 61 32 den
449 886 12 31 i
484 885 110 33 första
618 885 132 39 stycket
773 883 221 33 omförmälda
1018 882 254 37 framställning
1297 881 89 32 skall
1411 877 371 41 skogsvårdsstyrelsen

278 936 161 39 uppgiva,
459 935 169 33 huruvida
649 935 60 32 och
729 935 54 31 till
802 934 107 32 vilket
929 934 117 38 belopp
1068 933 30 38 ej
1122 931 199 40 disponerad
1341 930 194 37 behållning
1556 928 184 33 förefinnes
1763 927 19 32 å

278 985 117 39 medel,
413 997 67 21 som
497 986 108 38 enligt
622 997 124 20 samma
764 984 117 39 stycke
899 984 148 32 anvisats
1065 983 55 32 till
1139 982 174 39 styrelsen.

323 1037 100 32 Mom.
448 1037 31 32 3.
527 1035 164 33 Ansökan
717 1046 50 21 om
794 1034 208 38 statsbidrag
1027 1038 97 33 göres
1151 1033 59 32 hos
1235 1030 244 34 vederbörande
1506 1028 276 39 skogsvårdssty-

280 1086 94 39 relse,
397 1097 79 28 som,
498 1086 61 32 där
580 1086 30 37 ej
634 1085 163 38 styrelsen
819 1084 112 32 finner
952 1083 227 38 ansökningen
1201 1081 203 33 omedelbart
1424 1080 80 32 böra
1527 1079 122 38 avslås,
1673 1078 110 32 föran-

280 1136 122 32 staltar
423 1148 50 20 om
494 1135 228 39 upprättande
744 1147 40 20 av
808 1134 130 38 förslag
961 1134 53 32 till
1035 1132 180 33 utförande
1237 1144 42 20 av
1301 1132 56 32 det
1380 1131 142 37 företag,
1544 1128 118 33 vartill
1684 1132 99 29 stats-

280 1186 121 39 bidrag
422 1185 105 34 sökes.
572 1185 125 39 Dylikt
717 1185 130 38 förslag
870 1184 86 33 skall
978 1186 179 36 upprättas
1179 1184 11 31 i
1212 1182 60 32 den
1294 1181 142 38 ordning
1458 1180 128 38 Kungl.
1609 1178 102 39 Maj:t
1731 1178 52 32 be-

281 1239 167 30 stämmer.

325 1286 18 32 I
363 1285 148 33 ansökan
531 1298 53 20 om
605 1285 206 37 statsbidrag
832 1284 95 32 skola
948 1285 36 31 så
1005 1283 220 37 fullständigt
1247 1294 68 20 som
1336 1280 133 39 möjligt
1489 1280 140 39 angivas
1651 1278 133 33 beskaf-

282 1336 155 32 fenheten
461 1336 59 32 och
545 1335 244 38 omfattningen
814 1346 43 20 av
881 1334 54 32 det
959 1333 143 39 företag,
1126 1332 116 32 vartill
1267 1331 208 38 statsbidrag
1499 1330 108 33 sökes.
1655 1329 129 32 Ansök-

281 1386 122 38 ningen
426 1385 87 32 skall
534 1384 116 33 tillika
670 1384 146 32 inehålla
836 1383 142 39 uppgift
999 1384 19 31 å
1041 1383 62 32 den
1126 1383 80 32 eller
1229 1382 38 32 de
1290 1381 212 39 fastigheter,
1526 1392 69 21 som
1619 1380 167 37 företaget

282 1436 115 38 angår,
415 1439 86 28 samt
517 1434 246 33 vederbörande
781 1438 119 34 ägares
917 1445 97 20 namn
1031 1433 62 32 och
1109 1432 154 32 hemvist.

325 1486 100 31 Mom.
442 1486 30 31 4.
503 1485 126 31 Finner
647 1484 376 38 skogsvårdsstyrelsen,
1043 1487 52 28 att
1115 1483 166 37 företaget
1299 1482 82 32 eller
1397 1482 69 31 viss
1487 1481 52 32 del
1559 1481 104 32 därav
1681 1481 106 36 angår

282 1535 106 40 mark,
411 1547 68 21 som
500 1536 60 31 bör
581 1535 171 32 användas
775 1534 53 32 för
849 1533 245 33 vederbörande
1117 1532 182 38 fastighets
1322 1531 80 32 eller
1425 1530 134 33 därmed
1584 1528 203 34 sambrukad

283 1586 182 38 fastighets
488 1585 106 33 behov
618 1585 107 32 såsom
749 1584 188 32 betesmark
961 1584 54 31 för
1038 1583 121 32 ordnat
1181 1582 179 32 betesbruk
1383 1582 81 32 eller
1487 1581 97 38 eljest
1608 1580 54 32 för
1686 1583 101 29 annat

283 1636 155 32 ändamål
454 1640 41 28 än
511 1634 317 40 skogsproduktion,
844 1635 55 31 må
915 1633 208 38 statsbidrag
1139 1633 30 38 ej
1186 1633 129 31 lämnas
1331 1632 55 31 till
1402 1632 167 38 företaget
1585 1631 81 32 eller
1683 1629 105 39 sagda

284 1686 53 32 del
353 1686 114 32 därav.
505 1685 69 32 Vid
592 1685 164 39 prövning
773 1696 42 20 av
832 1684 111 38 fråga,
961 1695 67 21 som
1046 1683 11 32 1
1076 1683 93 32 detta
1186 1686 142 28 moment
1346 1693 106 27 avses,
1471 1686 80 33 äger
1569 1680 218 39 skogsvårds-

284 1736 175 39 styrelsen,
478 1735 60 33 där
557 1735 122 33 sådant
696 1747 40 20 av
755 1734 255 32 förhållandena
1028 1733 167 39 påkallas,
1214 1732 150 32 inhämta
1382 1731 174 33 utlåtande
1576 1731 78 32 från
1673 1731 11 31 i
1703 1731 84 31 lant-

284 1786 217 38 hushållning
519 1785 192 39 sakkunnig
727 1796 129 27 person.

329 1836 99 32 Mom.
451 1837 31 31 5.
528 1835 217 38 Statsbidrag
767 1834 68 32 kan
858 1846 42 20 av
924 1833 370 39 skogsvårdsstyrelsen
1318 1832 141 38 beviljas
1483 1831 105 32 under
1613 1831 175 32 förutsätt-

285 1886 91 38 ning,
394 1889 50 29 att
461 1886 165 38 styrelsen
645 1885 109 32 finner
770 1888 121 35 nyttan
910 1896 42 20 av
969 1884 169 37 företaget
1154 1883 101 31 minst
1272 1886 169 28 motsvara
1459 1881 184 33 kostnaden
1663 1880 126 33 därför.

331 1934 381 40 Skogsvårdsstyrelsen
735 1934 87 33 skall
844 1934 100 39 tillse,
968 1938 50 28 att
1041 1933 208 37 statsbidrag
1272 1932 123 32 främst
1418 1932 127 32 lämnas
1568 1931 55 32 till
1646 1931 143 38 företag,

286 1997 68 20 som
375 1990 57 27 äro
450 1989 85 29 mest
554 1985 165 38 förtjänta
738 1997 41 20 av
798 1984 191 32 understöd.

330 2036 100 32 Mom.
452 2037 30 31 6.
528 2034 216 38 Statsbidrag
766 2035 53 31 må
841 2034 73 32 icke
936 2035 82 37 utgå
1040 2034 56 32 till
1119 2033 120 32 sådant
1260 2033 143 38 företag,
1426 2032 117 32 vartill
1566 2035 102 29 annat
1691 2035 98 29 stats-

285 2085 181 33 understöd
488 2086 11 31 i
522 2085 88 32 form
634 2097 42 20 av
698 2085 119 38 bidrag
839 2085 81 32 eller
942 2084 55 32 lån
1019 2083 81 33 eller
1123 2083 119 38 bidrag
1266 2083 77 31 från
1367 2082 308 39 skogsvårdskassa
1698 2081 92 32 förut

286 2136 115 38 utgått
424 2136 79 31 eller
526 2136 115 37 utgår.
687 2134 72 33 Den
784 2134 299 38 omständigheten,
1109 2137 51 28 att
1184 2133 54 32 till
1261 2132 226 39 upprättande
1513 2144 42 20 av
1580 2132 131 38 förslag
1737 2131 53 33 till

287 2186 168 38 företaget
476 2185 269 33 statsunderstöd
767 2184 80 32 eller
868 2184 121 38 bidrag
1011 2184 78 31 från
1113 2182 306 40 skogsvårdskassa
1441 2183 114 37 utgått
1577 2182 80 32 eller
1679 2182 110 39 utgår,

287 2239 100 34 utgör
406 2235 83 32 dock
507 2235 75 33 icke
601 2235 118 32 hinder
738 2235 53 31 för
809 2234 139 38 bidrags
968 2233 199 39 beviljande.

331 2286 99 32 Mom.
446 2287 29 31 7.
513 2284 218 39 Statsbidrag
744 2284 66 33 kan
825 2284 142 38 beviljas
982 2284 54 32 till
1051 2284 100 37 högst
1166 2283 115 32 femtio
1296 2286 136 36 procent
1448 2295 39 20 av
1503 2282 61 32 den
1580 2286 81 29 utav
1677 2282 113 38 skogs-

287 2335 269 39 vårdsstyrelsen
573 2335 179 38 godkända
767 2334 185 33 kostnaden
970 2334 53 32 för
1040 2334 179 37 företaget.

331 2384 19 32 I
368 2385 106 38 sagda
490 2385 145 33 kostnad
653 2386 64 39 må,
737 2385 59 32 där
815 2383 372 39 skogsvårdsstyrelsen
1207 2383 110 32 finner
1335 2383 227 39 erforderligt,
1582 2387 51 28 att
1652 2382 55 32 det
1726 2394 65 20 om-

288 2434 89 39 råde,
395 2447 67 20 som
480 2436 169 37 företaget
666 2447 104 27 avser,
787 2435 165 38 inhägnas
969 2434 79 32 eller
1066 2437 51 29 att
1134 2445 107 20 annan
1259 2433 276 38 hägnadsåtgärd
1554 2433 54 32 för
1626 2432 165 33 områdets
