1922 2850
529 150 347 31 Jordbruksutskottets
898 150 162 29 utlåtande
1082 149 47 28 Nr
1157 147 46 32 4.
1608 144 18 31 5

123 241 84 31 stort
225 243 66 29 sett
307 243 126 29 ansetts
450 239 79 33 böra
548 239 142 32 omfatta
708 239 46 31 all
772 238 107 38 mark,
898 249 68 21 som
985 238 29 37 ej
1033 236 167 33 användes
1218 235 54 32 till
1290 237 103 30 annat
1409 233 218 33 kulturända-

122 290 67 32 mål
213 295 42 27 än
280 289 316 39 skogsproduktion,
620 289 105 32 under
748 288 245 37 förutsättning
1017 291 51 29 att
1092 286 135 32 marken
1251 286 31 37 ej
1306 296 78 21 vore
1408 283 143 38 otjänlig
1573 282 55 33 till

123 340 200 40 skogsbruk.

168 392 68 32 Vid
256 391 131 32 urvalet
408 402 42 20 av
471 390 38 32 de
529 393 101 35 typer
649 387 209 40 skogsmark,
880 399 69 20 som
968 387 101 32 borde
1090 386 90 32 bliva
1202 385 140 33 föremål
1364 384 55 32 för
1438 383 190 37 understöd,

124 442 108 33 skulle
255 442 121 32 sådant
394 441 179 33 understöd
592 440 12 32 i
625 440 108 32 första
753 442 142 29 rummet
916 438 172 38 medgivas
1108 437 12 32 i
1141 437 100 37 fråga
1263 448 51 20 om
1335 435 107 40 mark,
1465 446 69 22 som
1555 434 75 38 låge

125 492 68 33 kal.
242 492 69 32 Till
338 492 59 32 kal
424 491 94 32 mark
544 491 64 33 har
633 490 119 32 härvid
778 489 156 32 hänförts
960 488 31 38 ej
1019 487 145 33 allenast
1190 486 102 33 sådan
1320 485 107 38 mark,
1456 496 68 21 som
1552 495 77 21 vore

125 544 148 32 bevuxen
294 543 119 32 endast
432 542 73 32 med
525 541 127 33 buskar
671 540 80 33 eller
770 540 97 38 eljest
887 539 70 33 helt
977 538 148 33 saknade
1144 537 279 38 trädvegetation,
1444 539 81 29 utan
1547 540 82 27 även

125 594 105 39 mark,
252 595 83 31 varå
356 593 198 38 visserligen
576 592 77 32 träd
676 591 203 33 förekomme
899 601 75 21 men
996 589 87 32 blott
1105 589 107 32 såsom
1235 587 140 33 enstaka
1397 586 141 33 individ.
1561 584 69 33 Kal

126 645 105 38 mark,
246 656 69 21 som
329 645 12 31 i
355 644 148 38 enlighet
515 643 136 32 härmed
666 642 107 32 skulle
787 641 92 33 bliva
892 641 142 32 föremål
1049 640 54 32 för
1116 639 218 37 statsbidrag,
1348 637 164 33 omfattar
1525 636 105 37 enligt

125 695 118 39 gjorda
268 695 225 38 beräkningar
519 695 140 37 350,000
686 693 130 32 hektar.
863 692 86 32 Rätt
972 691 54 32 till
1051 690 180 33 understöd
1256 689 109 32 skulle
1389 688 113 32 kunna
1527 687 105 32 under

124 747 70 32 viss
222 745 246 38 förutsättning
495 744 172 38 medgivas
696 748 82 27 även
806 743 12 31 i
846 743 100 37 fråga
973 753 52 20 om
1052 740 218 33 vanhävdade
1298 738 245 39 skogsmarker,
1572 737 60 33 där

126 795 277 39 skogsbeståndet
428 807 77 20 vore
531 806 42 20 av
600 793 213 39 synnerligen
841 791 336 34 otillfredsställande
1203 789 168 33 slutenhet
1397 789 60 32 och
1481 787 114 33 tillika
1620 788 11 31 i

124 845 170 39 väsentlig
315 846 77 31 mån
415 844 145 33 saknade
582 842 436 39 utvecklingsmöjligheter.
1064 840 128 39 Dylika
1215 839 237 39 skogsmarker
1472 839 88 32 hava
1581 838 51 32 be-

128 897 137 32 räknats
294 896 143 32 omfatta
466 896 140 37 650,000
634 894 130 32 hektar.
814 893 77 32 Vad
919 893 107 37 angår
1054 891 103 33 andra
1184 890 135 32 marker
1346 889 73 32 med
1449 888 181 33 otillfreds-

126 947 164 33 ställande
312 946 257 39 skogstillstånd
590 951 41 27 än
651 944 139 33 berörda
810 944 80 32 kala
909 944 60 32 och
988 942 217 33 vanhävdade
1225 941 135 32 marker
1380 940 107 32 skulle
1507 939 124 32 beträf-

127 998 102 32 fande
251 998 97 32 dessa
371 1000 69 29 rätt
461 996 54 33 till
537 996 179 33 understöd
737 996 12 31 i
772 994 184 33 allmänhet
978 993 29 39 ej
1033 998 65 33 äga
1121 1004 83 21 rum.
1250 991 97 33 Dock
1369 990 110 33 skulle
1498 990 12 32 i
1533 990 100 37 fråga

125 1060 51 20 om
199 1051 68 29 rätt
290 1047 54 33 till
365 1046 181 33 understöd
566 1046 73 32 med
664 1045 238 33 förutnämnda
923 1044 81 32 kala
1025 1045 60 31 och
1107 1042 219 33 vanhävdade
1347 1041 133 32 marker
1501 1039 130 33 likstäl-

127 1098 50 33 las
197 1097 145 40 marker,
364 1097 151 32 bevuxna
536 1096 74 33 med
634 1108 25 21 s.
681 1095 34 33 k.
737 1093 352 39 stavaskogsbestånd,
1110 1093 136 32 varmed
1267 1092 141 38 avsåges
1431 1092 12 31 i
1465 1090 169 33 Norrland

127 1149 60 32 och
212 1148 153 32 Dalarna
392 1146 268 33 förekommande
685 1144 238 40 skogsmarker
946 1144 153 32 bevuxna
1123 1143 74 32 med
1222 1142 202 39 överslutna,
1450 1140 184 38 likåldriga

128 1199 60 32 och
213 1198 264 33 förhållandevis
503 1197 113 39 gamla
641 1196 150 38 bestånd,
816 1195 111 32 vilkas
952 1194 138 33 tillväxt
1117 1194 53 32 för
1193 1193 234 38 huvudparten
1451 1204 43 20 av
1517 1191 117 33 träden

126 1249 70 33 helt
217 1248 169 33 avslutats
408 1248 57 32 vid
486 1259 38 21 en
546 1246 136 40 mycket
701 1246 57 39 låg
778 1245 255 33 bröstdiameter
1055 1244 60 33 och
1134 1243 157 38 trädhöjd
1312 1254 73 21 men
1406 1242 95 32 vilka
1522 1253 51 21 om
1597 1241 37 32 de

129 1299 132 39 gjordes
288 1299 56 33 till
372 1298 140 33 föremål
539 1298 54 32 för
621 1295 302 40 röjningsgallring
951 1295 108 32 oftast
1086 1294 85 38 ägde
1197 1291 436 40 utvecklingsmöjligheter.

129 1350 292 39 Stavaskogarnas
438 1349 188 39 ytinnehåll
642 1349 61 31 har
720 1347 180 33 beräknats
918 1347 115 38 uppgå
1050 1346 54 32 till
1122 1346 139 37 200,000
1279 1344 131 32 hektar.

173 1399 117 34 Såsom
310 1400 125 32 allmän
456 1399 89 39 regel
566 1398 108 33 skulle
694 1397 92 40 gälla
806 1401 51 29 att
875 1396 179 33 understöd
1074 1395 29 39 ej
1124 1395 93 38 finge
1236 1395 84 37 utgå
1340 1393 55 33 till
1415 1393 131 40 åtgärd,
1568 1404 67 21 som

125 1452 109 37 någon
249 1451 107 38 enligt
370 1450 156 38 gällande
540 1450 81 31 eller
636 1449 91 32 äldre
744 1447 264 39 skogsvårdslag
1023 1458 78 20 vore
1116 1445 126 39 pliktig
1257 1445 126 31 utföra.
1422 1444 90 31 Från
1528 1443 105 32 denna

131 1501 89 38 regel
240 1501 63 31 har
322 1503 125 29 ansetts
467 1500 80 31 böra
569 1499 136 37 stadgas
727 1498 121 32 sådant
867 1497 184 37 undantag,
1072 1499 51 28 att
1144 1494 268 33 statsunderstöd
1431 1494 54 31 må
1506 1493 128 31 lämnas

129 1552 54 31 till
210 1551 180 32 utförande
418 1563 42 19 av
489 1549 222 38 erforderliga
737 1547 316 38 återväxtåtgärder
1081 1546 86 32 efter
1196 1545 219 38 avverkning,
1446 1556 69 20 som
1542 1543 93 32 verk-

131 1601 111 32 ställts
270 1601 55 32 för
350 1599 191 33 erhållande
567 1612 42 20 av
633 1598 155 39 nöjaktig
814 1597 203 39 föryngring
1042 1597 20 31 å
1089 1596 103 33 sådan
1217 1595 200 32 vanhävdad
1441 1593 97 33 mark
1564 1593 73 32 med

129 1650 71 39 gles
220 1652 61 32 och
302 1650 151 38 oväxtlig
473 1649 93 40 skog,
587 1661 69 20 som
677 1649 93 32 förut
789 1651 105 36 sagts,
914 1651 87 28 samt
1019 1647 20 32 å
1058 1646 105 39 mark,
1183 1646 148 31 bevuxen
1351 1645 74 32 med
1445 1644 191 37 stavaskog.

174 1700 169 39 Slutligen
365 1700 108 33 skulle
493 1700 107 38 enligt
620 1699 127 38 Kungl.
770 1698 119 38 Maj:ts
911 1697 129 38 förslag
1060 1696 263 38 ifrågavarande
1344 1693 291 34 understödsverk-

132 1751 129 33 samhet
288 1751 55 33 för
369 1750 207 33 närvarande
605 1749 181 38 begränsas
815 1752 51 28 att
892 1760 77 21 avse
998 1747 168 38 skogarna
1192 1746 106 32 under
1327 1747 84 31 1923
1439 1746 54 31 års
1523 1744 113 39 skogs-

130 1801 171 38 vårdslag.

176 1876 224 32 Beträffande
424 1875 243 38 omfattningen
693 1887 42 19 av
760 1874 61 32 den
848 1873 191 39 föreslagna
1065 1871 452 33 understödsverksamheten
1541 1870 62 31 har
1626 1869 12 31 i

132 1927 164 31 motionen
320 1926 54 31 II:
397 1927 62 31 419
483 1945 45 3 —
550 1925 105 32 under
676 1924 202 37 hänvisning
899 1923 54 32 till
976 1935 40 20 en
1039 1923 56 31 vid
1119 1922 222 32 innevarande
1364 1921 140 37 riksdag
1526 1919 111 38 väckt,

132 1977 54 31 till
211 1976 166 32 utskottet
401 1975 163 32 hänvisad
588 1975 123 31 motion
737 1974 54 32 IT:
819 1975 41 31 38
885 1973 172 38 angående
1081 1972 159 39 åtgärder
1265 1972 55 31 för
1344 1969 294 39 åvägabringande

131 2040 41 20 av
194 2026 203 33 intensivare
420 2025 187 38 skogsvård
628 2025 12 31 i
662 2024 170 32 Norrland
854 2043 45 3 —
921 2022 219 38 framhållits,
1163 2024 51 30 att
1236 2024 48 29 ett
1306 2021 102 32 bifall
1430 2020 54 32 till
1508 2019 127 38 Kungl.

133 2077 118 38 Maj:ts
274 2076 233 38 föreliggande
527 2075 206 39 proposition
754 2074 109 32 skulle
884 2073 150 32 medföra
1057 2072 208 38 svårigheter
1284 2071 58 32 vid
1361 2070 215 39 uppgörande
1597 2081 41 20 av

134 2128 60 32 den
218 2127 217 38 generalplan
458 2127 54 31 för
533 2125 237 39 skogsvården,
794 2136 69 20 som
886 2124 201 37 ifrågasatts
1109 2123 11 32 i
1141 2122 124 32 motion
1287 2122 54 31 II:
1366 2122 52 31 38.
1463 2120 68 32 Till
1554 2121 83 31 före-

132 2177 197 32 kommande
350 2177 105 31 härav
476 2176 141 32 föreslås
637 2176 12 31 i
670 2175 164 32 motionen
856 2174 53 32 II:
932 2175 75 35 119,
1028 2177 53 28 att
1101 2173 168 32 Norrland
1292 2176 86 28 samt
1400 2171 238 38 Kopparbergs

134 2227 58 32 och
215 2227 204 32 Värmlands
440 2227 55 31 län
517 2226 79 32 böra
616 2225 210 37 undantagas
849 2225 76 31 från
948 2224 256 37 tillämpningen
1226 2234 42 20 av
1290 2222 55 32 det
1365 2222 56 31 vid
1444 2221 194 38 propositio-

134 2290 61 19 nen
218 2277 123 38 fogade
364 2276 164 38 förslaget
549 2276 53 31 till
624 2274 210 38 kungörelse.

177 2376 156 32 Rörande
360 2376 53 32 det
438 2376 12 31 i
476 2375 164 32 motionen
669 2373 214 32 framställda
910 2372 165 37 förslaget
1102 2375 51 28 att
1177 2371 11 31 i
1217 2371 99 37 fråga
1344 2383 51 19 om
1424 2370 216 32 förevarande

133 2424 412 34 understödsverksamhet
566 2423 194 37 undantaga
781 2422 169 32 Norrland
972 2421 102 38 jämte
1097 2420 240 39 Kopparbergs
1357 2420 60 32 och
1439 2419 201 33 Värmlands

133 2476 54 32 län
209 2475 66 32 kan
299 2474 163 37 utskotget
483 2473 74 32 icke
579 2473 74 32 dela
675 2473 222 31 motionärens
921 2471 223 38 uppfattning
1166 2474 52 28 att
1240 2475 48 28 ett
1309 2470 99 31 bifall
1431 2470 53 31 til
1510 2469 127 38 Kungl.

1700 1877 99 24 Motion

1694 1911 33 23 11:
1747 1908 58 26 419.

1683 2374 149 28 Utskottet.

1862 2388 9 7 .
