2207 2676
400 194 41 31 26
628 192 118 31 Andra
770 191 216 30 kammarens
1010 187 126 43 fjärde
1160 188 171 40 tillfälliga
1353 188 143 30 utskotts
1518 186 173 32 utlåtande
1715 186 51 31 Nr
1789 188 52 29 10.

398 275 70 37 das,
504 272 104 35 varda
631 271 219 43 tillgängliga.
898 271 66 31 För
992 269 119 33 sådant
1135 268 158 33 ändamål
1316 268 107 32 skulle
1448 267 104 43 enligt
1575 267 161 42 förslaget
1758 278 122 32 genom
1905 267 82 32 kun-

399 319 128 42 görelse
562 318 160 42 sakägare
759 316 162 33 anmodas
957 318 48 30 att
1038 315 115 43 ingiva
1188 314 159 32 anmälan
1376 325 55 21 om
1459 312 173 44 befintliga
1654 312 331 43 kungsådre-domar.

400 366 72 33 Och
496 365 259 32 kommittéerna
780 363 87 32 hava
891 362 109 32 direkt
1023 360 119 33 uttalat
1166 359 72 42 (sid.
1264 359 76 44 529)
1365 363 47 29 att
1435 359 49 33 till
1508 359 160 42 sakägare
1692 359 10 31 i
1720 358 91 33 detta
1823 369 165 22 samman-

399 412 92 42 hang
527 410 100 32 också
660 409 161 32 hänföras
857 406 251 34 vederbörande
1142 406 238 42 myndigheter
1403 407 20 30 å
1447 405 55 32 det
1525 404 188 32 allmännas
1739 409 138 38 vägnar.
1923 404 66 32 För

400 456 298 44 myndigheternas
723 454 144 42 räkning
891 453 86 32 hade
1001 463 80 21 man
1104 452 96 32 tänkt
1224 452 50 42 sig
1299 462 41 21 en
1357 450 190 43 utredning,
1566 461 73 21 som
1651 449 86 33 dock
1749 450 73 32 icke
1835 449 154 33 behövde

398 502 46 33 bli
474 501 58 33 allt
558 503 54 31 för
635 499 218 39 omfattande,
879 504 80 27 enär
983 498 40 32 de
1047 497 208 42 vattendrag,
1282 508 72 21 som
1378 496 78 32 med
1480 495 127 33 visshet
1629 495 139 43 inginge
1791 495 109 33 under
1923 495 66 32 den

398 550 44 41 på
477 546 286 42 vattenmängden
799 544 173 43 grundade
1008 543 266 42 förteckningen,
1304 542 74 32 icke
1402 541 152 33 behövde
1578 544 94 39 tagas
1697 541 86 32 med.
1831 541 53 32 En
1909 543 80 29 mot-

400 592 164 34 svarande
599 591 182 41 utredning
816 602 47 20 nu
898 591 53 30 får
985 590 39 40 ju
1059 592 103 28 större
1186 588 215 41 omfattning,
1427 589 110 30 såsom
1562 586 166 33 avseende
1753 592 86 26 även
1862 590 127 29 vatten-

399 638 84 43 drag
507 648 42 22 av
574 635 209 34 sistnämnda
808 635 80 42 slag.
937 635 73 31 Den
1034 633 87 32 hade
1145 632 184 33 emellertid
1352 631 64 33 full
1440 631 221 43 användning
1684 632 54 31 för
1761 630 56 33 det
1833 630 158 33 ändamål

400 683 258 33 kommittéerna
692 682 96 31 tänkt
823 681 50 41 sig
909 680 62 32 och
1005 678 151 34 behövde
1192 678 118 32 endast
1333 677 238 43 kompletteras
1595 676 78 33 med
1697 677 41 31 de
1763 676 126 40 domar,
1916 687 73 21 som

399 727 185 33 meddelats
609 727 84 31 efter
717 726 55 32 det
795 725 65 32 den
885 724 181 41 utredning
1090 723 200 39 verkställts,
1314 725 106 39 varpå
1443 722 258 41 förteckningen
1716 721 173 42 grundats.
1937 721 53 31 En

399 772 182 43 utredning
617 771 141 33 rörande
793 770 76 43 laga
904 770 208 32 kraftvunna
1144 768 117 32 domar
1296 767 175 42 angående
1505 766 254 42 befintligheten
1795 766 79 32 eller
1904 765 85 33 icke-

399 818 254 42 befintligheten
688 828 43 21 av
766 816 193 42 kungsådra
994 815 62 32 har
1083 814 143 42 givetvis
1250 814 101 31 också
1374 812 171 43 betydelse
1569 813 53 31 för
1645 811 279 42 tillvaratagande
1948 822 43 22 av

399 864 56 32 det
490 863 187 33 allmännas
713 865 65 28 rätt
811 861 12 32 i
857 859 279 34 förekommande
1171 857 231 34 rättsärenden
1437 858 63 32 och
1535 858 54 31 för
1612 857 65 32 den
1701 856 172 33 allmänna
1897 859 92 29 rätts-

400 909 207 33 säkerheten.

488 955 54 31 En
576 953 182 41 utredning
786 952 53 32 för
866 950 212 33 insamlande
1102 960 42 23 av
1168 949 177 33 bevismedel
1368 950 53 31 för
1445 947 79 33 eller
1547 950 71 30 mot
1640 947 211 42 kungsådras
1875 946 115 33 befint-

399 1000 106 42 lighet
528 999 11 32 i
562 997 243 42 vattendragen
830 1001 36 27 är
889 997 53 31 för
965 995 169 43 prövning
1158 1006 42 21 av
1224 997 46 29 ett
1293 993 316 42 vattenlagsförslag
1631 993 12 31 i
1656 991 335 34 överensstämmelse

400 1046 78 32 med
513 1045 40 32 de
589 1043 220 44 grundlinjer,
846 1053 72 21 som
953 1041 140 42 angivas
1127 1040 12 32 i
1166 1041 83 31 1910
1273 1042 53 30 års
1350 1039 134 42 förslag,
1509 1038 73 33 icke
1606 1037 167 43 behövlig.
1820 1037 54 32 En
1897 1037 94 43 dylik

399 1091 183 41 utredning
616 1088 112 33 hållen
763 1089 93 31 inom
889 1086 169 33 måttfulla
1093 1091 138 37 gränser
1263 1091 37 26 är
1335 1084 184 33 emellertid
1554 1088 86 29 även
1669 1083 65 32 den
1758 1094 43 22 av
1824 1093 90 32 gagn
1937 1083 54 32 för

399 1134 212 35 bedömande
635 1145 43 22 av
702 1134 55 32 det
780 1133 187 32 allmännas
992 1132 62 32 och
1079 1130 257 42 strandägarnes
1361 1133 65 29 rätt
1448 1130 11 31 i
1483 1128 252 43 vattendragen.
1783 1128 66 32 För
1865 1130 48 30 att
1925 1127 66 32 den

401 1181 85 32 skall
509 1180 153 31 medföra
685 1182 108 29 avsett
816 1189 99 31 gagn,
940 1180 106 29 måste
1070 1176 65 32 den
1159 1176 85 32 dock
1268 1175 105 41 enligt
1395 1175 72 31 min
1491 1174 139 41 mening
1643 1174 208 41 organiseras
1864 1175 37 30 så
1913 1172 79 33 med

401 1225 167 33 avseende
592 1226 19 30 å
635 1223 190 43 arbetsplan
850 1223 62 32 och
937 1222 247 38 arbetskrafter,
1209 1223 48 30 att
1281 1220 64 32 den
1369 1218 246 44 jämförelsevis
1640 1222 92 29 snart
1747 1219 68 31 kan
1828 1217 163 33 framvisa

401 1271 146 32 resultat.
595 1270 104 32 Söker
734 1269 65 32 den
822 1269 118 31 famna
964 1272 80 28 över
1066 1268 53 31 för
1142 1265 173 43 vidlyftigt
1337 1264 162 40 material,
1525 1264 79 32 eller
1627 1267 101 29 sättes
1752 1263 65 32 den
1840 1263 12 32 i
1875 1263 117 33 verket

401 1316 78 32 med
515 1314 219 42 otillräckliga
769 1313 247 39 arbetskrafter,
1053 1312 153 31 kommer
1241 1310 65 32 den
1330 1310 210 42 väsentligen
1564 1312 48 29 att
1635 1309 98 32 rinna
1756 1311 38 29 ut
1816 1308 11 32 i
1852 1307 138 33 sanden.

401 1361 118 32 Direkt
543 1359 145 42 skadligt
712 1358 106 33 skulle
843 1358 64 32 den
932 1358 112 38 verka,
1070 1368 55 21 om
1149 1356 75 32 dess
1250 1355 181 33 eventuellt
1454 1353 232 34 ofullbordade
1711 1354 94 32 skick
1817 1353 58 33 vid
1888 1353 102 39 tiden,

401 1406 44 33 då
479 1403 484 42 vattenrätts-lagstiftningens
1004 1401 250 33 reformerande
1294 1400 85 33 skall
1418 1399 189 42 föreläggas
1642 1398 205 43 Riksdagen,
1884 1397 107 33 skulle

401 1455 94 38 tagas
519 1450 50 32 till
592 1450 109 31 intäkt
724 1451 54 30 för
800 1447 299 43 undanskjutande
1123 1458 43 21 av
1190 1446 111 32 denna
1325 1446 128 41 viktiga
1477 1444 338 43 lagstiftningsfråga.

509 1521 215 42 Vänersborg
749 1520 65 32 den
841 1523 39 29 19
904 1519 150 33 februari
1082 1520 92 30 1913.

1559 1579 95 41 Hugo
1677 1589 60 21 von
1761 1577 123 43 Sydow.
