2209 2671
412 162 40 33 10
598 163 119 31 Andra
740 162 217 31 kaommarens
980 157 128 44 fjärde
1133 159 173 40 tillfälliga
1328 158 141 31 utskotts
1492 156 169 33 utlåtande
1684 155 52 32 Nr
1760 156 51 31 10.

414 246 118 35 ehuru
575 245 72 36 den
682 243 160 49 givetvis
870 242 83 37 icke
983 243 75 35 kan
1088 242 139 36 erhålla
1255 240 163 48 rättsligt
1445 239 245 37 förbindande
1718 237 188 44 karaktär,
1937 236 69 36 och

415 300 127 37 oaktat
583 300 73 36 den
697 300 105 36 torde
843 298 149 37 komma
1035 299 54 34 att
1130 297 116 36 kräva
1275 298 53 34 ett
1357 294 241 50 synnerligen
1626 293 212 51 betydande
1868 291 135 45 arbete,

414 355 120 37 skulle
574 354 100 37 bliva
718 367 44 24 av
806 355 39 35 så
885 357 76 32 stor
1004 352 82 37 vikt
1117 351 57 37 för
1201 351 231 37 bedömande
1463 362 46 25 av
1537 349 222 36 hithörande
1786 347 135 48 frågor,
1952 348 55 34 att

414 410 73 36 den
515 410 85 35 med
630 410 62 35 det
720 411 166 33 snaraste
915 408 66 35 bör
1009 407 148 35 komma
1186 406 59 36 till
1273 406 119 36 stånd.

521 463 284 48 Omfattningen
834 463 68 35 och
930 461 320 49 planläggningen
1280 473 45 24 av
1355 461 122 35 denna
1505 457 282 47 undersökning
1806 456 67 36 bör
1893 455 113 48 givet-

412 519 57 37 vis
511 518 101 38 bliva
653 518 153 36 föremål
833 517 56 36 för
917 522 169 31 närmare
1114 515 212 48 utredning.
1384 514 142 36 Därvid
1554 513 77 45 bör,
1663 511 117 48 enligt
1807 510 201 37 utskottets

413 573 164 48 mening,
606 572 188 49 iakttagas
824 572 78 36 dels
928 574 54 33 att
1010 583 47 23 en
1087 570 174 36 blivande
1290 568 282 47 undersökning
1596 567 134 36 ordnas
1745 568 47 46 på
1808 568 53 33 ett
1877 565 133 36 sådant

414 631 84 42 sätt,
543 631 54 33 att
640 628 72 35 den
751 627 72 36 blir
856 626 219 47 tillräckligt
1108 625 176 47 grundlig
1313 625 68 35 och
1409 623 266 43 uttömmande,
1707 622 78 35 dels
1815 620 112 36 också
1955 622 55 33 att

415 684 73 34 den
532 682 192 46 samtidigt
765 681 118 35 hålles
924 681 99 34 inom
1066 679 147 46 rimliga
1242 684 153 41 gränser
1424 678 68 35 och
1521 677 31 48 ej
1585 677 183 35 anordnas
1799 677 50 41 så,
1881 677 54 33 att
1963 686 47 23 en

413 736 175 36 blivande
632 733 459 47 vattenrättslagstiftning
1133 745 133 34 genom
1310 733 214 34 densamma
1567 729 153 47 onödigt
1747 727 193 49 fördröjes.
1990 727 20 35 I

415 791 102 36 detta
564 787 270 49 sammanhang
876 788 65 37 vill
982 788 183 36 utskottet
1204 792 94 32 även
1339 786 147 41 betona,
1530 784 73 37 vad
1639 783 111 37 också
1779 782 231 37 motionären

415 845 214 44 framhållit,
674 844 190 46 nämligen
907 845 54 33 att
997 842 229 47 Riksdagen,
1256 846 68 30 när
1352 842 72 34 den
1453 839 97 36 skall
1577 838 57 36 till
1661 837 231 46 behandling
1920 848 89 35 upp-

413 903 90 43 taga
532 897 398 48 vattenrättsfrågorna
960 897 68 35 och
1049 896 130 36 därvid
1199 901 94 31 även
1308 893 412 48 kungsådreinstitutet,
1741 892 104 35 torde
1861 891 149 35 komma

416 957 54 32 att
500 954 117 34 erfara
645 956 53 32 ett
727 952 199 47 oavvisligt
953 951 121 36 behov
1103 963 45 24 av
1178 953 53 33 att
1260 955 70 42 äga
1358 948 214 46 tillförlitlig
1592 946 163 37 översikt
1770 951 87 31 över
1871 945 137 46 kungs-

417 1009 134 35 ådrans
595 1006 204 37 förekomst
838 1005 14 37 i
889 1006 146 35 landets
1064 1005 233 47 vattendrag.
1354 1004 134 36 Denna
1518 1000 275 48 omständighet
1819 1002 110 45 utgör
1958 1001 49 33 så-

415 1063 127 44 lunda,
584 1062 116 46 enligt
741 1060 202 37 utskottets
985 1059 162 48 mening,
1180 1062 53 33 ett
1261 1058 119 37 starkt
1409 1058 82 36 stöd
1518 1058 57 35 för
1604 1057 72 35 den
1705 1068 45 24 av
1779 1054 231 37 motionären

415 1117 166 48 begärda
610 1115 262 48 utredningen.

522 1171 54 34 På
605 1171 122 45 grund
757 1183 46 22 av
832 1170 72 35 vad
933 1169 156 35 sålunda
1118 1167 138 36 anförts
1285 1167 57 35 får
1370 1167 183 35 utskottet
1579 1164 206 44 hemställa,

949 1278 54 34 att
1044 1275 131 36 Andra
1208 1274 217 36 kammaren
1453 1276 113 34 måtte
1593 1273 57 36 för
1678 1271 58 37 sin
1765 1272 59 35 del
1851 1270 157 43 besluta,

842 1333 53 33 att
937 1330 219 46 Riksdagen
1191 1329 89 37 ville
1307 1329 15 35 i
1350 1329 179 35 skrivelse
1556 1327 58 36 till
1641 1326 141 47 Kungl.
1812 1324 110 47 Maj:t
1950 1336 61 23 an-

841 1385 111 43 hålla,
980 1385 63 34 det
1070 1382 141 47 Kungl.
1242 1383 110 48 Maj:t
1379 1382 144 36 täcktes
1552 1382 75 35 låta
1655 1379 203 38 verkställa
1887 1391 47 22 en
1956 1381 54 32 ut-

841 1438 161 47 redning
1045 1438 193 46 angående
1281 1436 252 37 förekomsten
1562 1448 46 24 av
1637 1434 214 47 kungsådra
1879 1431 57 37 uti
1966 1432 44 35 de

843 1492 160 37 svenska
1046 1491 272 47 vattendragen
1355 1493 94 33 samt
1476 1490 56 36 för
1559 1489 218 47 Riksdagen
1805 1486 206 47 framlägga

840 1547 206 35 resultaten
1076 1558 45 24 av
1151 1546 224 34 densamma.

524 1646 212 36 Stockholm
762 1646 72 35 den
867 1647 44 33 11
944 1644 94 48 april
1070 1646 111 33 1913.

978 1753 52 34 På
1058 1752 201 35 utskottets
1289 1756 152 42 vägnar:

1007 1860 61 36 W.
1099 1851 320 44 BÄCKSTRÖM.

526 2013 18 32 I
578 2012 223 33 förevarande
837 2011 140 33 ärendes
1008 2010 275 42 slutbehandling
1306 2011 90 32 hava
1418 2010 94 42 inom
1534 2009 162 32 utskottet
1718 2007 151 42 deltagit:
1895 2006 117 32 herrar

422 2058 208 39 Bäckström,
657 2056 195 34 Andersson
875 2056 12 33 i
910 2055 203 43 Hägelåkra,
1138 2055 141 40 Leksell,
1306 2055 120 33 Olsson
1449 2055 12 32 i
1484 2055 101 39 Åsen,
1610 2053 195 33 Henrikson
1828 2052 12 32 i
1863 2050 146 43 Heberg,

417 2104 154 42 Sjöberg,
596 2102 187 40 Westlund,
808 2102 221 39 Lithander,!)
1053 2101 136 32 Nilsson
1211 2101 12 31 i
1246 2100 229 33 Kristianstad
1498 2100 63 32 och
1584 2099 179 41 Lindqvist
1786 2098 12 31 i
1820 2097 118 32 Kosta.

528 2183 20 35 1)
567 2186 64 24 Icke
650 2185 123 24 närvarit
791 2185 48 24 vid
859 2184 172 25 utlåtandets
1050 2183 145 31 justering.
