1922 2790
448 150 120 28 Andra
587 148 246 39 lagutskottets
852 148 178 29 utlåtande
1049 156 42 20 nr
1108 148 20 28 9
1145 147 39 29 år
1203 147 83 29 1960
1605 145 15 30 1

835 441 111 40 Nr
916 437 32 55 9

346 545 184 30 Utlåtande
554 544 11 30 i
585 543 189 40 anledning
795 553 42 20 av
870 543 106 30 dels
1008 542 127 40 Kungl.
1157 541 124 40 Maj:ts
1303 540 218 41 proposition
1544 540 80 29 med

562 594 134 40 förslag
719 594 52 31 till
791 593 208 42 förordning
1022 602 55 21 om
1101 592 136 32 ändrad
1260 592 127 40 lydelse
1410 600 42 20 av
1475 591 19 30 3
1517 590 21 37 $
1560 590 63 29 lot-

565 644 317 40 teriförordningen
911 644 66 29 den
1008 644 40 29 19
1075 643 75 39 maj
1178 643 84 29 1939
1293 642 60 35 (nr
1379 640 98 39 207),
1515 640 106 31 dels

564 695 87 30 ock
682 695 11 30 i
712 695 120 29 ämnet
853 694 102 31 väckt
975 693 145 30 motion.

168 799 130 29 Genom
327 806 42 21 en
396 797 69 30 den
493 797 42 30 29
563 796 141 40 januari
736 795 83 31 1960
849 794 219 40 dagtecknad
1096 793 228 41 proposition,
1353 802 42 20 nr
1423 792 52 35 43,
1504 792 117 29 vilken

124 848 182 30 hänvisats
329 848 53 29 till
406 847 194 40 lagutskott
624 846 64 30 och
711 845 208 30 behandlats
945 854 42 20 av
1011 844 110 30 andra
1145 844 238 39 lagutskottet,
1408 843 64 29 har
1497 842 127 40 Kungl.

123 899 115 39 Maj:t,
262 898 113 30 under
395 897 223 40 åberopande
639 906 42 20 av
702 895 265 41 propositionen
989 895 108 39 bilagt
1120 894 126 39 utdrag
1268 903 43 20 av
1334 892 290 40 statsrådsproto-

123 949 108 30 kollet
256 950 80 29 över
361 947 314 34 handelsärenden,
703 946 179 39 föreslagit
908 945 190 39 riksdagen
1123 946 51 28 att
1200 946 127 37 antaga
1353 943 158 40 följande

807 1049 146 43 Förslag

847 1121 53 30 till

766 1201 220 42 Förordning

411 1291 61 22 om
498 1279 136 33 ändrad
654 1278 130 43 lydelse
806 1289 45 21 av
872 1278 22 32 3
918 1277 22 43 8
962 1276 369 41 lotteriförordningen

605 1338 68 32 den
696 1337 43 33 19
760 1337 74 43 maj
861 1336 88 33 1939
973 1335 64 44 (nr
1059 1334 89 44 207)

169 1428 211 39 Härigenom
401 1426 198 35 förordnas,
621 1428 50 28 att
694 1425 18 30 3
736 1425 15 37 $
774 1424 370 39 lotteriförordningen
1168 1424 66 30 den
1258 1422 39 30 19
1319 1424 70 39 maj
1416 1422 99 29 1939!
1538 1421 89 30 skall

124 1470 133 30 erhålla
275 1469 133 30 ändrad
426 1468 132 40 lydelse
575 1467 45 40 på
640 1468 68 29 sätt
726 1467 116 29 nedan
861 1466 151 40 angives.

288 1552 226 38 (Nuvarande
543 1551 148 40 lydelse)

451 1629 18 30 3
496 1628 29 38 8.

167 1688 143 34 Lotteri,
339 1688 76 30 däri
442 1688 164 33 insatser,
635 1696 56 20 om
721 1686 133 30 sådana

124 1731 149 36 fordras,
292 1730 65 30 och
374 1730 133 30 vinster
526 1730 59 29 äro
604 1729 52 30 till
675 1730 95 30 antal
789 1728 65 30 och

124 1774 131 30 storlek
299 1772 183 31 bestämda
526 1771 107 40 enligt
678 1770 176 40 uppgjord

125 1816 93 39 plan,
235 1815 68 34 må,
321 1815 119 30 oaktat
457 1815 42 29 de
514 1814 13 29 i
544 1815 18 29 2
582 1814 16 36 8
618 1813 150 40 angivna
785 1813 71 29 för-

125 1857 285 39 utsättningarna
434 1857 77 29 icke
538 1858 60 28 äro
623 1855 55 30 för
702 1854 152 34 handen,

125 1899 176 30 anordnas

170 1941 36 33 a)
236 1941 88 30 efter
352 1940 166 30 anmälan
545 1958 45 3 -—-
617 1957 44 3 —
686 1956 45 4 —
761 1938 12 30 3
793 1938 62 29 000

126 1984 146 35 kronor;

170 2025 37 34 b)
228 2025 13 30 i
258 2033 118 21 annan
392 2026 54 28 ort
464 2024 44 29 än
527 2023 221 31 Stockholms
767 2022 88 34 stad,

125 2067 90 30 efter
247 2066 159 31 tillstånd
439 2075 42 21 av
513 2064 342 41 polismyndigheten

126 2109 112 30 under
257 2108 254 39 förutsättning

171 2153 50 28 att
249 2150 151 30 lotteriet
429 2149 177 31 anordnas
635 2149 52 29 till
716 2148 140 30 förmån

127 2193 55 30 för
212 2192 220 39 välgörande,
466 2191 184 30 kulturellt
681 2191 83 29 eller
797 2190 60 29 all-

125 2234 213 39 männyttigt
356 2233 163 30 ändamål
537 2233 83 30 eller
638 2232 52 29 till
706 2232 150 30 svenska

126 2276 247 30 konstidkares
421 2274 193 30 understöd
659 2274 64 29 och
772 2282 85 30 upp-

127 2320 178 34 muntran,

172 2403 50 28 att
242 2401 151 30 lotteriet
413 2400 159 30 bedrives
594 2399 147 30 allenast
760 2399 97 29 inom

170 2464 7 13 1
197 2464 113 23 Senaste
328 2462 113 29 lydelse,
461 2468 27 17 se
508 2461 77 24 1959:
598 2461 60 24 162.

1064 1549 225 39 (Föreslagen
1309 1547 147 41 lydelse)

1223 1625 19 30 3
1268 1624 27 37 8.

940 1685 142 35 Lotteri,
1112 1684 76 30 däri
1215 1684 161 33 insatser,
1406 1692 57 20 om
1494 1682 132 30 sådana

896 1727 151 34 fordras,
1065 1726 65 30 och
1147 1726 132 30 vinster
1298 1726 59 29 äro
1374 1725 53 30 till
1446 1724 96 30 antal
1561 1723 65 30 och

897 1769 130 30 storlek
1072 1768 182 31 bestämda
1298 1767 107 39 enligt
1450 1765 176 40 uppgjord

896 1812 94 39 plan,
1020 1811 68 34 må,
1118 1811 120 30 oaktat
1266 1810 42 30 de
1336 1810 13 29 i
1378 1810 18 30 2
1428 1809 16 37 8
1476 1808 151 40 angivna

897 1853 343 39 förutsättningarna
1266 1852 77 29 icke
1371 1852 59 29 äro
1459 1851 55 29 för
1540 1850 87 29 han-

897 1896 77 36 den,
996 1895 177 29 anordnas

942 1937 36 33 a)
1008 1936 88 31 efter
1125 1936 164 30 anmälan
1316 1954 45 3 —
1388 1953 44 3 —
1457 1952 45 4 —
1533 1934 15 30 3
1565 1933 62 30 000

898 1979 145 36 kronor;

942 2021 38 34 b)
1002 2021 11 29 i
1030 2029 119 21 annan
1165 2022 54 27 ort
1237 2021 44 29 än
1299 2018 221 32 Stockholms
1539 2017 87 34 stad,

898 2063 89 30 efter
1019 2062 160 30 tillstånd
1212 2071 42 21 av
1286 2060 342 40 polismyndigheten

898 2105 112 30 under
1033 2104 252 38 förutsättning

943 2149 50 28 att
1022 2146 151 30 lotteriet
1202 2145 176 30 anordnas
1405 2144 53 30 till
1488 2143 140 30 förmån

899 2189 55 29 för
985 2188 221 39 välgörande,
1238 2187 183 30 kulturellt
1452 2186 84 29 eller
1568 2185 60 30 all-

898 2230 213 39 männyttigt
1139 2229 163 30 ändamål
1330 2229 83 29 eller
1439 2227 57 39 för
1522 2227 108 39 parti-

898 2272 143 39 politisk
1069 2271 221 30 verksamhet
1316 2270 82 30 eller
1425 2269 53 29 till
1504 2269 126 29 under-

899 2314 79 29 stöd
1017 2313 65 30 och
1124 2314 239 38 uppmuntran
1404 2311 35 30 åt
1479 2310 150 30 svenska

900 2355 239 36 konstidkare,

945 2399 49 28 att
1015 2397 151 30 lotteriet
1186 2396 158 30 bedrives
1365 2395 148 30 allenast
1533 2394 96 29 inom

161 2511 13 25 1
206 2502 7 42 =
221 2510 111 30 Bihang
344 2509 47 24 till
401 2509 171 30 riksdagens
583 2507 148 32 protokoll
743 2508 76 24 1960.
839 2508 15 23 9
865 2507 83 24 saml.
969 2507 15 23 2
995 2506 64 24 avd.
1079 2506 40 23 Nr
1136 2506 15 23 9
