2198 2679
703 195 239 33 Statsutskoltets
965 197 166 32 Memorial
1159 197 62 32 N:o
1243 200 47 29 66.
1754 200 39 30 17

952 334 19 40 8
995 334 47 30 51.

328 414 68 31 Blir
431 415 200 41 Fullmäktig
654 416 147 32 ledamot
835 417 35 31 af
901 416 191 34 Statsrådet
1121 418 82 32 eller
1230 418 147 32 kommer
1399 419 9 30 i
1433 418 64 33 den
1521 419 205 41 författning,
1751 424 46 28 att

195 465 75 37 han,
289 465 131 40 jemlikt
444 467 102 39 något
574 466 34 32 af
628 478 96 20 mom.
751 478 29 28 a,
804 468 31 38 b,
865 479 27 27 c,
917 468 18 30 d
960 469 58 31 och
1045 480 16 20 e
1086 470 47 30 uti
1156 472 38 28 26
1222 469 15 40 $
1264 469 363 41 Riksdagsordningen,
1649 471 73 31 icke
1746 473 52 29 må

196 518 108 29 såsom
327 516 230 41 riksdagsman
592 517 204 41 godkännas,
830 518 83 32 skall
941 519 66 32 han
1031 523 119 37 genast
1166 518 179 43 frånträda
1360 519 439 44 fullmäktigs-befattningen,

196 566 62 32 och
283 567 179 41 suppleant
484 568 133 33 inträda
640 570 9 30 i
673 569 83 32 hans
782 570 106 32 ställe.

951 709 19 39 8
992 710 50 29 52.

656 806 57 43 (Se
738 808 59 31 här
820 808 107 33 nedan
951 809 105 32 under
1078 810 146 41 punkten
1248 811 56 36 II).

952 947 19 40 8
994 948 49 30 53.

333 1043 221 43 Fullmäktige
578 1049 75 28 utse
681 1046 87 32 inom
798 1047 50 40 sig
873 1048 53 31 två
948 1046 207 42 Deputerade,
1180 1049 111 32 hvilka
1313 1049 104 41 väljas
1442 1049 53 32 vid
1520 1050 101 32 slutet
1641 1050 35 32 af
1686 1051 112 42 hvarje

198 1095 146 40 qvartal;
375 1095 62 32 och
467 1096 195 33 verkställas
687 1097 145 33 berörda
855 1099 62 39 val,
941 1099 115 40 dervid
1079 1099 88 33 förut
1191 1100 140 32 varande
1357 1101 213 40 Deputerade
1598 1101 111 33 kunna
1732 1113 67 21 om-

197 1145 115 42 väljas,
337 1147 43 40 på
404 1149 67 30 sätt
494 1149 78 30 sista
595 1148 146 41 punkten
767 1149 35 32 af
821 1151 17 41 8
865 1151 40 31 00
928 1150 190 33 innehåller.

330 1197 51 32 En
410 1197 35 33 af
479 1198 99 33 dessa
614 1200 213 41 Deputerade
863 1201 128 32 utöfvar
1025 1206 167 29 närmaste
1226 1203 109 41 tillsyn
1367 1202 90 33 öfver
1485 1203 57 32 det
1570 1206 75 37 sätt,
1676 1204 123 42 hvarpå

197 1247 269 42 tjenstemännen
502 1249 142 42 fullgöra
675 1251 73 32 sina
771 1251 209 42 åligganden,
1009 1253 62 32 och
1096 1254 116 40 tillser,
1237 1257 48 29 att
1307 1253 236 42 Fullmäktiges
1567 1255 110 32 beslut
1699 1256 101 32 varda

196 1299 10 31 i
235 1299 139 41 behörig
411 1299 48 33 tid
489 1301 62 32 och
576 1301 137 41 ordning
737 1303 198 32 verkstälda.
980 1304 72 32 Han
1077 1315 77 30 eger
1176 1309 48 28 att
1246 1305 106 32 under
1374 1305 92 32 tiden
1489 1306 122 32 mellan
1634 1306 165 33 Fullmäk-

196 1351 86 40 tiges
307 1352 267 32 sammanträden
597 1353 155 33 meddela
774 1354 123 41 nödiga
920 1355 210 33 föreskrifter
1154 1360 85 29 samt
1262 1360 47 28 att
1332 1356 49 32 för
1400 1356 184 42 sjukdoms-
1600 1358 82 31 eller
1699 1363 102 28 annat

198 1401 77 41 laga
308 1402 108 32 förfall
452 1403 81 32 eller
566 1403 52 33 för
656 1405 150 32 enskilda
833 1406 297 41 angelägenheters
1159 1408 196 41 besörjande
1379 1407 120 43 bevilja
1521 1409 278 41 tjenstemännen,

199 1452 170 33 äfvensom
393 1453 237 43 vaktbetjente,
654 1456 252 41 tjenstledighet
929 1458 106 32 under
1058 1458 100 41 högst
1184 1459 123 42 fjorton
1332 1459 113 41 dagar,
1465 1459 168 33 äfvensom
1648 1461 152 33 meddela

198 1503 170 33 föreskrift
403 1516 51 21 om
488 1506 164 41 tjenstens
687 1508 244 41 uppehållande
960 1509 85 32 intill
1068 1510 235 41 Fullmäktiges
1327 1514 96 29 nästa
1447 1511 166 32 ordinarie
1639 1523 162 22 samman-

199 1555 105 33 träde.
349 1556 75 33 Han
453 1557 131 33 utöfvar
602 1558 124 41 jemväl
748 1558 209 34 beträffande
982 1561 124 33 vården
1130 1562 34 32 af
1184 1563 181 31 Kontorets
1389 1562 228 42 värdepapper
1640 1563 57 33 det
1719 1575 81 31 upp-

200 1606 92 41 drag,
320 1607 430 44 tjenstgöringsordningen
774 1612 10 30 i
808 1611 120 32 sådant
951 1612 158 33 afseende
1133 1613 193 33 innehåller.

332 1658 15 31 I
384 1659 100 47 öfrigt
511 1660 94 33 skola
639 1661 211 41 Deputerade
889 1662 190 42 ombesörja
1106 1664 199 32 lånemedels
1328 1664 208 41 indragning,
1560 1665 178 33 verkställa
1762 1667 39 32 de

199 1707 50 32 för
284 1701 354 49 Riksgäldskontorets
669 1712 142 42 räkning
835 1713 214 41 erforderliga
1071 1715 176 33 utländska
1270 1716 149 40 liqvider,
1448 1715 150 33 anordna
1621 1717 108 32 medel
1752 1719 49 31 till

199 1759 90 32 vissa
313 1760 34 32 af
367 1760 217 42 Fullmäktige
607 1763 172 33 beslutade
805 1765 82 31 eller
912 1765 94 41 eljest
1030 1766 215 41 ovilkorligen
1272 1767 176 32 bestämda
1462 1767 247 42 utbetalningar
1728 1769 72 32 med

199 1820 100 29 mera,
335 1811 60 34 allt
429 1812 10 31 i
473 1812 344 35 öfverensstämmelse
846 1816 75 32 med
958 1816 38 31 de
1026 1816 111 33 beslut
1163 1818 63 31 och
1250 1817 215 40 föreskrifter,
1490 1829 68 21 som
1582 1819 217 42 Fullmäktige

199 1861 170 41 meddela;
406 1863 125 40 egande
561 1865 212 41 Deputerade
804 1870 48 29 att
880 1867 50 41 sig
954 1868 139 32 emellan
1122 1872 150 29 närmare
1295 1869 132 32 fördela
1451 1869 98 33 dessa
1573 1870 72 32 dem
1669 1882 132 29 gemen-

200 1916 87 29 samt
323 1914 200 33 tillhörande
559 1917 159 40 göromål.
771 1917 64 32 Vid
867 1918 112 41 hvarje
1006 1920 257 32 sammankomst
1290 1920 84 32 böra
1400 1920 214 41 Deputerade
1638 1922 164 41 redogöra

199 1963 50 32 för
287 1964 72 33 sina
393 1966 157 40 åtgärder
588 1968 106 32 under
730 1968 63 32 den
828 1968 85 33 efter
947 1969 238 43 Fullmäktiges
1214 1974 76 30 näst
1316 1971 203 42 föregående
1544 1973 259 33 sammankomst

199 2014 157 34 förflutna
377 2016 60 33 tid.

332 2067 15 32 I
369 2067 210 34 förhållande
606 2069 50 32 till
687 2069 275 35 beskaffenheten
987 2072 63 32 och
1080 2072 169 41 omfånget
1271 2073 35 33 af
1327 2073 97 33 ofvan
1448 2074 216 33 omförmälda
1683 2076 63 32 och
1763 2076 38 32 de

201 2118 106 41 öfriga
334 2119 149 41 uppdrag
519 2120 61 32 och
609 2122 154 39 göromål,
799 2133 69 21 som
897 2123 103 32 varda
1028 2123 34 33 af
1082 2124 219 42 Fullmäktige
1326 2126 34 31 åt
1382 2126 193 41 Deputerad
1599 2127 202 42 uppdragna,

201 2179 62 31 ega
285 2169 220 43 Fullmäktige
534 2171 51 32 för
607 2172 213 42 Deputerade
848 2174 183 33 bestämma
1053 2175 158 42 lämpliga
1234 2176 167 33 arfvoden.

190 2219 4 3 |
334 2222 221 41 Fullmäktige
592 2225 53 31 må
680 2234 79 23 vara
794 2225 156 40 obetaget
984 2229 58 37 att,
1072 2237 52 22 om
1158 2227 118 33 sådant
1310 2227 107 33 finnes
1451 2228 160 42 behöfligt
1635 2229 52 33 för
1709 2230 92 32 låne-

201 2272 257 41 transaktioner,
481 2277 72 29 utse
584 2274 122 33 ombud
734 2275 52 33 för
808 2276 217 34 bedrifvande
1050 2277 36 33 af
1107 2278 114 33 dervid
1245 2278 218 43 erforderliga
1485 2280 316 43 underhandlingar.

303 2342 75 32 Bih.
401 2342 49 32 till
475 2344 110 32 BRiksd.
611 2345 88 32 Prot.
724 2348 89 30 1891.
858 2350 20 29 4
900 2347 94 33 Saml.
1030 2350 18 30 1
1071 2349 76 37 Afd.
1182 2352 41 29 47
1245 2349 93 41 Häft.
1740 2352 19 30 3
