2200 2682
698 202 235 32 Statsutskolltets
955 201 166 32 Memorial
1144 201 63 32 N:o
1232 203 50 29 66.
1748 200 40 30 11

192 292 20 30 å
245 288 120 42 Kongl.
407 288 250 33 Statskontoret
693 287 167 40 anvisade,
896 288 62 37 må,
992 286 83 31 efter
1109 266 151 52 erhållna
1295 285 233 41 reqvisitioner
1566 284 63 32 och
1664 283 132 33 anstäld

193 341 203 40 granskning
429 339 35 33 af
499 339 112 33 derför
646 339 183 33 aflemnade
868 337 439 41 verifikationshandlingar,
1343 336 118 41 Kongl.
1492 335 250 33 Statskontoret
1765 334 33 33 af

194 392 340 41 Riksgäldskontoret
561 391 190 41 godtgöras.

948 468 20 38 8
992 468 52 29 22.

324 552 236 33 Kostnaderna
596 552 51 31 för
680 551 125 41 nödiga
837 550 232 42 reparationer
1105 549 62 32 och
1193 548 105 33 andra
1321 548 150 39 arbeten,
1497 548 50 32 för
1570 547 228 42 vederbörligt

194 605 176 32 underhåll
407 604 63 32 och
506 604 110 41 tillsyn
652 605 36 30 så
711 603 52 32 väl
787 602 33 33 af
844 602 63 32 den
931 602 51 32 för
1004 600 327 42 Riksgäldskontoret
1352 599 154 33 anvisade
1532 610 70 21 som
1626 599 38 32 af
1685 599 39 32 de
1748 599 50 32 för

193 656 208 40 Riksdagens
440 655 296 32 sammankomster
766 654 140 32 afsedda
922 653 96 41 fasta
1041 652 204 41 egendomar,
1270 652 169 31 äfvensom
1463 651 51 31 för
1539 651 39 31 de
1603 651 47 30 uti
1675 661 124 21 samma

194 707 205 40 egendomar
422 706 175 40 befintliga
620 706 219 31 inventariers
862 704 177 32 underhåll
1054 704 62 31 och
1131 703 264 42 komplettering,
1410 702 95 32 skola
1519 701 72 32 utaf
1605 701 194 41 Riksgälds-

195 759 172 31 kontorets
390 757 112 33 medel
524 757 179 39 bestridas,
727 758 9 30 i
760 756 106 32 likhet
889 755 75 32 med
989 756 106 32 andra
1123 756 50 31 till
1197 757 36 30 så
1256 754 132 33 kallade
1412 753 287 42 kontorsexpenser
1722 764 77 21 van-

193 810 90 41 ligen
310 809 164 32 hänförda
496 808 148 41 utgifter.

948 894 19 38 8
992 894 50 30 23.

328 980 66 31 För
421 978 259 41 komplettering
705 977 63 32 och
797 976 202 40 utvidgande
1023 977 34 31 af
1080 975 200 42 Riksdagens
1302 975 141 32 bibliotek
1466 976 85 30 samt
1579 974 135 31 dermed
1735 973 65 32 för-

198 1030 106 33 enade
329 1030 135 40 utgifter
491 1031 96 39 utgår
611 1029 72 32 från
706 1028 62 32 och
794 1028 72 32 med
890 1030 37 30 år
951 1031 76 29 1891
1056 1030 48 29 ett
1127 1027 98 41 årligt
1252 1027 117 39 anslag
1397 1026 32 31 af
1455 1028 50 29 tre
1534 1028 97 29 tusen
1654 1025 144 40 kronor;

198 1082 62 32 och
291 1082 94 32 skola
426 1081 39 32 de
503 1081 35 32 af
572 1084 79 29 1882
689 1082 51 30 års
774 1080 148 40 Riksdag
960 1078 176 33 faststälda
1165 1078 137 38 stadgar
1328 1078 52 31 för
1406 1077 208 40 Riksdagens
1638 1076 161 32 bibliotek

199 1136 84 29 samt
310 1132 202 32 instruktion
540 1132 52 31 för
616 1131 256 33 bibliotekarien
897 1131 52 31 vid
972 1130 210 41 Riksdagens
1206 1129 164 32 bibliotek
1393 1129 90 41 tjena
1497 1128 50 31 till
1562 1128 237 32 efterrättelse.

334 1184 190 40 Riksdagen
549 1183 60 32 har
632 1184 37 31 år
695 1185 80 30 1884
799 1182 162 32 beslutat:

333 1238 32 39 a)
390 1238 48 29 att
461 1234 186 33 bestämma
672 1234 186 40 aflöningen
883 1233 50 32 för
955 1232 209 41 Riksdagens
1187 1230 231 34 bibliotekarie
1441 1230 66 32 till:

299 1287 57 31 lön
1384 1282 124 32 kronor
1531 1284 106 37 2,500:
1660 1301 40 4 —

301 1338 63 32 och
388 1337 427 42 tjenstgöringspenningar
824 1364 532 10 mu...
1441 1358 14 14 »
1534 1335 102 37 -1,500:
1659 1352 42 4 —

1385 1395 125 32 kronor
1533 1398 103 36 4,000:
1659 1408 56 27 —;

302 1468 49 29 att
377 1465 98 32 lönen
500 1467 53 30 må
575 1464 122 40 kunna,
722 1465 86 32 efter
830 1464 65 32 fem
919 1466 53 30 års
996 1464 222 41 tjenstgöring
1241 1464 10 31 i
1275 1463 240 41 befattningen,
1542 1463 82 32 ökas
1648 1464 74 31 med
1742 1465 60 30 500

202 1516 138 40 kronor;

304 1570 59 35 att,
390 1578 50 21 om
466 1566 254 33 bibliotekarien
744 1567 142 31 erhåller
910 1566 38 31 fri
971 1566 122 32 bostad
1117 1566 75 32 med
1216 1566 102 40 nödig
1342 1565 180 39 vedbrand,
1549 1566 253 41 tjenstgörings-

202 1619 229 40 penningarne
456 1618 96 32 skola
575 1620 79 38 utgå
676 1618 73 31 med
775 1618 119 32 endast
918 1620 60 29 600
1005 1617 132 38 kronor,
1166 1617 86 31 dock
1277 1618 46 38 så,
1348 1620 58 35 att,
1429 1617 50 31 vid
1504 1617 117 40 afdrag
1644 1617 10 31 1
1678 1617 78 40 följd
1772 1617 34 31 af

204 1670 261 40 tjenstledighet,
490 1669 194 34 detsamma,
721 1668 75 33 med
820 1669 208 40 tillämpning
1051 1668 35 32 af
1112 1668 39 32 de
1181 1668 51 32 för
1255 1668 121 32 sådant
1398 1668 57 32 fall
1479 1668 90 40 gifna
1593 1668 209 32 bestämmel-

205 1731 64 28 ser,
303 1720 77 32 sker
414 1720 51 32 för
499 1720 77 32 hela
615 1720 159 41 beloppet
797 1720 36 31 af
856 1720 469 41 tjenstgöringspenningarne
1349 1719 73 32 från
1447 1719 324 41 aflöningsbeloppet
1793 1720 10 31 i

205 1772 76 32 dess
305 1771 129 41 helhet;

306 1826 49 28 att
388 1823 10 31 i
435 1822 94 41 fråga
564 1833 50 21 om
645 1822 440 42 tjenstgöringspenningars
1111 1822 61 31 och
1197 1822 158 40 pensions
1380 1821 193 32 erhållande
1598 1832 125 22 samma
1746 1821 57 32 be-

206 1874 211 32 stämmelser
440 1875 52 30 må
515 1873 89 41 gälla
627 1873 49 32 för
698 1873 205 41 Riksdagens
926 1872 246 39 bibliotekarie,
1197 1883 68 22 som
1289 1873 9 31 i
1322 1872 351 41 Riksgäldskontorets
1697 1873 106 40 regle-

206 1928 109 29 mente
340 1925 106 32 finnas
470 1924 48 32 för
543 1925 87 31 detta
653 1925 138 31 kontors
815 1925 199 40 tjenstemän
1040 1924 147 40 angifna;

307 1979 50 29 att
385 1975 259 33 bibliotekarien
673 1976 80 31 skall
779 1986 80 22 vara
886 1975 128 41 skyldig
1038 1975 27 42 ej
1091 1976 126 31 mindre
1243 1977 48 30 att
1315 1974 98 33 ställa
1435 1974 50 41 sig
1508 1975 49 31 till
1581 1975 221 32 efterrättelse

206 2027 155 41 gällande
391 2027 82 32 eller
497 2027 166 32 blifvande
688 2026 137 40 stadgar
846 2027 50 31 för
918 2026 209 41 Riksdagens
1152 2026 158 32 bibliotek
1328 2026 62 32 och
1409 2026 199 32 instruktion
1622 2026 51 32 för
1687 2026 118 32 biblio-

207 2078 150 32 tekarien
392 2078 52 31 vid
486 2078 209 40 Riksdagens
735 2078 163 32 bibliotek
933 2081 41 29 än
1005 2078 61 31 ock
1089 2081 79 28 utan
1196 2077 113 32 vidare
1335 2078 182 39 ersättning
1540 2078 109 31 lemna
1673 2077 56 32 det
1756 2077 47 31 bi-

208 2129 106 38 träde,
341 2140 69 21 som
435 2129 219 40 Fullmäktige
677 2129 10 31 i
711 2129 334 39 Riksgäldskontoret
1068 2129 111 31 kunna
1203 2128 37 32 af
1260 2128 121 32 honom
1404 2128 142 41 påkalla,
1565 2128 70 32 dels
1657 2129 52 31 vid
1725 2139 81 30 upp-

209 2180 155 32 rättande
401 2180 34 31 af
456 2180 194 32 alfabetiskt
674 2180 142 31 ordnadt
845 2180 204 40 sakregister
1072 2180 49 31 till
1145 2180 116 31 Rikets
1287 2179 159 32 Ständers
1469 2179 168 41 protokoll
1660 2180 76 31 med
1760 2179 46 31 bi-

210 2231 89 40 hang
322 2231 52 32 för
404 2231 93 32 tiden
521 2231 73 32 från
619 2231 64 32 och
706 2231 73 31 med
805 2233 36 30 år
872 2234 77 30 1809
974 2231 50 32 till
1049 2231 62 31 och
1135 2231 75 32 med
1235 2232 35 31 år
1297 2233 78 30 1866
1401 2230 62 32 och
1488 2230 71 33 dels
1583 2230 52 32 vid
1659 2231 148 40 göromål

210 2282 51 32 för
285 2282 353 41 Riksgäldskontorets
662 2282 156 40 räkning;
