1838 2796
462 168 120 31 Andra
608 166 245 40 lagutskottets
880 161 179 31 utlåtande
1085 169 42 20 nr
1151 159 51 29 21.
1560 151 19 29 9

89 254 124 34 kerier,
236 250 310 33 nattvaktsarbete,
568 248 70 29 viss
658 244 228 42 djurskötsel,
909 240 247 33 förberedelse-
1177 238 64 30 och
1265 230 318 41 avslutningsarbe-

91 302 59 27 ten
176 298 58 30 vid
263 295 285 32 tvåskiftsarbete
578 302 45 20 m.
652 301 57 24 m.,
738 290 119 30 vidare
887 286 162 39 telegraf-
1078 285 64 29 och
1171 280 261 32 telefonarbete,
1460 275 123 31 hotell-

92 344 125 33 arbete,
237 342 215 30 restaurant-
472 339 65 30 och
555 336 212 33 kaféarbete,
789 334 143 29 arbeten
950 331 58 29 vid
1029 329 136 40 apotek,
1187 326 164 39 sjukhus,
1372 331 85 31 gas-,
1477 316 107 44 elekt-

92 388 146 30 ricitets-
257 387 66 29 och
341 381 366 40 vattenledningsverk
727 389 30 20 o.
779 378 69 40 dyl.

138 442 52 29 En
217 439 130 39 mängd
375 435 305 41 arbetsuppgifter,
708 442 77 21 som
812 440 48 21 nu
887 430 137 29 utföras
1051 425 159 34 nattetid,
1239 425 60 29 äro
1328 421 88 31 dock
1443 419 31 39 ej
1505 416 79 32 med

95 486 162 31 säkerhet
279 486 51 28 att
347 482 151 31 hänföra
520 480 110 30 under
652 478 15 37 $
692 478 39 30 19
754 479 41 27 st.
818 476 29 29 2.
878 473 183 40 Möjlighet
1082 472 50 29 att
1152 469 133 30 erhålla
1305 467 141 39 dispens
1469 463 116 30 finnes

94 531 99 30 dock.
231 529 124 38 Regler
379 526 122 30 härför
528 523 194 31 återfinnas
749 522 11 28 i
785 521 120 38 lagens
934 519 14 36 $
977 518 52 29 20.
1068 515 116 39 Enligt
1211 512 155 31 motiven
1391 510 52 30 till
1470 508 116 30 denna

95 574 164 41 paragraf
277 572 58 31 må
353 567 446 41 arbetarskyddsstyrelsen
818 563 159 40 medgiva
994 560 180 38 undantag
1195 558 54 30 för
1269 559 50 28 att
1338 554 182 40 tillgodose
1538 553 49 28 ett

97 620 145 29 allmänt
260 618 159 32 intresse,
435 617 24 28 t.
478 624 52 20 ex.
549 613 54 30 för
622 612 136 29 försvar
775 610 65 30 och
860 605 304 39 folkförsörjning.
1182 602 130 30 Likaså
1328 601 71 29 kan
1417 598 171 40 styrelsen

96 663 169 39 medgiva,
287 663 51 28 att
359 659 195 31 nattarbete
574 657 58 30 må
651 655 160 31 bedrivas
833 653 54 30 för
908 654 50 28 att
981 649 155 31 undvika
1157 645 191 33 avsevärda
1366 642 222 41 olägenheter

98 718 41 21 av
158 707 153 34 teknisk,
331 703 207 32 ekonomisk
557 702 82 30 eller
658 699 107 31 social
785 700 115 28 natur.

143 753 12 29 I
179 752 128 38 många
328 750 61 29 fall
413 748 184 38 föreligger
618 744 175 39 svårighet
817 744 50 28 att
890 741 158 32 bedöma,
1071 736 174 32 huruvida
1267 736 49 29 ett
1339 733 115 30 arbete
1477 733 39 28 är
1539 730 51 29 att

99 797 151 31 hänföra
269 795 53 30 till
344 795 39 28 19
405 793 15 36 $
441 793 18 30 2
481 794 41 28 st.
542 791 82 30 eller
643 799 57 20 om
718 789 58 29 det
796 789 37 28 är
853 795 42 21 av
915 785 111 30 sådan
1046 784 114 33 natur,
1180 783 51 28 att
1250 779 143 39 dispens
1412 775 178 32 erfordras

102 843 52 29 för
176 843 50 28 att
250 840 119 29 utföra
390 839 56 29 det
467 835 159 32 nattetid.
649 834 66 29 Det
734 832 100 30 torde
856 831 119 29 vidare
996 828 45 41 på
1063 826 113 41 grund
1198 835 42 21 av
1263 825 68 29 den
1353 821 162 31 tekniska
1538 820 53 29 ut-

100 886 205 38 vecklingen
326 882 166 31 stundom
512 879 128 41 uppstå
661 878 73 34 fall,
755 877 46 29 då
822 878 49 28 ett
893 875 116 30 arbete
1032 871 143 39 övergår
1197 870 81 29 från
1301 870 50 28 att
1371 867 87 29 höra
1480 864 112 31 under

103 931 16 37 8
143 931 38 29 19
202 932 41 28 st.
264 929 19 29 2
304 928 52 30 till
378 929 49 28 att
444 926 93 30 bliva
556 927 48 27 ett
624 924 127 32 arbete,
773 930 75 21 som
869 920 111 29 måste
1001 918 101 39 göras
1122 916 52 30 till
1195 913 147 31 föremål
1363 912 53 29 för
1435 910 158 39 dispens-

102 975 168 31 ansökan.

145 1017 228 32 Beträffande
390 1016 92 29 vissa
501 1012 201 34 industrier,
722 1011 97 29 inom
838 1009 95 29 vilka
952 1005 279 32 treskiftsarbete
1257 1003 4 29 i
1283 1010 96 22 mera
1398 996 196 42 betydande

102 1062 245 38 utsträckning
369 1060 246 32 förekommer,
638 1056 116 30 såsom
775 1055 97 29 inom
892 1049 277 43 pappersbruks-
1190 1048 65 30 och
1275 1041 321 45 pappersmassein-

102 1108 211 33 dustrierna,
339 1105 97 30 torde
462 1104 58 29 det
545 1104 86 28 utan
654 1100 119 30 vidare
798 1107 84 21 vara
905 1098 104 32 klart,
1035 1097 51 27 att
1111 1094 132 29 arbetet
1268 1092 63 29 där
1357 1091 38 29 är
1420 1098 42 21 av
1486 1086 110 30 sådan

104 1155 103 28 natur
225 1161 77 21 som
318 1159 97 21 avses
432 1149 10 29 i
461 1148 14 37 $
496 1148 40 29 19
554 1149 41 28 st.
613 1146 29 30 2.
672 1146 99 28 Inom
789 1144 102 29 dessa
908 1139 191 32 industrier
1116 1137 98 31 torde
1232 1145 84 21 man
1334 1134 123 31 endast
1475 1132 122 29 kunna

104 1198 130 40 utpeka
273 1196 94 30 vissa
407 1193 137 30 mindre
584 1190 158 39 detaljer,
784 1197 76 21 som
900 1185 170 40 möjligen
1111 1182 112 31 skulle
1265 1181 122 29 kunna
1427 1176 170 31 hänföras

105 1242 110 31 under
235 1240 41 31 20
301 1240 28 37 3.

150 1287 12 29 I
185 1285 110 31 minst
320 1292 134 22 samma
477 1279 245 39 utsträckning
748 1287 76 21 som
850 1273 223 33 beträffande
1098 1280 166 33 pappers-
1289 1270 65 29 och
1380 1264 220 33 massaindu-

107 1332 149 30 strierna
274 1329 107 40 gäller
398 1328 96 29 inom
513 1326 67 30 den
599 1327 107 36 tunga
723 1321 160 32 kemiska
902 1318 190 34 industrin,
1110 1312 302 35 kvarnindustrin,
1430 1311 94 31 vissa
1544 1318 56 20 av-

107 1375 182 39 delningar
315 1383 42 20 av
382 1370 253 41 glasindustrin
659 1369 65 29 och
750 1360 495 46 byggnadsämnesindustrin,
1273 1361 50 27 att
1349 1358 57 29 det
1433 1358 38 28 är
1497 1352 104 41 prak-

107 1421 86 30 tiskt
216 1420 94 38 taget
333 1417 166 30 uteslutet
521 1417 51 27 att
593 1422 61 21 ens
675 1412 79 30 med
779 1410 139 40 mycket
941 1405 219 32 omfattande
1182 1402 243 41 omplanering
1449 1410 42 20 av
1512 1399 89 29 före-

108 1468 102 36 tagen
233 1464 66 29 och
324 1462 106 29 därav
454 1459 157 39 följande
636 1459 92 28 stora
754 1454 255 37 investeringar
1033 1452 12 28 i
1070 1450 114 39 någon
1208 1446 195 32 nämnvärd
1429 1441 173 33 utsträck-

110 1509 83 39 ning
218 1508 125 29 kunna
369 1505 124 38 övergå
522 1503 79 30 från
626 1499 280 33 treskiftsarbete
935 1497 52 30 till
1015 1494 180 31 tvåskifts-
1223 1493 83 29 eller
1334 1487 267 41 dagtidsarbete.

154 1554 12 29 I
184 1552 71 30 viss
274 1550 137 31 mindre
430 1545 244 40 utsträckning
695 1544 236 31 förekommer
951 1541 119 30 vidare
1091 1537 279 32 treskiftsarbete
1390 1534 97 29 inom
1506 1532 45 30 bl.
1572 1539 30 20 a.

111 1594 364 34 verkstadsindustrin
505 1593 66 29 och
601 1587 289 34 textilindustrin.
932 1586 67 29 Till
1031 1581 235 39 huvudsaklig
1297 1580 55 30 del
1383 1578 99 30 torde
1513 1576 91 30 natt-

112 1642 114 30 arbete
249 1649 85 22 vara
358 1637 156 31 tekniskt
536 1635 169 39 betingat;
733 1632 150 31 framför
907 1631 61 29 allt
993 1629 107 40 gäller
1124 1627 95 30 detta
1244 1625 132 30 sådana
1401 1622 204 37 arbetsupp-

112 1686 103 41 gifter
246 1686 6 28 i
279 1682 241 42 nyssnämnda
545 1678 200 35 industrier,
771 1686 76 21 som
873 1673 278 38 sammanhänga
1175 1670 79 31 med
1281 1671 51 28 att
1357 1665 249 42 produktions-

112 1738 187 33 processen
319 1728 204 30 förutsätter
542 1725 70 30 viss
631 1724 106 38 högre
755 1723 120 29 värme
894 1721 65 29 hos
978 1719 58 30 det
1056 1716 158 31 material
1236 1724 75 21 som
1330 1712 191 31 bearbetas.
1540 1710 66 29 Det

114 1778 38 28 är
176 1772 193 33 emellertid
394 1770 188 34 sannolikt,
609 1770 50 28 att
682 1777 44 20 en
751 1766 56 30 del
833 1762 296 40 arbetsuppgifter
1151 1761 106 29 köras
1281 1759 11 29 i
1317 1756 151 34 treskift,
1494 1755 112 29 ehuru

114 1820 94 29 detta
235 1818 77 30 icke
340 1818 38 28 är
403 1814 158 31 tekniskt
587 1810 214 39 nödvändigt
828 1818 61 21 ens
917 1808 80 30 med
1023 1807 69 29 den
1119 1803 202 32 nuvarande
1348 1798 259 38 utrustningen,

115 1863 146 31 emedan
286 1870 83 21 man
395 1859 128 34 funnit,
549 1859 50 28 att
623 1857 57 29 det
702 1864 82 21 vore
808 1852 224 32 ekonomiskt
1056 1848 239 31 oförsvarbart
1320 1848 50 28 att
1395 1847 122 36 överge
1542 1844 66 27 tre-

116 1907 251 32 skiftsarbetet,
387 1904 118 31 varför
525 1902 95 30 detta
641 1898 267 42 upprätthålles,
929 1897 113 29 ehuru
1064 1895 12 29 i
1097 1893 135 31 mindre
1254 1889 224 39 omfattning.

160 1951 76 31 Vad
263 1949 221 40 järnbruken
511 1945 182 34 beträffar,
724 1945 39 29 är
793 1943 58 30 det
879 1940 158 31 tekniskt
1067 1936 214 39 nödvändigt
1311 1937 50 28 att
1389 1933 98 30 driva
1515 1932 95 37 bety-

117 1996 112 31 dande
247 1995 97 29 delar
361 1993 107 29 därav
486 1992 11 28 i
515 1989 151 35 treskift,
685 1988 128 30 medan
832 1995 83 21 man
933 1985 159 29 däremot
1110 1979 222 33 beträffande
1352 1978 92 31 vissa
1462 1974 148 39 detaljer

117 2042 96 28 inom
234 2037 326 41 järnhanteringen,
582 2043 75 21 som
679 2042 48 21 nu
748 2031 161 31 bedrivas
929 2030 45 39 på
996 2026 152 35 treskift,
1171 2026 71 29 kan
1264 2023 216 39 ifrågasätta,
1503 2021 108 28 huru-

117 2085 80 30 vida
218 2084 76 29 icke
315 2082 131 30 arbetet
466 2081 159 29 närmast
644 2079 38 29 är
704 2079 51 28 att
775 2075 151 31 hänföra
947 2074 52 29 till
1021 2072 41 31 20
1086 2071 27 37 $.

162 2129 67 29 Till
249 2137 44 20 en
314 2126 125 38 början
460 2123 192 41 uppställer
674 2122 50 38 sig
745 2119 125 31 härvid
890 2117 219 41 spörsmålet,
1129 2113 175 31 huruvida
1326 2108 287 40 arbetarskydds-

121 2175 98 37 lagen
237 2172 90 30 skall
346 2171 113 29 tolkas
477 2169 49 33 så,
545 2169 51 28 att
612 2176 58 21 om
687 2175 43 20 en
748 2165 72 29 viss
838 2163 106 37 detalj
966 2162 10 28 i
995 2158 281 39 tillverkningen,
1296 2166 75 20 som
1390 2165 46 19 nu
1455 2152 157 32 bedrives

120 2217 45 40 på
182 2216 153 33 treskift,
354 2214 111 29 skulle
482 2213 122 28 kunna
620 2210 188 30 utsöndras
827 2207 80 30 från
925 2206 96 37 övrig
1039 2202 248 32 treskiftsdrift
1305 2201 83 29 eller
1404 2199 88 29 efter
1510 2196 104 31 ratio-

123 2260 188 37 nalisering
337 2258 116 29 drivas
479 2257 11 28 i
517 2254 155 40 dagdrift
698 2254 83 29 eHer
809 2251 157 33 tvåskift,
994 2250 68 28 den
1089 2249 36 28 är
1153 2249 50 27 att
1230 2245 150 30 hänföra
1408 2244 50 29 till
1487 2237 126 42 arbelce,

122 2314 118 21 varom
260 2304 89 29 talas
366 2302 10 28 i
393 2301 40 30 20
455 2302 28 35 $,
500 2300 66 30 och
584 2299 31 38 ej
635 2307 57 21 om
709 2297 128 33 arbete,
854 2303 121 21 varom
994 2293 89 29 talas
1103 2292 9 28 i
1133 2291 39 29 19
1193 2290 14 36 $
1229 2290 18 29 2
1268 2291 41 27 st.
1338 2288 120 37 Någon
1478 2285 134 30 absolut

122 2349 138 30 klarhet
281 2347 45 39 på
345 2346 114 29 denna
480 2344 114 39 punkt
614 2343 63 28 har
697 2342 95 28 ännu
815 2340 75 29 icke
910 2338 138 29 kunnat
1068 2335 162 33 erhållas,
1251 2342 80 20 men
1352 2332 57 29 det
1429 2331 58 29 vill
1511 2337 104 30 synas

124 2403 74 20 som
220 2401 58 20 om
300 2386 446 41 arbetarskyddsstyrelsen
767 2385 158 28 närmast
948 2380 113 31 skulle
1085 2388 82 21 anse
1189 2376 159 40 lämpligt
1372 2377 50 28 att
1443 2372 171 31 behandla

124 2437 96 38 varje
238 2435 107 38 detalj
367 2434 52 29 för
439 2432 61 39 sig.
531 2432 13 28 I
563 2431 95 38 varje
679 2429 60 29 fall
760 2437 103 30 synes
882 2427 100 38 lagen
1001 2425 75 29 icke
1094 2422 127 30 hindra
1240 2422 105 29 detta.
1377 2419 150 30 Alldeles
1546 2418 71 29 sär-

126 2481 81 30 skilt
230 2481 64 29 har
317 2487 81 21 man
420 2475 189 39 anledning
630 2473 130 34 befara,
785 2474 50 28 att
857 2467 446 40 arbetarskyddsstyrelsen
1325 2464 112 30 skulle
1457 2472 83 20 vara
1563 2462 55 29 be-
