1896 2810
282 148 19 30 6
722 149 275 33 Statsutskottets
1019 150 176 32 utlåtande
1216 151 48 30 Nr
1283 153 70 30 195.

286 236 136 37 sentligt
443 236 51 30 till
514 236 42 31 de
574 245 42 21 av
637 236 379 36 departementschefen
1037 235 193 32 skisserade
1250 234 221 38 riktlinjerna
1491 235 54 31 för
1567 236 222 37 byggnadens

285 286 197 31 utförande.
499 285 90 32 Från
605 287 115 30 denna
735 285 258 38 utgångspunkt
1009 287 65 30 och
1091 287 111 30 under
1218 285 257 38 förutsättning,
1493 288 49 28 att
1559 286 96 30 inom
1671 294 119 22 ramen

286 338 54 30 för
360 338 101 30 dessa
480 336 171 37 riktlinjer
671 337 69 30 alla
760 336 211 37 förefintliga
992 335 216 38 möjligheter
1228 336 51 31 till
1299 336 225 38 besparingar
1544 337 245 36 tillvaratagas,

285 397 102 22 anser
409 388 50 36 sig
480 388 164 30 utskottet
665 388 180 30 ävenledes
866 388 121 29 kunna
1009 388 148 36 godtaga
1177 388 67 30 den
1264 397 43 20 av
1329 387 382 37 departementschefen
1734 388 55 30 be-

286 439 156 30 räknade
465 438 192 31 kostnaden
683 437 54 31 för
760 437 222 38 byggnadens
1006 437 229 37 uppförande.

330 489 118 30 Under
469 488 220 37 åberopande
710 497 43 21 av
775 489 56 30 det
852 487 149 32 anförda
1023 488 198 30 hemställer
1242 488 177 36 utskottet,

639 566 50 28 att
712 564 184 36 riksdagen
919 563 58 31 må
999 563 49 30 till
1075 563 224 38 Uppförande
1322 573 43 21 av
1392 563 158 37 byggnad
1574 564 56 37 för
1654 564 135 30 hovrät-

595 618 57 27 ten
672 615 56 37 för
750 615 119 30 Västra
891 614 135 37 Sverige
1047 614 55 31 för
1123 613 200 38 budgetåret
1347 610 138 41 1941/42
1508 613 116 31 såsom
1645 613 144 37 kapital-

595 664 207 38 investering
827 665 11 30 i
865 667 128 28 statens
1020 664 178 31 allmänna
1224 664 269 37 fastighetsfond
1520 664 121 31 anvisa
1667 667 47 27 ett
1740 673 49 21 re-

596 715 312 37 servationsanslag
934 724 43 21 av
1003 715 142 35 300,000
1172 715 137 30 kronor.

330 816 202 31 Stockholm
559 817 64 30 den
652 817 37 29 17
715 816 75 37 juni
817 816 94 31 1941.

790 932 48 32 På
854 933 267 31 statsutskottets
1138 934 141 35 vägnar:

847 1010 29 30 J.
901 1010 36 29 B.
961 1008 269 32 JOHANSSON.

329 1208 56 25 Vid
404 1208 181 26 förestående
605 1209 121 24 ärendes
746 1208 231 32 slutbehandling
997 1208 77 25 inom
1095 1207 138 25 utskottet
1252 1207 73 24 hava
1346 1207 138 24 närvarit:

329 1258 66 26 från
422 1259 135 25 första
583 1259 178 24 kammaren:
789 1259 99 24 herrar
911 1259 96 25 Johan
1029 1258 150 25 Bernhard
1203 1257 173 30 Johansson,
1406 1257 87 25 Oscar
1518 1256 113 30 Olsson,
1658 1255 134 33 Asplund,

286 1302 52 25 Per
359 1302 179 31 Gustafsson,
560 1301 149 25 Bernhard
727 1301 123 30 Nilsson,
870 1301 120 24 Torsten
1008 1301 103 29 Ström,
1131 1299 156 30 Bäcklund,
1306 1298 169 33 Björkman,
1497 1298 177 30 Bäckström,
1694 1297 99 31 Gustaf

286 1345 72 24 Iwar
377 1345 157 30 Anderson,
554 1344 145 26 Gillström
720 1344 53 24 och
794 1344 135 28 Persson;
950 1345 72 22 samt

330 1395 65 25 från
416 1403 45 17 an
474 1395 68 25 dra
559 1395 179 24 kammaren:
761 1394 97 24 herrar
877 1394 127 25 Jonsson
1024 1393 8 24 i
1051 1392 174 29 Eskilstuna,
1245 1392 139 25 Eriksson
1403 1392 8 25 i
1435 1392 173 29 Stockholm,
1630 1391 163 26 Svenssoni

286 1437 134 30 Grönvik,
441 1437 162 25 Andersson
624 1437 8 24 i
652 1436 140 29 Prästbol,
813 1434 179 31 Danielsson,
1012 1435 123 25 Persson
1156 1435 8 24 i
1187 1434 86 29 Falla,
1297 1434 142 32 Lindberg
1461 1435 8 24 i
1491 1433 95 30 Umeå,
1610 1433 182 25 Andersson
1775 1429 19 42 i

286 1479 116 31 Malmö,
424 1480 170 32 Bergström,
615 1479 189 30 Mårtensson,
825 1479 136 24 Hansson
980 1477 8 25 i
1008 1476 165 26 Rubbestad
1196 1477 53 25 och
1268 1476 140 25 Eriksson
1427 1476 9 25 i
1456 1476 124 32 Frägsta.

476 2428 180 29 Stockholm
679 2428 84 27 1941.
795 2427 110 35 Kungl.
926 2426 234 36 Boktryckeriet
1181 2426 31 27 P.
1233 2426 31 27 A.
1287 2425 146 28 Norstedt
1456 2425 22 27 &
1499 2424 104 28 Söner.

990 2477 98 21 412188
