2188 2620
647 200 264 34 Statsutskottets
940 202 176 34 Utlåtande
1139 204 65 32 N:o
1226 207 53 30 40.
1709 211 13 29 1

869 869 87 40 N:o
982 870 78 40 40.

789 973 77 29 Ank.
891 974 49 28 till
962 974 103 30 Riksd.
1089 975 97 29 kansli
1209 977 56 28 den
1292 978 37 28 15
1352 987 77 19 mars
1455 980 89 34 1901,
1569 979 41 29 kl.
1637 982 14 26 1
1676 991 24 18 e.
1724 991 37 19 m.

375 1096 205 47 Utlåtande,
623 1099 14 35 i
677 1099 195 50 anledning
913 1102 46 48 af
994 1102 130 49 Kongl.
1167 1104 127 49 Maj:ts
1325 1106 226 47 proposition
1581 1108 182 48 angående

564 1159 295 48 efterskänkande
887 1162 47 49 af
957 1162 156 37 kronans
1140 1168 72 31 rätt
1239 1165 55 36 till
1322 1165 166 48 danaarf
1502 1168 87 48 efter
1600 1168 161 48 fiskaren

562 1219 109 36 Hans
711 1220 140 37 Martin
892 1222 178 37 Larssons
1110 1224 14 35 i
1162 1224 127 36 Klätta
1331 1226 140 47 aflidna
1499 1227 126 37 hustru
1653 1230 107 35 Anna

563 1279 172 46 Larsson,
756 1281 100 48 född
884 1281 205 48 Alfsdotter.
1522 1286 43 49 (I.
1596 1287 60 49 A.)

267 1429 64 39 Uti
360 1444 47 24 en
435 1431 55 37 till'
518 1432 219 50 Riksdagen
765 1435 136 38 aflåten
929 1437 234 49 proposition
1181 1438 87 49 (n:o
1297 1439 64 49 47)
1391 1440 42 37 af
1452 1440 72 38 den
1545 1444 22 34 8
1588 1442 169 38 sistlidne

166 1481 164 38 februari.
359 1483 205 50 meddelas,
593 1485 179 38 hurusom
801 1488 163 37 fiskaren
991 1488 106 38 Hans
1116 1490 137 37 Martin
1271 1491 187 38 Larssons
1476 1493 12 36 i
1508 1493 130 38 Klätta
1656 1495 100 37 inom

165 1533 166 38 Tanums
360 1536 139 37 socken
527 1537 41 37 af
594 1537 219 51 Göteborgs
843 1541 70 36 och
942 1540 127 38 Bohus
1097 1542 62 37 län
1188 1543 132 37 hustru
1340 1544 108 37 Anna
1467 1545 178 49 Larsson,
1667 1547 90 37 född

164 1586 222 49 Alfsdotter,
429 1587 117 38 aflidit
585 1590 73 36 den
689 1592 45 35 13
758 1592 84 48 juni
874 1594 95 35 1897
1001 1599 91 31 utan
1119 1599 56 32 att
1202 1595 223 38 efterlemna
1452 1600 120 47 några
1601 1599 61 36 vid
1691 1600 65 36 bo-

163 1638 453 50 uppteckningstillfället
644 1642 71 37 den
745 1645 47 35 23
823 1644 234 50 derpåföljde
1081 1646 73 49 juli
1181 1646 125 38 kända
1334 1649 204 49 arfvingar.

266 1690 17 36 I
329 1691 168 49 enlighet
543 1694 85 36 med
670 1694 42 36 af
749 1694 634 42 kammaradvokatfiskalsembetet
1424 1701 97 36 efter
1563 1703 193 49 stämning

163 1741 58 37 till
248 1741 155 49 lagtima
431 1743 252 50 vintertinget
712 1748 39 34 år
781 1749 97 34 1899
908 1748 84 36 med
1021 1749 167 37 Tanums
1209 1750 115 37 härad
1343 1754 21 33 å
1384 1752 247 38 förenämnde
1650 1754 104 38 Hans

163 1793 138 37 Martin
330 1794 166 37 Larsson
525 1796 70 36 och
623 1797 340 50 hemmansegaren
984 1799 126 38 Sivert
1128 1801 109 49 Lind,
1259 1802 73 37 den
1354 1803 235 39 sistnämnde
1608 1805 12 37 i
1639 1819 116 36 egen-

163 1845 93 49 skap
285 1846 42 36 af
351 1847 77 46 god
456 1861 84 23 man
571 1848 61 37 för
660 1849 172 39 bemälda
861 1851 131 37 hustru
1020 1852 185 38 Larssons
1235 1854 148 37 okända
1412 1856 205 50 arfvingar,
1642 1858 112 37 fram-

163 1897 113 37 stäldt
311 1898 183 49 yrkande,
532 1900 96 37 hade:
661 1901 263 39 häradsrätten
951 1917 140 35 genom
1119 1905 124 50 utslag
1272 1907 74 36 den
1374 1909 22 35 8
1419 1907 83 49 juni
1534 1911 110 46 1899,
1674 1924 78 23 som

162 1948 132 37 vunnit.
335 1949 88 50 laga
463 1951 112 49 kraft,
618 1953 194 49 förklarat,
841 1960 55 31 att
936 1956 132 36 hustru
1110 1957 188 38 Larssons
1332 1959 109 37 andel
1469 1960 11 35 i
1508 1960 145 39 hennes
1684 1963 69 36 och

161 2000 144 37 hennes
347 2002 277 38 efterlefvande
666 2018 106 24 mans
815 2007 46 35 bo
904 2007 119 37 skulle
1065 2011 123 34 såsom
1230 2010 160 37 danaarf
1420 2011 148 38 tillfalla
1597 2009 155 57 kronan,

160 2052 211 49 hvarjemte
405 2054 266 38 häradsrätten
701 2057 199 49 förpligtat
928 2059 105 36 Hans
1061 2059 136 37 Martin
1226 2061 166 37 Larsson
1420 2067 54 31 att
1503 2064 97 36 efter
1628 2065 11 35 i
1667 2064 86 49 laga

162 2103 163 49 ordning
371 2105 184 37 förrättad
597 2106 207 51 bodelning
845 2109 57 36 till
943 2110 596 41 kammaradvokatfiskalsembet
1581 2116 173 36 redovisa

161 2154 330 38 danaarfsmedlen
527 2158 120 48 jemte
689 2159 75 36 fem
806 2166 156 42 procent
1003 2167 107 32 ränta
1151 2163 88 37 derå
1280 2164 83 37 från
1405 2166 71 36 den
1512 2168 46 34 14
1588 2167 164 37 februari

161 2219 141 23 samma
345 2211 50 33 år.
452 2208 83 36 Den
579 2212 46 33 13
667 2210 168 49 påföljde
879 2213 159 36 oktober
1072 2214 95 37 hade
1195 2215 209 50 bodelning
1431 2217 197 38 förrättats
1656 2219 96 37 efter

160 2258 129 36 hustru
330 2258 167 38 Larsson
540 2260 82 48 och,
661 2262 118 36 sedan
812 2263 130 38 dervid
970 2265 82 37 från
1081 2266 255 49 tillgångarna
1364 2268 195 49 afdragits,
1590 2269 159 38 förutom

161 2310 115 36 andra
305 2315 142 44 poster,
478 2316 52 32 ett
559 2312 137 51 belopp
726 2315 40 35 af
792 2316 73 36 510
893 2316 149 48 kronor,
1073 2318 121 48 enligt
1222 2319 232 50 anteckning
1475 2321 13 36 i
1508 2320 243 51 bodelnings-

242 2370 63 28 Bih.
330 2372 47 27 till
401 2372 90 28 Riksd.
517 2373 74 28 Prot.
619 2372 87 30 1901.
750 2374 20 29 4
792 2377 88 29 Saml.
930 2376 13 28 1
966 2379 67 36 Afd.
1079 2377 43 29 24
1144 2380 81 36 Häft.
1272 2379 68 37 (N:o
1363 2379 62 39 40).
