<?xml version="1.0" encoding="UTF-8"?>
<alto xmlns="http://www.loc.gov/standards/alto/ns-v3#" xmlns:xlink="http://www.w3.org/1999/xlink" xmlns:xsi="http://www.w3.org/2001/XMLSchema-instance" xsi:schemaLocation="http://www.loc.gov/standards/alto/ns-v3# http://www.loc.gov/alto/v3/alto-3-0.xsd">
	<Description>
		<MeasurementUnit>pixel</MeasurementUnit>
		<sourceImageInformation>
			<fileName>/tmp/tess_rrg30dad_input.PNG</fileName>
		</sourceImageInformation>
		<OCRProcessing ID="OCR_0">
			<ocrProcessingStep>
				<processingSoftware>
					<softwareName>tesseract 5.3.0</softwareName>
				</processingSoftware>
			</ocrProcessingStep>
		</OCRProcessing>
	</Description>
	<Layout>
		<Page WIDTH="1876" HEIGHT="2764" PHYSICAL_IMG_NR="0" ID="page_0">
			<PrintSpace HPOS="0" VPOS="0" WIDTH="1876" HEIGHT="2764">
				<ComposedBlock ID="cblock_0" HPOS="236" VPOS="145" WIDTH="1101" HEIGHT="41">
					<TextBlock ID="block_0" HPOS="236" VPOS="145" WIDTH="1101" HEIGHT="41">
						<TextLine ID="line_0" HPOS="236" VPOS="145" WIDTH="1101" HEIGHT="41">
							<String ID="string_0" HPOS="236" VPOS="145" WIDTH="39" HEIGHT="31" WC="0.95" CONTENT="10"/><SP WIDTH="354" VPOS="145" HPOS="275"/>
							<String ID="string_1" HPOS="629" VPOS="150" WIDTH="371" HEIGHT="36" WC="0.90" CONTENT="Bevillningsutskottets"/><SP WIDTH="25" VPOS="150" HPOS="1000"/>
							<String ID="string_2" HPOS="1025" VPOS="151" WIDTH="199" HEIGHT="28" WC="0.96" CONTENT="betänkande"/><SP WIDTH="22" VPOS="151" HPOS="1224"/>
							<String ID="string_3" HPOS="1246" VPOS="152" WIDTH="44" HEIGHT="27" WC="0.95" CONTENT="Nr"/><SP WIDTH="20" VPOS="152" HPOS="1290"/>
							<String ID="string_4" HPOS="1310" VPOS="149" WIDTH="27" HEIGHT="31" WC="0.93" CONTENT="6."/>
						</TextLine>
					</TextBlock>
				</ComposedBlock>
				<ComposedBlock ID="cblock_1" HPOS="287" VPOS="224" WIDTH="313" HEIGHT="29">
					<TextBlock ID="block_1" HPOS="287" VPOS="224" WIDTH="313" HEIGHT="29">
						<TextLine ID="line_1" HPOS="287" VPOS="224" WIDTH="313" HEIGHT="29">
							<String ID="string_5" HPOS="287" VPOS="224" WIDTH="313" HEIGHT="29" WC="0.54" CONTENT="Närvarande:"/>
						</TextLine>
					</TextBlock>
				</ComposedBlock>
				<ComposedBlock ID="cblock_2" HPOS="235" VPOS="282" WIDTH="1498" HEIGHT="120">
					<TextBlock ID="block_2" HPOS="235" VPOS="282" WIDTH="1498" HEIGHT="120">
						<TextLine ID="line_2" HPOS="287" VPOS="282" WIDTH="1446" HEIGHT="41">
							<String ID="string_6" HPOS="287" VPOS="282" WIDTH="74" HEIGHT="28" WC="0.96" CONTENT="från"/><SP WIDTH="20" VPOS="282" HPOS="361"/>
							<String ID="string_7" HPOS="381" VPOS="283" WIDTH="153" HEIGHT="29" WC="0.96" CONTENT="första"/><SP WIDTH="21" VPOS="283" HPOS="534"/>
							<String ID="string_8" HPOS="555" VPOS="284" WIDTH="193" HEIGHT="28" WC="0.96" CONTENT="kammaren:"/><SP WIDTH="35" VPOS="284" HPOS="748"/>
							<String ID="string_9" HPOS="783" VPOS="285" WIDTH="108" HEIGHT="28" WC="0.95" CONTENT="herrar"/><SP WIDTH="21" VPOS="285" HPOS="891"/>
							<String ID="string_10" HPOS="912" VPOS="285" WIDTH="103" HEIGHT="28" WC="0.93" CONTENT="Johan"/><SP WIDTH="21" VPOS="285" HPOS="1015"/>
							<String ID="string_11" HPOS="1036" VPOS="286" WIDTH="93" HEIGHT="35" WC="0.92" CONTENT="Bärg,"/><SP WIDTH="21" VPOS="286" HPOS="1129"/>
							<String ID="string_12" HPOS="1150" VPOS="285" WIDTH="78" HEIGHT="29" WC="0.96" CONTENT="Elon"/><SP WIDTH="21" VPOS="285" HPOS="1228"/>
							<String ID="string_13" HPOS="1249" VPOS="286" WIDTH="193" HEIGHT="35" WC="0.93" CONTENT="Andersson,"/><SP WIDTH="24" VPOS="286" HPOS="1442"/>
							<String ID="string_14" HPOS="1466" VPOS="286" WIDTH="194" HEIGHT="36" WC="0.91" CONTENT="Wahlmark,"/><SP WIDTH="20" VPOS="286" HPOS="1660"/>
							<String ID="string_15" HPOS="1680" VPOS="287" WIDTH="53" HEIGHT="36" WC="0.92" CONTENT="fri-"/>
						</TextLine>
						<TextLine ID="line_3" HPOS="235" VPOS="324" WIDTH="1498" HEIGHT="39">
							<String ID="string_16" HPOS="235" VPOS="324" WIDTH="91" HEIGHT="28" WC="0.96" CONTENT="herre"/><SP WIDTH="29" VPOS="324" HPOS="326"/>
							<String ID="string_17" HPOS="355" VPOS="325" WIDTH="166" HEIGHT="35" WC="0.96" CONTENT="Lagerfelt,"/><SP WIDTH="29" VPOS="325" HPOS="521"/>
							<String ID="string_18" HPOS="550" VPOS="325" WIDTH="133" HEIGHT="34" WC="0.95" CONTENT="Ekman,"/><SP WIDTH="27" VPOS="325" HPOS="683"/>
							<String ID="string_19" HPOS="710" VPOS="326" WIDTH="188" HEIGHT="35" WC="0.96" CONTENT="Bengtsson,"/><SP WIDTH="29" VPOS="326" HPOS="898"/>
							<String ID="string_20" HPOS="927" VPOS="327" WIDTH="99" HEIGHT="28" WC="0.96" CONTENT="Frans"/><SP WIDTH="29" VPOS="327" HPOS="1026"/>
							<String ID="string_21" HPOS="1055" VPOS="327" WIDTH="139" HEIGHT="35" WC="0.95" CONTENT="Ericson,"/><SP WIDTH="28" VPOS="327" HPOS="1194"/>
							<String ID="string_22" HPOS="1222" VPOS="328" WIDTH="117" HEIGHT="28" WC="0.96" CONTENT="Robert"/><SP WIDTH="29" VPOS="328" HPOS="1339"/>
							<String ID="string_23" HPOS="1368" VPOS="328" WIDTH="88" HEIGHT="35" WC="0.96" CONTENT="Berg,"/><SP WIDTH="29" VPOS="328" HPOS="1456"/>
							<String ID="string_24" HPOS="1485" VPOS="329" WIDTH="165" HEIGHT="28" WC="0.96" CONTENT="Aronsson"/><SP WIDTH="26" VPOS="329" HPOS="1650"/>
							<String ID="string_25" HPOS="1676" VPOS="329" WIDTH="57" HEIGHT="28" WC="0.96" CONTENT="och"/>
						</TextLine>
						<TextLine ID="line_4" HPOS="237" VPOS="366" WIDTH="246" HEIGHT="36">
							<String ID="string_26" HPOS="237" VPOS="366" WIDTH="140" HEIGHT="36" WC="0.65" CONTENT="Sylwan:"/><SP WIDTH="24" VPOS="366" HPOS="377"/>
							<String ID="string_27" HPOS="401" VPOS="370" WIDTH="82" HEIGHT="25" WC="0.95" CONTENT="samt"/>
						</TextLine>
					</TextBlock>
				</ComposedBlock>
				<ComposedBlock ID="cblock_3" HPOS="235" VPOS="425" WIDTH="1501" HEIGHT="123">
					<TextBlock ID="block_3" HPOS="235" VPOS="425" WIDTH="1501" HEIGHT="123">
						<TextLine ID="line_5" HPOS="289" VPOS="425" WIDTH="1446" HEIGHT="38">
							<String ID="string_28" HPOS="289" VPOS="425" WIDTH="74" HEIGHT="28" WC="0.96" CONTENT="från"/><SP WIDTH="20" VPOS="425" HPOS="363"/>
							<String ID="string_29" HPOS="383" VPOS="427" WIDTH="83" HEIGHT="27" WC="0.87" CONTENT="an"/><SP WIDTH="14" VPOS="427" HPOS="466"/>
							<String ID="string_30" HPOS="480" VPOS="436" WIDTH="46" HEIGHT="18" WC="0.87" CONTENT="dra"/><SP WIDTH="20" VPOS="436" HPOS="526"/>
							<String ID="string_31" HPOS="546" VPOS="427" WIDTH="195" HEIGHT="27" WC="0.96" CONTENT="kammaren:"/><SP WIDTH="23" VPOS="427" HPOS="741"/>
							<String ID="string_32" HPOS="764" VPOS="427" WIDTH="110" HEIGHT="28" WC="0.96" CONTENT="herrar"/><SP WIDTH="22" VPOS="427" HPOS="874"/>
							<String ID="string_33" HPOS="896" VPOS="427" WIDTH="146" HEIGHT="36" WC="0.96" CONTENT="Hagberg"/><SP WIDTH="21" VPOS="427" HPOS="1042"/>
							<String ID="string_34" HPOS="1063" VPOS="428" WIDTH="11" HEIGHT="27" WC="0.96" CONTENT="i"/><SP WIDTH="22" VPOS="428" HPOS="1074"/>
							<String ID="string_35" HPOS="1096" VPOS="428" WIDTH="124" HEIGHT="33" WC="0.96" CONTENT="Malmö,"/><SP WIDTH="24" VPOS="428" HPOS="1220"/>
							<String ID="string_36" HPOS="1244" VPOS="429" WIDTH="137" HEIGHT="27" WC="0.96" CONTENT="Persson"/><SP WIDTH="21" VPOS="429" HPOS="1381"/>
							<String ID="string_37" HPOS="1402" VPOS="429" WIDTH="9" HEIGHT="26" WC="0.96" CONTENT="i"/><SP WIDTH="22" VPOS="429" HPOS="1411"/>
							<String ID="string_38" HPOS="1433" VPOS="428" WIDTH="192" HEIGHT="34" WC="0.96" CONTENT="Undersvik,"/><SP WIDTH="21" VPOS="428" HPOS="1625"/>
							<String ID="string_39" HPOS="1646" VPOS="428" WIDTH="89" HEIGHT="34" WC="0.96" CONTENT="Falk,"/>
						</TextLine>
						<TextLine ID="line_6" HPOS="237" VPOS="467" WIDTH="1499" HEIGHT="39">
							<String ID="string_40" HPOS="237" VPOS="467" WIDTH="139" HEIGHT="34" WC="0.95" CONTENT="Kilbom,"/><SP WIDTH="17" VPOS="467" HPOS="376"/>
							<String ID="string_41" HPOS="393" VPOS="468" WIDTH="154" HEIGHT="28" WC="0.96" CONTENT="Karlsson"/><SP WIDTH="15" VPOS="468" HPOS="547"/>
							<String ID="string_42" HPOS="562" VPOS="469" WIDTH="10" HEIGHT="26" WC="0.96" CONTENT="i"/><SP WIDTH="17" VPOS="469" HPOS="572"/>
							<String ID="string_43" HPOS="589" VPOS="468" WIDTH="227" HEIGHT="37" WC="0.95" CONTENT="Grängesberg,"/><SP WIDTH="17" VPOS="468" HPOS="816"/>
							<String ID="string_44" HPOS="833" VPOS="469" WIDTH="138" HEIGHT="28" WC="0.96" CONTENT="Jonsson"/><SP WIDTH="14" VPOS="469" HPOS="971"/>
							<String ID="string_45" HPOS="985" VPOS="470" WIDTH="11" HEIGHT="27" WC="0.92" CONTENT="i"/><SP WIDTH="15" VPOS="470" HPOS="996"/>
							<String ID="string_46" HPOS="1011" VPOS="469" WIDTH="195" HEIGHT="37" WC="0.92" CONTENT="Skedsbygd,"/><SP WIDTH="18" VPOS="469" HPOS="1206"/>
							<String ID="string_47" HPOS="1224" VPOS="470" WIDTH="188" HEIGHT="28" WC="0.95" CONTENT="Sundström"/><SP WIDTH="19" VPOS="470" HPOS="1412"/>
							<String ID="string_48" HPOS="1431" VPOS="470" WIDTH="8" HEIGHT="27" WC="0.96" CONTENT="i"/><SP WIDTH="18" VPOS="470" HPOS="1439"/>
							<String ID="string_49" HPOS="1457" VPOS="469" WIDTH="134" HEIGHT="35" WC="0.96" CONTENT="Skövde,"/><SP WIDTH="16" VPOS="469" HPOS="1591"/>
							<String ID="string_50" HPOS="1607" VPOS="470" WIDTH="129" HEIGHT="28" WC="0.96" CONTENT="Nilsson"/>
						</TextLine>
						<TextLine ID="line_7" HPOS="235" VPOS="510" WIDTH="991" HEIGHT="38">
							<String ID="string_51" HPOS="235" VPOS="510" WIDTH="9" HEIGHT="26" WC="0.96" CONTENT="i"/><SP WIDTH="18" VPOS="510" HPOS="244"/>
							<String ID="string_52" HPOS="262" VPOS="510" WIDTH="251" HEIGHT="33" WC="0.95" CONTENT="Kristinehamn,"/><SP WIDTH="20" VPOS="510" HPOS="513"/>
							<String ID="string_53" HPOS="533" VPOS="510" WIDTH="199" HEIGHT="28" WC="0.95" CONTENT="Henriksson"/><SP WIDTH="17" VPOS="510" HPOS="732"/>
							<String ID="string_54" HPOS="749" VPOS="511" WIDTH="57" HEIGHT="27" WC="0.96" CONTENT="och"/><SP WIDTH="20" VPOS="511" HPOS="806"/>
							<String ID="string_55" HPOS="826" VPOS="510" WIDTH="160" HEIGHT="29" WC="0.96" CONTENT="Svensson"/><SP WIDTH="16" VPOS="510" HPOS="986"/>
							<String ID="string_56" HPOS="1002" VPOS="512" WIDTH="11" HEIGHT="26" WC="0.96" CONTENT="i"/><SP WIDTH="20" VPOS="512" HPOS="1013"/>
							<String ID="string_57" HPOS="1033" VPOS="511" WIDTH="193" HEIGHT="37" WC="0.96" CONTENT="Ljungskile."/>
						</TextLine>
					</TextBlock>
				</ComposedBlock>
				<GraphicalElement ID="cblock_4" HPOS="894" VPOS="599" WIDTH="202" HEIGHT="9"></GraphicalElement >
				<ComposedBlock ID="cblock_5" HPOS="286" VPOS="695" WIDTH="845" HEIGHT="129">
					<TextBlock ID="block_4" HPOS="286" VPOS="695" WIDTH="845" HEIGHT="129">
						<TextLine ID="line_8" HPOS="377" VPOS="695" WIDTH="754" HEIGHT="44">
							<String ID="string_58" HPOS="377" VPOS="735" WIDTH="3" HEIGHT="4" WC="0.70" CONTENT="|"/><SP WIDTH="465" VPOS="735" HPOS="380"/>
							<String ID="string_59" HPOS="845" VPOS="695" WIDTH="286" HEIGHT="33" WC="0.96" CONTENT="Reservationer:"/>
						</TextLine>
						<TextLine ID="line_9" HPOS="289" VPOS="734" WIDTH="341" HEIGHT="42">
							<String ID="string_60" HPOS="289" VPOS="734" WIDTH="30" HEIGHT="41" WC="0.95" CONTENT="1)"/><SP WIDTH="28" VPOS="734" HPOS="319"/>
							<String ID="string_61" HPOS="347" VPOS="735" WIDTH="59" HEIGHT="30" WC="0.96" CONTENT="vid"/><SP WIDTH="17" VPOS="735" HPOS="406"/>
							<String ID="string_62" HPOS="423" VPOS="736" WIDTH="152" HEIGHT="39" WC="0.95" CONTENT="punkten"/><SP WIDTH="19" VPOS="736" HPOS="575"/>
							<String ID="string_63" HPOS="594" VPOS="736" WIDTH="36" HEIGHT="40" WC="0.95" CONTENT="3)"/>
						</TextLine>
						<TextLine ID="line_10" HPOS="286" VPOS="785" WIDTH="565" HEIGHT="39">
							<String ID="string_64" HPOS="286" VPOS="795" WIDTH="40" HEIGHT="20" WC="0.96" CONTENT="av"/><SP WIDTH="21" VPOS="795" HPOS="326"/>
							<String ID="string_65" HPOS="347" VPOS="785" WIDTH="78" HEIGHT="31" WC="0.96" CONTENT="herr"/><SP WIDTH="19" VPOS="785" HPOS="425"/>
							<String ID="string_66" HPOS="444" VPOS="785" WIDTH="207" HEIGHT="32" WC="0.96" CONTENT="Sundström"/><SP WIDTH="19" VPOS="785" HPOS="651"/>
							<String ID="string_67" HPOS="670" VPOS="786" WIDTH="11" HEIGHT="30" WC="0.96" CONTENT="i"/><SP WIDTH="22" VPOS="786" HPOS="681"/>
							<String ID="string_68" HPOS="703" VPOS="786" WIDTH="148" HEIGHT="38" WC="0.95" CONTENT="Skövde;"/>
						</TextLine>
					</TextBlock>
				</ComposedBlock>
				<ComposedBlock ID="cblock_6" HPOS="231" VPOS="868" WIDTH="1503" HEIGHT="1615">
					<TextBlock ID="block_5" HPOS="287" VPOS="868" WIDTH="343" HEIGHT="42">
						<TextLine ID="line_11" HPOS="287" VPOS="868" WIDTH="343" HEIGHT="42">
							<String ID="string_69" HPOS="287" VPOS="869" WIDTH="31" HEIGHT="40" WC="0.96" CONTENT="2)"/><SP WIDTH="28" VPOS="869" HPOS="318"/>
							<String ID="string_70" HPOS="346" VPOS="868" WIDTH="58" HEIGHT="32" WC="0.96" CONTENT="vid"/><SP WIDTH="18" VPOS="868" HPOS="404"/>
							<String ID="string_71" HPOS="422" VPOS="870" WIDTH="152" HEIGHT="39" WC="0.96" CONTENT="punkten"/><SP WIDTH="20" VPOS="870" HPOS="574"/>
							<String ID="string_72" HPOS="594" VPOS="870" WIDTH="36" HEIGHT="40" WC="0.95" CONTENT="4)"/>
						</TextLine>
					</TextBlock>
					<TextBlock ID="block_6" HPOS="235" VPOS="919" WIDTH="1498" HEIGHT="94">
						<TextLine ID="line_12" HPOS="284" VPOS="919" WIDTH="1449" HEIGHT="43">
							<String ID="string_73" HPOS="284" VPOS="929" WIDTH="42" HEIGHT="21" WC="0.96" CONTENT="av"/><SP WIDTH="18" VPOS="929" HPOS="326"/>
							<String ID="string_74" HPOS="344" VPOS="919" WIDTH="79" HEIGHT="31" WC="0.96" CONTENT="herr"/><SP WIDTH="15" VPOS="919" HPOS="423"/>
							<String ID="string_75" HPOS="438" VPOS="919" WIDTH="227" HEIGHT="40" WC="0.96" CONTENT="Henriksson,"/><SP WIDTH="19" VPOS="919" HPOS="665"/>
							<String ID="string_76" HPOS="684" VPOS="931" WIDTH="73" HEIGHT="20" WC="0.96" CONTENT="som"/><SP WIDTH="18" VPOS="931" HPOS="757"/>
							<String ID="string_77" HPOS="775" VPOS="923" WIDTH="121" HEIGHT="35" WC="0.95" CONTENT="ansett,"/><SP WIDTH="14" VPOS="923" HPOS="896"/>
							<String ID="string_78" HPOS="910" VPOS="923" WIDTH="50" HEIGHT="29" WC="0.96" CONTENT="att"/><SP WIDTH="11" VPOS="923" HPOS="960"/>
							<String ID="string_79" HPOS="971" VPOS="921" WIDTH="185" HEIGHT="31" WC="0.96" CONTENT="utskottets"/><SP WIDTH="13" VPOS="921" HPOS="1156"/>
							<String ID="string_80" HPOS="1169" VPOS="921" WIDTH="156" HEIGHT="41" WC="0.96" CONTENT="yttrande"/><SP WIDTH="19" VPOS="921" HPOS="1325"/>
							<String ID="string_81" HPOS="1344" VPOS="921" WIDTH="75" HEIGHT="40" WC="0.95" CONTENT="(sid."/><SP WIDTH="15" VPOS="921" HPOS="1419"/>
							<String ID="string_82" HPOS="1434" VPOS="922" WIDTH="27" HEIGHT="36" WC="0.95" CONTENT="8,"/><SP WIDTH="15" VPOS="922" HPOS="1461"/>
							<String ID="string_83" HPOS="1476" VPOS="921" WIDTH="143" HEIGHT="31" WC="0.93" CONTENT="raderna"/><SP WIDTH="11" VPOS="921" HPOS="1619"/>
							<String ID="string_84" HPOS="1630" VPOS="921" WIDTH="103" HEIGHT="31" WC="0.84" CONTENT="3—24"/>
						</TextLine>
						<TextLine ID="line_13" HPOS="235" VPOS="969" WIDTH="1440" HEIGHT="44">
							<String ID="string_85" HPOS="235" VPOS="969" WIDTH="174" HEIGHT="41" WC="0.96" CONTENT="uppifrån)"/><SP WIDTH="22" VPOS="969" HPOS="409"/>
							<String ID="string_86" HPOS="431" VPOS="970" WIDTH="62" HEIGHT="31" WC="0.96" CONTENT="och"/><SP WIDTH="17" VPOS="970" HPOS="493"/>
							<String ID="string_87" HPOS="510" VPOS="970" WIDTH="202" HEIGHT="32" WC="0.96" CONTENT="hemställan"/><SP WIDTH="17" VPOS="970" HPOS="712"/>
							<String ID="string_88" HPOS="729" VPOS="971" WIDTH="215" HEIGHT="33" WC="0.95" CONTENT="beträffande"/><SP WIDTH="17" VPOS="971" HPOS="944"/>
							<String ID="string_89" HPOS="961" VPOS="971" WIDTH="154" HEIGHT="41" WC="0.96" CONTENT="punkten"/><SP WIDTH="15" VPOS="971" HPOS="1115"/>
							<String ID="string_90" HPOS="1130" VPOS="973" WIDTH="19" HEIGHT="29" WC="0.97" CONTENT="4"/><SP WIDTH="17" VPOS="973" HPOS="1149"/>
							<String ID="string_91" HPOS="1166" VPOS="972" WIDTH="76" HEIGHT="31" WC="0.96" CONTENT="bort"/><SP WIDTH="16" VPOS="972" HPOS="1242"/>
							<String ID="string_92" HPOS="1258" VPOS="972" WIDTH="88" HEIGHT="31" WC="0.96" CONTENT="hava"/><SP WIDTH="17" VPOS="972" HPOS="1346"/>
							<String ID="string_93" HPOS="1363" VPOS="971" WIDTH="151" HEIGHT="42" WC="0.96" CONTENT="följande"/><SP WIDTH="19" VPOS="971" HPOS="1514"/>
							<String ID="string_94" HPOS="1533" VPOS="971" WIDTH="142" HEIGHT="42" WC="0.95" CONTENT="lydelse:"/>
						</TextLine>
					</TextBlock>
					<TextBlock ID="block_7" HPOS="232" VPOS="1028" WIDTH="1502" HEIGHT="647">
						<TextLine ID="line_14" HPOS="288" VPOS="1028" WIDTH="1445" HEIGHT="44">
							<String ID="string_95" HPOS="288" VPOS="1028" WIDTH="37" HEIGHT="31" WC="0.91" CONTENT="»I"/><SP WIDTH="22" VPOS="1028" HPOS="325"/>
							<String ID="string_96" HPOS="347" VPOS="1029" WIDTH="173" HEIGHT="31" WC="0.96" CONTENT="motionen"/><SP WIDTH="22" VPOS="1029" HPOS="520"/>
							<String ID="string_97" HPOS="542" VPOS="1029" WIDTH="49" HEIGHT="31" WC="0.45" CONTENT="II:"/><SP WIDTH="15" VPOS="1029" HPOS="591"/>
							<String ID="string_98" HPOS="606" VPOS="1030" WIDTH="38" HEIGHT="30" WC="0.45" CONTENT="27"/><SP WIDTH="22" VPOS="1030" HPOS="644"/>
							<String ID="string_99" HPOS="666" VPOS="1030" WIDTH="59" HEIGHT="30" WC="0.93" CONTENT="har"/><SP WIDTH="20" VPOS="1030" HPOS="725"/>
							<String ID="string_100" HPOS="745" VPOS="1030" WIDTH="126" HEIGHT="41" WC="0.90" CONTENT="yrkats,"/><SP WIDTH="23" VPOS="1030" HPOS="871"/>
							<String ID="string_101" HPOS="894" VPOS="1032" WIDTH="49" HEIGHT="29" WC="0.96" CONTENT="att"/><SP WIDTH="21" VPOS="1032" HPOS="943"/>
							<String ID="string_102" HPOS="964" VPOS="1030" WIDTH="181" HEIGHT="41" WC="0.95" CONTENT="riksdagen"/><SP WIDTH="21" VPOS="1030" HPOS="1145"/>
							<String ID="string_103" HPOS="1166" VPOS="1033" WIDTH="103" HEIGHT="30" WC="0.96" CONTENT="måtte"/><SP WIDTH="21" VPOS="1033" HPOS="1269"/>
							<String ID="string_104" HPOS="1290" VPOS="1031" WIDTH="135" HEIGHT="31" WC="0.96" CONTENT="besluta"/><SP WIDTH="22" VPOS="1031" HPOS="1425"/>
							<String ID="string_105" HPOS="1447" VPOS="1030" WIDTH="146" HEIGHT="42" WC="0.96" CONTENT="ändring"/><SP WIDTH="20" VPOS="1030" HPOS="1593"/>
							<String ID="string_106" HPOS="1613" VPOS="1041" WIDTH="40" HEIGHT="20" WC="0.96" CONTENT="av"/><SP WIDTH="21" VPOS="1041" HPOS="1653"/>
							<String ID="string_107" HPOS="1674" VPOS="1030" WIDTH="18" HEIGHT="30" WC="0.94" CONTENT="2"/><SP WIDTH="20" VPOS="1030" HPOS="1692"/>
							<String ID="string_108" HPOS="1712" VPOS="1030" WIDTH="21" HEIGHT="41" WC="0.82" CONTENT="8"/>
						</TextLine>
						<TextLine ID="line_15" HPOS="233" VPOS="1078" WIDTH="1500" HEIGHT="44">
							<String ID="string_109" HPOS="233" VPOS="1078" WIDTH="18" HEIGHT="31" WC="0.96" CONTENT="3"/><SP WIDTH="37" VPOS="1078" HPOS="251"/>
							<String ID="string_110" HPOS="288" VPOS="1089" WIDTH="99" HEIGHT="20" WC="0.96" CONTENT="mom."/><SP WIDTH="39" VPOS="1089" HPOS="387"/>
							<String ID="string_111" HPOS="426" VPOS="1079" WIDTH="244" HEIGHT="41" WC="0.96" CONTENT="förordningen"/><SP WIDTH="36" VPOS="1079" HPOS="670"/>
							<String ID="string_112" HPOS="706" VPOS="1091" WIDTH="53" HEIGHT="20" WC="0.95" CONTENT="om"/><SP WIDTH="27" VPOS="1091" HPOS="759"/>
							<String ID="string_113" HPOS="786" VPOS="1080" WIDTH="124" HEIGHT="31" WC="0.93" CONTENT="allmän"/><SP WIDTH="27" VPOS="1080" HPOS="910"/>
							<String ID="string_114" HPOS="937" VPOS="1080" WIDTH="318" HEIGHT="42" WC="0.91" CONTENT="omsättningsskatt"/><SP WIDTH="27" VPOS="1080" HPOS="1255"/>
							<String ID="string_115" HPOS="1282" VPOS="1081" WIDTH="12" HEIGHT="31" WC="0.96" CONTENT="i"/><SP WIDTH="28" VPOS="1081" HPOS="1294"/>
							<String ID="string_116" HPOS="1322" VPOS="1081" WIDTH="199" HEIGHT="41" WC="0.96" CONTENT="anslutning"/><SP WIDTH="25" VPOS="1081" HPOS="1521"/>
							<String ID="string_117" HPOS="1546" VPOS="1081" WIDTH="55" HEIGHT="31" WC="0.95" CONTENT="till"/><SP WIDTH="26" VPOS="1081" HPOS="1601"/>
							<String ID="string_118" HPOS="1627" VPOS="1080" WIDTH="106" HEIGHT="32" WC="0.96" CONTENT="första"/>
						</TextLine>
						<TextLine ID="line_16" HPOS="234" VPOS="1129" WIDTH="1499" HEIGHT="43">
							<String ID="string_119" HPOS="234" VPOS="1129" WIDTH="168" HEIGHT="31" WC="0.96" CONTENT="särskilda"/><SP WIDTH="24" VPOS="1129" HPOS="402"/>
							<String ID="string_120" HPOS="426" VPOS="1129" WIDTH="186" HEIGHT="32" WC="0.96" CONTENT="utskottets"/><SP WIDTH="25" VPOS="1129" HPOS="612"/>
							<String ID="string_121" HPOS="637" VPOS="1130" WIDTH="57" HEIGHT="31" WC="0.96" CONTENT="vid"/><SP WIDTH="26" VPOS="1130" HPOS="694"/>
							<String ID="string_122" HPOS="720" VPOS="1131" WIDTH="81" HEIGHT="30" WC="0.96" CONTENT="1940"/><SP WIDTH="25" VPOS="1131" HPOS="801"/>
							<String ID="string_123" HPOS="826" VPOS="1132" WIDTH="54" HEIGHT="29" WC="0.96" CONTENT="års"/><SP WIDTH="25" VPOS="1132" HPOS="880"/>
							<String ID="string_124" HPOS="905" VPOS="1130" WIDTH="122" HEIGHT="31" WC="0.96" CONTENT="urtima"/><SP WIDTH="26" VPOS="1130" HPOS="1027"/>
							<String ID="string_125" HPOS="1053" VPOS="1131" WIDTH="138" HEIGHT="41" WC="0.96" CONTENT="riksdag"/><SP WIDTH="23" VPOS="1131" HPOS="1191"/>
							<String ID="string_126" HPOS="1214" VPOS="1130" WIDTH="121" HEIGHT="42" WC="0.96" CONTENT="gjorda"/><SP WIDTH="25" VPOS="1130" HPOS="1335"/>
							<String ID="string_127" HPOS="1360" VPOS="1131" WIDTH="173" HEIGHT="31" WC="0.95" CONTENT="uttalande"/><SP WIDTH="27" VPOS="1131" HPOS="1533"/>
							<String ID="string_128" HPOS="1560" VPOS="1130" WIDTH="173" HEIGHT="42" WC="0.96" CONTENT="angående"/>
						</TextLine>
						<TextLine ID="line_17" HPOS="233" VPOS="1179" WIDTH="1498" HEIGHT="42">
							<String ID="string_129" HPOS="233" VPOS="1179" WIDTH="95" HEIGHT="32" WC="0.95" CONTENT="detta"/><SP WIDTH="20" VPOS="1179" HPOS="328"/>
							<String ID="string_130" HPOS="348" VPOS="1180" WIDTH="195" HEIGHT="41" WC="0.95" CONTENT="stadgande."/><SP WIDTH="33" VPOS="1180" HPOS="543"/>
							<String ID="string_131" HPOS="576" VPOS="1180" WIDTH="256" HEIGHT="32" WC="0.95" CONTENT="Motionärerna"/><SP WIDTH="20" VPOS="1180" HPOS="832"/>
							<String ID="string_132" HPOS="852" VPOS="1180" WIDTH="110" HEIGHT="32" WC="0.95" CONTENT="erinra"/><SP WIDTH="20" VPOS="1180" HPOS="962"/>
							<String ID="string_133" HPOS="982" VPOS="1192" WIDTH="63" HEIGHT="26" WC="0.96" CONTENT="om,"/><SP WIDTH="23" VPOS="1192" HPOS="1045"/>
							<String ID="string_134" HPOS="1068" VPOS="1182" WIDTH="51" HEIGHT="29" WC="0.92" CONTENT="att"/><SP WIDTH="18" VPOS="1182" HPOS="1119"/>
							<String ID="string_135" HPOS="1137" VPOS="1181" WIDTH="417" HEIGHT="31" WC="0.91" CONTENT="konstitutionsutskottet"/><SP WIDTH="20" VPOS="1181" HPOS="1554"/>
							<String ID="string_136" HPOS="1574" VPOS="1181" WIDTH="57" HEIGHT="31" WC="0.96" CONTENT="vid"/><SP WIDTH="22" VPOS="1181" HPOS="1631"/>
							<String ID="string_137" HPOS="1653" VPOS="1181" WIDTH="78" HEIGHT="31" WC="0.96" CONTENT="1941"/>
						</TextLine>
						<TextLine ID="line_18" HPOS="233" VPOS="1230" WIDTH="1501" HEIGHT="42">
							<String ID="string_138" HPOS="233" VPOS="1231" WIDTH="53" HEIGHT="30" WC="0.96" CONTENT="års"/><SP WIDTH="26" VPOS="1231" HPOS="286"/>
							<String ID="string_139" HPOS="312" VPOS="1230" WIDTH="138" HEIGHT="42" WC="0.96" CONTENT="riksdag"/><SP WIDTH="23" VPOS="1230" HPOS="450"/>
							<String ID="string_140" HPOS="473" VPOS="1231" WIDTH="81" HEIGHT="30" WC="0.96" CONTENT="fann"/><SP WIDTH="26" VPOS="1231" HPOS="554"/>
							<String ID="string_141" HPOS="580" VPOS="1231" WIDTH="183" HEIGHT="41" WC="0.96" CONTENT="anledning"/><SP WIDTH="26" VPOS="1231" HPOS="763"/>
							<String ID="string_142" HPOS="789" VPOS="1230" WIDTH="89" HEIGHT="32" WC="0.96" CONTENT="rikta"/><SP WIDTH="23" VPOS="1230" HPOS="878"/>
							<String ID="string_143" HPOS="901" VPOS="1231" WIDTH="222" HEIGHT="41" WC="0.96" CONTENT="anmärkning"/><SP WIDTH="24" VPOS="1231" HPOS="1123"/>
							<String ID="string_144" HPOS="1147" VPOS="1234" WIDTH="68" HEIGHT="29" WC="0.96" CONTENT="mot"/><SP WIDTH="24" VPOS="1234" HPOS="1215"/>
							<String ID="string_145" HPOS="1239" VPOS="1231" WIDTH="184" HEIGHT="32" WC="0.96" CONTENT="statsrådet"/><SP WIDTH="25" VPOS="1231" HPOS="1423"/>
							<String ID="string_146" HPOS="1448" VPOS="1231" WIDTH="62" HEIGHT="32" WC="0.96" CONTENT="och"/><SP WIDTH="25" VPOS="1231" HPOS="1510"/>
							<String ID="string_147" HPOS="1535" VPOS="1231" WIDTH="121" HEIGHT="32" WC="0.96" CONTENT="chefen"/><SP WIDTH="24" VPOS="1231" HPOS="1656"/>
							<String ID="string_148" HPOS="1680" VPOS="1231" WIDTH="54" HEIGHT="31" WC="0.95" CONTENT="för"/>
						</TextLine>
						<TextLine ID="line_19" HPOS="233" VPOS="1280" WIDTH="1500" HEIGHT="43">
							<String ID="string_149" HPOS="233" VPOS="1280" WIDTH="387" HEIGHT="42" WC="0.90" CONTENT="finansdepartementet"/><SP WIDTH="23" VPOS="1280" HPOS="620"/>
							<String ID="string_150" HPOS="643" VPOS="1281" WIDTH="132" HEIGHT="41" WC="0.93" CONTENT="jämlikt"/><SP WIDTH="22" VPOS="1281" HPOS="775"/>
							<String ID="string_151" HPOS="797" VPOS="1281" WIDTH="21" HEIGHT="41" WC="0.92" CONTENT="&amp;"/><SP WIDTH="26" VPOS="1281" HPOS="818"/>
							<String ID="string_152" HPOS="844" VPOS="1281" WIDTH="57" HEIGHT="31" WC="0.96" CONTENT="107"/><SP WIDTH="25" VPOS="1281" HPOS="901"/>
							<String ID="string_153" HPOS="926" VPOS="1281" WIDTH="316" HEIGHT="42" WC="0.96" CONTENT="regeringsformen,"/><SP WIDTH="25" VPOS="1281" HPOS="1242"/>
							<String ID="string_154" HPOS="1267" VPOS="1284" WIDTH="82" HEIGHT="29" WC="0.96" CONTENT="enär"/><SP WIDTH="24" VPOS="1284" HPOS="1349"/>
							<String ID="string_155" HPOS="1373" VPOS="1281" WIDTH="199" HEIGHT="42" WC="0.93" CONTENT="riksdagens"/><SP WIDTH="25" VPOS="1281" HPOS="1572"/>
							<String ID="string_156" HPOS="1597" VPOS="1281" WIDTH="136" HEIGHT="42" WC="0.92" CONTENT="nyssbe-"/>
						</TextLine>
						<TextLine ID="line_20" HPOS="234" VPOS="1331" WIDTH="1499" HEIGHT="42">
							<String ID="string_157" HPOS="234" VPOS="1331" WIDTH="100" HEIGHT="31" WC="0.92" CONTENT="rörda"/><SP WIDTH="18" VPOS="1331" HPOS="334"/>
							<String ID="string_158" HPOS="352" VPOS="1331" WIDTH="144" HEIGHT="31" WC="0.96" CONTENT="direktiv"/><SP WIDTH="16" VPOS="1331" HPOS="496"/>
							<String ID="string_159" HPOS="512" VPOS="1331" WIDTH="74" HEIGHT="32" WC="0.96" CONTENT="icke"/><SP WIDTH="17" VPOS="1331" HPOS="586"/>
							<String ID="string_160" HPOS="603" VPOS="1332" WIDTH="96" HEIGHT="40" WC="0.96" CONTENT="följts"/><SP WIDTH="16" VPOS="1332" HPOS="699"/>
							<String ID="string_161" HPOS="715" VPOS="1332" WIDTH="58" HEIGHT="31" WC="0.96" CONTENT="vid"/><SP WIDTH="16" VPOS="1332" HPOS="773"/>
							<String ID="string_162" HPOS="789" VPOS="1332" WIDTH="219" HEIGHT="31" WC="0.96" CONTENT="utfärdandet"/><SP WIDTH="15" VPOS="1332" HPOS="1008"/>
							<String ID="string_163" HPOS="1023" VPOS="1343" WIDTH="41" HEIGHT="20" WC="0.96" CONTENT="av"/><SP WIDTH="17" VPOS="1343" HPOS="1064"/>
							<String ID="string_164" HPOS="1081" VPOS="1332" WIDTH="244" HEIGHT="41" WC="0.96" CONTENT="förordningen"/><SP WIDTH="16" VPOS="1332" HPOS="1325"/>
							<String ID="string_165" HPOS="1341" VPOS="1343" WIDTH="40" HEIGHT="20" WC="0.96" CONTENT="av"/><SP WIDTH="17" VPOS="1343" HPOS="1381"/>
							<String ID="string_166" HPOS="1398" VPOS="1332" WIDTH="65" HEIGHT="31" WC="0.96" CONTENT="den"/><SP WIDTH="17" VPOS="1332" HPOS="1463"/>
							<String ID="string_167" HPOS="1480" VPOS="1332" WIDTH="40" HEIGHT="30" WC="0.96" CONTENT="14"/><SP WIDTH="16" VPOS="1332" HPOS="1520"/>
							<String ID="string_168" HPOS="1536" VPOS="1343" WIDTH="89" HEIGHT="20" WC="0.96" CONTENT="mars"/><SP WIDTH="18" VPOS="1343" HPOS="1625"/>
							<String ID="string_169" HPOS="1643" VPOS="1332" WIDTH="90" HEIGHT="37" WC="0.96" CONTENT="1941,"/>
						</TextLine>
						<TextLine ID="line_21" HPOS="232" VPOS="1381" WIDTH="1501" HEIGHT="42">
							<String ID="string_170" HPOS="232" VPOS="1381" WIDTH="115" HEIGHT="32" WC="0.96" CONTENT="vilken"/><SP WIDTH="24" VPOS="1381" HPOS="347"/>
							<String ID="string_171" HPOS="371" VPOS="1382" WIDTH="202" HEIGHT="41" WC="0.96" CONTENT="förordning"/><SP WIDTH="23" VPOS="1382" HPOS="573"/>
							<String ID="string_172" HPOS="596" VPOS="1382" WIDTH="110" HEIGHT="41" WC="0.96" CONTENT="gällde"/><SP WIDTH="25" VPOS="1382" HPOS="706"/>
							<String ID="string_173" HPOS="731" VPOS="1382" WIDTH="196" HEIGHT="41" WC="0.96" CONTENT="ytterligare"/><SP WIDTH="25" VPOS="1382" HPOS="927"/>
							<String ID="string_174" HPOS="952" VPOS="1382" WIDTH="175" HEIGHT="41" WC="0.96" CONTENT="undantag"/><SP WIDTH="25" VPOS="1382" HPOS="1127"/>
							<String ID="string_175" HPOS="1152" VPOS="1382" WIDTH="74" HEIGHT="31" WC="0.93" CONTENT="från"/><SP WIDTH="25" VPOS="1382" HPOS="1226"/>
							<String ID="string_176" HPOS="1251" VPOS="1382" WIDTH="200" HEIGHT="41" WC="0.92" CONTENT="skatteplikt"/><SP WIDTH="24" VPOS="1382" HPOS="1451"/>
							<String ID="string_177" HPOS="1475" VPOS="1382" WIDTH="108" HEIGHT="41" WC="0.92" CONTENT="enligt"/><SP WIDTH="24" VPOS="1382" HPOS="1583"/>
							<String ID="string_178" HPOS="1607" VPOS="1382" WIDTH="126" HEIGHT="31" WC="0.92" CONTENT="förord-"/>
						</TextLine>
						<TextLine ID="line_22" HPOS="233" VPOS="1431" WIDTH="1499" HEIGHT="43">
							<String ID="string_179" HPOS="233" VPOS="1431" WIDTH="126" HEIGHT="42" WC="0.96" CONTENT="ningen"/><SP WIDTH="38" VPOS="1431" HPOS="359"/>
							<String ID="string_180" HPOS="397" VPOS="1443" WIDTH="53" HEIGHT="20" WC="0.93" CONTENT="om"/><SP WIDTH="37" VPOS="1443" HPOS="450"/>
							<String ID="string_181" HPOS="487" VPOS="1432" WIDTH="126" HEIGHT="31" WC="0.93" CONTENT="allmän"/><SP WIDTH="37" VPOS="1432" HPOS="613"/>
							<String ID="string_182" HPOS="650" VPOS="1432" WIDTH="325" HEIGHT="41" WC="0.88" CONTENT="omsättningsskatt."/><SP WIDTH="38" VPOS="1432" HPOS="975"/>
							<String ID="string_183" HPOS="1013" VPOS="1432" WIDTH="9" HEIGHT="31" WC="0.96" CONTENT="I"/><SP WIDTH="27" VPOS="1432" HPOS="1022"/>
							<String ID="string_184" HPOS="1049" VPOS="1432" WIDTH="94" HEIGHT="32" WC="0.96" CONTENT="detta"/><SP WIDTH="25" VPOS="1432" HPOS="1143"/>
							<String ID="string_185" HPOS="1168" VPOS="1432" WIDTH="242" HEIGHT="41" WC="0.96" CONTENT="sammanhang"/><SP WIDTH="25" VPOS="1432" HPOS="1410"/>
							<String ID="string_186" HPOS="1435" VPOS="1432" WIDTH="62" HEIGHT="31" WC="0.96" CONTENT="har"/><SP WIDTH="25" VPOS="1432" HPOS="1497"/>
							<String ID="string_187" HPOS="1522" VPOS="1432" WIDTH="67" HEIGHT="32" WC="0.96" CONTENT="den"/><SP WIDTH="27" VPOS="1432" HPOS="1589"/>
							<String ID="string_188" HPOS="1616" VPOS="1432" WIDTH="116" HEIGHT="42" WC="0.95" CONTENT="frågan"/>
						</TextLine>
						<TextLine ID="line_23" HPOS="234" VPOS="1482" WIDTH="1499" HEIGHT="42">
							<String ID="string_189" HPOS="234" VPOS="1482" WIDTH="247" HEIGHT="38" WC="0.95" CONTENT="aktualiserats,"/><SP WIDTH="23" VPOS="1482" HPOS="481"/>
							<String ID="string_190" HPOS="504" VPOS="1483" WIDTH="5" HEIGHT="30" WC="0.95" CONTENT="i"/><SP WIDTH="18" VPOS="1483" HPOS="509"/>
							<String ID="string_191" HPOS="527" VPOS="1483" WIDTH="65" HEIGHT="31" WC="0.96" CONTENT="vad"/><SP WIDTH="17" VPOS="1483" HPOS="592"/>
							<String ID="string_192" HPOS="609" VPOS="1485" WIDTH="76" HEIGHT="29" WC="0.96" CONTENT="mån"/><SP WIDTH="16" VPOS="1485" HPOS="685"/>
							<String ID="string_193" HPOS="701" VPOS="1483" WIDTH="126" HEIGHT="41" WC="0.93" CONTENT="Kungl."/><SP WIDTH="19" VPOS="1483" HPOS="827"/>
							<String ID="string_194" HPOS="846" VPOS="1482" WIDTH="100" HEIGHT="42" WC="0.96" CONTENT="Maj:t"/><SP WIDTH="16" VPOS="1482" HPOS="946"/>
							<String ID="string_195" HPOS="962" VPOS="1484" WIDTH="37" HEIGHT="29" WC="0.96" CONTENT="är"/><SP WIDTH="14" VPOS="1484" HPOS="999"/>
							<String ID="string_196" HPOS="1013" VPOS="1482" WIDTH="140" HEIGHT="32" WC="0.95" CONTENT="bunden"/><SP WIDTH="16" VPOS="1482" HPOS="1153"/>
							<String ID="string_197" HPOS="1169" VPOS="1494" WIDTH="40" HEIGHT="20" WC="0.95" CONTENT="av"/><SP WIDTH="16" VPOS="1494" HPOS="1209"/>
							<String ID="string_198" HPOS="1225" VPOS="1482" WIDTH="147" HEIGHT="32" WC="0.96" CONTENT="direktiv"/><SP WIDTH="18" VPOS="1482" HPOS="1372"/>
							<String ID="string_199" HPOS="1390" VPOS="1483" WIDTH="74" HEIGHT="30" WC="0.96" CONTENT="från"/><SP WIDTH="17" VPOS="1483" HPOS="1464"/>
							<String ID="string_200" HPOS="1481" VPOS="1482" WIDTH="192" HEIGHT="41" WC="0.96" CONTENT="riksdagen,"/><SP WIDTH="18" VPOS="1482" HPOS="1673"/>
							<String ID="string_201" HPOS="1691" VPOS="1482" WIDTH="42" HEIGHT="31" WC="0.96" CONTENT="då"/>
						</TextLine>
						<TextLine ID="line_24" HPOS="234" VPOS="1532" WIDTH="1499" HEIGHT="42">
							<String ID="string_202" HPOS="234" VPOS="1533" WIDTH="100" HEIGHT="31" WC="0.96" CONTENT="dessa"/><SP WIDTH="25" VPOS="1533" HPOS="334"/>
							<String ID="string_203" HPOS="359" VPOS="1533" WIDTH="120" HEIGHT="31" WC="0.96" CONTENT="endast"/><SP WIDTH="25" VPOS="1533" HPOS="479"/>
							<String ID="string_204" HPOS="504" VPOS="1533" WIDTH="116" HEIGHT="31" WC="0.96" CONTENT="finnas"/><SP WIDTH="25" VPOS="1533" HPOS="620"/>
							<String ID="string_205" HPOS="645" VPOS="1533" WIDTH="149" HEIGHT="31" WC="0.96" CONTENT="uttalade"/><SP WIDTH="26" VPOS="1533" HPOS="794"/>
							<String ID="string_206" HPOS="820" VPOS="1533" WIDTH="11" HEIGHT="31" WC="0.96" CONTENT="i"/><SP WIDTH="25" VPOS="1533" HPOS="831"/>
							<String ID="string_207" HPOS="856" VPOS="1535" WIDTH="48" HEIGHT="29" WC="0.92" CONTENT="ett"/><SP WIDTH="24" VPOS="1535" HPOS="904"/>
							<String ID="string_208" HPOS="928" VPOS="1532" WIDTH="384" HEIGHT="32" WC="0.91" CONTENT="utskottsbetänkandes"/><SP WIDTH="25" VPOS="1532" HPOS="1312"/>
							<String ID="string_209" HPOS="1337" VPOS="1533" WIDTH="204" HEIGHT="41" WC="0.96" CONTENT="motivering"/><SP WIDTH="24" VPOS="1533" HPOS="1541"/>
							<String ID="string_210" HPOS="1565" VPOS="1543" WIDTH="76" HEIGHT="20" WC="0.96" CONTENT="men"/><SP WIDTH="24" VPOS="1543" HPOS="1641"/>
							<String ID="string_211" HPOS="1665" VPOS="1533" WIDTH="31" HEIGHT="41" WC="0.96" CONTENT="ej"/><SP WIDTH="26" VPOS="1533" HPOS="1696"/>
							<String ID="string_212" HPOS="1722" VPOS="1533" WIDTH="11" HEIGHT="30" WC="0.96" CONTENT="i"/>
						</TextLine>
						<TextLine ID="line_25" HPOS="232" VPOS="1583" WIDTH="1501" HEIGHT="42">
							<String ID="string_213" HPOS="232" VPOS="1583" WIDTH="177" HEIGHT="32" WC="0.88" CONTENT="klämmen."/><SP WIDTH="36" VPOS="1583" HPOS="409"/>
							<String ID="string_214" HPOS="445" VPOS="1584" WIDTH="60" HEIGHT="31" WC="0.95" CONTENT="Ett"/><SP WIDTH="24" VPOS="1584" HPOS="505"/>
							<String ID="string_215" HPOS="529" VPOS="1583" WIDTH="12" HEIGHT="30" WC="0.86" CONTENT="i"/><SP WIDTH="25" VPOS="1583" HPOS="541"/>
							<String ID="string_216" HPOS="566" VPOS="1584" WIDTH="338" HEIGHT="41" WC="0.89" CONTENT="författningstexten"/><SP WIDTH="24" VPOS="1584" HPOS="904"/>
							<String ID="string_217" HPOS="928" VPOS="1584" WIDTH="130" HEIGHT="40" WC="0.96" CONTENT="intaget"/><SP WIDTH="25" VPOS="1584" HPOS="1058"/>
							<String ID="string_218" HPOS="1083" VPOS="1583" WIDTH="252" HEIGHT="41" WC="0.96" CONTENT="förtydligande"/><SP WIDTH="25" VPOS="1583" HPOS="1335"/>
							<String ID="string_219" HPOS="1360" VPOS="1594" WIDTH="40" HEIGHT="20" WC="0.92" CONTENT="av"/><SP WIDTH="24" VPOS="1594" HPOS="1400"/>
							<String ID="string_220" HPOS="1424" VPOS="1583" WIDTH="220" HEIGHT="31" WC="0.92" CONTENT="fullmaktens"/><SP WIDTH="25" VPOS="1583" HPOS="1644"/>
							<String ID="string_221" HPOS="1669" VPOS="1594" WIDTH="64" HEIGHT="20" WC="0.92" CONTENT="om-"/>
						</TextLine>
						<TextLine ID="line_26" HPOS="233" VPOS="1633" WIDTH="653" HEIGHT="42">
							<String ID="string_222" HPOS="233" VPOS="1634" WIDTH="150" HEIGHT="41" WC="0.96" CONTENT="fattning"/><SP WIDTH="19" VPOS="1634" HPOS="383"/>
							<String ID="string_223" HPOS="402" VPOS="1645" WIDTH="101" HEIGHT="30" WC="0.96" CONTENT="synes"/><SP WIDTH="22" VPOS="1645" HPOS="503"/>
							<String ID="string_224" HPOS="525" VPOS="1634" WIDTH="117" HEIGHT="31" WC="0.96" CONTENT="därför"/><SP WIDTH="19" VPOS="1634" HPOS="642"/>
							<String ID="string_225" HPOS="661" VPOS="1633" WIDTH="225" HEIGHT="41" WC="0.96" CONTENT="erforderligt."/>
						</TextLine>
					</TextBlock>
					<TextBlock ID="block_8" HPOS="232" VPOS="1684" WIDTH="1500" HEIGHT="294">
						<TextLine ID="line_27" HPOS="286" VPOS="1684" WIDTH="1446" HEIGHT="42">
							<String ID="string_226" HPOS="286" VPOS="1684" WIDTH="597" HEIGHT="42" WC="0.90" CONTENT="Omsättningsskatteförordningen"/><SP WIDTH="20" VPOS="1684" HPOS="883"/>
							<String ID="string_227" HPOS="903" VPOS="1684" WIDTH="60" HEIGHT="31" WC="0.96" CONTENT="har"/><SP WIDTH="21" VPOS="1684" HPOS="963"/>
							<String ID="string_228" HPOS="984" VPOS="1695" WIDTH="45" HEIGHT="20" WC="0.96" CONTENT="nu"/><SP WIDTH="23" VPOS="1695" HPOS="1029"/>
							<String ID="string_229" HPOS="1052" VPOS="1684" WIDTH="88" HEIGHT="32" WC="0.96" CONTENT="varit"/><SP WIDTH="20" VPOS="1684" HPOS="1140"/>
							<String ID="string_230" HPOS="1160" VPOS="1684" WIDTH="156" HEIGHT="41" WC="0.96" CONTENT="gällande"/><SP WIDTH="23" VPOS="1684" HPOS="1316"/>
							<String ID="string_231" HPOS="1339" VPOS="1686" WIDTH="37" HEIGHT="29" WC="0.96" CONTENT="så"/><SP WIDTH="21" VPOS="1686" HPOS="1376"/>
							<String ID="string_232" HPOS="1397" VPOS="1684" WIDTH="78" HEIGHT="41" WC="0.96" CONTENT="lång"/><SP WIDTH="22" VPOS="1684" HPOS="1475"/>
							<String ID="string_233" HPOS="1497" VPOS="1684" WIDTH="61" HEIGHT="38" WC="0.96" CONTENT="tid,"/><SP WIDTH="23" VPOS="1684" HPOS="1558"/>
							<String ID="string_234" HPOS="1581" VPOS="1686" WIDTH="50" HEIGHT="29" WC="0.96" CONTENT="att"/><SP WIDTH="23" VPOS="1686" HPOS="1631"/>
							<String ID="string_235" HPOS="1654" VPOS="1684" WIDTH="78" HEIGHT="31" WC="0.96" CONTENT="dess"/>
						</TextLine>
						<TextLine ID="line_28" HPOS="232" VPOS="1734" WIDTH="1500" HEIGHT="43">
							<String ID="string_236" HPOS="232" VPOS="1735" WIDTH="204" HEIGHT="42" WC="0.96" CONTENT="verkningar"/><SP WIDTH="25" VPOS="1735" HPOS="436"/>
							<String ID="string_237" HPOS="461" VPOS="1735" WIDTH="126" HEIGHT="31" WC="0.93" CONTENT="hunnit"/><SP WIDTH="27" VPOS="1735" HPOS="587"/>
							<String ID="string_238" HPOS="614" VPOS="1734" WIDTH="218" HEIGHT="32" WC="0.92" CONTENT="överblickas."/><SP WIDTH="39" VPOS="1734" HPOS="832"/>
							<String ID="string_239" HPOS="871" VPOS="1734" WIDTH="112" HEIGHT="42" WC="0.96" CONTENT="Några"/><SP WIDTH="26" VPOS="1734" HPOS="983"/>
							<String ID="string_240" HPOS="1009" VPOS="1746" WIDTH="47" HEIGHT="20" WC="0.96" CONTENT="nu"/><SP WIDTH="27" VPOS="1746" HPOS="1056"/>
							<String ID="string_241" HPOS="1083" VPOS="1734" WIDTH="223" HEIGHT="31" WC="0.96" CONTENT="oförutsedda"/><SP WIDTH="25" VPOS="1734" HPOS="1306"/>
							<String ID="string_242" HPOS="1331" VPOS="1734" WIDTH="111" HEIGHT="31" WC="0.96" CONTENT="behov"/><SP WIDTH="27" VPOS="1734" HPOS="1442"/>
							<String ID="string_243" HPOS="1469" VPOS="1745" WIDTH="40" HEIGHT="20" WC="0.95" CONTENT="av"/><SP WIDTH="27" VPOS="1745" HPOS="1509"/>
							<String ID="string_244" HPOS="1536" VPOS="1734" WIDTH="196" HEIGHT="41" WC="0.96" CONTENT="ytterligare"/>
						</TextLine>
						<TextLine ID="line_29" HPOS="232" VPOS="1784" WIDTH="1500" HEIGHT="43">
							<String ID="string_245" HPOS="232" VPOS="1786" WIDTH="175" HEIGHT="41" WC="0.95" CONTENT="undantag"/><SP WIDTH="24" VPOS="1786" HPOS="407"/>
							<String ID="string_246" HPOS="431" VPOS="1786" WIDTH="74" HEIGHT="31" WC="0.93" CONTENT="från"/><SP WIDTH="26" VPOS="1786" HPOS="505"/>
							<String ID="string_247" HPOS="531" VPOS="1785" WIDTH="199" HEIGHT="41" WC="0.92" CONTENT="skatteplikt"/><SP WIDTH="25" VPOS="1785" HPOS="730"/>
							<String ID="string_248" HPOS="755" VPOS="1785" WIDTH="55" HEIGHT="31" WC="0.96" CONTENT="för"/><SP WIDTH="24" VPOS="1785" HPOS="810"/>
							<String ID="string_249" HPOS="834" VPOS="1796" WIDTH="66" HEIGHT="30" WC="0.96" CONTENT="nya"/><SP WIDTH="24" VPOS="1796" HPOS="900"/>
							<String ID="string_250" HPOS="924" VPOS="1796" WIDTH="97" HEIGHT="20" WC="0.96" CONTENT="varor"/><SP WIDTH="26" VPOS="1796" HPOS="1021"/>
							<String ID="string_251" HPOS="1047" VPOS="1785" WIDTH="64" HEIGHT="31" WC="0.93" CONTENT="och"/><SP WIDTH="24" VPOS="1785" HPOS="1111"/>
							<String ID="string_252" HPOS="1135" VPOS="1796" WIDTH="232" HEIGHT="30" WC="0.92" CONTENT="varugrupper"/><SP WIDTH="24" VPOS="1796" HPOS="1367"/>
							<String ID="string_253" HPOS="1391" VPOS="1795" WIDTH="39" HEIGHT="20" WC="0.96" CONTENT="av"/><SP WIDTH="25" VPOS="1795" HPOS="1430"/>
							<String ID="string_254" HPOS="1455" VPOS="1786" WIDTH="38" HEIGHT="29" WC="0.96" CONTENT="så"/><SP WIDTH="25" VPOS="1786" HPOS="1493"/>
							<String ID="string_255" HPOS="1518" VPOS="1784" WIDTH="214" HEIGHT="31" WC="0.96" CONTENT="brådskande"/>
						</TextLine>
						<TextLine ID="line_30" HPOS="232" VPOS="1834" WIDTH="1500" HEIGHT="43">
							<String ID="string_256" HPOS="232" VPOS="1838" WIDTH="109" HEIGHT="36" WC="0.95" CONTENT="natur,"/><SP WIDTH="21" VPOS="1838" HPOS="341"/>
							<String ID="string_257" HPOS="362" VPOS="1837" WIDTH="50" HEIGHT="30" WC="0.96" CONTENT="att"/><SP WIDTH="17" VPOS="1837" HPOS="412"/>
							<String ID="string_258" HPOS="429" VPOS="1836" WIDTH="128" HEIGHT="41" WC="0.96" CONTENT="förslag"/><SP WIDTH="17" VPOS="1836" HPOS="557"/>
							<String ID="string_259" HPOS="574" VPOS="1835" WIDTH="117" HEIGHT="31" WC="0.96" CONTENT="härom"/><SP WIDTH="16" VPOS="1835" HPOS="691"/>
							<String ID="string_260" HPOS="707" VPOS="1835" WIDTH="30" HEIGHT="41" WC="0.96" CONTENT="ej"/><SP WIDTH="19" VPOS="1835" HPOS="737"/>
							<String ID="string_261" HPOS="756" VPOS="1835" WIDTH="66" HEIGHT="31" WC="0.96" CONTENT="kan"/><SP WIDTH="18" VPOS="1835" HPOS="822"/>
							<String ID="string_262" HPOS="840" VPOS="1835" WIDTH="227" HEIGHT="31" WC="0.95" CONTENT="underställas"/><SP WIDTH="18" VPOS="1835" HPOS="1067"/>
							<String ID="string_263" HPOS="1085" VPOS="1835" WIDTH="198" HEIGHT="41" WC="0.96" CONTENT="riksdagens"/><SP WIDTH="18" VPOS="1835" HPOS="1283"/>
							<String ID="string_264" HPOS="1301" VPOS="1835" WIDTH="177" HEIGHT="41" WC="0.96" CONTENT="prövning,"/><SP WIDTH="18" VPOS="1835" HPOS="1478"/>
							<String ID="string_265" HPOS="1496" VPOS="1834" WIDTH="98" HEIGHT="32" WC="0.92" CONTENT="torde"/><SP WIDTH="18" VPOS="1834" HPOS="1594"/>
							<String ID="string_266" HPOS="1612" VPOS="1836" WIDTH="120" HEIGHT="39" WC="0.92" CONTENT="näppe-"/>
						</TextLine>
						<TextLine ID="line_31" HPOS="232" VPOS="1884" WIDTH="1500" HEIGHT="44">
							<String ID="string_267" HPOS="232" VPOS="1887" WIDTH="92" HEIGHT="41" WC="0.93" CONTENT="ligen"/><SP WIDTH="21" VPOS="1887" HPOS="324"/>
							<String ID="string_268" HPOS="345" VPOS="1887" WIDTH="197" HEIGHT="31" WC="0.90" CONTENT="förefinnas."/><SP WIDTH="32" VPOS="1887" HPOS="542"/>
							<String ID="string_269" HPOS="574" VPOS="1886" WIDTH="195" HEIGHT="41" WC="0.96" CONTENT="Riksdagen"/><SP WIDTH="19" VPOS="1886" HPOS="769"/>
							<String ID="string_270" HPOS="788" VPOS="1885" WIDTH="64" HEIGHT="31" WC="0.96" CONTENT="bör"/><SP WIDTH="19" VPOS="1885" HPOS="852"/>
							<String ID="string_271" HPOS="871" VPOS="1885" WIDTH="30" HEIGHT="41" WC="0.93" CONTENT="ej"/><SP WIDTH="22" VPOS="1885" HPOS="901"/>
							<String ID="string_272" HPOS="923" VPOS="1885" WIDTH="189" HEIGHT="31" WC="0.92" CONTENT="frånhända"/><SP WIDTH="18" VPOS="1885" HPOS="1112"/>
							<String ID="string_273" HPOS="1130" VPOS="1885" WIDTH="52" HEIGHT="41" WC="0.96" CONTENT="sig"/><SP WIDTH="19" VPOS="1885" HPOS="1182"/>
							<String ID="string_274" HPOS="1201" VPOS="1884" WIDTH="53" HEIGHT="31" WC="0.93" CONTENT="sin"/><SP WIDTH="19" VPOS="1884" HPOS="1254"/>
							<String ID="string_275" HPOS="1273" VPOS="1885" WIDTH="308" HEIGHT="40" WC="0.91" CONTENT="beskattningsrätt"/><SP WIDTH="12" VPOS="1885" HPOS="1581"/>
							<String ID="string_276" HPOS="1593" VPOS="1884" WIDTH="12" HEIGHT="31" WC="0.93" CONTENT="i"/><SP WIDTH="12" VPOS="1884" HPOS="1605"/>
							<String ID="string_277" HPOS="1617" VPOS="1884" WIDTH="115" HEIGHT="31" WC="0.95" CONTENT="vidare"/>
						</TextLine>
						<TextLine ID="line_32" HPOS="233" VPOS="1935" WIDTH="1296" HEIGHT="43">
							<String ID="string_278" HPOS="233" VPOS="1937" WIDTH="206" HEIGHT="41" WC="0.96" CONTENT="omfattning"/><SP WIDTH="18" VPOS="1937" HPOS="439"/>
							<String ID="string_279" HPOS="457" VPOS="1939" WIDTH="41" HEIGHT="29" WC="0.96" CONTENT="än"/><SP WIDTH="20" VPOS="1939" HPOS="498"/>
							<String ID="string_280" HPOS="518" VPOS="1948" WIDTH="75" HEIGHT="20" WC="0.96" CONTENT="som"/><SP WIDTH="18" VPOS="1948" HPOS="593"/>
							<String ID="string_281" HPOS="611" VPOS="1947" WIDTH="41" HEIGHT="21" WC="0.96" CONTENT="av"/><SP WIDTH="18" VPOS="1947" HPOS="652"/>
							<String ID="string_282" HPOS="670" VPOS="1936" WIDTH="174" HEIGHT="41" WC="0.96" CONTENT="praktiska"/><SP WIDTH="18" VPOS="1936" HPOS="844"/>
							<String ID="string_283" HPOS="862" VPOS="1935" WIDTH="72" HEIGHT="32" WC="0.96" CONTENT="skäl"/><SP WIDTH="19" VPOS="1935" HPOS="934"/>
							<String ID="string_284" HPOS="953" VPOS="1935" WIDTH="65" HEIGHT="31" WC="0.96" CONTENT="kan"/><SP WIDTH="19" VPOS="1935" HPOS="1018"/>
							<String ID="string_285" HPOS="1037" VPOS="1946" WIDTH="101" HEIGHT="21" WC="0.96" CONTENT="anses"/><SP WIDTH="19" VPOS="1946" HPOS="1138"/>
							<String ID="string_286" HPOS="1157" VPOS="1935" WIDTH="136" HEIGHT="31" WC="0.96" CONTENT="absolut"/><SP WIDTH="18" VPOS="1935" HPOS="1293"/>
							<String ID="string_287" HPOS="1311" VPOS="1935" WIDTH="218" HEIGHT="41" WC="0.96" CONTENT="nödvändigt."/>
						</TextLine>
					</TextBlock>
					<TextBlock ID="block_9" HPOS="231" VPOS="1985" WIDTH="1502" HEIGHT="296">
						<TextLine ID="line_33" HPOS="286" VPOS="1985" WIDTH="1447" HEIGHT="43">
							<String ID="string_288" HPOS="286" VPOS="1987" WIDTH="123" HEIGHT="32" WC="0.96" CONTENT="Såsom"/><SP WIDTH="18" VPOS="1987" HPOS="409"/>
							<String ID="string_289" HPOS="427" VPOS="1988" WIDTH="147" HEIGHT="40" WC="0.96" CONTENT="framgår"/><SP WIDTH="17" VPOS="1988" HPOS="574"/>
							<String ID="string_290" HPOS="591" VPOS="1997" WIDTH="41" HEIGHT="20" WC="0.96" CONTENT="av"/><SP WIDTH="16" VPOS="1997" HPOS="632"/>
							<String ID="string_291" HPOS="648" VPOS="1986" WIDTH="241" HEIGHT="42" WC="0.96" CONTENT="redogörelsen"/><SP WIDTH="18" VPOS="1986" HPOS="889"/>
							<String ID="string_292" HPOS="907" VPOS="1986" WIDTH="61" HEIGHT="31" WC="0.96" CONTENT="har"/><SP WIDTH="16" VPOS="1986" HPOS="968"/>
							<String ID="string_293" HPOS="984" VPOS="1986" WIDTH="120" HEIGHT="41" WC="0.95" CONTENT="frågan"/><SP WIDTH="18" VPOS="1986" HPOS="1104"/>
							<String ID="string_294" HPOS="1122" VPOS="1997" WIDTH="54" HEIGHT="20" WC="0.96" CONTENT="om"/><SP WIDTH="16" VPOS="1997" HPOS="1176"/>
							<String ID="string_295" HPOS="1192" VPOS="1985" WIDTH="260" HEIGHT="42" WC="0.96" CONTENT="tillämpningen"/><SP WIDTH="19" VPOS="1985" HPOS="1452"/>
							<String ID="string_296" HPOS="1471" VPOS="1996" WIDTH="41" HEIGHT="20" WC="0.91" CONTENT="av"/><SP WIDTH="17" VPOS="1996" HPOS="1512"/>
							<String ID="string_297" HPOS="1529" VPOS="1985" WIDTH="204" HEIGHT="40" WC="0.91" CONTENT="stadgandet"/>
						</TextLine>
						<TextLine ID="line_34" HPOS="232" VPOS="2035" WIDTH="1497" HEIGHT="44">
							<String ID="string_298" HPOS="232" VPOS="2038" WIDTH="120" HEIGHT="41" WC="0.77" CONTENT="i283"/><SP WIDTH="18" VPOS="2038" HPOS="352"/>
							<String ID="string_299" HPOS="370" VPOS="2049" WIDTH="97" HEIGHT="20" WC="0.95" CONTENT="mom."/><SP WIDTH="17" VPOS="2049" HPOS="467"/>
							<String ID="string_300" HPOS="484" VPOS="2037" WIDTH="136" HEIGHT="32" WC="0.95" CONTENT="berörts"/><SP WIDTH="17" VPOS="2037" HPOS="620"/>
							<String ID="string_301" HPOS="637" VPOS="2037" WIDTH="12" HEIGHT="31" WC="0.95" CONTENT="i"/><SP WIDTH="17" VPOS="2037" HPOS="649"/>
							<String ID="string_302" HPOS="666" VPOS="2037" WIDTH="64" HEIGHT="31" WC="0.96" CONTENT="den"/><SP WIDTH="18" VPOS="2037" HPOS="730"/>
							<String ID="string_303" HPOS="748" VPOS="2048" WIDTH="41" HEIGHT="20" WC="0.96" CONTENT="av"/><SP WIDTH="21" VPOS="2048" HPOS="789"/>
							<String ID="string_304" HPOS="810" VPOS="2037" WIDTH="78" HEIGHT="31" WC="0.96" CONTENT="1941"/><SP WIDTH="18" VPOS="2037" HPOS="888"/>
							<String ID="string_305" HPOS="906" VPOS="2038" WIDTH="54" HEIGHT="29" WC="0.96" CONTENT="års"/><SP WIDTH="17" VPOS="2038" HPOS="960"/>
							<String ID="string_306" HPOS="977" VPOS="2036" WIDTH="139" HEIGHT="41" WC="0.95" CONTENT="riksdag"/><SP WIDTH="16" VPOS="2036" HPOS="1116"/>
							<String ID="string_307" HPOS="1132" VPOS="2035" WIDTH="178" HEIGHT="42" WC="0.96" CONTENT="godkända"/><SP WIDTH="17" VPOS="2035" HPOS="1310"/>
							<String ID="string_308" HPOS="1327" VPOS="2036" WIDTH="262" HEIGHT="41" WC="0.96" CONTENT="propositionen"/><SP WIDTH="15" VPOS="2036" HPOS="1589"/>
							<String ID="string_309" HPOS="1604" VPOS="2046" WIDTH="41" HEIGHT="20" WC="0.96" CONTENT="nr"/><SP WIDTH="15" VPOS="2046" HPOS="1645"/>
							<String ID="string_310" HPOS="1660" VPOS="2035" WIDTH="69" HEIGHT="31" WC="0.96" CONTENT="342."/>
						</TextLine>
						<TextLine ID="line_35" HPOS="231" VPOS="2085" WIDTH="1501" HEIGHT="45">
							<String ID="string_311" HPOS="231" VPOS="2089" WIDTH="52" HEIGHT="31" WC="0.96" CONTENT="De"/><SP WIDTH="29" VPOS="2089" HPOS="283"/>
							<String ID="string_312" HPOS="312" VPOS="2089" WIDTH="120" HEIGHT="31" WC="0.96" CONTENT="därvid"/><SP WIDTH="27" VPOS="2089" HPOS="432"/>
							<String ID="string_313" HPOS="459" VPOS="2088" WIDTH="200" HEIGHT="42" WC="0.91" CONTENT="uppdragna"/><SP WIDTH="26" VPOS="2088" HPOS="659"/>
							<String ID="string_314" HPOS="685" VPOS="2087" WIDTH="265" HEIGHT="41" WC="0.91" CONTENT="huvudlinjerna"/><SP WIDTH="25" VPOS="2087" HPOS="950"/>
							<String ID="string_315" HPOS="975" VPOS="2087" WIDTH="54" HEIGHT="30" WC="0.96" CONTENT="för"/><SP WIDTH="27" VPOS="2087" HPOS="1029"/>
							<String ID="string_316" HPOS="1056" VPOS="2086" WIDTH="125" HEIGHT="41" WC="0.92" CONTENT="Kungl."/><SP WIDTH="29" VPOS="2086" HPOS="1181"/>
							<String ID="string_317" HPOS="1210" VPOS="2085" WIDTH="119" HEIGHT="42" WC="0.96" CONTENT="Maj:ts"/><SP WIDTH="28" VPOS="2085" HPOS="1329"/>
							<String ID="string_318" HPOS="1357" VPOS="2086" WIDTH="247" HEIGHT="41" WC="0.96" CONTENT="befogenheter"/><SP WIDTH="26" VPOS="2086" HPOS="1604"/>
							<String ID="string_319" HPOS="1630" VPOS="2096" WIDTH="102" HEIGHT="30" WC="0.96" CONTENT="synas"/>
						</TextLine>
						<TextLine ID="line_36" HPOS="231" VPOS="2135" WIDTH="1501" HEIGHT="43">
							<String ID="string_320" HPOS="231" VPOS="2139" WIDTH="84" HEIGHT="32" WC="0.96" CONTENT="böra"/><SP WIDTH="20" VPOS="2139" HPOS="315"/>
							<String ID="string_321" HPOS="335" VPOS="2139" WIDTH="88" HEIGHT="31" WC="0.96" CONTENT="klart"/><SP WIDTH="19" VPOS="2139" HPOS="423"/>
							<String ID="string_322" HPOS="442" VPOS="2139" WIDTH="134" HEIGHT="31" WC="0.96" CONTENT="komma"/><SP WIDTH="21" VPOS="2139" HPOS="576"/>
							<String ID="string_323" HPOS="597" VPOS="2137" WIDTH="53" HEIGHT="31" WC="0.96" CONTENT="till"/><SP WIDTH="20" VPOS="2137" HPOS="650"/>
							<String ID="string_324" HPOS="670" VPOS="2137" WIDTH="133" HEIGHT="41" WC="0.96" CONTENT="uttryck"/><SP WIDTH="21" VPOS="2137" HPOS="803"/>
							<String ID="string_325" HPOS="824" VPOS="2137" WIDTH="12" HEIGHT="31" WC="0.93" CONTENT="i"/><SP WIDTH="20" VPOS="2137" HPOS="836"/>
							<String ID="string_326" HPOS="856" VPOS="2136" WIDTH="346" HEIGHT="42" WC="0.87" CONTENT="författningstexten."/><SP WIDTH="32" VPOS="2136" HPOS="1202"/>
							<String ID="string_327" HPOS="1234" VPOS="2137" WIDTH="50" HEIGHT="30" WC="0.96" CONTENT="På"/><SP WIDTH="20" VPOS="2137" HPOS="1284"/>
							<String ID="string_328" HPOS="1304" VPOS="2136" WIDTH="110" HEIGHT="41" WC="0.96" CONTENT="grund"/><SP WIDTH="20" VPOS="2136" HPOS="1414"/>
							<String ID="string_329" HPOS="1434" VPOS="2147" WIDTH="39" HEIGHT="20" WC="0.96" CONTENT="av"/><SP WIDTH="20" VPOS="2147" HPOS="1473"/>
							<String ID="string_330" HPOS="1493" VPOS="2135" WIDTH="144" HEIGHT="32" WC="0.96" CONTENT="anförda"/><SP WIDTH="22" VPOS="2135" HPOS="1637"/>
							<String ID="string_331" HPOS="1659" VPOS="2135" WIDTH="73" HEIGHT="31" WC="0.96" CONTENT="skäl"/>
						</TextLine>
						<TextLine ID="line_37" HPOS="233" VPOS="2185" WIDTH="1497" HEIGHT="44">
							<String ID="string_332" HPOS="233" VPOS="2190" WIDTH="114" HEIGHT="30" WC="0.96" CONTENT="finner"/><SP WIDTH="21" VPOS="2190" HPOS="347"/>
							<String ID="string_333" HPOS="368" VPOS="2189" WIDTH="166" HEIGHT="31" WC="0.96" CONTENT="utskottet"/><SP WIDTH="22" VPOS="2189" HPOS="534"/>
							<String ID="string_334" HPOS="556" VPOS="2187" WIDTH="156" HEIGHT="42" WC="0.96" CONTENT="lämpligt"/><SP WIDTH="20" VPOS="2187" HPOS="712"/>
							<String ID="string_335" HPOS="732" VPOS="2187" WIDTH="128" HEIGHT="32" WC="0.96" CONTENT="föreslå"/><SP WIDTH="22" VPOS="2187" HPOS="860"/>
							<String ID="string_336" HPOS="882" VPOS="2187" WIDTH="179" HEIGHT="40" WC="0.95" CONTENT="riksdagen"/><SP WIDTH="23" VPOS="2187" HPOS="1061"/>
							<String ID="string_337" HPOS="1084" VPOS="2198" WIDTH="42" HEIGHT="20" WC="0.96" CONTENT="en"/><SP WIDTH="22" VPOS="2198" HPOS="1126"/>
							<String ID="string_338" HPOS="1148" VPOS="2186" WIDTH="279" HEIGHT="41" WC="0.96" CONTENT="omformulering"/><SP WIDTH="20" VPOS="2186" HPOS="1427"/>
							<String ID="string_339" HPOS="1447" VPOS="2197" WIDTH="41" HEIGHT="20" WC="0.95" CONTENT="av"/><SP WIDTH="22" VPOS="2197" HPOS="1488"/>
							<String ID="string_340" HPOS="1510" VPOS="2185" WIDTH="18" HEIGHT="30" WC="0.95" CONTENT="2"/><SP WIDTH="22" VPOS="2185" HPOS="1528"/>
							<String ID="string_341" HPOS="1550" VPOS="2185" WIDTH="21" HEIGHT="41" WC="0.62" CONTENT="8"/><SP WIDTH="21" VPOS="2185" HPOS="1571"/>
							<String ID="string_342" HPOS="1592" VPOS="2185" WIDTH="19" HEIGHT="31" WC="0.96" CONTENT="3"/><SP WIDTH="22" VPOS="2185" HPOS="1611"/>
							<String ID="string_343" HPOS="1633" VPOS="2196" WIDTH="97" HEIGHT="20" WC="0.96" CONTENT="mom."/>
						</TextLine>
						<TextLine ID="line_38" HPOS="232" VPOS="2237" WIDTH="816" HEIGHT="44">
							<String ID="string_344" HPOS="232" VPOS="2240" WIDTH="245" HEIGHT="41" WC="0.96" CONTENT="förordningen"/><SP WIDTH="21" VPOS="2240" HPOS="477"/>
							<String ID="string_345" HPOS="498" VPOS="2250" WIDTH="56" HEIGHT="21" WC="0.96" CONTENT="om"/><SP WIDTH="21" VPOS="2250" HPOS="554"/>
							<String ID="string_346" HPOS="575" VPOS="2238" WIDTH="124" HEIGHT="32" WC="0.93" CONTENT="allmän"/><SP WIDTH="21" VPOS="2238" HPOS="699"/>
							<String ID="string_347" HPOS="720" VPOS="2237" WIDTH="328" HEIGHT="42" WC="0.90" CONTENT="omsättningsskatt."/>
						</TextLine>
					</TextBlock>
					<TextBlock ID="block_10" HPOS="285" VPOS="2286" WIDTH="1283" HEIGHT="45">
						<TextLine ID="line_39" HPOS="285" VPOS="2286" WIDTH="1283" HEIGHT="45">
							<String ID="string_348" HPOS="285" VPOS="2290" WIDTH="120" HEIGHT="31" WC="0.96" CONTENT="Under"/><SP WIDTH="20" VPOS="2290" HPOS="405"/>
							<String ID="string_349" HPOS="425" VPOS="2289" WIDTH="215" HEIGHT="42" WC="0.96" CONTENT="åberopande"/><SP WIDTH="21" VPOS="2289" HPOS="640"/>
							<String ID="string_350" HPOS="661" VPOS="2299" WIDTH="39" HEIGHT="21" WC="0.96" CONTENT="av"/><SP WIDTH="20" VPOS="2299" HPOS="700"/>
							<String ID="string_351" HPOS="720" VPOS="2288" WIDTH="65" HEIGHT="30" WC="0.96" CONTENT="vad"/><SP WIDTH="20" VPOS="2288" HPOS="785"/>
							<String ID="string_352" HPOS="805" VPOS="2288" WIDTH="143" HEIGHT="31" WC="0.96" CONTENT="sålunda"/><SP WIDTH="20" VPOS="2288" HPOS="948"/>
							<String ID="string_353" HPOS="968" VPOS="2287" WIDTH="132" HEIGHT="31" WC="0.96" CONTENT="anförts"/><SP WIDTH="22" VPOS="2287" HPOS="1100"/>
							<String ID="string_354" HPOS="1122" VPOS="2287" WIDTH="50" HEIGHT="30" WC="0.96" CONTENT="får"/><SP WIDTH="21" VPOS="2287" HPOS="1172"/>
							<String ID="string_355" HPOS="1193" VPOS="2286" WIDTH="168" HEIGHT="32" WC="0.93" CONTENT="utskottet"/><SP WIDTH="18" VPOS="2286" HPOS="1361"/>
							<String ID="string_356" HPOS="1379" VPOS="2286" WIDTH="189" HEIGHT="37" WC="0.91" CONTENT="hemställa,"/>
						</TextLine>
					</TextBlock>
					<TextBlock ID="block_11" HPOS="316" VPOS="2335" WIDTH="1416" HEIGHT="148">
						<TextLine ID="line_40" HPOS="358" VPOS="2335" WIDTH="1373" HEIGHT="46">
							<String ID="string_357" HPOS="358" VPOS="2340" WIDTH="32" HEIGHT="41" WC="0.95" CONTENT="4)"/><SP WIDTH="29" VPOS="2340" HPOS="390"/>
							<String ID="string_358" HPOS="419" VPOS="2342" WIDTH="49" HEIGHT="29" WC="0.95" CONTENT="att"/><SP WIDTH="19" VPOS="2342" HPOS="468"/>
							<String ID="string_359" HPOS="487" VPOS="2340" WIDTH="183" HEIGHT="41" WC="0.96" CONTENT="riksdagen"/><SP WIDTH="20" VPOS="2340" HPOS="670"/>
							<String ID="string_360" HPOS="690" VPOS="2340" WIDTH="112" HEIGHT="36" WC="0.96" CONTENT="måtte,"/><SP WIDTH="23" VPOS="2340" HPOS="802"/>
							<String ID="string_361" HPOS="825" VPOS="2339" WIDTH="11" HEIGHT="30" WC="0.96" CONTENT="i"/><SP WIDTH="21" VPOS="2339" HPOS="836"/>
							<String ID="string_362" HPOS="857" VPOS="2338" WIDTH="184" HEIGHT="41" WC="0.96" CONTENT="anledning"/><SP WIDTH="21" VPOS="2338" HPOS="1041"/>
							<String ID="string_363" HPOS="1062" VPOS="2348" WIDTH="41" HEIGHT="20" WC="0.95" CONTENT="av"/><SP WIDTH="21" VPOS="2348" HPOS="1103"/>
							<String ID="string_364" HPOS="1124" VPOS="2336" WIDTH="172" HEIGHT="31" WC="0.96" CONTENT="motionen"/><SP WIDTH="22" VPOS="2336" HPOS="1296"/>
							<String ID="string_365" HPOS="1318" VPOS="2335" WIDTH="49" HEIGHT="31" WC="0.44" CONTENT="II:"/><SP WIDTH="14" VPOS="2335" HPOS="1367"/>
							<String ID="string_366" HPOS="1381" VPOS="2336" WIDTH="49" HEIGHT="37" WC="0.44" CONTENT="27,"/><SP WIDTH="21" VPOS="2336" HPOS="1430"/>
							<String ID="string_367" HPOS="1451" VPOS="2347" WIDTH="55" HEIGHT="20" WC="0.96" CONTENT="om"/><SP WIDTH="21" VPOS="2347" HPOS="1506"/>
							<String ID="string_368" HPOS="1527" VPOS="2336" WIDTH="145" HEIGHT="40" WC="0.96" CONTENT="ändring"/><SP WIDTH="19" VPOS="2336" HPOS="1672"/>
							<String ID="string_369" HPOS="1691" VPOS="2346" WIDTH="40" HEIGHT="20" WC="0.96" CONTENT="av"/>
						</TextLine>
						<TextLine ID="line_41" HPOS="316" VPOS="2385" WIDTH="1416" HEIGHT="47">
							<String ID="string_370" HPOS="316" VPOS="2390" WIDTH="91" HEIGHT="42" WC="0.91" CONTENT="283"/><SP WIDTH="18" VPOS="2390" HPOS="407"/>
							<String ID="string_371" HPOS="425" VPOS="2402" WIDTH="97" HEIGHT="20" WC="0.96" CONTENT="mom."/><SP WIDTH="19" VPOS="2402" HPOS="522"/>
							<String ID="string_372" HPOS="541" VPOS="2389" WIDTH="244" HEIGHT="41" WC="0.96" CONTENT="förordningen"/><SP WIDTH="17" VPOS="2389" HPOS="785"/>
							<String ID="string_373" HPOS="802" VPOS="2399" WIDTH="55" HEIGHT="20" WC="0.96" CONTENT="om"/><SP WIDTH="17" VPOS="2399" HPOS="857"/>
							<String ID="string_374" HPOS="874" VPOS="2388" WIDTH="122" HEIGHT="31" WC="0.93" CONTENT="allmän"/><SP WIDTH="17" VPOS="2388" HPOS="996"/>
							<String ID="string_375" HPOS="1013" VPOS="2386" WIDTH="328" HEIGHT="41" WC="0.91" CONTENT="omsättningsskatt,"/><SP WIDTH="19" VPOS="2386" HPOS="1341"/>
							<String ID="string_376" HPOS="1360" VPOS="2385" WIDTH="143" HEIGHT="40" WC="0.96" CONTENT="besluta,"/><SP WIDTH="17" VPOS="2385" HPOS="1503"/>
							<String ID="string_377" HPOS="1520" VPOS="2389" WIDTH="50" HEIGHT="29" WC="0.96" CONTENT="att"/><SP WIDTH="16" VPOS="2389" HPOS="1570"/>
							<String ID="string_378" HPOS="1586" VPOS="2385" WIDTH="146" HEIGHT="31" WC="0.96" CONTENT="nämnda"/>
						</TextLine>
						<TextLine ID="line_42" HPOS="316" VPOS="2438" WIDTH="681" HEIGHT="45">
							<String ID="string_379" HPOS="316" VPOS="2441" WIDTH="187" HEIGHT="42" WC="0.95" CONTENT="stadgande"/><SP WIDTH="19" VPOS="2441" HPOS="503"/>
							<String ID="string_380" HPOS="522" VPOS="2440" WIDTH="147" HEIGHT="33" WC="0.96" CONTENT="erhåller"/><SP WIDTH="18" VPOS="2440" HPOS="669"/>
							<String ID="string_381" HPOS="687" VPOS="2439" WIDTH="152" HEIGHT="41" WC="0.95" CONTENT="följande"/><SP WIDTH="19" VPOS="2439" HPOS="839"/>
							<String ID="string_382" HPOS="858" VPOS="2438" WIDTH="139" HEIGHT="42" WC="0.96" CONTENT="lydelse:"/>
						</TextLine>
					</TextBlock>
				</ComposedBlock>
			</PrintSpace>
		</Page>
	</Layout>
</alto>
