<?xml version="1.0" encoding="UTF-8"?>
<alto xmlns="http://www.loc.gov/standards/alto/ns-v3#" xmlns:xlink="http://www.w3.org/1999/xlink" xmlns:xsi="http://www.w3.org/2001/XMLSchema-instance" xsi:schemaLocation="http://www.loc.gov/standards/alto/ns-v3# http://www.loc.gov/alto/v3/alto-3-0.xsd">
	<Description>
		<MeasurementUnit>pixel</MeasurementUnit>
		<sourceImageInformation>
			<fileName>/tmp/tess_decmsznt_input.PNG</fileName>
		</sourceImageInformation>
		<OCRProcessing ID="OCR_0">
			<ocrProcessingStep>
				<processingSoftware>
					<softwareName>tesseract 5.3.0</softwareName>
				</processingSoftware>
			</ocrProcessingStep>
		</OCRProcessing>
	</Description>
	<Layout>
		<Page WIDTH="1900" HEIGHT="2846" PHYSICAL_IMG_NR="0" ID="page_0">
			<PrintSpace HPOS="0" VPOS="0" WIDTH="1900" HEIGHT="2846">
				<ComposedBlock ID="cblock_0" HPOS="441" VPOS="168" WIDTH="1116" HEIGHT="44">
					<TextBlock ID="block_0" HPOS="441" VPOS="168" WIDTH="1116" HEIGHT="44">
						<TextLine ID="line_0" HPOS="441" VPOS="168" WIDTH="1116" HEIGHT="44">
							<String ID="string_0" HPOS="441" VPOS="174" WIDTH="418" HEIGHT="38" WC="0.69" CONTENT="Bewillningsutskottets"/><SP WIDTH="20" VPOS="174" HPOS="859"/>
							<String ID="string_1" HPOS="879" VPOS="172" WIDTH="224" HEIGHT="33" WC="0.94" CONTENT="betänkande"/><SP WIDTH="21" VPOS="172" HPOS="1103"/>
							<String ID="string_2" HPOS="1124" VPOS="172" WIDTH="53" HEIGHT="32" WC="0.94" CONTENT="Nr"/><SP WIDTH="24" VPOS="172" HPOS="1177"/>
							<String ID="string_3" HPOS="1201" VPOS="171" WIDTH="53" HEIGHT="30" WC="0.93" CONTENT="36."/><SP WIDTH="263" VPOS="171" HPOS="1254"/>
							<String ID="string_4" HPOS="1517" VPOS="168" WIDTH="40" HEIGHT="31" WC="0.93" CONTENT="15"/>
						</TextLine>
					</TextBlock>
				</ComposedBlock>
				<ComposedBlock ID="cblock_1" HPOS="93" VPOS="245" WIDTH="1510" HEIGHT="1085">
					<TextBlock ID="block_1" HPOS="93" VPOS="245" WIDTH="1510" HEIGHT="462">
						<TextLine ID="line_1" HPOS="95" VPOS="245" WIDTH="1507" HEIGHT="43">
							<String ID="string_5" HPOS="95" VPOS="252" WIDTH="215" HEIGHT="33" WC="0.92" CONTENT="fabrikaten."/><SP WIDTH="43" VPOS="252" HPOS="310"/>
							<String ID="string_6" HPOS="353" VPOS="253" WIDTH="51" HEIGHT="31" WC="0.96" CONTENT="De"/><SP WIDTH="24" VPOS="253" HPOS="404"/>
							<String ID="string_7" HPOS="428" VPOS="251" WIDTH="229" HEIGHT="37" WC="0.96" CONTENT="sakkunniga"/><SP WIDTH="22" VPOS="251" HPOS="657"/>
							<String ID="string_8" HPOS="679" VPOS="249" WIDTH="120" HEIGHT="32" WC="0.94" CONTENT="erinra"/><SP WIDTH="22" VPOS="249" HPOS="799"/>
							<String ID="string_9" HPOS="821" VPOS="248" WIDTH="135" HEIGHT="37" WC="0.96" CONTENT="vidare,"/><SP WIDTH="24" VPOS="248" HPOS="956"/>
							<String ID="string_10" HPOS="980" VPOS="248" WIDTH="74" HEIGHT="32" WC="0.96" CONTENT="dels"/><SP WIDTH="23" VPOS="248" HPOS="1054"/>
							<String ID="string_11" HPOS="1077" VPOS="249" WIDTH="54" HEIGHT="30" WC="0.96" CONTENT="att"/><SP WIDTH="23" VPOS="249" HPOS="1131"/>
							<String ID="string_12" HPOS="1154" VPOS="247" WIDTH="41" HEIGHT="32" WC="0.96" CONTENT="de"/><SP WIDTH="25" VPOS="247" HPOS="1195"/>
							<String ID="string_13" HPOS="1220" VPOS="245" WIDTH="265" HEIGHT="39" WC="0.96" CONTENT="jämförelsevis"/><SP WIDTH="23" VPOS="245" HPOS="1485"/>
							<String ID="string_14" HPOS="1508" VPOS="245" WIDTH="94" HEIGHT="37" WC="0.96" CONTENT="höga"/>
						</TextLine>
						<TextLine ID="line_2" HPOS="94" VPOS="297" WIDTH="1508" HEIGHT="40">
							<String ID="string_15" HPOS="94" VPOS="304" WIDTH="348" HEIGHT="33" WC="0.91" CONTENT="markkostnaderna"/><SP WIDTH="27" VPOS="304" HPOS="442"/>
							<String ID="string_16" HPOS="469" VPOS="304" WIDTH="13" HEIGHT="31" WC="0.93" CONTENT="i"/><SP WIDTH="34" VPOS="304" HPOS="482"/>
							<String ID="string_17" HPOS="516" VPOS="303" WIDTH="251" HEIGHT="31" WC="0.91" CONTENT="frihamnarna"/><SP WIDTH="27" VPOS="303" HPOS="767"/>
							<String ID="string_18" HPOS="794" VPOS="302" WIDTH="66" HEIGHT="31" WC="0.96" CONTENT="och"/><SP WIDTH="30" VPOS="302" HPOS="860"/>
							<String ID="string_19" HPOS="890" VPOS="301" WIDTH="68" HEIGHT="32" WC="0.96" CONTENT="den"/><SP WIDTH="31" VPOS="301" HPOS="958"/>
							<String ID="string_20" HPOS="989" VPOS="300" WIDTH="92" HEIGHT="36" WC="0.93" CONTENT="efter"/><SP WIDTH="27" VPOS="300" HPOS="1081"/>
							<String ID="string_21" HPOS="1108" VPOS="297" WIDTH="401" HEIGHT="39" WC="0.90" CONTENT="dyrortsförhållanden"/><SP WIDTH="33" VPOS="297" HPOS="1509"/>
							<String ID="string_22" HPOS="1542" VPOS="307" WIDTH="60" HEIGHT="21" WC="0.91" CONTENT="av-"/>
						</TextLine>
						<TextLine ID="line_3" HPOS="95" VPOS="349" WIDTH="1508" HEIGHT="46">
							<String ID="string_23" HPOS="95" VPOS="358" WIDTH="150" HEIGHT="37" WC="0.93" CONTENT="passade"/><SP WIDTH="19" VPOS="358" HPOS="245"/>
							<String ID="string_24" HPOS="264" VPOS="356" WIDTH="316" HEIGHT="33" WC="0.91" CONTENT="arbetslönenivån"/><SP WIDTH="18" VPOS="356" HPOS="580"/>
							<String ID="string_25" HPOS="598" VPOS="355" WIDTH="10" HEIGHT="31" WC="0.93" CONTENT="i"/><SP WIDTH="21" VPOS="355" HPOS="608"/>
							<String ID="string_26" HPOS="629" VPOS="353" WIDTH="349" HEIGHT="33" WC="0.91" CONTENT="frihamnsstäderna"/><SP WIDTH="21" VPOS="353" HPOS="978"/>
							<String ID="string_27" HPOS="999" VPOS="352" WIDTH="61" HEIGHT="32" WC="0.96" CONTENT="vid"/><SP WIDTH="21" VPOS="352" HPOS="1060"/>
							<String ID="string_28" HPOS="1081" VPOS="352" WIDTH="91" HEIGHT="31" WC="0.96" CONTENT="flera"/><SP WIDTH="19" VPOS="352" HPOS="1172"/>
							<String ID="string_29" HPOS="1191" VPOS="351" WIDTH="170" HEIGHT="32" WC="0.96" CONTENT="tillfällen"/><SP WIDTH="20" VPOS="351" HPOS="1361"/>
							<String ID="string_30" HPOS="1381" VPOS="349" WIDTH="222" HEIGHT="32" WC="0.95" CONTENT="framhållits"/>
						</TextLine>
						<TextLine ID="line_4" HPOS="94" VPOS="401" WIDTH="1506" HEIGHT="46">
							<String ID="string_31" HPOS="94" VPOS="410" WIDTH="117" HEIGHT="31" WC="0.96" CONTENT="såsom"/><SP WIDTH="24" VPOS="410" HPOS="211"/>
							<String ID="string_32" HPOS="235" VPOS="409" WIDTH="139" HEIGHT="38" WC="0.96" CONTENT="ägnade"/><SP WIDTH="21" VPOS="409" HPOS="374"/>
							<String ID="string_33" HPOS="395" VPOS="410" WIDTH="55" HEIGHT="30" WC="0.96" CONTENT="att"/><SP WIDTH="23" VPOS="410" HPOS="450"/>
							<String ID="string_34" HPOS="473" VPOS="407" WIDTH="214" HEIGHT="38" WC="0.96" CONTENT="ytterligare"/><SP WIDTH="24" VPOS="407" HPOS="687"/>
							<String ID="string_35" HPOS="711" VPOS="406" WIDTH="175" HEIGHT="37" WC="0.93" CONTENT="begränsa"/><SP WIDTH="23" VPOS="406" HPOS="886"/>
							<String ID="string_36" HPOS="909" VPOS="404" WIDTH="356" HEIGHT="37" WC="0.91" CONTENT="förutsättningarna"/><SP WIDTH="24" VPOS="404" HPOS="1265"/>
							<String ID="string_37" HPOS="1289" VPOS="403" WIDTH="55" HEIGHT="31" WC="0.93" CONTENT="för"/><SP WIDTH="24" VPOS="403" HPOS="1344"/>
							<String ID="string_38" HPOS="1368" VPOS="401" WIDTH="232" HEIGHT="32" WC="0.91" CONTENT="frihamnsin-"/>
						</TextLine>
						<TextLine ID="line_5" HPOS="94" VPOS="451" WIDTH="1509" HEIGHT="47">
							<String ID="string_39" HPOS="94" VPOS="462" WIDTH="173" HEIGHT="36" WC="0.91" CONTENT="dustrien,"/><SP WIDTH="26" VPOS="462" HPOS="267"/>
							<String ID="string_40" HPOS="293" VPOS="460" WIDTH="75" HEIGHT="32" WC="0.96" CONTENT="dels"/><SP WIDTH="29" VPOS="460" HPOS="368"/>
							<String ID="string_41" HPOS="397" VPOS="461" WIDTH="64" HEIGHT="31" WC="0.96" CONTENT="ock"/><SP WIDTH="26" VPOS="461" HPOS="461"/>
							<String ID="string_42" HPOS="487" VPOS="462" WIDTH="55" HEIGHT="30" WC="0.93" CONTENT="att"/><SP WIDTH="29" VPOS="462" HPOS="542"/>
							<String ID="string_43" HPOS="571" VPOS="459" WIDTH="250" HEIGHT="32" WC="0.91" CONTENT="frihamnarna"/><SP WIDTH="29" VPOS="459" HPOS="821"/>
							<String ID="string_44" HPOS="850" VPOS="458" WIDTH="71" HEIGHT="31" WC="0.96" CONTENT="fått"/><SP WIDTH="26" VPOS="458" HPOS="921"/>
							<String ID="string_45" HPOS="947" VPOS="468" WIDTH="44" HEIGHT="21" WC="0.96" CONTENT="en"/><SP WIDTH="28" VPOS="468" HPOS="991"/>
							<String ID="string_46" HPOS="1019" VPOS="456" WIDTH="67" HEIGHT="32" WC="0.96" CONTENT="allt"/><SP WIDTH="26" VPOS="456" HPOS="1086"/>
							<String ID="string_47" HPOS="1112" VPOS="456" WIDTH="203" HEIGHT="36" WC="0.95" CONTENT="mäktigare"/><SP WIDTH="25" VPOS="456" HPOS="1315"/>
							<String ID="string_48" HPOS="1340" VPOS="454" WIDTH="224" HEIGHT="32" WC="0.96" CONTENT="konkurrent"/><SP WIDTH="26" VPOS="454" HPOS="1564"/>
							<String ID="string_49" HPOS="1590" VPOS="451" WIDTH="13" HEIGHT="32" WC="0.96" CONTENT="i"/>
						</TextLine>
						<TextLine ID="line_6" HPOS="97" VPOS="505" WIDTH="1506" HEIGHT="43">
							<String ID="string_50" HPOS="97" VPOS="512" WIDTH="478" HEIGHT="36" WC="0.91" CONTENT="tullrestitutionsväsendet,"/><SP WIDTH="28" VPOS="512" HPOS="575"/>
							<String ID="string_51" HPOS="603" VPOS="512" WIDTH="114" HEIGHT="31" WC="0.96" CONTENT="vilket"/><SP WIDTH="28" VPOS="512" HPOS="717"/>
							<String ID="string_52" HPOS="745" VPOS="519" WIDTH="149" HEIGHT="23" WC="0.96" CONTENT="numera"/><SP WIDTH="28" VPOS="519" HPOS="894"/>
							<String ID="string_53" HPOS="922" VPOS="510" WIDTH="66" HEIGHT="32" WC="0.96" CONTENT="och"/><SP WIDTH="31" VPOS="510" HPOS="988"/>
							<String ID="string_54" HPOS="1019" VPOS="508" WIDTH="148" HEIGHT="33" WC="0.96" CONTENT="särskilt"/><SP WIDTH="30" VPOS="508" HPOS="1167"/>
							<String ID="string_55" HPOS="1197" VPOS="517" WIDTH="126" HEIGHT="28" WC="0.96" CONTENT="genom"/><SP WIDTH="30" VPOS="517" HPOS="1323"/>
							<String ID="string_56" HPOS="1353" VPOS="507" WIDTH="79" HEIGHT="32" WC="0.95" CONTENT="1929"/><SP WIDTH="28" VPOS="507" HPOS="1432"/>
							<String ID="string_57" HPOS="1460" VPOS="507" WIDTH="59" HEIGHT="32" WC="0.93" CONTENT="års"/><SP WIDTH="28" VPOS="507" HPOS="1519"/>
							<String ID="string_58" HPOS="1547" VPOS="505" WIDTH="56" HEIGHT="32" WC="0.92" CONTENT="be-"/>
						</TextLine>
						<TextLine ID="line_7" HPOS="95" VPOS="558" WIDTH="1508" HEIGHT="43">
							<String ID="string_59" HPOS="95" VPOS="566" WIDTH="222" HEIGHT="32" WC="0.50" CONTENT="stämmelser"/><SP WIDTH="24" VPOS="566" HPOS="317"/>
							<String ID="string_60" HPOS="341" VPOS="565" WIDTH="107" HEIGHT="32" WC="0.96" CONTENT="blivit"/><SP WIDTH="24" VPOS="565" HPOS="448"/>
							<String ID="string_61" HPOS="472" VPOS="566" WIDTH="13" HEIGHT="30" WC="0.96" CONTENT="i"/><SP WIDTH="24" VPOS="566" HPOS="485"/>
							<String ID="string_62" HPOS="509" VPOS="564" WIDTH="86" HEIGHT="32" WC="0.96" CONTENT="vida"/><SP WIDTH="25" VPOS="564" HPOS="595"/>
							<String ID="string_63" HPOS="620" VPOS="564" WIDTH="111" HEIGHT="37" WC="0.96" CONTENT="högre"/><SP WIDTH="26" VPOS="564" HPOS="731"/>
							<String ID="string_64" HPOS="757" VPOS="563" WIDTH="89" HEIGHT="38" WC="0.96" CONTENT="grad"/><SP WIDTH="23" VPOS="563" HPOS="846"/>
							<String ID="string_65" HPOS="869" VPOS="563" WIDTH="113" HEIGHT="36" WC="0.96" CONTENT="ägnat"/><SP WIDTH="24" VPOS="563" HPOS="982"/>
							<String ID="string_66" HPOS="1006" VPOS="563" WIDTH="54" HEIGHT="30" WC="0.96" CONTENT="att"/><SP WIDTH="28" VPOS="563" HPOS="1060"/>
							<String ID="string_67" HPOS="1088" VPOS="560" WIDTH="187" HEIGHT="38" WC="0.92" CONTENT="tillgodose"/><SP WIDTH="25" VPOS="560" HPOS="1275"/>
							<String ID="string_68" HPOS="1300" VPOS="559" WIDTH="221" HEIGHT="32" WC="0.92" CONTENT="industriens"/><SP WIDTH="25" VPOS="559" HPOS="1521"/>
							<String ID="string_69" HPOS="1546" VPOS="558" WIDTH="57" HEIGHT="32" WC="0.91" CONTENT="be-"/>
						</TextLine>
						<TextLine ID="line_8" HPOS="93" VPOS="610" WIDTH="1509" HEIGHT="41">
							<String ID="string_70" HPOS="93" VPOS="618" WIDTH="70" HEIGHT="32" WC="0.96" CONTENT="hov"/><SP WIDTH="24" VPOS="618" HPOS="163"/>
							<String ID="string_71" HPOS="187" VPOS="630" WIDTH="46" HEIGHT="21" WC="0.92" CONTENT="av"/><SP WIDTH="24" VPOS="630" HPOS="233"/>
							<String ID="string_72" HPOS="257" VPOS="618" WIDTH="238" HEIGHT="32" WC="0.91" CONTENT="tullättnader"/><SP WIDTH="26" VPOS="618" HPOS="495"/>
							<String ID="string_73" HPOS="521" VPOS="617" WIDTH="62" HEIGHT="32" WC="0.96" CONTENT="vid"/><SP WIDTH="22" VPOS="617" HPOS="583"/>
							<String ID="string_74" HPOS="605" VPOS="616" WIDTH="194" HEIGHT="32" WC="0.93" CONTENT="utländska"/><SP WIDTH="23" VPOS="616" HPOS="799"/>
							<String ID="string_75" HPOS="822" VPOS="625" WIDTH="125" HEIGHT="22" WC="0.92" CONTENT="varors"/><SP WIDTH="24" VPOS="625" HPOS="947"/>
							<String ID="string_76" HPOS="971" VPOS="612" WIDTH="238" HEIGHT="33" WC="0.94" CONTENT="användande"/><SP WIDTH="24" VPOS="612" HPOS="1209"/>
							<String ID="string_77" HPOS="1233" VPOS="612" WIDTH="56" HEIGHT="32" WC="0.93" CONTENT="till"/><SP WIDTH="23" VPOS="612" HPOS="1289"/>
							<String ID="string_78" HPOS="1312" VPOS="610" WIDTH="290" HEIGHT="38" WC="0.90" CONTENT="exporttillverk-"/>
						</TextLine>
						<TextLine ID="line_9" HPOS="93" VPOS="664" WIDTH="1321" HEIGHT="43">
							<String ID="string_79" HPOS="93" VPOS="671" WIDTH="98" HEIGHT="36" WC="0.96" CONTENT="ning,"/><SP WIDTH="26" VPOS="671" HPOS="191"/>
							<String ID="string_80" HPOS="217" VPOS="674" WIDTH="47" HEIGHT="29" WC="0.96" CONTENT="än"/><SP WIDTH="25" VPOS="674" HPOS="264"/>
							<String ID="string_81" HPOS="289" VPOS="669" WIDTH="70" HEIGHT="32" WC="0.96" CONTENT="vad"/><SP WIDTH="26" VPOS="669" HPOS="359"/>
							<String ID="string_82" HPOS="385" VPOS="670" WIDTH="103" HEIGHT="31" WC="0.95" CONTENT="fallet"/><SP WIDTH="24" VPOS="670" HPOS="488"/>
							<String ID="string_83" HPOS="512" VPOS="669" WIDTH="98" HEIGHT="31" WC="0.96" CONTENT="varit"/><SP WIDTH="25" VPOS="669" HPOS="610"/>
							<String ID="string_84" HPOS="635" VPOS="668" WIDTH="62" HEIGHT="32" WC="0.93" CONTENT="vid"/><SP WIDTH="26" VPOS="668" HPOS="697"/>
							<String ID="string_85" HPOS="723" VPOS="665" WIDTH="478" HEIGHT="38" WC="0.90" CONTENT="frihamnslagstiftningens"/><SP WIDTH="28" VPOS="665" HPOS="1201"/>
							<String ID="string_86" HPOS="1229" VPOS="664" WIDTH="185" HEIGHT="32" WC="0.96" CONTENT="tillkomst."/>
						</TextLine>
					</TextBlock>
					<TextBlock ID="block_2" HPOS="95" VPOS="716" WIDTH="1508" HEIGHT="614">
						<TextLine ID="line_10" HPOS="136" VPOS="716" WIDTH="1465" HEIGHT="42">
							<String ID="string_87" HPOS="136" VPOS="724" WIDTH="125" HEIGHT="33" WC="0.96" CONTENT="Såsom"/><SP WIDTH="31" VPOS="724" HPOS="261"/>
							<String ID="string_88" HPOS="292" VPOS="734" WIDTH="46" HEIGHT="21" WC="0.96" CONTENT="av"/><SP WIDTH="26" VPOS="734" HPOS="338"/>
							<String ID="string_89" HPOS="364" VPOS="722" WIDTH="244" HEIGHT="33" WC="0.96" CONTENT="betänkandet"/><SP WIDTH="28" VPOS="722" HPOS="608"/>
							<String ID="string_90" HPOS="636" VPOS="722" WIDTH="173" HEIGHT="36" WC="0.96" CONTENT="framgår,"/><SP WIDTH="28" VPOS="722" HPOS="809"/>
							<String ID="string_91" HPOS="837" VPOS="720" WIDTH="96" HEIGHT="31" WC="0.96" CONTENT="hava"/><SP WIDTH="29" VPOS="720" HPOS="933"/>
							<String ID="string_92" HPOS="962" VPOS="718" WIDTH="63" HEIGHT="32" WC="0.96" CONTENT="vid"/><SP WIDTH="29" VPOS="718" HPOS="1025"/>
							<String ID="string_93" HPOS="1054" VPOS="717" WIDTH="206" HEIGHT="38" WC="0.96" CONTENT="upprepade"/><SP WIDTH="32" VPOS="717" HPOS="1260"/>
							<String ID="string_94" HPOS="1292" VPOS="716" WIDTH="171" HEIGHT="32" WC="0.92" CONTENT="tillfällen"/><SP WIDTH="30" VPOS="716" HPOS="1463"/>
							<String ID="string_95" HPOS="1493" VPOS="716" WIDTH="108" HEIGHT="31" WC="0.90" CONTENT="fram-"/>
						</TextLine>
						<TextLine ID="line_11" HPOS="96" VPOS="769" WIDTH="1506" HEIGHT="45">
							<String ID="string_96" HPOS="96" VPOS="776" WIDTH="218" HEIGHT="38" WC="0.95" CONTENT="ställningar"/><SP WIDTH="21" VPOS="776" HPOS="314"/>
							<String ID="string_97" HPOS="335" VPOS="775" WIDTH="115" HEIGHT="38" WC="0.96" CONTENT="gjorts"/><SP WIDTH="20" VPOS="775" HPOS="450"/>
							<String ID="string_98" HPOS="470" VPOS="784" WIDTH="57" HEIGHT="22" WC="0.96" CONTENT="om"/><SP WIDTH="19" VPOS="784" HPOS="527"/>
							<String ID="string_99" HPOS="546" VPOS="773" WIDTH="154" HEIGHT="37" WC="0.96" CONTENT="ändring"/><SP WIDTH="21" VPOS="773" HPOS="700"/>
							<String ID="string_100" HPOS="721" VPOS="783" WIDTH="45" HEIGHT="21" WC="0.96" CONTENT="av"/><SP WIDTH="22" VPOS="783" HPOS="766"/>
							<String ID="string_101" HPOS="788" VPOS="771" WIDTH="165" HEIGHT="39" WC="0.96" CONTENT="gällande"/><SP WIDTH="20" VPOS="771" HPOS="953"/>
							<String ID="string_102" HPOS="973" VPOS="769" WIDTH="268" HEIGHT="33" WC="0.96" CONTENT="bestämmelser"/><SP WIDTH="21" VPOS="769" HPOS="1241"/>
							<String ID="string_103" HPOS="1262" VPOS="769" WIDTH="12" HEIGHT="31" WC="0.96" CONTENT="i"/><SP WIDTH="19" VPOS="769" HPOS="1274"/>
							<String ID="string_104" HPOS="1293" VPOS="769" WIDTH="97" HEIGHT="36" WC="0.95" CONTENT="syfte"/><SP WIDTH="20" VPOS="769" HPOS="1390"/>
							<String ID="string_105" HPOS="1410" VPOS="769" WIDTH="53" HEIGHT="30" WC="0.96" CONTENT="att"/><SP WIDTH="21" VPOS="769" HPOS="1463"/>
							<String ID="string_106" HPOS="1484" VPOS="776" WIDTH="118" HEIGHT="26" WC="0.95" CONTENT="varor,"/>
						</TextLine>
						<TextLine ID="line_12" HPOS="95" VPOS="819" WIDTH="1506" HEIGHT="46">
							<String ID="string_107" HPOS="95" VPOS="838" WIDTH="76" HEIGHT="22" WC="0.96" CONTENT="som"/><SP WIDTH="23" VPOS="838" HPOS="171"/>
							<String ID="string_108" HPOS="194" VPOS="828" WIDTH="114" HEIGHT="37" WC="0.95" CONTENT="enligt"/><SP WIDTH="22" VPOS="828" HPOS="308"/>
							<String ID="string_109" HPOS="330" VPOS="826" WIDTH="178" HEIGHT="32" WC="0.96" CONTENT="meddelat"/><SP WIDTH="23" VPOS="826" HPOS="508"/>
							<String ID="string_110" HPOS="531" VPOS="825" WIDTH="164" HEIGHT="32" WC="0.91" CONTENT="tillstånd"/><SP WIDTH="23" VPOS="825" HPOS="695"/>
							<String ID="string_111" HPOS="718" VPOS="824" WIDTH="174" HEIGHT="32" WC="0.91" CONTENT="förädlats"/><SP WIDTH="23" VPOS="824" HPOS="892"/>
							<String ID="string_112" HPOS="915" VPOS="823" WIDTH="99" HEIGHT="31" WC="0.95" CONTENT="inom"/><SP WIDTH="22" VPOS="823" HPOS="1014"/>
							<String ID="string_113" HPOS="1036" VPOS="822" WIDTH="170" HEIGHT="36" WC="0.95" CONTENT="frihamn,"/><SP WIDTH="23" VPOS="822" HPOS="1206"/>
							<String ID="string_114" HPOS="1229" VPOS="821" WIDTH="112" HEIGHT="31" WC="0.96" CONTENT="måtte"/><SP WIDTH="23" VPOS="821" HPOS="1341"/>
							<String ID="string_115" HPOS="1364" VPOS="821" WIDTH="123" HEIGHT="30" WC="0.96" CONTENT="kunna"/><SP WIDTH="22" VPOS="821" HPOS="1487"/>
							<String ID="string_116" HPOS="1509" VPOS="819" WIDTH="92" HEIGHT="31" WC="0.96" CONTENT="efter"/>
						</TextLine>
						<TextLine ID="line_13" HPOS="96" VPOS="871" WIDTH="1506" HEIGHT="44">
							<String ID="string_117" HPOS="96" VPOS="879" WIDTH="148" HEIGHT="33" WC="0.70" CONTENT="särskilt"/><SP WIDTH="28" VPOS="879" HPOS="244"/>
							<String ID="string_118" HPOS="272" VPOS="889" WIDTH="47" HEIGHT="22" WC="0.96" CONTENT="av"/><SP WIDTH="24" VPOS="889" HPOS="319"/>
							<String ID="string_119" HPOS="343" VPOS="878" WIDTH="136" HEIGHT="37" WC="0.94" CONTENT="Kungl."/><SP WIDTH="27" VPOS="878" HPOS="479"/>
							<String ID="string_120" HPOS="506" VPOS="877" WIDTH="112" HEIGHT="37" WC="0.96" CONTENT="Maj:t"/><SP WIDTH="25" VPOS="877" HPOS="618"/>
							<String ID="string_121" HPOS="643" VPOS="876" WIDTH="138" HEIGHT="32" WC="0.96" CONTENT="lämnat"/><SP WIDTH="27" VPOS="876" HPOS="781"/>
							<String ID="string_122" HPOS="808" VPOS="874" WIDTH="239" HEIGHT="38" WC="0.96" CONTENT="medgivande"/><SP WIDTH="26" VPOS="874" HPOS="1047"/>
							<String ID="string_123" HPOS="1073" VPOS="873" WIDTH="61" HEIGHT="32" WC="0.96" CONTENT="vid"/><SP WIDTH="29" VPOS="873" HPOS="1134"/>
							<String ID="string_124" HPOS="1163" VPOS="872" WIDTH="149" HEIGHT="32" WC="0.96" CONTENT="införsel"/><SP WIDTH="27" VPOS="872" HPOS="1312"/>
							<String ID="string_125" HPOS="1339" VPOS="872" WIDTH="166" HEIGHT="32" WC="0.93" CONTENT="därifrån"/><SP WIDTH="27" VPOS="872" HPOS="1505"/>
							<String ID="string_126" HPOS="1532" VPOS="871" WIDTH="70" HEIGHT="31" WC="0.91" CONTENT="för-"/>
						</TextLine>
						<TextLine ID="line_14" HPOS="95" VPOS="923" WIDTH="1506" HEIGHT="43">
							<String ID="string_127" HPOS="95" VPOS="932" WIDTH="111" HEIGHT="31" WC="0.91" CONTENT="tullas"/><SP WIDTH="22" VPOS="932" HPOS="206"/>
							<String ID="string_128" HPOS="228" VPOS="931" WIDTH="94" HEIGHT="31" WC="0.96" CONTENT="efter"/><SP WIDTH="26" VPOS="931" HPOS="322"/>
							<String ID="string_129" HPOS="348" VPOS="931" WIDTH="42" HEIGHT="32" WC="0.93" CONTENT="de"/><SP WIDTH="25" VPOS="931" HPOS="390"/>
							<String ID="string_130" HPOS="415" VPOS="930" WIDTH="196" HEIGHT="36" WC="0.91" CONTENT="tullsatser,"/><SP WIDTH="25" VPOS="930" HPOS="611"/>
							<String ID="string_131" HPOS="636" VPOS="938" WIDTH="75" HEIGHT="22" WC="0.96" CONTENT="som"/><SP WIDTH="26" VPOS="938" HPOS="711"/>
							<String ID="string_132" HPOS="737" VPOS="927" WIDTH="96" HEIGHT="38" WC="0.96" CONTENT="gälla"/><SP WIDTH="27" VPOS="927" HPOS="833"/>
							<String ID="string_133" HPOS="860" VPOS="927" WIDTH="56" HEIGHT="32" WC="0.96" CONTENT="för"/><SP WIDTH="27" VPOS="927" HPOS="916"/>
							<String ID="string_134" HPOS="943" VPOS="926" WIDTH="42" HEIGHT="32" WC="0.96" CONTENT="de"/><SP WIDTH="25" VPOS="926" HPOS="985"/>
							<String ID="string_135" HPOS="1010" VPOS="926" WIDTH="62" HEIGHT="31" WC="0.93" CONTENT="vid"/><SP WIDTH="26" VPOS="926" HPOS="1072"/>
							<String ID="string_136" HPOS="1098" VPOS="924" WIDTH="230" HEIGHT="38" WC="0.92" CONTENT="förädlingen"/><SP WIDTH="25" VPOS="924" HPOS="1328"/>
							<String ID="string_137" HPOS="1353" VPOS="923" WIDTH="169" HEIGHT="32" WC="0.93" CONTENT="använda"/><SP WIDTH="26" VPOS="923" HPOS="1522"/>
							<String ID="string_138" HPOS="1548" VPOS="924" WIDTH="53" HEIGHT="30" WC="0.92" CONTENT="ut-"/>
						</TextLine>
						<TextLine ID="line_15" HPOS="96" VPOS="974" WIDTH="1506" HEIGHT="41">
							<String ID="string_139" HPOS="96" VPOS="983" WIDTH="152" HEIGHT="32" WC="0.92" CONTENT="ländska"/><SP WIDTH="25" VPOS="983" HPOS="248"/>
							<String ID="string_140" HPOS="273" VPOS="983" WIDTH="200" HEIGHT="31" WC="0.96" CONTENT="råvarorna"/><SP WIDTH="25" VPOS="983" HPOS="473"/>
							<String ID="string_141" HPOS="498" VPOS="981" WIDTH="65" HEIGHT="32" WC="0.93" CONTENT="och"/><SP WIDTH="26" VPOS="981" HPOS="563"/>
							<String ID="string_142" HPOS="589" VPOS="979" WIDTH="303" HEIGHT="33" WC="0.89" CONTENT="halvfabrikaten."/><SP WIDTH="48" VPOS="979" HPOS="892"/>
							<String ID="string_143" HPOS="940" VPOS="978" WIDTH="56" HEIGHT="32" WC="0.96" CONTENT="En"/><SP WIDTH="25" VPOS="978" HPOS="996"/>
							<String ID="string_144" HPOS="1021" VPOS="977" WIDTH="195" HEIGHT="37" WC="0.96" CONTENT="utredning"/><SP WIDTH="27" VPOS="977" HPOS="1216"/>
							<String ID="string_145" HPOS="1243" VPOS="977" WIDTH="11" HEIGHT="31" WC="0.95" CONTENT="i"/><SP WIDTH="26" VPOS="977" HPOS="1254"/>
							<String ID="string_146" HPOS="1280" VPOS="977" WIDTH="121" HEIGHT="30" WC="0.96" CONTENT="ämnet"/><SP WIDTH="26" VPOS="977" HPOS="1401"/>
							<String ID="string_147" HPOS="1427" VPOS="976" WIDTH="66" HEIGHT="31" WC="0.81" CONTENT="bar"/><SP WIDTH="28" VPOS="976" HPOS="1493"/>
							<String ID="string_148" HPOS="1521" VPOS="974" WIDTH="81" HEIGHT="32" WC="0.90" CONTENT="tidi-"/>
						</TextLine>
						<TextLine ID="line_16" HPOS="97" VPOS="1027" WIDTH="1505" HEIGHT="46">
							<String ID="string_149" HPOS="97" VPOS="1045" WIDTH="84" HEIGHT="28" WC="0.93" CONTENT="gare"/><SP WIDTH="20" VPOS="1045" HPOS="181"/>
							<String ID="string_150" HPOS="201" VPOS="1034" WIDTH="210" HEIGHT="33" WC="0.92" CONTENT="verkställts"/><SP WIDTH="18" VPOS="1034" HPOS="411"/>
							<String ID="string_151" HPOS="429" VPOS="1043" WIDTH="46" HEIGHT="22" WC="0.93" CONTENT="av"/><SP WIDTH="18" VPOS="1043" HPOS="475"/>
							<String ID="string_152" HPOS="493" VPOS="1031" WIDTH="374" HEIGHT="37" WC="0.90" CONTENT="kommerskollegium"/><SP WIDTH="21" VPOS="1031" HPOS="867"/>
							<String ID="string_153" HPOS="888" VPOS="1030" WIDTH="64" HEIGHT="32" WC="0.92" CONTENT="och"/><SP WIDTH="22" VPOS="1030" HPOS="952"/>
							<String ID="string_154" HPOS="974" VPOS="1028" WIDTH="404" HEIGHT="39" WC="0.92" CONTENT="generaltullstyrelsen,"/><SP WIDTH="21" VPOS="1028" HPOS="1378"/>
							<String ID="string_155" HPOS="1399" VPOS="1037" WIDTH="75" HEIGHT="22" WC="0.93" CONTENT="som"/><SP WIDTH="19" VPOS="1037" HPOS="1474"/>
							<String ID="string_156" HPOS="1493" VPOS="1027" WIDTH="109" HEIGHT="31" WC="0.91" CONTENT="fram-"/>
						</TextLine>
						<TextLine ID="line_17" HPOS="96" VPOS="1078" WIDTH="1505" HEIGHT="46">
							<String ID="string_157" HPOS="96" VPOS="1087" WIDTH="77" HEIGHT="37" WC="0.96" CONTENT="lagt"/><SP WIDTH="21" VPOS="1087" HPOS="173"/>
							<String ID="string_158" HPOS="194" VPOS="1086" WIDTH="189" HEIGHT="32" WC="0.95" CONTENT="resultatet"/><SP WIDTH="19" VPOS="1086" HPOS="383"/>
							<String ID="string_159" HPOS="402" VPOS="1095" WIDTH="47" HEIGHT="22" WC="0.96" CONTENT="av"/><SP WIDTH="20" VPOS="1095" HPOS="449"/>
							<String ID="string_160" HPOS="469" VPOS="1083" WIDTH="242" HEIGHT="38" WC="0.96" CONTENT="utredningen"/><SP WIDTH="19" VPOS="1083" HPOS="711"/>
							<String ID="string_161" HPOS="730" VPOS="1084" WIDTH="12" HEIGHT="30" WC="0.96" CONTENT="i"/><SP WIDTH="22" VPOS="1084" HPOS="742"/>
							<String ID="string_162" HPOS="764" VPOS="1083" WIDTH="221" HEIGHT="37" WC="0.96" CONTENT="gemensamt"/><SP WIDTH="21" VPOS="1083" HPOS="985"/>
							<String ID="string_163" HPOS="1006" VPOS="1081" WIDTH="186" HEIGHT="31" WC="0.96" CONTENT="utlåtande"/><SP WIDTH="22" VPOS="1081" HPOS="1192"/>
							<String ID="string_164" HPOS="1214" VPOS="1080" WIDTH="67" HEIGHT="32" WC="0.96" CONTENT="den"/><SP WIDTH="20" VPOS="1080" HPOS="1281"/>
							<String ID="string_165" HPOS="1301" VPOS="1081" WIDTH="18" HEIGHT="30" WC="0.96" CONTENT="2"/><SP WIDTH="23" VPOS="1081" HPOS="1319"/>
							<String ID="string_166" HPOS="1342" VPOS="1079" WIDTH="162" HEIGHT="32" WC="0.96" CONTENT="februari"/><SP WIDTH="20" VPOS="1079" HPOS="1504"/>
							<String ID="string_167" HPOS="1524" VPOS="1078" WIDTH="77" HEIGHT="32" WC="0.95" CONTENT="1929"/>
						</TextLine>
						<TextLine ID="line_18" HPOS="99" VPOS="1131" WIDTH="1503" HEIGHT="43">
							<String ID="string_168" HPOS="99" VPOS="1137" WIDTH="256" HEIGHT="37" WC="0.96" CONTENT="(betänkandet"/><SP WIDTH="26" VPOS="1137" HPOS="355"/>
							<String ID="string_169" HPOS="381" VPOS="1137" WIDTH="64" HEIGHT="32" WC="0.95" CONTENT="sid."/><SP WIDTH="27" VPOS="1137" HPOS="445"/>
							<String ID="string_170" HPOS="472" VPOS="1135" WIDTH="86" HEIGHT="36" WC="0.93" CONTENT="118)."/><SP WIDTH="46" VPOS="1135" HPOS="558"/>
							<String ID="string_171" HPOS="604" VPOS="1135" WIDTH="213" HEIGHT="32" WC="0.91" CONTENT="Utlåtandet"/><SP WIDTH="24" VPOS="1135" HPOS="817"/>
							<String ID="string_172" HPOS="841" VPOS="1133" WIDTH="223" HEIGHT="37" WC="0.96" CONTENT="utmynnade"/><SP WIDTH="25" VPOS="1133" HPOS="1064"/>
							<String ID="string_173" HPOS="1089" VPOS="1133" WIDTH="12" HEIGHT="31" WC="0.96" CONTENT="i"/><SP WIDTH="25" VPOS="1133" HPOS="1101"/>
							<String ID="string_174" HPOS="1126" VPOS="1134" WIDTH="53" HEIGHT="30" WC="0.93" CONTENT="ett"/><SP WIDTH="25" VPOS="1134" HPOS="1179"/>
							<String ID="string_175" HPOS="1204" VPOS="1131" WIDTH="245" HEIGHT="37" WC="0.91" CONTENT="avstyrkande"/><SP WIDTH="27" VPOS="1131" HPOS="1449"/>
							<String ID="string_176" HPOS="1476" VPOS="1141" WIDTH="46" HEIGHT="21" WC="0.96" CONTENT="av"/><SP WIDTH="26" VPOS="1141" HPOS="1522"/>
							<String ID="string_177" HPOS="1548" VPOS="1131" WIDTH="54" HEIGHT="30" WC="0.96" CONTENT="att"/>
						</TextLine>
						<TextLine ID="line_19" HPOS="97" VPOS="1182" WIDTH="1506" HEIGHT="45">
							<String ID="string_178" HPOS="97" VPOS="1191" WIDTH="114" HEIGHT="36" WC="0.87" CONTENT="några"/><SP WIDTH="27" VPOS="1191" HPOS="211"/>
							<String ID="string_179" HPOS="238" VPOS="1188" WIDTH="169" HEIGHT="39" WC="0.96" CONTENT="åtgärder"/><SP WIDTH="26" VPOS="1188" HPOS="407"/>
							<String ID="string_180" HPOS="433" VPOS="1199" WIDTH="47" HEIGHT="21" WC="0.96" CONTENT="av"/><SP WIDTH="25" VPOS="1199" HPOS="480"/>
							<String ID="string_181" HPOS="505" VPOS="1187" WIDTH="245" HEIGHT="38" WC="0.96" CONTENT="allmängiltig"/><SP WIDTH="26" VPOS="1187" HPOS="750"/>
							<String ID="string_182" HPOS="776" VPOS="1186" WIDTH="252" HEIGHT="32" WC="0.93" CONTENT="beskaffenhet"/><SP WIDTH="26" VPOS="1186" HPOS="1028"/>
							<String ID="string_183" HPOS="1054" VPOS="1184" WIDTH="163" HEIGHT="37" WC="0.91" CONTENT="vidtoges"/><SP WIDTH="28" VPOS="1184" HPOS="1217"/>
							<String ID="string_184" HPOS="1245" VPOS="1184" WIDTH="56" HEIGHT="31" WC="0.96" CONTENT="för"/><SP WIDTH="27" VPOS="1184" HPOS="1301"/>
							<String ID="string_185" HPOS="1328" VPOS="1182" WIDTH="201" HEIGHT="33" WC="0.96" CONTENT="beredande"/><SP WIDTH="27" VPOS="1182" HPOS="1529"/>
							<String ID="string_186" HPOS="1556" VPOS="1192" WIDTH="47" HEIGHT="21" WC="0.96" CONTENT="av"/>
						</TextLine>
						<TextLine ID="line_20" HPOS="96" VPOS="1235" WIDTH="1506" HEIGHT="39">
							<String ID="string_187" HPOS="96" VPOS="1241" WIDTH="180" HEIGHT="32" WC="0.96" CONTENT="särskilda"/><SP WIDTH="24" VPOS="1241" HPOS="276"/>
							<String ID="string_188" HPOS="300" VPOS="1240" WIDTH="181" HEIGHT="32" WC="0.96" CONTENT="lättnader"/><SP WIDTH="27" VPOS="1240" HPOS="481"/>
							<String ID="string_189" HPOS="508" VPOS="1241" WIDTH="38" HEIGHT="30" WC="0.96" CONTENT="åt"/><SP WIDTH="26" VPOS="1241" HPOS="546"/>
							<String ID="string_190" HPOS="572" VPOS="1240" WIDTH="95" HEIGHT="31" WC="0.95" CONTENT="inom"/><SP WIDTH="28" VPOS="1240" HPOS="667"/>
							<String ID="string_191" HPOS="695" VPOS="1239" WIDTH="159" HEIGHT="31" WC="0.95" CONTENT="frihamn"/><SP WIDTH="26" VPOS="1239" HPOS="854"/>
							<String ID="string_192" HPOS="880" VPOS="1237" WIDTH="154" HEIGHT="37" WC="0.96" CONTENT="belägna"/><SP WIDTH="26" VPOS="1237" HPOS="1034"/>
							<String ID="string_193" HPOS="1060" VPOS="1236" WIDTH="301" HEIGHT="37" WC="0.58" CONTENT="industriföretag"/><SP WIDTH="27" VPOS="1236" HPOS="1361"/>
							<String ID="string_194" HPOS="1388" VPOS="1235" WIDTH="11" HEIGHT="30" WC="0.96" CONTENT="i"/><SP WIDTH="26" VPOS="1235" HPOS="1399"/>
							<String ID="string_195" HPOS="1425" VPOS="1236" WIDTH="96" HEIGHT="35" WC="0.96" CONTENT="syfte"/><SP WIDTH="27" VPOS="1236" HPOS="1521"/>
							<String ID="string_196" HPOS="1548" VPOS="1235" WIDTH="54" HEIGHT="30" WC="0.96" CONTENT="att"/>
						</TextLine>
						<TextLine ID="line_21" HPOS="97" VPOS="1287" WIDTH="1419" HEIGHT="43">
							<String ID="string_197" HPOS="97" VPOS="1293" WIDTH="180" HEIGHT="37" WC="0.96" CONTENT="befrämja"/><SP WIDTH="27" VPOS="1293" HPOS="277"/>
							<String ID="string_198" HPOS="304" VPOS="1292" WIDTH="210" HEIGHT="37" WC="0.96" CONTENT="avsättning"/><SP WIDTH="28" VPOS="1292" HPOS="514"/>
							<String ID="string_199" HPOS="542" VPOS="1302" WIDTH="46" HEIGHT="21" WC="0.96" CONTENT="av"/><SP WIDTH="27" VPOS="1302" HPOS="588"/>
							<String ID="string_200" HPOS="615" VPOS="1292" WIDTH="204" HEIGHT="36" WC="0.96" CONTENT="företagens"/><SP WIDTH="26" VPOS="1292" HPOS="819"/>
							<String ID="string_201" HPOS="845" VPOS="1289" WIDTH="197" HEIGHT="37" WC="0.96" CONTENT="produkter"/><SP WIDTH="26" VPOS="1289" HPOS="1042"/>
							<String ID="string_202" HPOS="1068" VPOS="1289" WIDTH="46" HEIGHT="37" WC="0.96" CONTENT="på"/><SP WIDTH="28" VPOS="1289" HPOS="1114"/>
							<String ID="string_203" HPOS="1142" VPOS="1287" WIDTH="374" HEIGHT="32" WC="0.94" CONTENT="hemmamarknaden."/>
						</TextLine>
					</TextBlock>
				</ComposedBlock>
				<ComposedBlock ID="cblock_2" HPOS="96" VPOS="1363" WIDTH="1506" HEIGHT="90">
					<TextBlock ID="block_3" HPOS="96" VPOS="1363" WIDTH="1506" HEIGHT="90">
						<TextLine ID="line_22" HPOS="135" VPOS="1363" WIDTH="1467" HEIGHT="43">
							<String ID="string_204" HPOS="135" VPOS="1371" WIDTH="52" HEIGHT="31" WC="0.96" CONTENT="De"/><SP WIDTH="26" VPOS="1371" HPOS="187"/>
							<String ID="string_205" HPOS="213" VPOS="1370" WIDTH="229" HEIGHT="36" WC="0.96" CONTENT="sakkunniga"/><SP WIDTH="26" VPOS="1370" HPOS="442"/>
							<String ID="string_206" HPOS="468" VPOS="1369" WIDTH="96" HEIGHT="31" WC="0.96" CONTENT="hava"/><SP WIDTH="25" VPOS="1369" HPOS="564"/>
							<String ID="string_207" HPOS="589" VPOS="1367" WIDTH="171" HEIGHT="32" WC="0.93" CONTENT="likaledes"/><SP WIDTH="28" VPOS="1367" HPOS="760"/>
							<String ID="string_208" HPOS="788" VPOS="1366" WIDTH="167" HEIGHT="37" WC="0.92" CONTENT="avstyrkt"/><SP WIDTH="24" VPOS="1366" HPOS="955"/>
							<String ID="string_209" HPOS="979" VPOS="1365" WIDTH="190" HEIGHT="32" WC="0.96" CONTENT="införande"/><SP WIDTH="27" VPOS="1365" HPOS="1169"/>
							<String ID="string_210" HPOS="1196" VPOS="1375" WIDTH="47" HEIGHT="20" WC="0.96" CONTENT="av"/><SP WIDTH="24" VPOS="1375" HPOS="1243"/>
							<String ID="string_211" HPOS="1267" VPOS="1364" WIDTH="159" HEIGHT="32" WC="0.93" CONTENT="ändrade"/><SP WIDTH="25" VPOS="1364" HPOS="1426"/>
							<String ID="string_212" HPOS="1451" VPOS="1363" WIDTH="151" HEIGHT="32" WC="0.91" CONTENT="bestäm-"/>
						</TextLine>
						<TextLine ID="line_23" HPOS="96" VPOS="1417" WIDTH="1217" HEIGHT="36">
							<String ID="string_213" HPOS="96" VPOS="1423" WIDTH="128" HEIGHT="30" WC="0.92" CONTENT="melser"/><SP WIDTH="22" VPOS="1423" HPOS="224"/>
							<String ID="string_214" HPOS="246" VPOS="1422" WIDTH="12" HEIGHT="31" WC="0.96" CONTENT="i"/><SP WIDTH="25" VPOS="1422" HPOS="258"/>
							<String ID="string_215" HPOS="283" VPOS="1421" WIDTH="238" HEIGHT="32" WC="0.96" CONTENT="förevarande"/><SP WIDTH="22" VPOS="1421" HPOS="521"/>
							<String ID="string_216" HPOS="543" VPOS="1423" WIDTH="113" HEIGHT="28" WC="0.90" CONTENT="ämne."/><SP WIDTH="45" VPOS="1423" HPOS="656"/>
							<String ID="string_217" HPOS="701" VPOS="1420" WIDTH="18" HEIGHT="31" WC="0.95" CONTENT="I"/><SP WIDTH="21" VPOS="1420" HPOS="719"/>
							<String ID="string_218" HPOS="740" VPOS="1419" WIDTH="242" HEIGHT="31" WC="0.93" CONTENT="betänkandet"/><SP WIDTH="24" VPOS="1419" HPOS="982"/>
							<String ID="string_219" HPOS="1006" VPOS="1418" WIDTH="144" HEIGHT="31" WC="0.90" CONTENT="anföres"/><SP WIDTH="24" VPOS="1418" HPOS="1150"/>
							<String ID="string_220" HPOS="1174" VPOS="1417" WIDTH="139" HEIGHT="31" WC="0.96" CONTENT="härom:"/>
						</TextLine>
					</TextBlock>
				</ComposedBlock>
				<ComposedBlock ID="cblock_3" HPOS="96" VPOS="1467" WIDTH="1510" HEIGHT="1041">
					<TextBlock ID="block_4" HPOS="96" VPOS="1467" WIDTH="1510" HEIGHT="479">
						<TextLine ID="line_24" HPOS="136" VPOS="1467" WIDTH="1468" HEIGHT="43">
							<String ID="string_221" HPOS="136" VPOS="1474" WIDTH="52" HEIGHT="31" WC="0.96" CONTENT="De"/><SP WIDTH="27" VPOS="1474" HPOS="188"/>
							<String ID="string_222" HPOS="215" VPOS="1474" WIDTH="97" HEIGHT="31" WC="0.96" CONTENT="olika"/><SP WIDTH="28" VPOS="1474" HPOS="312"/>
							<String ID="string_223" HPOS="340" VPOS="1473" WIDTH="331" HEIGHT="37" WC="0.96" CONTENT="uppfattningarna"/><SP WIDTH="27" VPOS="1473" HPOS="671"/>
							<String ID="string_224" HPOS="698" VPOS="1470" WIDTH="229" HEIGHT="33" WC="0.95" CONTENT="beträffande"/><SP WIDTH="28" VPOS="1470" HPOS="927"/>
							<String ID="string_225" HPOS="955" VPOS="1470" WIDTH="131" HEIGHT="36" WC="0.95" CONTENT="frågan"/><SP WIDTH="27" VPOS="1470" HPOS="1086"/>
							<String ID="string_226" HPOS="1113" VPOS="1479" WIDTH="56" HEIGHT="21" WC="0.90" CONTENT="om"/><SP WIDTH="29" VPOS="1479" HPOS="1169"/>
							<String ID="string_227" HPOS="1198" VPOS="1468" WIDTH="238" HEIGHT="31" WC="0.90" CONTENT="tullättnader"/><SP WIDTH="26" VPOS="1468" HPOS="1436"/>
							<String ID="string_228" HPOS="1462" VPOS="1467" WIDTH="62" HEIGHT="32" WC="0.93" CONTENT="vid"/><SP WIDTH="28" VPOS="1467" HPOS="1524"/>
							<String ID="string_229" HPOS="1552" VPOS="1467" WIDTH="52" HEIGHT="31" WC="0.91" CONTENT="in-"/>
						</TextLine>
						<TextLine ID="line_25" HPOS="97" VPOS="1512" WIDTH="1507" HEIGHT="38">
							<String ID="string_230" HPOS="97" VPOS="1518" WIDTH="110" HEIGHT="32" WC="0.92" CONTENT="försel"/><SP WIDTH="22" VPOS="1518" HPOS="207"/>
							<String ID="string_231" HPOS="229" VPOS="1518" WIDTH="84" HEIGHT="31" WC="0.95" CONTENT="från"/><SP WIDTH="23" VPOS="1518" HPOS="313"/>
							<String ID="string_232" HPOS="336" VPOS="1517" WIDTH="159" HEIGHT="31" WC="0.95" CONTENT="frihamn"/><SP WIDTH="26" VPOS="1517" HPOS="495"/>
							<String ID="string_233" HPOS="521" VPOS="1526" WIDTH="45" HEIGHT="21" WC="0.96" CONTENT="av"/><SP WIDTH="23" VPOS="1526" HPOS="566"/>
							<String ID="string_234" HPOS="589" VPOS="1515" WIDTH="64" HEIGHT="31" WC="0.96" CONTENT="där"/><SP WIDTH="26" VPOS="1515" HPOS="653"/>
							<String ID="string_235" HPOS="679" VPOS="1514" WIDTH="228" HEIGHT="31" WC="0.96" CONTENT="framställda"/><SP WIDTH="24" VPOS="1514" HPOS="907"/>
							<String ID="string_236" HPOS="931" VPOS="1523" WIDTH="108" HEIGHT="21" WC="0.96" CONTENT="varor"/><SP WIDTH="24" VPOS="1523" HPOS="1039"/>
							<String ID="string_237" HPOS="1063" VPOS="1513" WIDTH="95" HEIGHT="31" WC="0.96" CONTENT="hava"/><SP WIDTH="22" VPOS="1513" HPOS="1158"/>
							<String ID="string_238" HPOS="1180" VPOS="1512" WIDTH="10" HEIGHT="31" WC="0.96" CONTENT="i"/><SP WIDTH="26" VPOS="1512" HPOS="1190"/>
							<String ID="string_239" HPOS="1216" VPOS="1512" WIDTH="141" HEIGHT="36" WC="0.96" CONTENT="princip"/><SP WIDTH="26" VPOS="1512" HPOS="1357"/>
							<String ID="string_240" HPOS="1383" VPOS="1512" WIDTH="57" HEIGHT="30" WC="0.93" CONTENT="det"/><SP WIDTH="25" VPOS="1512" HPOS="1440"/>
							<String ID="string_241" HPOS="1465" VPOS="1520" WIDTH="139" HEIGHT="28" WC="0.91" CONTENT="gemen-"/>
						</TextLine>
						<TextLine ID="line_26" HPOS="97" VPOS="1556" WIDTH="1507" HEIGHT="42">
							<String ID="string_242" HPOS="97" VPOS="1564" WIDTH="103" HEIGHT="34" WC="0.96" CONTENT="samt,"/><SP WIDTH="28" VPOS="1564" HPOS="200"/>
							<String ID="string_243" HPOS="228" VPOS="1563" WIDTH="53" HEIGHT="30" WC="0.96" CONTENT="att"/><SP WIDTH="29" VPOS="1563" HPOS="281"/>
							<String ID="string_244" HPOS="310" VPOS="1561" WIDTH="67" HEIGHT="31" WC="0.96" CONTENT="den"/><SP WIDTH="27" VPOS="1561" HPOS="377"/>
							<String ID="string_245" HPOS="404" VPOS="1561" WIDTH="11" HEIGHT="30" WC="0.96" CONTENT="i"/><SP WIDTH="30" VPOS="1561" HPOS="415"/>
							<String ID="string_246" HPOS="445" VPOS="1560" WIDTH="159" HEIGHT="31" WC="0.93" CONTENT="frihamn"/><SP WIDTH="30" VPOS="1560" HPOS="604"/>
							<String ID="string_247" HPOS="634" VPOS="1558" WIDTH="173" HEIGHT="32" WC="0.93" CONTENT="bedrivna"/><SP WIDTH="25" VPOS="1558" HPOS="807"/>
							<String ID="string_248" HPOS="832" VPOS="1556" WIDTH="229" HEIGHT="32" WC="0.96" CONTENT="industriella"/><SP WIDTH="29" VPOS="1556" HPOS="1061"/>
							<String ID="string_249" HPOS="1090" VPOS="1556" WIDTH="274" HEIGHT="31" WC="0.92" CONTENT="verksamheten"/><SP WIDTH="27" VPOS="1556" HPOS="1364"/>
							<String ID="string_250" HPOS="1391" VPOS="1557" WIDTH="213" HEIGHT="29" WC="0.82" CONTENT="förutsättes"/>
						</TextLine>
						<TextLine ID="line_27" HPOS="97" VPOS="1598" WIDTH="1507" HEIGHT="38">
							<String ID="string_251" HPOS="97" VPOS="1605" WIDTH="112" HEIGHT="31" WC="0.96" CONTENT="under"/><SP WIDTH="24" VPOS="1605" HPOS="209"/>
							<String ID="string_252" HPOS="233" VPOS="1605" WIDTH="73" HEIGHT="31" WC="0.93" CONTENT="alla"/><SP WIDTH="23" VPOS="1605" HPOS="306"/>
							<String ID="string_253" HPOS="329" VPOS="1603" WIDTH="251" HEIGHT="32" WC="0.91" CONTENT="törhållanden"/><SP WIDTH="25" VPOS="1603" HPOS="580"/>
							<String ID="string_254" HPOS="605" VPOS="1602" WIDTH="77" HEIGHT="32" WC="0.58" CONTENT="icke"/><SP WIDTH="23" VPOS="1602" HPOS="682"/>
							<String ID="string_255" HPOS="705" VPOS="1602" WIDTH="101" HEIGHT="30" WC="0.93" CONTENT="skola"/><SP WIDTH="22" VPOS="1602" HPOS="806"/>
							<String ID="string_256" HPOS="828" VPOS="1602" WIDTH="172" HEIGHT="30" WC="0.92" CONTENT="försättas"/><SP WIDTH="25" VPOS="1602" HPOS="1000"/>
							<String ID="string_257" HPOS="1025" VPOS="1600" WIDTH="10" HEIGHT="30" WC="0.96" CONTENT="i"/><SP WIDTH="23" VPOS="1600" HPOS="1035"/>
							<String ID="string_258" HPOS="1058" VPOS="1609" WIDTH="43" HEIGHT="22" WC="0.96" CONTENT="en"/><SP WIDTH="23" VPOS="1609" HPOS="1101"/>
							<String ID="string_259" HPOS="1124" VPOS="1609" WIDTH="43" HEIGHT="21" WC="0.93" CONTENT="ur"/><SP WIDTH="24" VPOS="1609" HPOS="1167"/>
							<String ID="string_260" HPOS="1191" VPOS="1598" WIDTH="413" HEIGHT="37" WC="0.91" CONTENT="konkurrenssynpunkt"/>
						</TextLine>
						<TextLine ID="line_28" HPOS="99" VPOS="1642" WIDTH="1505" HEIGHT="44">
							<String ID="string_261" HPOS="99" VPOS="1657" WIDTH="276" HEIGHT="29" WC="0.95" CONTENT="gynnsammare"/><SP WIDTH="28" VPOS="1657" HPOS="375"/>
							<String ID="string_262" HPOS="403" VPOS="1647" WIDTH="174" HEIGHT="36" WC="0.96" CONTENT="ställning"/><SP WIDTH="26" VPOS="1647" HPOS="577"/>
							<String ID="string_263" HPOS="603" VPOS="1648" WIDTH="44" HEIGHT="29" WC="0.93" CONTENT="än"/><SP WIDTH="28" VPOS="1648" HPOS="647"/>
							<String ID="string_264" HPOS="675" VPOS="1644" WIDTH="426" HEIGHT="32" WC="0.91" CONTENT="tullinlandsindustrien."/><SP WIDTH="49" VPOS="1644" HPOS="1101"/>
							<String ID="string_265" HPOS="1150" VPOS="1642" WIDTH="123" HEIGHT="32" WC="0.89" CONTENT="Skulle"/><SP WIDTH="27" VPOS="1642" HPOS="1273"/>
							<String ID="string_266" HPOS="1300" VPOS="1643" WIDTH="57" HEIGHT="30" WC="0.96" CONTENT="det"/><SP WIDTH="26" VPOS="1643" HPOS="1357"/>
							<String ID="string_267" HPOS="1383" VPOS="1652" WIDTH="90" HEIGHT="21" WC="0.93" CONTENT="vara"/><SP WIDTH="27" VPOS="1652" HPOS="1473"/>
							<String ID="string_268" HPOS="1500" VPOS="1642" WIDTH="104" HEIGHT="36" WC="0.92" CONTENT="prak-"/>
						</TextLine>
						<TextLine ID="line_29" HPOS="96" VPOS="1686" WIDTH="1508" HEIGHT="43">
							<String ID="string_269" HPOS="96" VPOS="1692" WIDTH="89" HEIGHT="31" WC="0.96" CONTENT="tiskt"/><SP WIDTH="24" VPOS="1692" HPOS="185"/>
							<String ID="string_270" HPOS="209" VPOS="1691" WIDTH="268" HEIGHT="38" WC="0.96" CONTENT="genomförbart"/><SP WIDTH="23" VPOS="1691" HPOS="477"/>
							<String ID="string_271" HPOS="500" VPOS="1693" WIDTH="54" HEIGHT="28" WC="0.96" CONTENT="att"/><SP WIDTH="21" VPOS="1693" HPOS="554"/>
							<String ID="string_272" HPOS="575" VPOS="1689" WIDTH="247" HEIGHT="31" WC="0.96" CONTENT="åstadkomma"/><SP WIDTH="22" VPOS="1689" HPOS="822"/>
							<String ID="string_273" HPOS="844" VPOS="1698" WIDTH="43" HEIGHT="21" WC="0.95" CONTENT="en"/><SP WIDTH="24" VPOS="1698" HPOS="887"/>
							<String ID="string_274" HPOS="911" VPOS="1687" WIDTH="215" HEIGHT="37" WC="0.96" CONTENT="fullständig"/><SP WIDTH="21" VPOS="1687" HPOS="1126"/>
							<String ID="string_275" HPOS="1147" VPOS="1686" WIDTH="207" HEIGHT="37" WC="0.96" CONTENT="utjämning"/><SP WIDTH="22" VPOS="1686" HPOS="1354"/>
							<String ID="string_276" HPOS="1376" VPOS="1686" WIDTH="151" HEIGHT="31" WC="0.96" CONTENT="sålunda"/><SP WIDTH="23" VPOS="1686" HPOS="1527"/>
							<String ID="string_277" HPOS="1550" VPOS="1686" WIDTH="54" HEIGHT="31" WC="0.96" CONTENT="att"/>
						</TextLine>
						<TextLine ID="line_30" HPOS="96" VPOS="1729" WIDTH="1510" HEIGHT="42">
							<String ID="string_278" HPOS="96" VPOS="1734" WIDTH="513" HEIGHT="37" WC="0.91" CONTENT="förtullningssvårigheterna"/><SP WIDTH="26" VPOS="1734" HPOS="609"/>
							<String ID="string_279" HPOS="635" VPOS="1734" WIDTH="55" HEIGHT="30" WC="0.89" CONTENT="för"/><SP WIDTH="24" VPOS="1734" HPOS="690"/>
							<String ID="string_280" HPOS="714" VPOS="1731" WIDTH="386" HEIGHT="32" WC="0.90" CONTENT="frihamnsindustrien"/><SP WIDTH="26" VPOS="1731" HPOS="1100"/>
							<String ID="string_281" HPOS="1126" VPOS="1730" WIDTH="242" HEIGHT="36" WC="0.91" CONTENT="undanröjdes"/><SP WIDTH="27" VPOS="1730" HPOS="1368"/>
							<String ID="string_282" HPOS="1395" VPOS="1731" WIDTH="44" HEIGHT="35" WC="0.96" CONTENT="på"/><SP WIDTH="28" VPOS="1731" HPOS="1439"/>
							<String ID="string_283" HPOS="1467" VPOS="1729" WIDTH="139" HEIGHT="32" WC="0.96" CONTENT="sådana"/>
						</TextLine>
						<TextLine ID="line_31" HPOS="98" VPOS="1772" WIDTH="1507" HEIGHT="43">
							<String ID="string_284" HPOS="98" VPOS="1779" WIDTH="140" HEIGHT="36" WC="0.96" CONTENT="villkor,"/><SP WIDTH="28" VPOS="1779" HPOS="238"/>
							<String ID="string_285" HPOS="266" VPOS="1788" WIDTH="74" HEIGHT="22" WC="0.96" CONTENT="som"/><SP WIDTH="28" VPOS="1788" HPOS="340"/>
							<String ID="string_286" HPOS="368" VPOS="1778" WIDTH="226" HEIGHT="30" WC="0.96" CONTENT="innefattade"/><SP WIDTH="25" VPOS="1778" HPOS="594"/>
							<String ID="string_287" HPOS="619" VPOS="1778" WIDTH="52" HEIGHT="30" WC="0.96" CONTENT="ett"/><SP WIDTH="27" VPOS="1778" HPOS="671"/>
							<String ID="string_288" HPOS="698" VPOS="1776" WIDTH="193" HEIGHT="31" WC="0.96" CONTENT="avstående"/><SP WIDTH="29" VPOS="1776" HPOS="891"/>
							<String ID="string_289" HPOS="920" VPOS="1776" WIDTH="82" HEIGHT="30" WC="0.96" CONTENT="från"/><SP WIDTH="29" VPOS="1776" HPOS="1002"/>
							<String ID="string_290" HPOS="1031" VPOS="1774" WIDTH="72" HEIGHT="32" WC="0.96" CONTENT="alla"/><SP WIDTH="28" VPOS="1774" HPOS="1103"/>
							<String ID="string_291" HPOS="1131" VPOS="1775" WIDTH="79" HEIGHT="31" WC="0.91" CONTENT="med"/><SP WIDTH="30" VPOS="1775" HPOS="1210"/>
							<String ID="string_292" HPOS="1240" VPOS="1773" WIDTH="278" HEIGHT="37" WC="0.91" CONTENT="förläggningen"/><SP WIDTH="31" VPOS="1773" HPOS="1518"/>
							<String ID="string_293" HPOS="1549" VPOS="1772" WIDTH="56" HEIGHT="32" WC="0.95" CONTENT="till"/>
						</TextLine>
						<TextLine ID="line_32" HPOS="98" VPOS="1817" WIDTH="1506" HEIGHT="41">
							<String ID="string_294" HPOS="98" VPOS="1823" WIDTH="160" HEIGHT="31" WC="0.96" CONTENT="frihamn"/><SP WIDTH="20" VPOS="1823" HPOS="258"/>
							<String ID="string_295" HPOS="278" VPOS="1820" WIDTH="353" HEIGHT="38" WC="0.95" CONTENT="sammanhängande"/><SP WIDTH="23" VPOS="1820" HPOS="631"/>
							<String ID="string_296" HPOS="654" VPOS="1820" WIDTH="166" HEIGHT="36" WC="0.96" CONTENT="fördelar,"/><SP WIDTH="20" VPOS="1820" HPOS="820"/>
							<String ID="string_297" HPOS="840" VPOS="1820" WIDTH="185" HEIGHT="31" WC="0.48" CONTENT="förefaller"/><SP WIDTH="22" VPOS="1820" HPOS="1025"/>
							<String ID="string_298" HPOS="1047" VPOS="1818" WIDTH="57" HEIGHT="32" WC="0.96" CONTENT="det"/><SP WIDTH="21" VPOS="1818" HPOS="1104"/>
							<String ID="string_299" HPOS="1125" VPOS="1817" WIDTH="200" HEIGHT="32" WC="0.96" CONTENT="emellertid"/><SP WIDTH="19" VPOS="1817" HPOS="1325"/>
							<String ID="string_300" HPOS="1344" VPOS="1827" WIDTH="74" HEIGHT="21" WC="0.96" CONTENT="som"/><SP WIDTH="22" VPOS="1827" HPOS="1418"/>
							<String ID="string_301" HPOS="1440" VPOS="1827" WIDTH="55" HEIGHT="21" WC="0.93" CONTENT="om"/><SP WIDTH="22" VPOS="1827" HPOS="1495"/>
							<String ID="string_302" HPOS="1517" VPOS="1817" WIDTH="87" HEIGHT="31" WC="0.92" CONTENT="slut-"/>
						</TextLine>
						<TextLine ID="line_33" HPOS="97" VPOS="1861" WIDTH="1507" HEIGHT="41">
							<String ID="string_303" HPOS="97" VPOS="1867" WIDTH="201" HEIGHT="35" WC="0.94" CONTENT="resultatet,"/><SP WIDTH="27" VPOS="1867" HPOS="298"/>
							<String ID="string_304" HPOS="325" VPOS="1868" WIDTH="69" HEIGHT="28" WC="0.96" CONTENT="sett"/><SP WIDTH="27" VPOS="1868" HPOS="394"/>
							<String ID="string_305" HPOS="421" VPOS="1875" WIDTH="42" HEIGHT="21" WC="0.96" CONTENT="ur"/><SP WIDTH="27" VPOS="1875" HPOS="463"/>
							<String ID="string_306" HPOS="490" VPOS="1865" WIDTH="68" HEIGHT="31" WC="0.96" CONTENT="den"/><SP WIDTH="26" VPOS="1865" HPOS="558"/>
							<String ID="string_307" HPOS="584" VPOS="1864" WIDTH="159" HEIGHT="31" WC="0.92" CONTENT="enskilde"/><SP WIDTH="29" VPOS="1864" HPOS="743"/>
							<String ID="string_308" HPOS="772" VPOS="1862" WIDTH="327" HEIGHT="33" WC="0.91" CONTENT="industriidkarens"/><SP WIDTH="27" VPOS="1862" HPOS="1099"/>
							<String ID="string_309" HPOS="1126" VPOS="1862" WIDTH="195" HEIGHT="36" WC="0.95" CONTENT="synpunkt,"/><SP WIDTH="29" VPOS="1862" HPOS="1321"/>
							<String ID="string_310" HPOS="1350" VPOS="1861" WIDTH="107" HEIGHT="32" WC="0.96" CONTENT="borde"/><SP WIDTH="29" VPOS="1861" HPOS="1457"/>
							<String ID="string_311" HPOS="1486" VPOS="1863" WIDTH="35" HEIGHT="29" WC="0.96" CONTENT="te"/><SP WIDTH="27" VPOS="1863" HPOS="1521"/>
							<String ID="string_312" HPOS="1548" VPOS="1861" WIDTH="56" HEIGHT="36" WC="0.96" CONTENT="sig"/>
						</TextLine>
						<TextLine ID="line_34" HPOS="98" VPOS="1908" WIDTH="418" HEIGHT="38">
							<String ID="string_313" HPOS="98" VPOS="1909" WIDTH="164" HEIGHT="37" WC="0.93" CONTENT="skäligen"/><SP WIDTH="24" VPOS="1909" HPOS="262"/>
							<String ID="string_314" HPOS="286" VPOS="1908" WIDTH="230" HEIGHT="32" WC="0.91" CONTENT="intresselöst."/>
						</TextLine>
					</TextBlock>
					<TextBlock ID="block_5" HPOS="97" VPOS="1948" WIDTH="1508" HEIGHT="560">
						<TextLine ID="line_35" HPOS="137" VPOS="1948" WIDTH="1468" HEIGHT="41">
							<String ID="string_315" HPOS="137" VPOS="1953" WIDTH="77" HEIGHT="31" WC="0.95" CONTENT="Den"/><SP WIDTH="24" VPOS="1953" HPOS="214"/>
							<String ID="string_316" HPOS="238" VPOS="1952" WIDTH="247" HEIGHT="37" WC="0.95" CONTENT="föreliggande"/><SP WIDTH="25" VPOS="1952" HPOS="485"/>
							<String ID="string_317" HPOS="510" VPOS="1950" WIDTH="238" HEIGHT="37" WC="0.96" CONTENT="utredningen"/><SP WIDTH="23" VPOS="1950" HPOS="748"/>
							<String ID="string_318" HPOS="771" VPOS="1950" WIDTH="98" HEIGHT="30" WC="0.96" CONTENT="visar"/><SP WIDTH="22" VPOS="1950" HPOS="869"/>
							<String ID="string_319" HPOS="891" VPOS="1949" WIDTH="58" HEIGHT="31" WC="0.96" CONTENT="till"/><SP WIDTH="24" VPOS="1949" HPOS="949"/>
							<String ID="string_320" HPOS="973" VPOS="1949" WIDTH="90" HEIGHT="31" WC="0.96" CONTENT="fullo"/><SP WIDTH="24" VPOS="1949" HPOS="1063"/>
							<String ID="string_321" HPOS="1087" VPOS="1948" WIDTH="42" HEIGHT="31" WC="0.96" CONTENT="de"/><SP WIDTH="21" VPOS="1948" HPOS="1129"/>
							<String ID="string_322" HPOS="1150" VPOS="1948" WIDTH="235" HEIGHT="37" WC="0.95" CONTENT="svårigheter,"/><SP WIDTH="24" VPOS="1948" HPOS="1385"/>
							<String ID="string_323" HPOS="1409" VPOS="1957" WIDTH="74" HEIGHT="21" WC="0.96" CONTENT="som"/><SP WIDTH="24" VPOS="1957" HPOS="1483"/>
							<String ID="string_324" HPOS="1507" VPOS="1948" WIDTH="98" HEIGHT="30" WC="0.96" CONTENT="möta"/>
						</TextLine>
						<TextLine ID="line_36" HPOS="97" VPOS="1990" WIDTH="1507" HEIGHT="41">
							<String ID="string_325" HPOS="97" VPOS="1996" WIDTH="110" HEIGHT="32" WC="0.96" CONTENT="redan"/><SP WIDTH="24" VPOS="1996" HPOS="207"/>
							<String ID="string_326" HPOS="231" VPOS="1996" WIDTH="44" HEIGHT="31" WC="0.96" CONTENT="då"/><SP WIDTH="24" VPOS="1996" HPOS="275"/>
							<String ID="string_327" HPOS="299" VPOS="1996" WIDTH="57" HEIGHT="31" WC="0.96" CONTENT="det"/><SP WIDTH="25" VPOS="1996" HPOS="356"/>
							<String ID="string_328" HPOS="381" VPOS="1995" WIDTH="113" HEIGHT="36" WC="0.96" CONTENT="gäller"/><SP WIDTH="22" VPOS="1995" HPOS="494"/>
							<String ID="string_329" HPOS="516" VPOS="1997" WIDTH="53" HEIGHT="28" WC="0.96" CONTENT="att"/><SP WIDTH="24" VPOS="1997" HPOS="569"/>
							<String ID="string_330" HPOS="593" VPOS="1994" WIDTH="246" HEIGHT="30" WC="0.96" CONTENT="åstadkomma"/><SP WIDTH="23" VPOS="1994" HPOS="839"/>
							<String ID="string_331" HPOS="862" VPOS="1992" WIDTH="67" HEIGHT="32" WC="0.96" CONTENT="den"/><SP WIDTH="21" VPOS="1992" HPOS="929"/>
							<String ID="string_332" HPOS="950" VPOS="1991" WIDTH="268" HEIGHT="37" WC="0.95" CONTENT="klassificering"/><SP WIDTH="22" VPOS="1991" HPOS="1218"/>
							<String ID="string_333" HPOS="1240" VPOS="1992" WIDTH="64" HEIGHT="30" WC="0.91" CONTENT="och"/><SP WIDTH="23" VPOS="1992" HPOS="1304"/>
							<String ID="string_334" HPOS="1327" VPOS="1990" WIDTH="277" HEIGHT="37" WC="0.90" CONTENT="värdesättning"/>
						</TextLine>
						<TextLine ID="line_37" HPOS="97" VPOS="2034" WIDTH="1507" HEIGHT="38">
							<String ID="string_335" HPOS="97" VPOS="2050" WIDTH="46" HEIGHT="21" WC="0.96" CONTENT="av"/><SP WIDTH="21" VPOS="2050" HPOS="143"/>
							<String ID="string_336" HPOS="164" VPOS="2039" WIDTH="98" HEIGHT="32" WC="0.96" CONTENT="olika"/><SP WIDTH="19" VPOS="2039" HPOS="262"/>
							<String ID="string_337" HPOS="281" VPOS="2039" WIDTH="11" HEIGHT="31" WC="0.91" CONTENT="i"/><SP WIDTH="23" VPOS="2039" HPOS="292"/>
							<String ID="string_338" HPOS="315" VPOS="2037" WIDTH="401" HEIGHT="32" WC="0.91" CONTENT="konkurrensavseende"/><SP WIDTH="22" VPOS="2037" HPOS="716"/>
							<String ID="string_339" HPOS="738" VPOS="2037" WIDTH="225" HEIGHT="30" WC="0.96" CONTENT="verksamma"/><SP WIDTH="21" VPOS="2037" HPOS="963"/>
							<String ID="string_340" HPOS="984" VPOS="2035" WIDTH="316" HEIGHT="37" WC="0.96" CONTENT="omständigheter,"/><SP WIDTH="23" VPOS="2035" HPOS="1300"/>
							<String ID="string_341" HPOS="1323" VPOS="2044" WIDTH="74" HEIGHT="22" WC="0.95" CONTENT="som"/><SP WIDTH="24" VPOS="2044" HPOS="1397"/>
							<String ID="string_342" HPOS="1421" VPOS="2034" WIDTH="183" HEIGHT="31" WC="0.96" CONTENT="erfordras"/>
						</TextLine>
						<TextLine ID="line_38" HPOS="98" VPOS="2077" WIDTH="1506" HEIGHT="40">
							<String ID="string_343" HPOS="98" VPOS="2083" WIDTH="56" HEIGHT="32" WC="0.96" CONTENT="för"/><SP WIDTH="25" VPOS="2083" HPOS="154"/>
							<String ID="string_344" HPOS="179" VPOS="2085" WIDTH="54" HEIGHT="29" WC="0.96" CONTENT="att"/><SP WIDTH="22" VPOS="2085" HPOS="233"/>
							<String ID="string_345" HPOS="255" VPOS="2092" WIDTH="81" HEIGHT="22" WC="0.96" CONTENT="man"/><SP WIDTH="26" VPOS="2092" HPOS="336"/>
							<String ID="string_346" HPOS="362" VPOS="2082" WIDTH="92" HEIGHT="31" WC="0.96" CONTENT="skall"/><SP WIDTH="26" VPOS="2082" HPOS="454"/>
							<String ID="string_347" HPOS="480" VPOS="2082" WIDTH="122" HEIGHT="30" WC="0.96" CONTENT="kunna"/><SP WIDTH="23" VPOS="2082" HPOS="602"/>
							<String ID="string_348" HPOS="625" VPOS="2082" WIDTH="181" HEIGHT="35" WC="0.96" CONTENT="överväga"/><SP WIDTH="23" VPOS="2082" HPOS="806"/>
							<String ID="string_349" HPOS="829" VPOS="2080" WIDTH="42" HEIGHT="31" WC="0.96" CONTENT="de"/><SP WIDTH="24" VPOS="2080" HPOS="871"/>
							<String ID="string_350" HPOS="895" VPOS="2078" WIDTH="180" HEIGHT="37" WC="0.96" CONTENT="åtgärder,"/><SP WIDTH="23" VPOS="2078" HPOS="1075"/>
							<String ID="string_351" HPOS="1098" VPOS="2078" WIDTH="100" HEIGHT="32" WC="0.96" CONTENT="vilka"/><SP WIDTH="25" VPOS="2078" HPOS="1198"/>
							<String ID="string_352" HPOS="1223" VPOS="2078" WIDTH="59" HEIGHT="31" WC="0.96" CONTENT="vid"/><SP WIDTH="27" VPOS="2078" HPOS="1282"/>
							<String ID="string_353" HPOS="1309" VPOS="2077" WIDTH="295" HEIGHT="38" WC="0.96" CONTENT="genomförandet"/>
						</TextLine>
						<TextLine ID="line_39" HPOS="98" VPOS="2121" WIDTH="1506" HEIGHT="40">
							<String ID="string_354" HPOS="98" VPOS="2137" WIDTH="47" HEIGHT="21" WC="0.91" CONTENT="av"/><SP WIDTH="27" VPOS="2137" HPOS="145"/>
							<String ID="string_355" HPOS="172" VPOS="2125" WIDTH="238" HEIGHT="33" WC="0.91" CONTENT="tullättnader"/><SP WIDTH="27" VPOS="2125" HPOS="410"/>
							<String ID="string_356" HPOS="437" VPOS="2125" WIDTH="115" HEIGHT="31" WC="0.95" CONTENT="skulle"/><SP WIDTH="29" VPOS="2125" HPOS="552"/>
							<String ID="string_357" HPOS="581" VPOS="2124" WIDTH="167" HEIGHT="37" WC="0.96" CONTENT="vidtagas"/><SP WIDTH="29" VPOS="2124" HPOS="748"/>
							<String ID="string_358" HPOS="777" VPOS="2126" WIDTH="55" HEIGHT="29" WC="0.95" CONTENT="för"/><SP WIDTH="29" VPOS="2126" HPOS="832"/>
							<String ID="string_359" HPOS="861" VPOS="2122" WIDTH="180" HEIGHT="32" WC="0.96" CONTENT="vinnande"/><SP WIDTH="27" VPOS="2122" HPOS="1041"/>
							<String ID="string_360" HPOS="1068" VPOS="2132" WIDTH="45" HEIGHT="21" WC="0.91" CONTENT="av"/><SP WIDTH="29" VPOS="2132" HPOS="1113"/>
							<String ID="string_361" HPOS="1142" VPOS="2122" WIDTH="238" HEIGHT="37" WC="0.91" CONTENT="likställighet"/><SP WIDTH="29" VPOS="2122" HPOS="1380"/>
							<String ID="string_362" HPOS="1409" VPOS="2122" WIDTH="11" HEIGHT="30" WC="0.93" CONTENT="i"/><SP WIDTH="31" VPOS="2122" HPOS="1420"/>
							<String ID="string_363" HPOS="1451" VPOS="2121" WIDTH="153" HEIGHT="37" WC="0.92" CONTENT="produk-"/>
						</TextLine>
						<TextLine ID="line_40" HPOS="98" VPOS="2164" WIDTH="1506" HEIGHT="37">
							<String ID="string_364" HPOS="98" VPOS="2169" WIDTH="274" HEIGHT="32" WC="0.92" CONTENT="tionsvillkoren"/><SP WIDTH="25" VPOS="2169" HPOS="372"/>
							<String ID="string_365" HPOS="397" VPOS="2169" WIDTH="97" HEIGHT="30" WC="0.96" CONTENT="inom"/><SP WIDTH="26" VPOS="2169" HPOS="494"/>
							<String ID="string_366" HPOS="520" VPOS="2168" WIDTH="64" HEIGHT="31" WC="0.96" CONTENT="och"/><SP WIDTH="26" VPOS="2168" HPOS="584"/>
							<String ID="string_367" HPOS="610" VPOS="2171" WIDTH="98" HEIGHT="27" WC="0.93" CONTENT="utom"/><SP WIDTH="27" VPOS="2171" HPOS="708"/>
							<String ID="string_368" HPOS="735" VPOS="2167" WIDTH="261" HEIGHT="30" WC="0.91" CONTENT="frihamnarna."/><SP WIDTH="47" VPOS="2167" HPOS="996"/>
							<String ID="string_369" HPOS="1043" VPOS="2165" WIDTH="237" HEIGHT="31" WC="0.95" CONTENT="Beträffande"/><SP WIDTH="26" VPOS="2165" HPOS="1280"/>
							<String ID="string_370" HPOS="1306" VPOS="2167" WIDTH="109" HEIGHT="29" WC="0.96" CONTENT="sättet"/><SP WIDTH="26" VPOS="2167" HPOS="1415"/>
							<String ID="string_371" HPOS="1441" VPOS="2166" WIDTH="54" HEIGHT="30" WC="0.93" CONTENT="för"/><SP WIDTH="28" VPOS="2166" HPOS="1495"/>
							<String ID="string_372" HPOS="1523" VPOS="2164" WIDTH="81" HEIGHT="31" WC="0.92" CONTENT="tull-"/>
						</TextLine>
						<TextLine ID="line_41" HPOS="98" VPOS="2209" WIDTH="1507" HEIGHT="37">
							<String ID="string_373" HPOS="98" VPOS="2213" WIDTH="249" HEIGHT="31" WC="0.91" CONTENT="lättnadernas"/><SP WIDTH="20" VPOS="2213" HPOS="347"/>
							<String ID="string_374" HPOS="367" VPOS="2211" WIDTH="205" HEIGHT="31" WC="0.95" CONTENT="eventuella"/><SP WIDTH="22" VPOS="2211" HPOS="572"/>
							<String ID="string_375" HPOS="594" VPOS="2210" WIDTH="277" HEIGHT="36" WC="0.95" CONTENT="genomförande"/><SP WIDTH="22" VPOS="2210" HPOS="871"/>
							<String ID="string_376" HPOS="893" VPOS="2219" WIDTH="106" HEIGHT="26" WC="0.96" CONTENT="synes"/><SP WIDTH="24" VPOS="2219" HPOS="999"/>
							<String ID="string_377" HPOS="1023" VPOS="2218" WIDTH="81" HEIGHT="22" WC="0.96" CONTENT="man"/><SP WIDTH="25" VPOS="2218" HPOS="1104"/>
							<String ID="string_378" HPOS="1129" VPOS="2209" WIDTH="92" HEIGHT="31" WC="0.96" CONTENT="hava"/><SP WIDTH="22" VPOS="2209" HPOS="1221"/>
							<String ID="string_379" HPOS="1243" VPOS="2211" WIDTH="54" HEIGHT="29" WC="0.96" CONTENT="att"/><SP WIDTH="24" VPOS="2211" HPOS="1297"/>
							<String ID="string_380" HPOS="1321" VPOS="2209" WIDTH="99" HEIGHT="36" WC="0.96" CONTENT="välja"/><SP WIDTH="23" VPOS="2209" HPOS="1420"/>
							<String ID="string_381" HPOS="1443" VPOS="2209" WIDTH="162" HEIGHT="30" WC="0.96" CONTENT="närmast"/>
						</TextLine>
						<TextLine ID="line_42" HPOS="98" VPOS="2252" WIDTH="1507" HEIGHT="38">
							<String ID="string_382" HPOS="98" VPOS="2256" WIDTH="132" HEIGHT="31" WC="0.93" CONTENT="mellan"/><SP WIDTH="21" VPOS="2256" HPOS="230"/>
							<String ID="string_383" HPOS="251" VPOS="2257" WIDTH="20" HEIGHT="29" WC="0.93" CONTENT="å"/><SP WIDTH="21" VPOS="2257" HPOS="271"/>
							<String ID="string_384" HPOS="292" VPOS="2265" WIDTH="67" HEIGHT="21" WC="0.96" CONTENT="ena"/><SP WIDTH="21" VPOS="2265" HPOS="359"/>
							<String ID="string_385" HPOS="380" VPOS="2255" WIDTH="102" HEIGHT="31" WC="0.96" CONTENT="sidan"/><SP WIDTH="22" VPOS="2255" HPOS="482"/>
							<String ID="string_386" HPOS="504" VPOS="2254" WIDTH="216" HEIGHT="36" WC="0.95" CONTENT="förtullning"/><SP WIDTH="22" VPOS="2254" HPOS="720"/>
							<String ID="string_387" HPOS="742" VPOS="2253" WIDTH="58" HEIGHT="31" WC="0.96" CONTENT="vid"/><SP WIDTH="24" VPOS="2253" HPOS="800"/>
							<String ID="string_388" HPOS="824" VPOS="2252" WIDTH="174" HEIGHT="31" WC="0.96" CONTENT="införseln"/><SP WIDTH="23" VPOS="2252" HPOS="998"/>
							<String ID="string_389" HPOS="1021" VPOS="2253" WIDTH="81" HEIGHT="30" WC="0.96" CONTENT="från"/><SP WIDTH="22" VPOS="2253" HPOS="1102"/>
							<String ID="string_390" HPOS="1124" VPOS="2252" WIDTH="159" HEIGHT="30" WC="0.96" CONTENT="frihamn"/><SP WIDTH="20" VPOS="2252" HPOS="1283"/>
							<String ID="string_391" HPOS="1303" VPOS="2262" WIDTH="46" HEIGHT="21" WC="0.96" CONTENT="av"/><SP WIDTH="22" VPOS="2262" HPOS="1349"/>
							<String ID="string_392" HPOS="1371" VPOS="2252" WIDTH="66" HEIGHT="31" WC="0.96" CONTENT="den"/><SP WIDTH="23" VPOS="2252" HPOS="1437"/>
							<String ID="string_393" HPOS="1460" VPOS="2252" WIDTH="145" HEIGHT="35" WC="0.96" CONTENT="färdiga"/>
						</TextLine>
						<TextLine ID="line_43" HPOS="98" VPOS="2295" WIDTH="1506" HEIGHT="38">
							<String ID="string_394" HPOS="98" VPOS="2309" WIDTH="114" HEIGHT="22" WC="0.95" CONTENT="varan"/><SP WIDTH="22" VPOS="2309" HPOS="212"/>
							<String ID="string_395" HPOS="234" VPOS="2308" WIDTH="80" HEIGHT="21" WC="0.96" CONTENT="men"/><SP WIDTH="22" VPOS="2308" HPOS="314"/>
							<String ID="string_396" HPOS="336" VPOS="2298" WIDTH="77" HEIGHT="31" WC="0.96" CONTENT="med"/><SP WIDTH="21" VPOS="2298" HPOS="413"/>
							<String ID="string_397" HPOS="434" VPOS="2298" WIDTH="140" HEIGHT="35" WC="0.96" CONTENT="hänsyn"/><SP WIDTH="20" VPOS="2298" HPOS="574"/>
							<String ID="string_398" HPOS="594" VPOS="2299" WIDTH="107" HEIGHT="34" WC="0.96" CONTENT="tagen"/><SP WIDTH="21" VPOS="2299" HPOS="701"/>
							<String ID="string_399" HPOS="722" VPOS="2296" WIDTH="124" HEIGHT="31" WC="0.96" CONTENT="endast"/><SP WIDTH="21" VPOS="2296" HPOS="846"/>
							<String ID="string_400" HPOS="867" VPOS="2296" WIDTH="56" HEIGHT="30" WC="0.96" CONTENT="till"/><SP WIDTH="22" VPOS="2296" HPOS="923"/>
							<String ID="string_401" HPOS="945" VPOS="2295" WIDTH="77" HEIGHT="31" WC="0.96" CONTENT="däri"/><SP WIDTH="24" VPOS="2295" HPOS="1022"/>
							<String ID="string_402" HPOS="1046" VPOS="2295" WIDTH="174" HEIGHT="36" WC="0.95" CONTENT="ingående"/><SP WIDTH="22" VPOS="2295" HPOS="1220"/>
							<String ID="string_403" HPOS="1242" VPOS="2295" WIDTH="239" HEIGHT="36" WC="0.93" CONTENT="importerade"/><SP WIDTH="22" VPOS="2295" HPOS="1481"/>
							<String ID="string_404" HPOS="1503" VPOS="2296" WIDTH="101" HEIGHT="29" WC="0.91" CONTENT="råva-"/>
						</TextLine>
						<TextLine ID="line_44" HPOS="98" VPOS="2338" WIDTH="1507" HEIGHT="38">
							<String ID="string_405" HPOS="98" VPOS="2352" WIDTH="59" HEIGHT="22" WC="0.96" CONTENT="ror"/><SP WIDTH="28" VPOS="2352" HPOS="157"/>
							<String ID="string_406" HPOS="185" VPOS="2342" WIDTH="63" HEIGHT="31" WC="0.96" CONTENT="och"/><SP WIDTH="27" VPOS="2342" HPOS="248"/>
							<String ID="string_407" HPOS="275" VPOS="2341" WIDTH="259" HEIGHT="35" WC="0.96" CONTENT="halvfabrikat,"/><SP WIDTH="27" VPOS="2341" HPOS="534"/>
							<String ID="string_408" HPOS="561" VPOS="2342" WIDTH="92" HEIGHT="28" WC="0.93" CONTENT="samt"/><SP WIDTH="28" VPOS="2342" HPOS="653"/>
							<String ID="string_409" HPOS="681" VPOS="2341" WIDTH="20" HEIGHT="29" WC="0.91" CONTENT="å"/><SP WIDTH="28" VPOS="2341" HPOS="701"/>
							<String ID="string_410" HPOS="729" VPOS="2339" WIDTH="112" HEIGHT="31" WC="0.96" CONTENT="andra"/><SP WIDTH="25" VPOS="2339" HPOS="841"/>
							<String ID="string_411" HPOS="866" VPOS="2339" WIDTH="102" HEIGHT="30" WC="0.96" CONTENT="sidan"/><SP WIDTH="29" VPOS="2339" HPOS="968"/>
							<String ID="string_412" HPOS="997" VPOS="2338" WIDTH="216" HEIGHT="36" WC="0.95" CONTENT="förtullning"/><SP WIDTH="29" VPOS="2338" HPOS="1213"/>
							<String ID="string_413" HPOS="1242" VPOS="2348" WIDTH="44" HEIGHT="20" WC="0.97" CONTENT="av"/><SP WIDTH="29" VPOS="2348" HPOS="1286"/>
							<String ID="string_414" HPOS="1315" VPOS="2339" WIDTH="197" HEIGHT="30" WC="0.96" CONTENT="råvarorna"/><SP WIDTH="27" VPOS="2339" HPOS="1512"/>
							<String ID="string_415" HPOS="1539" VPOS="2338" WIDTH="66" HEIGHT="31" WC="0.96" CONTENT="och"/>
						</TextLine>
						<TextLine ID="line_45" HPOS="98" VPOS="2381" WIDTH="1507" HEIGHT="39">
							<String ID="string_416" HPOS="98" VPOS="2384" WIDTH="305" HEIGHT="36" WC="0.90" CONTENT="halvfabrikaten,"/><SP WIDTH="21" VPOS="2384" HPOS="403"/>
							<String ID="string_417" HPOS="424" VPOS="2384" WIDTH="111" HEIGHT="30" WC="0.96" CONTENT="innan"/><SP WIDTH="22" VPOS="2384" HPOS="535"/>
							<String ID="string_418" HPOS="557" VPOS="2383" WIDTH="180" HEIGHT="30" WC="0.96" CONTENT="desamma"/><SP WIDTH="23" VPOS="2383" HPOS="737"/>
							<String ID="string_419" HPOS="760" VPOS="2382" WIDTH="138" HEIGHT="31" WC="0.96" CONTENT="komme"/><SP WIDTH="22" VPOS="2382" HPOS="898"/>
							<String ID="string_420" HPOS="920" VPOS="2384" WIDTH="55" HEIGHT="28" WC="0.96" CONTENT="att"/><SP WIDTH="23" VPOS="2384" HPOS="975"/>
							<String ID="string_421" HPOS="998" VPOS="2381" WIDTH="84" HEIGHT="36" WC="0.96" CONTENT="ingå"/><SP WIDTH="22" VPOS="2381" HPOS="1082"/>
							<String ID="string_422" HPOS="1104" VPOS="2382" WIDTH="10" HEIGHT="30" WC="0.93" CONTENT="i"/><SP WIDTH="24" VPOS="2382" HPOS="1114"/>
							<String ID="string_423" HPOS="1138" VPOS="2381" WIDTH="278" HEIGHT="31" WC="0.91" CONTENT="fabrikationen."/><SP WIDTH="43" VPOS="2381" HPOS="1416"/>
							<String ID="string_424" HPOS="1459" VPOS="2381" WIDTH="146" HEIGHT="30" WC="0.91" CONTENT="Vilken-"/>
						</TextLine>
						<TextLine ID="line_46" HPOS="98" VPOS="2424" WIDTH="1507" HEIGHT="37">
							<String ID="string_425" HPOS="98" VPOS="2430" WIDTH="84" HEIGHT="31" WC="0.96" CONTENT="dera"/><SP WIDTH="21" VPOS="2430" HPOS="182"/>
							<String ID="string_426" HPOS="203" VPOS="2428" WIDTH="162" HEIGHT="30" WC="0.96" CONTENT="metoden"/><SP WIDTH="20" VPOS="2428" HPOS="365"/>
							<String ID="string_427" HPOS="385" VPOS="2436" WIDTH="83" HEIGHT="21" WC="0.96" CONTENT="man"/><SP WIDTH="21" VPOS="2436" HPOS="468"/>
							<String ID="string_428" HPOS="489" VPOS="2429" WIDTH="47" HEIGHT="28" WC="0.95" CONTENT="än"/><SP WIDTH="21" VPOS="2429" HPOS="536"/>
							<String ID="string_429" HPOS="557" VPOS="2425" WIDTH="125" HEIGHT="36" WC="0.0" CONTENT="väljer,"/><SP WIDTH="20" VPOS="2425" HPOS="682"/>
							<String ID="string_430" HPOS="702" VPOS="2428" WIDTH="40" HEIGHT="28" WC="0.96" CONTENT="är"/><SP WIDTH="22" VPOS="2428" HPOS="742"/>
							<String ID="string_431" HPOS="764" VPOS="2425" WIDTH="58" HEIGHT="31" WC="0.93" CONTENT="det"/><SP WIDTH="21" VPOS="2425" HPOS="822"/>
							<String ID="string_432" HPOS="843" VPOS="2424" WIDTH="153" HEIGHT="36" WC="0.92" CONTENT="likvisst,"/><SP WIDTH="22" VPOS="2424" HPOS="996"/>
							<String ID="string_433" HPOS="1018" VPOS="2425" WIDTH="115" HEIGHT="30" WC="0.96" CONTENT="såsom"/><SP WIDTH="22" VPOS="2425" HPOS="1133"/>
							<String ID="string_434" HPOS="1155" VPOS="2425" WIDTH="11" HEIGHT="30" WC="0.96" CONTENT="i"/><SP WIDTH="23" VPOS="2425" HPOS="1166"/>
							<String ID="string_435" HPOS="1189" VPOS="2425" WIDTH="238" HEIGHT="35" WC="0.95" CONTENT="utredningen"/><SP WIDTH="21" VPOS="2425" HPOS="1427"/>
							<String ID="string_436" HPOS="1448" VPOS="2424" WIDTH="157" HEIGHT="35" WC="0.73" CONTENT="betonas,"/>
						</TextLine>
						<TextLine ID="line_47" HPOS="99" VPOS="2467" WIDTH="1506" HEIGHT="41">
							<String ID="string_437" HPOS="99" VPOS="2471" WIDTH="222" HEIGHT="37" WC="0.96" CONTENT="nödvändigt"/><SP WIDTH="24" VPOS="2471" HPOS="321"/>
							<String ID="string_438" HPOS="345" VPOS="2472" WIDTH="64" HEIGHT="35" WC="0.96" CONTENT="att,"/><SP WIDTH="23" VPOS="2472" HPOS="409"/>
							<String ID="string_439" HPOS="432" VPOS="2469" WIDTH="120" HEIGHT="32" WC="0.96" CONTENT="därest"/><SP WIDTH="23" VPOS="2469" HPOS="552"/>
							<String ID="string_440" HPOS="575" VPOS="2468" WIDTH="68" HEIGHT="33" WC="0.96" CONTENT="den"/><SP WIDTH="22" VPOS="2468" HPOS="643"/>
							<String ID="string_441" HPOS="665" VPOS="2469" WIDTH="156" HEIGHT="31" WC="0.93" CONTENT="avsedda"/><SP WIDTH="21" VPOS="2469" HPOS="821"/>
							<String ID="string_442" HPOS="842" VPOS="2468" WIDTH="287" HEIGHT="36" WC="0.92" CONTENT="likställigheten"/><SP WIDTH="21" VPOS="2468" HPOS="1129"/>
							<String ID="string_443" HPOS="1150" VPOS="2468" WIDTH="93" HEIGHT="31" WC="0.96" CONTENT="skall"/><SP WIDTH="24" VPOS="2468" HPOS="1243"/>
							<String ID="string_444" HPOS="1267" VPOS="2468" WIDTH="251" HEIGHT="37" WC="0.96" CONTENT="förverkligas,"/><SP WIDTH="25" VPOS="2468" HPOS="1518"/>
							<String ID="string_445" HPOS="1543" VPOS="2467" WIDTH="62" HEIGHT="31" WC="0.96" CONTENT="vid"/>
						</TextLine>
					</TextBlock>
				</ComposedBlock>
			</PrintSpace>
		</Page>
	</Layout>
</alto>
