2212 2634
719 201 227 29 Statsutskottets
974 201 152 29 Utlåtande
1149 202 58 29 N:o
1233 203 50 28 68.
1760 203 40 30 23

205 277 343 50 tillfyllestgörande
586 279 199 49 utredning
827 279 125 36 blifvit
980 279 291 46 åstadkommen,
1301 280 68 36 och
1397 281 287 36 kommitterade
1713 283 88 47 vilja

205 337 128 43 genast
374 331 82 37 från
498 333 130 48 början
670 333 199 48 medgifva,
912 338 55 30 att
995 334 117 48 enligt
1140 334 104 36 deras
1272 333 210 50 förmening
1509 347 44 23 en
1583 334 111 36 sådan
1722 336 79 35 icke

205 385 115 36 heller
348 387 142 34 kunnat
518 385 57 36 för
604 386 228 36 närvarande
860 386 276 49 åvägabringas.
1182 387 137 36 Endast
1338 388 12 34 i
1370 386 168 38 afseende
1557 387 22 37 å
1598 389 203 49 byggnads-

206 439 201 35 kostnaden
435 439 68 35 har
531 451 45 23 en
604 440 163 35 bestämd
795 452 143 23 summa
966 439 126 37 blifvit
1119 439 218 50 uppgifven,
1367 441 69 35 och
1465 446 55 30 att
1539 441 120 36 denna
1679 443 124 34 blifvit

206 497 73 31 satt
298 493 101 47 lägre
419 499 45 28 än
486 491 217 49 föregående
723 493 211 48 beräkning,
955 494 66 34 har
1040 494 117 47 enligt
1180 494 226 35 arkitektens
1421 493 191 37 utlåtande
1627 494 177 48 grundats

206 544 47 49 på
291 544 63 36 två
381 545 88 34 skäl.
526 544 88 36 Dels
642 546 66 34 har
736 546 165 47 tillägget
928 544 60 36 för
1015 558 136 31 murar,
1177 550 153 44 trappor
1357 559 48 22 m.
1436 559 48 22 m.
1515 552 135 31 ansetts
1678 548 126 35 kunna

207 598 158 35 minskas
407 597 81 36 från
523 596 43 50 '/,
599 596 40 36 af
678 597 70 36 den
790 598 145 48 nyttiga
977 610 108 23 arean
1118 599 60 35 till
1213 598 56 49 '/,,
1297 599 239 48 hvarigenom
1565 600 238 48 byggnadens

206 651 238 35 kubikmassa
472 651 142 35 kunnat
641 650 222 50 nedbringas
891 650 81 36 från
999 653 135 43 19,200
1156 650 55 37 m”
1231 653 60 34 till
1316 653 138 44 18,000
1475 650 68 47 m”,
1564 653 78 36 dels
1662 653 79 44 har,
1759 653 46 48 på

208 704 122 49 grund
373 703 38 37 af
450 709 56 31 att
548 704 69 36 den
659 705 77 35 inre
769 705 200 49 utstyrseln
998 706 119 35 skulle
1145 704 120 38 blifva
1292 711 131 43 ytterst
1451 706 120 44 enkel,
1601 707 111 48 priset
1740 719 65 35 per

207 758 234 36 kubikmeter
468 758 158 48 antagits
654 758 126 35 kunna
808 759 129 35 sänkas
965 757 81 37 från
1074 759 135 36 kronor
1240 762 110 42 22,50
1382 760 60 35 till
1470 760 138 35 kronor
1629 762 124 43 21,50.
1788 760 17 36 I

205 810 101 37 förra
333 810 187 37 afseendet
547 816 56 30 tro
631 812 56 48 sig
720 812 281 36 kommitterade
1029 813 126 35 kunna
1171 813 163 35 vitsorda
1352 813 264 36 reduktionens
1635 814 170 48 befogen-

208 865 73 43 het,
310 864 193 36 hvaremot
531 864 45 35 de
604 865 113 34 sakna
746 865 213 48 kompetens
987 870 55 31 att
1069 871 99 43 yttra
1187 866 56 48 sig
1262 865 186 50 angående
1468 867 63 35 det
1549 879 139 24 senare.
1719 867 87 36 Till-

207 918 126 48 lägget
361 916 41 36 af
432 916 42 50 '/,
507 916 94 36 hade
630 917 179 48 grundats
838 917 47 50 på
913 919 209 35 lokalernas
1150 919 245 36 dimensioner
1422 921 102 34 inom
1554 920 166 36 Museum
1744 919 62 37 fär

209 969 244 37 Naturkunde
481 970 12 35 i
521 970 139 45 Berlin,
690 983 84 23 men
803 972 117 47 enligt
948 971 287 37 kommitterade
1259 972 206 36 sedermera
1484 973 322 36 tillhandakomna

207 1030 167 29 närmare
416 1024 270 49 upplysningar
722 1024 111 36 hafva
875 1030 163 43 trappor,
1075 1025 209 36 korridorer
1311 1038 48 23 m.
1388 1039 49 23 m.
1466 1027 12 35 i
1507 1026 102 36 detta
1637 1039 168 23 museum

209 1078 146 48 anlagts
382 1078 13 35 i
423 1090 45 23 en
496 1078 115 44 skala,
641 1090 78 23 som
747 1078 79 36 icke
855 1079 73 34 kan
956 1079 92 35 eller
1076 1079 67 36 bör
1170 1078 230 37 förekomma
1419 1080 13 35 i
1446 1092 46 23 en
1512 1080 293 49 museibyggnad

210 1130 126 37 utförd
364 1130 92 37 efter
483 1131 177 36 moderna
688 1133 68 34 och
784 1144 154 24 numera
967 1131 116 38 såsom
1100 1133 138 48 riktiga
1260 1134 152 35 allmänt
1431 1133 159 36 ansedda
1609 1134 196 49 principer.

210 1184 55 36 En
293 1185 254 36 motsvarande
575 1185 197 36 reduktion
800 1186 167 35 kommer
996 1187 107 35 alltså
1127 1186 85 36 med
1235 1185 74 37 full
1329 1187 169 36 säkerhet
1516 1190 53 33 att
1588 1188 126 35 kunna
1733 1188 73 35 till-

208 1239 141 47 lämpas
378 1238 63 36 vid
470 1237 212 37 utförandet
709 1237 40 37 af
774 1251 44 23 en
846 1239 227 49 nybyggnad
1101 1240 58 34 för
1176 1240 236 35 riksmuseets
1431 1239 117 50 öfriga
1566 1239 241 50 afdelningar,

211 1292 68 35 och
307 1294 55 33 att
389 1291 131 36 därvid
548 1291 129 37 endast
704 1304 45 23 en
776 1297 132 43 ytterst
937 1292 109 36 enkel
1073 1291 101 37 såväl
1202 1293 77 36 inre
1299 1306 78 23 som
1396 1296 100 46 yttre
1516 1294 175 47 utstyrsel
1711 1294 95 35 skall

209 1344 283 49 åvägabringas,
534 1344 112 37 hafva
678 1345 282 37 kommitterade
988 1345 109 36 alltid
1125 1348 120 34 ansett
1272 1348 118 34 såsom
1419 1345 197 50 själffallet.
1662 1346 57 36 Då
1747 1347 61 36 det

210 1398 207 36 emellertid
446 1405 40 28 är
514 1397 105 49 fråga
643 1411 61 23 om
723 1399 300 48 approximativa
1045 1400 252 48 beräkningar,
1316 1398 112 38 hafva
1447 1400 284 37 kommitterade
1751 1399 57 37 för

211 1453 56 35 sin
310 1452 58 35 del
399 1452 80 35 icke
508 1456 119 32 ansett
655 1450 198 51 tillrådligt
879 1457 56 31 att
962 1460 89 41 göra
1079 1458 54 31 ett
1160 1452 315 51 kostnadsförslag
1502 1466 102 24 mera
1631 1454 177 36 lockande

211 1518 133 35 genom
383 1505 248 45 reduktioner,
663 1505 127 36 hvilka
818 1506 62 36 vid
909 1507 257 48 uppgörandet
1194 1506 41 36 af
1260 1512 53 31 ett
1340 1507 186 37 definitivt
1553 1506 139 50 förslag
1720 1509 88 48 möj-

211 1559 99 49 ligen
339 1559 102 36 skola
470 1559 164 36 befinnas
663 1560 196 49 motvägda
888 1559 41 36 af
954 1557 115 39 andra
1096 1561 238 36 oförutsedda
1362 1560 166 50 utgifter.

319 1612 37 37 »I
384 1611 168 38 afseende
580 1612 21 36 å
628 1613 209 48 tomtpriset
865 1613 66 36 har
958 1615 212 48 visserligen
1191 1614 113 36 utsikt
1323 1616 162 43 vunnits,
1505 1620 55 30 att
1579 1614 229 49 upplåtelsen

211 1665 82 37 från
333 1666 345 49 djurgårdskassans
717 1666 76 37 sida
834 1667 120 36 skulle
982 1668 127 35 kunna
1137 1668 187 36 meddelas
1352 1669 259 35 kostnadsfritt
1639 1691 51 3 —
1718 1674 90 30 utan

211 1724 55 31 att
294 1719 93 37 dock
415 1718 128 38 därför
571 1724 112 31 annat
711 1720 76 36 skäl
816 1720 151 45 anförts,
997 1725 43 32 än
1071 1726 52 31 att
1151 1722 143 48 platsen
1323 1722 119 36 skulle
1471 1723 185 35 användas
1684 1720 57 38 för
1765 1735 44 23 en

211 1778 137 31 statens
380 1774 170 48 samling,
581 1779 52 30 ett
661 1773 90 45 skäl,
778 1786 78 24 som
886 1774 76 36 lika
991 1775 60 35 väl
1080 1775 142 36 kunnat
1250 1782 106 42 göras
1384 1775 171 49 gällande
1583 1774 226 37 beträffande

213 1827 62 35 det
302 1825 120 50 öfriga
450 1827 234 36 riksmuseets
710 1828 290 48 byggnadsplats
1028 1828 62 36 vid
1119 1828 159 37 Frescati
1307 1851 50 4 —
1386 1842 85 23 men
1500 1828 230 37 beträffande
1758 1842 52 23 er-

213 1881 209 48 sättningen
450 1881 62 35 till
540 1880 213 36 nuvarande
781 1880 361 38 tomtinnehafvaren
1170 1884 67 34 har
1264 1895 87 23 man
1379 1885 95 34 måst
1501 1882 123 49 åtnöja
1652 1883 55 48 sig
1726 1883 84 36 med

211 1947 101 23 mera
353 1935 119 35 ovissa
514 1934 240 49 antaganden.
810 1934 72 37 Vid
925 1934 129 37 sådant
1095 1934 229 38 förhållande
1366 1936 126 36 kunna
1526 1936 283 37 kommitterade

213 1988 81 35 icke
322 1988 189 49 tillstyrka
540 1988 217 36 akademien
785 1994 55 30 att
867 1988 87 49 ingå
981 1989 60 36 till
1070 1989 138 49 Kungl.
1239 1989 103 49 Maj:t
1369 1991 84 35 med
1472 1989 182 37 bestämdt
1672 1991 139 48 förslag

213 2054 62 23 om
307 2041 72 36 den
407 2042 245 47 etnografiska
679 2040 256 50 afdelningens
963 2041 238 51 förläggande
1230 2044 59 35 till
1318 2043 190 49 Byströms
1536 2044 89 36 villa
1653 2044 68 35 och
1749 2057 61 22 om

213 2095 221 48 vidtagande
463 2096 39 35 af
529 2093 123 38 därför
679 2095 134 48 nödiga
841 2095 180 48 åtgärder.

321 2148 314 36 »Kommitterade
669 2147 112 37 hafva
813 2150 207 36 emellertid
1047 2148 101 37 förut
1175 2149 116 37 såsom
1320 2150 53 36 sin
1403 2151 149 48 mening
1581 2152 147 44 uttalat,
1758 2155 53 32 att

214 2201 81 37 från
337 2202 236 36 akademiens
614 2203 77 35 sida
723 2203 92 35 intet
847 2203 130 36 hinder
1005 2204 112 36 borde
1147 2204 205 48 uppställas
1380 2210 79 30 mot
1487 2205 98 36 hvad
1615 2205 67 36 den
1713 2210 97 31 etno-

215 2256 158 49 grafiska
405 2256 253 49 afdelningens
690 2261 179 32 närmaste
899 2256 179 37 målsmän
1106 2257 188 50 angående
1318 2257 230 37 densammas
1576 2258 235 50 förläggning
