2174 2600
408 172 19 30 2
859 174 349 33 Jordbruksutskottets
1231 176 169 32 utlåtande
1426 177 49 31 Nr
1498 181 52 28 17.

542 254 176 36 Härifrån
758 255 227 37 förekomma
1024 257 92 36 dock
1155 258 191 48 undantag
1382 261 13 33 i
1433 258 103 49 fråga
1565 273 59 22 om
1653 266 82 43 torp
1764 262 69 35 och
1863 263 143 36 mindre

408 308 224 47 lägenheter,
671 309 98 35 vilka
805 309 221 48 hembjudas
1065 313 37 33 åt
1139 312 249 36 innehavarna
1426 318 53 30 att
1517 312 36 37 få
1591 319 170 44 övertaga
1791 314 95 37 efter
1915 319 92 33 åsatt

409 361 188 36 saluvärde
627 362 67 35 och
724 367 77 31 mot
831 362 222 49 förmånliga
1081 366 142 34 villkor.

541 414 111 37 Detta
681 422 38 29 är
747 416 41 47 ju
817 417 59 34 till
905 417 72 48 god
1005 417 103 49 hjälp
1138 417 57 37 för
1223 424 146 43 torpare
1398 420 67 35 och
1494 421 429 46 lägenhetsinnehavare.

541 468 85 36 Men
656 482 139 23 samma
825 469 156 46 förmån,
999 483 78 24 som
1106 473 227 35 tillkommer
1363 473 105 36 dessa
1487 474 61 36 vid
1568 473 227 51 försäljning
1810 490 44 22 av
1873 477 132 36 krono-

408 521 231 47 egendomar,
679 522 112 36 borde
829 525 58 34 väl
926 525 107 35 också
1071 524 37 36 få
1146 527 163 46 åtnjutas
1346 540 43 22 av
1423 528 302 36 arrendatorerna
1755 530 126 46 själva,
1911 530 94 36 helst

408 574 103 36 dessa
541 575 118 36 under
687 576 258 37 arrendetiden
974 579 94 35 varit
1095 578 272 37 tillförsäkrade
1397 593 27 23 s.
1455 582 33 34 k.
1520 583 222 47 optionsrätt
1771 582 58 37 för
1859 585 56 46 sig
1938 585 67 35 och

408 628 43 36 de
480 630 80 34 sina
589 630 57 34 till
676 629 147 36 fortsatt
844 630 181 37 företräde
1045 633 58 34 till
1123 633 179 44 arrendet,
1326 634 128 48 period
1474 634 94 36 efter
1588 636 127 47 period
1735 642 78 30 mot
1834 638 171 35 arrende-

406 681 146 49 belopp,
592 695 77 23 som
709 683 318 50 domänstyrelsen
1058 689 46 45 på
1133 685 137 50 förslag
1300 700 44 23 av
1373 687 511 51 domänvärderingsmännen
1913 693 93 34 åsatt

406 735 241 47 egendomen.

539 789 130 36 Denna
698 789 144 37 förmån
872 798 39 29 är
940 792 213 37 arrendator
1182 793 156 48 betagen
1369 798 39 32 så
1437 800 100 31 snart
1557 809 45 22 en
1623 797 295 48 kronoegendom
1941 801 65 45 går

408 843 57 34 till
495 841 230 50 försäljning.

539 895 80 37 Den
653 898 177 48 trygghet
858 900 12 33 i
900 898 251 49 besittningen
1180 914 44 23 av
1252 901 106 35 dessa
1387 902 232 46 egendomar,
1652 916 76 23 som
1758 906 94 34 varit
1881 918 123 23 arren-

407 949 193 36 datorerna
637 950 250 37 tillförsäkrad
925 965 133 35 genom
1097 955 281 46 optionsrätten,
1403 955 67 36 har
1503 955 57 37 för
1589 957 82 35 dem
1700 960 94 33 varit
1822 959 58 35 till
1908 972 96 36 gagn

405 1006 46 45 på
489 1015 139 24 samma
662 1008 98 44 gång
789 1005 72 35 den
892 1005 81 36 från
1003 1008 136 35 allmän
1169 1009 192 48 synpunkt
1389 1008 81 37 haft
1498 1010 201 49 betydelse,
1731 1011 45 36 då
1806 1012 71 36 den
1907 1014 97 47 gjort

405 1056 60 35 det
504 1058 144 47 möjligt
686 1057 57 36 för
778 1059 303 36 arrendatorerna
1117 1061 67 35 och
1214 1067 108 43 eggat
1352 1062 83 36 dem
1466 1069 53 30 att
1548 1064 98 35 hålla
1675 1066 79 34 sina
1782 1065 181 36 boställen
1992 1068 11 33 i

404 1110 114 48 högre
555 1111 129 35 kultur
722 1112 67 35 och
828 1112 200 49 kraftigare
1066 1114 224 48 produktion
1329 1122 47 29 än
1413 1117 105 47 eljest
1547 1120 94 33 varit
1669 1119 148 47 möjligt
1847 1119 83 36 med
1958 1132 45 22 en

405 1165 157 34 ovissare
592 1165 206 49 besittning
827 1179 43 23 av
900 1167 280 48 egendomarne.

537 1217 76 36 Har
643 1218 68 36 den
742 1220 192 47 principen
963 1223 94 33 varit
1085 1222 114 48 riktig
1227 1223 68 35 och
1325 1223 205 49 berättigad
1551 1226 12 34 i
1588 1224 99 49 fråga
1706 1238 59 23 om
1788 1226 212 45 arrendena,

403 1274 39 32 så
484 1270 66 36 bör
593 1273 57 34 väl
693 1285 139 23 samma
874 1275 144 47 princip
1048 1275 93 36 hava
1169 1288 140 23 samma
1338 1276 267 49 berättigande,
1637 1279 45 35 då
1711 1279 61 35 det
1801 1280 116 47 gäller
1947 1279 57 36 för

402 1324 401 38 boställsinnehavarne
832 1332 53 30 att
906 1326 167 37 förvärva
1094 1330 80 34 sina
1193 1330 255 36 innehavande
1469 1331 179 36 boställen
1669 1332 83 36 med
1774 1333 227 48 äganderätt.

536 1377 71 36 Det
645 1379 103 35 torde
787 1393 86 23 vara
911 1381 210 48 uppenbart
1159 1387 51 30 att
1246 1396 46 22 en
1321 1383 215 37 arrendator
1566 1385 118 36 under
1713 1386 70 35 den
1813 1392 83 30 näst
1925 1386 77 36 före

404 1430 268 49 försäljningen
711 1446 42 23 av
790 1433 62 36 det
894 1434 154 36 boställe
1078 1435 71 36 han
1179 1436 156 36 innehar
1362 1438 159 47 löpande
1551 1438 331 49 arrendeperioden
1913 1441 90 34 skall

402 1484 121 35 känna
560 1497 44 23 en
643 1487 72 34 viss
754 1499 64 23 oro
857 1487 67 35 och
963 1489 202 43 osäkerhet,
1192 1501 77 23 som
1305 1491 131 35 verkar
1468 1491 243 37 nedsättande
1740 1495 47 46 på
1816 1493 186 36 boställets

403 1538 145 43 skötsel,
588 1540 97 35 såväl
724 1540 84 35 med
838 1541 177 35 avseende
1045 1544 20 32 å
1089 1541 86 47 jord
1205 1555 78 22 som
1313 1543 82 45 hus,
1427 1551 87 28 enär
1543 1545 73 35 han
1645 1546 78 35 icke
1751 1551 71 39 vet,
1841 1559 59 23 om
1930 1547 72 35 han

402 1591 70 35 kan
510 1591 36 35 få
564 1592 164 47 åtnjuta
767 1592 150 37 frukten
956 1607 43 23 av
1037 1595 61 35 det
1127 1594 124 37 arbete
1281 1597 68 34 och
1380 1597 43 35 de
1453 1598 196 36 kostnader
1678 1612 77 23 som
1785 1599 74 37 han
1889 1599 113 50 därpå

402 1644 208 48 nedlägger,
652 1651 88 30 utan
771 1659 148 24 snarare
948 1653 96 30 tvärt
1073 1661 60 22 om
1163 1648 172 49 bidrager
1364 1656 53 29 att
1446 1651 212 49 uppbringa
1687 1653 229 48 egendomen
1945 1655 56 35 till

402 1703 54 30 att
483 1697 98 37 bliva
611 1712 99 23 mera
740 1699 176 37 eftersökt
945 1701 68 36 och
1043 1701 165 49 begärlig
1233 1716 43 23 av
1296 1704 303 37 konkurrerande
1619 1707 239 47 spekulanter
1877 1707 61 37 vid
1958 1720 44 23 en

402 1751 170 36 blivande
602 1753 163 35 auktion.

534 1805 67 35 Att
630 1805 99 36 detta
758 1807 72 35 blir
857 1809 57 34 till
944 1808 111 36 skada
1083 1807 58 37 för
1170 1810 439 47 produktionsresultatet
1638 1816 20 32 å
1686 1813 228 49 egendomen
1944 1814 57 36 för

401 1856 92 37 flera
522 1861 39 32 år
590 1857 77 38 före
697 1860 67 35 och
794 1859 95 37 efter
918 1861 268 49 försäljningen
1215 1864 120 48 ligger
1363 1865 13 34 i
1401 1871 119 42 öppen
1542 1866 81 48 dag,
1646 1867 67 35 och
1734 1873 40 30 är
1793 1868 79 36 icke
1893 1874 108 42 egnat

402 1912 121 35 stärka
546 1912 292 47 jordbrukarnes
868 1916 178 47 ställning
1074 1917 89 34 eller
1191 1917 85 47 höja
1300 1918 490 49 jordbruksproduktionen.

533 1964 153 38 Särskilt
724 1969 55 34 uti
818 1969 227 35 närvarande
1082 1969 65 45 tid,
1178 1970 46 35 då
1247 1971 271 47 jordjobberiet
1545 1975 94 46 tagit
1668 1987 44 23 en
1743 1974 72 36 fart
1844 1976 68 35 och
1942 1981 59 31 ut-

401 2019 210 48 sträckning
649 2032 76 23 som
766 2024 115 33 måste
920 2035 105 23 anses
1064 2026 119 33 såsom
1220 2036 45 23 en
1303 2023 90 46 fara,
1424 2025 66 36 bör
1519 2026 62 36 det
1609 2040 85 23 vara
1722 2041 44 23 en
1797 2033 204 44 statsange-

400 2072 172 48 lägenhet
611 2086 43 23 av
691 2075 88 34 vital
818 2075 198 49 betydelse,
1059 2082 53 30 att
1150 2077 183 36 bibehålla
1371 2078 44 36 de
1444 2080 163 48 verkliga
1631 2081 273 47 jordbrukarne
1933 2083 66 36 och

401 2125 103 36 deras
542 2127 253 49 avkomlingar
832 2129 63 35 vid
931 2142 44 23 en
1006 2131 188 48 möjligast
1222 2132 160 48 tryggad
1412 2134 187 48 ställning,
1630 2135 67 35 och
1726 2136 79 35 icke
1836 2137 164 35 utlämna

400 2178 83 36 dem
511 2180 58 34 till
599 2193 62 23 rov
691 2180 57 36 för
777 2182 243 49 hänsynslösa
1048 2185 274 47 spekulationer
1350 2187 12 34 i
1391 2188 123 34 tävlan
1545 2187 83 36 med
1652 2188 154 48 jobbare
1835 2190 61 35 vid
1926 2189 73 37 för-

399 2232 181 37 värvande
610 2247 44 22 av
681 2235 215 48 äganderätt
923 2238 58 34 till
1011 2237 104 36 deras
1143 2238 208 36 innehavda
1380 2239 193 38 boställen.

532 2286 72 36 Det
639 2288 70 35 kan
742 2290 58 35 väl
830 2302 105 23 anses
965 2293 120 33 såsom
1115 2293 99 47 regel
1243 2296 53 31 att
1325 2292 45 36 de
1400 2294 295 37 kronoboställen
1725 2309 78 23 som
1834 2296 61 37 vid
1925 2296 74 37 för-
