1892 2860
544 171 266 30 Bankoutskottets
835 175 158 29 utlåtande
1016 178 46 28 Nr
1086 179 45 27 423.
1565 184 20 29 9

90 243 42 30 de
167 243 193 42 tjänstgjort
396 246 115 32 såsom
547 248 267 34 icke-ordinarie
850 253 347 42 befattningshavare.
1246 259 260 42 Förändringen
1541 273 43 20 av

90 286 277 43 befattningarna
391 291 76 31 från
492 292 264 34 icke-ordinarie
781 297 50 30 till
856 298 172 33 ordinarie
1049 311 102 30 synes
1169 302 84 31 böra
1270 305 218 37 genomföras
1507 307 76 31 från

90 333 66 29 och
182 334 77 30 med
284 335 66 29 den
378 337 14 28 1
415 336 65 40 juli
504 340 235 31 innevarande
764 341 46 30 år.
859 342 202 33 Stockholm
1086 346 67 30 den
1178 348 42 29 24
1244 348 151 32 februari
1422 352 93 30 1931.

434 435 318 33 Lönenämnden
777 439 61 31 för
863 441 240 41 riksdagens
1128 446 111 29 verk:

741 520 36 29 A.
804 520 130 32 Amnér.

1250 569 15 42 /
1312 572 107 31 Einar
1443 574 92 31 Falk.

538 642 182 41 Bestyrkes
746 644 18 30 å
789 645 167 40 tjänstens
982 650 143 37 vägnar:

728 725 77 31 Eric
831 721 108 38 Öhlin.

616 778 112 25 Notarie
748 780 6 23 i
776 781 277 30 riksgäldskontoret.

126 942 155 40 Avskrift.

1413 1002 59 31 Bil.
1498 1005 38 30 D.

131 1030 61 31 Till
213 1032 115 31 herrar
351 1033 211 43 fullmäktige
587 1037 11 30 i
621 1037 323 41 riksgäldskontoret.

120 1112 63 30 Det
196 1113 96 30 torde
305 1123 83 21 vara
401 1115 131 39 erkänt,
547 1120 49 27 att
610 1118 233 41 befattningen
858 1131 75 20 som
948 1124 267 31 övermaskinist
1228 1125 57 31 vid
1299 1127 201 40 riksdagens
1514 1130 67 30 hus

80 1156 123 31 kräver
223 1167 42 20 en
282 1159 66 38 god
367 1159 95 31 såväl
483 1162 164 30 teoretisk
666 1173 74 21 som
760 1165 158 39 praktisk
936 1166 279 43 fackutbildning
1232 1171 66 30 och
1317 1173 86 29 även
1422 1182 42 21 en
1484 1174 95 41 bety-

80 1201 114 30 dande
212 1202 193 32 erfarenhet
418 1204 44 40 på
475 1206 41 29 de
531 1208 144 38 värme-,
689 1209 233 32 elektricitets-
936 1212 66 30 och
1017 1213 292 33 sanitärtekniska
1324 1217 188 32 områdena
1527 1219 53 31 för

81 1249 49 27 att
146 1246 119 31 husets
282 1249 234 39 anordningar
533 1261 43 20 av
593 1252 114 31 skilda
721 1254 72 39 slag
813 1255 99 30 skola
930 1256 119 31 kunna
1072 1258 118 31 skötas
1207 1259 45 40 på
1269 1261 69 30 ett
1333 1255 20 51 i
1356 1262 224 33 ekonomiskt

80 1291 66 30 och
175 1291 154 31 tekniskt
358 1296 169 29 avseende
555 1296 318 34 tillfredsställande
898 1302 76 29 sätt.
1024 1302 127 31 Likaså
1176 1304 64 30 har
1269 1305 55 31 det
1354 1307 150 40 erkänts,
1530 1312 49 28 att

79 1334 269 42 tjänstgöringen
385 1339 110 30 under
523 1341 66 30 den
614 1342 48 30 tid
689 1352 42 21 av
761 1343 80 39 året,
867 1345 45 30 då
936 1345 184 41 riksdagen
1145 1350 38 28 är
1207 1350 145 37 samlad,
1377 1353 38 28 är
1439 1354 139 39 mycket

79 1382 254 38 ansträngande
369 1383 66 30 och
471 1384 228 40 påfrestande.
748 1388 74 30 Den
860 1390 133 39 dagliga
1021 1389 344 44 tjänstgöringstiden
1395 1396 65 31 blir
1484 1398 94 39 långt

79 1426 82 29 över
194 1427 365 41 normalarbetsdagen
597 1432 67 29 och
701 1433 131 39 uppgår
868 1434 70 30 ofta
974 1436 58 29 vid
1066 1438 177 39 nattplena
1278 1440 51 30 till
1354 1450 73 21 mer
1452 1444 43 28 än
1522 1444 56 29 det

79 1469 141 37 dubbla,
246 1474 84 27 utan
356 1475 49 27 att
429 1473 112 39 någon
566 1478 94 27 extra
686 1478 188 39 ersättning
898 1479 118 31 härför
1033 1481 108 39 utgår,
1158 1482 11 29 i
1186 1486 145 28 motsats
1348 1485 50 30 till
1416 1487 66 29 vad
1500 1497 76 21 som

79 1515 38 28 är
132 1514 103 43 fallet
258 1515 53 30 för
335 1519 21 27 t.
383 1526 50 20 ex.
459 1518 300 40 vaktpersonalen.

122 1559 27 29 ÅA
175 1560 108 30 andra
309 1560 100 31 sidan
434 1562 64 30 har
522 1564 66 29 den
614 1565 265 40 uppfattningen
898 1568 148 32 kommit
1063 1569 50 30 till
1131 1580 112 30 synes,
1262 1576 48 27 att
1327 1574 250 32 arbetsbördan

78 1603 110 30 under
223 1604 94 30 tiden
353 1606 127 30 mellan
505 1607 226 41 riksdagarna
754 1611 110 31 skulle
889 1622 83 21 vara
997 1613 165 41 betydligt
1186 1616 120 31 lättare
1331 1620 44 28 än
1401 1619 53 30 för
1477 1623 21 27 t.
1525 1631 50 20 ex.

78 1649 244 30 motsvarande
363 1650 341 41 befattningshavare
733 1655 57 31 vid
819 1656 232 32 riksbankens
1076 1659 260 42 huvudkontor,
1362 1664 62 30 där
1448 1665 66 30 den
1540 1668 37 28 är

77 1691 71 31 lika
186 1693 70 30 året
285 1703 68 21 om.
403 1695 121 32 Denna
550 1698 220 41 uppfattning
794 1701 97 39 utgår
915 1702 100 39 ifrån,
1040 1706 49 28 att
1113 1705 279 40 riksdagshusets
1416 1709 161 32 tekniska

79 1737 232 40 anordningar
348 1739 27 40 ej
402 1740 63 30 alls
490 1742 80 30 eller
595 1744 138 39 mycket
758 1745 94 40 ringa
878 1749 180 29 användas
1083 1750 110 30 under
1216 1751 94 31 tiden
1336 1753 127 31 mellan
1488 1755 87 30 riks-

79 1781 160 39 dagarna.
289 1783 12 29 I
327 1784 233 40 verkligheten
586 1789 39 28 är
644 1789 56 30 det
724 1790 48 38 så,
798 1793 48 27 att
863 1791 436 43 ångpanneanläggningen
1317 1798 38 29 är
1372 1797 9 30 i
1399 1798 81 31 drift
1496 1800 80 30 hela

78 1825 72 31 året
186 1828 77 29 med
300 1829 178 40 undantag
513 1841 43 20 av
592 1832 105 39 några
731 1835 114 38 dagar,
882 1836 44 30 då
962 1838 66 29 den
1054 1838 109 31 måste
1189 1841 183 39 nedläggas
1397 1842 10 30 i
1433 1844 66 30 och
1524 1845 53 30 för

81 1871 261 40 »storsotning».
392 1873 13 30 I
430 1875 109 39 övrigt
568 1876 110 31 hålles
708 1878 85 40 ånga
825 1881 109 30 under
963 1882 77 30 hela
1071 1892 209 29 sominaren,
1306 1886 107 31 vilket
1436 1887 55 40 jag
1515 1889 61 30 allt

78 1915 107 30 sedan
222 1916 76 30 mitt
321 1917 222 33 tillträdande
568 1930 43 21 av
636 1922 235 40 befattningen
895 1925 116 31 funnit
1036 1928 212 39 nödvändigt
1273 1930 52 30 för
1350 1932 225 31 undvikande

78 1968 42 21 av
155 1960 208 31 fuktskador
399 1962 43 39 på
475 1964 140 31 särskilt
652 1966 250 39 plenisalarnas
938 1969 183 41 inredning
1151 1976 88 26 samt
1264 1974 44 39 på
1333 1975 66 30 den
1424 1976 147 40 dyrbara

77 2003 183 31 elektriska
295 2005 257 33 installationen
577 2009 10 29 i
613 2010 119 31 husets
768 2012 155 39 källare-,
945 2013 93 40 jord-
1064 2016 66 30 och
1156 2016 297 42 bottenvåningar.
1501 2022 73 30 Vad

75 2047 118 41 tillsyn
230 2049 66 30 och
333 2051 181 31 underhåll
552 2063 42 21 av
631 2055 116 39 övriga
783 2057 161 31 tekniska
969 2060 235 39 anordningar
1229 2062 172 38 beträffar,
1427 2065 37 30 så
1488 2066 87 30 före-

78 2092 142 31 komma
246 2095 109 29 under
384 2095 91 31 tiden
502 2098 128 30 mellan
655 2100 225 40 riksdagarna
906 2104 226 40 underhålls-,
1155 2107 230 39 reparations-
1414 2110 65 30 och
1505 2111 71 31 ofta

77 2138 87 29 även
190 2138 305 40 ändringsarbeten
520 2142 10 29 i
556 2145 109 29 större
694 2147 247 39 utsträckning,
968 2150 44 28 än
1038 2159 75 20 som
1141 2150 110 31 skulle
1277 2162 82 21 vara
1380 2153 93 31 fallet
1496 2155 11 30 i
1532 2165 42 21 en

75 2181 70 30 lika
181 2185 69 27 stor
287 2183 159 40 byggnad
477 2187 77 29 med
580 2188 176 40 likformig
780 2192 225 39 användning
1030 2193 71 31 året
1126 2204 67 21 om.
1241 2196 78 31 Med
1344 2199 87 29 rätta
1457 2200 114 30 ställes

75 2226 57 29 det
157 2226 128 39 kravet,
311 2231 49 27 att
384 2229 296 42 driftsstörningar
705 2233 26 39 ej
758 2234 84 31 böra
868 2236 33 29 få
930 2237 219 31 förekomma
1175 2241 109 29 under
1309 2237 263 49 riksdagstiden.

77 2270 115 30 Under
228 2271 130 31 sådana
391 2275 294 38 omständigheter
722 2279 108 30 måste
851 2280 57 39 jag
938 2282 126 29 mellan
1092 2282 225 40 riksdagarna
1342 2295 123 29 genom
1492 2297 81 30 nog-

75 2322 130 29 granna
232 2316 299 40 undersökningar
545 2319 160 40 bedöma,
730 2322 93 31 vilka
848 2324 163 40 lämpliga
1033 2326 157 38 åtgärder
1212 2338 74 20 som
1318 2330 82 30 böra
1419 2331 154 39 vidtagas

76 2357 52 30 för
153 2359 225 31 undvikande
403 2371 41 20 av
469 2363 306 41 driftsstörningar,
801 2367 165 38 åtgärder,
997 2379 75 20 som
1098 2370 10 30 i
1134 2372 135 38 vanliga
1296 2373 58 30 fall
1376 2378 69 40 gott
1462 2376 112 31 skulle

75 2402 45 29 ha
147 2402 134 31 kunnat
305 2405 109 36 anstå,
441 2406 67 30 tills
534 2408 141 39 slitning
699 2410 80 30 eller
803 2421 116 21 annan
938 2413 221 41 försvagning
1178 2416 72 30 nått
1268 2417 125 39 längre.
1419 2420 27 29 Å
1464 2421 109 30 andra

73 2446 99 30 sidan
209 2448 104 37 gäller
339 2449 56 31 det
420 2452 216 38 naturligtvis
662 2457 48 27 att
740 2455 27 39 ej
795 2465 156 30 reparera
981 2458 80 30 eller
1087 2459 118 39 utbyta
1233 2462 234 39 anordningar
1491 2465 81 30 eller

73 2491 95 29 delar
193 2491 105 31 därav
324 2492 8 30 i
359 2495 149 30 onödan.
547 2497 88 30 Vore
661 2508 46 20 nu
734 2499 258 40 riksdagshuset
1019 2513 40 19 ur
1085 2503 86 30 bruk
1199 2506 109 29 under
1332 2507 93 30 tiden
1444 2510 125 29 mellan
