2220 2618
695 162 348 33 Jordbruksutskottets
1066 161 164 34 utlåtande
1252 161 54 32 Nr
1327 162 53 32 29.
1767 160 19 31 9

942 565 59 40 Nr
1029 565 66 41 29.

783 722 112 27 Ankom
914 722 42 27 till
975 722 166 35 riksdagens
1161 721 93 28 kansli
1273 721 54 27 den
1348 722 33 26 17
1399 721 121 27 februari
1541 721 67 27 1914
1626 721 37 26 kl.
1685 721 16 26 4
1719 731 23 17 e.
1763 731 34 16 m.

439 863 205 43 Utlåtande,
673 864 14 34 i
715 863 199 46 anledning
943 875 44 24 av
1007 863 138 45 Kungl.
1166 863 131 43 Maj:ts
1310 863 228 45 proposition
1558 863 186 44 angående
1760 861 74 37 till-

631 933 109 35 stånd
761 932 66 44 för
848 933 197 45 delägarna
1065 935 13 33 i
1097 933 155 45 Lösings
1272 932 364 45 häradsallmänning
1665 935 53 32 att
1735 932 97 44 sälja

632 1003 73 35 viss
737 1002 58 36 del
822 1003 122 36 därav.

1502 1104 73 42 (1:a
1603 1103 100 50 avd.)

362 1210 17 36 I
412 1223 46 23 en
487 1209 57 37 till
571 1209 206 50 riksdagen
805 1209 73 37 den
909 1211 45 35 19
984 1208 197 38 december
1212 1210 96 34 1913
1338 1209 161 46 avlåten,
1529 1208 56 36 till
1608 1207 224 50 jordbruks-

232 1263 185 36 utskottet
446 1261 58 36 för
532 1260 272 38 förberedande
832 1260 294 50 handläggning
1144 1259 185 37 hänvisad
1349 1259 248 50 proposition,
1618 1272 46 24 nr
1684 1261 60 45 53,
1765 1258 70 37 har

232 1313 143 50 Kungl.
408 1312 108 50 Maj:t
542 1312 120 37 under
690 1312 236 49 åberopande
954 1326 46 23 av
1029 1312 121 49 bilagt
1178 1310 140 50 utdrag
1345 1325 48 22 av
1421 1310 415 50 statsrådsprotokollet

233 1371 91 32 över
359 1364 374 50 jordbruksärenden
775 1364 58 36 för
873 1377 144 23 samma
1058 1363 76 50 dag
1174 1362 200 51 föreslagit
1409 1362 206 49 riksdagen
1643 1362 191 48 medgiva,

234 1422 56 32 att
335 1422 54 31 ett
429 1415 13 37 i
483 1415 413 50 statsrådsprotokollet
936 1415 157 50 angivet
1133 1414 151 38 område
1326 1428 63 23 om
1431 1415 48 36 50
1525 1414 135 37 hektar
1702 1416 46 34 75
1794 1427 41 23 ar

234 1483 47 23 av
315 1468 165 48 Lösings
508 1466 378 51 häradsallmänning
912 1468 13 36 i
953 1458 292 59 Östergötlands
1273 1466 62 37 län
1364 1469 61 34 må
1453 1479 46 24 av
1527 1466 205 49 delägarna
1759 1465 75 37 för-

234 1521 116 49 säljas
392 1519 59 37 till
489 1520 164 36 nämnda
679 1519 84 37 läns
791 1519 195 48 landsting
1012 1519 121 37 under
1159 1518 138 37 villkor
1324 1523 56 32 att
1407 1518 13 36 i
1449 1518 125 37 stället
1602 1517 232 38 skattehem-

233 1577 129 32 manet
403 1571 40 41 '/g
486 1572 142 36 mantal
663 1571 194 37 Betlehem
886 1584 45 23 nr
961 1573 18 34 1
1009 1572 13 35 i
1050 1570 176 37 Krokeks
1254 1570 139 37 socken
1422 1584 46 22 av
1496 1583 144 23 samma
1667 1570 62 36 län
1757 1568 76 37 till-

233 1624 138 49 lägges
399 1622 425 49 häradsallmänningen
843 1623 70 36 och
933 1623 151 37 förenas
1103 1622 119 37 under
1241 1635 219 35 gemensam
1480 1621 246 48 hushållning
1745 1620 87 37 med

234 1676 232 36 densamma.

363 1727 17 36 I
400 1727 102 37 detta
522 1726 137 37 ärende
679 1726 69 36 har
767 1725 418 50 departementschefen
1204 1724 56 37 till
1281 1724 411 49 statsrådsprotokollet
1708 1723 128 37 anfört

234 1778 183 49 följande:
1312 1816 4 9 .

364 1830 38 35 »I
430 1828 208 48 anledning
666 1841 46 23 av
740 1827 282 48 framställning
1050 1827 84 36 från
1159 1839 48 24 en
1227 1839 47 23 av
1294 1816 292 59 Östergötlands
1605 1827 82 35 läns
1707 1825 127 37 lands-

235 1881 85 48 ting
361 1880 135 37 tillsatt
528 1879 198 37 kommitté
761 1879 59 36 för
849 1878 246 37 anskaffande
1123 1891 46 23 av
1195 1878 160 49 lämplig
1382 1878 99 49 plats
1512 1878 57 36 för
1596 1877 239 50 uppförande

236 1946 47 23 av
312 1946 46 23 en
390 1930 563 49 tuberkulossjukvårdsanstalt
980 1930 102 36 inom
1110 1930 102 36 länet
1240 1929 145 37 beslöto
1410 1929 206 49 delägarna
1638 1929 12 36 i
1670 1928 164 49 Lösings

235 1983 374 47 häradsallmänning
635 1995 139 36 genom
803 1981 199 37 sockenvis
1030 1981 160 37 utsedda
1217 1980 142 37 ombud
1383 1980 63 37 vid
1466 1980 276 37 sammanträde
1762 1980 73 36 den

237 2037 21 34 3
288 2035 71 37 och
388 2034 72 37 den
489 2035 21 35 8
539 2033 153 49 augusti
723 2035 97 35 1912
850 2033 58 36 för
935 2033 58 36 sin
1022 2032 59 37 del
1100 2037 56 31 att
1179 2032 207 49 hembjuda
1404 2031 234 49 landstinget
1657 2028 180 52 omkring

238 2088 46 34 51
315 2086 134 37 hektar
477 2098 46 23 av
547 2090 52 31 ett
627 2085 59 35 för
713 2084 158 36 berörda
899 2084 175 36 ändamål
1102 2084 214 48 föreslaget,
1343 2097 47 22 av
1409 2083 427 36 distriktslantmätaren

236 2137 45 36 A.
322 2136 47 37 G.
416 2135 212 38 Lövstrand
666 2138 20 33 å
721 2135 110 36 karta
859 2135 161 36 avfattat
1047 2134 153 37 område
1229 2147 47 23 av
1304 2134 424 48 häradsallmänningen
1757 2139 79 31 mot

237 2202 47 23 en
325 2188 95 37 efter
458 2189 71 34 100
566 2187 139 36 kronor
732 2186 60 36 för
820 2186 132 37 hektar
979 2185 191 37 beräknad
1201 2185 257 49 köpeskilling
1480 2186 121 49 jämte
1628 2184 132 37 värdet
1789 2198 48 23 av

237 2240 147 49 skogen
411 2238 121 50 enligt
557 2237 284 37 vederbörande
864 2237 255 49 jägmästares
1147 2236 280 50 uppskattning
1446 2242 98 31 samt
1562 2237 118 36 under
1698 2235 140 37 villkor

282 2300 129 42 Bihang
434 2299 47 31 till
504 2298 185 42 riksdagens
706 2297 158 42 protokoll
886 2297 95 31 1914.
1007 2298 41 31 10
1070 2297 89 31 saml.
1207 2299 19 29 7
1250 2296 79 41 häft.
1374 2297 69 41 (Nr
1465 2295 155 41 26—29.)
1778 2296 20 31 2
