1892 2844
471 188 399 35 Jordbruksutskottets
897 191 188 34 utlåtande
1111 193 54 33 Nr
1186 195 51 30 70.
1516 197 40 30 29

96 262 202 38 middagen.
342 263 61 38 Är,
431 266 44 31 då
500 268 216 36 provtagare
742 269 131 31 önskar
898 271 198 32 verkställa
1119 273 252 37 provtagning,
1400 274 68 31 den
1494 275 105 36 lokal,

95 324 77 22 som
192 315 92 32 skall
307 316 157 38 besökas,
487 319 140 36 stängd,
651 320 57 30 får
731 320 72 31 han
824 322 121 31 vända
966 322 55 37 sig
1045 322 56 32 till
1125 324 265 33 vederbörande
1414 326 186 32 fabrikant

95 366 88 32 eller
206 367 202 33 handlande
431 370 64 31 och
518 371 149 31 särskilt
688 372 146 32 anhålla
858 383 57 22 om
938 374 171 37 tillträde,
1130 386 75 21 som
1228 376 55 37 då,
1305 378 113 31 under
1440 378 160 36 angivna

96 418 64 38 tid,
189 419 77 32 icke
295 421 58 31 får
382 421 199 37 förvägras.
629 423 108 32 Detta
764 425 273 38 nödvändiggör
1066 427 156 36 givetvis
1250 428 78 32 icke
1356 429 168 33 hållande
1552 441 47 21 av

96 472 105 30 extra
219 474 175 34 personal.
435 473 250 39 Provtagning
705 476 12 31 i
739 476 120 32 fabrik
879 478 113 31 under
1013 488 122 22 annan
1152 480 55 32 tid
1229 483 47 29 än
1298 481 44 32 då
1363 478 236 46 tillverkning

95 524 115 36 pågår
229 524 86 32 eller
333 524 12 31 i
364 525 103 32 butik
485 529 111 29 annat
615 529 47 29 än
682 528 42 31 då
745 528 205 33 densamma
969 533 40 29 är
1029 533 116 35 öppen
1163 532 57 31 för
1239 533 240 32 allmänheten
1499 535 100 31 torde

96 574 57 32 för
176 576 121 37 övrigt
320 577 203 37 säkerligen
545 579 143 32 komma
709 582 53 30 att
786 581 88 32 höra
898 582 57 31 till
978 583 242 37 undantagen.
1261 585 68 31 Det
1353 586 99 32 torde
1476 587 124 31 kunna

92 626 164 38 antagas,
282 629 56 31 att
365 631 254 36 provtagarna,
647 631 101 33 vilka
774 632 135 33 handla
933 634 115 33 under
1075 635 411 40 tjänstemannaansvar,
1515 640 86 36 taga

96 678 174 38 tillbörlig
288 680 141 37 hänsyn
447 681 56 31 till
522 682 323 37 näringsidkarnas
862 686 225 37 berättigade
1105 688 92 31 krav
1215 689 54 30 att
1288 689 76 31 icke
1383 685 216 46 tillskyndas

95 730 156 38 onödiga
268 732 192 32 kostnader
478 734 66 31 och
563 735 138 32 besvär.

135 807 19 32 I
175 807 57 32 sin
251 809 135 31 motion
408 809 115 32 I11:450
545 811 67 31 har
635 811 84 32 herr
741 813 149 37 Nygren
913 814 192 38 hemställt,
1129 817 53 31 att
1208 817 56 31 till
1288 817 189 37 förslagets
1501 820 98 30 över-

95 860 381 36 gångsbestämmelser
496 864 111 30 måtte
631 864 102 36 fogas
753 866 52 30 ett
825 866 198 36 stadgande
1043 878 48 21 av
1112 868 160 37 följande
1294 869 148 37 lydelse:
1468 872 100 32 »Vad
1586 871 13 31 i

94 912 39 31 17
156 910 19 37 $
197 913 145 37 stadgas
364 915 184 35 angående
571 915 239 39 förpackning
833 928 47 21 av
901 919 187 36 margarin
1110 920 64 31 och
1197 921 192 32 konstister
1413 922 91 33 skall
1528 923 70 32 till-

94 962 140 38 lämpas
255 965 90 31 först
367 976 62 21 sex
451 967 171 32 månader
643 969 92 30 efter
759 969 275 38 förordningens
1058 972 319 33 ikraftträdande.»

134 1015 71 32 Till
223 1017 80 32 stöd
320 1017 56 32 för
395 1018 57 31 sin
469 1018 216 33 hemställan
703 1020 67 31 har
788 1021 224 33 motionären
1031 1024 136 31 anfört:

135 1088 14 17 »
153 1076 127 38 Enligt
297 1079 38 30 17
353 1077 18 36 $
390 1079 92 31 skall
501 1080 141 36 trycket
660 1083 21 29 å
701 1083 135 36 omslag
856 1083 65 31 och
938 1084 283 37 förpackningar
1239 1097 90 21 vara
1348 1098 46 20 av
1411 1088 89 32 visst
1520 1089 78 36 slag

92 1121 80 31 med
191 1121 113 32 delvis
322 1124 71 30 rött
412 1123 104 36 tryck
534 1124 65 31 och
618 1125 59 30 det
696 1127 100 34 tager
815 1126 156 36 givetvis
991 1127 62 37 tid,
1071 1129 113 31 innan
1201 1131 398 36 margarinfabrikerna

90 1163 115 33 hinna
228 1166 170 31 anskaffa
421 1167 58 31 det
503 1177 72 26 nya
600 1168 472 38 förpackningsmaterialet.
1113 1172 156 33 Kortare
1295 1174 52 32 tid
1371 1178 46 28 än
1441 1185 60 21 sex
1525 1177 72 29 må-

91 1208 114 31 nader
229 1208 71 31 kan
324 1210 214 36 näppeligen
562 1212 186 37 beräknas,
773 1214 64 31 och
862 1214 80 31 häri
968 1214 117 37 ligger
1109 1216 264 38 motiveringen
1398 1218 55 31 för
1478 1219 119 36 tilläg-

92 1253 70 34 get.
203 1252 75 32 Vill
298 1264 84 20 man
404 1264 45 21 av
472 1255 209 32 fabrikerna
702 1257 114 31 kräva
838 1258 51 31 ett
911 1260 179 35 noggrant
1113 1260 234 36 iakttagande
1367 1272 46 21 av
1436 1263 67 31 den
1525 1272 74 27 nya

93 1295 276 37 förordningens
393 1297 274 39 bestämmelser,
690 1300 114 31 vilket
826 1301 237 37 naturligtvis
1087 1306 41 28 är
1152 1303 139 38 riktigt,
1316 1306 39 30 så
1378 1307 112 30 måste
1514 1316 85 21 man

91 1338 87 36 giva
198 1340 80 31 dem
297 1340 145 32 tillfälle
462 1343 54 30 att
538 1343 116 31 träffa
676 1344 41 31 de
735 1344 134 37 nödiga
890 1345 333 33 förberedelserna.»

135 1415 126 37 Enligt
277 1417 190 36 förslagets
483 1420 467 35 övergångsbestämmelser
966 1422 92 31 skall
1076 1423 258 38 förordningen
1350 1426 104 31 träda
1470 1426 12 31 i
1499 1426 101 32 kraft

95 1467 69 31 den
186 1468 69 36 dag
277 1469 135 36 Kungl.
434 1470 110 36 Maj:t
567 1471 221 32 bestämmer.
830 1472 68 32 Det
921 1484 46 20 av
988 1474 223 32 motionären
1235 1477 219 32 framhållna
1477 1478 122 31 önske-

93 1519 83 38 mål,
196 1522 55 30 att
272 1521 127 36 nödigt
419 1522 148 31 rådrum
589 1524 112 30 måtte
722 1524 146 32 beredas
890 1526 463 36 margarinfabrikanterna
1377 1529 56 31 för
1455 1530 144 31 anskaf-

96 1571 108 33 fande
231 1582 46 22 av
304 1575 91 35 nytt,
422 1574 12 30 i
462 1575 195 36 anledning
686 1586 45 21 av
760 1576 191 37 förslagets
979 1578 265 33 bestämmelser
1271 1581 230 37 erforderligt
1529 1583 70 30 för-

95 1624 367 37 packningsmaterial
487 1627 100 31 torde
614 1628 153 31 sålunda
792 1629 196 37 lämpligen
1013 1630 124 32 kunna
1163 1631 205 37 tillgodoses
1394 1643 125 27 genom
1546 1635 54 30 att

95 1676 276 38 förordningens
397 1677 292 34 ikraftträdande
716 1680 195 33 fastställes
939 1682 56 31 till
1021 1682 74 32 viss
1123 1693 123 22 senare
1272 1685 69 36 dag
1367 1688 47 28 än
1441 1686 78 32 dess
1546 1688 53 30 ut-

96 1728 186 32 färdande.
328 1730 182 32 Utskottet
533 1731 66 31 vill
625 1731 191 38 härvidlag
842 1734 137 36 betona,
1004 1736 55 29 att
1085 1736 174 31 utskottet
1284 1736 119 32 finner
1429 1738 58 31 det
1510 1748 92 21 vara

96 1789 47 21 av
165 1781 131 31 största
315 1782 89 36 vikt,
426 1783 54 30 att
502 1782 257 38 förordningen
781 1788 142 29 snarast
946 1786 147 36 bringas
1116 1787 11 31 i
1151 1788 240 37 tillämpning.
1433 1788 32 33 Å
1487 1791 115 31 andra

94 1831 107 32 sidan
222 1832 66 32 vill
307 1834 173 32 utskottet
502 1834 77 32 icke
600 1837 171 30 motsätta
794 1837 64 36 sig,
881 1840 53 29 att
957 1838 147 37 behörig
1127 1840 142 36 hänsyn
1290 1842 99 35 tages
1413 1842 56 31 till
1491 1843 108 36 syfte-

94 1884 111 31 målet
222 1885 78 31 med
318 1885 240 33 motionärens
575 1888 170 35 yrkande.
781 1889 61 36 De,
860 1889 101 32 vilka
978 1900 46 21 av
1043 1891 257 37 förordningen
1317 1893 152 37 beröras,
1487 1895 112 30 måste

95 1935 156 36 givetvis
270 1937 137 31 erhålla
425 1938 188 36 möjlighet
631 1941 55 29 att
705 1939 137 32 inrätta
859 1940 56 37 sig
935 1942 91 30 efter
1048 1942 41 31 de
1108 1952 74 26 nya
1200 1944 322 32 bestämmelserna.

134 2039 182 33 Utskottet
339 2042 150 35 övergår
512 2052 49 21 nu
585 2042 55 31 till
665 2043 217 37 behandling
904 2055 48 20 av
974 2045 42 31 de
1038 2046 12 30 i
1073 2046 223 32 motionerna
1321 2048 200 32 framförda
1541 2059 57 26 yr-

93 2090 166 33 kandena
283 2092 11 30 i
320 2093 40 30 de
386 2093 97 31 delar
510 2094 40 31 de
576 2094 77 31 icke
678 2095 123 32 kunna
826 2096 118 32 direkt
968 2097 172 33 hänföras
1166 2099 57 30 till
1247 2099 312 33 bestämmelserna
1585 2100 12 31 i

92 2142 135 36 Kungl.
252 2144 126 36 Maj:ts
400 2145 145 36 förslag.
587 2146 69 31 Till
682 2157 43 20 en
748 2148 127 36 början
897 2149 66 30 vill
987 2149 174 31 utskottet
1185 2151 129 31 härvid
1339 2151 55 31 till
1419 2152 178 36 prövning

94 2196 160 35 upptaga
282 2196 127 35 gjorda
438 2198 313 36 framställningar
778 2200 229 32 beträffande
1036 2202 241 35 margarinets
1305 2204 251 31 smörfetthalt.

133 2281 18 31 I
174 2282 41 30 de
237 2282 230 36 likalydande
490 2284 221 32 motionerna
735 2286 30 30 I:
781 2286 57 30 302
860 2297 46 20 av
927 2287 81 30 herr
1031 2288 134 35 Fritiof
1188 2289 193 36 Gustafson
1405 2301 43 21 m.
1470 2291 38 35 fl.
1532 2291 64 31 och

92 2333 52 30 IT:
160 2333 58 31 447
239 2344 45 20 av
303 2334 81 30 herr
406 2335 195 30 Nordkvist
623 2347 43 20 m.
686 2337 37 34 fl.
745 2337 65 30 har
831 2338 209 36 hemställts,
1062 2340 54 29 att
1135 2340 193 35 riksdagen
1349 2341 84 31 ville
1455 2338 141 44 begära,

92 2386 55 29 att
166 2386 263 30 bestämmelser
450 2386 11 30 i
481 2386 158 35 enlighet
660 2388 76 30 med
758 2389 11 29 i
789 2389 222 30 motionerna
1031 2390 159 35 angivna
1210 2392 183 35 riktlinjer
1413 2394 109 30 måtte
1544 2395 51 29 ut-

94 2436 123 31 färdas
244 2437 182 34 angående
453 2438 129 31 förbud
608 2441 72 29 mot
706 2449 98 21 mera
830 2440 237 36 inblandning
1094 2442 11 30 i
1132 2443 183 34 margarin
1339 2454 45 21 av
1411 2447 93 28 smör
1531 2445 65 30 lik-

92 2497 75 21 som
187 2500 45 19 av
252 2489 113 30 andra
386 2489 392 36 ladugårdsprodukter
798 2494 46 28 än
866 2502 74 21 som
960 2493 227 32 erfordrades
1210 2495 54 30 för
1284 2496 238 35 margarinets
1545 2497 50 30 in-

1629 829 187 36 Övergångsbe-

1621 871 197 23 stämmelserna.

1666 922 111 25 Motion.

1654 1438 137 25 Utskottet.

1632 2294 181 31 Margarinets

1624 2329 195 26 smörfetthalt.

1655 2383 140 23 Motioner.
