2224 2676
414 192 22 30 4
922 184 240 43 Lagutskottets
1191 183 173 34 Utlåtande
1387 182 53 32 Nr
1463 184 52 29 31.

632 273 213 48 utveckling
874 272 89 35 eller
992 270 119 50 dylikt
1139 269 61 36 vid
1228 265 520 51 inskrifningsförrättningen
1777 264 166 36 befinnes
1964 265 58 34 till

632 329 250 47 tjänstgöring
911 324 216 49 oförmögen
1157 325 89 35 eller
1275 323 187 48 olämplig.

555 386 33 34 2.
632 382 136 37 Sådant
789 380 165 50 uppskof
970 382 72 34 kan
1062 380 67 35 ock
1145 377 205 50 medgifvas
1366 377 93 36 ende
1476 374 202 38 arbetsföre
1695 388 124 30 sonen,
1838 386 183 23 sonsonen

633 438 88 35 eller
756 436 236 36 dottersonen
1021 435 59 34 till
1109 434 161 35 orkeslös
1300 433 88 34 eller
1416 430 131 37 vanför
1576 429 113 45 fader,
1722 428 170 44 farfader,
1924 441 99 22 mor-

634 491 102 36 fader
778 491 89 35 eller
903 490 59 35 till
997 489 94 36 änka
1120 489 89 35 eller
1237 485 95 50 ogift
1361 487 147 41 kvinna,
1540 484 92 36 ende
1662 482 200 37 arbetsföre
1892 481 132 37 foster-

634 559 113 23 sonen
791 546 57 34 till
891 544 161 35 orkeslös
1095 544 88 34 eller
1224 539 131 39 vanför
1392 538 220 38 fosterfader
1650 539 89 35 eller
1768 536 253 44 fostermoder,

636 600 188 37 äfvensom
854 599 92 35 ende
976 596 201 37 arbetsföre
1205 596 159 36 brodern
1393 596 58 34 till
1481 599 52 31 ett
1562 594 89 35 eller
1668 593 90 35 flera
1778 592 247 47 minderåriga

635 657 89 35 eller
764 653 154 37 vanföra
960 652 182 36 faderlösa
1180 652 147 48 syskon,
1366 649 92 36 dock
1497 648 129 36 endast
1656 647 124 37 såvida
1809 646 113 49 sagda
1950 644 75 37 för-

636 710 130 42 äldrar,
806 708 74 34 far-
917 708 88 34 eller
1038 705 262 35 morföräldrar
1329 705 88 34 eller
1446 702 297 36 fosterföräldrar
1771 702 90 34 eller
1889 701 136 47 syskon

637 771 61 28 äro
728 761 40 37 af
793 762 92 35 hans
915 760 122 36 arbete
1067 758 58 37 för
1153 760 64 34 sitt
1247 758 175 48 upphälle
1451 757 229 47 väsentligen
1708 754 196 36 beroende.

559 821 32 34 3.
637 817 212 37 Förefinnes
892 814 201 48 anledning
1130 814 58 35 till
1223 812 171 36 befrielse
1430 812 117 47 enligt
1576 810 121 36 denna
1725 807 176 50 paragraf
1926 815 101 29 ännu

635 872 63 36 vid
739 867 521 50 inskrifningsförrättningen
1304 866 61 35 det
1407 868 50 41 år,
1497 864 119 36 under
1648 864 140 35 hvilket
1818 863 70 35 den
1918 869 110 29 värn-

637 927 154 48 pliktige
821 923 111 50 fyller
960 920 197 51 tjugufyra
1186 924 50 40 år,
1268 919 164 37 frikallas
1461 919 72 35 han
1564 917 81 37 från
1665 918 252 48 värnpliktens
1939 915 89 36 full-

639 979 160 50 görande
828 980 13 33 i
869 978 223 47 beväringen
1123 975 118 36 under
1270 974 167 36 fredstid.

558 1061 122 51 Syftet
708 1060 85 36 med
822 1059 43 36 de
894 1061 13 33 i
935 1058 103 36 dessa
1059 1056 228 49 stadganden
1308 1054 104 50 gifna
1433 1052 229 38 föreskrifter
1681 1066 59 22 om
1762 1051 166 50 uppskof
1944 1051 85 36 med

423 1117 229 47 inskrifning
686 1120 95 31 samt
810 1114 130 47 slutlig
967 1111 171 37 befrielse
1168 1110 81 36 från
1278 1109 457 49 värnpliktstjänstgöring
1763 1108 12 34 i
1805 1106 155 36 fredstid
1990 1113 40 28 är

424 1173 151 48 tydligt.
639 1169 173 36 Afsikten
855 1174 39 29 är
936 1172 53 30 att
1027 1165 81 36 från
1148 1165 103 48 dylik
1289 1164 250 47 tjänstgöring
1577 1161 146 36 frikalla
1760 1156 269 56 tjänstduglige

425 1225 258 49 värnpliktige,
715 1221 40 37 af
780 1222 142 36 hvilkas
952 1220 122 36 arbete
1099 1218 114 36 andra
1232 1230 174 36 personer
1425 1215 58 37 för
1502 1218 64 33 sitt
1586 1216 196 48 uppehälle
1802 1221 62 29 äro
1883 1218 146 32 väsent-

426 1282 100 47 ligen
555 1277 195 37 beroende.
807 1274 260 49 Stadgandena
1095 1272 118 49 ifråga
1242 1270 154 38 hänföra
1425 1272 57 47 sig
1511 1270 93 36 dock
1632 1269 130 36 endast
1781 1270 58 34 till
1860 1269 171 48 speciella

427 1334 66 36 fall
522 1334 68 35 och
619 1331 188 36 innehålla
836 1330 30 46 ej
899 1332 122 45 någon
1052 1326 246 49 supplerande
1326 1325 257 36 bestämmelse
1614 1323 57 36 för
1700 1323 113 36 andra
1837 1322 195 36 händelser

428 1388 40 36 af
493 1386 158 37 likartad
680 1383 266 37 beskaffenhet.
1005 1381 78 37 Och
1114 1381 46 35 då
1189 1381 43 35 de
1261 1382 13 33 i
1303 1392 110 23 mom.
1439 1381 19 33 2
1481 1378 239 49 uppräknade
1741 1376 65 36 fall
1826 1376 206 49 ingalunda

428 1450 61 28 äro
534 1439 256 37 uttömmande
832 1437 119 48 ifråga
989 1450 60 22 om
1088 1436 43 35 de
1165 1434 327 48 omständigheter,
1523 1433 124 35 hvilka
1675 1430 58 37 för
1761 1445 45 22 en
1837 1431 103 49 dylik
1969 1430 63 36 be-

429 1495 124 37 frielse
595 1495 90 35 böra
727 1494 148 34 komma
916 1492 13 34 i
967 1489 253 44 betraktande,
1259 1487 208 37 föranleder
1494 1488 109 48 lagen
1633 1485 78 37 ofta
1740 1486 195 48 obillighet
1964 1484 68 36 och

429 1549 263 49 oegentlighet.

563 1603 72 35 Det
664 1600 247 36 förekommer
939 1598 155 36 sålunda
1122 1603 26 29 t.
1180 1610 57 22 ex.
1269 1595 88 46 ofta,
1389 1601 54 30 att
1472 1595 381 37 svensk-amerikaner
1873 1605 79 23 som
1973 1597 60 30 ut-

428 1657 166 44 vandrat,
624 1658 113 33 innan
770 1655 43 35 de
843 1653 86 49 fyllt
961 1655 45 32 21
1039 1655 50 41 år,
1121 1652 226 35 återkomma
1375 1652 58 33 till
1462 1648 147 49 Sverige
1630 1648 94 36 efter
1743 1651 114 44 några
1877 1650 50 40 år,
1949 1659 84 22 men

428 1713 116 34 innan
574 1710 44 36 de
647 1711 129 34 vistats
804 1710 13 33 i
845 1707 175 35 Amerika
1049 1706 216 47 tillräckligt
1294 1705 88 47 lång
1410 1703 56 36 tid
1495 1703 68 50 och
1588 1706 81 32 nått
1690 1702 70 35 den
1781 1701 111 43 ålder,
1916 1704 52 31 att
1989 1700 44 35 de

430 1767 128 34 kunna
600 1763 164 36 frikallas
807 1761 82 36 från
924 1761 253 47 värnpliktens
1214 1758 245 50 fullgörande.
1516 1755 58 37 År
1603 1756 70 36 den
1704 1753 330 38 återinvandrande

431 1818 95 49 ogift
562 1819 88 34 eller
684 1818 67 34 har
786 1817 73 34 han
889 1816 118 34 ehuru
1037 1813 72 48 gift
1138 1812 224 37 nämnvärda
1390 1813 212 46 tillgångar,
1633 1812 72 33 kan
1733 1812 95 33 intet
1856 1807 177 37 invändas

431 1878 100 30 emot
570 1872 120 35 denna
725 1871 92 34 hans
846 1867 493 49 tjänstgöringsskyldighet.
1397 1865 85 36 Men
1512 1866 67 34 har
1606 1866 264 46 immigranten
1900 1860 132 49 familj,

432 1940 78 23 som
540 1933 39 29 är
611 1924 65 36 »af
700 1924 92 36 hans
822 1923 123 35 arbete
975 1921 58 36 för
1057 1923 64 34 sitt
1141 1921 196 48 uppehälle
1357 1920 229 47 väsentligen
1605 1917 221 44 beroende»,
1849 1914 187 38 förefaller

432 1981 61 35 det
535 1993 85 23 vara
663 1979 239 48 synnerligen
940 1976 108 36 hårdt
1087 1980 53 31 att
1173 1976 128 47 tvinga
1334 1974 138 35 honom
1501 1974 57 34 till
1590 1986 44 22 en
1663 1972 259 48 tjänstgöring,
1955 1982 79 23 som

432 2035 137 35 kanske
597 2034 152 47 bringar
777 2032 137 35 honom
944 2031 68 34 och
1032 2031 91 34 hans
1143 2028 116 48 familj
1283 2030 12 33 i
1316 2028 128 35 armod
1464 2029 88 33 eller
1571 2027 141 48 nödgar
1731 2026 136 34 honom
1889 2029 53 30 att
1959 2027 78 32 åter

432 2089 153 48 utflytta
615 2100 44 22 ur
687 2086 137 35 landet.
882 2085 126 47 Enligt
1029 2084 70 35 den
1119 2085 157 46 princip,
1299 2095 79 23 som
1400 2081 56 36 får
1476 2087 152 42 antagas
1648 2081 48 34 ha
1714 2081 99 47 legat
1833 2080 58 34 till
1912 2077 125 49 grund

434 2142 57 36 för
529 2141 251 48 stadgandena
816 2141 13 33 i
862 2142 17 32 1
911 2137 18 48 $
962 2139 45 35 16
1039 2151 111 22 mom.
1184 2139 19 34 2
1235 2137 68 35 och
1334 2138 20 34 3
1382 2134 187 49 jämförda
1598 2134 83 36 med
1710 2147 111 22 mom.
1857 2136 32 41 1,
1922 2132 115 36 borde

433 2196 238 48 naturligtvis
693 2192 237 38 obemedlade
950 2193 268 47 immigranter,
1242 2203 78 23 som
1341 2197 61 29 äro
1423 2188 351 49 familjeförsörjare,
1796 2186 136 37 befrias
1954 2185 82 36 från

433 2250 252 48 värnpliktens
715 2247 235 49 fullgörande
978 2248 13 32 i
1012 2245 165 36 fredstid.
1208 2245 16 35 I
1245 2247 96 33 vissa
1360 2242 422 50 inskrifningsområden
1803 2242 105 35 torde
1929 2241 108 35 också

433 2303 183 44 befrielse,
655 2305 13 32 i
707 2302 164 47 enlighet
904 2300 85 36 med
1017 2302 127 45 lagens
1174 2299 133 48 grund,
1339 2297 203 48 medgifves
1573 2298 43 34 de
1645 2309 186 35 personer,
1863 2309 79 22 som
1971 2294 68 35 här
