1906 2840
269 155 43 30 36
404 160 235 30 Sammansatt
660 159 218 37 bevillnings-
901 160 64 30 och
988 160 338 36 jordbruksutskotts
1349 160 177 30 utlåtande
1548 160 49 29 Nr
1621 161 27 29 1.

271 242 81 31 från
376 243 143 30 Estland
543 242 209 37 importerad
777 242 124 38 potatis
925 243 55 30 för
1003 243 94 31 tiden
1123 239 153 39 !/,—”/,.
1303 244 82 29 1935
1410 243 52 30 till
1486 244 142 33 283,000
1652 244 130 29 kronor

272 286 65 29 och
357 285 53 30 för
429 285 94 30 tiden
543 280 137 39 ?/,—?”/;
703 286 84 29 1936
808 285 51 30 till
878 286 120 34 32,000
1018 286 139 29 kronor.

318 328 114 29 Under
447 326 219 37 åberopande
682 336 42 21 av
740 327 68 30 vad
825 326 146 31 sålunda
989 328 133 29 anförts
1139 327 54 30 får
1210 327 186 36 kollegium
1414 327 192 35 hemställa,
1626 330 48 27 att
1693 327 88 31 före-

273 369 151 30 varande
448 369 170 30 motioner
643 369 74 30 icke
742 368 106 31 måtte
873 369 181 30 föranleda
1079 368 114 37 någon
1218 369 201 36 riksdagens
1446 369 150 36 åtgärd.»

323 453 122 30 Vidare
469 453 64 31 har
558 452 78 31 från
660 453 155 36 Sveriges
837 452 405 39 fjäderfäavelsförening
1267 452 51 31 till
1343 453 164 30 utskottet
1533 452 186 32 inkommit
1740 462 45 21 en

278 504 170 36 skrivelse,
473 504 75 30 däri
570 504 204 36 föreningen
799 504 184 34 hemställt,
1008 506 48 28 att
1081 504 165 30 utskottet
1268 503 79 30 ville
1371 503 125 30 föreslå
1521 503 185 36 riksdagen
1727 503 56 30 be-

279 555 88 31 sluta
384 565 57 21 om
459 555 132 30 sådana
609 555 168 36 åtgärder,
798 557 48 27 att
863 554 172 37 importen
1051 564 44 20 av
1114 553 243 37 slaktfjäderfä
1374 554 202 36 reglerades,
1594 554 38 30 så
1649 556 49 27 att
1714 554 70 36 pri-

280 615 99 21 serna
398 606 20 30 å
437 615 108 21 varan
564 606 139 30 komme
722 608 49 28 att
792 606 89 36 ligga
900 605 46 36 på
964 605 110 30 sådan
1093 604 94 37 höjd,
1208 607 50 27 att
1276 605 56 30 det
1351 604 123 31 lönade
1494 604 50 37 sig
1564 607 48 27 att
1632 604 151 30 tillvara-

278 660 79 34 taga
384 657 63 30 och
476 657 152 31 saluföra
656 657 40 30 de
720 656 140 37 partier,
888 665 74 22 som
989 656 124 31 funnes
1141 658 49 28 att
1218 655 96 36 tillgå
1340 655 95 30 inom
1463 655 126 30 landet.
1639 655 66 30 Till
1733 657 50 28 ut-

275 708 158 36 veckling
455 717 42 21 av
521 708 54 30 sin
597 707 255 36 framställning
876 708 64 29 har
965 706 202 37 föreningen
1191 706 116 30 anfört
1331 705 162 38 följande.

327 759 194 36 »Importen
542 769 42 20 av
608 758 242 37 slaktfjäderfä
871 759 63 29 har
957 758 109 30 under
1090 766 118 21 senare
1231 756 39 31 år
1290 756 181 31 oavbrutet
1493 756 91 36 stigit
1605 756 50 30 till
1677 755 109 30 skada

279 802 54 31 för
354 802 238 36 avsättningen
611 802 46 36 på
678 802 67 30 den
767 801 148 30 svenska
936 800 225 30 marknaden.
1208 800 76 30 Den
1303 798 214 38 ojämförligt
1541 800 125 29 största
1688 798 98 30 delen

280 855 42 20 av
345 846 112 30 denna
482 845 129 36 import
634 845 64 29 har
724 844 148 30 kommit
897 843 77 30 från
1002 843 157 35 Finland,
1185 852 74 21 som
1284 841 153 37 framgår
1462 851 42 20 av
1528 840 258 31 nedanstående

277 888 113 30 tabell.

375 933 47 34 År
457 935 80 30 1929
570 935 239 39 importerades
845 933 131 35 192,946
1006 934 53 38 kg.
1083 942 102 21 varav
1208 933 75 29 från
1306 932 139 30 Finland
1472 930 134 35 112,582
1630 931 53 38 kg.

390 988 13 16 >
461 977 79 31 1930
668 987 11 16 »
843 975 134 35 258,210
1024 986 11 13 »
1126 990 7 12 >
1240 986 12 13 »
1381 985 11 14 »
1470 971 133 36 127,886
1648 983 11 13 »

389 1031 11 15 »
457 1019 78 31 1931
665 1030 11 14 »
840 1016 135 36 258,206
1021 1028 11 15 »
1119 1031 10 10 >
1239 1031 10 9 »
1377 1028 11 13 »
1467 1013 135 36 180,775
1648 1027 11 14 »

389 1074 12 14 »
457 1061 80 31 1932
666 1072 10 13 »
841 1058 136 31 250.419
1022 1072 10 11 »
1119 1071 11 10 »
1238 1071 11 9 »
1383 1071 5 11 >
1465 1055 137 36 229,636
1648 1067 11 15 »

389 1116 12 15 »
457 1103 80 31 19383
666 1114 10 10 >
840 1100 135 36 281,050
1022 1117 10 7 »
1119 1113 10 9 »
1244 1113 5 11 >
1383 1111 6 11 ;
1465 1097 137 35 237,260
1649 1113 10 8 »

389 1157 12 17 »
457 1144 80 32 1934
666 1156 11 14 »
841 1142 134 36 341,012
1025 1159 4 5 >
1123 1156 8 5 är
1384 1153 4 8 ,
1466 1138 135 36 316,740

327 1216 174 36 Importen
523 1215 109 30 under
655 1214 38 30 år
719 1215 84 29 1935
826 1213 164 36 uppgives
1013 1211 217 38 preliminärt
1254 1212 45 29 ha
1323 1208 145 38 uppgått
1492 1209 50 30 till
1566 1219 54 20 c:a
1646 1209 141 35 600,000

282 1261 54 35 kg.
363 1259 64 30 och
455 1259 64 29 har
547 1257 100 31 alltså
672 1258 11 29 i
712 1258 56 29 det
794 1258 175 28 närmaste
996 1255 227 30 fördubblats.
1254 1253 115 36 Enligt
1395 1253 67 30 vad
1489 1251 203 37 föreningen
1719 1251 68 30 för-

284 1305 93 33 sport
395 1303 62 29 har
475 1301 172 36 importen
667 1301 86 28 även
770 1299 108 29 under
898 1297 233 31 innevarande
1148 1296 38 30 år
1206 1296 86 30 visat
1312 1304 133 22 samma
1462 1295 144 29 tendens
1625 1297 48 27 att
1691 1293 96 36 stiga.

283 1345 64 30 Det
364 1346 37 28 är
418 1344 153 36 speciellt
584 1343 174 35 importen
776 1351 43 20 av
835 1341 219 35 utslagshöns
1073 1340 64 29 och
1157 1339 106 30 delvis
1283 1340 86 28 även
1387 1337 306 36 slaktkycklingar,
1714 1344 74 21 som

283 1387 87 30 varit
388 1386 224 35 besvärande,
634 1386 64 29 och
718 1382 212 37 svårigheter
944 1383 93 29 hava
1057 1380 154 38 uppstått
1231 1384 50 27 att
1300 1380 98 30 finna
1419 1379 196 35 avsättning
1637 1379 52 29 till
1709 1379 77 29 skä-

283 1430 68 36 liga
371 1429 109 36 priser
501 1428 54 31 för
577 1427 146 31 svenska
744 1426 138 36 partier,
913 1424 3 31 i
939 1424 126 36 många
1087 1423 60 31 fall
1170 1432 42 21 av
1235 1423 111 30 bättre
1368 1421 141 30 kvalitet
1531 1422 44 28 än
1597 1421 42 30 de
1660 1420 128 36 impor-

283 1472 123 31 terade.

328 1514 214 36 Föreningen
563 1514 64 29 har
648 1512 11 30 i
680 1512 58 30 sitt
758 1509 346 38 upplysningsarbete
1125 1508 106 30 bland
1252 1507 276 36 producenterna
1552 1505 109 30 starkt
1684 1504 104 30 fram-

284 1558 97 30 hållit
407 1557 197 36 betydelsen
629 1565 41 20 av
698 1564 42 21 en
766 1553 158 31 rationell
949 1552 145 36 gallring
1121 1551 106 30 bland
1251 1548 372 36 hönsbesättningarna
1662 1547 53 30 för
1741 1549 50 27 att

284 1601 46 36 på
351 1600 37 31 så
410 1601 65 29 sätt
499 1599 138 30 minska
660 1596 219 31 hönsantalet
903 1598 85 27 utan
1010 1597 49 27 att
1082 1593 138 30 minska
1242 1591 257 37 produktionen
1524 1591 65 29 och
1614 1585 177 45 samtidigt

284 1643 83 37 höja
385 1642 293 31 nettoinkomsten
699 1639 80 30 från
800 1637 272 37 hönsgårdarna.
1118 1635 66 31 Om
1205 1635 78 30 icke
1305 1634 265 36 utslagshönsen
1590 1633 120 29 kunna
1734 1641 55 20 av-

285 1688 103 28 sättas
408 1685 51 31 till
481 1684 136 36 rimliga
637 1682 110 37 priser
769 1681 66 31 blir
858 1679 141 38 givetvis
1021 1680 91 29 detta
1136 1677 219 36 föreningens
1378 1676 115 30 arbete
1516 1675 167 36 förgäves.
1730 1674 71 42 Ge=

284 1739 82 21 nom
388 1728 222 35 slaktkurser,
632 1723 320 35 demonstrationer,
975 1720 242 36 utställningar
1239 1720 66 29 och
1328 1721 181 34 uppsatser
1531 1717 10 30 i
1563 1717 52 30 sin
1637 1715 154 32 tidskrift

286 1773 99 29 söker
408 1770 203 36 föreningen
636 1769 74 29 lära
735 1766 276 38 producenterna
1037 1766 49 28 att
1110 1762 193 31 framställa
1329 1760 360 36 kvalitetsprodukter.
1738 1759 54 29 En

284 1814 164 36 oavvislig
469 1811 245 36 förutsättning
736 1810 55 30 för
812 1812 49 27 att
882 1818 41 20 en
944 1806 151 38 gödning
1116 1815 41 21 av
1177 1803 151 39 fjäderfä
1351 1804 77 29 med
1449 1803 203 30 nuvarande
1671 1801 119 30 havre-

286 1859 65 29 och
373 1856 200 37 majspriser
594 1854 87 30 skall
701 1862 83 21 vara
805 1850 148 32 lönande
975 1851 38 29 är
1034 1848 151 37 givetvis,
1207 1850 49 28 att
1277 1846 105 37 priset
1401 1845 46 37 på
1468 1846 42 29 de
1531 1844 134 36 färdiga
1687 1844 103 29 slakt-

285 1901 236 36 produkterna
541 1898 104 36 ligger
665 1898 81 28 över
765 1892 362 36 lönsamhetsgränsen
1145 1891 65 30 och
1232 1889 76 30 icke
1328 1897 123 28 genom
1472 1888 128 35 import
1623 1886 49 30 till
1693 1886 97 29 dum-

286 1943 192 37 pingpriser
498 1940 251 37 omöjliggöres.
1697 1971 5 5 |

331 1985 215 36 Föreningen
572 1983 59 29 vill
658 1979 198 35 framhålla,
884 1981 49 27 att
962 1978 55 29 det
1046 1976 78 30 med
1155 1975 160 30 säkerhet
1342 1974 95 30 inom
1468 1972 74 30 vårt
1569 1972 81 30 land
1679 1971 112 29 finnes

287 2030 65 36 god
376 2028 140 36 tillgång
539 2025 47 37 på
609 2023 171 36 slaktdjur
804 2032 42 20 av
871 2022 65 29 den
959 2019 151 34 kvalitet,
1134 2027 74 21 som
1234 2017 214 36 importeras.
1497 2015 129 29 Genom
1652 2014 57 29 det
1732 2012 59 37 på-

287 2072 142 37 började
460 2066 388 39 organisationsarbetet
879 2063 46 36 på
958 2059 415 39 slaktfjäderfähandelns
1402 2057 153 35 område,
1589 2066 74 21 som
1695 2064 98 21 avser

286 2114 176 31 bildandet
488 2122 42 20 av
554 2106 331 41 fjäderfäslakterier
910 2106 66 30 och
1002 2101 496 40 fjäderfägödningsanstalter,
1525 2100 120 29 kunna
1668 2105 125 29 genom

287 2155 296 39 organisationens
608 2152 133 35 försorg
766 2150 100 30 dessa
889 2147 128 38 partier
1044 2146 125 30 slaktat
1194 2144 151 38 fjäderfä
1371 2141 255 49 sammanföras
1648 2140 64 31 och
1733 2142 58 46 ut-

288 2201 92 31 föras
403 2198 45 37 på
470 2196 225 31 marknaden.
743 2193 66 30 Det
832 2190 201 31 nuvarande
1056 2188 162 37 prisläget
1240 2187 143 30 hindrar
1406 2181 188 55 emellertid
1618 2191 173 42 organisa-

288 2244 132 30 tionens
439 2239 219 38 utbyggande
674 2237 78 30 icke
771 2235 106 31 minst
893 2234 78 29 med
991 2230 185 37 anledning
1194 2240 43 20 av
1257 2230 55 29 det
1330 2221 366 59 osäkerhetstillstånd,
1718 2234 74 21 som

289 2287 66 30 den
376 2283 195 38 oreglerade
591 2281 173 36 importen
788 2276 213 31 framkallar.
1047 2274 49 30 På
1118 2273 112 37 grund
1254 2282 42 20 av
1319 2272 40 30 de
1382 2271 135 30 relativt
1539 2271 92 27 stora
1653 2268 139 29 kostna-

289 2331 69 34 der,
378 2337 74 22 som
475 2328 60 28 äro
557 2322 232 37 förknippade
811 2320 78 30 med
911 2316 320 32 sammanförandet
1255 2314 49 30 till
1324 2312 364 36 avsättningsorterna,
1711 2310 81 29 kva-

289 2368 350 35 litetsförbättringen,
668 2365 135 30 slakten
832 2363 64 29 och
925 2359 284 37 förpackningen,
1237 2357 66 30 blir
1333 2357 56 29 det
1416 2355 72 36 pris
1516 2353 277 37 producenterna

289 2414 129 32 erhålla
437 2412 38 31 så
495 2411 79 36 lågt,
596 2412 48 27 att
665 2409 55 29 det
740 2408 38 28 är
799 2406 79 35 föga
896 2402 170 31 lockande
1086 2404 49 27 att
1156 2401 84 46 söka
1262 2400 131 29 avsätta
1415 2398 74 48 sina
1512 2395 282 49 slaktprodukter

290 2467 121 27 genom
432 2452 290 39 organisationen.
768 2448 54 30 Då
842 2446 236 37 producenten
1100 2443 75 30 icke
1198 2442 88 36 själv
1307 2442 69 29 kan
1400 2440 96 30 finna
1521 2441 195 33 avsättning
1740 2437 54 30 för
