1881 2828
1634 195 19 32 öd

166 264 65 30 fålt
255 265 111 30 anstå.
390 266 75 30 Vad
489 267 143 29 särskilt
654 268 106 39 gäller
783 268 587 44 riksdagsmannapensioneringen
1394 273 97 31 torde
1515 274 57 30 det
1594 274 58 29 vid

166 327 42 20 en
226 319 109 30 sådan
352 320 147 40 översyn
515 330 84 21 vara
614 321 140 40 befogat
770 324 51 28 att
837 324 152 38 granska
1007 324 57 30 det
1081 326 133 38 ganska
1230 326 203 31 invecklade
1450 328 202 40 regelsyste-

165 375 71 28 met
253 373 11 30 i
284 374 54 29 sin
354 373 128 32 helhet.
502 375 175 40 Styrelsen
695 376 95 30 delar
808 377 67 30 den
894 378 237 40 sakkunniges
1149 380 227 41 uppfattning
1395 383 51 29 att
1464 392 82 20 man
1564 384 12 29 i
1595 383 56 30 det

167 427 290 41 sammanhanget
478 429 107 30 också
604 429 63 31 bör
687 430 127 31 beakta
835 431 42 30 de
899 432 285 40 överläggningar
1207 443 75 21 som
1302 435 71 30 f.n.
1395 436 107 39 pågår
1525 446 57 20 om
1604 438 47 29 ett

166 490 96 21 mera
277 482 146 30 allmänt
437 483 185 30 införande
638 484 45 40 på
698 485 335 31 arbetsmarknaden
1050 497 42 20 av
1107 488 476 41 kompletteringspensioner
1599 491 50 29 till

166 535 131 30 allmän
314 536 286 40 tilläggspension
615 538 65 30 och
698 538 232 40 folkpension.

210 590 118 39 Enligt
349 590 16 29 7
389 600 20 20 a
431 591 15 37 $
473 592 14 28 1
511 601 114 25 mom.,
648 592 110 30 andra
781 594 134 39 stycket
936 595 361 40 ersättningsstadgan
1319 597 177 31 erfordras
1519 598 54 30 för
1594 598 57 29 hel

167 643 289 40 visstidspension
480 645 107 30 minst
610 646 102 39 tjugu
735 646 211 40 riksdagsår.
970 648 84 30 F.n.
1079 649 100 39 utgör
1202 649 57 30 hel
1281 650 292 40 visstidspension
1597 652 54 29 för

166 697 129 29 månad
310 697 40 30 30
366 700 144 37 procent
524 708 42 20 av
579 699 57 30 det
650 700 57 29 vid
722 700 97 40 varje
834 701 166 39 tidpunkt
1016 702 159 39 gällande
1189 703 224 40 basbeloppet
1429 705 106 39 enligt
1551 706 100 38 lagen

166 760 57 20 om
239 751 132 30 allmän
387 752 210 40 försäkring.
614 753 51 30 Då
681 754 131 30 antalet
827 755 201 40 riksdagsår
1044 757 39 30 är
1100 757 136 30 mindre
1253 758 44 29 än
1313 758 102 39 tjugu
1432 759 64 29 och
1512 761 70 28 rätt
1598 760 52 28 till

164 805 147 39 pension
332 805 193 41 föreligger,
547 808 101 39 utgör
670 808 66 29 den
757 808 191 40 månatliga
969 810 191 39 pensionen
1182 811 54 30 för
1257 812 97 39 varje
1375 812 202 39 riksdagsår
1601 813 48 34 1,5

165 861 144 37 procent
325 869 41 20 av
384 860 230 31 förenämnda
629 861 199 41 basbelopp.
846 863 78 30 Med
941 864 203 30 nuvarande
1160 864 188 41 basbelopp
1367 866 18 30 6
1399 866 62 30 400
1479 867 51 29 kr.
1549 867 101 39 utgör

164 913 57 29 hel
233 914 291 39 visstidspension
538 915 39 30 23
593 915 62 30 040
669 916 117 33 kr./år.
800 917 245 31 Motsvarande
1059 918 263 40 ålderspension
1336 920 79 29 från
1429 920 39 30 67
1484 921 56 29 års
1555 921 94 30 ålder

166 967 79 29 från
273 967 67 30 den
367 969 179 29 allmänna
573 969 254 40 försäkringen,
857 971 72 30 dvs.
957 971 57 30 hel
1042 972 285 40 tilläggspension
1355 974 109 39 jämte
1492 975 159 39 folkpen-

166 1021 75 29 sion
269 1021 54 30 för
351 1022 276 36 ensamstående,
656 1024 101 39 utgör
786 1024 117 31 30720
931 1025 117 33 kr./år.
1077 1026 344 40 Visstidspensionen
1450 1029 37 29 är
1517 1028 132 30 således

164 1075 186 40 väsentligt
371 1076 94 39 lägre
486 1077 43 29 än
552 1077 67 30 den
641 1077 263 40 ålderspension
926 1088 75 21 som
1022 1080 71 29 kan
1115 1080 197 30 tillkomma
1333 1081 152 31 ledamot
1507 1082 80 30 från
1609 1082 40 29 67

164 1129 57 30 års
238 1129 106 31 ålder.
362 1130 75 29 Den
455 1131 219 40 sakkunnige
691 1132 204 30 framhåller
913 1135 50 28 att
982 1134 196 29 skillnaden
1195 1135 11 29 i
1224 1135 147 39 pension
1388 1136 74 29 före
1480 1136 64 29 och
1562 1135 87 31 efter

165 1183 40 29 67
225 1183 57 30 års
301 1183 96 31 ålder
415 1184 12 30 i
446 1185 191 30 allmänhet
657 1186 37 29 är
714 1186 173 40 obetydlig
904 1187 98 29 inom
1021 1188 117 39 övriga
1157 1188 308 40 pensionssystem.
1486 1190 64 30 Det
1569 1199 81 20 vore

165 1236 120 31 därför
303 1238 132 39 rimligt
454 1240 51 28 att
523 1239 124 30 närma
666 1240 335 40 visstidspensionen
1021 1242 52 29 till
1093 1242 318 39 ålderspensionen.
1432 1244 52 28 En
1505 1243 145 30 förbätt-

164 1291 78 39 ring
256 1291 12 30 i
279 1291 337 41 visslidspensionen
629 1293 70 30 kan
714 1294 101 30 ernås
829 1294 45 40 på
887 1295 58 29 två
959 1295 78 30 sätt.
1053 1295 174 40 Antingen
1242 1296 70 29 kan
1326 1297 120 29 kravet
1460 1297 44 39 på
1519 1297 130 30 antalet

165 1344 54 30 för
237 1345 57 30 hel
312 1346 147 39 pension
477 1347 228 39 erforderliga
721 1347 201 40 riksdagsår
943 1349 128 30 sänkas
1091 1350 81 29 eller
1190 1350 162 39 beloppet
1370 1360 42 20 av
1429 1351 56 30 hel
1504 1351 146 38 pension

164 1398 113 40 höjas.
297 1400 75 29 Den
391 1400 219 40 sakkunnige
630 1401 146 30 föreslår
796 1411 43 20 en
857 1402 148 40 höjning
1025 1412 41 20 av
1086 1403 309 40 månadsbeloppet
1416 1404 54 30 för
1489 1405 56 29 hel
1564 1405 86 29 viss-

164 1452 219 40 tidspension
404 1454 53 29 till
480 1453 41 31 40
544 1457 143 37 procent
710 1465 43 20 av
773 1455 234 40 basbeloppet.
1031 1456 211 40 Härigenom
1266 1457 101 30 ernås
1391 1458 11 30 i
1424 1458 136 40 princip
1584 1458 66 29 full

164 1507 127 39 paritet
311 1507 79 30 med
411 1508 308 40 ålderspensionen
740 1509 80 30 från
842 1510 39 29 67
904 1510 56 30 års
982 1510 95 30 ålder
1098 1511 107 39 enligt
1227 1511 66 30 den
1315 1512 179 30 allmänna
1514 1512 135 30 försäk-

163 1561 134 39 ringen.
325 1562 63 29 Hel
414 1562 291 40 visstidspension
729 1563 66 30 blir
822 1564 80 29 med
928 1573 43 20 en
999 1564 109 30 sådan
1133 1564 149 41 höjning
1309 1575 42 20 av
1376 1566 273 39 pensionsnivån

165 1614 41 30 30
221 1615 62 30 720
303 1615 117 34 kr./år.
441 1616 106 39 Varje
566 1616 202 40 riksdagsår
790 1625 57 32 ger
870 1617 93 31 1536
984 1618 107 33 kr./år
1111 1628 107 20 varav
1238 1619 103 39 följer
1363 1621 51 28 att
1434 1620 110 39 lägsta
1564 1620 85 29 viss-

164 1669 218 39 tidspension
410 1669 74 35 (vid
507 1680 59 20 sex
587 1670 219 40 riksdagsår)
833 1672 158 30 kommer
1014 1674 50 28 att
1087 1673 124 39 utgöra
1234 1673 18 29 9
1267 1673 62 30 216
1352 1673 107 33 kr./år
1482 1676 73 27 mot
1578 1673 70 29 f.n.

165 1722 18 30 6
198 1722 62 31 912
276 1723 117 34 kr./år.

210 1830 174 40 Styrelsen
406 1831 155 30 ansluter
583 1832 51 39 sig
656 1832 50 29 lill
727 1832 176 40 förslaget.
925 1832 229 31 Alternativet
1174 1834 80 29 med
1274 1843 43 21 en
1337 1834 148 40 höjning
1507 1844 40 20 av
1568 1843 82 31 pen-

166 1884 256 40 sionsbeloppet
444 1886 110 38 utgör,
579 1894 75 21 som
675 1886 107 30 också
803 1886 212 32 framhållits
1038 1897 42 20 av
1102 1887 66 30 den
1191 1888 228 39 sakkunnige,
1443 1890 49 28 ett
1514 1888 136 29 mindre

164 1937 146 40 ingrepp
333 1938 12 29 i
369 1940 165 38 systemet
557 1939 65 29 och
645 1939 71 30 kan
740 1939 178 31 dessutom
942 1947 58 32 ges
1023 1941 222 39 tillämpning
1270 1941 54 30 för
1346 1941 109 30 redan
1478 1941 171 39 beviljade

164 1991 339 40 visstidspensioner.

209 2046 49 29 De
273 2046 153 30 ändrade
441 2046 199 39 grunderna
654 2047 54 30 för
722 2047 435 40 visstidspensioneringen
1171 2049 63 29 bör
1247 2049 101 29 träda
1362 2049 11 29 i
1387 2049 96 29 kraft
1501 2048 144 30 1.1.1971

165 2099 65 29 och
246 2100 86 29 även
348 2100 149 29 omfatta
512 2100 67 30 den
596 2109 74 21 som
686 2101 117 39 avgått
819 2101 80 30 med
914 2101 292 41 visstidspension
1221 2102 256 30 dessförinnan.

208 2188 225 41 Övergången
451 2190 53 29 lill
522 2190 349 40 enkammarriksdag
889 2191 93 30 leder
1000 2192 53 29 till
1072 2193 51 28 att
1142 2192 159 30 enskilda
1319 2192 189 31 ledamöter
1527 2194 11 28 i
1556 2193 94 29 vissa

165 2242 61 30 fall
248 2243 70 29 kan
340 2243 167 30 försättas
528 2244 12 28 i
560 2253 43 20 en
624 2244 160 39 vansklig
807 2245 177 29 situation.
1007 2245 65 30 Det
1093 2246 106 39 gäller
1221 2246 191 29 ledamöter
1435 2256 42 20 av
1498 2247 66 29 den
1586 2255 63 20 nu-

164 2296 151 30 varande
338 2297 187 39 riksdagen
550 2306 74 21 som
648 2298 71 29 inte
742 2298 159 30 kommer
925 2301 51 28 att
998 2299 130 30 inneha
1151 2299 144 31 mandat
1318 2300 12 29 i
1353 2300 297 30 enkammarriks-

164 2350 112 40 dagen
293 2351 42 29 fr.
350 2360 29 20 o.
394 2360 45 21 m.
458 2351 38 29 år
517 2351 93 30 1971.
629 2352 84 34 Den,
734 2361 75 20 som
827 2354 23 27 t.
865 2362 50 20 ex.
934 2353 89 30 valts
1042 2353 111 30 under
1173 2362 121 22 senare
1313 2354 37 30 år
1369 2354 54 30 för
1443 2363 42 21 en
1503 2354 147 30 åttaårs-

163 2404 121 39 period
305 2405 54 29 till
381 2405 111 29 första
513 2405 207 30 kammaren
742 2406 65 29 och
830 2415 75 21 som
927 2407 179 30 avvecklat
1128 2417 44 20 en
1193 2408 213 40 anställning
1429 2409 54 30 för
1506 2412 49 27 att
1577 2410 73 29 helt

163 2458 123 30 kunna
309 2458 134 30 inrikta
468 2458 51 40 sig
543 2459 45 39 på
613 2459 280 40 riksdagsarbete
919 2460 111 30 under
1056 2461 115 30 denna
1196 2462 129 39 period,
1353 2463 71 30 kan
1450 2471 122 31 genom
1600 2466 50 27 att

164 2512 342 40 förutsättningarna
530 2512 122 31 härför
677 2513 144 31 ändrats
844 2514 100 30 finna
970 2515 76 30 sina
1069 2515 221 40 möjligheter
1315 2516 52 30 till
1392 2517 157 31 utkomst
1575 2518 75 30 små

165 2566 81 30 från
268 2566 192 30 årsskiftet.
486 2566 195 40 Självfallet
704 2567 163 30 inverkar
891 2568 181 40 härvidlag
1097 2569 93 30 olika
1214 2570 155 29 faktorer
1395 2571 114 30 såsom
1533 2571 118 30 veder-
