<?xml version="1.0" encoding="UTF-8"?>
<alto xmlns="http://www.loc.gov/standards/alto/ns-v3#" xmlns:xlink="http://www.w3.org/1999/xlink" xmlns:xsi="http://www.w3.org/2001/XMLSchema-instance" xsi:schemaLocation="http://www.loc.gov/standards/alto/ns-v3# http://www.loc.gov/alto/v3/alto-3-0.xsd">
	<Description>
		<MeasurementUnit>pixel</MeasurementUnit>
		<sourceImageInformation>
			<fileName>/tmp/tess_44aop08y_input.PNG</fileName>
		</sourceImageInformation>
		<OCRProcessing ID="OCR_0">
			<ocrProcessingStep>
				<processingSoftware>
					<softwareName>tesseract 5.3.0</softwareName>
				</processingSoftware>
			</ocrProcessingStep>
		</OCRProcessing>
	</Description>
	<Layout>
		<Page WIDTH="1881" HEIGHT="2834" PHYSICAL_IMG_NR="0" ID="page_0">
			<PrintSpace HPOS="0" VPOS="0" WIDTH="1881" HEIGHT="2834">
				<ComposedBlock ID="cblock_0" HPOS="230" VPOS="179" WIDTH="19" HEIGHT="31">
					<TextBlock ID="block_0" HPOS="230" VPOS="179" WIDTH="19" HEIGHT="31">
						<TextLine ID="line_0" HPOS="230" VPOS="179" WIDTH="19" HEIGHT="31">
							<String ID="string_0" HPOS="230" VPOS="179" WIDTH="19" HEIGHT="31" WC="0.96" CONTENT="6"/>
						</TextLine>
					</TextBlock>
				</ComposedBlock>
				<ComposedBlock ID="cblock_1" HPOS="229" VPOS="259" WIDTH="1488" HEIGHT="467">
					<TextBlock ID="block_1" HPOS="229" VPOS="259" WIDTH="1488" HEIGHT="467">
						<TextLine ID="line_1" HPOS="229" VPOS="259" WIDTH="1487" HEIGHT="41">
							<String ID="string_1" HPOS="229" VPOS="259" WIDTH="172" HEIGHT="31" WC="0.92" CONTENT="börandes"/><SP WIDTH="26" VPOS="259" HPOS="401"/>
							<String ID="string_2" HPOS="427" VPOS="260" WIDTH="96" HEIGHT="30" WC="0.95" CONTENT="ålder"/><SP WIDTH="26" VPOS="260" HPOS="523"/>
							<String ID="string_3" HPOS="549" VPOS="260" WIDTH="65" HEIGHT="30" WC="0.96" CONTENT="och"/><SP WIDTH="25" VPOS="260" HPOS="614"/>
							<String ID="string_4" HPOS="639" VPOS="260" WIDTH="199" HEIGHT="40" WC="0.96" CONTENT="utbildning"/><SP WIDTH="27" VPOS="260" HPOS="838"/>
							<String ID="string_5" HPOS="865" VPOS="262" WIDTH="90" HEIGHT="28" WC="0.96" CONTENT="samt"/><SP WIDTH="25" VPOS="262" HPOS="955"/>
							<String ID="string_6" HPOS="980" VPOS="260" WIDTH="91" HEIGHT="40" WC="0.96" CONTENT="läget"/><SP WIDTH="25" VPOS="260" HPOS="1071"/>
							<String ID="string_7" HPOS="1096" VPOS="260" WIDTH="45" HEIGHT="40" WC="0.96" CONTENT="på"/><SP WIDTH="26" VPOS="260" HPOS="1141"/>
							<String ID="string_8" HPOS="1167" VPOS="260" WIDTH="345" HEIGHT="30" WC="0.95" CONTENT="arbetsmarknaden."/><SP WIDTH="28" VPOS="260" HPOS="1512"/>
							<String ID="string_9" HPOS="1540" VPOS="259" WIDTH="93" HEIGHT="31" WC="0.53" CONTENT="även"/><SP WIDTH="26" VPOS="259" HPOS="1633"/>
							<String ID="string_10" HPOS="1659" VPOS="269" WIDTH="57" HEIGHT="20" WC="0.96" CONTENT="om"/>
						</TextLine>
						<TextLine ID="line_2" HPOS="230" VPOS="314" WIDTH="1487" HEIGHT="41">
							<String ID="string_11" HPOS="230" VPOS="314" WIDTH="342" HEIGHT="41" WC="0.92" CONTENT="förutsättningarna"/><SP WIDTH="18" VPOS="314" HPOS="572"/>
							<String ID="string_12" HPOS="590" VPOS="315" WIDTH="54" HEIGHT="30" WC="0.93" CONTENT="för"/><SP WIDTH="20" VPOS="315" HPOS="644"/>
							<String ID="string_13" HPOS="664" VPOS="314" WIDTH="321" HEIGHT="41" WC="0.91" CONTENT="författningsenlig"/><SP WIDTH="18" VPOS="314" HPOS="985"/>
							<String ID="string_14" HPOS="1003" VPOS="314" WIDTH="300" HEIGHT="41" WC="0.92" CONTENT="visstidspension,"/><SP WIDTH="21" VPOS="314" HPOS="1303"/>
							<String ID="string_15" HPOS="1324" VPOS="315" WIDTH="11" HEIGHT="30" WC="0.96" CONTENT="i"/><SP WIDTH="18" VPOS="315" HPOS="1335"/>
							<String ID="string_16" HPOS="1353" VPOS="315" WIDTH="111" HEIGHT="30" WC="0.96" CONTENT="första"/><SP WIDTH="17" VPOS="315" HPOS="1464"/>
							<String ID="string_17" HPOS="1481" VPOS="314" WIDTH="96" HEIGHT="30" WC="0.96" CONTENT="hand"/><SP WIDTH="19" VPOS="314" HPOS="1577"/>
							<String ID="string_18" HPOS="1596" VPOS="314" WIDTH="121" HEIGHT="30" WC="0.96" CONTENT="kravet"/>
						</TextLine>
						<TextLine ID="line_3" HPOS="230" VPOS="369" WIDTH="1486" HEIGHT="41">
							<String ID="string_19" HPOS="230" VPOS="369" WIDTH="45" HEIGHT="40" WC="0.96" CONTENT="på"/><SP WIDTH="15" VPOS="369" HPOS="275"/>
							<String ID="string_20" HPOS="290" VPOS="370" WIDTH="105" HEIGHT="30" WC="0.96" CONTENT="minst"/><SP WIDTH="16" VPOS="370" HPOS="395"/>
							<String ID="string_21" HPOS="411" VPOS="379" WIDTH="59" HEIGHT="21" WC="0.93" CONTENT="sex"/><SP WIDTH="14" VPOS="379" HPOS="470"/>
							<String ID="string_22" HPOS="484" VPOS="370" WIDTH="211" HEIGHT="40" WC="0.91" CONTENT="riksdagsår,"/><SP WIDTH="16" VPOS="370" HPOS="695"/>
							<String ID="string_23" HPOS="711" VPOS="370" WIDTH="71" HEIGHT="30" WC="0.96" CONTENT="inte"/><SP WIDTH="16" VPOS="370" HPOS="782"/>
							<String ID="string_24" HPOS="798" VPOS="370" WIDTH="183" HEIGHT="40" WC="0.96" CONTENT="föreligger"/><SP WIDTH="14" VPOS="370" HPOS="981"/>
							<String ID="string_25" HPOS="995" VPOS="370" WIDTH="12" HEIGHT="29" WC="0.96" CONTENT="i"/><SP WIDTH="14" VPOS="370" HPOS="1007"/>
							<String ID="string_26" HPOS="1021" VPOS="369" WIDTH="64" HEIGHT="30" WC="0.96" CONTENT="här"/><SP WIDTH="16" VPOS="369" HPOS="1085"/>
							<String ID="string_27" HPOS="1101" VPOS="369" WIDTH="151" HEIGHT="31" WC="0.96" CONTENT="avsedda"/><SP WIDTH="14" VPOS="369" HPOS="1252"/>
							<String ID="string_28" HPOS="1266" VPOS="370" WIDTH="72" HEIGHT="34" WC="0.96" CONTENT="fall,"/><SP WIDTH="18" VPOS="370" HPOS="1338"/>
							<String ID="string_29" HPOS="1356" VPOS="379" WIDTH="102" HEIGHT="30" WC="0.96" CONTENT="synes"/><SP WIDTH="16" VPOS="379" HPOS="1458"/>
							<String ID="string_30" HPOS="1474" VPOS="369" WIDTH="57" HEIGHT="30" WC="0.96" CONTENT="det"/><SP WIDTH="16" VPOS="369" HPOS="1531"/>
							<String ID="string_31" HPOS="1547" VPOS="369" WIDTH="169" HEIGHT="40" WC="0.95" CONTENT="styrelsen"/>
						</TextLine>
						<TextLine ID="line_4" HPOS="229" VPOS="424" WIDTH="1487" HEIGHT="40">
							<String ID="string_32" HPOS="229" VPOS="425" WIDTH="141" HEIGHT="39" WC="0.96" CONTENT="rimligt,"/><SP WIDTH="20" VPOS="425" HPOS="370"/>
							<String ID="string_33" HPOS="390" VPOS="426" WIDTH="50" HEIGHT="28" WC="0.96" CONTENT="att"/><SP WIDTH="18" VPOS="426" HPOS="440"/>
							<String ID="string_34" HPOS="458" VPOS="425" WIDTH="147" HEIGHT="39" WC="0.95" CONTENT="pension"/><SP WIDTH="17" VPOS="425" HPOS="605"/>
							<String ID="string_35" HPOS="622" VPOS="425" WIDTH="107" HEIGHT="39" WC="0.95" CONTENT="enligt"/><SP WIDTH="19" VPOS="425" HPOS="729"/>
							<String ID="string_36" HPOS="748" VPOS="434" WIDTH="134" HEIGHT="20" WC="0.96" CONTENT="samma"/><SP WIDTH="19" VPOS="434" HPOS="882"/>
							<String ID="string_37" HPOS="901" VPOS="424" WIDTH="151" HEIGHT="39" WC="0.96" CONTENT="grunder"/><SP WIDTH="19" VPOS="424" HPOS="1052"/>
							<String ID="string_38" HPOS="1071" VPOS="424" WIDTH="11" HEIGHT="30" WC="0.96" CONTENT="i"/><SP WIDTH="18" VPOS="424" HPOS="1082"/>
							<String ID="string_39" HPOS="1100" VPOS="424" WIDTH="111" HEIGHT="39" WC="0.96" CONTENT="övrigt"/><SP WIDTH="18" VPOS="424" HPOS="1211"/>
							<String ID="string_40" HPOS="1229" VPOS="433" WIDTH="75" HEIGHT="21" WC="0.96" CONTENT="som"/><SP WIDTH="17" VPOS="433" HPOS="1304"/>
							<String ID="string_41" HPOS="1321" VPOS="424" WIDTH="97" HEIGHT="30" WC="0.93" CONTENT="inom"/><SP WIDTH="18" VPOS="424" HPOS="1418"/>
							<String ID="string_42" HPOS="1436" VPOS="424" WIDTH="280" HEIGHT="39" WC="0.88" CONTENT="visstidspensio-"/>
						</TextLine>
						<TextLine ID="line_5" HPOS="230" VPOS="477" WIDTH="1486" HEIGHT="41">
							<String ID="string_43" HPOS="230" VPOS="479" WIDTH="167" HEIGHT="39" WC="0.96" CONTENT="neringen"/><SP WIDTH="24" VPOS="479" HPOS="397"/>
							<String ID="string_44" HPOS="421" VPOS="478" WIDTH="88" HEIGHT="30" WC="0.95" CONTENT="skall"/><SP WIDTH="23" VPOS="478" HPOS="509"/>
							<String ID="string_45" HPOS="532" VPOS="479" WIDTH="122" HEIGHT="29" WC="0.96" CONTENT="kunna"/><SP WIDTH="23" VPOS="479" HPOS="654"/>
							<String ID="string_46" HPOS="677" VPOS="478" WIDTH="139" HEIGHT="40" WC="0.96" CONTENT="medges"/><SP WIDTH="24" VPOS="478" HPOS="816"/>
							<String ID="string_47" HPOS="840" VPOS="478" WIDTH="87" HEIGHT="30" WC="0.93" CONTENT="efter"/><SP WIDTH="24" VPOS="478" HPOS="927"/>
							<String ID="string_48" HPOS="951" VPOS="478" WIDTH="374" HEIGHT="40" WC="0.88" CONTENT="skälighetsprövning."/><SP WIDTH="26" VPOS="478" HPOS="1325"/>
							<String ID="string_49" HPOS="1351" VPOS="478" WIDTH="175" HEIGHT="40" WC="0.96" CONTENT="Styrelsen"/><SP WIDTH="24" VPOS="478" HPOS="1526"/>
							<String ID="string_50" HPOS="1550" VPOS="478" WIDTH="54" HEIGHT="30" WC="0.93" CONTENT="för"/><SP WIDTH="23" VPOS="478" HPOS="1604"/>
							<String ID="string_51" HPOS="1627" VPOS="477" WIDTH="89" HEIGHT="30" WC="0.93" CONTENT="riks-"/>
						</TextLine>
						<TextLine ID="line_6" HPOS="232" VPOS="531" WIDTH="1485" HEIGHT="41">
							<String ID="string_52" HPOS="232" VPOS="533" WIDTH="129" HEIGHT="39" WC="0.92" CONTENT="dagens"/><SP WIDTH="15" VPOS="533" HPOS="361"/>
							<String ID="string_53" HPOS="376" VPOS="533" WIDTH="361" HEIGHT="39" WC="0.91" CONTENT="förvaltningskontor"/><SP WIDTH="13" VPOS="533" HPOS="737"/>
							<String ID="string_54" HPOS="750" VPOS="533" WIDTH="62" HEIGHT="30" WC="0.97" CONTENT="bör"/><SP WIDTH="14" VPOS="533" HPOS="812"/>
							<String ID="string_55" HPOS="826" VPOS="533" WIDTH="120" HEIGHT="30" WC="0.96" CONTENT="därför"/><SP WIDTH="15" VPOS="533" HPOS="946"/>
							<String ID="string_56" HPOS="961" VPOS="532" WIDTH="132" HEIGHT="31" WC="0.95" CONTENT="erhålla"/><SP WIDTH="12" VPOS="532" HPOS="1093"/>
							<String ID="string_57" HPOS="1105" VPOS="532" WIDTH="279" HEIGHT="40" WC="0.95" CONTENT="bemyndigande"/><SP WIDTH="15" VPOS="532" HPOS="1384"/>
							<String ID="string_58" HPOS="1399" VPOS="534" WIDTH="50" HEIGHT="28" WC="0.96" CONTENT="att"/><SP WIDTH="15" VPOS="534" HPOS="1449"/>
							<String ID="string_59" HPOS="1464" VPOS="532" WIDTH="87" HEIGHT="30" WC="0.96" CONTENT="efter"/><SP WIDTH="15" VPOS="532" HPOS="1551"/>
							<String ID="string_60" HPOS="1566" VPOS="531" WIDTH="151" HEIGHT="31" WC="0.96" CONTENT="särskild"/>
						</TextLine>
						<TextLine ID="line_7" HPOS="231" VPOS="585" WIDTH="1486" HEIGHT="42">
							<String ID="string_61" HPOS="231" VPOS="587" WIDTH="262" HEIGHT="40" WC="0.96" CONTENT="framställning"/><SP WIDTH="16" VPOS="587" HPOS="493"/>
							<String ID="string_62" HPOS="509" VPOS="587" WIDTH="122" HEIGHT="30" WC="0.96" CONTENT="kunna"/><SP WIDTH="16" VPOS="587" HPOS="631"/>
							<String ID="string_63" HPOS="647" VPOS="587" WIDTH="137" HEIGHT="30" WC="0.96" CONTENT="besluta"/><SP WIDTH="18" VPOS="587" HPOS="784"/>
							<String ID="string_64" HPOS="802" VPOS="596" WIDTH="56" HEIGHT="21" WC="0.96" CONTENT="om"/><SP WIDTH="18" VPOS="596" HPOS="858"/>
							<String ID="string_65" HPOS="876" VPOS="587" WIDTH="71" HEIGHT="30" WC="0.95" CONTENT="rätt"/><SP WIDTH="17" VPOS="587" HPOS="947"/>
							<String ID="string_66" HPOS="964" VPOS="587" WIDTH="52" HEIGHT="30" WC="0.96" CONTENT="till"/><SP WIDTH="20" VPOS="587" HPOS="1016"/>
							<String ID="string_67" HPOS="1036" VPOS="586" WIDTH="109" HEIGHT="31" WC="0.96" CONTENT="sådan"/><SP WIDTH="18" VPOS="586" HPOS="1145"/>
							<String ID="string_68" HPOS="1163" VPOS="587" WIDTH="146" HEIGHT="39" WC="0.96" CONTENT="pension"/><SP WIDTH="19" VPOS="587" HPOS="1309"/>
							<String ID="string_69" HPOS="1328" VPOS="586" WIDTH="54" HEIGHT="30" WC="0.96" CONTENT="för"/><SP WIDTH="19" VPOS="586" HPOS="1382"/>
							<String ID="string_70" HPOS="1401" VPOS="586" WIDTH="67" HEIGHT="30" WC="0.96" CONTENT="den"/><SP WIDTH="19" VPOS="586" HPOS="1468"/>
							<String ID="string_71" HPOS="1487" VPOS="596" WIDTH="75" HEIGHT="20" WC="0.96" CONTENT="som"/><SP WIDTH="17" VPOS="596" HPOS="1562"/>
							<String ID="string_72" HPOS="1579" VPOS="585" WIDTH="138" HEIGHT="40" WC="0.96" CONTENT="upphör"/>
						</TextLine>
						<TextLine ID="line_8" HPOS="230" VPOS="640" WIDTH="1487" HEIGHT="42">
							<String ID="string_73" HPOS="230" VPOS="644" WIDTH="52" HEIGHT="28" WC="0.96" CONTENT="att"/><SP WIDTH="17" VPOS="644" HPOS="282"/>
							<String ID="string_74" HPOS="299" VPOS="651" WIDTH="83" HEIGHT="21" WC="0.96" CONTENT="vara"/><SP WIDTH="18" VPOS="651" HPOS="382"/>
							<String ID="string_75" HPOS="400" VPOS="642" WIDTH="153" HEIGHT="30" WC="0.96" CONTENT="ledamot"/><SP WIDTH="19" VPOS="642" HPOS="553"/>
							<String ID="string_76" HPOS="572" VPOS="651" WIDTH="41" HEIGHT="21" WC="0.96" CONTENT="av"/><SP WIDTH="18" VPOS="651" HPOS="613"/>
							<String ID="string_77" HPOS="631" VPOS="642" WIDTH="189" HEIGHT="40" WC="0.96" CONTENT="riksdagen"/><SP WIDTH="17" VPOS="642" HPOS="820"/>
							<String ID="string_78" HPOS="837" VPOS="641" WIDTH="58" HEIGHT="30" WC="0.96" CONTENT="vid"/><SP WIDTH="19" VPOS="641" HPOS="895"/>
							<String ID="string_79" HPOS="914" VPOS="641" WIDTH="182" HEIGHT="31" WC="0.93" CONTENT="årsskiftet"/><SP WIDTH="22" VPOS="641" HPOS="1096"/>
							<String ID="string_80" HPOS="1118" VPOS="641" WIDTH="138" HEIGHT="33" WC="0.90" CONTENT="1970/71"/><SP WIDTH="21" VPOS="641" HPOS="1256"/>
							<String ID="string_81" HPOS="1277" VPOS="641" WIDTH="64" HEIGHT="29" WC="0.96" CONTENT="och"/><SP WIDTH="22" VPOS="641" HPOS="1341"/>
							<String ID="string_82" HPOS="1363" VPOS="650" WIDTH="74" HEIGHT="21" WC="0.96" CONTENT="som"/><SP WIDTH="20" VPOS="650" HPOS="1437"/>
							<String ID="string_83" HPOS="1457" VPOS="641" WIDTH="89" HEIGHT="29" WC="0.96" CONTENT="varit"/><SP WIDTH="19" VPOS="641" HPOS="1546"/>
							<String ID="string_84" HPOS="1565" VPOS="640" WIDTH="152" HEIGHT="30" WC="0.96" CONTENT="ledamot"/>
						</TextLine>
						<TextLine ID="line_9" HPOS="231" VPOS="696" WIDTH="333" HEIGHT="30">
							<String ID="string_85" HPOS="231" VPOS="696" WIDTH="136" HEIGHT="30" WC="0.96" CONTENT="mindre"/><SP WIDTH="15" VPOS="696" HPOS="367"/>
							<String ID="string_86" HPOS="382" VPOS="697" WIDTH="45" HEIGHT="29" WC="0.96" CONTENT="än"/><SP WIDTH="16" VPOS="697" HPOS="427"/>
							<String ID="string_87" HPOS="443" VPOS="706" WIDTH="58" HEIGHT="20" WC="0.95" CONTENT="sex"/><SP WIDTH="14" VPOS="706" HPOS="501"/>
							<String ID="string_88" HPOS="515" VPOS="696" WIDTH="49" HEIGHT="30" WC="0.89" CONTENT="år."/>
						</TextLine>
					</TextBlock>
				</ComposedBlock>
				<ComposedBlock ID="cblock_2" HPOS="231" VPOS="802" WIDTH="1485" HEIGHT="213">
					<TextBlock ID="block_2" HPOS="231" VPOS="802" WIDTH="1485" HEIGHT="213">
						<TextLine ID="line_10" HPOS="872" VPOS="802" WIDTH="209" HEIGHT="33">
							<String ID="string_89" HPOS="872" VPOS="802" WIDTH="209" HEIGHT="33" WC="0.94" CONTENT="Hemställan"/>
						</TextLine>
						<TextLine ID="line_11" HPOS="275" VPOS="865" WIDTH="1441" HEIGHT="42">
							<String ID="string_90" HPOS="275" VPOS="869" WIDTH="175" HEIGHT="38" WC="0.95" CONTENT="Styrelsen"/><SP WIDTH="18" VPOS="869" HPOS="450"/>
							<String ID="string_91" HPOS="468" VPOS="868" WIDTH="54" HEIGHT="29" WC="0.96" CONTENT="för"/><SP WIDTH="19" VPOS="868" HPOS="522"/>
							<String ID="string_92" HPOS="541" VPOS="868" WIDTH="205" HEIGHT="38" WC="0.93" CONTENT="riksdagens"/><SP WIDTH="20" VPOS="868" HPOS="746"/>
							<String ID="string_93" HPOS="766" VPOS="868" WIDTH="361" HEIGHT="38" WC="0.92" CONTENT="förvaltningskontor"/><SP WIDTH="19" VPOS="868" HPOS="1127"/>
							<String ID="string_94" HPOS="1146" VPOS="867" WIDTH="202" HEIGHT="29" WC="0.96" CONTENT="hemställer"/><SP WIDTH="19" VPOS="867" HPOS="1348"/>
							<String ID="string_95" HPOS="1367" VPOS="866" WIDTH="111" HEIGHT="29" WC="0.96" CONTENT="under"/><SP WIDTH="20" VPOS="866" HPOS="1478"/>
							<String ID="string_96" HPOS="1498" VPOS="865" WIDTH="218" HEIGHT="39" WC="0.96" CONTENT="åberopande"/>
						</TextLine>
						<TextLine ID="line_12" HPOS="231" VPOS="921" WIDTH="599" HEIGHT="40">
							<String ID="string_97" HPOS="231" VPOS="931" WIDTH="42" HEIGHT="20" WC="0.96" CONTENT="av"/><SP WIDTH="14" VPOS="931" HPOS="273"/>
							<String ID="string_98" HPOS="287" VPOS="921" WIDTH="67" HEIGHT="31" WC="0.96" CONTENT="vad"/><SP WIDTH="15" VPOS="921" HPOS="354"/>
							<String ID="string_99" HPOS="369" VPOS="922" WIDTH="11" HEIGHT="29" WC="0.96" CONTENT="i"/><SP WIDTH="16" VPOS="922" HPOS="380"/>
							<String ID="string_100" HPOS="396" VPOS="921" WIDTH="57" HEIGHT="30" WC="0.96" CONTENT="det"/><SP WIDTH="17" VPOS="921" HPOS="453"/>
							<String ID="string_101" HPOS="470" VPOS="921" WIDTH="207" HEIGHT="40" WC="0.96" CONTENT="föregående"/><SP WIDTH="17" VPOS="921" HPOS="677"/>
							<String ID="string_102" HPOS="694" VPOS="921" WIDTH="136" HEIGHT="30" WC="0.96" CONTENT="anförts"/>
						</TextLine>
						<TextLine ID="line_13" HPOS="588" VPOS="976" WIDTH="253" HEIGHT="39">
							<String ID="string_103" HPOS="588" VPOS="978" WIDTH="50" HEIGHT="28" WC="0.96" CONTENT="att"/><SP WIDTH="16" VPOS="978" HPOS="638"/>
							<String ID="string_104" HPOS="654" VPOS="976" WIDTH="187" HEIGHT="39" WC="0.96" CONTENT="riksdagen"/>
						</TextLine>
					</TextBlock>
				</ComposedBlock>
				<ComposedBlock ID="cblock_3" HPOS="540" VPOS="1053" WIDTH="1179" HEIGHT="367">
					<TextBlock ID="block_3" HPOS="540" VPOS="1053" WIDTH="1178" HEIGHT="205">
						<TextLine ID="line_14" HPOS="587" VPOS="1053" WIDTH="1130" HEIGHT="42">
							<String ID="string_105" HPOS="587" VPOS="1056" WIDTH="33" HEIGHT="31" WC="0.96" CONTENT="1)"/><SP WIDTH="30" VPOS="1056" HPOS="620"/>
							<String ID="string_106" HPOS="650" VPOS="1058" WIDTH="142" HEIGHT="37" WC="0.96" CONTENT="antager"/><SP WIDTH="29" VPOS="1058" HPOS="792"/>
							<String ID="string_107" HPOS="821" VPOS="1055" WIDTH="248" HEIGHT="40" WC="0.96" CONTENT="efterföljande"/><SP WIDTH="28" VPOS="1055" HPOS="1069"/>
							<String ID="string_108" HPOS="1097" VPOS="1064" WIDTH="75" HEIGHT="21" WC="0.96" CONTENT="som"/><SP WIDTH="29" VPOS="1064" HPOS="1172"/>
							<String ID="string_109" HPOS="1201" VPOS="1054" WIDTH="112" HEIGHT="40" WC="0.96" CONTENT="bilaga"/><SP WIDTH="27" VPOS="1054" HPOS="1313"/>
							<String ID="string_110" HPOS="1340" VPOS="1055" WIDTH="20" HEIGHT="29" WC="0.96" CONTENT="2"/><SP WIDTH="28" VPOS="1055" HPOS="1360"/>
							<String ID="string_111" HPOS="1388" VPOS="1055" WIDTH="53" HEIGHT="29" WC="0.96" CONTENT="till"/><SP WIDTH="28" VPOS="1055" HPOS="1441"/>
							<String ID="string_112" HPOS="1469" VPOS="1054" WIDTH="114" HEIGHT="30" WC="0.91" CONTENT="denna"/><SP WIDTH="28" VPOS="1054" HPOS="1583"/>
							<String ID="string_113" HPOS="1611" VPOS="1053" WIDTH="106" HEIGHT="29" WC="0.90" CONTENT="fram-"/>
						</TextLine>
						<TextLine ID="line_15" HPOS="541" VPOS="1107" WIDTH="1175" HEIGHT="43">
							<String ID="string_114" HPOS="541" VPOS="1111" WIDTH="165" HEIGHT="39" WC="0.96" CONTENT="ställning"/><SP WIDTH="24" VPOS="1111" HPOS="706"/>
							<String ID="string_115" HPOS="730" VPOS="1110" WIDTH="124" HEIGHT="40" WC="0.95" CONTENT="fogade"/><SP WIDTH="24" VPOS="1110" HPOS="854"/>
							<String ID="string_116" HPOS="878" VPOS="1110" WIDTH="131" HEIGHT="40" WC="0.95" CONTENT="förslag"/><SP WIDTH="24" VPOS="1110" HPOS="1009"/>
							<String ID="string_117" HPOS="1033" VPOS="1110" WIDTH="53" HEIGHT="29" WC="0.96" CONTENT="till"/><SP WIDTH="24" VPOS="1110" HPOS="1086"/>
							<String ID="string_118" HPOS="1110" VPOS="1110" WIDTH="55" HEIGHT="39" WC="0.96" CONTENT="lag"/><SP WIDTH="23" VPOS="1110" HPOS="1165"/>
							<String ID="string_119" HPOS="1188" VPOS="1119" WIDTH="57" HEIGHT="20" WC="0.96" CONTENT="om"/><SP WIDTH="26" VPOS="1119" HPOS="1245"/>
							<String ID="string_120" HPOS="1271" VPOS="1109" WIDTH="148" HEIGHT="39" WC="0.96" CONTENT="ändring"/><SP WIDTH="24" VPOS="1109" HPOS="1419"/>
							<String ID="string_121" HPOS="1443" VPOS="1109" WIDTH="11" HEIGHT="29" WC="0.96" CONTENT="i"/><SP WIDTH="25" VPOS="1109" HPOS="1454"/>
							<String ID="string_122" HPOS="1479" VPOS="1108" WIDTH="147" HEIGHT="40" WC="0.95" CONTENT="stadgan"/><SP WIDTH="25" VPOS="1108" HPOS="1626"/>
							<String ID="string_123" HPOS="1651" VPOS="1107" WIDTH="65" HEIGHT="30" WC="0.96" CONTENT="den"/>
						</TextLine>
						<TextLine ID="line_16" HPOS="541" VPOS="1162" WIDTH="1177" HEIGHT="40">
							<String ID="string_124" HPOS="541" VPOS="1165" WIDTH="38" HEIGHT="29" WC="0.95" CONTENT="21"/><SP WIDTH="22" VPOS="1165" HPOS="579"/>
							<String ID="string_125" HPOS="601" VPOS="1164" WIDTH="155" HEIGHT="30" WC="0.95" CONTENT="februari"/><SP WIDTH="23" VPOS="1164" HPOS="756"/>
							<String ID="string_126" HPOS="779" VPOS="1164" WIDTH="79" HEIGHT="30" WC="0.96" CONTENT="1941"/><SP WIDTH="27" VPOS="1164" HPOS="858"/>
							<String ID="string_127" HPOS="885" VPOS="1164" WIDTH="58" HEIGHT="34" WC="0.96" CONTENT="(nr"/><SP WIDTH="21" VPOS="1164" HPOS="943"/>
							<String ID="string_128" HPOS="964" VPOS="1164" WIDTH="58" HEIGHT="34" WC="0.96" CONTENT="98)"/><SP WIDTH="24" VPOS="1164" HPOS="1022"/>
							<String ID="string_129" HPOS="1046" VPOS="1173" WIDTH="57" HEIGHT="20" WC="0.96" CONTENT="om"/><SP WIDTH="19" VPOS="1173" HPOS="1103"/>
							<String ID="string_130" HPOS="1122" VPOS="1163" WIDTH="195" HEIGHT="39" WC="0.96" CONTENT="ersättning"/><SP WIDTH="20" VPOS="1163" HPOS="1317"/>
							<String ID="string_131" HPOS="1337" VPOS="1163" WIDTH="53" HEIGHT="29" WC="0.92" CONTENT="för"/><SP WIDTH="20" VPOS="1163" HPOS="1390"/>
							<String ID="string_132" HPOS="1410" VPOS="1162" WIDTH="308" HEIGHT="39" WC="0.90" CONTENT="riksdagsmanna-"/>
						</TextLine>
						<TextLine ID="line_17" HPOS="540" VPOS="1218" WIDTH="456" HEIGHT="40">
							<String ID="string_133" HPOS="540" VPOS="1219" WIDTH="212" HEIGHT="39" WC="0.96" CONTENT="uppdragets"/><SP WIDTH="15" VPOS="1219" HPOS="752"/>
							<String ID="string_134" HPOS="767" VPOS="1218" WIDTH="229" HEIGHT="40" WC="0.96" CONTENT="fullgörande,"/>
						</TextLine>
					</TextBlock>
					<TextBlock ID="block_4" HPOS="540" VPOS="1269" WIDTH="1179" HEIGHT="151">
						<TextLine ID="line_18" HPOS="584" VPOS="1269" WIDTH="1135" HEIGHT="43">
							<String ID="string_135" HPOS="584" VPOS="1273" WIDTH="36" HEIGHT="34" WC="0.93" CONTENT="2)"/><SP WIDTH="29" VPOS="1273" HPOS="620"/>
							<String ID="string_136" HPOS="649" VPOS="1272" WIDTH="227" HEIGHT="40" WC="0.92" CONTENT="bemyndigar"/><SP WIDTH="25" VPOS="1272" HPOS="876"/>
							<String ID="string_137" HPOS="901" VPOS="1272" WIDTH="169" HEIGHT="40" WC="0.96" CONTENT="styrelsen"/><SP WIDTH="23" VPOS="1272" HPOS="1070"/>
							<String ID="string_138" HPOS="1093" VPOS="1272" WIDTH="54" HEIGHT="29" WC="0.96" CONTENT="för"/><SP WIDTH="23" VPOS="1272" HPOS="1147"/>
							<String ID="string_139" HPOS="1170" VPOS="1271" WIDTH="206" HEIGHT="39" WC="0.93" CONTENT="riksdagens"/><SP WIDTH="23" VPOS="1271" HPOS="1376"/>
							<String ID="string_140" HPOS="1399" VPOS="1269" WIDTH="320" HEIGHT="40" WC="0.91" CONTENT="förvaltningskon-"/>
						</TextLine>
						<TextLine ID="line_19" HPOS="540" VPOS="1323" WIDTH="1178" HEIGHT="42">
							<String ID="string_141" HPOS="540" VPOS="1329" WIDTH="53" HEIGHT="27" WC="0.96" CONTENT="tor"/><SP WIDTH="19" VPOS="1329" HPOS="593"/>
							<String ID="string_142" HPOS="612" VPOS="1329" WIDTH="50" HEIGHT="28" WC="0.96" CONTENT="att"/><SP WIDTH="17" VPOS="1329" HPOS="662"/>
							<String ID="string_143" HPOS="679" VPOS="1327" WIDTH="136" HEIGHT="30" WC="0.96" CONTENT="besluta"/><SP WIDTH="18" VPOS="1327" HPOS="815"/>
							<String ID="string_144" HPOS="833" VPOS="1336" WIDTH="56" HEIGHT="20" WC="0.95" CONTENT="om"/><SP WIDTH="18" VPOS="1336" HPOS="889"/>
							<String ID="string_145" HPOS="907" VPOS="1327" WIDTH="70" HEIGHT="29" WC="0.96" CONTENT="rätt"/><SP WIDTH="17" VPOS="1327" HPOS="977"/>
							<String ID="string_146" HPOS="994" VPOS="1327" WIDTH="53" HEIGHT="29" WC="0.93" CONTENT="till"/><SP WIDTH="18" VPOS="1327" HPOS="1047"/>
							<String ID="string_147" HPOS="1065" VPOS="1325" WIDTH="291" HEIGHT="40" WC="0.88" CONTENT="visstidspension"/><SP WIDTH="18" VPOS="1325" HPOS="1356"/>
							<String ID="string_148" HPOS="1374" VPOS="1325" WIDTH="10" HEIGHT="29" WC="0.96" CONTENT="i"/><SP WIDTH="17" VPOS="1325" HPOS="1384"/>
							<String ID="string_149" HPOS="1401" VPOS="1325" WIDTH="94" HEIGHT="29" WC="0.93" CONTENT="vissa"/><SP WIDTH="18" VPOS="1325" HPOS="1495"/>
							<String ID="string_150" HPOS="1513" VPOS="1323" WIDTH="205" HEIGHT="39" WC="0.90" CONTENT="övergångs-"/>
						</TextLine>
						<TextLine ID="line_20" HPOS="541" VPOS="1378" WIDTH="867" HEIGHT="42">
							<String ID="string_151" HPOS="541" VPOS="1381" WIDTH="62" HEIGHT="29" WC="0.21" CONTENT="fall"/><SP WIDTH="15" VPOS="1381" HPOS="603"/>
							<String ID="string_152" HPOS="618" VPOS="1381" WIDTH="10" HEIGHT="29" WC="0.21" CONTENT="i"/><SP WIDTH="17" VPOS="1381" HPOS="628"/>
							<String ID="string_153" HPOS="645" VPOS="1380" WIDTH="151" HEIGHT="40" WC="0.96" CONTENT="enlighet"/><SP WIDTH="16" VPOS="1380" HPOS="796"/>
							<String ID="string_154" HPOS="812" VPOS="1380" WIDTH="79" HEIGHT="29" WC="0.96" CONTENT="med"/><SP WIDTH="15" VPOS="1380" HPOS="891"/>
							<String ID="string_155" HPOS="906" VPOS="1380" WIDTH="67" HEIGHT="29" WC="0.96" CONTENT="vad"/><SP WIDTH="17" VPOS="1380" HPOS="973"/>
							<String ID="string_156" HPOS="990" VPOS="1379" WIDTH="170" HEIGHT="40" WC="0.96" CONTENT="styrelsen"/><SP WIDTH="16" VPOS="1379" HPOS="1160"/>
							<String ID="string_157" HPOS="1176" VPOS="1388" WIDTH="89" HEIGHT="20" WC="0.96" CONTENT="ovan"/><SP WIDTH="16" VPOS="1388" HPOS="1265"/>
							<String ID="string_158" HPOS="1281" VPOS="1378" WIDTH="127" HEIGHT="30" WC="0.95" CONTENT="anfört."/>
						</TextLine>
					</TextBlock>
				</ComposedBlock>
				<ComposedBlock ID="cblock_4" HPOS="230" VPOS="1456" WIDTH="1488" HEIGHT="148">
					<TextBlock ID="block_5" HPOS="230" VPOS="1456" WIDTH="1488" HEIGHT="148">
						<TextLine ID="line_21" HPOS="276" VPOS="1456" WIDTH="1442" HEIGHT="45">
							<String ID="string_159" HPOS="276" VPOS="1461" WIDTH="13" HEIGHT="29" WC="0.96" CONTENT="I"/><SP WIDTH="15" VPOS="1461" HPOS="289"/>
							<String ID="string_160" HPOS="304" VPOS="1461" WIDTH="305" HEIGHT="40" WC="0.95" CONTENT="handläggningen"/><SP WIDTH="17" VPOS="1461" HPOS="609"/>
							<String ID="string_161" HPOS="626" VPOS="1471" WIDTH="42" HEIGHT="20" WC="0.96" CONTENT="av"/><SP WIDTH="16" VPOS="1471" HPOS="668"/>
							<String ID="string_162" HPOS="684" VPOS="1461" WIDTH="95" HEIGHT="30" WC="0.96" CONTENT="detta"/><SP WIDTH="17" VPOS="1461" HPOS="779"/>
							<String ID="string_163" HPOS="796" VPOS="1460" WIDTH="127" HEIGHT="31" WC="0.96" CONTENT="ärende"/><SP WIDTH="15" VPOS="1460" HPOS="923"/>
							<String ID="string_164" HPOS="938" VPOS="1460" WIDTH="64" HEIGHT="30" WC="0.96" CONTENT="har"/><SP WIDTH="18" VPOS="1460" HPOS="1002"/>
							<String ID="string_165" HPOS="1020" VPOS="1459" WIDTH="151" HEIGHT="40" WC="0.96" CONTENT="deltagit,"/><SP WIDTH="19" VPOS="1459" HPOS="1171"/>
							<String ID="string_166" HPOS="1190" VPOS="1459" WIDTH="155" HEIGHT="30" WC="0.96" CONTENT="förutom"/><SP WIDTH="15" VPOS="1459" HPOS="1345"/>
							<String ID="string_167" HPOS="1360" VPOS="1457" WIDTH="264" HEIGHT="31" WC="0.93" CONTENT="undertecknad"/><SP WIDTH="17" VPOS="1457" HPOS="1624"/>
							<String ID="string_168" HPOS="1641" VPOS="1456" WIDTH="77" HEIGHT="31" WC="0.93" CONTENT="ord-"/>
						</TextLine>
						<TextLine ID="line_22" HPOS="230" VPOS="1512" WIDTH="1486" HEIGHT="39">
							<String ID="string_169" HPOS="230" VPOS="1515" WIDTH="155" HEIGHT="35" WC="0.96" CONTENT="förande,"/><SP WIDTH="19" VPOS="1515" HPOS="385"/>
							<String ID="string_170" HPOS="404" VPOS="1516" WIDTH="73" HEIGHT="29" WC="0.96" CONTENT="vice"/><SP WIDTH="19" VPOS="1516" HPOS="477"/>
							<String ID="string_171" HPOS="496" VPOS="1515" WIDTH="237" HEIGHT="30" WC="0.96" CONTENT="ordföranden"/><SP WIDTH="17" VPOS="1515" HPOS="733"/>
							<String ID="string_172" HPOS="750" VPOS="1515" WIDTH="174" HEIGHT="29" WC="0.96" CONTENT="Thorsten"/><SP WIDTH="17" VPOS="1515" HPOS="924"/>
							<String ID="string_173" HPOS="941" VPOS="1515" WIDTH="162" HEIGHT="33" WC="0.96" CONTENT="Larsson,"/><SP WIDTH="19" VPOS="1515" HPOS="1103"/>
							<String ID="string_174" HPOS="1122" VPOS="1514" WIDTH="122" HEIGHT="29" WC="0.93" CONTENT="herrar"/><SP WIDTH="18" VPOS="1514" HPOS="1244"/>
							<String ID="string_175" HPOS="1262" VPOS="1512" WIDTH="203" HEIGHT="39" WC="0.91" CONTENT="Wärnberg,"/><SP WIDTH="22" VPOS="1512" HPOS="1465"/>
							<String ID="string_176" HPOS="1487" VPOS="1512" WIDTH="229" HEIGHT="38" WC="0.95" CONTENT="Augustsson,"/>
						</TextLine>
						<TextLine ID="line_23" HPOS="231" VPOS="1568" WIDTH="892" HEIGHT="36">
							<String ID="string_177" HPOS="231" VPOS="1569" WIDTH="130" HEIGHT="35" WC="0.92" CONTENT="Tistad,"/><SP WIDTH="18" VPOS="1569" HPOS="361"/>
							<String ID="string_178" HPOS="379" VPOS="1569" WIDTH="57" HEIGHT="30" WC="0.95" CONTENT="fru"/><SP WIDTH="17" VPOS="1569" HPOS="436"/>
							<String ID="string_179" HPOS="453" VPOS="1569" WIDTH="226" HEIGHT="30" WC="0.96" CONTENT="Kristensson"/><SP WIDTH="17" VPOS="1569" HPOS="679"/>
							<String ID="string_180" HPOS="696" VPOS="1571" WIDTH="91" HEIGHT="28" WC="0.96" CONTENT="samt"/><SP WIDTH="15" VPOS="1571" HPOS="787"/>
							<String ID="string_181" HPOS="802" VPOS="1569" WIDTH="81" HEIGHT="30" WC="0.96" CONTENT="herr"/><SP WIDTH="17" VPOS="1569" HPOS="883"/>
							<String ID="string_182" HPOS="900" VPOS="1568" WIDTH="223" HEIGHT="30" WC="0.96" CONTENT="Martinsson."/>
						</TextLine>
					</TextBlock>
				</ComposedBlock>
				<ComposedBlock ID="cblock_5" HPOS="559" VPOS="1674" WIDTH="827" HEIGHT="33">
					<TextBlock ID="block_6" HPOS="559" VPOS="1674" WIDTH="827" HEIGHT="33">
						<TextLine ID="line_24" HPOS="559" VPOS="1674" WIDTH="827" HEIGHT="33">
							<String ID="string_183" HPOS="559" VPOS="1676" WIDTH="278" HEIGHT="31" WC="0.93" CONTENT="RIKSDAGENS"/><SP WIDTH="24" VPOS="1676" HPOS="837"/>
							<String ID="string_184" HPOS="861" VPOS="1674" WIDTH="525" HEIGHT="33" WC="0.79" CONTENT="FÖRVALTNINGSKONTOR"/>
						</TextLine>
					</TextBlock>
				</ComposedBlock>
				<ComposedBlock ID="cblock_6" HPOS="765" VPOS="1757" WIDTH="415" HEIGHT="40">
					<TextBlock ID="block_7" HPOS="765" VPOS="1757" WIDTH="415" HEIGHT="40">
						<TextLine ID="line_25" HPOS="765" VPOS="1757" WIDTH="415" HEIGHT="40">
							<String ID="string_185" HPOS="765" VPOS="1757" WIDTH="48" HEIGHT="30" WC="0.96" CONTENT="På"/><SP WIDTH="18" VPOS="1757" HPOS="813"/>
							<String ID="string_186" HPOS="831" VPOS="1757" WIDTH="187" HEIGHT="40" WC="0.96" CONTENT="styrelsens"/><SP WIDTH="16" VPOS="1757" HPOS="1018"/>
							<String ID="string_187" HPOS="1034" VPOS="1757" WIDTH="146" HEIGHT="38" WC="0.96" CONTENT="vägnar:"/>
						</TextLine>
					</TextBlock>
				</ComposedBlock>
				<ComposedBlock ID="cblock_7" HPOS="765" VPOS="1890" WIDTH="908" HEIGHT="91">
					<TextBlock ID="block_8" HPOS="765" VPOS="1890" WIDTH="908" HEIGHT="91">
						<TextLine ID="line_26" HPOS="765" VPOS="1890" WIDTH="419" HEIGHT="32">
							<String ID="string_188" HPOS="765" VPOS="1892" WIDTH="159" HEIGHT="30" WC="0.92" CONTENT="SIGURD"/><SP WIDTH="24" VPOS="1892" HPOS="924"/>
							<String ID="string_189" HPOS="948" VPOS="1890" WIDTH="236" HEIGHT="31" WC="0.95" CONTENT="LINDHOLM"/>
						</TextLine>
						<TextLine ID="line_27" HPOS="1392" VPOS="1941" WIDTH="281" HEIGHT="40">
							<String ID="string_190" HPOS="1392" VPOS="1946" WIDTH="11" HEIGHT="29" WC="0.92" CONTENT="/"/><SP WIDTH="14" VPOS="1946" HPOS="1403"/>
							<String ID="string_191" HPOS="1417" VPOS="1943" WIDTH="147" HEIGHT="38" WC="0.96" CONTENT="Magnus"/><SP WIDTH="16" VPOS="1943" HPOS="1564"/>
							<String ID="string_192" HPOS="1580" VPOS="1941" WIDTH="93" HEIGHT="29" WC="0.96" CONTENT="Huss"/>
						</TextLine>
					</TextBlock>
				</ComposedBlock>
			</PrintSpace>
		</Page>
	</Layout>
</alto>
