1884 2778
282 141 18 29 6
638 138 285 29 Statsutskottets
945 138 177 30 utlåtande
1142 148 42 19 nr
1204 140 41 28 20
1265 139 38 29 år
1326 139 83 29 1966

965 435 51 35 Nr
1039 435 47 34 20

504 537 184 29 Utlåtande
707 537 10 29 i
733 537 191 40 anledning
939 547 42 20 av
997 538 126 38 Kungl.
1141 539 124 38 Maj:ts
1282 539 218 37 proposition
1518 539 178 38 angående
1716 541 52 26 ut-

722 591 103 37 gifter
847 591 45 39 på
916 591 207 38 tilläggsstat
1145 592 32 28 II
1200 592 51 29 till
1272 592 189 28 riksstaten
1485 592 55 38 för
1564 592 202 38 budgetåret

724 644 160 36 1965/66,
906 644 11 29 i
936 645 65 29 vad
1019 645 261 37 propositionen
1300 654 100 20 avser
1420 646 347 38 ecklesiastikdepar-

724 698 183 28 tementets
929 698 394 29 verksamhetsområde.

1567 770 76 32 (2:a
1668 772 93 28 avd.)

780 985 491 37 DRIFTBUDGETEN

807 1138 171 43 Åttonde
998 1146 247 36 huvudtiteln

329 1247 73 34 1:0)
424 1248 123 35 Bidrag
564 1248 53 29 till
635 1249 41 29 de
693 1249 116 35 kungl.
826 1251 184 28 teatrarna.
1030 1250 123 38 Kungl.
1173 1250 104 39 Maj:t
1296 1250 63 29 har
1378 1250 11 29 i
1407 1250 263 39 propositionen
1688 1260 41 19 nr
1749 1251 18 28 2

287 1299 131 39 (bilaga
440 1301 29 33 5,
491 1300 112 39 punkt
629 1302 27 33 1,
678 1310 25 21 s.
729 1301 127 31 17—20
878 1312 43 20 av
941 1302 106 39 bilagt
1071 1303 125 39 utdrag
1217 1312 42 20 av
1281 1303 383 39 statsrådsprotokollet
1687 1304 80 29 över

281 1353 379 30 ecklesiastikärenden
684 1355 54 29 för
762 1354 67 30 den
854 1355 18 29 3
897 1355 142 39 januari
1066 1356 99 36 1966)
1196 1356 178 39 föreslagit
1398 1356 188 39 riksdagen
1611 1359 51 27 att
1687 1358 80 38 god-

281 1406 119 29 känna
424 1407 66 28 vad
514 1407 11 28 i
549 1408 384 38 statsrådsprotokollet
958 1409 174 29 förordats
1158 1410 176 37 angående
1359 1410 223 29 bestridande
1608 1419 43 20 av
1674 1412 92 27 vissa

281 1459 190 29 kostnader
491 1460 57 29 vid
568 1461 225 29 Dramatiska
812 1463 146 27 teatern.

327 1566 176 30 Utskottet
528 1567 116 29 finner
670 1568 56 29 det
752 1568 348 30 otillfredsställande
1125 1571 50 27 att
1202 1570 225 30 Dramatiska
1452 1572 135 27 teatern
1613 1570 57 29 AB
1697 1571 71 29 inte

281 1622 167 36 anpassat
467 1620 53 29 sin
537 1620 223 30 verksamhet
778 1622 53 28 till
850 1621 68 29 den
936 1631 42 20 av
996 1623 273 29 statsmakterna
1288 1623 103 39 givna
1408 1623 231 30 ekonomiska
1658 1624 110 29 förut-

282 1672 211 39 sättningen.
511 1674 175 30 Utskottet
703 1675 59 29 vill
779 1675 64 29 här
862 1675 142 30 särskilt
1021 1676 90 39 peka
1127 1676 45 39 på
1189 1676 42 29 de
1247 1676 298 30 överskridanden
1563 1686 76 20 som
1657 1678 110 38 gjorts

281 1734 42 20 av
342 1726 258 39 anslagsposter
621 1736 75 21 som
715 1728 106 38 ligger
842 1728 112 29 under
972 1728 154 40 bolagets
1146 1729 136 30 direkta
1302 1730 162 29 kontroll.
1486 1730 67 29 För
1574 1730 67 29 den
1661 1731 106 29 fram-

280 1779 74 29 tida
380 1779 269 30 verksamheten
675 1781 60 29 vill
762 1781 171 30 utskottet
961 1782 111 30 starkt
1101 1782 234 40 understryka
1362 1783 405 39 departementschefens

282 1833 181 29 uttalande
484 1836 50 27 att
555 1834 115 30 denna
691 1835 161 38 planeras
875 1835 48 34 så,
946 1837 49 28 att
1017 1836 66 29 den
1105 1845 95 30 ryms
1222 1836 95 29 inom
1340 1837 67 28 den
1429 1846 43 20 av
1493 1838 274 29 statsmakterna

281 1886 151 38 angivna
451 1887 230 30 ekonomiska
698 1896 132 21 ramen.

324 1939 177 31 Utskottet
521 1940 153 30 biträder
695 1941 88 29 dock
805 1941 125 39 Kungl.
952 1942 123 39 Maj:ts
1097 1942 131 39 förslag
1248 1944 50 28 att
1319 1944 157 38 anslaget
1497 1944 53 29 till
1571 1944 122 39 bidrag
1714 1945 51 28 till

280 1991 42 30 de
340 1992 120 39 kungl.
480 1994 178 29 teatrarna
676 1994 54 29 för
749 1994 205 39 budgetåret
977 1994 147 36 1965/66
1144 1995 55 29 får
1218 1996 226 30 merbelastas
1465 1997 79 29 med
1564 1998 41 28 de
1625 1997 141 30 kostna-

280 2045 71 33 der,
371 2055 76 20 som
466 2054 104 31 anges
590 2047 10 29 i
619 2047 274 39 propositionen,
912 2048 66 29 och
996 2048 202 29 hemställer
1218 2049 129 34 därför,

645 2101 50 28 att
709 2100 189 39 riksdagen
914 2101 58 29 må
987 2101 186 39 godkänna
1188 2103 65 28 vad
1270 2103 11 28 i
1297 2103 383 39 statsrådsprotokollet
1697 2105 69 28 för-

600 2153 119 29 ordats
745 2153 179 39 angående
949 2154 222 30 bestridande
1197 2165 42 20 av
1264 2156 92 29 vissa
1382 2156 189 30 kostnader
1599 2157 56 29 vid
1682 2158 84 29 Dra-

600 2206 152 30 matiska
771 2208 146 28 teatern.
