1894 2824
93 391 131 25 Utskottet.

92 1449 132 25 Utskottet.

268 137 20 30 4
671 141 378 30 Jordbruksutskottets
1074 141 178 31 utlåtande
1276 141 48 30 Nr
1346 143 49 29 15.

313 221 26 35 Å
359 225 257 36 driftbudgeten
637 224 66 30 har
724 224 121 36 Kungl.
867 223 103 37 Maj:t
990 224 185 37 föreslagit,
1196 227 49 28 att
1265 225 49 29 till
1335 225 223 36 avskrivning
1579 235 42 20 av
1644 225 132 30 föreva-

272 276 107 30 rande
397 275 343 37 kapitalinvestering
760 274 105 31 måtte
885 275 137 30 anvisas
1043 276 120 35 95,000
1184 275 137 30 kronor.

318 385 171 30 Utskottet
515 384 187 37 tillstyrker
728 384 229 30 förevarande
982 384 256 37 framställning
1264 385 64 29 och
1353 385 199 30 hemställer
1576 383 158 37 sålunda,

625 488 51 27 att
702 485 183 36 riksdagen
912 484 59 31 må
997 485 48 30 till
1072 484 226 37 Lånefonden
1323 485 56 37 för
1404 485 107 37 inköp
1537 494 41 21 av
1606 485 173 30 avelsston

580 545 42 21 av
642 536 215 30 nordsvensk
877 545 57 21 ras
956 535 54 31 för
1028 534 204 38 budgetåret
1256 531 137 36 1940/41
1420 536 120 30 anvisa
1562 538 47 28 ett
1629 544 150 21 reserva-

581 586 211 37 tionsanslag
816 596 41 21 av
882 587 120 36 95,000
1025 587 139 30 kronor.

315 769 67 40 5:0)
421 770 138 31 Statens
582 769 391 32 kaninavelslånefond.
1009 771 117 30 Under
1148 771 113 36 punkt
1285 771 18 30 5
1328 771 65 30 har
1416 771 123 36 Kungl.
1564 770 102 36 Maj:t
1690 770 87 30 före-

272 822 99 36 slagit
397 822 186 36 riksdagen
610 825 50 26 att
689 822 51 29 till
766 821 133 31 Statens
926 820 370 31 kaninavelslånefond
1322 821 55 30 för
1406 820 201 37 budgetåret
1637 816 139 36 1940/41

272 873 119 30 anvisa
420 876 48 27 ett
495 873 349 35 reservationsanslag
871 881 43 21 av
945 873 95 35 5,000
1070 872 141 30 kronor.

313 923 65 31 Vid
404 923 84 31 1938
510 922 55 32 års
587 922 143 38 riksdag
752 923 125 30 beslöts
900 923 196 30 inrättande
1119 931 43 22 av
1186 925 127 28 statens
1336 921 382 31 kaninavelslånefond.
1764 922 14 30 I

268 974 342 31 överensstämmelse
638 974 81 30 med
746 974 202 35 riksdagens
976 974 111 29 beslut
1115 974 66 29 har
1209 973 122 36 Kungl.
1362 973 102 36 Maj:t
1492 973 11 30 i
1531 974 82 29 brev
1640 973 68 30 den
1736 973 41 30 30

271 1024 76 37 juni
380 1026 85 29 1938
494 1025 173 30 meddelat
696 1026 159 28 närmare
884 1024 259 30 bestämmelser
1171 1024 148 30 rörande
1348 1022 266 38 ifrågavarande
1646 1022 132 31 lånerö-

271 1075 86 30 relse
384 1075 48 39 (se
452 1075 307 36 kapitalbudgeten
783 1076 96 29 1939:
903 1075 59 30 bil.
985 1077 28 34 7,
1034 1075 62 30 sid.
1121 1073 68 40 12).

316 1124 122 32 Såsom
461 1126 280 36 kapitaltillskott
761 1126 49 30 till
833 1125 133 31 fonden
990 1125 180 31 anvisades
1195 1125 54 30 för
1269 1124 203 37 budgetåret
1497 1120 141 36 1938/39
1660 1127 47 28 ett
1729 1134 49 21 re-

272 1177 311 36 servationsanslag
604 1186 42 21 av
669 1177 116 35 10,000
803 1177 141 29 kronor.
976 1176 66 31 För
1061 1176 233 30 innevarande
1313 1175 169 37 budgetår
1502 1177 64 29 har
1587 1176 77 30 icke
1685 1175 93 30 anvi-

271 1231 69 27 sats
363 1226 107 38 något
494 1228 117 36 anslag
634 1228 53 29 till
709 1227 138 31 fonden.

318 1273 24 36 Å
363 1278 257 37 driftbudgeten
639 1277 146 32 föreslås
806 1282 48 27 att
876 1279 52 29 till
948 1278 222 36 avskrivning
1190 1288 42 20 av
1251 1278 228 30 förevarande
1501 1277 277 37 kapitalinveste-

271 1330 75 36 ring
366 1329 109 31 måtte
496 1330 136 30 anvisas
653 1330 97 35 5,000
772 1329 139 30 kronor.

317 1438 51 31 Då
387 1439 228 30 förevarande
633 1438 257 37 framställning
907 1438 77 31 icke
1001 1438 163 30 föranlett
1180 1436 115 38 någon
1311 1438 184 30 utskottets
1515 1437 148 36 erinran,
1685 1438 94 29 hem-

272 1490 114 30 ställer
409 1490 176 36 utskottet,

625 1593 51 27 att
699 1590 183 36 riksdagen
904 1589 59 31 må
987 1590 48 30 till
1061 1590 137 30 Statens
1222 1588 370 38 kaninavelslånefond
1615 1589 55 30 för
1694 1589 85 30 bud-

580 1639 131 38 getåret
733 1636 136 36 1940/41
894 1640 120 30 anvisa
1034 1644 46 26 ett
1098 1639 351 37 reservationsanslag
1468 1649 42 20 av
1529 1640 97 36 5,000
1639 1640 140 30 kronor.

313 1824 68 40 6:0)
419 1825 139 30 Statens
582 1823 330 33 slakterilånefond.
949 1824 115 30 Under
1088 1824 113 37 punkt
1225 1825 20 29 6
1269 1825 64 29 har
1358 1824 125 36 Kungl.
1510 1823 101 37 Maj:t
1636 1823 141 31 föresla-

271 1877 47 36 git
338 1876 186 36 riksdagen
546 1879 48 27 att
619 1876 52 30 till
695 1875 132 30 Statens
851 1873 310 32 slakterilånefond
1185 1874 55 30 för
1262 1873 203 38 budgetåret
1492 1869 138 37 1940/41
1660 1873 120 31 anvisa

271 1930 47 28 ett
341 1927 352 36 reservationsanslag
717 1936 42 20 av
785 1927 172 35 1,000,000
985 1927 138 29 kronor.

315 1978 65 30 Vid
402 1979 86 29 1933
505 1977 54 31 års
578 1977 142 37 riksdag
737 1977 125 30 beslöts
879 1977 196 30 inrättande
1093 1986 42 20 av
1156 1979 128 27 statens
1304 1975 309 31 slakterilånefond
1632 1976 67 30 och
1720 1985 58 20 an-

272 2028 133 31 visades
429 2028 56 31 för
506 2026 203 38 budgetåret
735 2023 139 36 1933/34
898 2026 116 32 såsom
1035 2027 132 37 kapital
1192 2027 51 30 till
1264 2027 131 30 fonden
1417 2029 47 28 ett
1488 2026 290 31 reservationsan-

271 2080 72 37 slag
363 2089 42 21 av
427 2080 170 36 1,000,000
618 2079 141 30 kronor.
792 2079 81 30 1937
896 2077 56 32 års
970 2078 139 36 riksdag
1127 2079 66 29 har
1211 2077 114 31 såsom
1346 2078 265 36 kapitalökning
1631 2078 52 29 till
1704 2077 74 31 fon-

271 2132 66 30 den
358 2131 55 31 för
433 2129 201 39 budgetåret
655 2125 142 37 1937/38
816 2130 136 30 anvisat
974 2132 46 27 ett
1038 2129 350 36 reservationsanslag
1410 2138 43 21 av
1478 2129 140 36 500,000
1638 2129 140 30 kronor.

314 2181 169 31 Gällande
503 2182 178 30 allmänna
703 2181 124 30 villkor
848 2181 66 30 och
935 2180 261 31 bestämmelser
1217 2179 55 31 för
1291 2179 59 31 lån
1371 2178 81 32 från
1474 2182 128 28 statens
1624 2179 153 31 slakteri-

270 2231 167 32 lånefond
463 2233 60 30 äro
547 2232 205 30 meddelade
776 2232 11 29 i
813 2231 231 37 kungörelsen
1068 2231 68 30 den
1161 2231 43 30 26
1228 2230 76 37 juni
1330 2230 85 30 1933
1447 2230 54 38 (nr
1526 2229 91 40 386),
1644 2230 135 30 ändrad

270 2290 123 28 genom
421 2283 231 36 kungörelsen
678 2292 43 20 nr
747 2279 177 33 614/1937.
977 2281 113 37 Enligt
1118 2282 231 36 kungörelsen
1377 2281 71 30 kan
1477 2281 205 30 ekonomisk
1709 2280 68 31 för-

271 2333 110 36 ening,
403 2343 77 21 som
499 2334 63 30 har
581 2333 51 30 till
651 2332 164 31 ändamål
836 2336 49 27 att
905 2333 98 30 driva
1024 2332 261 31 andelsslakteri
1306 2332 65 30 och
1392 2341 79 21 vars
1492 2331 100 31 flesta
1614 2331 163 31 medlem-

270 2392 76 22 mar
367 2384 62 31 äro
450 2383 241 37 jordbrukare,
715 2384 109 30 under
847 2383 92 31 vissa
962 2383 124 30 villkor
1109 2381 132 32 erhålla
1264 2381 58 32 lån
1346 2382 56 31 för
1425 2382 224 37 anläggande,
1673 2382 105 29 inrät-
