<?xml version="1.0" encoding="UTF-8"?>
<alto xmlns="http://www.loc.gov/standards/alto/ns-v3#" xmlns:xlink="http://www.w3.org/1999/xlink" xmlns:xsi="http://www.w3.org/2001/XMLSchema-instance" xsi:schemaLocation="http://www.loc.gov/standards/alto/ns-v3# http://www.loc.gov/alto/v3/alto-3-0.xsd">
	<Description>
		<MeasurementUnit>pixel</MeasurementUnit>
		<sourceImageInformation>
			<fileName>/tmp/tess_9wi5n_1r_input.PNG</fileName>
		</sourceImageInformation>
		<OCRProcessing ID="OCR_0">
			<ocrProcessingStep>
				<processingSoftware>
					<softwareName>tesseract 5.3.0</softwareName>
				</processingSoftware>
			</ocrProcessingStep>
		</OCRProcessing>
	</Description>
	<Layout>
		<Page WIDTH="1882" HEIGHT="2844" PHYSICAL_IMG_NR="0" ID="page_0">
			<PrintSpace HPOS="0" VPOS="0" WIDTH="1882" HEIGHT="2844">
				<ComposedBlock ID="cblock_0" HPOS="286" VPOS="154" WIDTH="1311" HEIGHT="49">
					<TextBlock ID="block_0" HPOS="286" VPOS="154" WIDTH="1311" HEIGHT="49">
						<TextLine ID="line_0" HPOS="286" VPOS="154" WIDTH="1311" HEIGHT="49">
							<String ID="string_0" HPOS="286" VPOS="167" WIDTH="120" HEIGHT="33" WC="0.95" CONTENT="Andra"/><SP WIDTH="23" VPOS="167" HPOS="406"/>
							<String ID="string_1" HPOS="429" VPOS="166" WIDTH="205" HEIGHT="32" WC="0.95" CONTENT="kammarens"/><SP WIDTH="22" VPOS="166" HPOS="634"/>
							<String ID="string_2" HPOS="656" VPOS="163" WIDTH="110" HEIGHT="35" WC="0.95" CONTENT="andra"/><SP WIDTH="21" VPOS="163" HPOS="766"/>
							<String ID="string_3" HPOS="787" VPOS="161" WIDTH="166" HEIGHT="42" WC="0.96" CONTENT="tillfälliga"/><SP WIDTH="15" VPOS="161" HPOS="953"/>
							<String ID="string_4" HPOS="968" VPOS="161" WIDTH="137" HEIGHT="32" WC="0.96" CONTENT="utskotts"/><SP WIDTH="22" VPOS="161" HPOS="1105"/>
							<String ID="string_5" HPOS="1127" VPOS="159" WIDTH="163" HEIGHT="33" WC="0.96" CONTENT="utlåtande"/><SP WIDTH="17" VPOS="159" HPOS="1290"/>
							<String ID="string_6" HPOS="1307" VPOS="158" WIDTH="53" HEIGHT="32" WC="0.95" CONTENT="Nr"/><SP WIDTH="23" VPOS="158" HPOS="1360"/>
							<String ID="string_7" HPOS="1383" VPOS="160" WIDTH="29" HEIGHT="29" WC="0.92" CONTENT="5."/><SP WIDTH="165" VPOS="160" HPOS="1412"/>
							<String ID="string_8" HPOS="1577" VPOS="154" WIDTH="20" HEIGHT="32" WC="0.96" CONTENT="3"/>
						</TextLine>
					</TextBlock>
				</ComposedBlock>
				<ComposedBlock ID="cblock_1" HPOS="107" VPOS="243" WIDTH="1488" HEIGHT="162">
					<TextBlock ID="block_1" HPOS="107" VPOS="243" WIDTH="1488" HEIGHT="162">
						<TextLine ID="line_1" HPOS="108" VPOS="243" WIDTH="1487" HEIGHT="50">
							<String ID="string_9" HPOS="108" VPOS="256" WIDTH="201" HEIGHT="34" WC="0.96" CONTENT="förbundet"/><SP WIDTH="29" VPOS="256" HPOS="309"/>
							<String ID="string_10" HPOS="338" VPOS="255" WIDTH="60" HEIGHT="33" WC="0.97" CONTENT="för"/><SP WIDTH="28" VPOS="255" HPOS="398"/>
							<String ID="string_11" HPOS="426" VPOS="252" WIDTH="129" HEIGHT="35" WC="0.96" CONTENT="socialt"/><SP WIDTH="30" VPOS="252" HPOS="555"/>
							<String ID="string_12" HPOS="585" VPOS="252" WIDTH="125" HEIGHT="33" WC="0.96" CONTENT="arbete"/><SP WIDTH="27" VPOS="252" HPOS="710"/>
							<String ID="string_13" HPOS="737" VPOS="250" WIDTH="153" HEIGHT="43" WC="0.92" CONTENT="nyligen"/><SP WIDTH="27" VPOS="250" HPOS="890"/>
							<String ID="string_14" HPOS="917" VPOS="248" WIDTH="185" HEIGHT="43" WC="0.92" CONTENT="igångsatt"/><SP WIDTH="28" VPOS="248" HPOS="1102"/>
							<String ID="string_15" HPOS="1130" VPOS="257" WIDTH="45" HEIGHT="24" WC="0.97" CONTENT="en"/><SP WIDTH="30" VPOS="257" HPOS="1175"/>
							<String ID="string_16" HPOS="1205" VPOS="245" WIDTH="161" HEIGHT="35" WC="0.96" CONTENT="särskild"/><SP WIDTH="29" VPOS="245" HPOS="1366"/>
							<String ID="string_17" HPOS="1395" VPOS="243" WIDTH="200" HEIGHT="41" WC="0.96" CONTENT="utredning"/>
						</TextLine>
						<TextLine ID="line_2" HPOS="108" VPOS="298" WIDTH="1486" HEIGHT="51">
							<String ID="string_18" HPOS="108" VPOS="320" WIDTH="48" HEIGHT="23" WC="0.96" CONTENT="av"/><SP WIDTH="26" VPOS="320" HPOS="156"/>
							<String ID="string_19" HPOS="182" VPOS="319" WIDTH="143" HEIGHT="23" WC="0.96" CONTENT="samma"/><SP WIDTH="29" VPOS="319" HPOS="325"/>
							<String ID="string_20" HPOS="354" VPOS="307" WIDTH="117" HEIGHT="42" WC="0.96" CONTENT="fråga,"/><SP WIDTH="30" VPOS="307" HPOS="471"/>
							<String ID="string_21" HPOS="501" VPOS="316" WIDTH="111" HEIGHT="23" WC="0.95" CONTENT="anser"/><SP WIDTH="26" VPOS="316" HPOS="612"/>
							<String ID="string_22" HPOS="638" VPOS="304" WIDTH="53" HEIGHT="42" WC="0.96" CONTENT="sig"/><SP WIDTH="27" VPOS="304" HPOS="691"/>
							<String ID="string_23" HPOS="718" VPOS="304" WIDTH="178" HEIGHT="33" WC="0.96" CONTENT="utskottet"/><SP WIDTH="28" VPOS="304" HPOS="896"/>
							<String ID="string_24" HPOS="924" VPOS="302" WIDTH="119" HEIGHT="33" WC="0.96" CONTENT="sakna"/><SP WIDTH="29" VPOS="302" HPOS="1043"/>
							<String ID="string_25" HPOS="1072" VPOS="299" WIDTH="201" HEIGHT="42" WC="0.96" CONTENT="anledning"/><SP WIDTH="29" VPOS="299" HPOS="1273"/>
							<String ID="string_26" HPOS="1302" VPOS="298" WIDTH="152" HEIGHT="34" WC="0.93" CONTENT="förorda"/><SP WIDTH="28" VPOS="298" HPOS="1454"/>
							<String ID="string_27" HPOS="1482" VPOS="299" WIDTH="112" HEIGHT="40" WC="0.92" CONTENT="ytter-"/>
						</TextLine>
						<TextLine ID="line_3" HPOS="107" VPOS="347" WIDTH="1288" HEIGHT="58">
							<String ID="string_28" HPOS="107" VPOS="363" WIDTH="115" HEIGHT="42" WC="0.96" CONTENT="ligare"/><SP WIDTH="24" VPOS="363" HPOS="222"/>
							<String ID="string_29" HPOS="246" VPOS="361" WIDTH="175" HEIGHT="42" WC="0.96" CONTENT="åtgärder"/><SP WIDTH="22" VPOS="361" HPOS="421"/>
							<String ID="string_30" HPOS="443" VPOS="360" WIDTH="87" HEIGHT="33" WC="0.96" CONTENT="från"/><SP WIDTH="24" VPOS="360" HPOS="530"/>
							<String ID="string_31" HPOS="554" VPOS="358" WIDTH="220" HEIGHT="41" WC="0.96" CONTENT="riksdagens"/><SP WIDTH="24" VPOS="358" HPOS="774"/>
							<String ID="string_32" HPOS="798" VPOS="356" WIDTH="84" HEIGHT="33" WC="0.96" CONTENT="sida"/><SP WIDTH="21" VPOS="356" HPOS="882"/>
							<String ID="string_33" HPOS="903" VPOS="357" WIDTH="88" HEIGHT="32" WC="0.96" CONTENT="utan"/><SP WIDTH="24" VPOS="357" HPOS="991"/>
							<String ID="string_34" HPOS="1015" VPOS="353" WIDTH="216" HEIGHT="34" WC="0.96" CONTENT="hemställer"/><SP WIDTH="24" VPOS="353" HPOS="1231"/>
							<String ID="string_35" HPOS="1255" VPOS="347" WIDTH="140" HEIGHT="51" WC="0.96" CONTENT="därför,"/>
						</TextLine>
					</TextBlock>
				</ComposedBlock>
				<ComposedBlock ID="cblock_2" HPOS="425" VPOS="438" WIDTH="1169" HEIGHT="207">
					<TextBlock ID="block_2" HPOS="425" VPOS="438" WIDTH="1169" HEIGHT="106">
						<TextLine ID="line_4" HPOS="469" VPOS="438" WIDTH="1125" HEIGHT="52">
							<String ID="string_36" HPOS="469" VPOS="448" WIDTH="37" HEIGHT="42" WC="0.96" CONTENT="1)"/><SP WIDTH="41" VPOS="448" HPOS="506"/>
							<String ID="string_37" HPOS="547" VPOS="450" WIDTH="53" HEIGHT="31" WC="0.96" CONTENT="att"/><SP WIDTH="26" VPOS="450" HPOS="600"/>
							<String ID="string_38" HPOS="626" VPOS="445" WIDTH="291" HEIGHT="43" WC="0.96" CONTENT="ifrågavarande"/><SP WIDTH="24" VPOS="445" HPOS="917"/>
							<String ID="string_39" HPOS="941" VPOS="443" WIDTH="153" HEIGHT="39" WC="0.96" CONTENT="motion,"/><SP WIDTH="25" VPOS="443" HPOS="1094"/>
							<String ID="string_40" HPOS="1119" VPOS="453" WIDTH="45" HEIGHT="23" WC="0.96" CONTENT="nr"/><SP WIDTH="23" VPOS="453" HPOS="1164"/>
							<String ID="string_41" HPOS="1187" VPOS="441" WIDTH="76" HEIGHT="39" WC="0.96" CONTENT="346,"/><SP WIDTH="26" VPOS="441" HPOS="1263"/>
							<String ID="string_42" HPOS="1289" VPOS="440" WIDTH="83" HEIGHT="34" WC="0.96" CONTENT="icke"/><SP WIDTH="25" VPOS="440" HPOS="1372"/>
							<String ID="string_43" HPOS="1397" VPOS="439" WIDTH="115" HEIGHT="34" WC="0.95" CONTENT="måtte"/><SP WIDTH="27" VPOS="439" HPOS="1512"/>
							<String ID="string_44" HPOS="1539" VPOS="438" WIDTH="55" HEIGHT="34" WC="0.96" CONTENT="till"/>
						</TextLine>
						<TextLine ID="line_5" HPOS="425" VPOS="490" WIDTH="922" HEIGHT="54">
							<String ID="string_45" HPOS="425" VPOS="502" WIDTH="123" HEIGHT="42" WC="0.96" CONTENT="någon"/><SP WIDTH="25" VPOS="502" HPOS="548"/>
							<String ID="string_46" HPOS="573" VPOS="500" WIDTH="119" HEIGHT="34" WC="0.96" CONTENT="andra"/><SP WIDTH="25" VPOS="500" HPOS="692"/>
							<String ID="string_47" HPOS="717" VPOS="500" WIDTH="241" HEIGHT="33" WC="0.96" CONTENT="kammarens"/><SP WIDTH="24" VPOS="500" HPOS="958"/>
							<String ID="string_48" HPOS="982" VPOS="496" WIDTH="132" HEIGHT="42" WC="0.96" CONTENT="åtgärd"/><SP WIDTH="26" VPOS="496" HPOS="1114"/>
							<String ID="string_49" HPOS="1140" VPOS="490" WIDTH="207" HEIGHT="48" WC="0.96" CONTENT="föranleda,"/>
						</TextLine>
					</TextBlock>
					<TextBlock ID="block_3" HPOS="427" VPOS="546" WIDTH="1167" HEIGHT="99">
						<TextLine ID="line_6" HPOS="472" VPOS="546" WIDTH="1122" HEIGHT="51">
							<String ID="string_50" HPOS="472" VPOS="555" WIDTH="37" HEIGHT="42" WC="0.96" CONTENT="2)"/><SP WIDTH="43" VPOS="555" HPOS="509"/>
							<String ID="string_51" HPOS="552" VPOS="557" WIDTH="52" HEIGHT="30" WC="0.96" CONTENT="att"/><SP WIDTH="32" VPOS="557" HPOS="604"/>
							<String ID="string_52" HPOS="636" VPOS="553" WIDTH="116" HEIGHT="34" WC="0.96" CONTENT="andra"/><SP WIDTH="32" VPOS="553" HPOS="752"/>
							<String ID="string_53" HPOS="784" VPOS="553" WIDTH="223" HEIGHT="32" WC="0.96" CONTENT="kammaren"/><SP WIDTH="31" VPOS="553" HPOS="1007"/>
							<String ID="string_54" HPOS="1038" VPOS="550" WIDTH="83" HEIGHT="33" WC="0.96" CONTENT="icke"/><SP WIDTH="30" VPOS="550" HPOS="1121"/>
							<String ID="string_55" HPOS="1151" VPOS="549" WIDTH="114" HEIGHT="33" WC="0.95" CONTENT="måtte"/><SP WIDTH="32" VPOS="549" HPOS="1265"/>
							<String ID="string_56" HPOS="1297" VPOS="546" WIDTH="146" HEIGHT="34" WC="0.96" CONTENT="biträda"/><SP WIDTH="34" VPOS="546" HPOS="1443"/>
							<String ID="string_57" HPOS="1477" VPOS="546" WIDTH="117" HEIGHT="33" WC="0.96" CONTENT="första"/>
						</TextLine>
						<TextLine ID="line_7" HPOS="427" VPOS="599" WIDTH="1075" HEIGHT="46">
							<String ID="string_58" HPOS="427" VPOS="609" WIDTH="241" HEIGHT="33" WC="0.96" CONTENT="kammarens"/><SP WIDTH="25" VPOS="609" HPOS="668"/>
							<String ID="string_59" HPOS="693" VPOS="606" WIDTH="121" HEIGHT="34" WC="0.95" CONTENT="beslut"/><SP WIDTH="25" VPOS="606" HPOS="814"/>
							<String ID="string_60" HPOS="839" VPOS="605" WIDTH="13" HEIGHT="33" WC="0.96" CONTENT="i"/><SP WIDTH="27" VPOS="605" HPOS="852"/>
							<String ID="string_61" HPOS="879" VPOS="603" WIDTH="201" HEIGHT="42" WC="0.96" CONTENT="anledning"/><SP WIDTH="27" VPOS="603" HPOS="1080"/>
							<String ID="string_62" HPOS="1107" VPOS="613" WIDTH="46" HEIGHT="23" WC="0.96" CONTENT="av"/><SP WIDTH="23" VPOS="613" HPOS="1153"/>
							<String ID="string_63" HPOS="1176" VPOS="601" WIDTH="191" HEIGHT="34" WC="0.93" CONTENT="motionen"/><SP WIDTH="25" VPOS="601" HPOS="1367"/>
							<String ID="string_64" HPOS="1392" VPOS="599" WIDTH="110" HEIGHT="34" WC="0.0" CONTENT="I1:227."/>
						</TextLine>
					</TextBlock>
				</ComposedBlock>
				<ComposedBlock ID="cblock_3" HPOS="153" VPOS="695" WIDTH="922" HEIGHT="111">
					<TextBlock ID="block_4" HPOS="153" VPOS="695" WIDTH="922" HEIGHT="111">
						<TextLine ID="line_8" HPOS="153" VPOS="695" WIDTH="618" HEIGHT="44">
							<String ID="string_65" HPOS="153" VPOS="698" WIDTH="215" HEIGHT="35" WC="0.96" CONTENT="Stockholm"/><SP WIDTH="24" VPOS="698" HPOS="368"/>
							<String ID="string_66" HPOS="392" VPOS="699" WIDTH="71" HEIGHT="32" WC="0.96" CONTENT="den"/><SP WIDTH="22" VPOS="699" HPOS="463"/>
							<String ID="string_67" HPOS="485" VPOS="697" WIDTH="44" HEIGHT="33" WC="0.96" CONTENT="14"/><SP WIDTH="24" VPOS="697" HPOS="529"/>
							<String ID="string_68" HPOS="553" VPOS="696" WIDTH="97" HEIGHT="43" WC="0.95" CONTENT="april"/><SP WIDTH="24" VPOS="696" HPOS="650"/>
							<String ID="string_69" HPOS="674" VPOS="695" WIDTH="97" HEIGHT="34" WC="0.95" CONTENT="1939."/>
						</TextLine>
						<TextLine ID="line_9" HPOS="622" VPOS="765" WIDTH="453" HEIGHT="41">
							<String ID="string_70" HPOS="622" VPOS="767" WIDTH="51" HEIGHT="33" WC="0.96" CONTENT="På"/><SP WIDTH="24" VPOS="767" HPOS="673"/>
							<String ID="string_71" HPOS="697" VPOS="766" WIDTH="196" HEIGHT="34" WC="0.96" CONTENT="utskottets"/><SP WIDTH="25" VPOS="766" HPOS="893"/>
							<String ID="string_72" HPOS="918" VPOS="765" WIDTH="157" HEIGHT="41" WC="0.96" CONTENT="vägnar:"/>
						</TextLine>
					</TextBlock>
				</ComposedBlock>
				<ComposedBlock ID="cblock_4" HPOS="642" VPOS="844" WIDTH="414" HEIGHT="37">
					<TextBlock ID="block_5" HPOS="642" VPOS="844" WIDTH="414" HEIGHT="37">
						<TextLine ID="line_10" HPOS="642" VPOS="844" WIDTH="414" HEIGHT="37">
							<String ID="string_73" HPOS="642" VPOS="847" WIDTH="184" HEIGHT="34" WC="0.96" CONTENT="GUSTAF"/><SP WIDTH="19" VPOS="847" HPOS="826"/>
							<String ID="string_74" HPOS="845" VPOS="844" WIDTH="211" HEIGHT="34" WC="0.95" CONTENT="NILSSON."/>
						</TextLine>
					</TextBlock>
				</ComposedBlock>
				<ComposedBlock ID="cblock_5" HPOS="109" VPOS="1023" WIDTH="1493" HEIGHT="86">
					<TextBlock ID="block_6" HPOS="109" VPOS="1023" WIDTH="1493" HEIGHT="86">
						<TextLine ID="line_11" HPOS="161" VPOS="1023" WIDTH="1441" HEIGHT="36">
							<String ID="string_75" HPOS="161" VPOS="1031" WIDTH="197" HEIGHT="27" WC="0.96" CONTENT="Närvarande:"/><SP WIDTH="30" VPOS="1031" HPOS="358"/>
							<String ID="string_76" HPOS="388" VPOS="1031" WIDTH="101" HEIGHT="25" WC="0.96" CONTENT="herrar"/><SP WIDTH="27" VPOS="1031" HPOS="489"/>
							<String ID="string_77" HPOS="516" VPOS="1030" WIDTH="117" HEIGHT="26" WC="0.95" CONTENT="Nilsson"/><SP WIDTH="27" VPOS="1030" HPOS="633"/>
							<String ID="string_78" HPOS="660" VPOS="1029" WIDTH="9" HEIGHT="25" WC="0.96" CONTENT="i"/><SP WIDTH="27" VPOS="1029" HPOS="669"/>
							<String ID="string_79" HPOS="696" VPOS="1028" WIDTH="229" HEIGHT="31" WC="0.95" CONTENT="Kristinehamn,"/><SP WIDTH="28" VPOS="1028" HPOS="925"/>
							<String ID="string_80" HPOS="953" VPOS="1028" WIDTH="124" HEIGHT="25" WC="0.96" CONTENT="Persson"/><SP WIDTH="19" VPOS="1028" HPOS="1077"/>
							<String ID="string_81" HPOS="1096" VPOS="1026" WIDTH="9" HEIGHT="26" WC="0.96" CONTENT="i"/><SP WIDTH="19" VPOS="1026" HPOS="1105"/>
							<String ID="string_82" HPOS="1124" VPOS="1025" WIDTH="120" HEIGHT="33" WC="0.92" CONTENT="Norrby,"/><SP WIDTH="28" VPOS="1025" HPOS="1244"/>
							<String ID="string_83" HPOS="1272" VPOS="1024" WIDTH="212" HEIGHT="31" WC="0.91" CONTENT="Silfwerbrand,"/><SP WIDTH="20" VPOS="1024" HPOS="1484"/>
							<String ID="string_84" HPOS="1504" VPOS="1023" WIDTH="98" HEIGHT="26" WC="0.91" CONTENT="Söder-"/>
						</TextLine>
						<TextLine ID="line_12" HPOS="109" VPOS="1068" WIDTH="1493" HEIGHT="41">
							<String ID="string_85" HPOS="109" VPOS="1077" WIDTH="76" HEIGHT="32" WC="0.96" CONTENT="dahl,"/><SP WIDTH="14" VPOS="1077" HPOS="185"/>
							<String ID="string_86" HPOS="199" VPOS="1076" WIDTH="161" HEIGHT="32" WC="0.93" CONTENT="Lindholm,"/><SP WIDTH="13" VPOS="1076" HPOS="360"/>
							<String ID="string_87" HPOS="373" VPOS="1075" WIDTH="113" HEIGHT="34" WC="0.92" CONTENT="Kyling,"/><SP WIDTH="15" VPOS="1075" HPOS="486"/>
							<String ID="string_88" HPOS="501" VPOS="1075" WIDTH="46" HEIGHT="26" WC="0.96" CONTENT="fru"/><SP WIDTH="15" VPOS="1075" HPOS="547"/>
							<String ID="string_89" HPOS="562" VPOS="1074" WIDTH="101" HEIGHT="32" WC="0.96" CONTENT="Alvén,"/><SP WIDTH="13" VPOS="1074" HPOS="663"/>
							<String ID="string_90" HPOS="676" VPOS="1074" WIDTH="101" HEIGHT="26" WC="0.96" CONTENT="herrar"/><SP WIDTH="13" VPOS="1074" HPOS="777"/>
							<String ID="string_91" HPOS="790" VPOS="1073" WIDTH="101" HEIGHT="26" WC="0.96" CONTENT="Nilson"/><SP WIDTH="13" VPOS="1073" HPOS="891"/>
							<String ID="string_92" HPOS="904" VPOS="1072" WIDTH="9" HEIGHT="26" WC="0.96" CONTENT="i"/><SP WIDTH="13" VPOS="1072" HPOS="913"/>
							<String ID="string_93" HPOS="926" VPOS="1072" WIDTH="177" HEIGHT="31" WC="0.95" CONTENT="Eskilstuna,"/><SP WIDTH="13" VPOS="1072" HPOS="1103"/>
							<String ID="string_94" HPOS="1116" VPOS="1071" WIDTH="148" HEIGHT="26" WC="0.96" CONTENT="Näsström"/><SP WIDTH="12" VPOS="1071" HPOS="1264"/>
							<String ID="string_95" HPOS="1276" VPOS="1070" WIDTH="55" HEIGHT="26" WC="0.96" CONTENT="och"/><SP WIDTH="13" VPOS="1070" HPOS="1331"/>
							<String ID="string_96" HPOS="1344" VPOS="1070" WIDTH="135" HEIGHT="25" WC="0.96" CONTENT="Hansson"/><SP WIDTH="10" VPOS="1070" HPOS="1479"/>
							<String ID="string_97" HPOS="1489" VPOS="1068" WIDTH="8" HEIGHT="25" WC="0.96" CONTENT="i"/><SP WIDTH="12" VPOS="1068" HPOS="1497"/>
							<String ID="string_98" HPOS="1509" VPOS="1068" WIDTH="93" HEIGHT="26" WC="0.95" CONTENT="Hönö."/>
						</TextLine>
					</TextBlock>
				</ComposedBlock>
				<ComposedBlock ID="cblock_6" HPOS="723" VPOS="1324" WIDTH="276" HEIGHT="35">
					<TextBlock ID="block_7" HPOS="723" VPOS="1324" WIDTH="276" HEIGHT="35">
						<TextLine ID="line_13" HPOS="723" VPOS="1324" WIDTH="276" HEIGHT="35">
							<String ID="string_99" HPOS="723" VPOS="1324" WIDTH="276" HEIGHT="35" WC="0.96" CONTENT="Reservationer:"/>
						</TextLine>
					</TextBlock>
				</ComposedBlock>
				<ComposedBlock ID="cblock_7" HPOS="114" VPOS="1418" WIDTH="1489" HEIGHT="1102">
					<TextBlock ID="block_8" HPOS="114" VPOS="1418" WIDTH="1487" HEIGHT="102">
						<TextLine ID="line_14" HPOS="114" VPOS="1418" WIDTH="1487" HEIGHT="46">
							<String ID="string_100" HPOS="114" VPOS="1425" WIDTH="78" HEIGHT="33" WC="0.96" CONTENT="dels"/><SP WIDTH="23" VPOS="1425" HPOS="192"/>
							<String ID="string_101" HPOS="215" VPOS="1436" WIDTH="46" HEIGHT="22" WC="0.96" CONTENT="av"/><SP WIDTH="20" VPOS="1436" HPOS="261"/>
							<String ID="string_102" HPOS="281" VPOS="1425" WIDTH="133" HEIGHT="32" WC="0.93" CONTENT="herrar"/><SP WIDTH="21" VPOS="1425" HPOS="414"/>
							<String ID="string_103" HPOS="435" VPOS="1422" WIDTH="135" HEIGHT="42" WC="0.92" CONTENT="Kyling"/><SP WIDTH="22" VPOS="1422" HPOS="570"/>
							<String ID="string_104" HPOS="592" VPOS="1421" WIDTH="68" HEIGHT="33" WC="0.96" CONTENT="och"/><SP WIDTH="22" VPOS="1421" HPOS="660"/>
							<String ID="string_105" HPOS="682" VPOS="1421" WIDTH="172" HEIGHT="33" WC="0.96" CONTENT="Hansson"/><SP WIDTH="24" VPOS="1421" HPOS="854"/>
							<String ID="string_106" HPOS="878" VPOS="1420" WIDTH="13" HEIGHT="32" WC="0.96" CONTENT="i"/><SP WIDTH="21" VPOS="1420" HPOS="891"/>
							<String ID="string_107" HPOS="912" VPOS="1420" WIDTH="116" HEIGHT="38" WC="0.96" CONTENT="Hönö,"/><SP WIDTH="25" VPOS="1420" HPOS="1028"/>
							<String ID="string_108" HPOS="1053" VPOS="1419" WIDTH="101" HEIGHT="33" WC="0.96" CONTENT="vilka"/><SP WIDTH="23" VPOS="1419" HPOS="1154"/>
							<String ID="string_109" HPOS="1177" VPOS="1421" WIDTH="129" HEIGHT="36" WC="0.96" CONTENT="ansett,"/><SP WIDTH="26" VPOS="1421" HPOS="1306"/>
							<String ID="string_110" HPOS="1332" VPOS="1420" WIDTH="52" HEIGHT="31" WC="0.96" CONTENT="att"/><SP WIDTH="22" VPOS="1420" HPOS="1384"/>
							<String ID="string_111" HPOS="1406" VPOS="1418" WIDTH="195" HEIGHT="33" WC="0.96" CONTENT="utskottets"/>
						</TextLine>
						<TextLine ID="line_15" HPOS="115" VPOS="1472" WIDTH="1196" HEIGHT="48">
							<String ID="string_112" HPOS="115" VPOS="1478" WIDTH="232" HEIGHT="42" WC="0.96" CONTENT="redogörelse"/><SP WIDTH="24" VPOS="1478" HPOS="347"/>
							<String ID="string_113" HPOS="371" VPOS="1476" WIDTH="68" HEIGHT="33" WC="0.96" CONTENT="och"/><SP WIDTH="24" VPOS="1476" HPOS="439"/>
							<String ID="string_114" HPOS="463" VPOS="1474" WIDTH="193" HEIGHT="34" WC="0.96" CONTENT="utlåtande"/><SP WIDTH="21" VPOS="1474" HPOS="656"/>
							<String ID="string_115" HPOS="677" VPOS="1474" WIDTH="82" HEIGHT="32" WC="0.96" CONTENT="bort"/><SP WIDTH="23" VPOS="1474" HPOS="759"/>
							<String ID="string_116" HPOS="782" VPOS="1474" WIDTH="49" HEIGHT="32" WC="0.96" CONTENT="ha"/><SP WIDTH="24" VPOS="1474" HPOS="831"/>
							<String ID="string_117" HPOS="855" VPOS="1473" WIDTH="82" HEIGHT="32" WC="0.96" CONTENT="haft"/><SP WIDTH="23" VPOS="1473" HPOS="937"/>
							<String ID="string_118" HPOS="960" VPOS="1472" WIDTH="172" HEIGHT="41" WC="0.96" CONTENT="följande"/><SP WIDTH="24" VPOS="1472" HPOS="1132"/>
							<String ID="string_119" HPOS="1156" VPOS="1472" WIDTH="155" HEIGHT="42" WC="0.95" CONTENT="lydelse:"/>
						</TextLine>
					</TextBlock>
					<TextBlock ID="block_9" HPOS="114" VPOS="1523" WIDTH="1489" HEIGHT="313">
						<TextLine ID="line_16" HPOS="161" VPOS="1523" WIDTH="1440" HEIGHT="44">
							<String ID="string_120" HPOS="161" VPOS="1531" WIDTH="94" HEIGHT="33" WC="0.96" CONTENT="Över"/><SP WIDTH="33" VPOS="1531" HPOS="255"/>
							<String ID="string_121" HPOS="288" VPOS="1541" WIDTH="47" HEIGHT="22" WC="0.96" CONTENT="en"/><SP WIDTH="34" VPOS="1541" HPOS="335"/>
							<String ID="string_122" HPOS="369" VPOS="1530" WIDTH="13" HEIGHT="32" WC="0.96" CONTENT="i"/><SP WIDTH="33" VPOS="1530" HPOS="382"/>
							<String ID="string_123" HPOS="415" VPOS="1529" WIDTH="116" HEIGHT="33" WC="0.96" CONTENT="första"/><SP WIDTH="34" VPOS="1529" HPOS="531"/>
							<String ID="string_124" HPOS="565" VPOS="1528" WIDTH="221" HEIGHT="32" WC="0.96" CONTENT="kammaren"/><SP WIDTH="35" VPOS="1528" HPOS="786"/>
							<String ID="string_125" HPOS="821" VPOS="1526" WIDTH="110" HEIGHT="32" WC="0.96" CONTENT="väckt"/><SP WIDTH="32" VPOS="1526" HPOS="931"/>
							<String ID="string_126" HPOS="963" VPOS="1525" WIDTH="241" HEIGHT="42" WC="0.96" CONTENT="likalydande"/><SP WIDTH="34" VPOS="1525" HPOS="1204"/>
							<String ID="string_127" HPOS="1238" VPOS="1524" WIDTH="142" HEIGHT="33" WC="0.96" CONTENT="motion"/><SP WIDTH="33" VPOS="1524" HPOS="1380"/>
							<String ID="string_128" HPOS="1413" VPOS="1524" WIDTH="71" HEIGHT="32" WC="0.96" CONTENT="har"/><SP WIDTH="34" VPOS="1524" HPOS="1484"/>
							<String ID="string_129" HPOS="1518" VPOS="1523" WIDTH="83" HEIGHT="33" WC="0.96" CONTENT="dess"/>
						</TextLine>
						<TextLine ID="line_17" HPOS="116" VPOS="1576" WIDTH="1484" HEIGHT="47">
							<String ID="string_130" HPOS="116" VPOS="1585" WIDTH="114" HEIGHT="32" WC="0.95" CONTENT="första"/><SP WIDTH="31" VPOS="1585" HPOS="230"/>
							<String ID="string_131" HPOS="261" VPOS="1582" WIDTH="189" HEIGHT="41" WC="0.95" CONTENT="tillfälliga"/><SP WIDTH="30" VPOS="1582" HPOS="450"/>
							<String ID="string_132" HPOS="480" VPOS="1581" WIDTH="141" HEIGHT="33" WC="0.93" CONTENT="utskott"/><SP WIDTH="30" VPOS="1581" HPOS="621"/>
							<String ID="string_133" HPOS="651" VPOS="1579" WIDTH="186" HEIGHT="33" WC="0.91" CONTENT="infordrat"/><SP WIDTH="30" VPOS="1579" HPOS="837"/>
							<String ID="string_134" HPOS="867" VPOS="1578" WIDTH="199" HEIGHT="43" WC="0.96" CONTENT="yttranden"/><SP WIDTH="32" VPOS="1578" HPOS="1066"/>
							<String ID="string_135" HPOS="1098" VPOS="1578" WIDTH="85" HEIGHT="33" WC="0.93" CONTENT="från"/><SP WIDTH="32" VPOS="1578" HPOS="1183"/>
							<String ID="string_136" HPOS="1215" VPOS="1576" WIDTH="385" HEIGHT="43" WC="0.91" CONTENT="fångvårdsstyrelsen"/>
						</TextLine>
						<TextLine ID="line_18" HPOS="115" VPOS="1629" WIDTH="1488" HEIGHT="48">
							<String ID="string_137" HPOS="115" VPOS="1637" WIDTH="68" HEIGHT="33" WC="0.96" CONTENT="och"/><SP WIDTH="22" VPOS="1637" HPOS="183"/>
							<String ID="string_138" HPOS="205" VPOS="1635" WIDTH="294" HEIGHT="42" WC="0.96" CONTENT="socialstyrelsen"/><SP WIDTH="22" VPOS="1635" HPOS="499"/>
							<String ID="string_139" HPOS="521" VPOS="1635" WIDTH="187" HEIGHT="36" WC="0.96" CONTENT="ävensom,"/><SP WIDTH="22" VPOS="1635" HPOS="708"/>
							<String ID="string_140" HPOS="730" VPOS="1632" WIDTH="97" HEIGHT="33" WC="0.96" CONTENT="efter"/><SP WIDTH="20" VPOS="1632" HPOS="827"/>
							<String ID="string_141" HPOS="847" VPOS="1635" WIDTH="52" HEIGHT="30" WC="0.96" CONTENT="att"/><SP WIDTH="20" VPOS="1635" HPOS="899"/>
							<String ID="string_142" HPOS="919" VPOS="1632" WIDTH="98" HEIGHT="32" WC="0.96" CONTENT="hava"/><SP WIDTH="21" VPOS="1632" HPOS="1017"/>
							<String ID="string_143" HPOS="1038" VPOS="1631" WIDTH="118" HEIGHT="33" WC="0.93" CONTENT="berett"/><SP WIDTH="20" VPOS="1631" HPOS="1156"/>
							<String ID="string_144" HPOS="1176" VPOS="1630" WIDTH="344" HEIGHT="34" WC="0.91" CONTENT="centralförbundet"/><SP WIDTH="23" VPOS="1630" HPOS="1520"/>
							<String ID="string_145" HPOS="1543" VPOS="1629" WIDTH="60" HEIGHT="33" WC="0.96" CONTENT="för"/>
						</TextLine>
						<TextLine ID="line_19" HPOS="115" VPOS="1683" WIDTH="1486" HEIGHT="43">
							<String ID="string_146" HPOS="115" VPOS="1690" WIDTH="127" HEIGHT="33" WC="0.96" CONTENT="socialt"/><SP WIDTH="26" VPOS="1690" HPOS="242"/>
							<String ID="string_147" HPOS="268" VPOS="1689" WIDTH="126" HEIGHT="33" WC="0.96" CONTENT="arbete"/><SP WIDTH="25" VPOS="1689" HPOS="394"/>
							<String ID="string_148" HPOS="419" VPOS="1687" WIDTH="148" HEIGHT="33" WC="0.96" CONTENT="tillfälle"/><SP WIDTH="28" VPOS="1687" HPOS="567"/>
							<String ID="string_149" HPOS="595" VPOS="1689" WIDTH="52" HEIGHT="31" WC="0.96" CONTENT="att"/><SP WIDTH="26" VPOS="1689" HPOS="647"/>
							<String ID="string_150" HPOS="673" VPOS="1686" WIDTH="54" HEIGHT="33" WC="0.95" CONTENT="till"/><SP WIDTH="26" VPOS="1686" HPOS="727"/>
							<String ID="string_151" HPOS="753" VPOS="1686" WIDTH="177" HEIGHT="33" WC="0.95" CONTENT="utskottet"/><SP WIDTH="25" VPOS="1686" HPOS="930"/>
							<String ID="string_152" HPOS="955" VPOS="1685" WIDTH="193" HEIGHT="32" WC="0.95" CONTENT="inkomma"/><SP WIDTH="25" VPOS="1685" HPOS="1148"/>
							<String ID="string_153" HPOS="1173" VPOS="1684" WIDTH="87" HEIGHT="33" WC="0.96" CONTENT="med"/><SP WIDTH="26" VPOS="1684" HPOS="1260"/>
							<String ID="string_154" HPOS="1286" VPOS="1683" WIDTH="198" HEIGHT="43" WC="0.95" CONTENT="yttranden"/><SP WIDTH="28" VPOS="1683" HPOS="1484"/>
							<String ID="string_155" HPOS="1512" VPOS="1684" WIDTH="89" HEIGHT="31" WC="0.96" CONTENT="över"/>
						</TextLine>
						<TextLine ID="line_20" HPOS="114" VPOS="1737" WIDTH="1488" HEIGHT="44">
							<String ID="string_156" HPOS="114" VPOS="1743" WIDTH="200" HEIGHT="38" WC="0.96" CONTENT="motionen,"/><SP WIDTH="22" VPOS="1743" HPOS="314"/>
							<String ID="string_157" HPOS="336" VPOS="1741" WIDTH="86" HEIGHT="33" WC="0.96" CONTENT="från"/><SP WIDTH="21" VPOS="1741" HPOS="422"/>
							<String ID="string_158" HPOS="443" VPOS="1740" WIDTH="167" HEIGHT="33" WC="0.96" CONTENT="nämnda"/><SP WIDTH="23" VPOS="1740" HPOS="610"/>
							<String ID="string_159" HPOS="633" VPOS="1738" WIDTH="335" HEIGHT="42" WC="0.96" CONTENT="sammanslutning"/><SP WIDTH="22" VPOS="1738" HPOS="968"/>
							<String ID="string_160" HPOS="990" VPOS="1738" WIDTH="71" HEIGHT="33" WC="0.96" CONTENT="fått"/><SP WIDTH="21" VPOS="1738" HPOS="1061"/>
							<String ID="string_161" HPOS="1082" VPOS="1740" WIDTH="162" HEIGHT="39" WC="0.96" CONTENT="mottaga"/><SP WIDTH="21" VPOS="1740" HPOS="1244"/>
							<String ID="string_162" HPOS="1265" VPOS="1737" WIDTH="173" HEIGHT="42" WC="0.95" CONTENT="yttrande"/><SP WIDTH="22" VPOS="1737" HPOS="1438"/>
							<String ID="string_163" HPOS="1460" VPOS="1738" WIDTH="12" HEIGHT="31" WC="0.93" CONTENT="i"/><SP WIDTH="25" VPOS="1738" HPOS="1472"/>
							<String ID="string_164" HPOS="1497" VPOS="1737" WIDTH="105" HEIGHT="32" WC="0.90" CONTENT="ären-"/>
						</TextLine>
						<TextLine ID="line_21" HPOS="116" VPOS="1791" WIDTH="1068" HEIGHT="45">
							<String ID="string_165" HPOS="116" VPOS="1797" WIDTH="70" HEIGHT="32" WC="0.96" CONTENT="det."/><SP WIDTH="21" VPOS="1797" HPOS="186"/>
							<String ID="string_166" HPOS="207" VPOS="1795" WIDTH="180" HEIGHT="41" WC="0.96" CONTENT="Samtliga"/><SP WIDTH="21" VPOS="1795" HPOS="387"/>
							<String ID="string_167" HPOS="408" VPOS="1794" WIDTH="199" HEIGHT="42" WC="0.96" CONTENT="yttranden"/><SP WIDTH="21" VPOS="1794" HPOS="607"/>
							<String ID="string_168" HPOS="628" VPOS="1793" WIDTH="44" HEIGHT="41" WC="0.96" CONTENT="gå"/><SP WIDTH="22" VPOS="1793" HPOS="672"/>
							<String ID="string_169" HPOS="694" VPOS="1793" WIDTH="13" HEIGHT="32" WC="0.93" CONTENT="i"/><SP WIDTH="21" VPOS="1793" HPOS="707"/>
							<String ID="string_170" HPOS="728" VPOS="1791" WIDTH="260" HEIGHT="43" WC="0.91" CONTENT="tillstyrkande"/><SP WIDTH="22" VPOS="1791" HPOS="988"/>
							<String ID="string_171" HPOS="1010" VPOS="1791" WIDTH="174" HEIGHT="41" WC="0.96" CONTENT="riktning."/>
						</TextLine>
					</TextBlock>
					<TextBlock ID="block_10" HPOS="115" VPOS="1842" WIDTH="1487" HEIGHT="365">
						<TextLine ID="line_22" HPOS="160" VPOS="1842" WIDTH="1441" HEIGHT="46">
							<String ID="string_172" HPOS="160" VPOS="1849" WIDTH="54" HEIGHT="32" WC="0.96" CONTENT="Av"/><SP WIDTH="26" VPOS="1849" HPOS="214"/>
							<String ID="string_173" HPOS="240" VPOS="1849" WIDTH="71" HEIGHT="32" WC="0.96" CONTENT="den"/><SP WIDTH="25" VPOS="1849" HPOS="311"/>
							<String ID="string_174" HPOS="336" VPOS="1850" WIDTH="88" HEIGHT="30" WC="0.93" CONTENT="utav"/><SP WIDTH="24" VPOS="1850" HPOS="424"/>
							<String ID="string_175" HPOS="448" VPOS="1845" WIDTH="385" HEIGHT="43" WC="0.90" CONTENT="fångvårdsstyrelsen"/><SP WIDTH="26" VPOS="1845" HPOS="833"/>
							<String ID="string_176" HPOS="859" VPOS="1844" WIDTH="239" HEIGHT="38" WC="0.96" CONTENT="verkställda,"/><SP WIDTH="33" VPOS="1844" HPOS="1098"/>
							<String ID="string_177" HPOS="1131" VPOS="1844" WIDTH="5" HEIGHT="32" WC="0.96" CONTENT="i"/><SP WIDTH="23" VPOS="1844" HPOS="1136"/>
							<String ID="string_178" HPOS="1159" VPOS="1844" WIDTH="190" HEIGHT="32" WC="0.96" CONTENT="motionen"/><SP WIDTH="25" VPOS="1844" HPOS="1349"/>
							<String ID="string_179" HPOS="1374" VPOS="1842" WIDTH="227" HEIGHT="33" WC="0.96" CONTENT="omnämnda"/>
						</TextLine>
						<TextLine ID="line_23" HPOS="115" VPOS="1895" WIDTH="1486" HEIGHT="47">
							<String ID="string_180" HPOS="115" VPOS="1902" WIDTH="246" HEIGHT="40" WC="0.95" CONTENT="utredningen"/><SP WIDTH="43" VPOS="1902" HPOS="361"/>
							<String ID="string_181" HPOS="404" VPOS="1899" WIDTH="178" HEIGHT="42" WC="0.95" CONTENT="framgår,"/><SP WIDTH="43" VPOS="1899" HPOS="582"/>
							<String ID="string_182" HPOS="625" VPOS="1901" WIDTH="52" HEIGHT="30" WC="0.96" CONTENT="att"/><SP WIDTH="43" VPOS="1901" HPOS="677"/>
							<String ID="string_183" HPOS="720" VPOS="1898" WIDTH="72" HEIGHT="32" WC="0.96" CONTENT="den"/><SP WIDTH="44" VPOS="1898" HPOS="792"/>
							<String ID="string_184" HPOS="836" VPOS="1897" WIDTH="262" HEIGHT="33" WC="0.93" CONTENT="konstaterade"/><SP WIDTH="43" VPOS="1897" HPOS="1098"/>
							<String ID="string_185" HPOS="1141" VPOS="1896" WIDTH="206" HEIGHT="41" WC="0.87" CONTENT="strafflags-"/><SP WIDTH="43" VPOS="1896" HPOS="1347"/>
							<String ID="string_186" HPOS="1390" VPOS="1895" WIDTH="211" HEIGHT="41" WC="0.95" CONTENT="respektive"/>
						</TextLine>
						<TextLine ID="line_24" HPOS="117" VPOS="1948" WIDTH="1484" HEIGHT="47">
							<String ID="string_187" HPOS="117" VPOS="1952" WIDTH="547" HEIGHT="43" WC="0.91" CONTENT="straffregisterbrottsligheten"/><SP WIDTH="38" VPOS="1952" HPOS="664"/>
							<String ID="string_188" HPOS="702" VPOS="1951" WIDTH="12" HEIGHT="32" WC="0.93" CONTENT="i"/><SP WIDTH="38" VPOS="1951" HPOS="714"/>
							<String ID="string_189" HPOS="752" VPOS="1950" WIDTH="273" HEIGHT="33" WC="0.90" CONTENT="åldersklassen"/><SP WIDTH="38" VPOS="1950" HPOS="1025"/>
							<String ID="string_190" HPOS="1063" VPOS="1949" WIDTH="130" HEIGHT="33" WC="0.90" CONTENT="15—18"/><SP WIDTH="37" VPOS="1949" HPOS="1193"/>
							<String ID="string_191" HPOS="1230" VPOS="1949" WIDTH="43" HEIGHT="32" WC="0.96" CONTENT="år"/><SP WIDTH="37" VPOS="1949" HPOS="1273"/>
							<String ID="string_192" HPOS="1310" VPOS="1948" WIDTH="155" HEIGHT="41" WC="0.96" CONTENT="kraftigt"/><SP WIDTH="37" VPOS="1948" HPOS="1465"/>
							<String ID="string_193" HPOS="1502" VPOS="1948" WIDTH="99" HEIGHT="40" WC="0.96" CONTENT="stigit"/>
						</TextLine>
						<TextLine ID="line_25" HPOS="116" VPOS="2001" WIDTH="1485" HEIGHT="46">
							<String ID="string_194" HPOS="116" VPOS="2007" WIDTH="113" HEIGHT="33" WC="0.96" CONTENT="sedan"/><SP WIDTH="19" VPOS="2007" HPOS="229"/>
							<String ID="string_195" HPOS="248" VPOS="2006" WIDTH="139" HEIGHT="41" WC="0.96" CONTENT="början"/><SP WIDTH="20" VPOS="2006" HPOS="387"/>
							<String ID="string_196" HPOS="407" VPOS="2016" WIDTH="45" HEIGHT="22" WC="0.96" CONTENT="av"/><SP WIDTH="19" VPOS="2016" HPOS="452"/>
							<String ID="string_197" HPOS="471" VPOS="2004" WIDTH="193" HEIGHT="33" WC="0.95" CONTENT="1920-talet"/><SP WIDTH="18" VPOS="2004" HPOS="664"/>
							<String ID="string_198" HPOS="682" VPOS="2004" WIDTH="96" HEIGHT="32" WC="0.96" CONTENT="både"/><SP WIDTH="20" VPOS="2004" HPOS="778"/>
							<String ID="string_199" HPOS="798" VPOS="2003" WIDTH="144" HEIGHT="33" WC="0.96" CONTENT="absolut"/><SP WIDTH="19" VPOS="2003" HPOS="942"/>
							<String ID="string_200" HPOS="961" VPOS="2002" WIDTH="68" HEIGHT="33" WC="0.95" CONTENT="och"/><SP WIDTH="18" VPOS="2002" HPOS="1029"/>
							<String ID="string_201" HPOS="1047" VPOS="2003" WIDTH="13" HEIGHT="32" WC="0.95" CONTENT="i"/><SP WIDTH="20" VPOS="2003" HPOS="1060"/>
							<String ID="string_202" HPOS="1080" VPOS="2002" WIDTH="155" HEIGHT="33" WC="0.95" CONTENT="relation"/><SP WIDTH="22" VPOS="2002" HPOS="1235"/>
							<String ID="string_203" HPOS="1257" VPOS="2002" WIDTH="55" HEIGHT="32" WC="0.96" CONTENT="till"/><SP WIDTH="23" VPOS="2002" HPOS="1312"/>
							<String ID="string_204" HPOS="1335" VPOS="2001" WIDTH="266" HEIGHT="40" WC="0.95" CONTENT="folkmängden"/>
						</TextLine>
						<TextLine ID="line_26" HPOS="118" VPOS="2053" WIDTH="1484" HEIGHT="46">
							<String ID="string_205" HPOS="118" VPOS="2060" WIDTH="67" HEIGHT="33" WC="0.96" CONTENT="och"/><SP WIDTH="37" VPOS="2060" HPOS="185"/>
							<String ID="string_206" HPOS="222" VPOS="2059" WIDTH="55" HEIGHT="33" WC="0.96" CONTENT="till"/><SP WIDTH="39" VPOS="2059" HPOS="277"/>
							<String ID="string_207" HPOS="316" VPOS="2059" WIDTH="72" HEIGHT="32" WC="0.96" CONTENT="den"/><SP WIDTH="36" VPOS="2059" HPOS="388"/>
							<String ID="string_208" HPOS="424" VPOS="2057" WIDTH="127" HEIGHT="42" WC="0.96" CONTENT="övriga"/><SP WIDTH="39" VPOS="2057" HPOS="551"/>
							<String ID="string_209" HPOS="590" VPOS="2057" WIDTH="290" HEIGHT="41" WC="0.93" CONTENT="brottsligheten."/><SP WIDTH="39" VPOS="2057" HPOS="880"/>
							<String ID="string_210" HPOS="919" VPOS="2055" WIDTH="302" HEIGHT="41" WC="0.90" CONTENT="Brottslighetens"/><SP WIDTH="38" VPOS="2055" HPOS="1221"/>
							<String ID="string_211" HPOS="1259" VPOS="2054" WIDTH="236" HEIGHT="42" WC="0.95" CONTENT="tyngdpunkt"/><SP WIDTH="37" VPOS="2054" HPOS="1495"/>
							<String ID="string_212" HPOS="1532" VPOS="2053" WIDTH="70" HEIGHT="32" WC="0.95" CONTENT="har"/>
						</TextLine>
						<TextLine ID="line_27" HPOS="118" VPOS="2107" WIDTH="1483" HEIGHT="47">
							<String ID="string_213" HPOS="118" VPOS="2113" WIDTH="118" HEIGHT="33" WC="0.96" CONTENT="under"/><SP WIDTH="28" VPOS="2113" HPOS="236"/>
							<String ID="string_214" HPOS="264" VPOS="2112" WIDTH="177" HEIGHT="42" WC="0.93" CONTENT="perioden"/><SP WIDTH="28" VPOS="2112" HPOS="441"/>
							<String ID="string_215" HPOS="469" VPOS="2110" WIDTH="219" HEIGHT="34" WC="0.90" CONTENT="1921—1935"/><SP WIDTH="28" VPOS="2110" HPOS="688"/>
							<String ID="string_216" HPOS="716" VPOS="2109" WIDTH="214" HEIGHT="42" WC="0.94" CONTENT="förskjutits"/><SP WIDTH="26" VPOS="2109" HPOS="930"/>
							<String ID="string_217" HPOS="956" VPOS="2119" WIDTH="81" HEIGHT="22" WC="0.94" CONTENT="mer"/><SP WIDTH="27" VPOS="2119" HPOS="1037"/>
							<String ID="string_218" HPOS="1064" VPOS="2108" WIDTH="68" HEIGHT="33" WC="0.96" CONTENT="och"/><SP WIDTH="26" VPOS="2108" HPOS="1132"/>
							<String ID="string_219" HPOS="1158" VPOS="2118" WIDTH="81" HEIGHT="22" WC="0.96" CONTENT="mer"/><SP WIDTH="26" VPOS="2118" HPOS="1239"/>
							<String ID="string_220" HPOS="1265" VPOS="2110" WIDTH="79" HEIGHT="30" WC="0.96" CONTENT="mot"/><SP WIDTH="28" VPOS="2110" HPOS="1344"/>
							<String ID="string_221" HPOS="1372" VPOS="2107" WIDTH="70" HEIGHT="33" WC="0.96" CONTENT="den"/><SP WIDTH="28" VPOS="2107" HPOS="1442"/>
							<String ID="string_222" HPOS="1470" VPOS="2109" WIDTH="131" HEIGHT="40" WC="0.96" CONTENT="yngsta"/>
						</TextLine>
						<TextLine ID="line_28" HPOS="117" VPOS="2163" WIDTH="594" HEIGHT="44">
							<String ID="string_223" HPOS="117" VPOS="2165" WIDTH="289" HEIGHT="42" WC="0.90" CONTENT="straffmyndiga"/><SP WIDTH="22" VPOS="2165" HPOS="406"/>
							<String ID="string_224" HPOS="428" VPOS="2163" WIDTH="283" HEIGHT="34" WC="0.91" CONTENT="åldersklassen."/>
						</TextLine>
					</TextBlock>
					<TextBlock ID="block_11" HPOS="117" VPOS="2212" WIDTH="1486" HEIGHT="308">
						<TextLine ID="line_29" HPOS="161" VPOS="2212" WIDTH="1441" HEIGHT="42">
							<String ID="string_225" HPOS="161" VPOS="2219" WIDTH="127" HEIGHT="31" WC="0.96" CONTENT="Första"/><SP WIDTH="24" VPOS="2219" HPOS="288"/>
							<String ID="string_226" HPOS="312" VPOS="2218" WIDTH="221" HEIGHT="32" WC="0.96" CONTENT="kammaren"/><SP WIDTH="24" VPOS="2218" HPOS="533"/>
							<String ID="string_227" HPOS="557" VPOS="2216" WIDTH="70" HEIGHT="32" WC="0.96" CONTENT="har"/><SP WIDTH="23" VPOS="2216" HPOS="627"/>
							<String ID="string_228" HPOS="650" VPOS="2216" WIDTH="57" HEIGHT="32" WC="0.96" CONTENT="för"/><SP WIDTH="24" VPOS="2216" HPOS="707"/>
							<String ID="string_229" HPOS="731" VPOS="2216" WIDTH="56" HEIGHT="32" WC="0.96" CONTENT="sin"/><SP WIDTH="26" VPOS="2216" HPOS="787"/>
							<String ID="string_230" HPOS="813" VPOS="2215" WIDTH="60" HEIGHT="32" WC="0.95" CONTENT="del"/><SP WIDTH="23" VPOS="2215" HPOS="873"/>
							<String ID="string_231" HPOS="896" VPOS="2214" WIDTH="169" HEIGHT="38" WC="0.95" CONTENT="beslutat,"/><SP WIDTH="25" VPOS="2214" HPOS="1065"/>
							<String ID="string_232" HPOS="1090" VPOS="2216" WIDTH="51" HEIGHT="30" WC="0.96" CONTENT="att"/><SP WIDTH="23" VPOS="2216" HPOS="1141"/>
							<String ID="string_233" HPOS="1164" VPOS="2213" WIDTH="199" HEIGHT="41" WC="0.96" CONTENT="riksdagen"/><SP WIDTH="25" VPOS="2213" HPOS="1363"/>
							<String ID="string_234" HPOS="1388" VPOS="2213" WIDTH="12" HEIGHT="32" WC="0.96" CONTENT="i"/><SP WIDTH="23" VPOS="2213" HPOS="1400"/>
							<String ID="string_235" HPOS="1423" VPOS="2212" WIDTH="179" HEIGHT="33" WC="0.96" CONTENT="skrivelse"/>
						</TextLine>
						<TextLine ID="line_30" HPOS="118" VPOS="2265" WIDTH="1484" HEIGHT="46">
							<String ID="string_236" HPOS="118" VPOS="2270" WIDTH="54" HEIGHT="33" WC="0.96" CONTENT="till"/><SP WIDTH="22" VPOS="2270" HPOS="172"/>
							<String ID="string_237" HPOS="194" VPOS="2270" WIDTH="131" HEIGHT="41" WC="0.96" CONTENT="Kungl."/><SP WIDTH="22" VPOS="2270" HPOS="325"/>
							<String ID="string_238" HPOS="347" VPOS="2269" WIDTH="113" HEIGHT="41" WC="0.96" CONTENT="Maj:t"/><SP WIDTH="20" VPOS="2269" HPOS="460"/>
							<String ID="string_239" HPOS="480" VPOS="2269" WIDTH="88" HEIGHT="32" WC="0.96" CONTENT="ville"/><SP WIDTH="22" VPOS="2269" HPOS="568"/>
							<String ID="string_240" HPOS="590" VPOS="2268" WIDTH="161" HEIGHT="38" WC="0.95" CONTENT="anhålla,"/><SP WIDTH="25" VPOS="2268" HPOS="751"/>
							<String ID="string_241" HPOS="776" VPOS="2270" WIDTH="52" HEIGHT="30" WC="0.96" CONTENT="att"/><SP WIDTH="22" VPOS="2270" HPOS="828"/>
							<String ID="string_242" HPOS="850" VPOS="2268" WIDTH="12" HEIGHT="31" WC="0.96" CONTENT="i"/><SP WIDTH="24" VPOS="2268" HPOS="862"/>
							<String ID="string_243" HPOS="886" VPOS="2267" WIDTH="213" HEIGHT="40" WC="0.95" CONTENT="anslutning"/><SP WIDTH="23" VPOS="2267" HPOS="1099"/>
							<String ID="string_244" HPOS="1122" VPOS="2266" WIDTH="54" HEIGHT="33" WC="0.93" CONTENT="till"/><SP WIDTH="23" VPOS="2266" HPOS="1176"/>
							<String ID="string_245" HPOS="1199" VPOS="2265" WIDTH="403" HEIGHT="42" WC="0.90" CONTENT="fångvårdsstyrelsens"/>
						</TextLine>
						<TextLine ID="line_31" HPOS="117" VPOS="2317" WIDTH="1484" HEIGHT="45">
							<String ID="string_246" HPOS="117" VPOS="2322" WIDTH="297" HEIGHT="40" WC="0.96" CONTENT="huvudsakligen"/><SP WIDTH="46" VPOS="2322" HPOS="414"/>
							<String ID="string_247" HPOS="460" VPOS="2321" WIDTH="202" HEIGHT="32" WC="0.95" CONTENT="statistiska"/><SP WIDTH="46" VPOS="2321" HPOS="662"/>
							<String ID="string_248" HPOS="708" VPOS="2320" WIDTH="278" HEIGHT="40" WC="0.95" CONTENT="undersökning"/><SP WIDTH="46" VPOS="2320" HPOS="986"/>
							<String ID="string_249" HPOS="1032" VPOS="2329" WIDTH="60" HEIGHT="22" WC="0.92" CONTENT="om"/><SP WIDTH="48" VPOS="2329" HPOS="1092"/>
							<String ID="string_250" HPOS="1140" VPOS="2317" WIDTH="461" HEIGHT="41" WC="0.91" CONTENT="ungdomsbrottsligheten"/>
						</TextLine>
						<TextLine ID="line_32" HPOS="117" VPOS="2370" WIDTH="1485" HEIGHT="45">
							<String ID="string_251" HPOS="117" VPOS="2375" WIDTH="113" HEIGHT="32" WC="0.93" CONTENT="måtte"/><SP WIDTH="33" VPOS="2375" HPOS="230"/>
							<String ID="string_252" HPOS="263" VPOS="2375" WIDTH="226" HEIGHT="40" WC="0.92" CONTENT="igångsättas"/><SP WIDTH="31" VPOS="2375" HPOS="489"/>
							<String ID="string_253" HPOS="520" VPOS="2383" WIDTH="46" HEIGHT="22" WC="0.96" CONTENT="en"/><SP WIDTH="33" VPOS="2383" HPOS="566"/>
							<String ID="string_254" HPOS="599" VPOS="2373" WIDTH="158" HEIGHT="32" WC="0.96" CONTENT="särskild"/><SP WIDTH="34" VPOS="2373" HPOS="757"/>
							<String ID="string_255" HPOS="791" VPOS="2372" WIDTH="198" HEIGHT="40" WC="0.96" CONTENT="utredning"/><SP WIDTH="33" VPOS="2372" HPOS="989"/>
							<String ID="string_256" HPOS="1022" VPOS="2381" WIDTH="61" HEIGHT="22" WC="0.95" CONTENT="om"/><SP WIDTH="33" VPOS="2381" HPOS="1083"/>
							<String ID="string_257" HPOS="1116" VPOS="2371" WIDTH="215" HEIGHT="32" WC="0.96" CONTENT="samhällets"/><SP WIDTH="32" VPOS="2371" HPOS="1331"/>
							<String ID="string_258" HPOS="1363" VPOS="2370" WIDTH="239" HEIGHT="40" WC="0.96" CONTENT="möjligheter"/>
						</TextLine>
						<TextLine ID="line_33" HPOS="118" VPOS="2422" WIDTH="1485" HEIGHT="46">
							<String ID="string_259" HPOS="118" VPOS="2430" WIDTH="51" HEIGHT="30" WC="0.96" CONTENT="att"/><SP WIDTH="25" VPOS="2430" HPOS="169"/>
							<String ID="string_260" HPOS="194" VPOS="2427" WIDTH="200" HEIGHT="41" WC="0.93" CONTENT="förebygga"/><SP WIDTH="26" VPOS="2427" HPOS="394"/>
							<String ID="string_261" HPOS="420" VPOS="2424" WIDTH="463" HEIGHT="43" WC="0.90" CONTENT="ungdomsbrottsligheten"/><SP WIDTH="26" VPOS="2424" HPOS="883"/>
							<String ID="string_262" HPOS="909" VPOS="2424" WIDTH="67" HEIGHT="33" WC="0.96" CONTENT="och"/><SP WIDTH="26" VPOS="2424" HPOS="976"/>
							<String ID="string_263" HPOS="1002" VPOS="2424" WIDTH="195" HEIGHT="33" WC="0.96" CONTENT="förhindra"/><SP WIDTH="25" VPOS="2424" HPOS="1197"/>
							<String ID="string_264" HPOS="1222" VPOS="2424" WIDTH="83" HEIGHT="31" WC="0.96" CONTENT="dess"/><SP WIDTH="26" VPOS="2424" HPOS="1305"/>
							<String ID="string_265" HPOS="1331" VPOS="2422" WIDTH="127" HEIGHT="33" WC="0.93" CONTENT="vidare"/><SP WIDTH="27" VPOS="2422" HPOS="1458"/>
							<String ID="string_266" HPOS="1485" VPOS="2422" WIDTH="118" HEIGHT="41" WC="0.92" CONTENT="sprid-"/>
						</TextLine>
						<TextLine ID="line_34" HPOS="118" VPOS="2488" WIDTH="97" HEIGHT="32">
							<String ID="string_267" HPOS="118" VPOS="2488" WIDTH="97" HEIGHT="32" WC="0.95" CONTENT="ning."/>
						</TextLine>
					</TextBlock>
				</ComposedBlock>
			</PrintSpace>
		</Page>
	</Layout>
</alto>
