2222 2606
748 168 251 33 Statsutskottets
1030 166 168 33 Utlåtande
1221 166 61 33 N:o
1306 169 28 30 3.
1752 167 39 31 71

234 247 229 37 tillhörande
503 251 106 43 tomt,
653 247 161 36 hvarvid
847 247 188 49 styrelsen
1063 246 12 36 i
1103 245 254 37 betraktande
1387 245 41 36 af
1452 245 86 36 dess
1567 244 233 50 belägenhet
1827 245 9 36 i

235 301 153 36 stadens
418 299 167 37 centrala
614 298 61 37 del
704 299 105 36 invid
841 299 133 37 hamn-
995 298 69 37 och
1079 299 278 48 järnvägsspår
1376 297 126 37 funnit
1521 296 59 50 sig
1599 297 93 36 böra
1711 297 128 37 fordra

235 357 55 32 ett
329 352 90 49 pris,
463 351 270 36 motsvarande
775 351 100 37 hvad
918 365 79 23 som
1040 350 116 49 högst
1197 350 136 49 gifvits
1362 350 59 36 för
1448 354 140 31 tomter
1617 349 87 37 med
1731 349 108 37 bästa

235 405 205 48 affärsläge
469 404 12 35 i
511 417 143 22 samma
695 404 113 36 trakt.
865 403 114 37 Detta
1020 403 77 49 pris
1140 403 109 47 hade,
1286 402 122 48 enligt
1435 401 99 37 hvad
1563 401 190 49 styrelsen
1781 402 57 35 in-

235 457 157 47 hämtat,
426 456 149 48 utgjort
605 457 47 34 90
682 455 139 37 kronor
850 456 59 36 för
937 455 296 47 kvadratmeter,
1263 454 147 36 hvilket
1438 453 136 50 belopp
1604 453 162 37 betalats
1782 454 58 36 för

236 509 40 36 af
301 509 137 36 staden
467 512 128 32 senast
622 507 163 37 försålda
804 512 140 32 tomter
963 508 12 35 i
995 507 213 48 fängelsets
1228 506 137 36 närhet
1384 505 106 37 invid
1511 505 326 37 hufvudhamnen.

363 560 124 36 Innan
529 559 231 49 försäljning
801 559 41 37 af
879 559 278 48 länsfängelset
1185 559 148 36 kunnat
1360 558 256 47 ifrågasättas,
1647 558 99 36 hade
1776 558 65 36 det

236 613 97 36 dock
362 612 99 36 varit
489 612 240 48 nödvändigt
758 617 54 31 att
839 612 112 48 tillse,
981 611 189 36 huruvida
1200 611 71 36 och
1300 610 155 36 hvarest
1482 609 200 50 tomtplats
1711 610 128 36 kunde

236 666 213 35 förvärfvas
483 664 60 36 för
571 664 239 49 uppförande
840 664 43 36 af
907 668 85 45 nytt
1021 663 186 49 fängelse.
1266 662 198 49 Styrelsen
1493 662 97 36 hade
1618 662 13 35 i
1660 662 179 36 afseende

236 717 91 35 härå
368 716 242 37 föranstaltat
651 729 60 23 om
754 716 247 49 utredningar
1037 716 70 36 och
1136 715 83 36 haft
1248 715 91 36 flera
1367 714 145 49 förslag
1540 714 61 49 sig
1629 714 209 49 förelagda.

236 768 153 37 Platsen
431 768 59 36 för
531 768 62 36 det
626 781 76 36 nya
731 768 191 49 fängelset
951 771 118 33 måste
1098 770 49 46 på
1176 781 44 22 en
1253 770 107 46 gång
1387 779 92 24 vara
1506 765 226 50 tillräckligt
1761 771 79 31 stor

236 821 85 36 med
363 820 83 37 fritt
489 819 70 37 och
588 820 114 36 sundt
729 820 87 49 läge
845 825 99 31 samt
972 824 73 44 äga
1074 819 102 49 goda
1204 818 337 38 förbindelseleder
1568 818 87 36 med
1684 818 156 37 stadens

237 872 209 37 centralare
493 872 115 47 delar,
656 872 46 36 då
743 873 331 35 rådstufvurätten
1116 871 199 36 äfvensom
1356 870 321 49 poliskammaren
1719 870 121 36 skulle

236 924 280 37 sammanträda
546 924 62 36 vid
637 924 194 48 fängelset
850 925 59 35 för
928 924 310 47 rannsakningar
1258 923 68 36 och
1346 923 186 48 därjämte
1552 922 123 37 Eders
1695 922 143 49 Kungl.

237 977 127 48 Maj:ts
393 976 426 48 befallningshafvande
848 976 117 37 borde
993 976 59 36 för
1079 976 210 36 utöfvande
1310 975 41 36 af
1366 974 132 49 tillsyn
1519 974 109 37 öfver
1647 974 194 49 fängelset

239 1029 70 36 och
338 1029 66 36 där
432 1028 159 49 intagna
618 1028 140 49 fångar
786 1033 73 44 äga
888 1032 40 33 så
956 1028 71 36 lätt
1054 1027 169 50 tillgång
1250 1027 60 36 till
1343 1027 209 36 detsamma
1574 1039 81 24 som
1677 1026 162 49 möjligt.

240 1081 127 48 Något
395 1081 148 36 kronan
572 1080 202 49 tillhörigt,
804 1082 59 35 för
891 1080 216 37 ändamålet
1135 1079 241 37 användbart
1405 1079 150 36 område
1584 1079 140 36 funnes
1744 1078 95 37 icke.

238 1133 120 36 Bland
400 1133 46 36 de
474 1132 12 36 i
515 1132 135 36 sådant
691 1133 218 36 hänseende
953 1132 158 49 möjliga
1143 1132 155 48 platser,
1328 1145 81 23 som
1438 1131 106 36 stode
1573 1131 58 36 till
1659 1131 96 36 buds
1784 1131 59 36 för

240 1190 53 30 ett
321 1185 33 48 ej
387 1184 68 36 allt
481 1184 57 36 för
568 1185 95 48 högt
691 1185 91 48 pris,
811 1185 96 36 hade
937 1184 186 49 styrelsen
1154 1184 126 36 funnit
1308 1183 73 36 den
1409 1182 317 49 fördelaktigaste
1750 1195 92 24 vara

239 1241 55 31 ett
320 1236 13 35 i
360 1236 186 36 landeriet
579 1235 110 37 Stora
717 1236 192 36 Härlanda
939 1241 76 42 äng
1043 1236 122 36 under
1193 1249 62 22 n:o
1288 1237 45 34 14
1361 1235 188 48 ingående
1580 1234 166 47 område,
1775 1234 66 36 be-

238 1288 105 48 läget
384 1287 99 36 intill
525 1287 218 49 Göteborgs
785 1293 101 31 östra
928 1287 366 50 begrafningsplats,
1324 1287 12 35 i
1364 1286 156 36 vinkeln
1548 1285 141 37 mellan
1718 1286 125 36 denna

240 1340 70 36 och
352 1339 189 37 allmänna
583 1339 251 49 landsvägen,
877 1343 48 46 på
967 1345 55 31 ett
1063 1339 150 37 afstånd
1256 1338 42 37 af
1322 1338 147 36 mindre
1499 1343 47 31 än
1575 1338 53 36 tio
1657 1338 185 36 minuters

239 1394 186 46 gångväg
466 1392 85 35 från
593 1392 326 48 spårvägslinjens
953 1391 219 36 nuvarande
1202 1391 198 48 ändpunkt
1428 1390 68 37 och
1526 1389 178 49 omkring
1731 1390 110 49 tjugu

238 1443 185 37 minuters
453 1448 76 44 väg
556 1444 85 35 från
671 1443 236 37 Olskrokens
932 1443 340 49 järnvägsstation.
1329 1442 158 37 Vatten-
1516 1442 69 36 och
1612 1442 229 49 afloppsled-

239 1495 139 49 ningar
418 1495 138 37 funnes
598 1496 119 36 redan
758 1496 244 48 framdragna
1038 1495 58 36 till
1125 1495 74 36 den
1228 1495 11 36 i
1268 1494 237 37 omedelbart
1533 1494 223 49 grannskap
1784 1494 58 36 till

239 1547 291 49 ifrågavarande
556 1548 154 36 område
731 1548 176 49 belägna,
929 1548 135 36 staden
1083 1547 199 49 tillhöriga
1302 1550 41 33 så
1364 1546 147 37 kallade
1531 1546 308 49 Bagaregården.

240 1599 241 36 Verkställda
524 1599 229 49 borrningar
792 1600 113 48 gåfve
948 1600 62 36 vid
1054 1599 163 47 handen,
1257 1604 55 31 att
1339 1598 76 48 god
1445 1598 334 49 byggnadsgrund
1807 1598 40 36 af

239 1652 76 35 fast
352 1651 110 36 sand-
492 1651 70 36 och
591 1652 229 47 grusbotten
848 1652 149 36 funnes.
1053 1652 57 35 Då
1138 1656 147 31 tomten
1314 1651 98 48 ägde
1441 1664 47 22 en
1517 1650 108 36 sakta
1655 1650 188 48 sluttning

239 1707 79 31 mot
360 1703 121 46 söder,
527 1716 89 23 vore
659 1703 173 48 skyddad
875 1709 78 30 mot
980 1703 118 36 hårda
1126 1702 135 36 vindar
1289 1703 69 35 och
1388 1705 38 33 åt
1455 1702 217 35 stadssidan
1701 1701 141 37 skildes

238 1767 140 35 genom
407 1754 274 49 kyrkogården
710 1755 85 35 från
824 1755 73 36 alla
925 1754 368 49 grannbyggnader,
1320 1767 89 23 vore
1431 1754 74 35 den
1523 1754 60 36 för
1602 1753 239 49 uppförande

240 1806 39 35 af
318 1811 55 31 ett
415 1806 174 48 fängelse
632 1806 249 49 synnerligen
910 1806 169 49 lämplig.
1138 1806 132 36 Såsom
1300 1805 229 49 landerijord
1558 1805 122 36 under
1708 1805 133 36 staden

239 1871 90 23 vore
374 1858 148 49 platsen
563 1858 59 36 till
651 1858 220 37 nuvarande
900 1858 273 36 innehafvaren
1203 1857 183 50 upplåten
1416 1856 84 37 med
1530 1857 313 49 besittningsrätt

239 1911 58 34 för
339 1910 152 47 honom,
534 1910 95 36 hans
671 1910 134 36 hustru
848 1911 70 35 och
961 1910 109 36 deras
1100 1910 196 48 arfvingar
1325 1909 87 36 med
1442 1909 223 49 skyldighet
1693 1914 57 30 att
1779 1909 63 35 vid

240 1961 352 47 ifrågakommande
621 1962 231 48 försäljning
880 1961 206 48 hembjuda
1114 1961 361 49 besittningsrätten
1502 1961 59 35 till
1596 1960 189 37 återlösen
1805 1961 41 35 af

240 2013 145 36 staden.
443 2013 134 47 Enligt
606 2013 267 36 införskaffadt
903 2013 126 36 anbud
1059 2014 40 35 af
1125 2012 604 46 besittningsrättsinnehafvaren
1749 2012 92 48 kap-

239 2069 114 30 tenen
382 2064 105 47 Tage
517 2063 143 49 Sylvan
690 2065 69 35 och
788 2065 94 35 hans
910 2065 145 46 hustru,
1085 2064 178 47 gällande
1292 2064 58 35 till
1379 2064 74 35 den
1480 2065 18 33 1
1516 2063 73 48 juli
1613 2065 109 44 1903,
1744 2063 97 47 ägde

241 2115 146 36 kronan
429 2115 125 36 tillösa
596 2115 61 48 sig
699 2116 109 36 deras
851 2120 76 31 rätt
967 2115 56 36 till
1065 2115 295 48 ifrågavarande
1404 2114 163 48 område,
1606 2114 235 36 omfattande

241 2168 164 45 600,000
448 2167 229 45 kvadratfot,
721 2167 56 35 till
819 2172 54 31 ett
914 2167 79 49 pris
1022 2167 41 35 af
1092 2169 44 33 13
1167 2171 64 31 öre
1262 2166 278 46 kvadratfoten,
1571 2166 92 35 eller
1691 2166 59 35 för
1778 2165 64 36 det

243 2217 83 37 hela
366 2219 137 45 78,000
534 2218 151 36 kronor.
743 2218 191 46 Området,
965 2232 80 22 som
1074 2218 277 36 innehafvaren
1379 2217 83 37 icke
1492 2216 200 49 medgifvit
1719 2217 38 36 få
1784 2216 55 36 till

242 2269 142 36 mindre
427 2270 101 36 areal
573 2270 236 47 inskränkas,
854 2283 87 23 vore
985 2269 224 46 visserligen
1240 2274 120 31 större
1390 2274 46 31 än
1465 2270 58 35 för
1551 2268 290 49 ifrågavarande
