<?xml version="1.0" encoding="UTF-8"?>
<alto xmlns="http://www.loc.gov/standards/alto/ns-v3#" xmlns:xlink="http://www.w3.org/1999/xlink" xmlns:xsi="http://www.w3.org/2001/XMLSchema-instance" xsi:schemaLocation="http://www.loc.gov/standards/alto/ns-v3# http://www.loc.gov/alto/v3/alto-3-0.xsd">
	<Description>
		<MeasurementUnit>pixel</MeasurementUnit>
		<sourceImageInformation>
			<fileName>/tmp/tess_1e6xhqkr_input.PNG</fileName>
		</sourceImageInformation>
		<OCRProcessing ID="OCR_0">
			<ocrProcessingStep>
				<processingSoftware>
					<softwareName>tesseract 5.3.0</softwareName>
				</processingSoftware>
			</ocrProcessingStep>
		</OCRProcessing>
	</Description>
	<Layout>
		<Page WIDTH="2260" HEIGHT="2606" PHYSICAL_IMG_NR="0" ID="page_0">
			<PrintSpace HPOS="0" VPOS="0" WIDTH="2260" HEIGHT="2606">
				<ComposedBlock ID="cblock_0" HPOS="438" VPOS="164" WIDTH="1048" HEIGHT="38">
					<TextBlock ID="block_0" HPOS="438" VPOS="164" WIDTH="1048" HEIGHT="38">
						<TextLine ID="line_0" HPOS="438" VPOS="164" WIDTH="1048" HEIGHT="38">
							<String ID="string_0" HPOS="438" VPOS="164" WIDTH="40" HEIGHT="32" WC="0.96" CONTENT="32"/><SP WIDTH="424" VPOS="164" HPOS="478"/>
							<String ID="string_1" HPOS="902" VPOS="167" WIDTH="251" HEIGHT="33" WC="0.89" CONTENT="Statsutskottets"/><SP WIDTH="30" VPOS="167" HPOS="1153"/>
							<String ID="string_2" HPOS="1183" VPOS="168" WIDTH="167" HEIGHT="33" WC="0.96" CONTENT="Utlåtande"/><SP WIDTH="22" VPOS="168" HPOS="1350"/>
							<String ID="string_3" HPOS="1372" VPOS="169" WIDTH="62" HEIGHT="32" WC="0.92" CONTENT="N:o"/><SP WIDTH="23" VPOS="169" HPOS="1434"/>
							<String ID="string_4" HPOS="1457" VPOS="172" WIDTH="29" HEIGHT="30" WC="0.95" CONTENT="3."/>
						</TextLine>
					</TextBlock>
				</ComposedBlock>
				<ComposedBlock ID="cblock_1" HPOS="386" VPOS="243" WIDTH="1603" HEIGHT="2027">
					<TextBlock ID="block_1" HPOS="387" VPOS="243" WIDTH="1601" HEIGHT="312">
						<TextLine ID="line_1" HPOS="389" VPOS="243" WIDTH="1599" HEIGHT="56">
							<String ID="string_5" HPOS="389" VPOS="243" WIDTH="134" HEIGHT="36" WC="0.93" CONTENT="seende"/><SP WIDTH="28" VPOS="243" HPOS="523"/>
							<String ID="string_6" HPOS="551" VPOS="246" WIDTH="21" HEIGHT="33" WC="0.90" CONTENT="å"/><SP WIDTH="29" VPOS="246" HPOS="572"/>
							<String ID="string_7" HPOS="601" VPOS="243" WIDTH="142" HEIGHT="49" WC="0.95" CONTENT="Kungl."/><SP WIDTH="31" VPOS="243" HPOS="743"/>
							<String ID="string_8" HPOS="774" VPOS="244" WIDTH="129" HEIGHT="50" WC="0.96" CONTENT="Maj:ts"/><SP WIDTH="28" VPOS="244" HPOS="903"/>
							<String ID="string_9" HPOS="931" VPOS="245" WIDTH="156" HEIGHT="49" WC="0.96" CONTENT="förslag,"/><SP WIDTH="31" VPOS="245" HPOS="1087"/>
							<String ID="string_10" HPOS="1118" VPOS="251" WIDTH="56" HEIGHT="32" WC="0.96" CONTENT="att"/><SP WIDTH="28" VPOS="251" HPOS="1174"/>
							<String ID="string_11" HPOS="1202" VPOS="247" WIDTH="284" HEIGHT="49" WC="0.91" CONTENT="benämningen"/><SP WIDTH="28" VPOS="247" HPOS="1486"/>
							<String ID="string_12" HPOS="1514" VPOS="249" WIDTH="197" HEIGHT="37" WC="0.91" CONTENT="»arfvode»"/><SP WIDTH="28" VPOS="249" HPOS="1711"/>
							<String ID="string_13" HPOS="1739" VPOS="249" WIDTH="150" HEIGHT="50" WC="0.90" CONTENT="utbytts"/><SP WIDTH="19" VPOS="249" HPOS="1889"/>
							<String ID="string_14" HPOS="1908" VPOS="255" WIDTH="80" HEIGHT="32" WC="0.96" CONTENT="mot"/>
						</TextLine>
						<TextLine ID="line_2" HPOS="388" VPOS="295" WIDTH="1598" HEIGHT="56">
							<String ID="string_15" HPOS="388" VPOS="295" WIDTH="553" HEIGHT="50" WC="0.83" CONTENT="»tjänstgöringspenningar»."/><SP WIDTH="30" VPOS="295" HPOS="941"/>
							<String ID="string_16" HPOS="971" VPOS="297" WIDTH="199" HEIGHT="38" WC="0.93" CONTENT="Utskottet"/><SP WIDTH="29" VPOS="297" HPOS="1170"/>
							<String ID="string_17" HPOS="1199" VPOS="299" WIDTH="162" HEIGHT="37" WC="0.93" CONTENT="förbiser"/><SP WIDTH="27" VPOS="299" HPOS="1361"/>
							<String ID="string_18" HPOS="1388" VPOS="300" WIDTH="230" HEIGHT="49" WC="0.95" CONTENT="visserligen"/><SP WIDTH="27" VPOS="300" HPOS="1618"/>
							<String ID="string_19" HPOS="1645" VPOS="301" WIDTH="95" HEIGHT="47" WC="0.96" CONTENT="icke,"/><SP WIDTH="17" VPOS="301" HPOS="1740"/>
							<String ID="string_20" HPOS="1757" VPOS="307" WIDTH="54" HEIGHT="31" WC="0.93" CONTENT="att"/><SP WIDTH="28" VPOS="307" HPOS="1811"/>
							<String ID="string_21" HPOS="1839" VPOS="303" WIDTH="147" HEIGHT="48" WC="0.92" CONTENT="ojämn-"/>
						</TextLine>
						<TextLine ID="line_3" HPOS="389" VPOS="347" WIDTH="1597" HEIGHT="55">
							<String ID="string_22" HPOS="389" VPOS="347" WIDTH="108" HEIGHT="37" WC="0.95" CONTENT="heter"/><SP WIDTH="40" VPOS="347" HPOS="497"/>
							<String ID="string_23" HPOS="537" VPOS="347" WIDTH="131" HEIGHT="36" WC="0.95" CONTENT="kunna"/><SP WIDTH="41" VPOS="347" HPOS="668"/>
							<String ID="string_24" HPOS="709" VPOS="347" WIDTH="149" HEIGHT="38" WC="0.96" CONTENT="komma"/><SP WIDTH="43" VPOS="347" HPOS="858"/>
							<String ID="string_25" HPOS="901" VPOS="354" WIDTH="55" HEIGHT="31" WC="0.96" CONTENT="att"/><SP WIDTH="40" VPOS="354" HPOS="956"/>
							<String ID="string_26" HPOS="996" VPOS="353" WIDTH="48" HEIGHT="46" WC="0.96" CONTENT="på"/><SP WIDTH="40" VPOS="353" HPOS="1044"/>
							<String ID="string_27" HPOS="1084" VPOS="351" WIDTH="129" HEIGHT="48" WC="0.96" CONTENT="grund"/><SP WIDTH="41" VPOS="351" HPOS="1213"/>
							<String ID="string_28" HPOS="1254" VPOS="351" WIDTH="112" HEIGHT="37" WC="0.96" CONTENT="häraf"/><SP WIDTH="25" VPOS="351" HPOS="1366"/>
							<String ID="string_29" HPOS="1391" VPOS="355" WIDTH="137" HEIGHT="46" WC="0.96" CONTENT="uppstå"/><SP WIDTH="27" VPOS="355" HPOS="1528"/>
							<String ID="string_30" HPOS="1555" VPOS="353" WIDTH="13" HEIGHT="35" WC="0.96" CONTENT="i"/><SP WIDTH="28" VPOS="353" HPOS="1568"/>
							<String ID="string_31" HPOS="1596" VPOS="353" WIDTH="103" HEIGHT="37" WC="0.96" CONTENT="vissa"/><SP WIDTH="28" VPOS="353" HPOS="1699"/>
							<String ID="string_32" HPOS="1727" VPOS="354" WIDTH="259" HEIGHT="48" WC="0.96" CONTENT="hänseenden,"/>
						</TextLine>
						<TextLine ID="line_4" HPOS="388" VPOS="398" WIDTH="1600" HEIGHT="57">
							<String ID="string_33" HPOS="388" VPOS="411" WIDTH="87" HEIGHT="24" WC="0.96" CONTENT="men"/><SP WIDTH="45" VPOS="411" HPOS="475"/>
							<String ID="string_34" HPOS="520" VPOS="398" WIDTH="70" HEIGHT="37" WC="0.96" CONTENT="har"/><SP WIDTH="42" VPOS="398" HPOS="590"/>
							<String ID="string_35" HPOS="632" VPOS="399" WIDTH="34" HEIGHT="48" WC="0.96" CONTENT="ej"/><SP WIDTH="45" VPOS="399" HPOS="666"/>
							<String ID="string_36" HPOS="711" VPOS="405" WIDTH="123" HEIGHT="31" WC="0.96" CONTENT="ansett"/><SP WIDTH="41" VPOS="405" HPOS="834"/>
							<String ID="string_37" HPOS="875" VPOS="401" WIDTH="106" HEIGHT="37" WC="0.96" CONTENT="detta"/><SP WIDTH="41" VPOS="401" HPOS="981"/>
							<String ID="string_38" HPOS="1022" VPOS="402" WIDTH="93" HEIGHT="37" WC="0.96" CONTENT="böra"/><SP WIDTH="40" VPOS="402" HPOS="1115"/>
							<String ID="string_39" HPOS="1155" VPOS="417" WIDTH="52" HEIGHT="22" WC="0.39" CONTENT="nu"/><SP WIDTH="28" VPOS="417" HPOS="1207"/>
							<String ID="string_40" HPOS="1235" VPOS="403" WIDTH="197" HEIGHT="37" WC="0.96" CONTENT="förhindra"/><SP WIDTH="29" VPOS="403" HPOS="1432"/>
							<String ID="string_41" HPOS="1461" VPOS="409" WIDTH="146" HEIGHT="32" WC="0.96" CONTENT="statens"/><SP WIDTH="30" VPOS="409" HPOS="1607"/>
							<String ID="string_42" HPOS="1637" VPOS="406" WIDTH="228" HEIGHT="49" WC="0.96" CONTENT="antagande,"/><SP WIDTH="30" VPOS="406" HPOS="1865"/>
							<String ID="string_43" HPOS="1895" VPOS="411" WIDTH="93" HEIGHT="32" WC="0.96" CONTENT="enär"/>
						</TextLine>
						<TextLine ID="line_5" HPOS="388" VPOS="450" WIDTH="1598" HEIGHT="57">
							<String ID="string_44" HPOS="388" VPOS="450" WIDTH="288" HEIGHT="48" WC="0.92" CONTENT="ojämnheterna"/><SP WIDTH="40" VPOS="450" HPOS="676"/>
							<String ID="string_45" HPOS="716" VPOS="451" WIDTH="209" HEIGHT="50" WC="0.96" CONTENT="lämpligen"/><SP WIDTH="42" VPOS="451" HPOS="925"/>
							<String ID="string_46" HPOS="967" VPOS="454" WIDTH="107" HEIGHT="36" WC="0.96" CONTENT="torde"/><SP WIDTH="29" VPOS="454" HPOS="1074"/>
							<String ID="string_47" HPOS="1103" VPOS="454" WIDTH="129" HEIGHT="37" WC="0.93" CONTENT="kunna"/><SP WIDTH="29" VPOS="454" HPOS="1232"/>
							<String ID="string_48" HPOS="1261" VPOS="455" WIDTH="203" HEIGHT="37" WC="0.91" CONTENT="framdeles"/><SP WIDTH="28" VPOS="455" HPOS="1464"/>
							<String ID="string_49" HPOS="1492" VPOS="457" WIDTH="260" HEIGHT="50" WC="0.92" CONTENT="undanrödjas"/><SP WIDTH="30" VPOS="457" HPOS="1752"/>
							<String ID="string_50" HPOS="1782" VPOS="458" WIDTH="98" HEIGHT="37" WC="0.92" CONTENT="efter"/><SP WIDTH="27" VPOS="458" HPOS="1880"/>
							<String ID="string_51" HPOS="1907" VPOS="471" WIDTH="79" HEIGHT="24" WC="0.92" CONTENT="om-"/>
						</TextLine>
						<TextLine ID="line_6" HPOS="387" VPOS="501" WIDTH="875" HEIGHT="54">
							<String ID="string_52" HPOS="387" VPOS="501" WIDTH="183" HEIGHT="50" WC="0.90" CONTENT="pröfning"/><SP WIDTH="29" VPOS="501" HPOS="570"/>
							<String ID="string_53" HPOS="599" VPOS="504" WIDTH="43" HEIGHT="35" WC="0.95" CONTENT="af"/><SP WIDTH="24" VPOS="504" HPOS="642"/>
							<String ID="string_54" HPOS="666" VPOS="503" WIDTH="285" HEIGHT="38" WC="0.96" CONTENT="vederbörande"/><SP WIDTH="29" VPOS="503" HPOS="951"/>
							<String ID="string_55" HPOS="980" VPOS="506" WIDTH="282" HEIGHT="49" WC="0.96" CONTENT="myndigheter."/>
						</TextLine>
					</TextBlock>
					<TextBlock ID="block_2" HPOS="387" VPOS="554" WIDTH="1600" HEIGHT="623">
						<TextLine ID="line_7" HPOS="516" VPOS="554" WIDTH="1470" HEIGHT="57">
							<String ID="string_56" HPOS="516" VPOS="554" WIDTH="265" HEIGHT="38" WC="0.92" CONTENT="Förenämnda"/><SP WIDTH="33" VPOS="554" HPOS="781"/>
							<String ID="string_57" HPOS="814" VPOS="556" WIDTH="219" HEIGHT="49" WC="0.96" CONTENT="fördelning"/><SP WIDTH="29" VPOS="556" HPOS="1033"/>
							<String ID="string_58" HPOS="1062" VPOS="558" WIDTH="41" HEIGHT="36" WC="0.93" CONTENT="af"/><SP WIDTH="25" VPOS="558" HPOS="1103"/>
							<String ID="string_59" HPOS="1128" VPOS="558" WIDTH="220" HEIGHT="49" WC="0.93" CONTENT="aflöningen"/><SP WIDTH="28" VPOS="558" HPOS="1348"/>
							<String ID="string_60" HPOS="1376" VPOS="560" WIDTH="12" HEIGHT="35" WC="0.97" CONTENT="i"/><SP WIDTH="27" VPOS="560" HPOS="1388"/>
							<String ID="string_61" HPOS="1415" VPOS="560" WIDTH="64" HEIGHT="36" WC="0.96" CONTENT="lön"/><SP WIDTH="29" VPOS="560" HPOS="1479"/>
							<String ID="string_62" HPOS="1508" VPOS="560" WIDTH="70" HEIGHT="37" WC="0.93" CONTENT="och"/><SP WIDTH="29" VPOS="560" HPOS="1578"/>
							<String ID="string_63" HPOS="1607" VPOS="561" WIDTH="379" HEIGHT="50" WC="0.91" CONTENT="tjänstgöringspen-"/>
						</TextLine>
						<TextLine ID="line_8" HPOS="389" VPOS="606" WIDTH="1598" HEIGHT="57">
							<String ID="string_64" HPOS="389" VPOS="606" WIDTH="138" HEIGHT="48" WC="0.96" CONTENT="ningar"/><SP WIDTH="41" VPOS="606" HPOS="527"/>
							<String ID="string_65" HPOS="568" VPOS="606" WIDTH="122" HEIGHT="37" WC="0.96" CONTENT="skulle"/><SP WIDTH="37" VPOS="606" HPOS="690"/>
							<String ID="string_66" HPOS="727" VPOS="608" WIDTH="212" HEIGHT="36" WC="0.95" CONTENT="emellertid"/><SP WIDTH="24" VPOS="608" HPOS="939"/>
							<String ID="string_67" HPOS="963" VPOS="609" WIDTH="195" HEIGHT="37" WC="0.96" CONTENT="föranleda"/><SP WIDTH="25" VPOS="609" HPOS="1158"/>
							<String ID="string_68" HPOS="1183" VPOS="611" WIDTH="136" HEIGHT="47" WC="0.96" CONTENT="därtill,"/><SP WIDTH="31" VPOS="611" HPOS="1319"/>
							<String ID="string_69" HPOS="1350" VPOS="617" WIDTH="66" HEIGHT="42" WC="0.96" CONTENT="att,"/><SP WIDTH="20" VPOS="617" HPOS="1416"/>
							<String ID="string_70" HPOS="1436" VPOS="612" WIDTH="237" HEIGHT="37" WC="0.96" CONTENT="beträffande"/><SP WIDTH="20" VPOS="612" HPOS="1673"/>
							<String ID="string_71" HPOS="1693" VPOS="613" WIDTH="108" HEIGHT="37" WC="0.93" CONTENT="dessa"/><SP WIDTH="27" VPOS="613" HPOS="1801"/>
							<String ID="string_72" HPOS="1828" VPOS="615" WIDTH="159" HEIGHT="48" WC="0.91" CONTENT="tjänste-"/>
						</TextLine>
						<TextLine ID="line_9" HPOS="388" VPOS="659" WIDTH="1599" HEIGHT="55">
							<String ID="string_73" HPOS="388" VPOS="662" WIDTH="106" HEIGHT="31" WC="0.93" CONTENT="mäns"/><SP WIDTH="40" VPOS="662" HPOS="494"/>
							<String ID="string_74" HPOS="534" VPOS="659" WIDTH="283" HEIGHT="49" WC="0.93" CONTENT="pensionering,"/><SP WIDTH="46" VPOS="659" HPOS="817"/>
							<String ID="string_75" HPOS="863" VPOS="660" WIDTH="45" HEIGHT="36" WC="0.96" CONTENT="de"/><SP WIDTH="28" VPOS="660" HPOS="908"/>
							<String ID="string_76" HPOS="936" VPOS="661" WIDTH="12" HEIGHT="35" WC="0.96" CONTENT="i"/><SP WIDTH="27" VPOS="661" HPOS="948"/>
							<String ID="string_77" HPOS="975" VPOS="661" WIDTH="240" HEIGHT="49" WC="0.90" CONTENT="Riksdagens"/><SP WIDTH="41" VPOS="661" HPOS="1215"/>
							<String ID="string_78" HPOS="1256" VPOS="663" WIDTH="179" HEIGHT="37" WC="0.90" CONTENT="skifvelse"/><SP WIDTH="41" VPOS="663" HPOS="1435"/>
							<String ID="string_79" HPOS="1476" VPOS="664" WIDTH="73" HEIGHT="36" WC="0.96" CONTENT="den"/><SP WIDTH="44" VPOS="664" HPOS="1549"/>
							<String ID="string_80" HPOS="1593" VPOS="666" WIDTH="45" HEIGHT="35" WC="0.96" CONTENT="18"/><SP WIDTH="43" VPOS="666" HPOS="1638"/>
							<String ID="string_81" HPOS="1681" VPOS="665" WIDTH="73" HEIGHT="49" WC="0.96" CONTENT="maj"/><SP WIDTH="35" VPOS="665" HPOS="1754"/>
							<String ID="string_82" HPOS="1789" VPOS="667" WIDTH="95" HEIGHT="35" WC="0.96" CONTENT="1877"/><SP WIDTH="32" VPOS="667" HPOS="1884"/>
							<String ID="string_83" HPOS="1916" VPOS="666" WIDTH="71" HEIGHT="37" WC="0.96" CONTENT="och"/>
						</TextLine>
						<TextLine ID="line_10" HPOS="388" VPOS="709" WIDTH="1599" HEIGHT="51">
							<String ID="string_84" HPOS="388" VPOS="709" WIDTH="130" HEIGHT="49" WC="0.92" CONTENT="kungl."/><SP WIDTH="43" VPOS="709" HPOS="518"/>
							<String ID="string_85" HPOS="561" VPOS="710" WIDTH="150" HEIGHT="37" WC="0.92" CONTENT="brefvet"/><SP WIDTH="40" VPOS="710" HPOS="711"/>
							<String ID="string_86" HPOS="751" VPOS="712" WIDTH="72" HEIGHT="36" WC="0.96" CONTENT="den"/><SP WIDTH="31" VPOS="712" HPOS="823"/>
							<String ID="string_87" HPOS="854" VPOS="714" WIDTH="18" HEIGHT="34" WC="0.96" CONTENT="1"/><SP WIDTH="26" VPOS="714" HPOS="872"/>
							<String ID="string_88" HPOS="898" VPOS="712" WIDTH="86" HEIGHT="48" WC="0.96" CONTENT="juni"/><SP WIDTH="42" VPOS="712" HPOS="984"/>
							<String ID="string_89" HPOS="1026" VPOS="727" WIDTH="143" HEIGHT="23" WC="0.96" CONTENT="samma"/><SP WIDTH="42" VPOS="727" HPOS="1169"/>
							<String ID="string_90" HPOS="1211" VPOS="717" WIDTH="40" HEIGHT="33" WC="0.95" CONTENT="år"/><SP WIDTH="40" VPOS="717" HPOS="1251"/>
							<String ID="string_91" HPOS="1291" VPOS="715" WIDTH="218" HEIGHT="37" WC="0.96" CONTENT="meddelade"/><SP WIDTH="40" VPOS="715" HPOS="1509"/>
							<String ID="string_92" HPOS="1549" VPOS="716" WIDTH="285" HEIGHT="37" WC="0.96" CONTENT="bestämmelser"/><SP WIDTH="36" VPOS="716" HPOS="1834"/>
							<String ID="string_93" HPOS="1870" VPOS="718" WIDTH="117" HEIGHT="36" WC="0.96" CONTENT="borde"/>
						</TextLine>
						<TextLine ID="line_11" HPOS="388" VPOS="761" WIDTH="1598" HEIGHT="57">
							<String ID="string_94" HPOS="388" VPOS="761" WIDTH="114" HEIGHT="36" WC="0.96" CONTENT="vinna"/><SP WIDTH="28" VPOS="761" HPOS="502"/>
							<String ID="string_95" HPOS="530" VPOS="761" WIDTH="254" HEIGHT="50" WC="0.96" CONTENT="tillämpning."/><SP WIDTH="52" VPOS="761" HPOS="784"/>
							<String ID="string_96" HPOS="836" VPOS="763" WIDTH="87" HEIGHT="37" WC="0.95" CONTENT="Men"/><SP WIDTH="29" VPOS="763" HPOS="923"/>
							<String ID="string_97" HPOS="952" VPOS="765" WIDTH="45" HEIGHT="36" WC="0.96" CONTENT="då"/><SP WIDTH="29" VPOS="765" HPOS="997"/>
							<String ID="string_98" HPOS="1026" VPOS="765" WIDTH="146" HEIGHT="49" WC="0.96" CONTENT="förslag"/><SP WIDTH="28" VPOS="765" HPOS="1172"/>
							<String ID="string_99" HPOS="1200" VPOS="779" WIDTH="60" HEIGHT="23" WC="0.96" CONTENT="om"/><SP WIDTH="29" VPOS="779" HPOS="1260"/>
							<String ID="string_100" HPOS="1289" VPOS="780" WIDTH="46" HEIGHT="23" WC="0.96" CONTENT="en"/><SP WIDTH="28" VPOS="780" HPOS="1335"/>
							<String ID="string_101" HPOS="1363" VPOS="767" WIDTH="118" HEIGHT="37" WC="0.96" CONTENT="sådan"/><SP WIDTH="27" VPOS="767" HPOS="1481"/>
							<String ID="string_102" HPOS="1508" VPOS="768" WIDTH="228" HEIGHT="49" WC="0.96" CONTENT="förändring"/><SP WIDTH="19" VPOS="768" HPOS="1736"/>
							<String ID="string_103" HPOS="1755" VPOS="769" WIDTH="11" HEIGHT="36" WC="0.93" CONTENT="i"/><SP WIDTH="19" VPOS="769" HPOS="1766"/>
							<String ID="string_104" HPOS="1785" VPOS="770" WIDTH="201" HEIGHT="48" WC="0.91" CONTENT="pensione-"/>
						</TextLine>
						<TextLine ID="line_12" HPOS="388" VPOS="813" WIDTH="1598" HEIGHT="55">
							<String ID="string_105" HPOS="388" VPOS="813" WIDTH="136" HEIGHT="48" WC="0.95" CONTENT="ringen"/><SP WIDTH="41" VPOS="813" HPOS="524"/>
							<String ID="string_106" HPOS="565" VPOS="814" WIDTH="60" HEIGHT="35" WC="0.95" CONTENT="för"/><SP WIDTH="42" VPOS="814" HPOS="625"/>
							<String ID="string_107" HPOS="667" VPOS="815" WIDTH="292" HEIGHT="48" WC="0.95" CONTENT="ifrågavarande"/><SP WIDTH="41" VPOS="815" HPOS="959"/>
							<String ID="string_108" HPOS="1000" VPOS="817" WIDTH="231" HEIGHT="49" WC="0.95" CONTENT="tjänstemän"/><SP WIDTH="33" VPOS="817" HPOS="1231"/>
							<String ID="string_109" HPOS="1264" VPOS="832" WIDTH="50" HEIGHT="23" WC="0.96" CONTENT="nu"/><SP WIDTH="29" VPOS="832" HPOS="1314"/>
							<String ID="string_110" HPOS="1343" VPOS="819" WIDTH="82" HEIGHT="36" WC="0.96" CONTENT="icke"/><SP WIDTH="28" VPOS="819" HPOS="1425"/>
							<String ID="string_111" HPOS="1453" VPOS="819" WIDTH="221" HEIGHT="49" WC="0.96" CONTENT="föreligger,"/><SP WIDTH="30" VPOS="819" HPOS="1674"/>
							<String ID="string_112" HPOS="1704" VPOS="821" WIDTH="68" HEIGHT="36" WC="0.96" CONTENT="har"/><SP WIDTH="27" VPOS="821" HPOS="1772"/>
							<String ID="string_113" HPOS="1799" VPOS="821" WIDTH="187" HEIGHT="37" WC="0.96" CONTENT="utskottet"/>
						</TextLine>
						<TextLine ID="line_13" HPOS="390" VPOS="865" WIDTH="1597" HEIGHT="54">
							<String ID="string_114" HPOS="390" VPOS="870" WIDTH="122" HEIGHT="31" WC="0.93" CONTENT="ansett"/><SP WIDTH="41" VPOS="870" HPOS="512"/>
							<String ID="string_115" HPOS="553" VPOS="865" WIDTH="185" HEIGHT="48" WC="0.91" CONTENT="sig-icke"/><SP WIDTH="40" VPOS="865" HPOS="738"/>
							<String ID="string_116" HPOS="778" VPOS="867" WIDTH="92" HEIGHT="36" WC="0.96" CONTENT="böra"/><SP WIDTH="42" VPOS="867" HPOS="870"/>
							<String ID="string_117" HPOS="912" VPOS="868" WIDTH="131" HEIGHT="36" WC="0.96" CONTENT="härom"/><SP WIDTH="41" VPOS="868" HPOS="1043"/>
							<String ID="string_118" HPOS="1084" VPOS="869" WIDTH="209" HEIGHT="37" WC="0.96" CONTENT="framställa"/><SP WIDTH="28" VPOS="869" HPOS="1293"/>
							<String ID="string_119" HPOS="1321" VPOS="871" WIDTH="162" HEIGHT="48" WC="0.96" CONTENT="förslag;"/><SP WIDTH="30" VPOS="871" HPOS="1483"/>
							<String ID="string_120" HPOS="1513" VPOS="871" WIDTH="71" HEIGHT="36" WC="0.96" CONTENT="och"/><SP WIDTH="38" VPOS="871" HPOS="1584"/>
							<String ID="string_121" HPOS="1622" VPOS="873" WIDTH="109" HEIGHT="36" WC="0.96" CONTENT="torde"/><SP WIDTH="27" VPOS="873" HPOS="1731"/>
							<String ID="string_122" HPOS="1758" VPOS="873" WIDTH="65" HEIGHT="36" WC="0.96" CONTENT="vid"/><SP WIDTH="28" VPOS="873" HPOS="1823"/>
							<String ID="string_123" HPOS="1851" VPOS="874" WIDTH="136" HEIGHT="35" WC="0.96" CONTENT="sådant"/>
						</TextLine>
						<TextLine ID="line_14" HPOS="389" VPOS="916" WIDTH="1597" HEIGHT="57">
							<String ID="string_124" HPOS="389" VPOS="916" WIDTH="235" HEIGHT="38" WC="0.96" CONTENT="förhållande"/><SP WIDTH="28" VPOS="916" HPOS="624"/>
							<String ID="string_125" HPOS="652" VPOS="918" WIDTH="92" HEIGHT="36" WC="0.96" CONTENT="böra"/><SP WIDTH="27" VPOS="918" HPOS="744"/>
							<String ID="string_126" HPOS="771" VPOS="919" WIDTH="180" HEIGHT="36" WC="0.96" CONTENT="särskildt"/><SP WIDTH="27" VPOS="919" HPOS="951"/>
							<String ID="string_127" HPOS="978" VPOS="921" WIDTH="151" HEIGHT="47" WC="0.95" CONTENT="uttalas,"/><SP WIDTH="32" VPOS="921" HPOS="1129"/>
							<String ID="string_128" HPOS="1161" VPOS="927" WIDTH="55" HEIGHT="30" WC="0.96" CONTENT="att"/><SP WIDTH="27" VPOS="927" HPOS="1216"/>
							<String ID="string_129" HPOS="1243" VPOS="922" WIDTH="175" HEIGHT="48" WC="0.95" CONTENT="gällande"/><SP WIDTH="29" VPOS="922" HPOS="1418"/>
							<String ID="string_130" HPOS="1447" VPOS="923" WIDTH="284" HEIGHT="37" WC="0.96" CONTENT="bestämmelser"/><SP WIDTH="28" VPOS="923" HPOS="1731"/>
							<String ID="string_131" HPOS="1759" VPOS="925" WIDTH="12" HEIGHT="35" WC="0.96" CONTENT="i"/><SP WIDTH="24" VPOS="925" HPOS="1771"/>
							<String ID="string_132" HPOS="1795" VPOS="925" WIDTH="111" HEIGHT="48" WC="0.96" CONTENT="fråga"/><SP WIDTH="20" VPOS="925" HPOS="1906"/>
							<String ID="string_133" HPOS="1926" VPOS="938" WIDTH="60" HEIGHT="23" WC="0.96" CONTENT="om"/>
						</TextLine>
						<TextLine ID="line_15" HPOS="388" VPOS="968" WIDTH="1599" HEIGHT="58">
							<String ID="string_134" HPOS="388" VPOS="973" WIDTH="124" HEIGHT="32" WC="0.96" CONTENT="rätten"/><SP WIDTH="27" VPOS="973" HPOS="512"/>
							<String ID="string_135" HPOS="539" VPOS="968" WIDTH="59" HEIGHT="37" WC="0.96" CONTENT="till"/><SP WIDTH="28" VPOS="968" HPOS="598"/>
							<String ID="string_136" HPOS="626" VPOS="970" WIDTH="161" HEIGHT="48" WC="0.96" CONTENT="pension"/><SP WIDTH="28" VPOS="970" HPOS="787"/>
							<String ID="string_137" HPOS="815" VPOS="971" WIDTH="70" HEIGHT="36" WC="0.93" CONTENT="och"/><SP WIDTH="29" VPOS="971" HPOS="885"/>
							<String ID="string_138" HPOS="914" VPOS="972" WIDTH="382" HEIGHT="50" WC="0.92" CONTENT="pensionsbeloppets"/><SP WIDTH="28" VPOS="972" HPOS="1296"/>
							<String ID="string_139" HPOS="1324" VPOS="974" WIDTH="144" HEIGHT="36" WC="0.96" CONTENT="storlek"/><SP WIDTH="29" VPOS="974" HPOS="1468"/>
							<String ID="string_140" HPOS="1497" VPOS="975" WIDTH="108" HEIGHT="36" WC="0.96" CONTENT="skola"/><SP WIDTH="20" VPOS="975" HPOS="1605"/>
							<String ID="string_141" HPOS="1625" VPOS="976" WIDTH="59" HEIGHT="35" WC="0.93" CONTENT="för"/><SP WIDTH="19" VPOS="976" HPOS="1684"/>
							<String ID="string_142" HPOS="1703" VPOS="976" WIDTH="106" HEIGHT="36" WC="0.91" CONTENT="desse"/><SP WIDTH="20" VPOS="976" HPOS="1809"/>
							<String ID="string_143" HPOS="1829" VPOS="977" WIDTH="158" HEIGHT="49" WC="0.91" CONTENT="tjänste-"/>
						</TextLine>
						<TextLine ID="line_16" HPOS="388" VPOS="1020" WIDTH="1599" HEIGHT="58">
							<String ID="string_144" HPOS="388" VPOS="1025" WIDTH="88" HEIGHT="31" WC="0.96" CONTENT="män"/><SP WIDTH="39" VPOS="1025" HPOS="476"/>
							<String ID="string_145" HPOS="515" VPOS="1020" WIDTH="76" HEIGHT="36" WC="0.87" CONTENT="tills"/><SP WIDTH="43" VPOS="1020" HPOS="591"/>
							<String ID="string_146" HPOS="634" VPOS="1021" WIDTH="129" HEIGHT="37" WC="0.95" CONTENT="vidare"/><SP WIDTH="40" VPOS="1021" HPOS="763"/>
							<String ID="string_147" HPOS="803" VPOS="1023" WIDTH="235" HEIGHT="37" WC="0.93" CONTENT="fortfarande"/><SP WIDTH="41" VPOS="1023" HPOS="1038"/>
							<String ID="string_148" HPOS="1079" VPOS="1024" WIDTH="113" HEIGHT="37" WC="0.92" CONTENT="lända"/><SP WIDTH="28" VPOS="1024" HPOS="1192"/>
							<String ID="string_149" HPOS="1220" VPOS="1025" WIDTH="56" HEIGHT="35" WC="0.93" CONTENT="till"/><SP WIDTH="28" VPOS="1025" HPOS="1276"/>
							<String ID="string_150" HPOS="1304" VPOS="1025" WIDTH="261" HEIGHT="38" WC="0.91" CONTENT="efterrättelse."/><SP WIDTH="57" VPOS="1025" HPOS="1565"/>
							<String ID="string_151" HPOS="1622" VPOS="1026" WIDTH="181" HEIGHT="38" WC="0.96" CONTENT="Däremot"/><SP WIDTH="27" VPOS="1026" HPOS="1803"/>
							<String ID="string_152" HPOS="1830" VPOS="1028" WIDTH="79" HEIGHT="48" WC="0.96" CONTENT="bör,"/><SP WIDTH="29" VPOS="1028" HPOS="1909"/>
							<String ID="string_153" HPOS="1938" VPOS="1032" WIDTH="49" HEIGHT="46" WC="0.96" CONTENT="på"/>
						</TextLine>
						<TextLine ID="line_17" HPOS="390" VPOS="1072" WIDTH="1596" HEIGHT="57">
							<String ID="string_154" HPOS="390" VPOS="1076" WIDTH="76" HEIGHT="32" WC="0.95" CONTENT="sätt"/><SP WIDTH="41" VPOS="1076" HPOS="466"/>
							<String ID="string_155" HPOS="507" VPOS="1072" WIDTH="144" HEIGHT="49" WC="0.96" CONTENT="Kungl."/><SP WIDTH="31" VPOS="1072" HPOS="651"/>
							<String ID="string_156" HPOS="682" VPOS="1073" WIDTH="107" HEIGHT="49" WC="0.95" CONTENT="Maj:t"/><SP WIDTH="27" VPOS="1073" HPOS="789"/>
							<String ID="string_157" HPOS="816" VPOS="1074" WIDTH="210" HEIGHT="49" WC="0.96" CONTENT="föreslagit,"/><SP WIDTH="30" VPOS="1074" HPOS="1026"/>
							<String ID="string_158" HPOS="1056" VPOS="1076" WIDTH="59" HEIGHT="36" WC="0.96" CONTENT="för"/><SP WIDTH="31" VPOS="1076" HPOS="1115"/>
							<String ID="string_159" HPOS="1146" VPOS="1076" WIDTH="86" HEIGHT="37" WC="0.96" CONTENT="dem"/><SP WIDTH="29" VPOS="1076" HPOS="1232"/>
							<String ID="string_160" HPOS="1261" VPOS="1077" WIDTH="155" HEIGHT="48" WC="0.96" CONTENT="stadgas"/><SP WIDTH="28" VPOS="1077" HPOS="1416"/>
							<String ID="string_161" HPOS="1444" VPOS="1078" WIDTH="225" HEIGHT="49" WC="0.96" CONTENT="skyldighet"/><SP WIDTH="28" VPOS="1078" HPOS="1669"/>
							<String ID="string_162" HPOS="1697" VPOS="1084" WIDTH="56" HEIGHT="32" WC="0.93" CONTENT="att"/><SP WIDTH="28" VPOS="1084" HPOS="1753"/>
							<String ID="string_163" HPOS="1781" VPOS="1080" WIDTH="92" HEIGHT="49" WC="0.92" CONTENT="afgå"/><SP WIDTH="27" VPOS="1080" HPOS="1873"/>
							<String ID="string_164" HPOS="1900" VPOS="1081" WIDTH="86" HEIGHT="36" WC="0.96" CONTENT="från"/>
						</TextLine>
						<TextLine ID="line_18" HPOS="387" VPOS="1124" WIDTH="1049" HEIGHT="53">
							<String ID="string_165" HPOS="387" VPOS="1124" WIDTH="181" HEIGHT="48" WC="0.96" CONTENT="tjänsten,"/><SP WIDTH="31" VPOS="1124" HPOS="568"/>
							<String ID="string_166" HPOS="599" VPOS="1124" WIDTH="47" HEIGHT="37" WC="0.96" CONTENT="då"/><SP WIDTH="29" VPOS="1124" HPOS="646"/>
							<String ID="string_167" HPOS="675" VPOS="1125" WIDTH="45" HEIGHT="36" WC="0.96" CONTENT="de"/><SP WIDTH="34" VPOS="1125" HPOS="720"/>
							<String ID="string_168" HPOS="754" VPOS="1125" WIDTH="125" HEIGHT="37" WC="0.96" CONTENT="blifvit"/><SP WIDTH="28" VPOS="1125" HPOS="879"/>
							<String ID="string_169" HPOS="907" VPOS="1126" WIDTH="241" HEIGHT="50" WC="0.96" CONTENT="berättigade"/><SP WIDTH="28" VPOS="1126" HPOS="1148"/>
							<String ID="string_170" HPOS="1176" VPOS="1128" WIDTH="59" HEIGHT="36" WC="0.96" CONTENT="till"/><SP WIDTH="27" VPOS="1128" HPOS="1235"/>
							<String ID="string_171" HPOS="1262" VPOS="1129" WIDTH="174" HEIGHT="48" WC="0.96" CONTENT="pension."/>
						</TextLine>
					</TextBlock>
					<TextBlock ID="block_3" HPOS="387" VPOS="1176" WIDTH="1602" HEIGHT="569">
						<TextLine ID="line_19" HPOS="514" VPOS="1176" WIDTH="1472" HEIGHT="56">
							<String ID="string_172" HPOS="514" VPOS="1176" WIDTH="57" HEIGHT="36" WC="0.96" CONTENT="Då"/><SP WIDTH="47" VPOS="1176" HPOS="571"/>
							<String ID="string_173" HPOS="618" VPOS="1176" WIDTH="66" HEIGHT="37" WC="0.96" CONTENT="det"/><SP WIDTH="40" VPOS="1176" HPOS="684"/>
							<String ID="string_174" HPOS="724" VPOS="1177" WIDTH="128" HEIGHT="37" WC="0.96" CONTENT="vidare"/><SP WIDTH="43" VPOS="1177" HPOS="852"/>
							<String ID="string_175" HPOS="895" VPOS="1191" WIDTH="115" HEIGHT="35" WC="0.93" CONTENT="synes"/><SP WIDTH="42" VPOS="1191" HPOS="1010"/>
							<String ID="string_176" HPOS="1052" VPOS="1179" WIDTH="183" HEIGHT="50" WC="0.88" CONTENT="önskligt,"/><SP WIDTH="44" VPOS="1179" HPOS="1235"/>
							<String ID="string_177" HPOS="1279" VPOS="1185" WIDTH="65" HEIGHT="43" WC="0.95" CONTENT="att,"/><SP WIDTH="30" VPOS="1185" HPOS="1344"/>
							<String ID="string_178" HPOS="1374" VPOS="1181" WIDTH="12" HEIGHT="36" WC="0.96" CONTENT="i"/><SP WIDTH="29" VPOS="1181" HPOS="1386"/>
							<String ID="string_179" HPOS="1415" VPOS="1182" WIDTH="177" HEIGHT="37" WC="0.96" CONTENT="afseende"/><SP WIDTH="42" VPOS="1182" HPOS="1592"/>
							<String ID="string_180" HPOS="1634" VPOS="1185" WIDTH="49" HEIGHT="47" WC="0.96" CONTENT="på"/><SP WIDTH="29" VPOS="1185" HPOS="1683"/>
							<String ID="string_181" HPOS="1712" VPOS="1183" WIDTH="274" HEIGHT="49" WC="0.96" CONTENT="skyldigheten"/>
						</TextLine>
						<TextLine ID="line_20" HPOS="388" VPOS="1227" WIDTH="1599" HEIGHT="51">
							<String ID="string_182" HPOS="388" VPOS="1232" WIDTH="56" HEIGHT="31" WC="0.95" CONTENT="att"/><SP WIDTH="41" VPOS="1232" HPOS="444"/>
							<String ID="string_183" HPOS="485" VPOS="1227" WIDTH="63" HEIGHT="37" WC="0.95" CONTENT="vid"/><SP WIDTH="45" VPOS="1227" HPOS="548"/>
							<String ID="string_184" HPOS="593" VPOS="1228" WIDTH="293" HEIGHT="50" WC="0.95" CONTENT="tjänstledighet"/><SP WIDTH="32" VPOS="1228" HPOS="886"/>
							<String ID="string_185" HPOS="918" VPOS="1230" WIDTH="59" HEIGHT="37" WC="0.96" CONTENT="för"/><SP WIDTH="27" VPOS="1230" HPOS="977"/>
							<String ID="string_186" HPOS="1004" VPOS="1230" WIDTH="124" HEIGHT="38" WC="0.96" CONTENT="skilda"/><SP WIDTH="29" VPOS="1230" HPOS="1128"/>
							<String ID="string_187" HPOS="1157" VPOS="1232" WIDTH="155" HEIGHT="37" WC="0.93" CONTENT="orsaker"/><SP WIDTH="28" VPOS="1232" HPOS="1312"/>
							<String ID="string_188" HPOS="1340" VPOS="1233" WIDTH="98" HEIGHT="37" WC="0.91" CONTENT="afstå"/><SP WIDTH="29" VPOS="1233" HPOS="1438"/>
							<String ID="string_189" HPOS="1467" VPOS="1234" WIDTH="77" HEIGHT="37" WC="0.96" CONTENT="viss"/><SP WIDTH="29" VPOS="1234" HPOS="1544"/>
							<String ID="string_190" HPOS="1573" VPOS="1234" WIDTH="96" HEIGHT="37" WC="0.96" CONTENT="efter"/><SP WIDTH="27" VPOS="1234" HPOS="1669"/>
							<String ID="string_191" HPOS="1696" VPOS="1235" WIDTH="291" HEIGHT="38" WC="0.96" CONTENT="förhållandena"/>
						</TextLine>
						<TextLine ID="line_21" HPOS="388" VPOS="1278" WIDTH="1601" HEIGHT="57">
							<String ID="string_192" HPOS="388" VPOS="1278" WIDTH="185" HEIGHT="38" WC="0.96" CONTENT="växlande"/><SP WIDTH="43" VPOS="1278" HPOS="573"/>
							<String ID="string_193" HPOS="616" VPOS="1280" WIDTH="62" HEIGHT="36" WC="0.94" CONTENT="del"/><SP WIDTH="42" VPOS="1280" HPOS="678"/>
							<String ID="string_194" HPOS="720" VPOS="1281" WIDTH="40" HEIGHT="36" WC="0.93" CONTENT="af"/><SP WIDTH="41" VPOS="1281" HPOS="760"/>
							<String ID="string_195" HPOS="801" VPOS="1281" WIDTH="229" HEIGHT="49" WC="0.91" CONTENT="aflöningen,"/><SP WIDTH="42" VPOS="1281" HPOS="1030"/>
							<String ID="string_196" HPOS="1072" VPOS="1283" WIDTH="123" HEIGHT="37" WC="0.96" CONTENT="likhet"/><SP WIDTH="42" VPOS="1283" HPOS="1195"/>
							<String ID="string_197" HPOS="1237" VPOS="1287" WIDTH="40" HEIGHT="34" WC="0.96" CONTENT="så"/><SP WIDTH="41" VPOS="1287" HPOS="1277"/>
							<String ID="string_198" HPOS="1318" VPOS="1284" WIDTH="83" HEIGHT="37" WC="0.96" CONTENT="vidt"/><SP WIDTH="42" VPOS="1284" HPOS="1401"/>
							<String ID="string_199" HPOS="1443" VPOS="1286" WIDTH="151" HEIGHT="49" WC="0.96" CONTENT="möjligt"/><SP WIDTH="33" VPOS="1286" HPOS="1594"/>
							<String ID="string_200" HPOS="1627" VPOS="1289" WIDTH="61" HEIGHT="33" WC="0.96" CONTENT="må"/><SP WIDTH="27" VPOS="1289" HPOS="1688"/>
							<String ID="string_201" HPOS="1715" VPOS="1287" WIDTH="138" HEIGHT="37" WC="0.96" CONTENT="vinnas"/><SP WIDTH="29" VPOS="1287" HPOS="1853"/>
							<String ID="string_202" HPOS="1882" VPOS="1288" WIDTH="107" HEIGHT="36" WC="0.95" CONTENT="såväl"/>
						</TextLine>
						<TextLine ID="line_22" HPOS="387" VPOS="1331" WIDTH="1601" HEIGHT="57">
							<String ID="string_203" HPOS="387" VPOS="1331" WIDTH="140" HEIGHT="37" WC="0.96" CONTENT="mellan"/><SP WIDTH="28" VPOS="1331" HPOS="527"/>
							<String ID="string_204" HPOS="555" VPOS="1332" WIDTH="229" HEIGHT="49" WC="0.96" CONTENT="personalen"/><SP WIDTH="28" VPOS="1332" HPOS="784"/>
							<String ID="string_205" HPOS="812" VPOS="1333" WIDTH="65" HEIGHT="37" WC="0.93" CONTENT="vid"/><SP WIDTH="29" VPOS="1333" HPOS="877"/>
							<String ID="string_206" HPOS="906" VPOS="1333" WIDTH="237" HEIGHT="49" WC="0.93" CONTENT="fångvården"/><SP WIDTH="29" VPOS="1333" HPOS="1143"/>
							<String ID="string_207" HPOS="1172" VPOS="1336" WIDTH="179" HEIGHT="36" WC="0.96" CONTENT="inbördes"/><SP WIDTH="29" VPOS="1336" HPOS="1351"/>
							<String ID="string_208" HPOS="1380" VPOS="1350" WIDTH="80" HEIGHT="23" WC="0.96" CONTENT="som"/><SP WIDTH="29" VPOS="1350" HPOS="1460"/>
							<String ID="string_209" HPOS="1489" VPOS="1338" WIDTH="142" HEIGHT="36" WC="0.96" CONTENT="mellan"/><SP WIDTH="33" VPOS="1338" HPOS="1631"/>
							<String ID="string_210" HPOS="1664" VPOS="1338" WIDTH="125" HEIGHT="37" WC="0.96" CONTENT="denna"/><SP WIDTH="19" VPOS="1338" HPOS="1789"/>
							<String ID="string_211" HPOS="1808" VPOS="1340" WIDTH="180" HEIGHT="48" WC="0.96" CONTENT="personal"/>
						</TextLine>
						<TextLine ID="line_23" HPOS="389" VPOS="1383" WIDTH="1596" HEIGHT="54">
							<String ID="string_212" HPOS="389" VPOS="1383" WIDTH="72" HEIGHT="37" WC="0.96" CONTENT="och"/><SP WIDTH="31" VPOS="1383" HPOS="461"/>
							<String ID="string_213" HPOS="492" VPOS="1384" WIDTH="227" HEIGHT="49" WC="0.96" CONTENT="personalen"/><SP WIDTH="28" VPOS="1384" HPOS="719"/>
							<String ID="string_214" HPOS="747" VPOS="1384" WIDTH="62" HEIGHT="37" WC="0.96" CONTENT="vid"/><SP WIDTH="29" VPOS="1384" HPOS="809"/>
							<String ID="string_215" HPOS="838" VPOS="1385" WIDTH="126" HEIGHT="49" WC="0.96" CONTENT="öfriga"/><SP WIDTH="27" VPOS="1385" HPOS="964"/>
							<String ID="string_216" HPOS="991" VPOS="1386" WIDTH="289" HEIGHT="51" WC="0.95" CONTENT="förvaltningar,"/><SP WIDTH="30" VPOS="1386" HPOS="1280"/>
							<String ID="string_217" HPOS="1310" VPOS="1401" WIDTH="114" HEIGHT="24" WC="0.95" CONTENT="anser"/><SP WIDTH="24" VPOS="1401" HPOS="1424"/>
							<String ID="string_218" HPOS="1448" VPOS="1389" WIDTH="189" HEIGHT="37" WC="0.96" CONTENT="utskottet"/><SP WIDTH="28" VPOS="1389" HPOS="1637"/>
							<String ID="string_219" HPOS="1665" VPOS="1395" WIDTH="56" HEIGHT="31" WC="0.96" CONTENT="att"/><SP WIDTH="27" VPOS="1395" HPOS="1721"/>
							<String ID="string_220" HPOS="1748" VPOS="1393" WIDTH="125" HEIGHT="35" WC="0.92" CONTENT="såsom"/><SP WIDTH="30" VPOS="1393" HPOS="1873"/>
							<String ID="string_221" HPOS="1903" VPOS="1392" WIDTH="82" HEIGHT="36" WC="0.75" CONTENT="vill-"/>
						</TextLine>
						<TextLine ID="line_24" HPOS="388" VPOS="1435" WIDTH="1600" HEIGHT="53">
							<String ID="string_222" HPOS="388" VPOS="1435" WIDTH="68" HEIGHT="36" WC="0.96" CONTENT="kor"/><SP WIDTH="27" VPOS="1435" HPOS="456"/>
							<String ID="string_223" HPOS="483" VPOS="1436" WIDTH="59" HEIGHT="36" WC="0.96" CONTENT="för"/><SP WIDTH="27" VPOS="1436" HPOS="542"/>
							<String ID="string_224" HPOS="569" VPOS="1435" WIDTH="76" HEIGHT="37" WC="0.96" CONTENT="den"/><SP WIDTH="29" VPOS="1435" HPOS="645"/>
							<String ID="string_225" HPOS="674" VPOS="1450" WIDTH="75" HEIGHT="35" WC="0.96" CONTENT="nya"/><SP WIDTH="28" VPOS="1450" HPOS="749"/>
							<String ID="string_226" HPOS="777" VPOS="1442" WIDTH="145" HEIGHT="32" WC="0.96" CONTENT="statens"/><SP WIDTH="28" VPOS="1442" HPOS="922"/>
							<String ID="string_227" HPOS="950" VPOS="1438" WIDTH="244" HEIGHT="50" WC="0.96" CONTENT="tillämpning"/><SP WIDTH="28" VPOS="1438" HPOS="1194"/>
							<String ID="string_228" HPOS="1222" VPOS="1439" WIDTH="79" HEIGHT="47" WC="0.92" CONTENT="bör,"/><SP WIDTH="20" VPOS="1439" HPOS="1301"/>
							<String ID="string_229" HPOS="1321" VPOS="1440" WIDTH="12" HEIGHT="36" WC="0.93" CONTENT="i"/><SP WIDTH="21" VPOS="1440" HPOS="1333"/>
							<String ID="string_230" HPOS="1354" VPOS="1441" WIDTH="401" HEIGHT="38" WC="0.92" CONTENT="öfverensstämmelse"/><SP WIDTH="21" VPOS="1441" HPOS="1755"/>
							<String ID="string_231" HPOS="1776" VPOS="1443" WIDTH="86" HEIGHT="36" WC="0.96" CONTENT="med"/><SP WIDTH="25" VPOS="1443" HPOS="1862"/>
							<String ID="string_232" HPOS="1887" VPOS="1444" WIDTH="101" HEIGHT="36" WC="0.96" CONTENT="hvad"/>
						</TextLine>
						<TextLine ID="line_25" HPOS="388" VPOS="1487" WIDTH="1599" HEIGHT="57">
							<String ID="string_233" HPOS="388" VPOS="1501" WIDTH="80" HEIGHT="23" WC="0.96" CONTENT="som"/><SP WIDTH="29" VPOS="1501" HPOS="468"/>
							<String ID="string_234" HPOS="497" VPOS="1487" WIDTH="142" HEIGHT="37" WC="0.96" CONTENT="skedde"/><SP WIDTH="31" VPOS="1487" HPOS="639"/>
							<String ID="string_235" HPOS="670" VPOS="1488" WIDTH="63" HEIGHT="37" WC="0.96" CONTENT="vid"/><SP WIDTH="31" VPOS="1488" HPOS="733"/>
							<String ID="string_236" HPOS="764" VPOS="1491" WIDTH="96" HEIGHT="35" WC="0.96" CONTENT="1902"/><SP WIDTH="31" VPOS="1491" HPOS="860"/>
							<String ID="string_237" HPOS="891" VPOS="1492" WIDTH="60" HEIGHT="34" WC="0.96" CONTENT="års"/><SP WIDTH="29" VPOS="1492" HPOS="951"/>
							<String ID="string_238" HPOS="980" VPOS="1490" WIDTH="182" HEIGHT="49" WC="0.96" CONTENT="Riksdag,"/><SP WIDTH="31" VPOS="1490" HPOS="1162"/>
							<String ID="string_239" HPOS="1193" VPOS="1491" WIDTH="45" HEIGHT="37" WC="0.96" CONTENT="då"/><SP WIDTH="20" VPOS="1491" HPOS="1238"/>
							<String ID="string_240" HPOS="1258" VPOS="1493" WIDTH="101" HEIGHT="36" WC="0.93" CONTENT="vissa"/><SP WIDTH="25" VPOS="1493" HPOS="1359"/>
							<String ID="string_241" HPOS="1384" VPOS="1493" WIDTH="289" HEIGHT="49" WC="0.89" CONTENT="fångbetjäntes"/><SP WIDTH="20" VPOS="1493" HPOS="1673"/>
							<String ID="string_242" HPOS="1693" VPOS="1494" WIDTH="106" HEIGHT="38" WC="0.93" CONTENT="löner"/><SP WIDTH="18" VPOS="1494" HPOS="1799"/>
							<String ID="string_243" HPOS="1817" VPOS="1496" WIDTH="170" HEIGHT="48" WC="0.90" CONTENT="reglera-"/>
						</TextLine>
						<TextLine ID="line_26" HPOS="387" VPOS="1539" WIDTH="1600" HEIGHT="56">
							<String ID="string_244" HPOS="387" VPOS="1539" WIDTH="78" HEIGHT="48" WC="0.93" CONTENT="des,"/><SP WIDTH="30" VPOS="1539" HPOS="465"/>
							<String ID="string_245" HPOS="495" VPOS="1540" WIDTH="264" HEIGHT="48" WC="0.91" CONTENT="föreskrifvas,"/><SP WIDTH="30" VPOS="1540" HPOS="759"/>
							<String ID="string_246" HPOS="789" VPOS="1547" WIDTH="56" HEIGHT="31" WC="0.92" CONTENT="att"/><SP WIDTH="40" VPOS="1547" HPOS="845"/>
							<String ID="string_247" HPOS="885" VPOS="1542" WIDTH="395" HEIGHT="48" WC="0.92" CONTENT="tjänsteinnehafvare"/><SP WIDTH="42" VPOS="1542" HPOS="1280"/>
							<String ID="string_248" HPOS="1322" VPOS="1545" WIDTH="98" HEIGHT="36" WC="0.96" CONTENT="skall"/><SP WIDTH="41" VPOS="1545" HPOS="1420"/>
							<String ID="string_249" HPOS="1461" VPOS="1559" WIDTH="90" HEIGHT="23" WC="0.96" CONTENT="vara"/><SP WIDTH="29" VPOS="1559" HPOS="1551"/>
							<String ID="string_250" HPOS="1580" VPOS="1546" WIDTH="156" HEIGHT="49" WC="0.96" CONTENT="skyldig"/><SP WIDTH="28" VPOS="1546" HPOS="1736"/>
							<String ID="string_251" HPOS="1764" VPOS="1552" WIDTH="55" HEIGHT="31" WC="0.93" CONTENT="att"/><SP WIDTH="28" VPOS="1552" HPOS="1819"/>
							<String ID="string_252" HPOS="1847" VPOS="1548" WIDTH="140" HEIGHT="37" WC="0.91" CONTENT="under-"/>
						</TextLine>
						<TextLine ID="line_27" HPOS="387" VPOS="1591" WIDTH="1600" HEIGHT="50">
							<String ID="string_253" HPOS="387" VPOS="1591" WIDTH="109" HEIGHT="37" WC="0.96" CONTENT="kasta"/><SP WIDTH="41" VPOS="1591" HPOS="496"/>
							<String ID="string_254" HPOS="537" VPOS="1592" WIDTH="61" HEIGHT="49" WC="0.96" CONTENT="sig"/><SP WIDTH="41" VPOS="1592" HPOS="598"/>
							<String ID="string_255" HPOS="639" VPOS="1592" WIDTH="46" HEIGHT="37" WC="0.94" CONTENT="de"/><SP WIDTH="42" VPOS="1592" HPOS="685"/>
							<String ID="string_256" HPOS="727" VPOS="1593" WIDTH="227" HEIGHT="38" WC="0.94" CONTENT="förändrade"/><SP WIDTH="42" VPOS="1593" HPOS="954"/>
							<String ID="string_257" HPOS="996" VPOS="1594" WIDTH="287" HEIGHT="39" WC="0.96" CONTENT="bestämmelser"/><SP WIDTH="28" VPOS="1594" HPOS="1283"/>
							<String ID="string_258" HPOS="1311" VPOS="1597" WIDTH="11" HEIGHT="36" WC="0.96" CONTENT="i"/><SP WIDTH="29" VPOS="1597" HPOS="1322"/>
							<String ID="string_259" HPOS="1351" VPOS="1597" WIDTH="179" HEIGHT="37" WC="0.93" CONTENT="afseende"/><SP WIDTH="35" VPOS="1597" HPOS="1530"/>
							<String ID="string_260" HPOS="1565" VPOS="1601" WIDTH="21" HEIGHT="32" WC="0.90" CONTENT="å"/><SP WIDTH="35" VPOS="1601" HPOS="1586"/>
							<String ID="string_261" HPOS="1621" VPOS="1598" WIDTH="189" HEIGHT="38" WC="0.96" CONTENT="villkoren"/><SP WIDTH="33" VPOS="1598" HPOS="1810"/>
							<String ID="string_262" HPOS="1843" VPOS="1600" WIDTH="61" HEIGHT="36" WC="0.93" CONTENT="för"/><SP WIDTH="27" VPOS="1600" HPOS="1904"/>
							<String ID="string_263" HPOS="1931" VPOS="1603" WIDTH="56" HEIGHT="34" WC="0.92" CONTENT="åt-"/>
						</TextLine>
						<TextLine ID="line_28" HPOS="387" VPOS="1643" WIDTH="1601" HEIGHT="57">
							<String ID="string_264" HPOS="387" VPOS="1643" WIDTH="180" HEIGHT="48" WC="0.91" CONTENT="njutande"/><SP WIDTH="44" VPOS="1643" HPOS="567"/>
							<String ID="string_265" HPOS="611" VPOS="1644" WIDTH="65" HEIGHT="36" WC="0.91" CONTENT="vid"/><SP WIDTH="46" VPOS="1644" HPOS="676"/>
							<String ID="string_266" HPOS="722" VPOS="1645" WIDTH="291" HEIGHT="50" WC="0.91" CONTENT="tjänstledighet"/><SP WIDTH="44" VPOS="1645" HPOS="1013"/>
							<String ID="string_267" HPOS="1057" VPOS="1647" WIDTH="41" HEIGHT="36" WC="0.96" CONTENT="af"/><SP WIDTH="37" VPOS="1647" HPOS="1098"/>
							<String ID="string_268" HPOS="1135" VPOS="1647" WIDTH="65" HEIGHT="37" WC="0.95" CONTENT="lön"/><SP WIDTH="41" VPOS="1647" HPOS="1200"/>
							<String ID="string_269" HPOS="1241" VPOS="1649" WIDTH="70" HEIGHT="36" WC="0.93" CONTENT="och"/><SP WIDTH="41" VPOS="1649" HPOS="1311"/>
							<String ID="string_270" HPOS="1352" VPOS="1649" WIDTH="517" HEIGHT="51" WC="0.91" CONTENT="tjänstgöringspenningar,"/><SP WIDTH="37" VPOS="1649" HPOS="1869"/>
							<String ID="string_271" HPOS="1906" VPOS="1665" WIDTH="82" HEIGHT="23" WC="0.96" CONTENT="som"/>
						</TextLine>
						<TextLine ID="line_29" HPOS="388" VPOS="1695" WIDTH="498" HEIGHT="50">
							<String ID="string_272" HPOS="388" VPOS="1695" WIDTH="128" HEIGHT="36" WC="0.93" CONTENT="kunna"/><SP WIDTH="28" VPOS="1695" HPOS="516"/>
							<String ID="string_273" HPOS="544" VPOS="1696" WIDTH="117" HEIGHT="36" WC="0.92" CONTENT="varda"/><SP WIDTH="29" VPOS="1696" HPOS="661"/>
							<String ID="string_274" HPOS="690" VPOS="1696" WIDTH="196" HEIGHT="49" WC="0.95" CONTENT="stadgade."/>
						</TextLine>
					</TextBlock>
					<TextBlock ID="block_4" HPOS="386" VPOS="1747" WIDTH="1603" HEIGHT="523">
						<TextLine ID="line_30" HPOS="514" VPOS="1747" WIDTH="1473" HEIGHT="55">
							<String ID="string_275" HPOS="514" VPOS="1747" WIDTH="16" HEIGHT="36" WC="0.93" CONTENT="I"/><SP WIDTH="46" VPOS="1747" HPOS="530"/>
							<String ID="string_276" HPOS="576" VPOS="1747" WIDTH="178" HEIGHT="38" WC="0.93" CONTENT="afseende"/><SP WIDTH="41" VPOS="1747" HPOS="754"/>
							<String ID="string_277" HPOS="795" VPOS="1752" WIDTH="21" HEIGHT="33" WC="0.92" CONTENT="å"/><SP WIDTH="35" VPOS="1752" HPOS="816"/>
							<String ID="string_278" HPOS="851" VPOS="1750" WIDTH="46" HEIGHT="36" WC="0.96" CONTENT="de"/><SP WIDTH="31" VPOS="1750" HPOS="897"/>
							<String ID="string_279" HPOS="928" VPOS="1750" WIDTH="219" HEIGHT="49" WC="0.93" CONTENT="föreslagna"/><SP WIDTH="29" VPOS="1750" HPOS="1147"/>
							<String ID="string_280" HPOS="1176" VPOS="1751" WIDTH="382" HEIGHT="51" WC="0.91" CONTENT="aflöningsbeloppen"/><SP WIDTH="29" VPOS="1751" HPOS="1558"/>
							<String ID="string_281" HPOS="1587" VPOS="1754" WIDTH="71" HEIGHT="36" WC="0.96" CONTENT="har"/><SP WIDTH="28" VPOS="1754" HPOS="1658"/>
							<String ID="string_282" HPOS="1686" VPOS="1755" WIDTH="188" HEIGHT="36" WC="0.93" CONTENT="utskottet"/><SP WIDTH="28" VPOS="1755" HPOS="1874"/>
							<String ID="string_283" HPOS="1902" VPOS="1755" WIDTH="85" HEIGHT="36" WC="0.92" CONTENT="fun-"/>
						</TextLine>
						<TextLine ID="line_31" HPOS="387" VPOS="1799" WIDTH="1601" HEIGHT="54">
							<String ID="string_284" HPOS="387" VPOS="1799" WIDTH="56" HEIGHT="37" WC="0.96" CONTENT="nit"/><SP WIDTH="29" VPOS="1799" HPOS="443"/>
							<String ID="string_285" HPOS="472" VPOS="1799" WIDTH="61" HEIGHT="49" WC="0.96" CONTENT="sig"/><SP WIDTH="27" VPOS="1799" HPOS="533"/>
							<String ID="string_286" HPOS="560" VPOS="1800" WIDTH="94" HEIGHT="36" WC="0.96" CONTENT="böra"/><SP WIDTH="29" VPOS="1800" HPOS="654"/>
							<String ID="string_287" HPOS="683" VPOS="1805" WIDTH="93" HEIGHT="44" WC="0.96" CONTENT="göra"/><SP WIDTH="28" VPOS="1805" HPOS="776"/>
							<String ID="string_288" HPOS="804" VPOS="1801" WIDTH="101" HEIGHT="37" WC="0.96" CONTENT="vissa"/><SP WIDTH="28" VPOS="1801" HPOS="905"/>
							<String ID="string_289" HPOS="933" VPOS="1802" WIDTH="279" HEIGHT="50" WC="0.96" CONTENT="förändringar."/><SP WIDTH="48" VPOS="1802" HPOS="1212"/>
							<String ID="string_290" HPOS="1260" VPOS="1803" WIDTH="55" HEIGHT="37" WC="0.96" CONTENT="De"/><SP WIDTH="29" VPOS="1803" HPOS="1315"/>
							<String ID="string_291" HPOS="1344" VPOS="1804" WIDTH="214" HEIGHT="49" WC="0.91" CONTENT="föreslagna"/><SP WIDTH="29" VPOS="1804" HPOS="1558"/>
							<String ID="string_292" HPOS="1587" VPOS="1805" WIDTH="401" HEIGHT="39" WC="0.91" CONTENT="skrifvarearfvodena"/>
						</TextLine>
						<TextLine ID="line_32" HPOS="388" VPOS="1851" WIDTH="1601" HEIGHT="54">
							<String ID="string_293" HPOS="388" VPOS="1852" WIDTH="58" HEIGHT="36" WC="0.95" CONTENT="för"/><SP WIDTH="45" VPOS="1852" HPOS="446"/>
							<String ID="string_294" HPOS="491" VPOS="1851" WIDTH="262" HEIGHT="38" WC="0.96" CONTENT="direktörerna"/><SP WIDTH="45" VPOS="1851" HPOS="753"/>
							<String ID="string_295" HPOS="798" VPOS="1853" WIDTH="61" HEIGHT="36" WC="0.93" CONTENT="vid"/><SP WIDTH="43" VPOS="1853" HPOS="859"/>
							<String ID="string_296" HPOS="902" VPOS="1853" WIDTH="327" HEIGHT="50" WC="0.89" CONTENT="länsfängelserna"/><SP WIDTH="41" VPOS="1853" HPOS="1229"/>
							<String ID="string_297" HPOS="1270" VPOS="1855" WIDTH="12" HEIGHT="36" WC="0.96" CONTENT="i"/><SP WIDTH="43" VPOS="1855" HPOS="1282"/>
							<String ID="string_298" HPOS="1325" VPOS="1855" WIDTH="198" HEIGHT="50" WC="0.96" CONTENT="Göteborg"/><SP WIDTH="50" VPOS="1855" HPOS="1523"/>
							<String ID="string_299" HPOS="1573" VPOS="1858" WIDTH="71" HEIGHT="36" WC="0.96" CONTENT="och"/><SP WIDTH="45" VPOS="1858" HPOS="1644"/>
							<String ID="string_300" HPOS="1689" VPOS="1858" WIDTH="139" HEIGHT="36" WC="0.96" CONTENT="Malmö"/><SP WIDTH="47" VPOS="1858" HPOS="1828"/>
							<String ID="string_301" HPOS="1875" VPOS="1858" WIDTH="114" HEIGHT="37" WC="0.96" CONTENT="hafva"/>
						</TextLine>
						<TextLine ID="line_33" HPOS="388" VPOS="1903" WIDTH="1599" HEIGHT="52">
							<String ID="string_302" HPOS="388" VPOS="1903" WIDTH="131" HEIGHT="37" WC="0.96" CONTENT="sänkts"/><SP WIDTH="42" VPOS="1903" HPOS="519"/>
							<String ID="string_303" HPOS="561" VPOS="1904" WIDTH="89" HEIGHT="36" WC="0.95" CONTENT="med"/><SP WIDTH="42" VPOS="1904" HPOS="650"/>
							<String ID="string_304" HPOS="692" VPOS="1906" WIDTH="72" HEIGHT="35" WC="0.96" CONTENT="200"/><SP WIDTH="29" VPOS="1906" HPOS="764"/>
							<String ID="string_305" HPOS="793" VPOS="1905" WIDTH="143" HEIGHT="37" WC="0.96" CONTENT="kronor"/><SP WIDTH="28" VPOS="1905" HPOS="936"/>
							<String ID="string_306" HPOS="964" VPOS="1913" WIDTH="97" HEIGHT="29" WC="0.96" CONTENT="samt"/><SP WIDTH="29" VPOS="1913" HPOS="1061"/>
							<String ID="string_307" HPOS="1090" VPOS="1906" WIDTH="123" HEIGHT="49" WC="0.93" CONTENT="dylikt"/><SP WIDTH="25" VPOS="1906" HPOS="1213"/>
							<String ID="string_308" HPOS="1238" VPOS="1908" WIDTH="156" HEIGHT="37" WC="0.92" CONTENT="arfvode"/><SP WIDTH="28" VPOS="1908" HPOS="1394"/>
							<String ID="string_309" HPOS="1422" VPOS="1908" WIDTH="59" HEIGHT="37" WC="0.96" CONTENT="för"/><SP WIDTH="28" VPOS="1908" HPOS="1481"/>
							<String ID="string_310" HPOS="1509" VPOS="1909" WIDTH="221" HEIGHT="37" WC="0.96" CONTENT="direktören"/><SP WIDTH="27" VPOS="1909" HPOS="1730"/>
							<String ID="string_311" HPOS="1757" VPOS="1909" WIDTH="64" HEIGHT="37" WC="0.93" CONTENT="vid"/><SP WIDTH="27" VPOS="1909" HPOS="1821"/>
							<String ID="string_312" HPOS="1848" VPOS="1909" WIDTH="139" HEIGHT="38" WC="0.93" CONTENT="krono-"/>
						</TextLine>
						<TextLine ID="line_34" HPOS="386" VPOS="1954" WIDTH="1603" HEIGHT="57">
							<String ID="string_313" HPOS="386" VPOS="1954" WIDTH="134" HEIGHT="38" WC="0.96" CONTENT="häktet"/><SP WIDTH="27" VPOS="1954" HPOS="520"/>
							<String ID="string_314" HPOS="547" VPOS="1955" WIDTH="12" HEIGHT="36" WC="0.96" CONTENT="i"/><SP WIDTH="30" VPOS="1955" HPOS="559"/>
							<String ID="string_315" HPOS="589" VPOS="1955" WIDTH="205" HEIGHT="38" WC="0.96" CONTENT="Västervik"/><SP WIDTH="27" VPOS="1955" HPOS="794"/>
							<String ID="string_316" HPOS="821" VPOS="1957" WIDTH="207" HEIGHT="47" WC="0.96" CONTENT="uteslutits,"/><SP WIDTH="20" VPOS="1957" HPOS="1028"/>
							<String ID="string_317" HPOS="1048" VPOS="1958" WIDTH="200" HEIGHT="37" WC="0.96" CONTENT="hvaremot"/><SP WIDTH="20" VPOS="1958" HPOS="1248"/>
							<String ID="string_318" HPOS="1268" VPOS="1961" WIDTH="266" HEIGHT="36" WC="0.96" CONTENT="motsvarande"/><SP WIDTH="16" VPOS="1961" HPOS="1534"/>
							<String ID="string_319" HPOS="1550" VPOS="1961" WIDTH="140" HEIGHT="50" WC="0.96" CONTENT="belopp"/><SP WIDTH="16" VPOS="1961" HPOS="1690"/>
							<String ID="string_320" HPOS="1706" VPOS="1962" WIDTH="42" HEIGHT="36" WC="0.96" CONTENT="af"/><SP WIDTH="13" VPOS="1962" HPOS="1748"/>
							<String ID="string_321" HPOS="1761" VPOS="1963" WIDTH="74" HEIGHT="36" WC="0.96" CONTENT="200"/><SP WIDTH="15" VPOS="1963" HPOS="1835"/>
							<String ID="string_322" HPOS="1850" VPOS="1962" WIDTH="139" HEIGHT="37" WC="0.96" CONTENT="kronor"/>
						</TextLine>
						<TextLine ID="line_35" HPOS="389" VPOS="2006" WIDTH="1600" HEIGHT="57">
							<String ID="string_323" HPOS="389" VPOS="2006" WIDTH="263" HEIGHT="50" WC="0.91" CONTENT="tillgodoförts"/><SP WIDTH="29" VPOS="2006" HPOS="652"/>
							<String ID="string_324" HPOS="681" VPOS="2021" WIDTH="143" HEIGHT="25" WC="0.96" CONTENT="samma"/><SP WIDTH="27" VPOS="2021" HPOS="824"/>
							<String ID="string_325" HPOS="851" VPOS="2015" WIDTH="58" HEIGHT="31" WC="0.91" CONTENT="tre"/><SP WIDTH="28" VPOS="2015" HPOS="909"/>
							<String ID="string_326" HPOS="937" VPOS="2010" WIDTH="255" HEIGHT="49" WC="0.91" CONTENT="tjänstemäns"/><SP WIDTH="16" VPOS="2010" HPOS="1192"/>
							<String ID="string_327" HPOS="1208" VPOS="2011" WIDTH="513" HEIGHT="50" WC="0.91" CONTENT="tjänstgöringspenningar,"/><SP WIDTH="15" VPOS="2011" HPOS="1721"/>
							<String ID="string_328" HPOS="1736" VPOS="2014" WIDTH="253" HEIGHT="49" WC="0.96" CONTENT="hvarigenom"/>
						</TextLine>
						<TextLine ID="line_36" HPOS="386" VPOS="2059" WIDTH="1603" HEIGHT="56">
							<String ID="string_329" HPOS="386" VPOS="2061" WIDTH="129" HEIGHT="51" WC="0.96" CONTENT="någon"/><SP WIDTH="14" VPOS="2061" HPOS="515"/>
							<String ID="string_330" HPOS="529" VPOS="2059" WIDTH="226" HEIGHT="50" WC="0.96" CONTENT="minskning"/><SP WIDTH="15" VPOS="2059" HPOS="755"/>
							<String ID="string_331" HPOS="770" VPOS="2061" WIDTH="156" HEIGHT="36" WC="0.95" CONTENT="vunnits"/><SP WIDTH="16" VPOS="2061" HPOS="926"/>
							<String ID="string_332" HPOS="942" VPOS="2061" WIDTH="11" HEIGHT="36" WC="0.95" CONTENT="i"/><SP WIDTH="20" VPOS="2061" HPOS="953"/>
							<String ID="string_333" HPOS="973" VPOS="2062" WIDTH="248" HEIGHT="48" WC="0.96" CONTENT="mångfalden"/><SP WIDTH="11" VPOS="2062" HPOS="1221"/>
							<String ID="string_334" HPOS="1232" VPOS="2063" WIDTH="40" HEIGHT="36" WC="0.96" CONTENT="af"/><SP WIDTH="8" VPOS="2063" HPOS="1272"/>
							<String ID="string_335" HPOS="1280" VPOS="2063" WIDTH="101" HEIGHT="37" WC="0.93" CONTENT="olika"/><SP WIDTH="12" VPOS="2063" HPOS="1381"/>
							<String ID="string_336" HPOS="1393" VPOS="2064" WIDTH="596" HEIGHT="51" WC="0.89" CONTENT="aflöningssammansättningar."/>
						</TextLine>
						<TextLine ID="line_37" HPOS="387" VPOS="2110" WIDTH="1602" HEIGHT="56">
							<String ID="string_337" HPOS="387" VPOS="2110" WIDTH="128" HEIGHT="37" WC="0.22" CONTENT="Äfven"/><SP WIDTH="29" VPOS="2110" HPOS="515"/>
							<String ID="string_338" HPOS="544" VPOS="2111" WIDTH="98" HEIGHT="36" WC="0.95" CONTENT="efter"/><SP WIDTH="28" VPOS="2111" HPOS="642"/>
							<String ID="string_339" HPOS="670" VPOS="2124" WIDTH="48" HEIGHT="23" WC="0.95" CONTENT="en"/><SP WIDTH="27" VPOS="2124" HPOS="718"/>
							<String ID="string_340" HPOS="745" VPOS="2112" WIDTH="106" HEIGHT="49" WC="0.96" CONTENT="dylik"/><SP WIDTH="29" VPOS="2112" HPOS="851"/>
							<String ID="string_341" HPOS="880" VPOS="2113" WIDTH="248" HEIGHT="49" WC="0.96" CONTENT="omflyttning"/><SP WIDTH="28" VPOS="2113" HPOS="1128"/>
							<String ID="string_342" HPOS="1156" VPOS="2115" WIDTH="139" HEIGHT="36" WC="0.93" CONTENT="mellan"/><SP WIDTH="29" VPOS="2115" HPOS="1295"/>
							<String ID="string_343" HPOS="1324" VPOS="2115" WIDTH="344" HEIGHT="49" WC="0.91" CONTENT="aflöningstitlarna"/><SP WIDTH="27" VPOS="2115" HPOS="1668"/>
							<String ID="string_344" HPOS="1695" VPOS="2117" WIDTH="69" HEIGHT="37" WC="0.96" CONTENT="bör"/><SP WIDTH="30" VPOS="2117" HPOS="1764"/>
							<String ID="string_345" HPOS="1794" VPOS="2131" WIDTH="123" HEIGHT="35" WC="0.96" CONTENT="anses,"/><SP WIDTH="17" VPOS="2131" HPOS="1917"/>
							<String ID="string_346" HPOS="1934" VPOS="2123" WIDTH="55" HEIGHT="31" WC="0.96" CONTENT="att"/>
						</TextLine>
						<TextLine ID="line_38" HPOS="386" VPOS="2161" WIDTH="1603" HEIGHT="56">
							<String ID="string_347" HPOS="386" VPOS="2161" WIDTH="161" HEIGHT="50" WC="0.96" CONTENT="behörig"/><SP WIDTH="46" VPOS="2161" HPOS="547"/>
							<String ID="string_348" HPOS="593" VPOS="2163" WIDTH="218" HEIGHT="49" WC="0.95" CONTENT="ersättning"/><SP WIDTH="45" VPOS="2163" HPOS="811"/>
							<String ID="string_349" HPOS="856" VPOS="2165" WIDTH="61" HEIGHT="36" WC="0.95" CONTENT="för"/><SP WIDTH="41" VPOS="2165" HPOS="917"/>
							<String ID="string_350" HPOS="958" VPOS="2165" WIDTH="273" HEIGHT="38" WC="0.96" CONTENT="omkostnader"/><SP WIDTH="38" VPOS="2165" HPOS="1231"/>
							<String ID="string_351" HPOS="1269" VPOS="2167" WIDTH="60" HEIGHT="36" WC="0.88" CONTENT="för"/><SP WIDTH="40" VPOS="2167" HPOS="1329"/>
							<String ID="string_352" HPOS="1369" VPOS="2167" WIDTH="248" HEIGHT="38" WC="0.88" CONTENT="skrifbiträde"/><SP WIDTH="41" VPOS="2167" HPOS="1617"/>
							<String ID="string_353" HPOS="1658" VPOS="2183" WIDTH="48" HEIGHT="22" WC="0.89" CONTENT="m."/><SP WIDTH="44" VPOS="2183" HPOS="1706"/>
							<String ID="string_354" HPOS="1750" VPOS="2183" WIDTH="47" HEIGHT="23" WC="0.90" CONTENT="m."/><SP WIDTH="44" VPOS="2183" HPOS="1797"/>
							<String ID="string_355" HPOS="1841" VPOS="2169" WIDTH="148" HEIGHT="48" WC="0.91" CONTENT="tillagts"/>
						</TextLine>
						<TextLine ID="line_39" HPOS="391" VPOS="2214" WIDTH="1597" HEIGHT="56">
							<String ID="string_356" HPOS="391" VPOS="2214" WIDTH="110" HEIGHT="37" WC="0.91" CONTENT="desse"/><SP WIDTH="42" VPOS="2214" HPOS="501"/>
							<String ID="string_357" HPOS="543" VPOS="2214" WIDTH="409" HEIGHT="50" WC="0.92" CONTENT="tjänsteinnehafvare,"/><SP WIDTH="30" VPOS="2214" HPOS="952"/>
							<String ID="string_358" HPOS="982" VPOS="2219" WIDTH="40" HEIGHT="34" WC="0.96" CONTENT="så"/><SP WIDTH="41" VPOS="2219" HPOS="1022"/>
							<String ID="string_359" HPOS="1063" VPOS="2222" WIDTH="57" HEIGHT="31" WC="0.97" CONTENT="att"/><SP WIDTH="41" VPOS="2222" HPOS="1120"/>
							<String ID="string_360" HPOS="1161" VPOS="2218" WIDTH="225" HEIGHT="49" WC="0.95" CONTENT="ytterligare"/><SP WIDTH="42" VPOS="2218" HPOS="1386"/>
							<String ID="string_361" HPOS="1428" VPOS="2219" WIDTH="105" HEIGHT="49" WC="0.96" CONTENT="dylik"/><SP WIDTH="38" VPOS="2219" HPOS="1533"/>
							<String ID="string_362" HPOS="1571" VPOS="2221" WIDTH="217" HEIGHT="49" WC="0.96" CONTENT="ersättning"/><SP WIDTH="28" VPOS="2221" HPOS="1788"/>
							<String ID="string_363" HPOS="1816" VPOS="2221" WIDTH="83" HEIGHT="37" WC="0.96" CONTENT="icke"/><SP WIDTH="30" VPOS="2221" HPOS="1899"/>
							<String ID="string_364" HPOS="1929" VPOS="2225" WIDTH="59" HEIGHT="34" WC="0.96" CONTENT="må"/>
						</TextLine>
					</TextBlock>
				</ComposedBlock>
			</PrintSpace>
		</Page>
	</Layout>
</alto>
