2228 2600
465 172 38 31 74
927 171 248 39 Statsutskottets
1207 180 166 32 Utlåtande
1400 181 58 31 N:o
1481 186 28 28 3.

420 248 388 53 byggnadsförslaget
853 254 160 50 inginge
1059 258 114 36 äfven
1221 259 244 38 anordnande
1507 262 40 36 af
1584 262 182 51 lämpliga
1808 265 202 38 domstols-

418 300 155 50 lokaler,
617 304 70 36 och
728 305 132 49 afsåge
890 306 220 44 detsamma,
1141 309 112 37 bland
1289 317 129 43 annat,
1455 318 55 31 att
1538 313 129 38 kunna
1695 316 174 49 särskilja
1897 331 112 23 rann-

418 353 215 50 saknings-,
663 356 124 36 bötes-
822 358 70 36 och
923 358 148 38 kortare
1099 361 75 36 tids
1200 362 145 49 fångar,
1376 377 81 23 som
1479 365 125 37 kunde
1625 368 147 48 åtnöjas
1793 368 83 37 med
1897 370 114 37 celler

417 405 42 36 af
483 405 145 38 mindre
658 408 152 48 storlek,
840 410 84 36 från
954 411 96 48 dem,
1081 426 80 23 som
1193 414 124 37 blifvit
1346 415 139 38 dömda
1512 417 58 36 till
1598 418 91 49 lång
1716 419 74 37 tids
1811 422 112 35 straff
1939 423 70 35 och

415 456 12 36 i
455 456 92 50 följd
576 458 111 37 däraf
712 459 114 38 borde
855 461 206 50 inrymmas
1089 465 8 35 i
1122 470 130 33 'större
1286 467 122 37 celler.

543 510 435 51 Fångvårdsstyrelsens
1005 515 223 39 biträdande
1258 519 166 37 arkitekt
1453 520 68 37 har
1542 522 181 49 uppgjort
1742 524 188 49 ritningar
1949 526 58 36 till

414 565 87 43 nytt
533 561 244 50 cellfängelse
810 565 64 35 vid
904 565 199 52 Göteborg
1132 569 194 38 äfvensom
1357 576 196 45 upprättat
1582 578 54 32 ett
1665 575 340 51 kostnadsförslag,

414 612 121 49 enligt
562 613 147 38 hvilket
737 615 214 39 kostnaden
981 619 56 36 för
1065 622 236 47 uppförande
1331 623 40 36 af
1396 624 248 38 förenämnda
1672 626 230 50 byggnader
1921 630 83 36 där-

413 664 127 37 städes
581 666 122 37 skulle
745 671 129 45 uppgå
907 669 57 36 till
997 672 162 47 622,000
1190 673 146 49 kronor,
1367 675 154 37 hvartill
1549 677 172 37 kommer
1748 679 257 39 lösesumman

411 715 61 36 för
511 716 361 51 besittningsrätten
913 721 58 36 till
1012 723 62 36 det
1117 724 226 50 ifrågasatta
1386 728 173 37 området
1601 731 20 34 å
1663 728 110 40 Stora
1811 732 194 38 Härlanda

415 769 135 45 78,000
592 768 148 48 kronor,
779 774 41 34 så
856 777 56 31 att
946 774 212 38 kostnaden
1192 778 11 34 i
1236 777 86 38 dess
1356 779 129 37 helhet
1519 781 119 48 enligt
1666 782 187 50 förslaget
1882 785 122 37 skulle

409 824 137 44 utgöra
576 822 163 47 700,000
768 823 149 37 kronor.

599 873 239 50 ritningarna
870 876 123 37 finnes
1021 878 114 37 äfven
1166 886 193 44 upptagen
1388 895 48 24 en
1465 884 162 36 särskild
1653 885 349 52 bostadsbyggnad

408 922 59 36 för
492 923 262 50 vaktbetjänte
783 927 61 36 vid
874 928 198 48 fängelset.
1121 931 415 52 Fångvårdsstyrelsen
1566 936 69 36 har
1663 937 12 36 i
1704 938 179 38 afseende
1911 940 92 37 härå

409 974 133 48 anfört,
579 981 56 31 att
663 977 176 38 bostäder
869 983 37 32 åt
935 981 116 36 andra
1079 983 317 51 vaktkonstaplar
1423 991 49 31 än
1501 987 45 36 de
1575 988 134 48 ogifta,
1738 990 129 37 hvilka
1895 992 104 49 finge

408 1025 46 36 bo
484 1026 11 36 i
524 1027 210 50 fängelsets
762 1031 190 47 vaktrum,
973 1032 81 37 icke
1070 1034 128 37 kunde
1214 1036 135 36 vinnas
1365 1037 60 36 för
1441 1038 72 36 den
1530 1040 250 38 omförmälda
1795 1042 203 39 kostnads-

406 1090 183 35 summan,
620 1080 100 36 inom
751 1081 158 37 hvilken
939 1085 184 48 styrelsen
1152 1092 126 31 ansett
1306 1088 60 49 sig
1394 1089 91 36 böra
1512 1090 208 39 inskränka
1749 1094 65 36 sitt
1842 1095 154 50 förslag.

404 1128 76 37 För
520 1131 141 37 sådana
702 1133 177 38 bostäder
916 1135 136 38 funnes
1094 1139 211 37 emellertid
1347 1141 77 47 god
1458 1141 99 49 plats
1585 1146 49 46 på
1662 1144 73 37 den
1763 1146 234 38 vidsträckta

404 1187 157 43 tomten,
596 1184 67 36 där
695 1198 47 23 en
775 1185 409 52 konstapelsbyggnad
1217 1190 211 50 lämpligen
1458 1193 126 38 kunde
1613 1195 198 51 förläggas
1840 1199 155 37 nordost

403 1246 62 22 om
494 1234 205 49 fängelset;
730 1237 69 36 och
828 1238 123 37 skulle
981 1239 72 37 den
1077 1241 209 51 besparing
1304 1243 12 37 i
1335 1244 389 52 hyresersättningar,
1746 1262 79 24 som
1847 1265 149 24 vunnes

402 1297 139 35 genom
583 1287 249 38 bostädernas
874 1291 248 48 uppförande,
1166 1295 222 49 antagligen
1431 1302 92 31 nära
1551 1304 193 32 motsvara
1771 1301 223 49 byggnads-

402 1335 227 51 kostnaden,
676 1339 155 38 hvilken
877 1342 59 36 för
981 1343 178 39 bostäder
1201 1349 37 33 åt
1278 1347 62 36 nio
1383 1348 264 51 vaktbetjänte
1690 1351 204 40 beräknats
1936 1355 58 37 till

402 1389 138 46 65,000
568 1390 149 37 kronor.

528 1441 417 51 Fångvårdsstyrelsen
986 1447 68 36 har
1094 1449 131 37 vidare
1258 1450 153 45 erinrat,
1449 1458 55 31 att
1532 1454 45 36 de
1605 1455 124 48 celler,
1760 1470 81 23 som
1871 1460 123 48 enligt

398 1491 65 37 det
504 1493 212 50 framlagda
756 1495 185 50 förslaget
982 1499 57 36 till
1076 1500 232 51 utvidgning
1352 1504 40 35 af
1423 1504 275 50 länsfängelset
1725 1508 12 35 i
1764 1509 227 38 Hernösand

398 1550 99 30 samt
528 1545 238 49 nybyggnad
800 1548 40 36 af
865 1549 191 49 fängelset
1083 1552 12 35 i
1124 1552 198 50 Göteborg
1350 1555 123 37 skulle
1502 1557 136 37 vinnas
1668 1560 152 37 utöfver
1847 1575 51 23 nu
1927 1563 62 36 vid

396 1595 327 49 länsfängelserna
751 1599 198 38 därstädes
977 1602 199 50 befintliga
1206 1607 112 46 antal,
1339 1607 153 38 komme
1513 1615 53 30 att
1586 1610 164 37 förutom
1771 1618 54 31 ett
1844 1614 146 37 mindre

397 1648 102 35 antal
527 1649 198 37 nattceller
752 1656 138 44 utgöra
922 1655 72 35 164
1022 1655 155 50 vanliga
1206 1658 193 48 dagceller
1428 1661 68 35 och
1528 1663 46 34 32
1605 1663 255 50 arbetsceller,
1886 1672 103 31 näm-

395 1698 105 49 ligen
528 1700 41 36 af
593 1701 102 36 förra
724 1702 124 49 slaget
877 1706 48 35 86
954 1705 12 36 i
995 1706 225 38 Hernösand
1249 1710 69 36 och
1350 1713 45 33 78
1426 1712 11 35 i
1462 1711 198 51 Göteborg
1680 1720 97 32 samt
1797 1717 41 36 af
1855 1730 133 25 senare

395 1750 123 49 slaget
553 1754 45 34 12
632 1753 11 35 i
676 1753 226 39 Hernösand
938 1758 69 35 och
1037 1760 46 34 20
1111 1759 12 36 i
1153 1759 208 51 Göteborg.
1420 1763 56 36 Då
1503 1766 359 49 enrumsfångarnes
1887 1771 99 36 antal

394 1802 65 36 vid
488 1804 336 50 centralfängelset
865 1810 9 33 å
902 1808 87 49 Nya
1017 1809 158 39 Varfvet
1204 1812 72 37 den
1305 1815 47 35 30
1383 1816 208 37 november
1617 1819 98 35 1902
1735 1821 146 48 utgjort
1903 1824 83 44 147,

392 1867 92 23 vore
513 1869 140 34 genom
682 1857 110 37 dessa
820 1859 291 50 tillbyggnader
1140 1865 120 47 sörjdt
1284 1865 56 36 för
1361 1868 344 49 enrumsfångarne
1721 1870 85 37 från
1822 1874 163 36 nämnda

391 1906 183 48 fängelse,
610 1908 70 36 och
713 1911 189 47 uppstode
931 1917 56 31 ett
1015 1913 144 38 mindre
1188 1916 215 38 öfverskott
1431 1919 41 36 af
1498 1919 122 37 celler.
1676 1922 57 36 Då
1762 1920 222 57 emellertid,

390 1960 125 34 såsom
544 1960 115 36 ofvan
689 1973 90 24 vore
807 1963 187 48 anmärkt,
1019 1965 58 36 för
1104 1969 237 36 närvarande
1371 1983 46 23 en
1447 1971 60 36 del
1527 1973 458 52 centralfängelsefångar

388 2011 48 46 på
461 2011 124 46 grund
615 2012 42 35 af
683 2012 191 38 bristande
902 2020 188 44 utrymme
1120 2019 189 49 utflyttats
1330 2021 58 36 till
1408 2022 288 50 länsfängelser,
1718 2032 97 31 samt
1829 2028 155 48 jämlikt

389 2061 209 47 styrelsens
632 2064 236 38 föreskrifter
902 2068 100 36 vissa
1034 2070 219 49 kategorier
1281 2073 40 35 af
1345 2073 149 50 fångar,
1524 2088 79 23 som
1632 2077 205 50 rätteligen
1866 2079 117 38 borde

387 2112 171 47 undergå
587 2115 81 36 sina
698 2117 107 36 straff
835 2118 6 35 i
871 2118 217 50 Göteborgs
1108 2122 270 50 länsfängelse,
1400 2126 118 36 sedan
1537 2126 90 37 flera
1647 2132 40 32 år
1707 2133 96 34 måst
1823 2131 10 36 i
1855 2131 128 38 stället

386 2163 193 50 förpassas
620 2167 57 35 till
719 2168 326 50 länsfängelserna
1085 2173 11 36 i
1126 2174 179 38 Karlstad
1334 2177 70 36 och
1434 2178 12 35 i
1475 2177 257 51 Vänersborg,
1763 2182 125 37 blefve
1917 2184 65 37 det

385 2220 206 44 utrymmet
635 2219 59 35 väl
737 2220 195 50 behöfligt,
976 2223 110 37 äfven
1130 2239 60 22 om
1232 2227 82 37 icke
1349 2229 242 48 fångantalet
1624 2231 134 49 skulle,
1788 2234 117 37 innan
1935 2236 45 36 de
