<?xml version="1.0" encoding="UTF-8"?>
<alto xmlns="http://www.loc.gov/standards/alto/ns-v3#" xmlns:xlink="http://www.w3.org/1999/xlink" xmlns:xsi="http://www.w3.org/2001/XMLSchema-instance" xsi:schemaLocation="http://www.loc.gov/standards/alto/ns-v3# http://www.loc.gov/alto/v3/alto-3-0.xsd">
	<Description>
		<MeasurementUnit>pixel</MeasurementUnit>
		<sourceImageInformation>
			<fileName>/tmp/tess_s9gocbjm_input.PNG</fileName>
		</sourceImageInformation>
		<OCRProcessing ID="OCR_0">
			<ocrProcessingStep>
				<processingSoftware>
					<softwareName>tesseract 5.3.0</softwareName>
				</processingSoftware>
			</ocrProcessingStep>
		</OCRProcessing>
	</Description>
	<Layout>
		<Page WIDTH="1940" HEIGHT="2844" PHYSICAL_IMG_NR="0" ID="page_0">
			<PrintSpace HPOS="0" VPOS="0" WIDTH="1940" HEIGHT="2844">
				<ComposedBlock ID="cblock_0" HPOS="72" VPOS="447" WIDTH="129" HEIGHT="26">
					<TextBlock ID="block_0" HPOS="72" VPOS="447" WIDTH="129" HEIGHT="26">
						<TextLine ID="line_0" HPOS="72" VPOS="447" WIDTH="129" HEIGHT="26">
							<String ID="string_0" HPOS="72" VPOS="447" WIDTH="129" HEIGHT="26" WC="0.96" CONTENT="Utskottet."/>
						</TextLine>
					</TextBlock>
				</ComposedBlock>
				<ComposedBlock ID="cblock_1" HPOS="252" VPOS="161" WIDTH="1121" HEIGHT="55">
					<TextBlock ID="block_1" HPOS="252" VPOS="161" WIDTH="1121" HEIGHT="55">
						<TextLine ID="line_1" HPOS="252" VPOS="161" WIDTH="1121" HEIGHT="55">
							<String ID="string_1" HPOS="252" VPOS="161" WIDTH="18" HEIGHT="30" WC="0.96" CONTENT="2"/><SP WIDTH="342" VPOS="161" HPOS="270"/>
							<String ID="string_2" HPOS="612" VPOS="173" WIDTH="391" HEIGHT="39" WC="0.91" CONTENT="Bevillningsutskottets"/><SP WIDTH="24" VPOS="173" HPOS="1003"/>
							<String ID="string_3" HPOS="1027" VPOS="179" WIDTH="218" HEIGHT="33" WC="0.96" CONTENT="betänkande"/><SP WIDTH="23" VPOS="179" HPOS="1245"/>
							<String ID="string_4" HPOS="1268" VPOS="183" WIDTH="50" HEIGHT="31" WC="0.96" CONTENT="Nr"/><SP WIDTH="26" VPOS="183" HPOS="1318"/>
							<String ID="string_5" HPOS="1344" VPOS="187" WIDTH="29" HEIGHT="29" WC="0.92" CONTENT="1."/>
						</TextLine>
					</TextBlock>
				</ComposedBlock>
				<ComposedBlock ID="cblock_2" HPOS="252" VPOS="252" WIDTH="1501" HEIGHT="145">
					<TextBlock ID="block_2" HPOS="252" VPOS="252" WIDTH="1501" HEIGHT="145">
						<TextLine ID="line_2" HPOS="252" VPOS="252" WIDTH="1501" HEIGHT="58">
							<String ID="string_6" HPOS="252" VPOS="252" WIDTH="171" HEIGHT="32" WC="0.92" CONTENT="trädande"/><SP WIDTH="22" VPOS="252" HPOS="423"/>
							<String ID="string_7" HPOS="445" VPOS="254" WIDTH="138" HEIGHT="38" WC="0.96" CONTENT="riksdag"/><SP WIDTH="22" VPOS="254" HPOS="583"/>
							<String ID="string_8" HPOS="605" VPOS="256" WIDTH="96" HEIGHT="32" WC="0.96" CONTENT="inom"/><SP WIDTH="23" VPOS="256" HPOS="701"/>
							<String ID="string_9" HPOS="724" VPOS="258" WIDTH="46" HEIGHT="31" WC="0.95" CONTENT="tio"/><SP WIDTH="22" VPOS="258" HPOS="770"/>
							<String ID="string_10" HPOS="792" VPOS="260" WIDTH="110" HEIGHT="36" WC="0.96" CONTENT="dagar"/><SP WIDTH="21" VPOS="260" HPOS="902"/>
							<String ID="string_11" HPOS="923" VPOS="261" WIDTH="85" HEIGHT="31" WC="0.96" CONTENT="efter"/><SP WIDTH="23" VPOS="261" HPOS="1008"/>
							<String ID="string_12" HPOS="1031" VPOS="263" WIDTH="201" HEIGHT="38" WC="0.96" CONTENT="riksdagens"/><SP WIDTH="23" VPOS="263" HPOS="1232"/>
							<String ID="string_13" HPOS="1255" VPOS="268" WIDTH="188" HEIGHT="36" WC="0.96" CONTENT="öppnande"/><SP WIDTH="22" VPOS="268" HPOS="1443"/>
							<String ID="string_14" HPOS="1465" VPOS="271" WIDTH="64" HEIGHT="30" WC="0.96" CONTENT="och"/><SP WIDTH="23" VPOS="271" HPOS="1529"/>
							<String ID="string_15" HPOS="1552" VPOS="272" WIDTH="117" HEIGHT="38" WC="0.96" CONTENT="gäller,"/><SP WIDTH="23" VPOS="272" HPOS="1669"/>
							<String ID="string_16" HPOS="1692" VPOS="275" WIDTH="61" HEIGHT="31" WC="0.96" CONTENT="där"/>
						</TextLine>
						<TextLine ID="line_3" HPOS="252" VPOS="301" WIDTH="1499" HEIGHT="56">
							<String ID="string_17" HPOS="252" VPOS="301" WIDTH="185" HEIGHT="38" WC="0.96" CONTENT="riksdagen"/><SP WIDTH="27" VPOS="301" HPOS="437"/>
							<String ID="string_18" HPOS="464" VPOS="304" WIDTH="74" HEIGHT="32" WC="0.96" CONTENT="icke"/><SP WIDTH="26" VPOS="304" HPOS="538"/>
							<String ID="string_19" HPOS="564" VPOS="307" WIDTH="203" HEIGHT="35" WC="0.96" CONTENT="godkänner"/><SP WIDTH="25" VPOS="307" HPOS="767"/>
							<String ID="string_20" HPOS="792" VPOS="310" WIDTH="194" HEIGHT="33" WC="0.96" CONTENT="detsamma"/><SP WIDTH="24" VPOS="310" HPOS="986"/>
							<String ID="string_21" HPOS="1010" VPOS="313" WIDTH="214" HEIGHT="39" WC="0.96" CONTENT="oförändrat,"/><SP WIDTH="26" VPOS="313" HPOS="1224"/>
							<String ID="string_22" HPOS="1250" VPOS="317" WIDTH="101" HEIGHT="37" WC="0.96" CONTENT="högst"/><SP WIDTH="25" VPOS="317" HPOS="1351"/>
							<String ID="string_23" HPOS="1376" VPOS="319" WIDTH="48" HEIGHT="31" WC="0.96" CONTENT="tio"/><SP WIDTH="27" VPOS="319" HPOS="1424"/>
							<String ID="string_24" HPOS="1451" VPOS="321" WIDTH="107" HEIGHT="36" WC="0.96" CONTENT="dagar"/><SP WIDTH="26" VPOS="321" HPOS="1558"/>
							<String ID="string_25" HPOS="1584" VPOS="323" WIDTH="89" HEIGHT="31" WC="0.96" CONTENT="efter"/><SP WIDTH="23" VPOS="323" HPOS="1673"/>
							<String ID="string_26" HPOS="1696" VPOS="326" WIDTH="55" HEIGHT="30" WC="0.97" CONTENT="det"/>
						</TextLine>
						<TextLine ID="line_4" HPOS="252" VPOS="351" WIDTH="729" HEIGHT="46">
							<String ID="string_27" HPOS="252" VPOS="351" WIDTH="185" HEIGHT="38" WC="0.96" CONTENT="riksdagen"/><SP WIDTH="22" VPOS="351" HPOS="437"/>
							<String ID="string_28" HPOS="459" VPOS="354" WIDTH="100" HEIGHT="32" WC="0.96" CONTENT="fattat"/><SP WIDTH="24" VPOS="354" HPOS="559"/>
							<String ID="string_29" HPOS="583" VPOS="357" WIDTH="58" HEIGHT="31" WC="0.96" CONTENT="sitt"/><SP WIDTH="22" VPOS="357" HPOS="641"/>
							<String ID="string_30" HPOS="663" VPOS="357" WIDTH="110" HEIGHT="33" WC="0.96" CONTENT="beslut"/><SP WIDTH="22" VPOS="357" HPOS="773"/>
							<String ID="string_31" HPOS="795" VPOS="360" WIDTH="10" HEIGHT="30" WC="0.96" CONTENT="i"/><SP WIDTH="24" VPOS="360" HPOS="805"/>
							<String ID="string_32" HPOS="829" VPOS="360" WIDTH="152" HEIGHT="37" WC="0.94" CONTENT="frågan.»"/>
						</TextLine>
					</TextBlock>
				</ComposedBlock>
				<ComposedBlock ID="cblock_3" HPOS="248" VPOS="452" WIDTH="1502" HEIGHT="94">
					<TextBlock ID="block_3" HPOS="248" VPOS="452" WIDTH="1502" HEIGHT="94">
						<TextLine ID="line_5" HPOS="295" VPOS="452" WIDTH="1455" HEIGHT="60">
							<String ID="string_33" HPOS="295" VPOS="452" WIDTH="171" HEIGHT="33" WC="0.96" CONTENT="Utskottet"/><SP WIDTH="19" VPOS="452" HPOS="466"/>
							<String ID="string_34" HPOS="485" VPOS="456" WIDTH="64" HEIGHT="30" WC="0.96" CONTENT="har"/><SP WIDTH="21" VPOS="456" HPOS="549"/>
							<String ID="string_35" HPOS="570" VPOS="456" WIDTH="78" HEIGHT="32" WC="0.96" CONTENT="icke"/><SP WIDTH="20" VPOS="456" HPOS="648"/>
							<String ID="string_36" HPOS="668" VPOS="458" WIDTH="115" HEIGHT="32" WC="0.96" CONTENT="funnit"/><SP WIDTH="20" VPOS="458" HPOS="783"/>
							<String ID="string_37" HPOS="803" VPOS="462" WIDTH="186" HEIGHT="37" WC="0.96" CONTENT="anledning"/><SP WIDTH="21" VPOS="462" HPOS="989"/>
							<String ID="string_38" HPOS="1010" VPOS="464" WIDTH="50" HEIGHT="30" WC="0.96" CONTENT="till"/><SP WIDTH="23" VPOS="464" HPOS="1060"/>
							<String ID="string_39" HPOS="1083" VPOS="465" WIDTH="138" HEIGHT="32" WC="0.95" CONTENT="erinran"/><SP WIDTH="21" VPOS="465" HPOS="1221"/>
							<String ID="string_40" HPOS="1242" VPOS="472" WIDTH="72" HEIGHT="27" WC="0.96" CONTENT="mot"/><SP WIDTH="23" VPOS="472" HPOS="1314"/>
							<String ID="string_41" HPOS="1337" VPOS="470" WIDTH="121" HEIGHT="37" WC="0.81" CONTENT="Kungl"/><SP WIDTH="23" VPOS="470" HPOS="1458"/>
							<String ID="string_42" HPOS="1481" VPOS="472" WIDTH="119" HEIGHT="36" WC="0.39" CONTENT="Maj:ts"/><SP WIDTH="22" VPOS="472" HPOS="1600"/>
							<String ID="string_43" HPOS="1622" VPOS="474" WIDTH="128" HEIGHT="38" WC="0.88" CONTENT="förslag"/>
						</TextLine>
						<TextLine ID="line_6" HPOS="248" VPOS="503" WIDTH="498" HEIGHT="43">
							<String ID="string_44" HPOS="248" VPOS="503" WIDTH="64" HEIGHT="30" WC="0.96" CONTENT="och"/><SP WIDTH="24" VPOS="503" HPOS="312"/>
							<String ID="string_45" HPOS="336" VPOS="503" WIDTH="59" HEIGHT="31" WC="0.96" CONTENT="får"/><SP WIDTH="20" VPOS="503" HPOS="395"/>
							<String ID="string_46" HPOS="415" VPOS="505" WIDTH="118" HEIGHT="31" WC="0.93" CONTENT="därför"/><SP WIDTH="20" VPOS="505" HPOS="533"/>
							<String ID="string_47" HPOS="553" VPOS="508" WIDTH="193" HEIGHT="38" WC="0.92" CONTENT="hemställa,"/>
						</TextLine>
					</TextBlock>
				</ComposedBlock>
				<ComposedBlock ID="cblock_4" HPOS="552" VPOS="594" WIDTH="1195" HEIGHT="252">
					<TextBlock ID="block_4" HPOS="552" VPOS="594" WIDTH="1195" HEIGHT="248">
						<TextLine ID="line_7" HPOS="600" VPOS="594" WIDTH="1147" HEIGHT="51">
							<String ID="string_48" HPOS="600" VPOS="595" WIDTH="51" HEIGHT="29" WC="0.95" CONTENT="att"/><SP WIDTH="26" VPOS="595" HPOS="651"/>
							<String ID="string_49" HPOS="677" VPOS="594" WIDTH="184" HEIGHT="38" WC="0.95" CONTENT="riksdagen"/><SP WIDTH="30" VPOS="594" HPOS="861"/>
							<String ID="string_50" HPOS="891" VPOS="597" WIDTH="114" HEIGHT="39" WC="0.95" CONTENT="måtte,"/><SP WIDTH="29" VPOS="597" HPOS="1005"/>
							<String ID="string_51" HPOS="1034" VPOS="601" WIDTH="81" HEIGHT="30" WC="0.94" CONTENT="med"/><SP WIDTH="31" VPOS="601" HPOS="1115"/>
							<String ID="string_52" HPOS="1146" VPOS="601" WIDTH="98" HEIGHT="32" WC="0.95" CONTENT="bifall"/><SP WIDTH="28" VPOS="601" HPOS="1244"/>
							<String ID="string_53" HPOS="1272" VPOS="603" WIDTH="52" HEIGHT="31" WC="0.96" CONTENT="till"/><SP WIDTH="32" VPOS="603" HPOS="1324"/>
							<String ID="string_54" HPOS="1356" VPOS="605" WIDTH="121" HEIGHT="37" WC="0.92" CONTENT="Kungl."/><SP WIDTH="31" VPOS="605" HPOS="1477"/>
							<String ID="string_55" HPOS="1508" VPOS="607" WIDTH="120" HEIGHT="38" WC="0.93" CONTENT="Maj:ts"/><SP WIDTH="31" VPOS="607" HPOS="1628"/>
							<String ID="string_56" HPOS="1659" VPOS="610" WIDTH="88" HEIGHT="31" WC="0.91" CONTENT="före-"/>
						</TextLine>
						<TextLine ID="line_8" HPOS="554" VPOS="645" WIDTH="1191" HEIGHT="49">
							<String ID="string_57" HPOS="554" VPOS="645" WIDTH="154" HEIGHT="30" WC="0.96" CONTENT="varande"/><SP WIDTH="20" VPOS="645" HPOS="708"/>
							<String ID="string_58" HPOS="728" VPOS="647" WIDTH="215" HEIGHT="36" WC="0.96" CONTENT="proposition"/><SP WIDTH="24" VPOS="647" HPOS="943"/>
							<String ID="string_59" HPOS="967" VPOS="659" WIDTH="41" HEIGHT="21" WC="0.96" CONTENT="nr"/><SP WIDTH="24" VPOS="659" HPOS="1008"/>
							<String ID="string_60" HPOS="1032" VPOS="651" WIDTH="49" HEIGHT="36" WC="0.96" CONTENT="13,"/><SP WIDTH="25" VPOS="651" HPOS="1081"/>
							<String ID="string_61" HPOS="1106" VPOS="655" WIDTH="125" HEIGHT="34" WC="0.96" CONTENT="antaga"/><SP WIDTH="21" VPOS="655" HPOS="1231"/>
							<String ID="string_62" HPOS="1252" VPOS="654" WIDTH="59" HEIGHT="31" WC="0.96" CONTENT="det"/><SP WIDTH="23" VPOS="654" HPOS="1311"/>
							<String ID="string_63" HPOS="1334" VPOS="655" WIDTH="58" HEIGHT="31" WC="0.96" CONTENT="vid"/><SP WIDTH="23" VPOS="655" HPOS="1392"/>
							<String ID="string_64" HPOS="1415" VPOS="658" WIDTH="259" HEIGHT="36" WC="0.89" CONTENT="propositionen"/><SP WIDTH="22" VPOS="658" HPOS="1674"/>
							<String ID="string_65" HPOS="1696" VPOS="661" WIDTH="49" HEIGHT="31" WC="0.90" CONTENT="fo-"/>
						</TextLine>
						<TextLine ID="line_9" HPOS="553" VPOS="694" WIDTH="1191" HEIGHT="50">
							<String ID="string_66" HPOS="553" VPOS="694" WIDTH="91" HEIGHT="35" WC="0.92" CONTENT="gade"/><SP WIDTH="20" VPOS="694" HPOS="644"/>
							<String ID="string_67" HPOS="664" VPOS="695" WIDTH="130" HEIGHT="38" WC="0.96" CONTENT="förslag"/><SP WIDTH="23" VPOS="695" HPOS="794"/>
							<String ID="string_68" HPOS="817" VPOS="698" WIDTH="51" HEIGHT="30" WC="0.96" CONTENT="till"/><SP WIDTH="25" VPOS="698" HPOS="868"/>
							<String ID="string_69" HPOS="893" VPOS="698" WIDTH="203" HEIGHT="40" WC="0.95" CONTENT="förordning"/><SP WIDTH="23" VPOS="698" HPOS="1096"/>
							<String ID="string_70" HPOS="1119" VPOS="712" WIDTH="58" HEIGHT="21" WC="0.95" CONTENT="om"/><SP WIDTH="26" VPOS="712" HPOS="1177"/>
							<String ID="string_71" HPOS="1203" VPOS="703" WIDTH="138" HEIGHT="33" WC="0.96" CONTENT="fortsatt"/><SP WIDTH="25" VPOS="703" HPOS="1341"/>
							<String ID="string_72" HPOS="1366" VPOS="706" WIDTH="153" HEIGHT="38" WC="0.96" CONTENT="giltighet"/><SP WIDTH="23" VPOS="706" HPOS="1519"/>
							<String ID="string_73" HPOS="1542" VPOS="719" WIDTH="43" HEIGHT="21" WC="0.93" CONTENT="av"/><SP WIDTH="26" VPOS="719" HPOS="1585"/>
							<String ID="string_74" HPOS="1611" VPOS="710" WIDTH="133" HEIGHT="32" WC="0.92" CONTENT="förord-"/>
						</TextLine>
						<TextLine ID="line_10" HPOS="554" VPOS="744" WIDTH="1191" HEIGHT="51">
							<String ID="string_75" HPOS="554" VPOS="744" WIDTH="127" HEIGHT="37" WC="0.96" CONTENT="ningen"/><SP WIDTH="39" VPOS="744" HPOS="681"/>
							<String ID="string_76" HPOS="720" VPOS="747" WIDTH="65" HEIGHT="31" WC="0.95" CONTENT="den"/><SP WIDTH="43" VPOS="747" HPOS="785"/>
							<String ID="string_77" HPOS="828" VPOS="750" WIDTH="38" HEIGHT="29" WC="0.95" CONTENT="17"/><SP WIDTH="43" VPOS="750" HPOS="866"/>
							<String ID="string_78" HPOS="909" VPOS="749" WIDTH="74" HEIGHT="37" WC="0.95" CONTENT="juni"/><SP WIDTH="42" VPOS="749" HPOS="983"/>
							<String ID="string_79" HPOS="1025" VPOS="752" WIDTH="84" HEIGHT="31" WC="0.96" CONTENT="1932"/><SP WIDTH="46" VPOS="752" HPOS="1109"/>
							<String ID="string_80" HPOS="1155" VPOS="753" WIDTH="54" HEIGHT="40" WC="0.96" CONTENT="(nr"/><SP WIDTH="38" VPOS="753" HPOS="1209"/>
							<String ID="string_81" HPOS="1247" VPOS="755" WIDTH="77" HEIGHT="40" WC="0.95" CONTENT="245)"/><SP WIDTH="46" VPOS="755" HPOS="1324"/>
							<String ID="string_82" HPOS="1370" VPOS="758" WIDTH="177" HEIGHT="36" WC="0.96" CONTENT="angående"/><SP WIDTH="38" VPOS="758" HPOS="1547"/>
							<String ID="string_83" HPOS="1585" VPOS="762" WIDTH="68" HEIGHT="31" WC="0.96" CONTENT="rätt"/><SP WIDTH="37" VPOS="762" HPOS="1653"/>
							<String ID="string_84" HPOS="1690" VPOS="763" WIDTH="55" HEIGHT="31" WC="0.96" CONTENT="för"/>
						</TextLine>
						<TextLine ID="line_11" HPOS="552" VPOS="795" WIDTH="776" HEIGHT="51">
							<String ID="string_85" HPOS="552" VPOS="795" WIDTH="192" HEIGHT="38" WC="0.96" CONTENT="Konungen"/><SP WIDTH="23" VPOS="795" HPOS="744"/>
							<String ID="string_86" HPOS="767" VPOS="801" WIDTH="48" HEIGHT="28" WC="0.93" CONTENT="att"/><SP WIDTH="25" VPOS="801" HPOS="815"/>
							<String ID="string_87" HPOS="840" VPOS="799" WIDTH="112" HEIGHT="33" WC="0.90" CONTENT="åsätta"/><SP WIDTH="23" VPOS="799" HPOS="952"/>
							<String ID="string_88" HPOS="975" VPOS="803" WIDTH="149" HEIGHT="30" WC="0.96" CONTENT="särskild"/><SP WIDTH="23" VPOS="803" HPOS="1124"/>
							<String ID="string_89" HPOS="1147" VPOS="801" WIDTH="181" HEIGHT="45" WC="0.89" CONTENT="tullavgift."/>
						</TextLine>
					</TextBlock>
				</ComposedBlock>
				<ComposedBlock ID="cblock_5" HPOS="286" VPOS="883" WIDTH="1013" HEIGHT="152">
					<TextBlock ID="block_5" HPOS="286" VPOS="883" WIDTH="1013" HEIGHT="152">
						<TextLine ID="line_12" HPOS="286" VPOS="883" WIDTH="630" HEIGHT="42">
							<String ID="string_90" HPOS="286" VPOS="883" WIDTH="201" HEIGHT="33" WC="0.96" CONTENT="Stockholm"/><SP WIDTH="22" VPOS="883" HPOS="487"/>
							<String ID="string_91" HPOS="509" VPOS="887" WIDTH="66" HEIGHT="30" WC="0.95" CONTENT="den"/><SP WIDTH="23" VPOS="887" HPOS="575"/>
							<String ID="string_92" HPOS="598" VPOS="889" WIDTH="42" HEIGHT="30" WC="0.95" CONTENT="26"/><SP WIDTH="20" VPOS="889" HPOS="640"/>
							<String ID="string_93" HPOS="660" VPOS="889" WIDTH="137" HEIGHT="36" WC="0.96" CONTENT="januari"/><SP WIDTH="25" VPOS="889" HPOS="797"/>
							<String ID="string_94" HPOS="822" VPOS="893" WIDTH="94" HEIGHT="30" WC="0.96" CONTENT="1940."/>
						</TextLine>
						<TextLine ID="line_13" HPOS="678" VPOS="990" WIDTH="621" HEIGHT="45">
							<String ID="string_95" HPOS="678" VPOS="990" WIDTH="48" HEIGHT="32" WC="0.93" CONTENT="På"/><SP WIDTH="20" VPOS="990" HPOS="726"/>
							<String ID="string_96" HPOS="746" VPOS="992" WIDTH="390" HEIGHT="38" WC="0.90" CONTENT="bevillningsutskottets"/><SP WIDTH="23" VPOS="992" HPOS="1136"/>
							<String ID="string_97" HPOS="1159" VPOS="999" WIDTH="140" HEIGHT="36" WC="0.96" CONTENT="vägnar:"/>
						</TextLine>
					</TextBlock>
				</ComposedBlock>
				<ComposedBlock ID="cblock_6" HPOS="797" VPOS="1093" WIDTH="384" HEIGHT="37">
					<TextBlock ID="block_6" HPOS="797" VPOS="1093" WIDTH="384" HEIGHT="37">
						<TextLine ID="line_14" HPOS="797" VPOS="1093" WIDTH="384" HEIGHT="37">
							<String ID="string_98" HPOS="797" VPOS="1093" WIDTH="104" HEIGHT="32" WC="0.92" CONTENT="IVAR"/><SP WIDTH="30" VPOS="1093" HPOS="901"/>
							<String ID="string_99" HPOS="931" VPOS="1096" WIDTH="250" HEIGHT="34" WC="0.95" CONTENT="ANDERSON."/>
						</TextLine>
					</TextBlock>
				</ComposedBlock>
				<ComposedBlock ID="cblock_7" HPOS="821" VPOS="1396" WIDTH="319" HEIGHT="35">
					<TextBlock ID="block_7" HPOS="821" VPOS="1396" WIDTH="319" HEIGHT="35">
						<TextLine ID="line_15" HPOS="821" VPOS="1396" WIDTH="319" HEIGHT="35">
							<String ID="string_100" HPOS="821" VPOS="1396" WIDTH="319" HEIGHT="35" WC="0.96" CONTENT="Närvarande:"/>
						</TextLine>
					</TextBlock>
				</ComposedBlock>
				<ComposedBlock ID="cblock_8" HPOS="230" VPOS="1469" WIDTH="1501" HEIGHT="80">
					<TextBlock ID="block_8" HPOS="230" VPOS="1469" WIDTH="1501" HEIGHT="80">
						<TextLine ID="line_16" HPOS="266" VPOS="1469" WIDTH="1465" HEIGHT="53">
							<String ID="string_101" HPOS="266" VPOS="1469" WIDTH="64" HEIGHT="25" WC="0.96" CONTENT="från"/><SP WIDTH="32" VPOS="1469" HPOS="330"/>
							<String ID="string_102" HPOS="362" VPOS="1471" WIDTH="134" HEIGHT="26" WC="0.96" CONTENT="första"/><SP WIDTH="37" VPOS="1471" HPOS="496"/>
							<String ID="string_103" HPOS="533" VPOS="1473" WIDTH="180" HEIGHT="26" WC="0.96" CONTENT="kammaren:"/><SP WIDTH="32" VPOS="1473" HPOS="713"/>
							<String ID="string_104" HPOS="745" VPOS="1476" WIDTH="98" HEIGHT="25" WC="0.95" CONTENT="herrar"/><SP WIDTH="32" VPOS="1476" HPOS="843"/>
							<String ID="string_105" HPOS="875" VPOS="1479" WIDTH="96" HEIGHT="25" WC="0.96" CONTENT="Johan"/><SP WIDTH="27" VPOS="1479" HPOS="971"/>
							<String ID="string_106" HPOS="998" VPOS="1480" WIDTH="82" HEIGHT="33" WC="0.92" CONTENT="Bärg,"/><SP WIDTH="34" VPOS="1480" HPOS="1080"/>
							<String ID="string_107" HPOS="1114" VPOS="1482" WIDTH="97" HEIGHT="26" WC="0.96" CONTENT="Viktor"/><SP WIDTH="27" VPOS="1482" HPOS="1211"/>
							<String ID="string_108" HPOS="1238" VPOS="1484" WIDTH="135" HEIGHT="32" WC="0.96" CONTENT="Larsson,"/><SP WIDTH="34" VPOS="1484" HPOS="1373"/>
							<String ID="string_109" HPOS="1407" VPOS="1487" WIDTH="172" HEIGHT="33" WC="0.91" CONTENT="Wahlmark,"/><SP WIDTH="32" VPOS="1487" HPOS="1579"/>
							<String ID="string_110" HPOS="1611" VPOS="1490" WIDTH="120" HEIGHT="32" WC="0.96" CONTENT="Ekman,"/>
						</TextLine>
						<TextLine ID="line_17" HPOS="230" VPOS="1511" WIDTH="705" HEIGHT="38">
							<String ID="string_111" HPOS="230" VPOS="1511" WIDTH="105" HEIGHT="26" WC="0.95" CONTENT="Robert"/><SP WIDTH="20" VPOS="1511" HPOS="335"/>
							<String ID="string_112" HPOS="355" VPOS="1513" WIDTH="81" HEIGHT="32" WC="0.96" CONTENT="Berg,"/><SP WIDTH="21" VPOS="1513" HPOS="436"/>
							<String ID="string_113" HPOS="457" VPOS="1514" WIDTH="97" HEIGHT="33" WC="0.96" CONTENT="Egnell"/><SP WIDTH="24" VPOS="1514" HPOS="554"/>
							<String ID="string_114" HPOS="578" VPOS="1516" WIDTH="55" HEIGHT="25" WC="0.92" CONTENT="och"/><SP WIDTH="23" VPOS="1516" HPOS="633"/>
							<String ID="string_115" HPOS="656" VPOS="1517" WIDTH="182" HEIGHT="32" WC="0.91" CONTENT="Nordenson;"/><SP WIDTH="22" VPOS="1517" HPOS="838"/>
							<String ID="string_116" HPOS="860" VPOS="1523" WIDTH="75" HEIGHT="22" WC="0.96" CONTENT="samt"/>
						</TextLine>
					</TextBlock>
				</ComposedBlock>
				<ComposedBlock ID="cblock_9" HPOS="227" VPOS="1570" WIDTH="1502" HEIGHT="122">
					<TextBlock ID="block_9" HPOS="227" VPOS="1570" WIDTH="1502" HEIGHT="122">
						<TextLine ID="line_18" HPOS="263" VPOS="1570" WIDTH="1466" HEIGHT="49">
							<String ID="string_117" HPOS="263" VPOS="1570" WIDTH="65" HEIGHT="26" WC="0.96" CONTENT="från"/><SP WIDTH="36" VPOS="1570" HPOS="328"/>
							<String ID="string_118" HPOS="364" VPOS="1573" WIDTH="125" HEIGHT="25" WC="0.96" CONTENT="andra"/><SP WIDTH="35" VPOS="1573" HPOS="489"/>
							<String ID="string_119" HPOS="524" VPOS="1574" WIDTH="179" HEIGHT="27" WC="0.96" CONTENT="kammaren:"/><SP WIDTH="25" VPOS="1574" HPOS="703"/>
							<String ID="string_120" HPOS="728" VPOS="1577" WIDTH="99" HEIGHT="25" WC="0.96" CONTENT="herrar"/><SP WIDTH="26" VPOS="1577" HPOS="827"/>
							<String ID="string_121" HPOS="853" VPOS="1579" WIDTH="148" HEIGHT="26" WC="0.96" CONTENT="Anderson"/><SP WIDTH="25" VPOS="1579" HPOS="1001"/>
							<String ID="string_122" HPOS="1026" VPOS="1581" WIDTH="8" HEIGHT="25" WC="0.96" CONTENT="i"/><SP WIDTH="28" VPOS="1581" HPOS="1034"/>
							<String ID="string_123" HPOS="1062" VPOS="1581" WIDTH="189" HEIGHT="36" WC="0.96" CONTENT="Norrköping,"/><SP WIDTH="30" VPOS="1581" HPOS="1251"/>
							<String ID="string_124" HPOS="1281" VPOS="1586" WIDTH="105" HEIGHT="25" WC="0.96" CONTENT="Olsson"/><SP WIDTH="27" VPOS="1586" HPOS="1386"/>
							<String ID="string_125" HPOS="1413" VPOS="1587" WIDTH="9" HEIGHT="25" WC="0.96" CONTENT="i"/><SP WIDTH="25" VPOS="1587" HPOS="1422"/>
							<String ID="string_126" HPOS="1447" VPOS="1588" WIDTH="91" HEIGHT="31" WC="0.96" CONTENT="Gävle,"/><SP WIDTH="27" VPOS="1588" HPOS="1538"/>
							<String ID="string_127" HPOS="1565" VPOS="1591" WIDTH="164" HEIGHT="27" WC="0.96" CONTENT="Andersson"/>
						</TextLine>
						<TextLine ID="line_19" HPOS="227" VPOS="1612" WIDTH="1501" HEIGHT="55">
							<String ID="string_128" HPOS="227" VPOS="1613" WIDTH="9" HEIGHT="24" WC="0.96" CONTENT="i"/><SP WIDTH="24" VPOS="1613" HPOS="236"/>
							<String ID="string_129" HPOS="260" VPOS="1612" WIDTH="127" HEIGHT="31" WC="0.96" CONTENT="Dunker,"/><SP WIDTH="26" VPOS="1612" HPOS="387"/>
							<String ID="string_130" HPOS="413" VPOS="1615" WIDTH="118" HEIGHT="26" WC="0.96" CONTENT="Ericson"/><SP WIDTH="26" VPOS="1615" HPOS="531"/>
							<String ID="string_131" HPOS="557" VPOS="1617" WIDTH="9" HEIGHT="24" WC="0.96" CONTENT="i"/><SP WIDTH="25" VPOS="1617" HPOS="566"/>
							<String ID="string_132" HPOS="591" VPOS="1617" WIDTH="149" HEIGHT="31" WC="0.96" CONTENT="Boxholm,"/><SP WIDTH="28" VPOS="1617" HPOS="740"/>
							<String ID="string_133" HPOS="768" VPOS="1619" WIDTH="117" HEIGHT="26" WC="0.96" CONTENT="Werner"/><SP WIDTH="27" VPOS="1619" HPOS="885"/>
							<String ID="string_134" HPOS="912" VPOS="1621" WIDTH="9" HEIGHT="25" WC="0.96" CONTENT="i"/><SP WIDTH="26" VPOS="1621" HPOS="921"/>
							<String ID="string_135" HPOS="947" VPOS="1617" WIDTH="155" HEIGHT="40" WC="0.96" CONTENT="Hultsfred,"/><SP WIDTH="29" VPOS="1617" HPOS="1102"/>
							<String ID="string_136" HPOS="1131" VPOS="1625" WIDTH="218" HEIGHT="33" WC="0.95" CONTENT="Hammarlund,"/><SP WIDTH="27" VPOS="1625" HPOS="1349"/>
							<String ID="string_137" HPOS="1376" VPOS="1629" WIDTH="122" HEIGHT="26" WC="0.96" CONTENT="Persson"/><SP WIDTH="25" VPOS="1629" HPOS="1498"/>
							<String ID="string_138" HPOS="1523" VPOS="1631" WIDTH="9" HEIGHT="25" WC="0.96" CONTENT="i"/><SP WIDTH="28" VPOS="1631" HPOS="1532"/>
							<String ID="string_139" HPOS="1560" VPOS="1628" WIDTH="168" HEIGHT="39" WC="0.95" CONTENT="Undersvik,"/>
						</TextLine>
						<TextLine ID="line_20" HPOS="227" VPOS="1654" WIDTH="657" HEIGHT="38">
							<String ID="string_140" HPOS="227" VPOS="1654" WIDTH="139" HEIGHT="27" WC="0.96" CONTENT="Karlsson"/><SP WIDTH="25" VPOS="1654" HPOS="366"/>
							<String ID="string_141" HPOS="391" VPOS="1656" WIDTH="8" HEIGHT="25" WC="0.96" CONTENT="i"/><SP WIDTH="23" VPOS="1656" HPOS="399"/>
							<String ID="string_142" HPOS="422" VPOS="1656" WIDTH="192" HEIGHT="36" WC="0.96" CONTENT="Grängesberg"/><SP WIDTH="23" VPOS="1656" HPOS="614"/>
							<String ID="string_143" HPOS="637" VPOS="1660" WIDTH="54" HEIGHT="25" WC="0.93" CONTENT="och"/><SP WIDTH="23" VPOS="1660" HPOS="691"/>
							<String ID="string_144" HPOS="714" VPOS="1661" WIDTH="170" HEIGHT="27" WC="0.92" CONTENT="Baeckman."/>
						</TextLine>
					</TextBlock>
				</ComposedBlock>
				<GraphicalElement ID="cblock_10" HPOS="442" VPOS="2462" WIDTH="999" HEIGHT="18"></GraphicalElement >
				<ComposedBlock ID="cblock_11" HPOS="440" VPOS="2467" WIDTH="1044" HEIGHT="58">
					<TextBlock ID="block_10" HPOS="440" VPOS="2467" WIDTH="1044" HEIGHT="58">
						<TextLine ID="line_21" HPOS="440" VPOS="2467" WIDTH="1044" HEIGHT="58">
							<String ID="string_145" HPOS="440" VPOS="2467" WIDTH="110" HEIGHT="44" WC="0.92" CONTENT="407166,"/><SP WIDTH="39" VPOS="2467" HPOS="550"/>
							<String ID="string_146" HPOS="589" VPOS="2485" WIDTH="175" HEIGHT="31" WC="0.96" CONTENT="Stockholm,"/><SP WIDTH="19" VPOS="2485" HPOS="764"/>
							<String ID="string_147" HPOS="783" VPOS="2487" WIDTH="84" HEIGHT="25" WC="0.96" CONTENT="Isaac"/><SP WIDTH="14" VPOS="2487" HPOS="867"/>
							<String ID="string_148" HPOS="881" VPOS="2488" WIDTH="113" HEIGHT="26" WC="0.91" CONTENT="Marcus"/><SP WIDTH="18" VPOS="2488" HPOS="994"/>
							<String ID="string_149" HPOS="1012" VPOS="2489" WIDTH="377" HEIGHT="36" WC="0.91" CONTENT="Boktryckeri-Aktiebolag,"/><SP WIDTH="23" VPOS="2489" HPOS="1389"/>
							<String ID="string_150" HPOS="1412" VPOS="2493" WIDTH="72" HEIGHT="25" WC="0.96" CONTENT="1940."/>
						</TextLine>
					</TextBlock>
				</ComposedBlock>
			</PrintSpace>
		</Page>
	</Layout>
</alto>
