2171 2560
368 193 40 29 30
789 189 104 34 Stats-
903 189 178 34 Utskottets
1110 189 177 32 Utlåtande
1311 189 62 32 N:o
1396 192 43 29 10
1461 201 28 20 a.

462 274 45 37 då
546 277 79 35 med
664 276 220 45 beviljandet
924 276 40 35 af
1001 276 60 35 det
1101 276 56 35 för
1196 275 179 37 hvardera
1409 275 40 35 af
1478 276 42 34 de
1548 275 69 35 fem
1645 276 202 46 föreslagne
1874 277 80 35 fält-

324 327 272 36 intendenterne
624 328 204 34 beräknade
856 327 164 36 arfvodet
1047 327 55 34 till
1130 325 232 44 skrifbiträde
1388 327 100 34 torde
1516 327 122 34 kunna
1666 327 114 45 anstå,
1802 328 54 34 till
1877 328 78 34 dess

324 376 117 47 någon
484 379 205 34 erfarenhet
729 378 145 36 vunnits
916 389 54 24 om
1010 378 130 35 vidden
1181 378 65 34 och
1274 377 290 35 beskaffenheten
1592 377 39 35 af
1656 378 68 34 den
1752 379 202 43 expedition

324 429 173 36 hvarmed
525 430 102 34 dessa
654 429 247 44 befattningar
928 430 141 33 komma
1096 430 56 33 att
1179 429 185 43 betungas,

461 480 233 44 hvarigenom
733 480 67 34 den
842 480 39 34 af
917 479 133 44 Kongl.
1091 477 111 46 Maj:t
1241 479 203 44 föreslagna
1478 479 335 44 aflöningssumman
1841 480 113 34 skulle

325 530 157 35 minskas
509 531 80 34 med
619 532 109 42 7,960
757 531 143 43 kronor,
929 530 191 44 nemligen:

324 639 73 35 För
425 639 390 50 Generalintendenten
835 670 469 7 =amemsmessesunnsnansee
1335 638 130 35 kronor
1494 640 122 42 3,485:
1649 659 47 3 —

355 704 12 16 >»
428 683 411 43 Öfverfältintendenten
869 722 63 5 ....
960 721 347 7 mmm
1094 679 77 61 un
1189 679 89 61 sr
1288 679 20 61 a
1401 703 11 15 »
1537 691 83 33 825:
1653 710 46 3 —

353 754 12 16 »
427 740 244 37 Skrifbiträde
698 742 62 34 hos
788 741 358 36 Fältintendenterne
1173 773 60 5 ......
1252 772 51 5 .....
1394 754 12 15 >
1451 736 23 61 >
1493 742 121 42 3,650:
1648 761 47 3 —
1740 751 119 42 7,960:
1892 769 61 24 —,

324 849 38 38 så
390 849 37 38 få
454 851 37 36 vi
518 852 182 37 vördsamt
734 853 202 43 hemställa,

784 964 55 32 att
871 961 131 45 Kongl.
1033 960 129 46 Maj:ts
1188 958 131 47 nådiga
1348 959 263 44 framställning
1638 957 57 37 må
1722 958 46 45 på
1796 960 59 35 det
1883 962 72 32 sätt

731 1012 155 44 bifallas,
929 1015 55 32 att
1017 1012 163 43 anslaget
1207 1011 56 34 till
1291 1009 361 37 Generalitetsstaten
1681 1008 68 46 må,
1777 1010 55 35 för
1859 1011 94 34 bere-

733 1064 114 34 dande
874 1063 41 34 af
939 1062 156 44 aflöning
1122 1059 38 37 åt
1188 1062 108 35 ofvan
1315 1061 145 45 angifna
1474 1061 378 44 intendentspersonal,
1870 1062 86 34 ökas

733 1115 78 33 med
833 1116 136 43 43,300
990 1114 132 34 kronor
1137 1113 65 34 och
1217 1110 134 37 således
1364 1112 138 36 utföras
1517 1112 78 34 med
1613 1113 159 43 169,565
1788 1112 162 35 kronor.»

460 1224 58 35 vid
539 1225 159 44 punkten
725 1226 56 33 4:o
810 1222 93 48 (ang.
933 1223 135 35 indelta
1096 1223 140 34 arméns
1263 1221 114 35 befäls
1405 1220 184 48 aflöning):

462 1292 40 34 af
538 1291 142 35 Herrar
719 1291 44 35 LL.
808 1291 54 34 AM.
906 1289 222 44 Nordenfelt,
1170 1288 136 36 Grefve
1348 1289 35 35 S.
1420 1289 201 45 Lagerberg
1649 1289 64 34 och
1741 1288 37 35 J.
1816 1288 136 43 Widén,

324 1342 124 37 hvilka
476 1343 111 44 yrkat
614 1342 100 35 bifall
742 1341 56 35 till
825 1341 131 44 Kongl.
987 1340 128 45 Maj:ts
1143 1340 150 44 förslag;

466 1443 58 35 vid
557 1443 158 45 punkten
757 1445 55 32 9:o
846 1441 93 47 (ang.
969 1440 233 47 uppsättning
1230 1441 39 34 af
1294 1440 188 44 fästnings-
1511 1441 64 34 och
1602 1439 351 48 positionsartilleri):

462 1511 41 34 af
527 1510 142 35 Herrar
697 1510 44 34 RB.
767 1509 476 45 Montgomery-Cederhiebm
1272 1509 64 34 och
1363 1507 169 36 Friherre
1559 1507 44 35 BR.
1633 1519 66 23 von
1726 1508 179 42 Krcemer:

458 1578 39 35 af
521 1577 143 35 Herrar
692 1576 135 37 Grefve
860 1576 41 35 G&.
933 1576 143 45 Sparre,
1105 1576 169 35 Friherre
1302 1575 47 35 H.
1380 1575 55 35 M.
1464 1575 250 42 Palmstierna,
1743 1575 44 35 LL.
1826 1575 55 36 W.
1913 1575 36 35 sS.

331 1629 186 44 Lothigius,
558 1628 46 35 LZ.
647 1629 54 34 M.
740 1627 223 43 Nordenfelt,
992 1626 169 36 Friherre
1193 1626 42 35 &.
1269 1627 132 42 Tanmn,
1432 1624 135 37 Grefve
1595 1625 36 35 S.
1661 1625 210 45 Lagerberg,
1901 1625 45 35 BR.

328 1679 230 42 Törnebladh,
597 1679 36 34 CO.
669 1679 43 34 E.
745 1679 216 44 Casparsson
990 1678 65 34 och
1082 1678 36 34 J.
1157 1677 137 43 Widén,
1323 1677 124 35 hvilka
1474 1677 110 44 yrkat
1611 1676 101 35 bifall
1740 1677 55 34 till
1821 1675 132 45 Kongl.

323 1729 129 45 Maj:ts
480 1730 149 44 förslag;

460 1831 61 34 vid
541 1830 159 45 punkten
729 1831 82 33 10:o
840 1827 197 49 (angående
1065 1830 179 44 trängen):

463 1898 40 34 af
539 1896 99 35 Herr
678 1896 43 35 L.
765 1897 55 34 JAM.
863 1895 221 44 Nordenfelt,
1126 1906 71 24 som
1230 1897 132 41 yttrat:
1399 1892 70 37 »Så
1496 1894 106 45 länge
1629 1896 171 43 trängens
1828 1895 126 44 styrka

325 1949 79 35 icke
445 1952 41 31 är
527 1950 115 32 större
675 1951 45 31 än
746 1947 132 44 Kongl.
909 1947 110 44 Maj:t
1046 1957 49 23 nu
1121 1946 186 44 föreslagit
1334 1946 85 34 eller
1447 1945 162 44 omkring
1638 1947 72 33 300
1738 1956 92 33 man,
1859 1945 95 35 befäl

325 2000 65 34 och
424 1998 250 44 civilpersonal
705 1998 222 44 inbegripna,
957 2007 105 34 synes
1088 1997 73 44 mig
1188 1997 162 34 hvarken
1377 1996 184 44 inspektör
1589 1996 85 34 eller
1702 1995 166 46 adjutant
1895 1996 60 35 vid

326 2051 99 34 detta
453 2060 117 33 vapen
597 2058 90 25 vara
715 2048 39 35 af
778 2049 126 42 nöden,
934 2048 56 34 till
1017 2047 88 45 följd
1133 2047 133 36 hvaraf
1287 2046 64 45 jag
1379 2057 103 24 anser
1510 2047 42 34 de
1580 2046 203 45 föreslagna
1810 2047 141 34 kostna-

326 2101 109 34 derna
462 2101 123 34 kunna
613 2101 88 32 utan
729 2100 189 44 olägenhet
946 2099 156 34 minskas
1130 2098 77 34 med
1233 2099 110 42 8,660
1362 2098 131 34 kronor
1513 2098 64 34 och
1595 2095 105 37 alltså
1719 2098 59 33 det
1796 2097 158 44 begärda

325 2152 164 44 anslaget
516 2151 185 34 nedsättas
727 2151 56 33 till
814 2152 160 41 198,000
1003 2150 163 34 kronor.»

461 2201 19 35 I
504 2202 116 34 denna
638 2201 222 36 reservation
879 2200 111 37 hafva
1009 2199 141 36 Herrar
1169 2199 169 35 Friherre
1364 2199 42 36 G.
1431 2200 122 34 Tanun
1572 2200 64 34 och
1663 2199 35 35 €.
1720 2198 44 35 E.
1790 2198 163 45 Caspars-

324 2263 61 27 son
413 2252 165 45 instämt,
