1876 2784
432 162 298 35 Statsutskottets
747 163 186 34 utlåtande
950 175 42 21 nr
1010 165 65 31 102
1093 164 40 32 år
1151 165 89 31 1956
1546 164 40 31 17

95 242 53 33 för
179 241 217 43 uppdelning
427 254 46 21 av
504 242 357 42 hjälpklasseleverna
892 242 9 33 i
933 241 422 43 undervisningsgrupper
1386 241 60 34 vid
1478 241 105 42 slöjd-

95 286 306 43 undervisningen.
432 286 373 43 Delningsgrunderna
836 287 53 33 för
919 286 295 43 undervisningen
1246 286 10 33 i
1287 286 295 42 hushållgöromål

94 332 66 33 och
180 331 269 42 yrkeskunskap
470 331 74 39 bör,
565 332 115 32 såsom
700 332 256 42 överstyrelsen
976 331 181 40 förutsatt,
1177 343 147 21 numera
1344 334 66 39 äga
1429 330 154 43 tillämp-

94 375 84 42 ning
201 379 89 30 även
314 375 224 34 beträffande
562 379 249 38 ämnesgrenen
835 376 256 42 hemkunskap.

140 420 78 34 Vad
237 420 61 42 jag
317 432 47 21 nu
385 420 159 34 förordat
564 420 224 34 beträffande
808 420 395 43 hjälpundervisningen
1225 420 63 33 bör
1308 420 91 42 gälla
1419 419 78 34 från
1518 420 65 33 och

94 465 80 33 med
195 464 319 43 redovisningsåret
536 465 167 43 1956/57.
723 466 52 33 På
794 466 112 41 grund
927 477 45 21 av
992 465 423 42 statsbidragssystemets
1435 464 148 34 utform-

94 509 84 43 ning
196 509 157 33 inträder
371 510 112 33 härav
501 510 207 33 föranledda
726 510 345 43 kostnadsökningar
1089 510 54 33 för
1162 510 216 33 statsverket
1397 509 89 34 först
1505 509 78 34 från

95 554 66 33 och
178 554 81 33 med
278 554 211 42 budgetåret
510 554 167 43 1957/58.
695 555 74 33 Det
787 558 49 37 är,
855 556 114 32 såsom
987 555 256 42 överstyrelsen
1262 554 205 40 framhållit,
1486 555 98 32 svårt

95 603 55 29 att
169 599 82 33 med
271 599 115 41 någon
407 602 111 30 större
538 599 162 34 säkerhet
720 600 156 33 beräkna
896 599 402 42 kostnadsökningarna.
1319 599 80 33 Den
1420 611 46 21 av
1484 602 99 30 över-

95 643 170 42 styrelsen
289 643 125 41 gjorda
437 643 303 42 uppskattningen
766 656 45 21 av
835 643 411 43 statsbidragsökningen
1270 643 53 34 till
1348 643 236 42 sammanlagt

94 687 162 42 omkring
282 691 65 30 650
362 691 65 30 000
453 688 129 33 kronor
607 700 102 30 synes
735 689 121 32 kunna
881 688 182 43 godtagas.
1089 689 175 33 Häremot
1289 688 173 33 svarande
1487 666 95 69 kost-

95 715 223 59 nadsökning
335 732 53 33 för
406 732 265 34 skoldistrikten
689 733 71 33 kan
778 733 172 33 beräknas
968 733 52 34 till
1039 733 199 42 omkring
1225 736 36 30 75
1277 736 65 30 000
1359 733 140 33 kronor.

140 779 74 33 Det
237 759 100 53 torde
362 778 36 34 få
422 779 190 33 ankomma
635 779 47 42 på
704 778 133 43 Kungl.
861 777 110 42 Maj:t
996 783 54 28 att
1073 777 90 33 efter
1179 760 137 59 förslag
1339 789 45 21 av
1408 777 175 33 skolöver-

95 824 170 42 styrelsen
284 823 144 33 utfärda
444 835 49 30 ny
511 823 206 41 kungörelse
736 823 10 33 i
765 826 120 30 ämnet
904 827 93 29 samt
1015 823 41 33 de
1075 822 121 43 övriga
1215 822 275 40 bestämmelser,
1508 834 75 21 som

95 869 71 33 kan
183 868 116 33 finnas
316 868 186 42 påkallade
519 867 10 33 1
547 867 188 43 anledning
752 880 46 21 av
815 868 69 33 vad
900 867 59 43 jag
976 867 169 34 förordat.

140 957 172 33 Förutom
335 956 352 43 hjälpundervisning
710 956 54 33 för
788 956 248 34 intellektuellt
1059 955 413 43 utvecklingshämmade
1496 955 88 33 barn

96 1001 234 33 förekommer
347 1001 11 33 1
377 1001 199 33 folkskolan
594 1013 147 21 numera
759 1000 381 43 specialundervisning
1158 1001 107 33 också
1283 1000 54 33 för
1355 1000 111 33 andra
1485 1000 99 39 barn,

96 1058 75 21 som
189 1046 48 42 på
255 1046 113 41 grund
388 1058 46 21 av
452 1045 134 43 fysiska
605 1046 80 32 eller
703 1046 169 42 psykiska
891 1045 205 42 handikapp
1115 1045 76 33 icke
1210 1045 81 33 med
1310 1044 185 43 framgång
1513 1044 71 34 kan

95 1090 142 42 deltaga
251 1090 11 33 i
278 1090 67 33 den
363 1090 141 42 vanliga
520 1090 384 42 skolundervisningen.
920 1090 80 33 Den
1017 1090 160 42 speciella
1194 1089 295 43 undervisningen
1507 1089 77 33 sker

96 1134 168 43 antingen
286 1135 11 32 i
320 1135 170 33 särskilda
512 1135 131 33 klasser
664 1155 45 4 —
733 1135 260 42 specialklasser
1013 1155 46 4 —
1081 1135 82 32 eller
1185 1146 126 31 genom
1333 1133 252 43 undervisning

94 1179 168 42 jämsides
281 1179 80 33 med
382 1179 119 42 vanlig
519 1179 252 42 undervisning
797 1174 27 51 —
853 1179 146 34 särskild
1020 1178 392 43 specialundervisning.

139 1224 56 33 De
213 1223 272 43 specialklasser,
504 1236 75 21 som
598 1223 64 34 här
679 1227 38 30 är
735 1224 9 33 i
764 1224 109 42 fråga,
893 1227 38 30 är
948 1224 270 39 observations-,
1237 1223 140 40 hörsel-,
1396 1235 91 30 syn-,
1507 1223 78 40 tal-,

96 1269 77 39 läs-,
192 1268 146 33 frilufts-
356 1269 65 32 och
439 1269 242 33 hälsoklasser.
699 1268 189 42 Därjämte
906 1269 63 33 har
987 1269 256 41 överstyrelsen
1260 1268 11 33 i
1290 1268 100 33 detta
1409 1280 175 21 samman-

95 1313 94 42 hang
211 1313 106 33 också
339 1313 166 42 upptagit
527 1313 93 33 vissa
642 1314 170 41 spörsmål
835 1313 223 33 beträffande
1080 1313 42 33 de
1146 1313 74 33 s.k.
1243 1312 341 43 skolmognadsklas-

96 1369 111 22 serna.
230 1357 154 34 Särskild
407 1357 382 43 specialundervisning
810 1370 100 21 avser
932 1358 87 33 barn
1040 1358 81 32 med
1143 1357 141 40 hörsel-,
1306 1369 91 30 syn-,
1419 1357 78 39 tal-,
1518 1357 65 33 läs-

96 1402 66 33 och
180 1401 324 42 skrivsvårigheter.

142 1448 178 34 Särskilda
343 1447 264 34 bestämmelser
628 1447 148 33 rörande
799 1447 135 33 antalet
956 1447 113 32 elever
1090 1447 10 34 i
1123 1445 262 43 specialklasser
1406 1446 66 49 och
1495 1446 89 32 skol-

96 1493 305 42 mognadsklasser
421 1492 82 33 eller
523 1491 147 50 rörande
691 1490 516 55 undervisningsskyldigheten
1229 1490 53 33 för
1302 1490 139 33 lärare
1431 1486 16 50 i
1464 1490 120 42 dylika

94 1521 132 50 klasser
247 1536 113 34 finnes
382 1536 75 33 icke
480 1536 126 34 liksom
628 1535 29 42 ej
683 1536 108 33 heller
812 1536 107 42 några
942 1525 148 44 allmänt
1112 1535 162 42 gällande
1296 1535 97 33 kurs-
1416 1534 66 34 och
1504 1535 80 33 tim-

96 1582 122 42 planer
236 1581 53 33 för
308 1581 99 33 dessa
425 1581 142 33 klasser.
585 1581 69 32 För
672 1563 381 59 skolmognadsklasser
1071 1580 64 33 har
1152 1579 196 42 tillämpats
1367 1579 43 33 de
1428 1579 54 33 för
1500 1591 84 21 van-

96 1626 68 42 liga
184 1626 132 49 klasser
335 1625 162 42 gällande
517 1608 322 50 bestämmelserna.
859 1625 17 33 I
897 1624 115 43 övrigt
1031 1624 64 33 har
1114 1624 54 33 för
1188 1624 310 52 specialklasserna
1516 1623 68 34 till-

96 1671 154 41 lämpats
270 1670 94 33 vissa
382 1670 147 33 allmänt
548 1670 119 33 hållna
685 1669 242 34 föreskrifter
914 1665 20 51 i
948 1652 325 58 folkskolestadgan
1291 1681 47 21 m.
1351 1681 47 21 m.
1417 1671 167 31 ävensom

97 1715 42 33 de
159 1716 9 33 i
190 1714 413 41 avlöningsreglementet
622 1714 107 42 givna
748 1714 311 33 bestämmelserna
1078 1726 59 20 om
1156 1713 185 42 möjlighet
1361 1718 54 28 att
1436 1712 59 34 vid
1516 1716 68 30 sär-

97 1759 113 33 skilda
227 1759 244 33 förhållanden
488 1759 166 33 nedsätta
672 1759 87 33 folk-
778 1759 65 33 och
861 1758 282 50 småskollärares
1161 1757 423 52 undervisningsskyldig-

97 1804 71 33 het.
189 1804 80 32 Den
288 1815 71 30 nya
378 1802 399 42 undervisningsplanen
796 1803 191 33 innehåller
1005 1802 93 33 vissa
1117 1802 227 42 anvisningar
1362 1802 148 33 rörande
1530 1807 55 28 ut-

97 1847 147 42 tagning
260 1860 44 20 av
314 1838 120 42 elever
450 1847 52 33 till
519 1859 24 21 sj
536 1831 205 57 pecialklass
758 1852 92 28 samt
867 1847 179 41 angående
1063 1846 162 33 arbetet
1209 1842 20 51 i
1244 1831 261 57 specialklasser
1520 1846 65 33 och

98 1892 245 33 anordnandet
365 1904 45 20 av
432 1870 147 54 särskild
602 1891 391 42 specialundervisning.

143 1945 88 33 Med
246 1945 138 41 hänsyn
399 1944 53 33 till
468 1949 55 28 att
539 1944 380 42 specialundervisning
934 1944 233 33 förekommer
1170 1940 16 50 i
1208 1944 62 33 allt
1286 1947 108 30 större
1409 1944 175 33 utsträck-

97 1989 84 40 ning
198 1989 65 33 och
282 1989 46 33 då
345 1989 227 33 avsaknaden
591 2001 44 20 av
653 1989 53 32 för
724 1989 113 33 denna
858 1988 250 42 undervisning
1125 1988 141 33 särskilt
1284 1988 195 42 anpassade
1497 1988 87 33 före-

115 2034 124 32 krifter
262 2034 65 32 och
350 2045 139 21 normer
512 2033 153 33 medfört
689 2033 94 33 vissa
806 2033 233 42 olägenheter,
1063 2033 156 32 ansluter
1242 2032 60 43 jag
1324 2033 71 41 mig
1419 2033 51 32 till
1496 2033 89 32 skol-

122 2078 249 41 verstyrelsens
391 2077 242 42 uppfattning,
654 2082 52 28 att
729 2078 170 32 särskilda
919 2078 264 32 bestämmelser
1202 2077 54 33 för
1275 2077 310 42 specialundervis-

98 2121 127 42 ningen
246 2122 10 32 1
276 2122 198 32 folkskolan
494 2134 48 21 nu
562 2122 62 33 bör
643 2122 172 33 utfärdas.

143 2175 77 33 Vad
245 2175 254 40 överstyrelsen
524 2175 117 32 anfört
665 2187 57 20 om
747 2174 220 42 riktlinjerna
991 2174 52 33 för
1067 2174 283 42 organisationen
1375 2186 45 21 av
1443 2174 142 42 special-

98 2218 294 41 undervisningen
417 2219 65 32 och
507 2218 10 32 i
541 2218 95 33 vilka
660 2219 59 32 fall
744 2219 116 32 denna
884 2219 62 32 bör
969 2218 10 33 i
1003 2218 109 33 första
1137 2219 95 32 hand
1257 2218 128 33 ordnas
1408 2218 10 33 1
1443 2218 142 41 special-

98 2263 93 32 klass
210 2263 81 32 eller
308 2274 125 29 genom
453 2262 146 32 särskild
619 2262 390 41 specialundervisning,
1028 2263 63 32 har
1109 2262 75 32 icke
1203 2262 87 41 givit
1309 2262 71 41 mig
1399 2262 188 41 anledning

98 2307 50 32 till
171 2306 148 33 erinran.
338 2307 68 40 Jag
425 2306 59 32 vill
505 2306 92 32 blott
617 2306 235 41 understryka
873 2307 296 41 angelägenheten
1191 2319 44 20 av
1256 2311 55 28 att
1331 2306 255 41 specialunder-

99 2350 181 41 visningen
303 2350 9 32 i
334 2353 129 29 största
484 2349 143 41 möjliga
649 2350 246 41 utsträckning
916 2350 126 33 ordnas
1064 2363 75 19 som
1161 2350 148 33 särskild
1331 2350 254 41 specialunder-

100 2394 138 41 visning
257 2394 166 41 jämsides
444 2394 79 33 med
546 2394 250 41 undervisning
815 2396 10 32 i
846 2394 117 41 vanlig
984 2395 103 37 klass,
1109 2395 64 32 där
1193 2396 38 31 så
1251 2395 69 32 kan
1343 2395 59 32 ske
1423 2399 86 28 utan
1532 2400 54 27 att

99 2439 111 41 syftet
227 2438 79 33 med
325 2439 65 32 den
409 2438 160 42 speciella
587 2438 294 41 undervisningen
898 2439 212 33 eftersättes.

145 2491 198 41 Självfallet
366 2492 112 32 måste
501 2492 212 32 elevantalet
736 2491 8 32 i
768 2492 308 41 specialklasserna
1099 2504 85 20 vara
1206 2495 166 29 avsevärt
1394 2492 92 42 lägre
1510 2495 43 29 än
1578 2492 8 32 i

100 2536 140 40 vanliga
259 2536 141 39 klasser,
420 2536 54 32 för
493 2540 54 28 att
566 2536 424 42 specialundervisningen
1011 2536 86 32 skall
1119 2536 120 33 kunna
1259 2536 84 42 fylla
1363 2536 51 32 sin
1436 2537 151 41 uppgift.

96 2599 15 23 2
129 2611 32 2 —
180 2597 100 30 Bihang
301 2598 37 23 till
357 2597 148 31 riksdagens
523 2598 129 30 protokoll
673 2600 69 22 1956.
779 2601 13 21 6
812 2599 71 23 saml.
919 2598 39 24 Nr
977 2601 131 21 102-103
