2126 2645
333 253 36 29 10
572 250 87 31 första
683 249 204 31 Kammarens
912 248 169 42 Tillfälliga
1107 247 129 31 Utskotts
1260 246 78 40 (N:o
1361 248 30 37 1)
1418 246 160 31 Utlåtande
1601 245 65 32 N:o
1690 248 25 28 7.

330 341 105 39 tagas
476 330 59 37 för
575 336 57 30 att
671 330 135 48 bringa
843 330 58 35 till
938 330 137 35 allmän
1105 328 70 36 och
1204 340 197 36 noggrann
1430 325 225 38 efterlefnad
1684 325 46 37 de
1758 326 12 35 i
1799 325 135 49 Kongl.

332 382 218 37 Cirkuläret
591 381 40 36 af
668 381 72 36 den
780 384 44 33 12
852 380 72 48 Maj
958 383 92 34 1865
1081 379 201 36 utfärdade
1311 378 288 37 föreskrifterna
1627 384 79 29 mot
1734 391 46 22 en
1808 378 128 47 själlös

331 434 71 36 och
438 434 68 36 allt
540 432 58 37 för
625 433 106 48 långt
758 431 148 37 drifven
935 432 253 47 utanläsning,
1217 434 48 44 på
1293 430 65 36 det
1385 436 56 30 att
1469 430 104 35 detta
1601 429 76 36 lika
1704 429 231 48 förderfliga,

330 499 82 22 som
462 485 110 47 djupt
616 484 172 36 inrotade
830 483 187 36 missbruk
1058 482 62 36 vid
1162 481 527 48 religionsundervisningens
1730 480 206 36 utöfvande

330 540 117 32 måtte
475 536 117 36 varda
619 535 261 48 undanröjdt.»

431 586 106 37 Efter
565 587 66 36 det
658 593 56 30 att
742 586 132 36 Första
902 585 244 37 Kammarens
1173 584 133 36 Första
1334 583 207 48 Tillfälliga
1567 582 158 37 Utskott
1750 582 187 36 inhemtat

331 640 100 35 hvad
468 640 11 34 i
513 639 104 36 detta
651 638 139 36 ärende
821 637 316 47 hufvudsakligen
1166 635 159 36 sålunda
1354 643 41 27 är
1422 635 137 35 vordet
1586 633 162 45 anfördt,
1778 634 67 36 har
1872 634 65 35 det

330 689 183 35 förefallit
552 688 198 36 Utskottet
786 688 241 47 synnerligen
1061 686 392 46 anmärkningsvärdt,
1482 692 56 28 att
1567 685 165 35 hvarken
1762 686 11 33 i
1802 685 136 35 motio-

330 753 74 23 nen
432 740 92 35 eller
551 740 12 35 i
592 739 64 36 det
684 738 107 37 öfver
812 738 215 36 densamma
1047 736 141 49 afgifna
1207 735 392 37 Utskottsutlåtandet
1618 738 124 44 någon
1763 734 173 36 bestämd

332 791 188 36 åtskilnad
561 791 121 47 gjorts
722 791 10 34 i
774 789 176 36 afseende
992 793 20 31 å
1053 788 97 43 dem,
1184 801 80 23 som
1306 786 112 37 hafva
1445 793 57 29 att
1530 793 191 40 emottaga
1749 785 73 36 den
1850 786 87 35 reli-

330 842 396 48 gionsundervisning,
755 854 80 22 som
864 841 68 34 här
960 848 41 27 är
1029 840 11 34 i
1067 839 118 48 fråga,
1215 839 245 47 hvarigenom
1489 838 46 35 de
1564 837 132 35 dervid
1716 836 221 36 framstälda

331 893 217 48 fordringar
588 896 48 44 på
676 892 273 47 inskränkning
982 890 41 36 af
1052 890 243 48 utanläsning
1322 889 65 36 vid
1414 887 523 37 kristendomsundervisnin-

331 958 72 34 gen
431 944 238 48 följaktligen
700 944 108 35 stälts
837 942 156 36 alldeles
1021 942 76 35 lika
1124 941 59 36 för
1211 942 194 46 lärjungar
1431 941 102 34 inom
1553 939 82 36 vidt
1654 939 123 36 skilda
1796 939 142 35 ålders-

332 996 154 44 klasser,
515 995 76 35 lika
618 994 59 36 för
705 994 92 36 barn
826 993 83 36 från
938 994 71 35 och
1038 992 85 36 med
1152 994 19 34 9
1201 991 21 36 å
1251 994 45 34 10
1325 991 98 36 ända
1451 991 59 35 till
1540 993 44 33 14
1613 990 21 35 å
1663 993 43 33 15
1737 993 52 40 år,
1810 990 11 35 i
1840 989 96 36 folk-

332 1047 131 35 skolan
498 1047 70 34 och
598 1046 46 35 de
673 1046 115 35 nedre
817 1046 192 34 klasserna
1037 1043 40 36 af
1102 1044 46 35 de
1177 1044 189 34 allmänna
1393 1042 238 44 läroverken,
1661 1041 70 36 och
1760 1040 59 36 för
1846 1041 92 35 kon-

331 1097 205 36 firmander
569 1097 64 35 vid
668 1110 46 22 en
743 1096 105 36 ålder
876 1095 40 36 af
942 1097 43 34 16
1015 1094 20 36 å
1066 1098 55 33 17.
1175 1093 131 36 Ehuru
1335 1093 65 36 det
1427 1093 222 47 visserligen
1678 1092 40 35 af
1742 1092 195 35 motionen

333 1149 71 35 och
441 1147 40 36 af
514 1148 46 35 de
597 1148 59 35 till
693 1147 86 36 stöd
806 1146 60 36 för
894 1147 217 35 densamma
1138 1145 158 36 anförda
1323 1143 135 48 Kongl.
1488 1144 216 35 cirkulären
1732 1143 67 35 vill
1827 1155 111 35 synas

333 1212 78 23 som
453 1199 121 35 skulle
615 1197 132 49 frågan
788 1204 86 29 röra
915 1197 133 35 endast
1089 1196 72 35 den
1203 1195 285 47 undervisning,
1532 1206 80 23 som
1648 1194 145 35 lemnas
1830 1194 108 34 dessa

333 1263 130 23 senare
498 1250 93 35 eller
626 1248 428 48 nattvardsungdomen,
1092 1247 166 48 framgår
1294 1246 97 35 dock
1428 1250 40 31 så
1503 1245 62 35 väl
1602 1244 40 36 af
1674 1244 64 35 det
1773 1244 166 35 nämnda

333 1300 227 42 utlåtandet,
601 1313 81 22 som
723 1300 70 35 ock
834 1299 39 35 af
906 1299 73 35 den
1007 1299 10 34 i
1054 1296 135 37 Andra
1217 1296 224 36 Kammaren
1475 1294 178 37 deröfver
1680 1294 108 36 förda
1816 1294 123 36 öfver-

332 1352 196 47 läggning,
564 1357 55 29 att
646 1350 133 48 frågan
808 1350 153 35 erhållit
990 1349 71 35 den
1103 1355 121 29 större
1261 1347 278 48 utsträckning,
1577 1359 80 22 som
1694 1346 74 35 den
1796 1345 58 35 för
1882 1346 58 35 sin

333 1416 96 34 egen
464 1403 81 47 vigt
582 1402 69 35 och
681 1401 217 48 betydelses
926 1400 99 36 skull
1054 1400 85 35 bort
1169 1399 155 43 erhålla,
1354 1398 70 35 och
1460 1404 57 29 att
1545 1397 71 36 den
1646 1396 146 36 således
1821 1399 118 32 måste

333 1466 108 23 anses
483 1452 159 36 omfatta
678 1452 142 47 jemväl
857 1451 73 36 den
963 1451 162 48 tidigare
1153 1448 508 49 religionsundervisningen
1689 1448 11 34 i
1728 1450 89 32 våra
1844 1446 96 36 folk-

334 1505 128 35 skolor
490 1504 70 35 och
589 1504 189 35 allmänna
806 1502 187 36 läroverk.

434 1554 197 35 Förhåller
659 1554 65 35 det
752 1555 60 45 sig
840 1553 156 35 härmed
1025 1565 50 22 nu
1104 1555 51 40 så,
1184 1554 40 32 så
1252 1551 110 35 torde
1391 1550 170 45 skäligen
1590 1550 127 34 kunna
1745 1547 197 48 ifrågasät-

334 1616 69 33 tas,
445 1618 61 22 om
539 1605 65 35 det
637 1609 41 31 är
711 1605 135 47 troligt
874 1603 92 36 eller
994 1616 64 22 ens
1086 1603 159 46 möjligt,
1274 1607 57 30 att
1359 1600 197 36 enahanda
1583 1598 239 37 föreskrifter
1850 1599 10 35 i
1890 1597 52 36 af-

335 1655 138 36 seende
500 1659 47 44 på
569 1655 122 35 denna
711 1655 291 46 undervisnings
1022 1653 177 43 innehåll,
1221 1651 152 47 omfång
1393 1652 71 35 och
1484 1650 261 42 meddelande,
1766 1649 176 48 gällande

327 1705 66 49 för
421 1706 74 36 alla
536 1706 45 35 de
618 1719 88 35 nyss
742 1705 163 35 nämnda
942 1704 319 36 åldersklasserna
1289 1702 40 36 af
1352 1703 205 47 lärjungar,
1586 1701 122 35 skulle
1736 1701 120 34 finnas
1875 1699 68 48 för

334 1758 90 35 hvar
451 1757 61 35 och
540 1770 42 22 en
610 1757 45 48 af
678 1757 80 35 dem
786 1757 76 34 lika
889 1762 189 41 noggrant
1106 1754 208 48 afpassade,
1342 1754 77 34 lika
1446 1753 61 35 väl
1530 1752 227 47 tillämpliga
1778 1751 68 35 och
1869 1750 75 36 lika

334 1807 330 46 fruktbringande.
720 1806 82 37 Och
839 1813 126 29 svaret
993 1809 118 32 måste
1140 1805 220 47 visserligen
1390 1803 133 36 utfalla
1551 1802 183 44 nekande,
1763 1809 88 27 enär
1879 1801 65 35 det

336 1859 82 35 icke
454 1858 70 35 kan
559 1871 90 23 vara
685 1863 76 30 rätt
797 1863 65 39 att,
900 1864 91 28 utan
1020 1856 204 48 tillbörligt
1251 1855 175 35 afseende
1455 1857 48 44 på
1530 1854 73 35 den
1631 1853 221 47 utveckling
1880 1852 64 35 be-

335 1922 157 35 grepps-
521 1909 70 36 och
621 1908 369 48 omdömesförmåga
1017 1907 165 36 normalt
1210 1906 169 48 undergå
1407 1905 121 35 under
1547 1905 105 35 tiden
1671 1904 138 35 mellan
1831 1906 19 33 9
1872 1903 70 35 och

338 1963 42 33 17
413 1964 52 40 år,
494 1961 109 34 ställa
630 1959 266 47 fordringarna
924 1959 63 35 vid
1016 1958 73 35 den
1117 1957 287 49 ifrågavarande
1433 1956 323 47 undervisningen
1774 1972 49 5 —
1842 1954 102 46 skilj-

336 2011 123 47 aktigt
499 2010 82 35 från
620 2010 98 35 hvad
755 2010 65 35 vid
848 2010 50 35 all
926 2022 122 22 annan
1076 2008 273 47 undervisning
1378 2014 41 28 är
1448 2007 108 47 öfligt
1581 2025 51 4 —
1659 2006 180 46 antingen
1868 2005 76 34 lika

337 2062 93 48 högt
458 2062 92 35 eller
576 2062 76 34 lika
680 2062 80 47 lågt
787 2061 58 35 för
873 2060 72 35 alla
973 2060 98 43 dem,
1100 2072 80 23 som
1208 2058 89 36 falla
1325 2059 102 34 inom
1454 2057 165 36 nämnda
1647 2056 116 36 ålder.

436 2112 75 35 För
551 2112 209 43 Utskottet,
798 2125 80 22 som
915 2124 109 23 anser
1061 2116 55 30 att
1154 2109 292 47 utanläsningen
1475 2107 111 36 äfven
1613 2106 41 37 af
1677 2106 162 36 Luthers
1867 2105 77 36 lilla

336 2163 155 36 katekes
518 2162 192 36 bedrifves
738 2162 59 36 för
825 2162 115 47 tidigt
967 2162 63 36 vid
1058 2164 90 32 våra
1175 2160 267 36 läroanstalter
1475 2159 70 35 och
1575 2165 56 29 att
1659 2158 72 35 den
1755 2158 80 46 just
1863 2157 83 35 der-

336 2214 93 44 före,
471 2214 187 35 måhända
698 2226 151 23 snarare
891 2221 46 27 än
973 2225 138 35 genom
1142 2215 117 44 något
1285 2211 168 35 lärarnes
1482 2209 259 46 oförståndiga
1768 2209 56 34 nit
1852 2208 95 35 eller

337 2265 194 35 bristande
569 2264 258 48 pedagogiska
862 2263 183 49 förmåga,
1082 2264 72 34 lätt
1189 2262 137 35 varder
1353 2261 175 46 »själlös»,
1557 2273 81 22 som
1665 2259 130 35 vidare
1826 2258 121 36 håller

337 2315 93 44 före,
459 2321 56 29 att
543 2315 72 35 den
644 2315 119 35 första
791 2313 578 45 kristendomsundervisningen
1397 2311 218 47 lämpligast
1642 2310 143 35 lemnas
1809 2321 138 36 genom
