1884 2780
361 178 404 38 Bevillningsutskottets
787 177 218 31 betänkande
1026 186 43 21 nr
1091 177 39 29 16
1151 176 39 30 år
1212 176 82 30 1961
1533 173 39 31 21

85 270 273 37 ningsförslaget
371 269 225 31 beträffande
609 267 490 39 progressionsutjämningen
1114 266 78 30 med
1207 266 93 29 vissa
1316 266 133 29 smärre
1463 264 115 37 jämk-

87 324 134 36 ningar.
243 323 126 30 Vidare
390 323 107 37 yrkas
517 323 93 29 vissa
631 321 308 37 kompletteringar
961 320 52 30 till
1036 319 161 37 fjolårets
1218 317 277 38 riksdagsbeslut
1516 325 60 21 an-

87 377 131 37 gående
239 377 113 29 rätten
372 377 51 29 till
445 375 339 39 förlustutjämning.

131 431 177 30 Utskottet
327 430 157 30 ansluter
505 429 50 37 sig
576 429 52 29 till
648 429 277 29 motionärernas
946 426 226 39 uppfattning
1194 427 51 29 att
1265 425 58 30 det
1342 425 112 30 måste
1474 432 103 22 anses

89 484 222 38 synnerligen
338 483 180 37 angeläget
544 484 51 28 att
622 482 164 37 tillskapa
814 481 171 38 generella
1013 480 111 37 regler
1152 479 55 30 för
1235 479 113 37 öppen
1375 478 202 30 resultatut-

88 538 160 37 jämning
265 537 57 30 vid
341 536 279 37 beskattningen.
639 536 64 29 Det
721 536 39 29 är
778 536 106 36 enligt
903 534 190 30 utskottets
1112 533 226 38 uppfattning
1357 541 43 21 en
1419 531 159 37 allvarlig

87 592 88 30 brist
193 593 52 29 att
263 592 179 29 allmänna
462 590 111 38 regler
591 590 129 30 saknas
737 589 133 30 härför.
887 589 179 30 Utskottet
1084 597 103 20 anser
1205 588 50 28 att
1275 586 82 30 1957
1377 586 56 29 års
1452 586 129 29 skatte-

88 645 206 37 utrednings
316 644 131 40 förslag
467 643 79 30 med
568 644 92 29 vissa
682 643 133 30 smärre
835 642 227 37 jämkningar
1084 641 69 29 kan
1175 641 118 37 läggas
1315 640 52 29 till
1389 639 113 38 grund
1525 638 56 30 för

89 698 124 30 beslut.
237 698 12 29 I
272 697 151 37 enlighet
445 697 79 29 med
547 696 278 30 motionärernas
846 695 158 37 yrkande
1027 693 193 38 tillstyrker
1244 692 170 31 utskottet
1435 694 52 28 att
1510 691 69 30 för-

89 751 439 39 fattningsbestämmelser
545 759 47 21 nu
610 750 134 37 intages
762 759 56 20 om
837 750 70 29 rätt
923 748 53 31 till
995 747 202 38 utjämning
1215 756 42 21 av
1275 746 118 38 statlig
1411 746 171 30 inkomst-

90 807 94 29 skatt
210 806 10 29 i
245 805 94 31 vissa
367 804 71 31 fall.
466 804 157 30 Gränsen
651 803 55 30 för
732 802 375 31 inkomstvariationen
1136 810 103 28 synes
1268 800 114 30 såsom
1410 800 172 29 motionä-

90 868 102 21 rerna
213 858 180 37 föreslagit
412 858 122 30 kunna
554 857 192 30 fastställas
765 856 53 30 till
840 856 37 30 10
892 856 63 30 000
976 855 140 30 kronor.
1136 853 128 31 Vidare
1284 853 61 30 bör
1364 853 70 30 rätt
1455 853 52 29 till
1527 853 53 29 ut-

90 912 161 38 jämning
278 911 166 38 föreligga
469 911 58 30 vid
555 910 154 31 fallande
734 909 165 31 inkomst.
925 908 179 32 Utskottet
1129 907 207 31 förutsätter
1360 908 53 29 att
1438 905 69 31 den
1531 913 49 23 nu

92 965 199 31 fastställda
320 965 149 37 gränsen
500 964 55 30 för
584 963 374 30 inkomstvariationen
988 962 68 30 blir
1087 961 147 30 föremål
1266 960 55 30 för
1350 959 231 38 omprövning

91 1020 88 30 efter
203 1019 72 30 viss
300 1018 68 31 tids
393 1018 211 30 erfarenhet.
629 1017 175 30 Utskottet
829 1016 194 37 tillstyrker
1048 1016 86 29 även
1160 1015 67 29 den
1254 1023 42 21 av
1320 1013 261 30 motionärerna

92 1073 198 36 föreslagna
314 1072 231 37 jämkningen
568 1080 42 21 av
632 1069 376 40 utredningsförslaget
1032 1070 51 28 att
1107 1077 74 21 som
1205 1067 127 30 villkor
1356 1066 55 31 för
1435 1066 70 30 rätt
1528 1065 53 30 till

89 1125 447 40 progressionsutjämning
556 1124 89 31 skall
665 1124 101 37 gälla,
787 1125 51 29 att
856 1121 442 38 deklarationsskyldighet
1318 1121 89 30 skall
1427 1121 46 29 ha
1494 1120 90 30 före-

91 1181 91 38 legat
205 1181 167 37 antingen
394 1180 114 29 under
529 1178 280 38 jämförelseåret
831 1177 83 30 eller
935 1176 107 38 något
1064 1185 41 20 av
1128 1176 40 29 de
1190 1175 58 29 två
1271 1175 158 29 närmast
1451 1173 134 37 föregå-

93 1234 86 30 ende
198 1232 340 38 beskattningsåren.

137 1287 76 30 Vad
238 1286 37 30 så
299 1286 172 30 beträffar
495 1285 41 30 de
560 1285 10 29 i
596 1284 65 37 fjol
685 1284 179 30 beslutade
887 1283 160 37 reglerna
1071 1291 57 21 om
1151 1282 71 30 rätt
1247 1281 51 30 till
1323 1279 260 38 förlustutjäm-

93 1340 85 39 ning
200 1339 97 31 delar
317 1339 173 31 utskottet
512 1337 272 40 uppfattningen
806 1338 51 29 att
877 1337 95 30 vissa
995 1335 214 38 justeringar
1234 1343 102 29 synes
1359 1333 224 31 motiverade.

92 1395 53 29 Nu
163 1394 110 37 gäller
290 1395 52 28 att
359 1391 440 37 deklarationsskyldighet
818 1390 88 31 skall
924 1390 47 30 ha
991 1389 168 38 förelegat
1178 1388 55 31 för
1252 1389 57 29 det
1327 1388 259 37 beskattnings-

93 1449 39 29 år
151 1448 175 30 förlusten
345 1446 233 38 uppkommit.
598 1445 177 30 Utskottet
795 1453 102 21 anser
916 1444 115 29 denna
1050 1442 245 30 bestämmelse
1314 1440 120 30 altlför
1454 1440 133 37 rigorös

95 1501 65 30 och
185 1500 113 37 ägnad
324 1502 50 28 att
399 1498 159 31 medföra
584 1498 177 30 orättvisa.
788 1496 176 31 Utskottet
990 1495 148 30 föreslår
1164 1504 43 20 en
1232 1494 185 37 jämkning
1443 1502 43 21 av
1511 1500 74 30 reg-

94 1555 97 30 lerna
206 1563 44 21 av
263 1554 67 30 den
344 1553 217 30 innebörden
576 1553 51 28 att
642 1549 441 38 deklarationsskyldighet
1099 1548 88 31 skall
1203 1548 47 30 ha
1267 1548 168 37 förelegat
1451 1547 136 37 anting-

96 1617 43 21 en
157 1607 204 30 förluståret
379 1606 83 30 eller
480 1605 113 30 under
610 1604 104 37 något
731 1613 43 21 av
792 1604 40 30 de
850 1603 56 30 två
926 1603 158 29 närmast
1102 1601 208 37 föregående
1328 1600 257 36 beskattnings-

96 1662 94 29 åren.
212 1660 127 30 Vidare
360 1659 153 30 biträder
533 1658 170 30 utskottet
723 1658 57 29 det
801 1656 195 31 framförda
1018 1654 327 37 motionsyrkandet
1366 1656 51 28 att
1436 1653 150 30 bestäm-

97 1715 173 29 melserna
291 1722 57 21 om
371 1712 259 36 förlustavdrag
650 1711 57 30 vid
730 1710 202 30 överlåtelse
952 1709 64 30 bör
1037 1708 251 37 kompletteras
1311 1708 36 29 så
1369 1708 52 29 att
1441 1707 71 30 rätt
1533 1706 53 30 till

99 1766 329 37 förlustutjämning
453 1765 89 30 skall
565 1764 152 35 kvarstå,
741 1772 56 21 om
822 1763 67 30 den
913 1771 75 22 som
1013 1762 168 36 övertagit
1204 1761 113 30 aktier
1340 1761 44 37 på
1408 1760 112 37 grund
1545 1769 43 21 av

97 1831 71 25 arv,
190 1822 208 29 testamente
420 1820 85 30 eller
525 1818 187 37 bodelning
733 1817 170 30 överlåter
925 1817 102 29 dessa
1047 1816 52 29 till
1121 1816 148 36 tidigare
1290 1815 102 36 ägare
1414 1823 42 20 av
1477 1814 114 29 aktier

97 1875 11 29 i
130 1874 181 36 företaget.
334 1874 49 28 De
405 1881 49 21 nu
476 1872 161 37 gällande
659 1870 312 30 bestämmelserna
995 1869 156 34 innebär,
1176 1870 51 27 att
1251 1868 116 29 därest
1390 1867 93 30 änka
1507 1867 84 30 eller

96 1928 88 30 barn
204 1926 91 31 efter
312 1925 301 37 hälftendelägare
633 1933 102 21 anser
755 1924 51 37 sig
826 1923 110 30 sakna
957 1922 224 37 möjligheter
1201 1923 51 28 att
1272 1920 137 30 behålla
1430 1920 160 30 aktierna

98 1981 65 30 och
187 1980 122 30 därför
331 1979 172 30 överlåter
528 1979 77 29 dem
630 1978 51 29 till
707 1978 66 29 den
798 1977 108 30 andre
930 1975 337 39 hälftendelägaren,
1293 1974 112 30 denne
1430 1974 161 36 delägare

97 2035 73 30 helt
185 2034 152 30 förlorar
352 2034 114 28 rätten
482 2032 52 29 till
551 2032 128 36 avdrag
695 2030 55 31 för
765 2030 127 30 förlust
909 2038 75 22 som
1001 2028 222 38 uppkommit
1239 2028 108 29 innan
1363 2027 71 30 han
1450 2028 141 36 övertog

99 2088 41 30 de
166 2086 254 31 efterlevandes
447 2085 123 30 aktier.
598 2084 273 30 Bestämmelsen
899 2083 70 30 kan
997 2082 133 31 således
1158 2081 116 30 såsom
1303 2082 66 29 den
1396 2090 49 20 nu
1473 2081 39 29 är
1538 2082 53 28 ut-

102 2140 137 30 formad
264 2139 76 30 leda
363 2139 51 29 till
439 2138 197 37 uppenbart
656 2137 140 36 obilliga
819 2136 157 29 resultat.

145 2194 12 29 I
178 2193 220 29 motionerna
417 2192 67 29 har
502 2191 119 30 vidare
639 2190 158 37 yrkande
818 2189 210 30 framställts
1049 2197 56 20 om
1125 2188 188 36 utredning
1335 2187 148 30 rörande
1504 2186 89 36 möj-

102 2246 193 37 ligheterna
320 2245 51 29 till
397 2243 348 36 resultatutjämning
769 2250 122 29 genom
917 2241 67 30 den
1010 2240 72 30 s.k.
1107 2240 282 29 kontometoden.
1414 2239 177 30 Utskottet

103 2299 95 30 delar
225 2297 271 38 uppfattningen
522 2298 52 27 att
598 2295 113 30 denna
737 2295 116 29 metod
878 2293 166 37 erbjuder
1070 2302 42 20 en
1138 2292 184 36 möjlighet
1348 2292 51 29 till
1427 2301 43 20 en
1495 2300 96 20 mera

103 2352 131 30 allmän
257 2351 136 38 lösning
415 2359 43 20 av
479 2346 564 38 resultatutjämningsproblemet
1066 2354 73 21 som
1162 2345 63 29 bör
1247 2344 218 30 undersökas
1486 2346 106 35 ytter-

104 2406 117 37 ligare.
240 2404 176 30 Utskottet
433 2402 193 37 tillstyrker
644 2401 120 29 därför
781 2402 51 27 att
850 2399 188 36 riksdagen
1057 2399 8 28 i
1086 2397 166 30 skrivelse
1273 2397 50 29 till
1342 2397 125 36 Kungl.
1487 2397 107 36 Maj:t
