1872 2782
436 170 120 31 Andra
579 171 247 39 lagutskottets
851 169 178 31 utlåtande
1052 178 44 21 nr
1118 169 41 30 37
1184 169 39 30 år
1248 169 82 30 1961
1601 168 15 29 1

807 523 63 40 Nr
893 523 54 40 37

331 633 184 31 Utlåtande
545 634 11 29 i
582 633 190 40 anledning
800 642 42 21 av
870 632 124 30 väckta
1022 631 174 30 motioner
1223 630 179 40 angående
1431 629 188 40 lotteriför-

529 695 206 40 ordningen,
754 704 46 21 m.
819 704 47 22 m.

176 803 119 30 Andra
324 803 230 39 lagutskottet
584 802 67 30 har
680 802 53 30 till
763 801 214 40 behandling
1008 799 155 32 förehaft
1194 799 79 40 fyra
1303 799 96 30 inom
1431 798 187 40 riksdagen

130 857 136 34 väckta,
289 856 53 31 till
365 856 194 40 lagutskott
581 855 193 30 hänvisade
797 855 183 34 motioner,
1003 854 178 39 nämligen

177 910 35 35 1)
242 911 40 29 de
301 910 225 40 likalydande
545 909 222 30 motionerna
785 918 43 20 nr
849 908 60 30 160
928 908 13 30 i
960 907 112 30 första
1090 907 208 29 kammaren
1318 915 43 20 av
1379 905 81 30 herr
1478 903 143 30 Jacobs-

131 973 76 28 son,
226 963 115 38 Gösta,
359 964 66 29 och
442 963 81 30 herr
541 962 155 31 Gorthon
716 964 91 28 samt
826 971 41 20 nr
886 961 63 30 249
967 961 11 29 i
997 960 112 30 andra
1126 960 207 30 kammaren
1352 968 42 20 av
1412 959 82 29 herr
1509 957 111 31 Nord-

131 1027 85 30 gren
233 1027 46 21 m.
298 1017 38 40 fl.
355 1016 179 40 angående
552 1025 44 21 en
614 1025 97 20 mera
729 1014 181 31 restriktiv
927 1013 322 40 tillståndsgivning
1269 1012 55 30 för
1342 1012 94 30 vissa
1453 1010 166 34 lotterier,

134 1073 92 28 samt

178 1124 36 34 2)
244 1124 41 29 de
307 1122 202 40 likalyande
531 1122 222 30 motionerna
775 1131 43 19 nr
841 1121 62 30 371
928 1121 12 29 i
964 1120 112 30 första
1099 1119 207 29 kammaren
1331 1127 43 21 av
1396 1117 123 30 herrar
1541 1117 80 30 Sve-

132 1177 168 39 ningsson
321 1177 67 30 och
405 1176 121 30 Schött
546 1178 92 28 samt
658 1185 43 20 nr
719 1175 63 30 425
803 1175 12 29 i
835 1174 111 30 andra
965 1174 207 30 kammaren
1193 1182 43 20 av
1254 1172 124 30 herrar
1397 1170 141 31 Edlund
1558 1170 65 30 och

132 1230 113 31 Hedin
265 1240 56 21 om
340 1239 44 21 en
403 1230 130 29 allmän
551 1229 149 39 översyn
719 1238 42 20 av
778 1226 382 40 lotteriförordningen.

178 1285 13 29 I
210 1284 222 30 motionerna
449 1283 29 30 1:
497 1283 60 30 160
577 1283 67 30 och
663 1282 45 30 11:
725 1281 63 31 249
808 1280 168 35 anhålles,
999 1282 71 28 »att
1090 1279 188 39 riksdagen
1296 1278 111 30 måtte
1424 1278 12 29 i
1456 1277 167 30 skrivelse

133 1338 53 30 till
202 1337 125 40 Kungl.
343 1337 106 39 Maj:t
464 1335 197 34 hemställa,
678 1338 51 27 att
744 1334 126 40 Kungl.
887 1334 106 39 Maj:t
1008 1333 110 30 måtte
1133 1333 52 29 till
1201 1331 143 40 ledning
1360 1331 56 30 för
1431 1330 193 31 tillstånds-

132 1390 293 41 myndigheterna
454 1388 144 31 utfärda
627 1388 155 30 ändrade
813 1385 509 41 tillämpningsbestämmelser
1352 1384 53 30 till
1436 1382 189 31 lotteriför-

133 1443 194 40 ordningen
347 1443 81 30 med
447 1442 186 39 anvisning
653 1451 58 20 om
730 1450 43 21 en
793 1439 241 31 restriktivare
1052 1437 324 40 tillståndsgivning
1395 1437 45 29 än
1461 1436 66 30 den
1549 1444 74 21 som

133 1497 25 31 f.
180 1507 34 20 n.
237 1497 45 40 på
304 1496 79 31 sina
403 1495 71 31 håll
498 1495 270 30 förekommer>.

179 1551 14 29 I
215 1550 222 30 motionerna
458 1549 29 29 I:
503 1548 61 31 371
589 1548 67 30 och
678 1548 45 29 II:
739 1547 63 30 425
825 1545 213 34 hemställes,
1062 1547 51 28 att
1136 1544 188 39 riksdagen
1347 1543 12 29 i
1382 1542 167 31 skrivelse
1571 1541 53 31 till

135 1603 126 40 Kungl.
283 1602 108 40 Maj:t
413 1601 108 30 måtte
544 1600 143 31 anhålla
709 1609 58 21 om
788 1609 43 21 en
853 1599 131 30 allmän
1007 1599 148 38 översyn
1179 1606 43 21 av
1242 1595 382 39 lotteriförordningen,

134 1656 121 31 varvid
276 1656 133 40 jämväl
433 1654 125 40 frågan
581 1663 58 21 om
662 1653 241 40 roulettspelet
925 1652 99 30 torde
1047 1652 136 39 prövas.

180 1708 227 31 Beträffande
432 1708 41 29 de
499 1707 75 30 skäl
600 1707 262 29 motionärerna
886 1705 166 39 åberopat
1077 1704 52 30 till
1156 1703 78 30 stöd
1258 1702 56 30 för
1340 1702 76 30 sina
1440 1701 183 40 yrkanden

136 1763 56 30 får
210 1763 181 33 utskottet,
415 1761 5 30 i
438 1761 67 30 den
523 1760 83 30 mån
624 1760 218 39 redogörelse
861 1758 121 30 därför
1000 1757 71 30 inte
1089 1757 137 29 lämnas
1245 1756 11 29 i
1275 1756 57 29 det
1351 1754 167 40 följande,
1538 1754 86 29 hän-

136 1816 76 30 visa
231 1815 51 31 till
303 1815 222 29 motionerna
545 1814 28 29 I:
592 1813 61 30 160
674 1813 65 30 och
759 1812 29 30 1:
805 1812 74 30 371.

179 1869 89 30 Över
295 1868 221 30 motionerna
543 1867 65 29 har
635 1866 172 30 utskottet
834 1866 11 29 i
874 1865 68 29 den
969 1863 150 39 ordning
1146 1862 42 29 46
1220 1861 14 37 $
1265 1859 359 40 riksdagsordningen

136 1921 214 31 föreskriver
371 1920 176 30 inhämtat
569 1919 189 39 yttranden
783 1918 80 30 från
887 1914 422 32 överståthållarämbetet
1334 1914 65 29 och
1423 1912 202 40 länsstyrel-

137 1984 61 21 sen
218 1975 11 29 i
249 1973 199 31 Malmöhus
468 1973 69 30 län.
557 1971 171 31 Yttrande
747 1971 65 30 har
833 1969 174 40 därjämte
1028 1969 45 40 på
1093 1968 190 30 utskottets
1303 1967 153 39 begäran
1477 1965 147 40 avgivits

136 2037 44 21 av
202 2027 218 39 Föreningen
444 2025 156 40 Sveriges
624 2023 261 31 landsfiskaler.
910 2021 430 32 Överståthållarämbetet
1365 2020 65 30 har
1452 2020 11 29 i
1488 2020 54 30 sin
1567 2021 58 28 tur

136 2081 175 30 infordrat
326 2079 163 41 yttrande
505 2078 79 31 från
600 2078 300 40 poliskammaren
915 2076 11 29 i
942 2075 213 31 Stockholm.
1171 2073 268 40 Länsstyrelsen
1453 2073 12 29 i
1480 2073 146 30 Malmö-

136 2135 67 29 hus
230 2134 59 30 län
315 2134 66 29 har
407 2132 174 30 infordrat
607 2130 190 41 yttranden
825 2129 80 30 från
931 2128 299 40 poliskammaren
1257 2127 11 29 i
1295 2126 131 30 Malmö
1453 2126 66 30 och
1546 2125 83 30 För-

137 2187 148 39 eningen
306 2185 199 31 Malmöhus
525 2185 78 29 läns
625 2182 261 31 landsfiskaler.

636 2345 182 36 Gällande
845 2342 286 38 bestämmelser

183 2438 125 30 Rätten
327 2438 51 29 att
396 2434 158 32 anordna
570 2434 117 30 lotteri
705 2433 151 39 regleras
874 2432 12 30 i
904 2429 369 40 lotteriförordningen
1293 2429 66 30 den
1380 2430 40 29 19
1438 2428 75 40 maj
1532 2427 95 30 1939.

142 2491 117 39 Enligt
277 2491 14 29 1
312 2490 15 37 8
346 2487 251 40 förordningen
614 2486 55 31 får
685 2486 116 30 lotteri
817 2494 57 21 om
891 2484 195 41 penningar
1102 2483 83 30 eller
1201 2483 214 40 penningars
1431 2481 106 30 värde
1553 2481 77 30 icke

141 2554 55 29 1—
226 2552 137 39 Bihang
387 2551 52 30 till
460 2550 207 39 riksdagens
691 2547 177 41 protokoll
891 2547 94 31 1961.
1009 2547 20 30 9
1051 2545 100 31 saml.
1175 2547 20 29 2
1218 2544 77 32 avd.
1317 2545 51 30 Nr
1388 2544 42 31 37
