2202 2628
669 197 259 36 Statsutskottets
960 195 179 37 Utlåtande
1166 194 67 36 N:o
1261 195 55 32 27.
1712 190 22 32 bi

190 282 103 50 lopp,
335 293 82 27 som
459 277 239 43 erfordrades
734 278 59 39 för
828 276 147 50 slutligt
1010 273 202 41 utförande
1241 273 42 38 af
1305 270 294 52 ifrågavarande
1627 268 160 51 anlägg-

191 335 149 48 ningar,
368 332 118 39 borde
515 336 40 34 så
584 331 173 46 fördelas,
787 337 55 31 att
870 329 220 40 statsbanan
1115 323 439 53 Morjärv—Lappträsk
1573 328 131 33 senast
1722 321 62 42 vid

192 387 115 37 slutet
335 385 41 37 af
401 388 41 34 år
475 386 93 36 1909
600 384 124 37 kunde
754 382 53 38 till
835 382 156 37 allmänt
1024 378 252 51 begagnande
1305 378 185 49 upplåtas.

296 437 149 38 Chefen
485 437 60 37 för
586 435 306 50 generalstaben,
935 432 176 37 hvilkens
1152 430 265 49 underdåniga
1443 427 178 51 yttrande
1643 426 145 50 jämväl

193 490 217 46 infordrats,
430 490 66 37 har
525 488 201 47 meddelat,
746 492 56 32 att
821 486 87 39 från
927 484 315 50 generalstabens
1263 482 82 37 sida
1364 482 96 37 intet
1479 493 89 24 vore
1588 484 56 32 att
1664 479 124 37 erinra

193 548 90 41 mot,
324 547 55 32 att
419 554 112 25 norra
571 540 224 38 stambanan
836 540 40 36 så
916 542 106 33 snart
1064 550 82 25 som
1187 534 150 51 möjligt
1366 532 176 51 byggdes
1575 531 129 49 färdig
1730 531 58 36 till

195 594 226 50 Lappträsk.

295 646 132 39 Under
467 644 173 39 sistlidne
682 641 199 40 december
921 640 136 39 månad
1098 640 115 37 hafva
1245 639 85 37 från
1368 626 299 54 Öfver-Torneå,
1698 634 91 37 Karl

195 699 158 39 Gustafs
382 697 72 40 och
483 696 229 39 Hietaniemi
744 695 224 37 kommuner
994 692 201 39 inkommit
1223 688 326 50 framställningar
1577 701 61 24 om
1667 686 121 38 ökade

194 752 136 49 anslag
370 750 60 39 för
472 750 141 37 banans
654 747 309 51 skyndsammare
1003 744 297 45 framdragande
1341 741 58 38 till
1440 740 216 50 Lappträsk
1693 744 97 32 samt

195 802 196 51 angående
428 802 179 48 åtgärder
642 800 57 37 till
737 799 87 38 dess
862 797 250 38 fortsättande
1140 796 58 37 till
1226 796 73 37 den
1328 793 122 51 punkt
1477 793 63 36 vid
1568 792 126 37 Torne
1722 786 63 59 älf,

196 870 81 24 som
307 855 140 48 Kungl.
477 854 106 48 Maj:t
611 851 183 50 pröfvade
821 850 251 50 lämpligast.»

298 907 191 49 Slutligen
516 906 68 36 har
612 903 280 49 föredragande
921 898 429 53 departementschefen
1370 898 59 37 för
1448 910 100 36 egen
1568 895 60 38 del
1649 894 140 48 anfört,

197 966 54 32 att
291 960 76 37 han
402 959 13 37 i
441 958 122 37 likhet
590 957 87 36 med
700 954 378 50 järnvägsstyrelsen
1106 953 117 36 funne
1251 951 92 37 flera
1372 949 83 37 skäl
1483 949 76 37 tala
1590 948 59 37 för
1677 947 113 37 önsk-

196 1012 210 37 värdheten
433 1011 43 37 af
499 1015 55 32 att
581 1008 291 46 ifrågavarande
902 1007 157 37 arbeten
1088 1005 127 37 kunde
1235 1002 218 52 påskyndas
1473 1014 93 34 mer,
1587 1005 48 31 än
1655 999 134 37 hittills

197 1065 109 37 skett.
363 1062 121 38 Bland
513 1066 115 33 annat
655 1060 85 38 lede
768 1060 75 46 det,
865 1062 126 34 såsom
1006 1055 381 52 järnvägsstyrelsen
1406 1053 70 38 ock
1495 1052 177 51 påpekat,
1692 1051 97 38 intet

195 1116 148 45 tvifvel,
372 1121 55 32 att
446 1115 64 37 det
529 1113 136 38 ställde
685 1113 60 49 sig
764 1111 241 37 ekonomiskt
1031 1108 286 49 ofördelaktigt,
1338 1106 180 38 särskildt
1539 1104 83 38 med
1643 1104 149 49 hänsyn

197 1168 56 38 till
294 1164 598 46 administrationskostnaderna,
930 1168 55 33 att
1021 1161 175 39 bedrifva
1233 1161 148 36 arbetet
1408 1157 63 38 vid
1500 1156 290 50 ifrågavarande

198 1220 283 49 anläggningar
517 1218 86 37 med
641 1219 41 35 så
716 1217 111 48 ringa
863 1214 210 47 intensitet,
1111 1227 82 24 som
1230 1212 87 37 med
1350 1211 46 36 de
1430 1209 148 50 årligen
1611 1207 179 38 anvisade

198 1272 185 49 anslagen
419 1272 146 35 kunnat
600 1269 287 49 ifrågakomma.
941 1267 57 36 Då
1036 1264 213 39 emellertid
1285 1262 221 48 Riksdagen
1534 1265 126 33 ansett
1688 1261 104 36 kost-

199 1325 167 36 naderna
403 1323 58 37 för
498 1322 111 37 dessa
641 1320 281 49 anläggningar
950 1319 91 36 böra
1069 1316 188 38 bestridas
1285 1315 86 37 med
1399 1312 293 51 anslagsmedel,
1722 1311 70 38 och

197 1380 129 46 någon
355 1374 143 38 ändrad
528 1373 214 48 anordning
768 1372 13 36 i
809 1371 105 37 detta
942 1369 218 38 hänseende
1188 1381 51 24 nu
1266 1367 84 37 icke
1379 1372 130 43 syntes
1537 1366 93 36 böra
1653 1365 140 48 ifråga-

199 1434 131 41 sättas,
359 1430 142 46 ansåge
530 1423 434 52 departementschefen,
994 1423 11 36 i
1034 1420 251 39 betraktande
1309 1418 145 51 jämväl
1482 1417 41 37 af
1547 1416 124 49 öfriga
1690 1422 104 31 stora

199 1479 256 50 anslagskraf,
485 1491 79 24 som
592 1476 186 38 förelades
800 1475 231 49 Riksdagen,
1052 1479 54 32 att
1125 1473 190 49 budgeten
1337 1471 84 37 icke
1441 1469 117 38 borde
1579 1470 58 35 för
1655 1468 138 49 ifråga-

200 1532 165 38 varande
406 1530 173 38 ändamål
619 1529 163 37 belastas
818 1527 87 38 med
941 1532 123 32 större
1092 1525 139 50 belopp
1260 1529 48 32 än
1337 1523 119 37 under
1483 1520 232 50 föregående
1744 1523 49 34 år.

304 1633 242 39 Beträffande
588 1633 46 39 de
677 1632 95 46 skäl,
810 1644 81 24 som
921 1630 127 37 blifvit
1075 1628 160 38 anförda
1263 1627 54 37 till
1349 1626 86 37 stöd
1463 1626 59 36 för
1550 1624 46 38 de
1624 1625 13 39 i
1665 1624 129 40 ofvan-

201 1687 165 36 nämnda
407 1689 64 33 två
513 1685 188 37 motioner
741 1682 233 38 framställda
1015 1680 213 50 yrkanden,
1266 1679 142 37 tillåter
1437 1678 62 48 sig
1525 1676 190 38 utskottet
1742 1680 54 32 att

201 1739 160 37 hänvisa
388 1737 57 38 till
474 1737 141 49 själfva
644 1735 245 37 motionerna.

307 1893 56 37 De
405 1891 150 51 belopp,
598 1902 83 25 som
721 1888 137 39 hittills
899 1887 177 50 beviljats
1117 1888 61 35 för
1206 1885 203 38 utförande
1439 1885 40 35 af
1503 1882 293 50 ifrågavarande

203 1947 199 47 järnvägs-
443 1945 70 36 och
556 1940 503 51 landsvägsanläggningar,
1101 1939 116 36 hafva
1258 1938 41 36 af
1338 1936 219 48 Riksdagen
1584 1936 12 35 i
1625 1934 172 44 enlighet

203 1998 85 36 med
331 1997 72 36 den
444 1995 221 48 grundsats,
708 2007 79 23 som
829 1993 107 48 följts
978 1990 233 38 beträffande
1248 1990 217 48 järnvägen
1502 1987 131 37 Boden
1649 1986 149 36 —Ytter

204 2049 179 48 Morjärv,
426 2047 169 37 anvisats
624 2051 57 31 att
708 2047 93 46 utgå
829 2045 41 35 af
895 2042 292 50 anslagsmedel.
1245 2040 140 49 Kungl.
1414 2039 108 48 Maj:t
1549 2039 69 36 har
1646 2038 112 36 äfven
1786 2037 12 36 i

205 2101 58 36 sin
291 2112 50 24 nu
370 2099 136 49 gjorda
533 2097 284 46 framställning
845 2095 157 37 anslutit
1031 2094 62 48 sig
1119 2094 58 35 till
1202 2092 126 37 denna
1346 2091 219 49 grundsats,
1588 2089 70 37 och
1678 2090 121 46 enligt

205 2151 209 37 utskottets
443 2150 155 47 mening
626 2149 68 36 har
724 2147 216 48 Riksdagen
971 2146 82 36 icke
1083 2144 84 37 skäl
1196 2150 54 30 att
1277 2144 136 48 frångå
1442 2142 230 37 densamma.
1724 2140 74 36 För

205 2207 40 33 år
284 2204 98 35 19038
410 2201 68 37 har
506 2200 139 49 Kungl.
675 2199 107 49 Maj:t
810 2199 57 36 till
895 2198 169 37 arbetets
1095 2195 252 38 fortsättande
1376 2194 110 37 äskat
1515 2198 54 32 ett
1597 2192 137 48 anslag
1761 2193 43 35 af

208 2256 162 46 300,000
400 2253 152 46 kronor,
581 2253 197 36 hvaremot
806 2251 10 36 i
846 2249 174 38 enskilda
1048 2248 191 38 motioner
1267 2260 50 23 nu
1345 2246 136 37 liksom
1507 2245 231 48 föregående
1759 2246 40 33 år

208 2305 217 49 föreslagits
455 2303 191 51 betydligt
673 2304 119 48 högre
822 2301 149 51 belopp.
1028 2300 15 37 I
1072 2298 254 39 betraktande
1356 2298 42 36 af
1423 2297 46 36 de
1498 2301 102 32 stora
1626 2295 172 48 anslags-
