1902 2850
464 171 416 39 Bevillningsutskottets
901 168 224 34 betänkande
1146 167 52 33 Nr
1224 166 51 32 69.
1552 162 20 32 7

751 294 231 35 Anvisningar

775 362 60 32 till
856 362 41 32 13
920 360 28 37 $.

151 436 240 33 Förhållande
412 444 76 23 som
508 443 103 22 avses
632 433 14 32 i
667 433 40 32 13
727 431 19 37 $
768 430 28 37 f)
820 431 74 32 kan
914 430 129 32 tänkas
1066 428 190 37 föreligga,
1278 426 45 32 då
1346 426 58 31 det
1426 427 41 29 är
1489 432 127 23 sanno-

111 489 70 33 likt
199 490 54 30 att
272 487 294 38 förmögenheten
584 485 87 32 eller
692 484 77 32 dess
789 482 112 33 värde
919 482 65 32 och
1003 481 121 31 rätten
1140 479 59 32 till
1217 477 265 37 avkastningen
1501 475 115 32 därav

112 542 144 32 komma
272 541 54 31 att
343 540 13 32 i
374 537 195 34 framtiden
587 538 78 31 åter
683 536 143 32 förenas
842 535 64 31 hos
923 533 69 32 den
1008 542 76 23 som
1099 533 67 31 har
1184 532 74 31 rätt
1274 530 60 32 till
1351 527 265 37 avkastningen

111 593 89 32 eller
232 592 112 33 denne
375 589 215 34 närstående
617 597 139 29 person.
804 586 81 32 Den
915 584 322 37 omständigheten,
1268 583 55 31 att
1354 580 262 38 äganderätten

112 645 106 32 skilts
245 644 84 32 från
352 644 122 31 rätten
497 642 59 31 till
581 639 275 37 avkastningen,
881 638 74 31 kan
978 637 14 31 i
1017 636 118 37 dylikt
1162 634 67 32 fall
1253 644 91 22 vara
1369 634 55 30 att
1448 632 169 32 betrakta

112 707 101 22 mera
237 706 75 22 som
337 705 54 27 en,
416 693 218 38 exempelvis
660 692 55 32 för
740 692 54 31 att
819 690 114 31 vinna
957 687 142 33 lättnad
1123 687 13 31 i
1158 685 243 38 beskattning,
1426 682 190 38 tillämpad

113 750 98 36 yttre
238 749 94 31 form
357 749 49 29 än
431 755 75 23 som
530 754 46 22 en
602 743 202 37 anordning
830 740 191 37 åsyftande
1049 740 55 31 att
1131 738 247 32 åstadkomma
1404 746 45 22 en
1474 735 142 36 verklig

112 800 267 37 överflyttning
416 808 46 22 av
498 797 41 32 de
575 796 193 35 förmåner,
801 793 195 32 innehavet
1022 802 47 21 av
1094 789 296 38 förmögenheten
1415 788 72 31 kan
1513 796 103 22 anses

112 853 173 32 medföra.

153 965 128 32 Denna
303 962 212 37 förordning
538 961 123 32 träder
684 960 12 32 i
720 959 99 32 kraft
843 958 117 37 dagen
981 957 93 31 efter
1097 955 79 37 den,
1199 955 45 31 då
1268 953 267 36 förordningen,
1558 960 60 22 en-

113 1017 70 38 ligt
202 1016 88 32 därå
309 1014 187 34 meddelad
514 1013 159 37 uppgift,
693 1012 84 31 från
796 1010 143 37 trycket
959 1008 194 32 utkommit
1173 1007 13 31 i
1206 1006 139 32 Svensk
1365 1003 252 37 författnings-

114 1069 172 37 samling;
307 1067 91 33 dock
416 1066 93 32 skall
528 1066 39 31 13
588 1064 19 36 $
628 1064 14 31 i
661 1064 58 31 sin
738 1072 73 27 nya
831 1061 136 37 lydelse
987 1060 112 37 jämte
1120 1058 242 36 anvisningen
1380 1056 57 32 till
1458 1056 160 32 densam-

114 1131 60 22 ma
194 1120 185 37 tillämpas
402 1119 91 31 först
515 1117 13 32 i
551 1115 174 33 avseende
749 1116 21 30 å
792 1113 80 32 1935
894 1114 60 30 års
976 1111 179 37 taxering.

751 1371 238 50 Förslag

839 1450 56 32 till

114 1527 239 42 förordning
377 1536 65 23 om
467 1523 173 43 ändring
663 1522 13 33 i
699 1522 108 33 vissa
830 1520 115 34 delar
961 1530 49 23 av
1030 1516 496 45 taxeringsförordningen
1543 1514 79 34 den

563 1576 44 32 28
630 1574 229 44 september
881 1572 88 34 1928
993 1569 67 44 (nr
1083 1569 93 43 379).

157 1684 224 37 Härigenom
400 1681 198 36 förordnas,
618 1681 57 30 att
693 1680 38 31 84
751 1677 18 38 $
788 1679 19 30 2
824 1687 116 27 mom.,
961 1676 39 32 86
1017 1676 67 31 och
1102 1676 40 31 90
1161 1673 40 38 $$
1221 1678 92 30 samt
1333 1673 58 31 123
1413 1672 17 36 $
1449 1672 18 31 2
1487 1681 103 22 mom.
1611 1670 12 31 i

117 1734 446 38 taxeringsförordningen
582 1732 69 32 den
672 1731 38 32 28
730 1729 200 38 september
951 1729 77 31 1928
1050 1727 101 32 skola
1171 1727 13 31 i
1206 1727 117 31 nedan
1344 1725 159 37 angivna
1525 1723 99 33 delar

116 1788 141 33 erhålla
275 1787 161 37 följande
456 1784 157 34 ändrade
631 1783 148 38 lydelse:

827 1878 40 31 84
886 1876 29 37 $.

159 1947 19 29 2
195 1954 102 22 mom.
313 1942 113 36 Varje
446 1942 40 30 år
501 1960 39 5 —
554 1959 41 5 —
609 1958 41 5 —
665 1939 130 32 honom
812 1939 147 30 åsättas.

159 1995 50 33 Så
222 1996 103 31 snart
340 2013 41 5 —
396 2012 41 5 —
451 2011 40 5 —
506 1990 241 34 omförmälda
761 1987 332 38 taxeringsnämnd.

159 2047 79 32 Har
262 2043 321 39 taxeringsnämnd
607 2044 12 30 i
646 2043 106 36 fråga
777 2051 57 22 om
861 2038 307 38 skattskyldighet
1192 2038 55 32 för
1274 2036 246 36 förmögenhet
1545 2034 81 32 med

118 2102 109 35 ägare
276 2097 155 33 likställt
462 2097 69 31 den
563 2105 77 22 som
672 2094 162 37 åtnjuter
859 2091 264 37 avkastningen
1146 2100 47 22 av
1218 2088 257 38 förmögenhet,
1498 2085 127 33 vartill

120 2150 262 38 äganderätten
409 2149 218 32 tillkommer
653 2146 163 36 stiftelse,
843 2144 104 37 skall,
974 2144 67 31 där
1066 2142 181 32 stiftelsen
1275 2140 95 33 skall
1398 2141 142 30 taxeras
1568 2138 60 32 till

117 2203 127 37 statlig
267 2202 169 31 inkomst-
458 2200 65 32 och
545 2197 367 38 förmögenhetsskatt
934 2206 45 21 av
1001 2205 122 21 annan
1146 2192 330 38 taxeringsnämnd,
1499 2190 127 32 under-

118 2255 147 31 rättelse
287 2264 59 21 om
367 2252 151 32 berörda
540 2249 319 38 taxeringsåtgärd
882 2247 260 36 ofördröjligen
1165 2245 140 32 avlåtas
1330 2244 56 32 till
1409 2243 64 32 sist
1496 2242 134 32 omför-

120 2305 121 32 mälda
262 2303 330 38 taxeringsnämnd.

830 2352 39 31 86
889 2350 29 36 $.

161 2417 70 31 För
255 2416 102 37 varje
381 2434 40 4 —
443 2433 39 4 —
504 2433 39 4 —
568 2414 11 30 i
605 2414 39 31 77
668 2411 19 37 $
712 2413 18 30 2
755 2421 104 21 mom.

161 2469 53 31 De
235 2467 184 32 beslutade
441 2484 39 5 —
499 2484 40 4 —
559 2483 41 4 —
620 2462 283 38 skattskyldiges
925 2470 117 22 namn.
