1888 2786
455 185 119 31 Andra
598 185 246 40 lagutskottets
867 186 179 31 utlåtande
1070 196 44 20 nr
1135 187 42 30 25
1199 187 41 30 år
1263 187 85 30 1958
1634 188 20 31 3

146 270 96 30 delse
261 270 42 30 de
324 271 117 29 senast
460 270 101 34 hade,
581 270 137 30 tillkom
738 270 39 30 år
799 270 82 31 1938
902 273 10 29 i
933 271 170 29 samband
1124 271 78 29 med
1222 271 213 40 antagandet
1456 280 43 22 av
1517 281 47 31 ny
1583 272 71 39 sjö-

147 320 247 40 arbetstidslag
413 321 65 30 och
498 321 155 39 Sveriges
674 321 203 39 anslutning
898 321 51 30 till
970 321 57 30 två
1052 323 5 29 i
1078 321 133 31 Genéve
1231 332 43 21 av
1293 322 288 30 Internationella
1598 330 54 21 ar-

147 371 363 40 betsorganisationen
533 371 180 33 beslutade
737 371 253 31 konventioner
1015 380 77 32 ang.
1117 372 168 30 arbetstid
1311 382 45 20 m.
1378 381 47 21 m.
1448 381 91 32 resp.
1563 373 90 29 min-

147 422 157 40 derårigs
322 421 230 31 användande
569 422 52 30 till
639 422 101 40 sjöss.
759 423 283 39 Sjömanslagens
1059 422 264 31 bestämmelser
1339 433 58 21 om
1413 422 239 31 minimiålder

147 472 148 30 innebär
313 482 43 20 en
373 473 69 29 viss
462 472 192 40 skärpning
671 473 11 29 i
699 473 219 30 förhållande
936 473 52 30 till
1004 473 67 30 vad
1090 473 95 31 förut
1202 473 123 40 gällde.

640 629 337 44 Sjöfartsstyrelsens
999 629 163 43 yttrande

193 725 325 40 Sjöfartsstyrelsen
545 725 175 30 förklarar
746 726 50 39 sig
822 725 77 30 dela
923 726 280 29 motionärernas
1229 726 228 40 uppfattning
1484 728 51 28 att
1561 726 93 30 skol-

147 775 137 40 plikten
309 775 31 40 ej
367 776 54 30 får
445 776 200 30 eftersättas
669 783 123 32 genom
816 778 50 28 att
891 776 204 40 skolpliktig
1117 777 143 39 yngling
1284 778 54 28 tar
1362 776 214 40 anställning
1600 776 53 30 till

152 826 101 39 sjöss.
281 826 203 30 Emellertid
512 835 103 21 anser
643 827 169 39 styrelsen
839 829 49 28 ett
917 827 138 30 absolut
1082 826 127 31 förbud
1236 827 159 30 häremot
1421 836 84 21 vara
1533 826 121 31 alltför

147 876 201 39 vittgående
368 878 90 29 samt
478 877 196 31 fortsätter:

194 936 13 29 I
225 935 77 30 icke
319 935 100 40 ringa
437 936 246 39 utsträckning
701 935 235 31 förekommer
954 936 187 39 nämligen,
1160 938 51 27 att
1228 936 184 40 ynglingar
1432 936 111 30 under
1563 936 91 30 skol-

148 978 155 29 ferierna
327 979 79 38 taga
430 978 216 39 anställning
668 978 53 29 till
747 978 89 39 sjöss
862 978 54 30 för
941 980 51 28 att
1016 979 108 29 vinna
1148 977 238 31 erfarenheter
1411 977 175 31 huruvida
1611 977 43 30 de

150 1020 85 29 trivs
256 1020 79 30 med
359 1020 260 40 sjömansyrket
641 1021 83 29 eller
744 1020 54 30 för
820 1022 50 28 att
893 1028 124 32 genom
1040 1020 234 39 tjänstgöring
1297 1020 112 30 under
1431 1020 108 39 några
1563 1028 92 21 som-

149 1063 248 30 marmånader
424 1062 132 30 erhålla
585 1062 55 30 för
669 1062 141 31 fortsatt
838 1063 199 39 utbildning
1063 1062 58 30 vid
1150 1062 269 40 sjöbefälsskola
1445 1062 209 39 erforderlig

150 1104 200 39 sjöpraktik
369 1105 82 30 eller
470 1105 72 29 helt
561 1105 117 29 enkelt
697 1104 54 31 för
771 1107 49 27 att
840 1105 36 29 få
894 1115 43 21 en
955 1104 257 41 uppfriskande
1232 1104 212 40 avkoppling
1462 1104 80 30 från
1563 1103 92 31 skol-

149 1146 143 32 arbetet.
314 1147 116 30 Under
451 1147 256 40 förutsättning
727 1148 50 29 att
799 1147 109 30 sådan
929 1147 236 39 tjänstgöring
1187 1147 79 29 sker
1288 1146 111 30 under
1418 1145 236 40 betryggande

149 1189 256 30 hälsokontroll
428 1189 70 29 kan
523 1189 317 40 sjöfartsstyrelsen
863 1190 75 29 icke
963 1189 100 30 finna
1087 1197 42 21 en
1153 1188 109 31 sådan
1287 1188 182 40 möjlighet
1492 1197 84 21 vara
1601 1188 53 29 till

150 1231 120 30 skada.

195 1299 176 39 Styrelsen
391 1299 181 39 avstyrker
593 1299 111 30 under
716 1298 218 40 åberopande
946 1308 43 20 av
1001 1298 57 30 det
1071 1297 148 31 anförda
1231 1298 279 29 motionärernas
1522 1296 133 40 förslag

149 1358 82 21 men
257 1349 161 30 förordar
443 1350 50 29 att
523 1349 38 30 10
590 1349 16 37 8
635 1349 259 40 sjömanslagen
920 1349 250 39 kompletteras
1197 1349 79 29 med
1304 1348 190 40 stadgande
1520 1357 57 21 om
1603 1350 51 28 att

148 1400 145 39 yngling
317 1399 110 30 under
454 1399 38 30 18
516 1399 39 29 år
578 1399 76 30 icke
677 1399 57 29 må
758 1399 177 30 användas
960 1401 9 28 i
995 1399 242 40 skeppstjänst
1259 1399 112 29 under
1395 1398 109 30 sådan
1528 1399 51 29 tid
1602 1400 52 29 att

150 1450 71 29 han
249 1450 202 39 därigenom
476 1450 201 30 eftersätter
705 1450 54 29 sin
787 1449 177 40 skolplikt.
990 1449 239 39 Erforderliga
1255 1448 222 31 föreskrifter
1504 1449 150 30 rörande

149 1500 201 30 kontrollen
369 1510 42 20 av
425 1500 265 30 efterlevnaden
708 1509 42 20 av
769 1499 109 30 sådan
897 1499 184 30 föreskrift
1100 1507 102 22 anser
1222 1499 171 40 styrelsen
1412 1499 85 30 böra
1516 1499 138 30 medde-

150 1551 52 29 las
222 1553 11 29 i
253 1551 235 39 kungörelsen
508 1550 179 40 angående
709 1550 271 40 sjömanshusen
1001 1551 10 29 i
1032 1550 91 29 riket
1143 1553 90 28 samt
1255 1549 157 40 sjömäns
1432 1549 61 40 på-
1512 1549 65 31 och
1598 1558 58 21 av-

152 1601 197 40 mönstring
369 1610 45 21 m.
433 1610 46 20 m.

756 1739 181 35 Utskottet

197 1834 12 29 I
229 1833 237 39 föreliggande
486 1833 134 30 motion
639 1833 141 39 begäres
801 1834 50 28 att
871 1832 188 39 riksdagen
1079 1832 108 30 måtte
1206 1832 137 31 besluta
1362 1841 57 20 om
1439 1831 186 30 införande
1645 1831 11 30 i

152 1883 262 39 sjömanslagen
432 1892 42 21 av
491 1883 245 30 bestämmelse
755 1885 50 27 att
824 1882 168 39 fullgjord
1012 1882 168 39 skolplikt
1201 1882 89 30 skall
1309 1891 84 20 vara
1412 1891 43 20 en
1475 1882 183 30 förutsätt-

152 1934 85 39 ning
257 1934 56 30 för
334 1935 50 28 att
403 1933 144 40 yngling
569 1933 89 30 skall
679 1933 36 30 få
735 1934 178 29 användas
936 1933 10 28 i
968 1932 253 40 skeppstjänst.

197 1985 13 29 I
232 1984 205 39 anslutning
458 1983 120 30 härtill
600 1984 58 29 må
679 1983 206 30 framhållas
908 1984 50 28 att
979 1983 10 29 i
1013 1983 40 30 23
1078 1982 15 37 $
1118 1982 375 39 arbetarskyddslagen
1517 1982 140 39 stadgas

153 2034 44 29 bl.
218 2043 41 26 a.,
279 2036 51 27 att
351 2034 223 39 minderårig,
595 2034 142 29 varmed
757 2034 10 29 i
788 2035 99 38 lagen
908 2033 129 29 förstås
1059 2033 68 30 den
1148 2041 75 21 som
1244 2033 76 29 icke
1341 2032 78 40 fyllt
1441 2033 145 29 aderton
1607 2032 49 34 år,

152 2084 75 29 icke
250 2084 54 30 får
324 2084 177 30 användas
522 2084 52 30 till
597 2084 125 34 arbete,
743 2084 78 29 med
841 2083 134 30 mindre
997 2083 71 30 han
1090 2083 175 29 inhämtat
1288 2083 67 29 den
1377 2082 55 30 för
1454 2082 203 30 folkskolan

152 2134 183 30 bestämda
351 2134 208 30 lärokursen
576 2134 83 29 eller
676 2134 157 30 däremot
851 2134 170 29 svarande
1039 2133 203 39 kunskaper
1259 2133 66 29 och
1343 2133 214 39 färdigheter
1574 2133 83 29 eller

153 2184 65 29 ock
240 2184 140 30 erhållit
402 2184 158 39 behörigt
585 2184 156 29 tillstånd
765 2186 50 27 att
838 2184 117 29 lämna
978 2183 213 29 folkskolan.
1215 2183 160 29 Nämnda
1400 2183 86 30 krav
1509 2183 44 39 på
1578 2182 80 30 full-

154 2234 101 39 gjord
283 2234 167 39 skolplikt
478 2234 107 39 gäller
611 2234 89 29 dock
727 2233 31 39 ej
788 2234 10 28 i
826 2233 98 39 fråga
949 2242 56 20 om
1034 2233 116 29 arbete
1179 2233 111 29 under
1318 2233 149 29 ferietid.
1496 2233 162 29 Arbetar-

156 2284 251 38 skyddslagens
424 2283 264 30 bestämmelser
705 2285 38 28 är
759 2283 192 29 emellertid
968 2283 76 29 icke
1062 2282 208 39 tillämpliga
1287 2282 19 29 å
1324 2282 116 30 arbete
1458 2291 75 21 som
1551 2283 39 29 är
1607 2283 50 28 att

154 2333 150 30 hänföra
328 2333 52 29 till
405 2333 252 39 skeppstjänst.
684 2332 121 39 Regler
828 2341 57 21 om
908 2332 231 38 minderårigs
1164 2332 231 30 användande
1419 2332 9 29 i
1456 2332 125 29 sådant
1605 2341 53 20 ar-

154 2383 77 30 bete
251 2383 97 31 finns
369 2383 11 29 i
401 2383 272 39 sjömanslagen,
694 2383 11 29 i
725 2392 79 20 vars
827 2383 39 30 10
890 2383 15 36 $
929 2382 141 39 stadgas
1091 2383 51 28 att
1162 2382 143 39 yngling
1327 2382 111 29 under
1459 2382 134 30 femton
1615 2382 40 29 år

155 2433 65 29 och
237 2433 132 29 kvinna
386 2433 111 30 under
514 2433 147 29 aderton
678 2432 39 30 år
733 2433 76 29 icke
827 2432 54 30 får
899 2432 180 30 användas
1096 2432 11 29 i
1126 2431 253 41 skeppstjänst.
1396 2432 166 30 Däremot
1581 2432 79 30 sak-

155 2492 62 21 nas
239 2483 264 30 bestämmelser
524 2492 58 20 om
604 2484 51 28 att
674 2482 258 31 vederbörande
955 2482 89 29 skall
1067 2482 44 29 ha
1135 2482 160 39 fullgjort
1317 2482 54 29 sin
1393 2482 179 40 skolplikt.
