1918 2794
123 947 126 25 Utskottet.

299 119 40 31 24
709 131 378 36 Jordbruksutskottets
1107 138 174 33 utlåtande
1300 150 43 20 nr
1365 143 28 29 1.

300 210 137 32 kronor.
465 212 198 38 Höjningen
689 219 289 36 sammanhänger
1004 223 79 29 med
1109 227 49 27 att
1183 224 49 30 till
1260 226 118 31 försök
1407 229 65 29 och
1497 230 223 32 exkursioner
1746 233 55 30 be-

300 260 141 33 räknats
462 263 95 30 1000
574 265 127 30 kronor
718 271 72 26 mot
808 268 11 29 i
837 278 47 21 nu
903 270 155 36 gällande
1077 276 67 27 stat
1164 274 62 30 500
1245 276 128 30 kronor
1393 283 89 26 samt
1501 283 50 28 att
1570 282 232 36 ersättningen

301 310 49 31 till
378 311 128 33 Ultuna
530 316 166 34 egendom
725 317 56 31 för
806 319 148 32 kosthåll
979 324 216 35 uppräknats
1221 327 78 29 med
1325 328 94 29 3500
1445 330 128 30 kronor
1603 331 51 31 till
1683 333 42 29 34
1739 334 63 30 200

299 362 138 31 kronor.
457 363 221 34 Sistnämnda
696 369 221 38 uppräkning
935 372 64 30 har
1017 373 180 33 föranletts
1217 385 41 21 av
1277 380 49 28 att
1344 380 129 29 antalet
1493 381 185 37 kostdagar
1697 383 104 37 höjts.

299 412 278 38 Inkomstposten
608 418 187 38 ersättning
825 420 79 31 från
934 421 125 33 Ultuna
1088 426 167 34 egendom
1284 427 55 31 för
1368 430 213 36 dagsverken
1610 433 65 30 har
1704 435 98 30 ökats

299 464 80 29 med
400 464 20 29 3
434 465 62 29 500
519 466 129 31 kronor
667 467 50 31 till
736 469 40 30 37
793 470 63 30 000
877 472 135 32 kronor.
1034 474 79 31 Med
1133 476 135 37 hänsyn
1293 477 49 31 till
1361 481 67 29 vad
1449 481 110 30 under
1580 484 157 35 punkten
1760 486 41 28 34

299 514 132 31 anförts
459 516 177 37 angående
663 518 226 36 provisoriskt
916 523 195 38 lönetillägg
1138 526 56 31 för
1221 529 98 30 nästa
1346 530 166 37 budgetår
1539 532 35 32 åt
1601 534 68 31 viss
1696 534 105 31 lärar-

300 567 158 33 personal
479 567 63 30 har
563 568 110 31 under
694 570 154 37 anslaget
869 573 185 33 beräknats
1076 576 112 31 medel
1209 577 55 31 för
1285 579 123 32 sådant
1432 581 117 37 tillägg
1573 583 35 31 åt
1633 585 168 31 förestån-

299 615 90 35 dare,
411 615 107 32 förste
536 619 111 31 lärare
663 621 64 30 och
745 622 108 31 andre
870 623 109 30 lärare
996 625 57 31 vid
1072 627 307 33 lantbruksskolan
1399 633 78 29 med
1495 635 192 35 respektive
1708 637 13 28 1
1738 637 64 29 260

297 666 139 36 kronor,
456 668 93 30 1080
564 669 129 31 kronor
709 672 65 29 och
790 672 65 31 900
872 674 126 31 kronor
1014 676 82 31 eller
1112 680 229 36 sammanlagt
1355 682 12 29 i
1384 686 81 26 runt
1482 685 47 29 tal
1548 684 19 29 3
1582 685 65 30 200
1663 687 137 30 kronor.

300 713 52 31 Då
376 716 137 30 särskilt
539 719 120 36 anslag
684 720 50 31 till
758 721 190 39 kristillägg
972 724 76 32 icke
1073 730 125 28 avsetts
1224 728 97 32 skola
1346 735 171 33 upptagas
1542 734 110 31 under
1677 735 126 32 nionde

297 767 218 31 huvudtiteln
532 770 56 30 för
604 772 101 30 nästa
719 773 177 37 budgetår,
914 776 63 30 har
997 776 117 31 vidare
1130 780 110 29 under
1259 781 226 34 förevarande
1504 786 119 35 anslag
1642 787 159 36 uppförts

297 821 48 27 ett
367 818 125 38 belopp
516 828 42 22 av
582 821 20 29 3
615 821 64 30 000
704 823 128 32 kronor
856 825 54 31 för
934 826 220 34 bestridande
1178 840 42 20 av
1244 831 192 40 kristillägg
1459 833 50 32 till
1537 835 264 37 ifrågavarande

298 869 169 34 personal.

343 951 52 31 Då
420 954 169 31 utskottet
613 955 75 31 icke
716 957 63 30 har
804 958 104 37 något
932 964 47 28 att
1004 961 115 33 erinra
1142 969 71 27 mot
1241 965 121 37 Kungl.
1390 967 117 37 Maj:ts
1535 970 265 39 framställning,

297 1003 197 32 hemställer
514 1006 178 37 utskottet,

649 1085 51 27 att
726 1082 182 39 riksdagen
932 1086 56 31 må
1012 1086 50 32 till
1087 1088 108 37 Lägre
1219 1088 428 46 lantbruksundervisning
1671 1108 44 22 m.
1741 1108 59 20 m.:

608 1132 320 35 Lantbruksskolan
945 1138 57 30 vid
1023 1138 128 33 Ultuna
1167 1141 54 30 för
1237 1141 200 37 budgetåret
1460 1140 138 42 1947/48
1616 1147 120 32 anvisa
1755 1152 45 27 ett

607 1182 268 40 förslagsanslag
895 1195 42 21 av
958 1187 117 31 38100
1100 1190 137 31 kronor.

339 1312 91 40 36:0)
451 1314 112 37 Lägre
579 1316 438 41 lantbruksundervisning
1035 1331 46 21 m.
1099 1332 60 21 m.:
1177 1324 130 31 Kurser
1325 1326 11 30 i
1354 1327 190 38 hovbeslag
1563 1330 68 29 och
1647 1331 154 30 maskin-

295 1364 203 35 reparation
526 1365 60 31 vid
614 1367 143 38 Alnarp,
786 1369 278 39 förslagsanslag.
1097 1374 89 39 37:0)
1220 1375 111 37 Lägre
1360 1378 442 41 lantbruksundervisning

294 1421 47 22 m.
361 1423 60 21 m.:
441 1414 112 37 Lägre
574 1417 258 40 mejeriskolor,
851 1423 358 38 reservationsanslag.
1231 1426 14 29 I
1265 1426 149 37 enlighet
1436 1429 79 30 med
1538 1430 123 37 Kungl.
1683 1432 117 37 Maj:ts

293 1462 297 40 framställningar
609 1468 109 30 under
736 1471 197 34 punkterna
953 1474 41 29 36
1015 1474 66 29 och
1102 1476 39 29 37
1164 1493 44 3 —
1226 1476 234 32 innebärande
1481 1481 319 38 anslagsanvisning

295 1516 55 30 för
370 1515 264 37 ifrågavarande
655 1520 162 31 ändamål
838 1525 77 29 med
935 1525 234 33 oförändrade
1189 1528 125 37 belopp
1335 1546 45 3 —
1400 1530 200 31 hemställer
1622 1534 175 36 utskottet,

649 1599 50 28 att
721 1596 183 38 riksdagen
926 1599 55 31 må
1002 1600 55 30 för
1081 1601 200 36 budgetåret
1305 1600 137 42 1947/48
1465 1607 119 32 anvisa

648 1645 31 40 a)
711 1646 49 31 till
786 1648 107 36 Lägre
920 1649 428 42 lantbruksundervisning
1372 1666 45 21 m.
1442 1667 61 20 m.:
1529 1658 127 32 Kurser
1680 1660 10 28 i
1714 1661 83 30 hov-

604 1694 115 38 beslag
739 1697 66 30 och
824 1699 336 37 maskinreparation
1180 1702 55 31 vid
1256 1704 129 37 Alnarp
1403 1709 46 27 ett
1469 1706 268 40 förslagsanslag
1757 1719 42 21 av

607 1747 38 29 15
658 1747 64 30 000
740 1749 142 36 kronor;

647 1798 33 37 b)
710 1798 50 30 till
786 1800 108 36 Lägre
921 1800 427 42 lantbruksundervisning
1372 1817 44 22 m.
1443 1817 60 20 m.:
1529 1808 108 37 Lägre
1663 1811 134 37 mejeri-

604 1847 116 32 skolor
740 1853 47 27 ett
808 1852 350 37 reservationsanslag
1177 1863 43 21 av
1243 1856 37 29 12
1297 1856 62 30 100
1378 1856 139 32 kronor.

335 1969 91 40 38:0)
453 1971 112 37 Lägre
587 1974 439 40 lantbruksundervisning
1049 1988 47 22 m.
1118 1989 61 21 m.:
1203 1981 198 32 Understöd
1424 1982 36 32 åt
1483 1984 92 31 vissa
1598 1986 199 32 lantbruks-

291 2021 454 37 undervisningsanstalter:
768 2026 223 39 Avlöningar,
1011 2029 278 40 förslagsanslag.
1312 2033 67 30 För
1399 2034 235 33 innevarande
1657 2037 139 37 budget-

290 2068 40 31 år
355 2071 46 30 ha
426 2072 152 31 anvisats
606 2074 50 30 till
683 2071 107 41 Lägre
815 2077 429 41 lantbruksundervisning
1270 2092 44 20 m.
1342 2093 59 21 m.:
1430 2085 194 31 Understöd
1650 2086 35 33 åt
1710 2089 86 30 lant-

290 2123 132 36 bruks-,
445 2124 217 32 lantmanna-
683 2128 66 30 och
771 2128 361 34 lanthushållsskolor:
1157 2132 207 38 Avlöningar
1388 2140 48 26 ett
1462 2137 269 40 förslagsanslag
1752 2150 43 21 av

292 2172 14 28 1
324 2172 61 30 867
401 2172 63 32 000
486 2175 132 30 kronor
640 2177 65 29 och
727 2177 51 30 till
801 2178 500 41 Trädgårdsundervisningen:
1326 2184 194 32 Understöd
1543 2186 35 32 åt
1601 2188 194 37 trädgårds-

290 2223 129 31 skolor:
439 2225 211 38 Avlöningar
668 2230 46 29 ett
734 2229 265 40 förslagsanslag
1018 2242 42 20 av
1080 2233 42 30 90
1136 2234 62 30 000
1219 2236 127 30 kronor
1367 2237 80 30 eller
1469 2237 129 33 således
1620 2250 172 21 samman-

290 2273 71 36 lagt
383 2275 91 30 1957
490 2276 64 30 000
574 2278 138 30 kronor.

332 2325 122 36 Kungl.
476 2326 119 37 Maj:ts
615 2329 254 37 framställning
890 2332 108 30 under
1022 2334 156 35 punkten
1199 2335 41 30 38
1262 2336 189 32 innefattar
1471 2340 321 37 anslagsanvisning

290 2373 55 32 för
366 2374 90 32 båda
477 2376 266 37 ifrågavarande
764 2379 164 31 ändamål
951 2382 78 30 med
1050 2384 18 28 2
1084 2383 63 30 730
1162 2385 62 29 000
1245 2385 138 31 kronor.
1407 2387 116 31 Därav
1545 2389 46 30 ha
1613 2389 10 30 i
1648 2393 79 28 runt
1748 2391 45 29 tal

287 2427 95 30 2033
396 2427 63 30 000
482 2428 130 30 kronor
635 2433 126 29 avsetts
786 2431 51 31 till
862 2433 217 37 grundlöner,
1106 2434 239 39 ålderstillägg,
1370 2438 118 37 rörligt
1512 2439 117 39 tillägg
1653 2443 65 29 och
1743 2442 46 29 vi-

290 2477 321 40 kariatsersättning
635 2485 88 27 samt
749 2482 151 31 arvoden
928 2483 50 30 till
1003 2485 239 36 speciallärare
1272 2489 65 28 och
1364 2490 323 37 semestervikarier,
1713 2492 80 30 eller
