1890 2786
279 113 60 30 148
688 119 376 34 Jordbruksutskottets
1088 122 177 32 utlåtande
1288 133 42 21 nr
1355 125 28 30 1.

328 200 114 32 Under
465 203 156 36 punkten
646 204 62 30 201
740 204 206 38 (Skogsvård
970 215 44 20 m.
1042 215 60 21 m.:
1128 206 126 37 Bidrag
1280 207 51 31 till
1356 208 432 39 skogsvårdsstyrelsernas

281 252 230 40 verksamhet)
539 262 42 21 av

324 300 73 33 dels
416 303 80 30 herr
513 303 117 37 Alfred
650 302 205 42 Andersson,
875 305 115 32 vilken
1010 310 120 33 ansett,
1150 312 50 28 att
1219 309 163 32 utskottet
1400 310 78 33 bort
1499 310 170 37 tillstyrka
1689 311 99 31 bifall

281 352 50 31 till
352 353 216 31 motionerna
591 354 27 30 I:
636 355 62 30 158
720 356 64 29 och
808 356 44 30 II:
869 357 72 35 185,

324 400 73 33 dels
416 404 65 30 ock
499 404 121 30 herrar
641 404 78 31 Carl
736 403 163 33 Edmund
919 407 177 39 Eriksson,
1115 408 207 39 Anderberg,
1344 408 196 33 Andersson
1560 411 12 30 i
1591 411 195 37 Tungelsta,

281 452 188 32 Carlström
486 454 65 30 och
570 453 194 41 Lundbom,
784 456 93 30 vilka
895 460 119 33 ansett,
1033 462 49 28 att
1098 459 182 31 utskottets
1297 460 161 36 yttrande
1475 460 77 32 bort
1568 462 46 30 ha
1631 462 156 37 följande

279 503 142 36 lydelse:

328 564 11 15 »
347 553 65 31 Vid
433 554 254 32 fastställandet
707 566 42 21 av
767 574 45 4 —
829 575 44 3 —
892 576 44 3 —
961 558 82 38 (lika
1063 559 80 30 med
1164 560 174 40 utskottet)
1366 579 44 4 —
1431 579 45 4 —
1494 579 45 4 —
1558 562 67 31 den
1649 564 41 30 30
1711 563 76 37 juni

282 605 93 29 1946.
402 605 52 29 En
476 605 144 37 höjning
645 615 43 21 av
713 607 42 30 de
777 607 54 31 för
853 607 432 39 skogsvårdsstyrelsernas
1307 612 246 31 omkostnader
1576 613 11 29 i
1611 614 174 30 verksam-

280 654 101 30 heten
406 655 150 31 avsedda
579 655 136 32 medlen
742 657 11 30 i
776 657 38 31 så
838 659 165 30 avsevärd
1030 660 248 38 utsträckning,
1305 671 75 22 som
1404 663 11 29 i
1439 662 217 32 motionerna
1680 664 27 31 I:
1724 665 62 30 156

279 705 65 30 och
368 705 45 31 II:
429 706 63 30 313
513 705 204 38 föreslagits,
740 708 65 30 och
827 709 87 31 även
936 709 11 30 i
970 709 67 30 den
1058 710 220 37 omfattning,
1301 713 271 36 skogsstyrelsen
1593 714 11 29 i
1627 714 76 30 sina
1727 724 58 20 an-

279 755 270 36 slagsäskanden
568 756 173 38 förutsatt,
760 758 110 31 skulle
888 759 108 31 redan
1013 760 108 30 innan
1138 764 47 28 ett
1202 761 40 31 år
1260 761 150 32 förflutit
1430 762 79 31 från
1528 764 56 30 det
1601 764 185 36 riksdagen

277 804 103 34 fattat
402 805 111 32 beslut
533 806 177 37 angående
730 809 196 36 grunderna
948 810 55 31 för
1023 811 434 38 skogsvårdsstyrelsernas
1477 815 222 31 verksamhet
1720 816 65 30 och

279 854 270 38 finansieringen
568 857 107 31 därav
696 868 45 21 m.
762 869 44 20 m.
827 859 158 32 medföra
1004 870 43 21 en
1064 861 196 37 betydande
1281 863 173 31 avvikelse
1473 863 80 31 från
1571 864 214 31 innebörden

278 914 42 21 av
343 906 94 31 detta
458 906 119 32 beslut.
600 908 131 31 Därvid
751 909 213 34 beräknades
985 911 175 37 nämligen
1182 916 127 28 statens
1330 914 237 36 nettoutgifter
1588 915 57 30 för
1664 915 122 36 bidrag

280 955 48 30 till
349 956 432 38 skogsvårdsstyrelsernas
802 961 218 31 verksamhet
1041 962 118 37 uppgå
1178 963 52 31 till
1250 965 18 29 2
1284 965 63 30 750
1360 965 64 30 000
1447 965 138 31 kronor.
1610 966 57 31 Ett
1686 966 100 30 bifall

279 1006 50 29 till
356 1007 217 31 motionerna
598 1009 28 30 I:
643 1010 62 30 156
732 1011 65 30 och
824 1011 45 31 II:
886 1013 61 29 313
975 1013 111 30 skulle
1112 1013 177 37 innebära,
1317 1018 50 27 att
1393 1018 128 28 statens
1549 1012 238 45 nettoutgifter

277 1056 57 30 vid
357 1057 213 32 oförändrad
594 1060 179 37 uttagning
796 1070 42 21 av
860 1061 356 38 skogsvårdsavgifter
1237 1064 173 36 stegrades
1435 1065 50 31 till
1510 1067 19 29 4
1544 1066 63 31 700
1620 1066 64 32 000
1707 1067 78 30 kro-

277 1115 73 24 nor.
372 1107 121 31 Såsom
515 1107 381 39 departementschefen
915 1112 191 32 framhållit
1126 1114 97 30 torde
1244 1115 31 36 ej
1296 1115 109 30 heller
1423 1125 43 21 en
1487 1115 110 31 sådan
1614 1116 109 32 insats
1743 1126 42 21 av

277 1156 220 40 arbetskraft,
519 1168 75 22 som
613 1169 44 22 en
676 1161 96 37 dylik
791 1162 202 37 utvidgning
1011 1164 111 31 skulle
1142 1165 119 36 kräva,
1281 1165 110 31 under
1412 1175 49 21 nu
1481 1166 154 33 rådande
1655 1166 130 32 förhål-

278 1207 125 32 landen
428 1209 119 31 kunna
571 1209 186 38 påräknas.
784 1212 74 31 Vad
884 1213 138 31 särskilt
1046 1213 109 37 angår
1179 1215 233 31 kostnaderna
1440 1216 57 31 för
1519 1217 266 31 icke-ordinarie

277 1260 160 33 personal
459 1260 66 30 och
548 1261 459 38 traktamentsersättningar
1027 1263 59 31 vill
1107 1266 166 30 utskottet
1297 1265 124 37 erinra,
1445 1270 50 27 att
1518 1267 123 36 Kungl.
1666 1267 119 37 Maj:ts

277 1307 129 38 förslag
431 1309 145 31 innebär
597 1320 42 21 en
663 1311 69 31 viss
754 1312 129 37 ökning
905 1313 12 30 i
939 1313 220 33 förhållande
1183 1315 50 31 till
1257 1316 379 38 normalstatförslaget.
1662 1318 123 31 Därtill

276 1359 159 31 kommer
455 1364 50 26 att
524 1361 103 37 enligt
646 1362 181 31 utskottets
847 1364 138 36 mening
1006 1364 124 37 Kungl.
1151 1365 118 37 Maj:ts
1288 1366 193 38 beräkning
1500 1377 42 21 av
1563 1368 220 37 skogsvårds-

276 1409 224 36 styrelsernas
522 1419 86 28 egna
631 1412 192 33 inkomster
842 1414 97 30 torde
961 1424 83 21 vara
1068 1416 56 29 väl
1145 1415 169 38 försiktig.
1337 1413 95 37 Även
1455 1419 78 29 med
1555 1418 69 31 den
1645 1419 139 31 reduce-

276 1459 75 37 ring
377 1469 44 21 av
447 1461 288 38 skogsstyrelsens
773 1464 65 30 och
876 1464 432 39 skogsvårdsstyrelsernas
1349 1468 319 37 medelsäskanden,
1709 1478 73 22 som

276 1509 122 37 Kungl.
423 1511 119 37 Maj:ts
562 1512 132 37 förslag
714 1513 178 39 innnebär,
917 1516 97 32 torde
1035 1516 121 31 kunna
1178 1517 181 38 beräknas,
1383 1522 49 30 att
1457 1519 325 39 skogsvårdsstyrel-

275 1568 118 23 sernas
416 1561 192 32 inkomster
630 1563 12 30 i
667 1564 406 37 verksamhetsgrenarna
1097 1568 143 30 komma
1264 1572 49 27 att
1338 1569 183 37 väsentligt
1545 1571 169 36 överstiga
1737 1576 47 27 ett

275 1609 125 39 belopp
425 1620 43 22 av
490 1613 19 29 2
524 1612 62 32 075
600 1614 65 31 000
686 1615 138 36 kronor,
850 1616 139 31 särskilt
1009 1626 75 21 som
1108 1618 105 36 enligt
1234 1619 66 30 vad
1323 1619 68 30 den
1414 1619 206 37 föregående
1642 1622 141 36 redogö-

275 1661 111 30 relsen
408 1661 94 37 giver
523 1663 56 30 vid
604 1664 140 31 handen
767 1665 94 31 inom
883 1667 78 31 kort
985 1676 103 28 synas
1111 1669 143 30 komma
1277 1673 49 29 att
1351 1670 90 36 gälla
1464 1680 69 28 nya
1556 1671 226 32 taxebestäm-

274 1712 137 36 melser,
433 1713 93 31 vilka
544 1714 98 31 torde
663 1715 130 31 tillföra
813 1716 414 39 skogsvårdsstyrelserna
1248 1720 112 30 ökade
1379 1721 199 31 inkomster.
1601 1721 49 32 På
1669 1723 114 36 grund

274 1770 42 21 av
335 1763 67 29 vad
424 1762 146 32 sålunda
589 1765 136 31 anförts
745 1767 65 30 och
832 1766 44 31 då
896 1767 414 39 skogsvårdsstyrelserna
1330 1770 186 32 beräknats
1537 1771 131 32 erhålla
1689 1773 93 31 täck-

273 1811 83 38 ning
373 1812 56 32 för
448 1814 90 31 vissa
555 1816 245 31 omkostnader
818 1817 80 31 från
917 1818 402 39 vedutsyningsanslaget
1336 1825 90 28 samt
1444 1821 57 31 vid
1521 1823 122 36 Kungl.
1663 1823 119 38 Maj:ts

275 1862 191 38 beräkning
492 1873 43 22 av
562 1865 432 39 skogsvårdsstyrelsernas
1020 1870 189 31 kostnader
1234 1871 321 38 kapitalutgifterna
1580 1873 78 31 icke
1684 1874 98 31 torde

273 1913 46 30 ha
342 1914 191 37 medtagits,
560 1915 116 32 finner
699 1917 49 36 sig
771 1919 165 30 utskottet
962 1919 30 37 ej
1018 1919 120 32 kunna
1161 1921 11 30 i
1198 1921 113 31 denna
1334 1922 55 30 del
1412 1922 172 37 tillstyrka
1608 1923 100 32 bifall
1730 1924 51 30 till

273 1963 217 33 motionerna
510 1966 28 30 I:
555 1967 61 30 156
638 1968 66 29 och
726 1968 44 30 II:
785 1969 73 30 313.

317 2013 118 31 Under
453 2015 220 38 åberopande
694 2027 42 21 av
756 2019 55 31 det
831 2019 148 31 anförda
1001 2021 200 31 hemställer
1220 2023 173 33 utskottet,

628 2110 28 39 1)
688 2114 49 28 att
756 2111 184 36 riksdagen
956 2112 57 31 må
1029 2131 45 3 —
1091 2132 45 2 —
1151 2132 44 3 —
1219 2114 81 39 (lika
1318 2116 80 29 med
1417 2116 176 40 utskottet)
1616 2134 45 3 —
1677 2135 43 3 —
1739 2135 40 3 —

580 2160 10 29 i
612 2160 207 37 Gävleborgs
841 2163 71 36 län;

625 2210 31 39 2)
688 2215 49 27 att
762 2212 184 36 riksdagen
972 2213 66 36 må,
1066 2215 80 30 med
1172 2215 100 30 bifall
1299 2216 51 30 till
1376 2217 123 36 Kungl.
1526 2217 118 37 Maj:ts
1672 2218 106 30 fram-

580 2262 162 36 ställning
764 2269 88 27 samt
873 2264 78 29 med
973 2265 116 36 avslag
1112 2264 21 31 å
1154 2265 216 32 motionerna
1392 2267 28 30 I:
1437 2268 62 30 156
1522 2268 65 30 och
1613 2269 44 29 II:
1672 2268 73 34 313,
1769 2267 10 30 i

579 2312 68 30 vad
668 2312 43 30 de
733 2322 79 21 avse
832 2313 121 37 bidrag
974 2314 51 31 till
1046 2315 433 38 skogsvårdsstyrelsernas
1501 2318 247 31 omkostnader
1768 2318 11 29 i

580 2363 273 36 verksamheten,
881 2364 50 30 till
955 2365 195 36 Skogsvård
1175 2377 45 20 m.
1246 2377 60 21 m.:
1331 2367 127 38 Bidrag
1484 2369 51 30 till
1557 2365 222 40 skogsvårds-
