<?xml version="1.0" encoding="UTF-8"?>
<alto xmlns="http://www.loc.gov/standards/alto/ns-v3#" xmlns:xlink="http://www.w3.org/1999/xlink" xmlns:xsi="http://www.w3.org/2001/XMLSchema-instance" xsi:schemaLocation="http://www.loc.gov/standards/alto/ns-v3# http://www.loc.gov/alto/v3/alto-3-0.xsd">
	<Description>
		<MeasurementUnit>pixel</MeasurementUnit>
		<sourceImageInformation>
			<fileName>/tmp/tess_vi410kr4_input.PNG</fileName>
		</sourceImageInformation>
		<OCRProcessing ID="OCR_0">
			<ocrProcessingStep>
				<processingSoftware>
					<softwareName>tesseract 5.3.0</softwareName>
				</processingSoftware>
			</ocrProcessingStep>
		</OCRProcessing>
	</Description>
	<Layout>
		<Page WIDTH="1918" HEIGHT="2794" PHYSICAL_IMG_NR="0" ID="page_0">
			<PrintSpace HPOS="0" VPOS="0" WIDTH="1918" HEIGHT="2794">
				<ComposedBlock ID="cblock_0" HPOS="521" VPOS="129" WIDTH="1098" HEIGHT="40">
					<TextBlock ID="block_0" HPOS="521" VPOS="129" WIDTH="1098" HEIGHT="40">
						<TextLine ID="line_0" HPOS="521" VPOS="129" WIDTH="1098" HEIGHT="40">
							<String ID="string_0" HPOS="521" VPOS="138" WIDTH="378" HEIGHT="31" WC="0.90" CONTENT="Jordbruksutskottets"/><SP WIDTH="20" VPOS="138" HPOS="899"/>
							<String ID="string_1" HPOS="919" VPOS="137" WIDTH="176" HEIGHT="31" WC="0.96" CONTENT="utlåtande"/><SP WIDTH="21" VPOS="137" HPOS="1095"/>
							<String ID="string_2" HPOS="1116" VPOS="147" WIDTH="42" HEIGHT="20" WC="0.95" CONTENT="nr"/><SP WIDTH="21" VPOS="147" HPOS="1158"/>
							<String ID="string_3" HPOS="1179" VPOS="138" WIDTH="28" HEIGHT="29" WC="0.96" CONTENT="1."/><SP WIDTH="354" VPOS="138" HPOS="1207"/>
							<String ID="string_4" HPOS="1561" VPOS="129" WIDTH="58" HEIGHT="31" WC="0.96" CONTENT="107"/>
						</TextLine>
					</TextBlock>
				</ComposedBlock>
				<ComposedBlock ID="cblock_1" HPOS="112" VPOS="218" WIDTH="1512" HEIGHT="796">
					<TextBlock ID="block_1" HPOS="112" VPOS="218" WIDTH="1508" HEIGHT="138">
						<TextLine ID="line_1" HPOS="158" VPOS="218" WIDTH="1462" HEIGHT="44">
							<String ID="string_5" HPOS="158" VPOS="225" WIDTH="122" HEIGHT="35" WC="0.96" CONTENT="Kungl."/><SP WIDTH="28" VPOS="225" HPOS="280"/>
							<String ID="string_6" HPOS="308" VPOS="223" WIDTH="100" HEIGHT="39" WC="0.96" CONTENT="Maj:t"/><SP WIDTH="27" VPOS="223" HPOS="408"/>
							<String ID="string_7" HPOS="435" VPOS="224" WIDTH="65" HEIGHT="29" WC="0.96" CONTENT="har"/><SP WIDTH="25" VPOS="224" HPOS="500"/>
							<String ID="string_8" HPOS="525" VPOS="223" WIDTH="111" HEIGHT="30" WC="0.96" CONTENT="under"/><SP WIDTH="23" VPOS="223" HPOS="636"/>
							<String ID="string_9" HPOS="659" VPOS="222" WIDTH="157" HEIGHT="37" WC="0.96" CONTENT="punkten"/><SP WIDTH="29" VPOS="222" HPOS="816"/>
							<String ID="string_10" HPOS="845" VPOS="223" WIDTH="58" HEIGHT="29" WC="0.96" CONTENT="187"/><SP WIDTH="28" VPOS="223" HPOS="903"/>
							<String ID="string_11" HPOS="931" VPOS="221" WIDTH="175" HEIGHT="36" WC="0.96" CONTENT="föreslagit"/><SP WIDTH="24" VPOS="221" HPOS="1106"/>
							<String ID="string_12" HPOS="1130" VPOS="220" WIDTH="184" HEIGHT="37" WC="0.96" CONTENT="riksdagen"/><SP WIDTH="24" VPOS="220" HPOS="1314"/>
							<String ID="string_13" HPOS="1338" VPOS="224" WIDTH="51" HEIGHT="29" WC="0.96" CONTENT="att"/><SP WIDTH="25" VPOS="224" HPOS="1389"/>
							<String ID="string_14" HPOS="1414" VPOS="219" WIDTH="55" HEIGHT="31" WC="0.93" CONTENT="för"/><SP WIDTH="25" VPOS="219" HPOS="1469"/>
							<String ID="string_15" HPOS="1494" VPOS="218" WIDTH="126" HEIGHT="38" WC="0.91" CONTENT="ifråga-"/>
						</TextLine>
						<TextLine ID="line_2" HPOS="112" VPOS="269" WIDTH="1508" HEIGHT="40">
							<String ID="string_16" HPOS="112" VPOS="275" WIDTH="152" HEIGHT="31" WC="0.96" CONTENT="varande"/><SP WIDTH="36" VPOS="275" HPOS="264"/>
							<String ID="string_17" HPOS="300" VPOS="274" WIDTH="164" HEIGHT="31" WC="0.95" CONTENT="ändamål"/><SP WIDTH="37" VPOS="274" HPOS="464"/>
							<String ID="string_18" HPOS="501" VPOS="274" WIDTH="56" HEIGHT="30" WC="0.95" CONTENT="för"/><SP WIDTH="23" VPOS="274" HPOS="557"/>
							<String ID="string_19" HPOS="580" VPOS="275" WIDTH="99" HEIGHT="29" WC="0.96" CONTENT="nästa"/><SP WIDTH="26" VPOS="275" HPOS="679"/>
							<String ID="string_20" HPOS="705" VPOS="272" WIDTH="168" HEIGHT="37" WC="0.96" CONTENT="budgetår"/><SP WIDTH="24" VPOS="272" HPOS="873"/>
							<String ID="string_21" HPOS="897" VPOS="272" WIDTH="119" HEIGHT="30" WC="0.96" CONTENT="anvisa"/><SP WIDTH="28" VPOS="272" HPOS="1016"/>
							<String ID="string_22" HPOS="1044" VPOS="275" WIDTH="47" HEIGHT="28" WC="0.93" CONTENT="ett"/><SP WIDTH="36" VPOS="275" HPOS="1091"/>
							<String ID="string_23" HPOS="1127" VPOS="271" WIDTH="268" HEIGHT="36" WC="0.90" CONTENT="förslagsanslag"/><SP WIDTH="27" VPOS="271" HPOS="1395"/>
							<String ID="string_24" HPOS="1422" VPOS="279" WIDTH="42" HEIGHT="21" WC="0.96" CONTENT="av"/><SP WIDTH="40" VPOS="279" HPOS="1464"/>
							<String ID="string_25" HPOS="1504" VPOS="271" WIDTH="37" HEIGHT="28" WC="0.94" CONTENT="12"/><SP WIDTH="14" VPOS="271" HPOS="1541"/>
							<String ID="string_26" HPOS="1555" VPOS="269" WIDTH="65" HEIGHT="30" WC="0.94" CONTENT="600"/>
						</TextLine>
						<TextLine ID="line_3" HPOS="112" VPOS="326" WIDTH="138" HEIGHT="30">
							<String ID="string_27" HPOS="112" VPOS="326" WIDTH="138" HEIGHT="30" WC="0.96" CONTENT="kronor."/>
						</TextLine>
					</TextBlock>
					<TextBlock ID="block_2" HPOS="158" VPOS="372" WIDTH="1232" HEIGHT="42">
						<TextLine ID="line_4" HPOS="158" VPOS="372" WIDTH="1232" HEIGHT="42">
							<String ID="string_28" HPOS="158" VPOS="375" WIDTH="389" HEIGHT="39" WC="0.90" CONTENT="Departementschefen"/><SP WIDTH="16" VPOS="375" HPOS="547"/>
							<String ID="string_29" HPOS="563" VPOS="376" WIDTH="65" HEIGHT="29" WC="0.96" CONTENT="har"/><SP WIDTH="17" VPOS="376" HPOS="628"/>
							<String ID="string_30" HPOS="645" VPOS="375" WIDTH="11" HEIGHT="29" WC="0.96" CONTENT="i"/><SP WIDTH="20" VPOS="375" HPOS="656"/>
							<String ID="string_31" HPOS="676" VPOS="375" WIDTH="141" HEIGHT="30" WC="0.96" CONTENT="ärendet"/><SP WIDTH="18" VPOS="375" HPOS="817"/>
							<String ID="string_32" HPOS="835" VPOS="373" WIDTH="116" HEIGHT="33" WC="0.96" CONTENT="anfört"/><SP WIDTH="20" VPOS="373" HPOS="951"/>
							<String ID="string_33" HPOS="971" VPOS="374" WIDTH="106" HEIGHT="30" WC="0.96" CONTENT="bland"/><SP WIDTH="22" VPOS="374" HPOS="1077"/>
							<String ID="string_34" HPOS="1099" VPOS="377" WIDTH="107" HEIGHT="26" WC="0.96" CONTENT="annat"/><SP WIDTH="18" VPOS="377" HPOS="1206"/>
							<String ID="string_35" HPOS="1224" VPOS="372" WIDTH="166" HEIGHT="37" WC="0.96" CONTENT="följande."/>
						</TextLine>
					</TextBlock>
					<TextBlock ID="block_3" HPOS="112" VPOS="420" WIDTH="1512" HEIGHT="594">
						<TextLine ID="line_5" HPOS="162" VPOS="420" WIDTH="1459" HEIGHT="43">
							<String ID="string_36" HPOS="162" VPOS="427" WIDTH="97" HEIGHT="30" WC="0.91" CONTENT="»Med"/><SP WIDTH="25" VPOS="427" HPOS="259"/>
							<String ID="string_37" HPOS="284" VPOS="428" WIDTH="137" HEIGHT="35" WC="0.96" CONTENT="hänsyn"/><SP WIDTH="25" VPOS="428" HPOS="421"/>
							<String ID="string_38" HPOS="446" VPOS="426" WIDTH="48" HEIGHT="31" WC="0.95" CONTENT="till"/><SP WIDTH="26" VPOS="426" HPOS="494"/>
							<String ID="string_39" HPOS="520" VPOS="426" WIDTH="65" HEIGHT="30" WC="0.96" CONTENT="den"/><SP WIDTH="27" VPOS="426" HPOS="585"/>
							<String ID="string_40" HPOS="612" VPOS="424" WIDTH="79" HEIGHT="31" WC="0.96" CONTENT="från"/><SP WIDTH="23" VPOS="424" HPOS="691"/>
							<String ID="string_41" HPOS="714" VPOS="425" WIDTH="65" HEIGHT="30" WC="0.96" CONTENT="och"/><SP WIDTH="27" VPOS="425" HPOS="779"/>
							<String ID="string_42" HPOS="806" VPOS="425" WIDTH="79" HEIGHT="30" WC="0.96" CONTENT="med"/><SP WIDTH="23" VPOS="425" HPOS="885"/>
							<String ID="string_43" HPOS="908" VPOS="424" WIDTH="234" HEIGHT="30" WC="0.95" CONTENT="innevarande"/><SP WIDTH="24" VPOS="424" HPOS="1142"/>
							<String ID="string_44" HPOS="1166" VPOS="422" WIDTH="169" HEIGHT="37" WC="0.96" CONTENT="budgetår"/><SP WIDTH="23" VPOS="422" HPOS="1335"/>
							<String ID="string_45" HPOS="1358" VPOS="423" WIDTH="163" HEIGHT="36" WC="0.93" CONTENT="vidtagna"/><SP WIDTH="24" VPOS="423" HPOS="1521"/>
							<String ID="string_46" HPOS="1545" VPOS="420" WIDTH="76" HEIGHT="37" WC="0.92" CONTENT="höj-"/>
						</TextLine>
						<TextLine ID="line_6" HPOS="112" VPOS="473" WIDTH="1510" HEIGHT="41">
							<String ID="string_47" HPOS="112" VPOS="478" WIDTH="129" HEIGHT="36" WC="0.96" CONTENT="ningen"/><SP WIDTH="19" VPOS="478" HPOS="241"/>
							<String ID="string_48" HPOS="260" VPOS="487" WIDTH="42" HEIGHT="20" WC="0.91" CONTENT="av"/><SP WIDTH="21" VPOS="487" HPOS="302"/>
							<String ID="string_49" HPOS="323" VPOS="476" WIDTH="387" HEIGHT="36" WC="0.91" CONTENT="licentiatstipendierna"/><SP WIDTH="21" VPOS="476" HPOS="710"/>
							<String ID="string_50" HPOS="731" VPOS="476" WIDTH="58" HEIGHT="29" WC="0.93" CONTENT="vid"/><SP WIDTH="21" VPOS="476" HPOS="789"/>
							<String ID="string_51" HPOS="810" VPOS="474" WIDTH="378" HEIGHT="37" WC="0.91" CONTENT="lantbrukshögskolan"/><SP WIDTH="19" VPOS="474" HPOS="1188"/>
							<String ID="string_52" HPOS="1207" VPOS="474" WIDTH="98" HEIGHT="31" WC="0.96" CONTENT="torde"/><SP WIDTH="21" VPOS="474" HPOS="1305"/>
							<String ID="string_53" HPOS="1326" VPOS="479" WIDTH="76" HEIGHT="27" WC="0.96" CONTENT="vart"/><SP WIDTH="22" VPOS="479" HPOS="1402"/>
							<String ID="string_54" HPOS="1424" VPOS="473" WIDTH="66" HEIGHT="31" WC="0.96" CONTENT="och"/><SP WIDTH="18" VPOS="473" HPOS="1490"/>
							<String ID="string_55" HPOS="1508" VPOS="475" WIDTH="49" HEIGHT="28" WC="0.96" CONTENT="ett"/><SP WIDTH="22" VPOS="475" HPOS="1557"/>
							<String ID="string_56" HPOS="1579" VPOS="482" WIDTH="43" HEIGHT="20" WC="0.95" CONTENT="av"/>
						</TextLine>
						<TextLine ID="line_7" HPOS="114" VPOS="522" WIDTH="1509" HEIGHT="42">
							<String ID="string_57" HPOS="114" VPOS="529" WIDTH="44" HEIGHT="30" WC="0.96" CONTENT="de"/><SP WIDTH="19" VPOS="529" HPOS="158"/>
							<String ID="string_58" HPOS="177" VPOS="528" WIDTH="57" HEIGHT="31" WC="0.93" CONTENT="vid"/><SP WIDTH="23" VPOS="528" HPOS="234"/>
							<String ID="string_59" HPOS="257" VPOS="527" WIDTH="296" HEIGHT="37" WC="0.92" CONTENT="skogshögskolan"/><SP WIDTH="21" VPOS="527" HPOS="553"/>
							<String ID="string_60" HPOS="574" VPOS="526" WIDTH="214" HEIGHT="37" WC="0.92" CONTENT="tillgängliga"/><SP WIDTH="19" VPOS="526" HPOS="788"/>
							<String ID="string_61" HPOS="807" VPOS="525" WIDTH="389" HEIGHT="37" WC="0.91" CONTENT="licentiatstipendierna"/><SP WIDTH="20" VPOS="525" HPOS="1196"/>
							<String ID="string_62" HPOS="1216" VPOS="525" WIDTH="85" HEIGHT="30" WC="0.96" CONTENT="böra"/><SP WIDTH="20" VPOS="525" HPOS="1301"/>
							<String ID="string_63" HPOS="1321" VPOS="524" WIDTH="201" HEIGHT="36" WC="0.96" CONTENT="uppräknas"/><SP WIDTH="21" VPOS="524" HPOS="1522"/>
							<String ID="string_64" HPOS="1543" VPOS="522" WIDTH="80" HEIGHT="31" WC="0.96" CONTENT="med"/>
						</TextLine>
						<TextLine ID="line_8" HPOS="115" VPOS="573" WIDTH="1507" HEIGHT="42">
							<String ID="string_65" HPOS="115" VPOS="582" WIDTH="46" HEIGHT="27" WC="0.96" CONTENT="ett"/><SP WIDTH="19" VPOS="582" HPOS="161"/>
							<String ID="string_66" HPOS="180" VPOS="579" WIDTH="125" HEIGHT="36" WC="0.96" CONTENT="belopp"/><SP WIDTH="22" VPOS="579" HPOS="305"/>
							<String ID="string_67" HPOS="327" VPOS="588" WIDTH="43" HEIGHT="20" WC="0.96" CONTENT="av"/><SP WIDTH="20" VPOS="588" HPOS="370"/>
							<String ID="string_68" HPOS="390" VPOS="579" WIDTH="66" HEIGHT="30" WC="0.96" CONTENT="300"/><SP WIDTH="17" VPOS="579" HPOS="456"/>
							<String ID="string_69" HPOS="473" VPOS="578" WIDTH="130" HEIGHT="30" WC="0.96" CONTENT="kronor"/><SP WIDTH="21" VPOS="578" HPOS="603"/>
							<String ID="string_70" HPOS="624" VPOS="577" WIDTH="50" HEIGHT="30" WC="0.96" CONTENT="till"/><SP WIDTH="21" VPOS="577" HPOS="674"/>
							<String ID="string_71" HPOS="695" VPOS="577" WIDTH="94" HEIGHT="30" WC="0.83" CONTENT="1300"/><SP WIDTH="22" VPOS="577" HPOS="789"/>
							<String ID="string_72" HPOS="811" VPOS="576" WIDTH="139" HEIGHT="30" WC="0.92" CONTENT="kronor."/><SP WIDTH="21" VPOS="576" HPOS="950"/>
							<String ID="string_73" HPOS="971" VPOS="576" WIDTH="123" HEIGHT="30" WC="0.92" CONTENT="Därest"/><SP WIDTH="19" VPOS="576" HPOS="1094"/>
							<String ID="string_74" HPOS="1113" VPOS="575" WIDTH="188" HEIGHT="36" WC="0.96" CONTENT="ändringar"/><SP WIDTH="19" VPOS="575" HPOS="1301"/>
							<String ID="string_75" HPOS="1320" VPOS="575" WIDTH="11" HEIGHT="30" WC="0.96" CONTENT="i"/><SP WIDTH="20" VPOS="575" HPOS="1331"/>
							<String ID="string_76" HPOS="1351" VPOS="575" WIDTH="197" HEIGHT="36" WC="0.96" CONTENT="grunderna"/><SP WIDTH="19" VPOS="575" HPOS="1548"/>
							<String ID="string_77" HPOS="1567" VPOS="573" WIDTH="55" HEIGHT="30" WC="0.96" CONTENT="för"/>
						</TextLine>
						<TextLine ID="line_9" HPOS="113" VPOS="625" WIDTH="1510" HEIGHT="40">
							<String ID="string_78" HPOS="113" VPOS="629" WIDTH="244" HEIGHT="30" WC="0.96" CONTENT="motsvarande"/><SP WIDTH="28" VPOS="629" HPOS="357"/>
							<String ID="string_79" HPOS="385" VPOS="628" WIDTH="187" HEIGHT="37" WC="0.96" CONTENT="stipendier"/><SP WIDTH="25" VPOS="628" HPOS="572"/>
							<String ID="string_80" HPOS="597" VPOS="627" WIDTH="59" HEIGHT="31" WC="0.96" CONTENT="vid"/><SP WIDTH="23" VPOS="627" HPOS="656"/>
							<String ID="string_81" HPOS="679" VPOS="627" WIDTH="201" HEIGHT="31" WC="0.96" CONTENT="universitet"/><SP WIDTH="26" VPOS="627" HPOS="880"/>
							<String ID="string_82" HPOS="906" VPOS="627" WIDTH="64" HEIGHT="30" WC="0.96" CONTENT="och"/><SP WIDTH="25" VPOS="627" HPOS="970"/>
							<String ID="string_83" HPOS="995" VPOS="626" WIDTH="118" HEIGHT="36" WC="0.96" CONTENT="övriga"/><SP WIDTH="24" VPOS="626" HPOS="1113"/>
							<String ID="string_84" HPOS="1137" VPOS="626" WIDTH="188" HEIGHT="36" WC="0.96" CONTENT="högskolor"/><SP WIDTH="23" VPOS="626" HPOS="1325"/>
							<String ID="string_85" HPOS="1348" VPOS="625" WIDTH="112" HEIGHT="31" WC="0.93" CONTENT="skulle"/><SP WIDTH="20" VPOS="625" HPOS="1460"/>
							<String ID="string_86" HPOS="1480" VPOS="633" WIDTH="143" HEIGHT="28" WC="0.72" CONTENT="genom&gt;"/>
						</TextLine>
						<TextLine ID="line_10" HPOS="114" VPOS="674" WIDTH="1509" HEIGHT="40">
							<String ID="string_87" HPOS="114" VPOS="680" WIDTH="95" HEIGHT="30" WC="0.96" CONTENT="föras"/><SP WIDTH="21" VPOS="680" HPOS="209"/>
							<String ID="string_88" HPOS="230" VPOS="678" WIDTH="80" HEIGHT="31" WC="0.96" CONTENT="från"/><SP WIDTH="22" VPOS="678" HPOS="310"/>
							<String ID="string_89" HPOS="332" VPOS="679" WIDTH="66" HEIGHT="30" WC="0.96" CONTENT="och"/><SP WIDTH="21" VPOS="679" HPOS="398"/>
							<String ID="string_90" HPOS="419" VPOS="679" WIDTH="80" HEIGHT="30" WC="0.96" CONTENT="med"/><SP WIDTH="21" VPOS="679" HPOS="499"/>
							<String ID="string_91" HPOS="520" VPOS="679" WIDTH="101" HEIGHT="30" WC="0.96" CONTENT="nästa"/><SP WIDTH="22" VPOS="679" HPOS="621"/>
							<String ID="string_92" HPOS="643" VPOS="676" WIDTH="177" HEIGHT="38" WC="0.96" CONTENT="budgetår,"/><SP WIDTH="22" VPOS="676" HPOS="820"/>
							<String ID="string_93" HPOS="842" VPOS="678" WIDTH="99" HEIGHT="30" WC="0.96" CONTENT="torde"/><SP WIDTH="20" VPOS="678" HPOS="941"/>
							<String ID="string_94" HPOS="961" VPOS="686" WIDTH="133" HEIGHT="21" WC="0.96" CONTENT="samma"/><SP WIDTH="25" VPOS="686" HPOS="1094"/>
							<String ID="string_95" HPOS="1119" VPOS="676" WIDTH="188" HEIGHT="36" WC="0.96" CONTENT="ändringar"/><SP WIDTH="21" VPOS="676" HPOS="1307"/>
							<String ID="string_96" HPOS="1328" VPOS="676" WIDTH="85" HEIGHT="30" WC="0.96" CONTENT="böra"/><SP WIDTH="21" VPOS="676" HPOS="1413"/>
							<String ID="string_97" HPOS="1434" VPOS="675" WIDTH="157" HEIGHT="36" WC="0.96" CONTENT="vidtagas"/><SP WIDTH="20" VPOS="675" HPOS="1591"/>
							<String ID="string_98" HPOS="1611" VPOS="674" WIDTH="12" HEIGHT="30" WC="0.96" CONTENT="i"/>
						</TextLine>
						<TextLine ID="line_11" HPOS="115" VPOS="725" WIDTH="1509" HEIGHT="41">
							<String ID="string_99" HPOS="115" VPOS="731" WIDTH="170" HEIGHT="30" WC="0.93" CONTENT="avseende"/><SP WIDTH="30" VPOS="731" HPOS="285"/>
							<String ID="string_100" HPOS="315" VPOS="729" WIDTH="21" HEIGHT="31" WC="0.92" CONTENT="å"/><SP WIDTH="28" VPOS="729" HPOS="336"/>
							<String ID="string_101" HPOS="364" VPOS="729" WIDTH="314" HEIGHT="37" WC="0.92" CONTENT="skogshögskolans"/><SP WIDTH="33" VPOS="729" HPOS="678"/>
							<String ID="string_102" HPOS="711" VPOS="727" WIDTH="349" HEIGHT="37" WC="0.90" CONTENT="licentiatstipendier."/><SP WIDTH="42" VPOS="727" HPOS="1060"/>
							<String ID="string_103" HPOS="1102" VPOS="727" WIDTH="80" HEIGHT="30" WC="0.96" CONTENT="Med"/><SP WIDTH="29" VPOS="727" HPOS="1182"/>
							<String ID="string_104" HPOS="1211" VPOS="727" WIDTH="137" HEIGHT="36" WC="0.96" CONTENT="hänsyn"/><SP WIDTH="31" VPOS="727" HPOS="1348"/>
							<String ID="string_105" HPOS="1379" VPOS="726" WIDTH="117" HEIGHT="30" WC="0.96" CONTENT="härtill"/><SP WIDTH="29" VPOS="726" HPOS="1496"/>
							<String ID="string_106" HPOS="1525" VPOS="725" WIDTH="99" HEIGHT="31" WC="0.96" CONTENT="torde"/>
						</TextLine>
						<TextLine ID="line_12" HPOS="115" VPOS="776" WIDTH="1507" HEIGHT="40">
							<String ID="string_107" HPOS="115" VPOS="781" WIDTH="230" HEIGHT="30" WC="0.96" CONTENT="förevarande"/><SP WIDTH="22" VPOS="781" HPOS="345"/>
							<String ID="string_108" HPOS="367" VPOS="780" WIDTH="119" HEIGHT="36" WC="0.96" CONTENT="anslag"/><SP WIDTH="22" VPOS="780" HPOS="486"/>
							<String ID="string_109" HPOS="508" VPOS="779" WIDTH="56" HEIGHT="30" WC="0.96" CONTENT="för"/><SP WIDTH="22" VPOS="779" HPOS="564"/>
							<String ID="string_110" HPOS="586" VPOS="780" WIDTH="99" HEIGHT="29" WC="0.96" CONTENT="nästa"/><SP WIDTH="22" VPOS="780" HPOS="685"/>
							<String ID="string_111" HPOS="707" VPOS="777" WIDTH="170" HEIGHT="38" WC="0.96" CONTENT="budgetår"/><SP WIDTH="21" VPOS="777" HPOS="877"/>
							<String ID="string_112" HPOS="898" VPOS="779" WIDTH="87" HEIGHT="29" WC="0.96" CONTENT="böra"/><SP WIDTH="23" VPOS="779" HPOS="985"/>
							<String ID="string_113" HPOS="1008" VPOS="777" WIDTH="169" HEIGHT="37" WC="0.96" CONTENT="uppföras"/><SP WIDTH="26" VPOS="777" HPOS="1177"/>
							<String ID="string_114" HPOS="1203" VPOS="776" WIDTH="114" HEIGHT="32" WC="0.95" CONTENT="såsom"/><SP WIDTH="25" VPOS="776" HPOS="1317"/>
							<String ID="string_115" HPOS="1342" VPOS="780" WIDTH="49" HEIGHT="27" WC="0.93" CONTENT="ett"/><SP WIDTH="23" VPOS="780" HPOS="1391"/>
							<String ID="string_116" HPOS="1414" VPOS="776" WIDTH="208" HEIGHT="37" WC="0.91" CONTENT="förslagsan-"/>
						</TextLine>
						<TextLine ID="line_13" HPOS="115" VPOS="827" WIDTH="1508" HEIGHT="41">
							<String ID="string_117" HPOS="115" VPOS="832" WIDTH="82" HEIGHT="36" WC="0.93" CONTENT="slag."/><SP WIDTH="26" VPOS="832" HPOS="197"/>
							<String ID="string_118" HPOS="223" VPOS="830" WIDTH="280" HEIGHT="31" WC="0.91" CONTENT="Vidkommande"/><SP WIDTH="24" VPOS="830" HPOS="503"/>
							<String ID="string_119" HPOS="527" VPOS="829" WIDTH="361" HEIGHT="37" WC="0.91" CONTENT="naturastipendierna"/><SP WIDTH="27" VPOS="829" HPOS="888"/>
							<String ID="string_120" HPOS="915" VPOS="828" WIDTH="115" HEIGHT="31" WC="0.96" CONTENT="finner"/><SP WIDTH="23" VPOS="828" HPOS="1030"/>
							<String ID="string_121" HPOS="1053" VPOS="828" WIDTH="59" HEIGHT="38" WC="0.96" CONTENT="jag"/><SP WIDTH="22" VPOS="828" HPOS="1112"/>
							<String ID="string_122" HPOS="1134" VPOS="828" WIDTH="12" HEIGHT="30" WC="0.96" CONTENT="i"/><SP WIDTH="27" VPOS="828" HPOS="1146"/>
							<String ID="string_123" HPOS="1173" VPOS="828" WIDTH="229" HEIGHT="32" WC="0.96" CONTENT="betraktande"/><SP WIDTH="26" VPOS="828" HPOS="1402"/>
							<String ID="string_124" HPOS="1428" VPOS="837" WIDTH="42" HEIGHT="21" WC="0.96" CONTENT="av"/><SP WIDTH="25" VPOS="837" HPOS="1470"/>
							<String ID="string_125" HPOS="1495" VPOS="827" WIDTH="128" HEIGHT="31" WC="0.96" CONTENT="antalet"/>
						</TextLine>
						<TextLine ID="line_14" HPOS="113" VPOS="877" WIDTH="1510" HEIGHT="40">
							<String ID="string_126" HPOS="113" VPOS="882" WIDTH="155" HEIGHT="30" WC="0.96" CONTENT="sökande"/><SP WIDTH="22" VPOS="882" HPOS="268"/>
							<String ID="string_127" HPOS="290" VPOS="882" WIDTH="51" HEIGHT="31" WC="0.96" CONTENT="till"/><SP WIDTH="23" VPOS="882" HPOS="341"/>
							<String ID="string_128" HPOS="364" VPOS="881" WIDTH="100" HEIGHT="31" WC="0.95" CONTENT="dessa"/><SP WIDTH="22" VPOS="881" HPOS="464"/>
							<String ID="string_129" HPOS="486" VPOS="880" WIDTH="187" HEIGHT="37" WC="0.96" CONTENT="stipendier"/><SP WIDTH="24" VPOS="880" HPOS="673"/>
							<String ID="string_130" HPOS="697" VPOS="880" WIDTH="56" HEIGHT="31" WC="0.96" CONTENT="det"/><SP WIDTH="21" VPOS="880" HPOS="753"/>
							<String ID="string_131" HPOS="774" VPOS="879" WIDTH="123" HEIGHT="31" WC="0.96" CONTENT="härför"/><SP WIDTH="21" VPOS="879" HPOS="897"/>
							<String ID="string_132" HPOS="918" VPOS="878" WIDTH="151" HEIGHT="31" WC="0.96" CONTENT="avsedda"/><SP WIDTH="34" VPOS="878" HPOS="1069"/>
							<String ID="string_133" HPOS="1103" VPOS="879" WIDTH="161" HEIGHT="35" WC="0.96" CONTENT="beloppet"/><SP WIDTH="34" VPOS="879" HPOS="1264"/>
							<String ID="string_134" HPOS="1298" VPOS="877" WIDTH="85" HEIGHT="31" WC="0.96" CONTENT="böra"/><SP WIDTH="36" VPOS="877" HPOS="1383"/>
							<String ID="string_135" HPOS="1419" VPOS="877" WIDTH="100" HEIGHT="37" WC="0.96" CONTENT="höjas"/><SP WIDTH="23" VPOS="877" HPOS="1519"/>
							<String ID="string_136" HPOS="1542" VPOS="877" WIDTH="81" HEIGHT="30" WC="0.96" CONTENT="med"/>
						</TextLine>
						<TextLine ID="line_15" HPOS="114" VPOS="928" WIDTH="1508" HEIGHT="40">
							<String ID="string_137" HPOS="114" VPOS="934" WIDTH="20" HEIGHT="29" WC="0.92" CONTENT="3"/><SP WIDTH="14" VPOS="934" HPOS="134"/>
							<String ID="string_138" HPOS="148" VPOS="934" WIDTH="67" HEIGHT="29" WC="0.96" CONTENT="000"/><SP WIDTH="26" VPOS="934" HPOS="215"/>
							<String ID="string_139" HPOS="241" VPOS="933" WIDTH="138" HEIGHT="30" WC="0.96" CONTENT="kronor."/><SP WIDTH="29" VPOS="933" HPOS="379"/>
							<String ID="string_140" HPOS="408" VPOS="932" WIDTH="160" HEIGHT="36" WC="0.95" CONTENT="Anslaget"/><SP WIDTH="26" VPOS="932" HPOS="568"/>
							<String ID="string_141" HPOS="594" VPOS="931" WIDTH="112" HEIGHT="31" WC="0.96" CONTENT="skulle"/><SP WIDTH="26" VPOS="931" HPOS="706"/>
							<String ID="string_142" HPOS="732" VPOS="929" WIDTH="146" HEIGHT="33" WC="0.95" CONTENT="sålunda"/><SP WIDTH="25" VPOS="929" HPOS="878"/>
							<String ID="string_143" HPOS="903" VPOS="930" WIDTH="135" HEIGHT="30" WC="0.96" CONTENT="behöva"/><SP WIDTH="24" VPOS="930" HPOS="1038"/>
							<String ID="string_144" HPOS="1062" VPOS="929" WIDTH="101" HEIGHT="39" WC="0.96" CONTENT="höjas"/><SP WIDTH="26" VPOS="929" HPOS="1163"/>
							<String ID="string_145" HPOS="1189" VPOS="930" WIDTH="78" HEIGHT="30" WC="0.96" CONTENT="med"/><SP WIDTH="26" VPOS="930" HPOS="1267"/>
							<String ID="string_146" HPOS="1293" VPOS="929" WIDTH="99" HEIGHT="30" WC="0.93" CONTENT="3600"/><SP WIDTH="23" VPOS="929" HPOS="1392"/>
							<String ID="string_147" HPOS="1415" VPOS="929" WIDTH="131" HEIGHT="30" WC="0.95" CONTENT="kronor"/><SP WIDTH="26" VPOS="929" HPOS="1546"/>
							<String ID="string_148" HPOS="1572" VPOS="928" WIDTH="50" HEIGHT="31" WC="0.95" CONTENT="till"/>
						</TextLine>
						<TextLine ID="line_16" HPOS="117" VPOS="983" WIDTH="299" HEIGHT="31">
							<String ID="string_149" HPOS="117" VPOS="985" WIDTH="38" HEIGHT="28" WC="0.96" CONTENT="12"/><SP WIDTH="15" VPOS="985" HPOS="155"/>
							<String ID="string_150" HPOS="170" VPOS="984" WIDTH="63" HEIGHT="30" WC="0.96" CONTENT="600"/><SP WIDTH="24" VPOS="984" HPOS="233"/>
							<String ID="string_151" HPOS="257" VPOS="983" WIDTH="159" HEIGHT="30" WC="0.0" CONTENT="kronor.»"/>
						</TextLine>
					</TextBlock>
				</ComposedBlock>
				<ComposedBlock ID="cblock_2" HPOS="158" VPOS="1081" WIDTH="1177" HEIGHT="40">
					<TextBlock ID="block_4" HPOS="158" VPOS="1081" WIDTH="1177" HEIGHT="40">
						<TextLine ID="line_17" HPOS="158" VPOS="1081" WIDTH="1177" HEIGHT="40">
							<String ID="string_152" HPOS="158" VPOS="1085" WIDTH="170" HEIGHT="31" WC="0.95" CONTENT="Utskottet"/><SP WIDTH="30" VPOS="1085" HPOS="328"/>
							<String ID="string_153" HPOS="358" VPOS="1084" WIDTH="187" HEIGHT="37" WC="0.95" CONTENT="tillstyrker"/><SP WIDTH="31" VPOS="1084" HPOS="545"/>
							<String ID="string_154" HPOS="576" VPOS="1082" WIDTH="299" HEIGHT="37" WC="0.96" CONTENT="framställningen"/><SP WIDTH="30" VPOS="1082" HPOS="875"/>
							<String ID="string_155" HPOS="905" VPOS="1083" WIDTH="66" HEIGHT="29" WC="0.96" CONTENT="och"/><SP WIDTH="33" VPOS="1083" HPOS="971"/>
							<String ID="string_156" HPOS="1004" VPOS="1082" WIDTH="198" HEIGHT="30" WC="0.93" CONTENT="hemställer"/><SP WIDTH="31" VPOS="1082" HPOS="1202"/>
							<String ID="string_157" HPOS="1233" VPOS="1081" WIDTH="102" HEIGHT="37" WC="0.92" CONTENT="förty,"/>
						</TextLine>
					</TextBlock>
				</ComposedBlock>
				<ComposedBlock ID="cblock_3" HPOS="421" VPOS="1165" WIDTH="1199" HEIGHT="92">
					<TextBlock ID="block_5" HPOS="421" VPOS="1165" WIDTH="1199" HEIGHT="92">
						<TextLine ID="line_18" HPOS="470" VPOS="1165" WIDTH="1149" HEIGHT="40">
							<String ID="string_158" HPOS="470" VPOS="1171" WIDTH="48" HEIGHT="29" WC="0.96" CONTENT="att"/><SP WIDTH="22" VPOS="1171" HPOS="518"/>
							<String ID="string_159" HPOS="540" VPOS="1168" WIDTH="183" HEIGHT="37" WC="0.96" CONTENT="riksdagen"/><SP WIDTH="25" VPOS="1168" HPOS="723"/>
							<String ID="string_160" HPOS="748" VPOS="1168" WIDTH="57" HEIGHT="31" WC="0.95" CONTENT="må"/><SP WIDTH="24" VPOS="1168" HPOS="805"/>
							<String ID="string_161" HPOS="829" VPOS="1168" WIDTH="50" HEIGHT="31" WC="0.93" CONTENT="till"/><SP WIDTH="22" VPOS="1168" HPOS="879"/>
							<String ID="string_162" HPOS="901" VPOS="1167" WIDTH="318" HEIGHT="37" WC="0.91" CONTENT="Skogshögskolan:"/><SP WIDTH="23" VPOS="1167" HPOS="1219"/>
							<String ID="string_163" HPOS="1242" VPOS="1165" WIDTH="194" HEIGHT="38" WC="0.96" CONTENT="Stipendier"/><SP WIDTH="22" VPOS="1165" HPOS="1436"/>
							<String ID="string_164" HPOS="1458" VPOS="1166" WIDTH="54" HEIGHT="30" WC="0.93" CONTENT="för"/><SP WIDTH="22" VPOS="1166" HPOS="1512"/>
							<String ID="string_165" HPOS="1534" VPOS="1165" WIDTH="85" HEIGHT="30" WC="0.93" CONTENT="bud-"/>
						</TextLine>
						<TextLine ID="line_19" HPOS="421" VPOS="1214" WIDTH="1199" HEIGHT="43">
							<String ID="string_166" HPOS="421" VPOS="1220" WIDTH="128" HEIGHT="37" WC="0.92" CONTENT="getåret"/><SP WIDTH="32" VPOS="1220" HPOS="549"/>
							<String ID="string_167" HPOS="581" VPOS="1214" WIDTH="139" HEIGHT="43" WC="0.92" CONTENT="1947/48"/><SP WIDTH="29" VPOS="1214" HPOS="720"/>
							<String ID="string_168" HPOS="749" VPOS="1219" WIDTH="120" HEIGHT="31" WC="0.96" CONTENT="anvisa"/><SP WIDTH="28" VPOS="1219" HPOS="869"/>
							<String ID="string_169" HPOS="897" VPOS="1223" WIDTH="46" HEIGHT="27" WC="0.93" CONTENT="ett"/><SP WIDTH="27" VPOS="1223" HPOS="943"/>
							<String ID="string_170" HPOS="970" VPOS="1219" WIDTH="269" HEIGHT="37" WC="0.91" CONTENT="förslagsanslag"/><SP WIDTH="28" VPOS="1219" HPOS="1239"/>
							<String ID="string_171" HPOS="1267" VPOS="1228" WIDTH="42" HEIGHT="20" WC="0.95" CONTENT="av"/><SP WIDTH="31" VPOS="1228" HPOS="1309"/>
							<String ID="string_172" HPOS="1340" VPOS="1218" WIDTH="114" HEIGHT="29" WC="0.94" CONTENT="12600"/><SP WIDTH="27" VPOS="1218" HPOS="1454"/>
							<String ID="string_173" HPOS="1481" VPOS="1218" WIDTH="139" HEIGHT="29" WC="0.95" CONTENT="kronor."/>
						</TextLine>
					</TextBlock>
				</ComposedBlock>
				<ComposedBlock ID="cblock_4" HPOS="116" VPOS="1347" WIDTH="1507" HEIGHT="346">
					<TextBlock ID="block_6" HPOS="116" VPOS="1347" WIDTH="1507" HEIGHT="346">
						<TextLine ID="line_20" HPOS="161" VPOS="1347" WIDTH="1461" HEIGHT="41">
							<String ID="string_174" HPOS="161" VPOS="1348" WIDTH="110" HEIGHT="40" WC="0.91" CONTENT="188:0)"/><SP WIDTH="26" VPOS="1348" HPOS="271"/>
							<String ID="string_175" HPOS="297" VPOS="1349" WIDTH="322" HEIGHT="36" WC="0.91" CONTENT="Skogshögskolan:"/><SP WIDTH="21" VPOS="1349" HPOS="619"/>
							<String ID="string_176" HPOS="640" VPOS="1348" WIDTH="191" HEIGHT="36" WC="0.96" CONTENT="Inredning"/><SP WIDTH="23" VPOS="1348" HPOS="831"/>
							<String ID="string_177" HPOS="854" VPOS="1348" WIDTH="67" HEIGHT="29" WC="0.96" CONTENT="och"/><SP WIDTH="20" VPOS="1348" HPOS="921"/>
							<String ID="string_178" HPOS="941" VPOS="1347" WIDTH="213" HEIGHT="37" WC="0.93" CONTENT="utrustning,"/><SP WIDTH="20" VPOS="1347" HPOS="1154"/>
							<String ID="string_179" HPOS="1174" VPOS="1347" WIDTH="358" HEIGHT="36" WC="0.90" CONTENT="reservationsanslag."/><SP WIDTH="22" VPOS="1347" HPOS="1532"/>
							<String ID="string_180" HPOS="1554" VPOS="1347" WIDTH="68" HEIGHT="30" WC="0.92" CONTENT="Un-"/>
						</TextLine>
						<TextLine ID="line_21" HPOS="117" VPOS="1397" WIDTH="1505" HEIGHT="41">
							<String ID="string_181" HPOS="117" VPOS="1402" WIDTH="61" HEIGHT="29" WC="0.96" CONTENT="der"/><SP WIDTH="18" VPOS="1402" HPOS="178"/>
							<String ID="string_182" HPOS="196" VPOS="1402" WIDTH="156" HEIGHT="36" WC="0.96" CONTENT="punkten"/><SP WIDTH="21" VPOS="1402" HPOS="352"/>
							<String ID="string_183" HPOS="373" VPOS="1401" WIDTH="61" HEIGHT="29" WC="0.96" CONTENT="188"/><SP WIDTH="19" VPOS="1401" HPOS="434"/>
							<String ID="string_184" HPOS="453" VPOS="1401" WIDTH="66" HEIGHT="30" WC="0.96" CONTENT="har"/><SP WIDTH="19" VPOS="1401" HPOS="519"/>
							<String ID="string_185" HPOS="538" VPOS="1400" WIDTH="122" HEIGHT="35" WC="0.95" CONTENT="Kungl."/><SP WIDTH="22" VPOS="1400" HPOS="660"/>
							<String ID="string_186" HPOS="682" VPOS="1398" WIDTH="100" HEIGHT="37" WC="0.96" CONTENT="Maj:t"/><SP WIDTH="19" VPOS="1398" HPOS="782"/>
							<String ID="string_187" HPOS="801" VPOS="1399" WIDTH="175" HEIGHT="36" WC="0.95" CONTENT="föreslagit"/><SP WIDTH="20" VPOS="1399" HPOS="976"/>
							<String ID="string_188" HPOS="996" VPOS="1399" WIDTH="185" HEIGHT="36" WC="0.96" CONTENT="riksdagen"/><SP WIDTH="21" VPOS="1399" HPOS="1181"/>
							<String ID="string_189" HPOS="1202" VPOS="1401" WIDTH="48" HEIGHT="27" WC="0.96" CONTENT="att"/><SP WIDTH="20" VPOS="1401" HPOS="1250"/>
							<String ID="string_190" HPOS="1270" VPOS="1399" WIDTH="56" HEIGHT="30" WC="0.96" CONTENT="för"/><SP WIDTH="20" VPOS="1399" HPOS="1326"/>
							<String ID="string_191" HPOS="1346" VPOS="1397" WIDTH="196" HEIGHT="33" WC="0.93" CONTENT="ändamålet"/><SP WIDTH="20" VPOS="1397" HPOS="1542"/>
							<String ID="string_192" HPOS="1562" VPOS="1408" WIDTH="60" HEIGHT="20" WC="0.92" CONTENT="an-"/>
						</TextLine>
						<TextLine ID="line_22" HPOS="117" VPOS="1449" WIDTH="1504" HEIGHT="39">
							<String ID="string_193" HPOS="117" VPOS="1453" WIDTH="74" HEIGHT="30" WC="0.96" CONTENT="visa"/><SP WIDTH="21" VPOS="1453" HPOS="191"/>
							<String ID="string_194" HPOS="212" VPOS="1455" WIDTH="46" HEIGHT="28" WC="0.96" CONTENT="ett"/><SP WIDTH="21" VPOS="1455" HPOS="258"/>
							<String ID="string_195" HPOS="279" VPOS="1453" WIDTH="125" HEIGHT="35" WC="0.96" CONTENT="belopp"/><SP WIDTH="23" VPOS="1453" HPOS="404"/>
							<String ID="string_196" HPOS="427" VPOS="1461" WIDTH="42" HEIGHT="21" WC="0.96" CONTENT="av"/><SP WIDTH="25" VPOS="1461" HPOS="469"/>
							<String ID="string_197" HPOS="494" VPOS="1452" WIDTH="38" HEIGHT="29" WC="0.94" CONTENT="13"/><SP WIDTH="14" VPOS="1452" HPOS="532"/>
							<String ID="string_198" HPOS="546" VPOS="1452" WIDTH="63" HEIGHT="29" WC="0.95" CONTENT="000"/><SP WIDTH="22" VPOS="1452" HPOS="609"/>
							<String ID="string_199" HPOS="631" VPOS="1452" WIDTH="139" HEIGHT="35" WC="0.96" CONTENT="kronor,"/><SP WIDTH="23" VPOS="1452" HPOS="770"/>
							<String ID="string_200" HPOS="793" VPOS="1461" WIDTH="105" HEIGHT="20" WC="0.96" CONTENT="varav"/><SP WIDTH="24" VPOS="1461" HPOS="898"/>
							<String ID="string_201" HPOS="922" VPOS="1452" WIDTH="16" HEIGHT="28" WC="0.95" CONTENT="7"/><SP WIDTH="15" VPOS="1452" HPOS="938"/>
							<String ID="string_202" HPOS="953" VPOS="1451" WIDTH="66" HEIGHT="29" WC="0.95" CONTENT="600"/><SP WIDTH="20" VPOS="1451" HPOS="1019"/>
							<String ID="string_203" HPOS="1039" VPOS="1452" WIDTH="130" HEIGHT="29" WC="0.96" CONTENT="kronor"/><SP WIDTH="24" VPOS="1452" HPOS="1169"/>
							<String ID="string_204" HPOS="1193" VPOS="1454" WIDTH="125" HEIGHT="27" WC="0.96" CONTENT="avsetts"/><SP WIDTH="23" VPOS="1454" HPOS="1318"/>
							<String ID="string_205" HPOS="1341" VPOS="1451" WIDTH="56" HEIGHT="29" WC="0.93" CONTENT="för"/><SP WIDTH="21" VPOS="1451" HPOS="1397"/>
							<String ID="string_206" HPOS="1418" VPOS="1449" WIDTH="203" HEIGHT="31" WC="0.92" CONTENT="anskaffan-"/>
						</TextLine>
						<TextLine ID="line_23" HPOS="117" VPOS="1501" WIDTH="1504" HEIGHT="38">
							<String ID="string_207" HPOS="117" VPOS="1504" WIDTH="43" HEIGHT="30" WC="0.96" CONTENT="de"/><SP WIDTH="24" VPOS="1504" HPOS="160"/>
							<String ID="string_208" HPOS="184" VPOS="1514" WIDTH="43" HEIGHT="20" WC="0.92" CONTENT="av"/><SP WIDTH="27" VPOS="1514" HPOS="227"/>
							<String ID="string_209" HPOS="254" VPOS="1503" WIDTH="339" HEIGHT="36" WC="0.90" CONTENT="kontorsutrustning"/><SP WIDTH="28" VPOS="1503" HPOS="593"/>
							<String ID="string_210" HPOS="621" VPOS="1512" WIDTH="44" HEIGHT="20" WC="0.91" CONTENT="m."/><SP WIDTH="28" VPOS="1512" HPOS="665"/>
							<String ID="string_211" HPOS="693" VPOS="1511" WIDTH="44" HEIGHT="20" WC="0.92" CONTENT="m."/><SP WIDTH="29" VPOS="1511" HPOS="737"/>
							<String ID="string_212" HPOS="766" VPOS="1503" WIDTH="57" HEIGHT="30" WC="0.93" CONTENT="vid"/><SP WIDTH="27" VPOS="1503" HPOS="823"/>
							<String ID="string_213" HPOS="850" VPOS="1502" WIDTH="313" HEIGHT="36" WC="0.92" CONTENT="skogshögskolans"/><SP WIDTH="29" VPOS="1502" HPOS="1163"/>
							<String ID="string_214" HPOS="1192" VPOS="1502" WIDTH="218" HEIGHT="36" WC="0.95" CONTENT="förläggning"/><SP WIDTH="24" VPOS="1502" HPOS="1410"/>
							<String ID="string_215" HPOS="1434" VPOS="1501" WIDTH="11" HEIGHT="30" WC="0.63" CONTENT="1"/><SP WIDTH="27" VPOS="1501" HPOS="1445"/>
							<String ID="string_216" HPOS="1472" VPOS="1501" WIDTH="149" HEIGHT="36" WC="0.91" CONTENT="Garpen-"/>
						</TextLine>
						<TextLine ID="line_24" HPOS="117" VPOS="1552" WIDTH="1506" HEIGHT="39">
							<String ID="string_217" HPOS="117" VPOS="1555" WIDTH="92" HEIGHT="36" WC="0.96" CONTENT="berg,"/><SP WIDTH="26" VPOS="1555" HPOS="209"/>
							<String ID="string_218" HPOS="235" VPOS="1555" WIDTH="18" HEIGHT="29" WC="0.95" CONTENT="2"/><SP WIDTH="14" VPOS="1555" HPOS="253"/>
							<String ID="string_219" HPOS="267" VPOS="1555" WIDTH="66" HEIGHT="29" WC="0.95" CONTENT="800"/><SP WIDTH="23" VPOS="1555" HPOS="333"/>
							<String ID="string_220" HPOS="356" VPOS="1555" WIDTH="129" HEIGHT="29" WC="0.96" CONTENT="kronor"/><SP WIDTH="23" VPOS="1555" HPOS="485"/>
							<String ID="string_221" HPOS="508" VPOS="1553" WIDTH="56" HEIGHT="31" WC="0.96" CONTENT="för"/><SP WIDTH="22" VPOS="1553" HPOS="564"/>
							<String ID="string_222" HPOS="586" VPOS="1554" WIDTH="134" HEIGHT="30" WC="0.96" CONTENT="möbler"/><SP WIDTH="23" VPOS="1554" HPOS="720"/>
							<String ID="string_223" HPOS="743" VPOS="1555" WIDTH="67" HEIGHT="29" WC="0.96" CONTENT="och"/><SP WIDTH="23" VPOS="1555" HPOS="810"/>
							<String ID="string_224" HPOS="833" VPOS="1555" WIDTH="154" HEIGHT="28" WC="0.93" CONTENT="armatur"/><SP WIDTH="25" VPOS="1555" HPOS="987"/>
							<String ID="string_225" HPOS="1012" VPOS="1563" WIDTH="45" HEIGHT="21" WC="0.88" CONTENT="m."/><SP WIDTH="27" VPOS="1563" HPOS="1057"/>
							<String ID="string_226" HPOS="1084" VPOS="1563" WIDTH="44" HEIGHT="20" WC="0.91" CONTENT="m."/><SP WIDTH="26" VPOS="1563" HPOS="1128"/>
							<String ID="string_227" HPOS="1154" VPOS="1553" WIDTH="52" HEIGHT="31" WC="0.93" CONTENT="till"/><SP WIDTH="24" VPOS="1553" HPOS="1206"/>
							<String ID="string_228" HPOS="1230" VPOS="1552" WIDTH="302" HEIGHT="37" WC="0.91" CONTENT="skogsbiblioteket"/><SP WIDTH="25" VPOS="1552" HPOS="1532"/>
							<String ID="string_229" HPOS="1557" VPOS="1553" WIDTH="66" HEIGHT="30" WC="0.96" CONTENT="och"/>
						</TextLine>
						<TextLine ID="line_25" HPOS="117" VPOS="1604" WIDTH="1505" HEIGHT="38">
							<String ID="string_230" HPOS="117" VPOS="1607" WIDTH="18" HEIGHT="29" WC="0.96" CONTENT="2"/><SP WIDTH="16" VPOS="1607" HPOS="135"/>
							<String ID="string_231" HPOS="151" VPOS="1606" WIDTH="65" HEIGHT="30" WC="0.96" CONTENT="600"/><SP WIDTH="15" VPOS="1606" HPOS="216"/>
							<String ID="string_232" HPOS="231" VPOS="1607" WIDTH="130" HEIGHT="29" WC="0.96" CONTENT="kronor"/><SP WIDTH="14" VPOS="1607" HPOS="361"/>
							<String ID="string_233" HPOS="375" VPOS="1605" WIDTH="56" HEIGHT="31" WC="0.93" CONTENT="för"/><SP WIDTH="15" VPOS="1605" HPOS="431"/>
							<String ID="string_234" HPOS="446" VPOS="1604" WIDTH="232" HEIGHT="33" WC="0.91" CONTENT="anskaffande"/><SP WIDTH="17" VPOS="1604" HPOS="678"/>
							<String ID="string_235" HPOS="695" VPOS="1614" WIDTH="42" HEIGHT="21" WC="0.93" CONTENT="av"/><SP WIDTH="16" VPOS="1614" HPOS="737"/>
							<String ID="string_236" HPOS="753" VPOS="1605" WIDTH="285" HEIGHT="31" WC="0.92" CONTENT="räknemaskiner"/><SP WIDTH="15" VPOS="1605" HPOS="1038"/>
							<String ID="string_237" HPOS="1053" VPOS="1606" WIDTH="67" HEIGHT="29" WC="0.96" CONTENT="och"/><SP WIDTH="18" VPOS="1606" HPOS="1120"/>
							<String ID="string_238" HPOS="1138" VPOS="1606" WIDTH="54" HEIGHT="29" WC="0.96" CONTENT="för"/><SP WIDTH="18" VPOS="1606" HPOS="1192"/>
							<String ID="string_239" HPOS="1210" VPOS="1604" WIDTH="202" HEIGHT="38" WC="0.96" CONTENT="renovering"/><SP WIDTH="18" VPOS="1604" HPOS="1412"/>
							<String ID="string_240" HPOS="1430" VPOS="1614" WIDTH="42" HEIGHT="21" WC="0.96" CONTENT="av"/><SP WIDTH="17" VPOS="1614" HPOS="1472"/>
							<String ID="string_241" HPOS="1489" VPOS="1604" WIDTH="133" HEIGHT="31" WC="0.96" CONTENT="möbler"/>
						</TextLine>
						<TextLine ID="line_26" HPOS="116" VPOS="1656" WIDTH="1244" HEIGHT="37">
							<String ID="string_242" HPOS="116" VPOS="1667" WIDTH="45" HEIGHT="21" WC="0.88" CONTENT="m."/><SP WIDTH="23" VPOS="1667" HPOS="161"/>
							<String ID="string_243" HPOS="184" VPOS="1668" WIDTH="45" HEIGHT="19" WC="0.89" CONTENT="m."/><SP WIDTH="25" VPOS="1668" HPOS="229"/>
							<String ID="string_244" HPOS="254" VPOS="1657" WIDTH="11" HEIGHT="30" WC="0.93" CONTENT="i"/><SP WIDTH="23" VPOS="1657" HPOS="265"/>
							<String ID="string_245" HPOS="288" VPOS="1657" WIDTH="313" HEIGHT="36" WC="0.91" CONTENT="skogshögskolans"/><SP WIDTH="20" VPOS="1657" HPOS="601"/>
							<String ID="string_246" HPOS="621" VPOS="1657" WIDTH="119" HEIGHT="36" WC="0.96" CONTENT="övriga"/><SP WIDTH="21" VPOS="1657" HPOS="740"/>
							<String ID="string_247" HPOS="761" VPOS="1657" WIDTH="132" HEIGHT="30" WC="0.96" CONTENT="lokaler"/><SP WIDTH="21" VPOS="1657" HPOS="893"/>
							<String ID="string_248" HPOS="914" VPOS="1656" WIDTH="57" HEIGHT="31" WC="0.93" CONTENT="vid"/><SP WIDTH="22" VPOS="1656" HPOS="971"/>
							<String ID="string_249" HPOS="993" VPOS="1656" WIDTH="367" HEIGHT="36" WC="0.91" CONTENT="Experimentalfältet."/>
						</TextLine>
					</TextBlock>
				</ComposedBlock>
				<ComposedBlock ID="cblock_5" HPOS="118" VPOS="1758" WIDTH="1503" HEIGHT="95">
					<TextBlock ID="block_7" HPOS="118" VPOS="1758" WIDTH="1503" HEIGHT="95">
						<TextLine ID="line_27" HPOS="163" VPOS="1758" WIDTH="1458" HEIGHT="44">
							<String ID="string_250" HPOS="163" VPOS="1768" WIDTH="52" HEIGHT="31" WC="0.96" CONTENT="Då"/><SP WIDTH="25" VPOS="1768" HPOS="215"/>
							<String ID="string_251" HPOS="240" VPOS="1769" WIDTH="165" HEIGHT="30" WC="0.96" CONTENT="utskottet"/><SP WIDTH="24" VPOS="1769" HPOS="405"/>
							<String ID="string_252" HPOS="429" VPOS="1768" WIDTH="76" HEIGHT="30" WC="0.96" CONTENT="icke"/><SP WIDTH="24" VPOS="1768" HPOS="505"/>
							<String ID="string_253" HPOS="529" VPOS="1767" WIDTH="65" HEIGHT="29" WC="0.96" CONTENT="har"/><SP WIDTH="24" VPOS="1767" HPOS="594"/>
							<String ID="string_254" HPOS="618" VPOS="1765" WIDTH="105" HEIGHT="37" WC="0.96" CONTENT="något"/><SP WIDTH="25" VPOS="1765" HPOS="723"/>
							<String ID="string_255" HPOS="748" VPOS="1768" WIDTH="48" HEIGHT="27" WC="0.96" CONTENT="att"/><SP WIDTH="27" VPOS="1768" HPOS="796"/>
							<String ID="string_256" HPOS="823" VPOS="1764" WIDTH="112" HEIGHT="30" WC="0.96" CONTENT="erinra"/><SP WIDTH="27" VPOS="1764" HPOS="935"/>
							<String ID="string_257" HPOS="962" VPOS="1767" WIDTH="71" HEIGHT="26" WC="0.96" CONTENT="mot"/><SP WIDTH="29" VPOS="1767" HPOS="1033"/>
							<String ID="string_258" HPOS="1062" VPOS="1762" WIDTH="122" HEIGHT="36" WC="0.96" CONTENT="Kungl."/><SP WIDTH="29" VPOS="1762" HPOS="1184"/>
							<String ID="string_259" HPOS="1213" VPOS="1759" WIDTH="117" HEIGHT="37" WC="0.96" CONTENT="Maj:ts"/><SP WIDTH="28" VPOS="1759" HPOS="1330"/>
							<String ID="string_260" HPOS="1358" VPOS="1758" WIDTH="263" HEIGHT="35" WC="0.96" CONTENT="framställning,"/>
						</TextLine>
						<TextLine ID="line_28" HPOS="118" VPOS="1819" WIDTH="399" HEIGHT="34">
							<String ID="string_261" HPOS="118" VPOS="1820" WIDTH="198" HEIGHT="31" WC="0.96" CONTENT="hemställer"/><SP WIDTH="26" VPOS="1820" HPOS="316"/>
							<String ID="string_262" HPOS="342" VPOS="1819" WIDTH="175" HEIGHT="34" WC="0.96" CONTENT="utskottet,"/>
						</TextLine>
					</TextBlock>
				</ComposedBlock>
				<ComposedBlock ID="cblock_6" HPOS="425" VPOS="1896" WIDTH="1199" HEIGHT="138">
					<TextBlock ID="block_8" HPOS="425" VPOS="1896" WIDTH="1199" HEIGHT="138">
						<TextLine ID="line_29" HPOS="472" VPOS="1896" WIDTH="1151" HEIGHT="41">
							<String ID="string_263" HPOS="472" VPOS="1904" WIDTH="49" HEIGHT="28" WC="0.96" CONTENT="att"/><SP WIDTH="26" VPOS="1904" HPOS="521"/>
							<String ID="string_264" HPOS="547" VPOS="1901" WIDTH="184" HEIGHT="36" WC="0.95" CONTENT="riksdagen"/><SP WIDTH="27" VPOS="1901" HPOS="731"/>
							<String ID="string_265" HPOS="758" VPOS="1900" WIDTH="57" HEIGHT="30" WC="0.96" CONTENT="må"/><SP WIDTH="27" VPOS="1900" HPOS="815"/>
							<String ID="string_266" HPOS="842" VPOS="1900" WIDTH="51" HEIGHT="29" WC="0.93" CONTENT="till"/><SP WIDTH="27" VPOS="1900" HPOS="893"/>
							<String ID="string_267" HPOS="920" VPOS="1897" WIDTH="317" HEIGHT="38" WC="0.92" CONTENT="Skogshögskolan:"/><SP WIDTH="29" VPOS="1897" HPOS="1237"/>
							<String ID="string_268" HPOS="1266" VPOS="1896" WIDTH="186" HEIGHT="36" WC="0.95" CONTENT="Inredning"/><SP WIDTH="28" VPOS="1896" HPOS="1452"/>
							<String ID="string_269" HPOS="1480" VPOS="1896" WIDTH="65" HEIGHT="29" WC="0.92" CONTENT="och"/><SP WIDTH="28" VPOS="1896" HPOS="1545"/>
							<String ID="string_270" HPOS="1573" VPOS="1897" WIDTH="50" HEIGHT="27" WC="0.92" CONTENT="ut-"/>
						</TextLine>
						<TextLine ID="line_30" HPOS="429" VPOS="1944" WIDTH="1195" HEIGHT="45">
							<String ID="string_271" HPOS="429" VPOS="1952" WIDTH="157" HEIGHT="37" WC="0.95" CONTENT="rustning"/><SP WIDTH="20" VPOS="1952" HPOS="586"/>
							<String ID="string_272" HPOS="606" VPOS="1952" WIDTH="55" HEIGHT="30" WC="0.96" CONTENT="för"/><SP WIDTH="20" VPOS="1952" HPOS="661"/>
							<String ID="string_273" HPOS="681" VPOS="1950" WIDTH="200" HEIGHT="36" WC="0.93" CONTENT="budgetåret"/><SP WIDTH="26" VPOS="1950" HPOS="881"/>
							<String ID="string_274" HPOS="907" VPOS="1944" WIDTH="138" HEIGHT="43" WC="0.92" CONTENT="1947/48"/><SP WIDTH="22" VPOS="1944" HPOS="1045"/>
							<String ID="string_275" HPOS="1067" VPOS="1947" WIDTH="121" HEIGHT="31" WC="0.96" CONTENT="anvisa"/><SP WIDTH="21" VPOS="1947" HPOS="1188"/>
							<String ID="string_276" HPOS="1209" VPOS="1951" WIDTH="47" HEIGHT="27" WC="0.93" CONTENT="ett"/><SP WIDTH="22" VPOS="1951" HPOS="1256"/>
							<String ID="string_277" HPOS="1278" VPOS="1944" WIDTH="346" HEIGHT="36" WC="0.91" CONTENT="reservationsanslag"/>
						</TextLine>
						<TextLine ID="line_31" HPOS="425" VPOS="2004" WIDTH="337" HEIGHT="30">
							<String ID="string_278" HPOS="425" VPOS="2013" WIDTH="42" HEIGHT="21" WC="0.96" CONTENT="av"/><SP WIDTH="23" VPOS="2013" HPOS="467"/>
							<String ID="string_279" HPOS="490" VPOS="2004" WIDTH="38" HEIGHT="29" WC="0.96" CONTENT="13"/><SP WIDTH="13" VPOS="2004" HPOS="528"/>
							<String ID="string_280" HPOS="541" VPOS="2004" WIDTH="63" HEIGHT="29" WC="0.96" CONTENT="000"/><SP WIDTH="20" VPOS="2004" HPOS="604"/>
							<String ID="string_281" HPOS="624" VPOS="2004" WIDTH="138" HEIGHT="29" WC="0.96" CONTENT="kronor."/>
						</TextLine>
					</TextBlock>
				</ComposedBlock>
				<ComposedBlock ID="cblock_7" HPOS="119" VPOS="2131" WIDTH="1509" HEIGHT="397">
					<TextBlock ID="block_9" HPOS="119" VPOS="2131" WIDTH="1509" HEIGHT="397">
						<TextLine ID="line_32" HPOS="166" VPOS="2131" WIDTH="1459" HEIGHT="47">
							<String ID="string_282" HPOS="166" VPOS="2139" WIDTH="109" HEIGHT="39" WC="0.92" CONTENT="189:0)"/><SP WIDTH="25" VPOS="2139" HPOS="275"/>
							<String ID="string_283" HPOS="300" VPOS="2138" WIDTH="321" HEIGHT="36" WC="0.91" CONTENT="Skogshögskolan:"/><SP WIDTH="17" VPOS="2138" HPOS="621"/>
							<String ID="string_284" HPOS="638" VPOS="2136" WIDTH="332" HEIGHT="37" WC="0.91" CONTENT="Byggnadsarbeten"/><SP WIDTH="19" VPOS="2136" HPOS="970"/>
							<String ID="string_285" HPOS="989" VPOS="2144" WIDTH="45" HEIGHT="21" WC="0.91" CONTENT="m."/><SP WIDTH="18" VPOS="2144" HPOS="1034"/>
							<String ID="string_286" HPOS="1052" VPOS="2144" WIDTH="57" HEIGHT="27" WC="0.88" CONTENT="m.,"/><SP WIDTH="17" VPOS="2144" HPOS="1109"/>
							<String ID="string_287" HPOS="1126" VPOS="2132" WIDTH="357" HEIGHT="36" WC="0.90" CONTENT="reservationsanslag."/><SP WIDTH="21" VPOS="2132" HPOS="1483"/>
							<String ID="string_288" HPOS="1504" VPOS="2131" WIDTH="121" HEIGHT="35" WC="0.95" CONTENT="Kungl."/>
						</TextLine>
						<TextLine ID="line_33" HPOS="122" VPOS="2183" WIDTH="1504" HEIGHT="44">
							<String ID="string_289" HPOS="122" VPOS="2190" WIDTH="118" HEIGHT="37" WC="0.95" CONTENT="Maj:ts"/><SP WIDTH="22" VPOS="2190" HPOS="240"/>
							<String ID="string_290" HPOS="262" VPOS="2189" WIDTH="255" HEIGHT="36" WC="0.96" CONTENT="framställning"/><SP WIDTH="21" VPOS="2189" HPOS="517"/>
							<String ID="string_291" HPOS="538" VPOS="2189" WIDTH="110" HEIGHT="30" WC="0.96" CONTENT="under"/><SP WIDTH="20" VPOS="2189" HPOS="648"/>
							<String ID="string_292" HPOS="668" VPOS="2189" WIDTH="156" HEIGHT="35" WC="0.96" CONTENT="punkten"/><SP WIDTH="25" VPOS="2189" HPOS="824"/>
							<String ID="string_293" HPOS="849" VPOS="2187" WIDTH="60" HEIGHT="29" WC="0.96" CONTENT="189"/><SP WIDTH="20" VPOS="2187" HPOS="909"/>
							<String ID="string_294" HPOS="929" VPOS="2196" WIDTH="57" HEIGHT="21" WC="0.93" CONTENT="om"/><SP WIDTH="23" VPOS="2196" HPOS="986"/>
							<String ID="string_295" HPOS="1009" VPOS="2185" WIDTH="189" HEIGHT="31" WC="0.90" CONTENT="anvisande"/><SP WIDTH="24" VPOS="2185" HPOS="1198"/>
							<String ID="string_296" HPOS="1222" VPOS="2185" WIDTH="55" HEIGHT="30" WC="0.96" CONTENT="för"/><SP WIDTH="22" VPOS="2185" HPOS="1277"/>
							<String ID="string_297" HPOS="1299" VPOS="2183" WIDTH="196" HEIGHT="31" WC="0.96" CONTENT="ändamålet"/><SP WIDTH="21" VPOS="2183" HPOS="1495"/>
							<String ID="string_298" HPOS="1516" VPOS="2193" WIDTH="42" HEIGHT="20" WC="0.96" CONTENT="av"/><SP WIDTH="22" VPOS="2193" HPOS="1558"/>
							<String ID="string_299" HPOS="1580" VPOS="2186" WIDTH="46" HEIGHT="27" WC="0.96" CONTENT="ett"/>
						</TextLine>
						<TextLine ID="line_34" HPOS="120" VPOS="2234" WIDTH="1503" HEIGHT="43">
							<String ID="string_300" HPOS="120" VPOS="2236" WIDTH="125" HEIGHT="41" WC="0.96" CONTENT="belopp"/><SP WIDTH="22" VPOS="2236" HPOS="245"/>
							<String ID="string_301" HPOS="267" VPOS="2250" WIDTH="42" HEIGHT="21" WC="0.95" CONTENT="av"/><SP WIDTH="24" VPOS="2250" HPOS="309"/>
							<String ID="string_302" HPOS="333" VPOS="2241" WIDTH="38" HEIGHT="29" WC="0.95" CONTENT="14"/><SP WIDTH="15" VPOS="2241" HPOS="371"/>
							<String ID="string_303" HPOS="386" VPOS="2241" WIDTH="63" HEIGHT="28" WC="0.96" CONTENT="000"/><SP WIDTH="22" VPOS="2241" HPOS="449"/>
							<String ID="string_304" HPOS="471" VPOS="2242" WIDTH="127" HEIGHT="28" WC="0.96" CONTENT="kronor"/><SP WIDTH="22" VPOS="2242" HPOS="598"/>
							<String ID="string_305" HPOS="620" VPOS="2239" WIDTH="146" HEIGHT="30" WC="0.96" CONTENT="innebär"/><SP WIDTH="20" VPOS="2239" HPOS="766"/>
							<String ID="string_306" HPOS="786" VPOS="2249" WIDTH="43" HEIGHT="20" WC="0.96" CONTENT="en"/><SP WIDTH="20" VPOS="2249" HPOS="829"/>
							<String ID="string_307" HPOS="849" VPOS="2237" WIDTH="201" HEIGHT="36" WC="0.96" CONTENT="minskning"/><SP WIDTH="22" VPOS="2237" HPOS="1050"/>
							<String ID="string_308" HPOS="1072" VPOS="2247" WIDTH="41" HEIGHT="20" WC="0.93" CONTENT="av"/><SP WIDTH="23" VPOS="2247" HPOS="1113"/>
							<String ID="string_309" HPOS="1136" VPOS="2234" WIDTH="365" HEIGHT="37" WC="0.90" CONTENT="anslagsanvisningen"/><SP WIDTH="23" VPOS="2234" HPOS="1501"/>
							<String ID="string_310" HPOS="1524" VPOS="2235" WIDTH="9" HEIGHT="29" WC="0.92" CONTENT="i"/><SP WIDTH="24" VPOS="2235" HPOS="1533"/>
							<String ID="string_311" HPOS="1557" VPOS="2235" WIDTH="66" HEIGHT="29" WC="0.92" CONTENT="för-"/>
						</TextLine>
						<TextLine ID="line_35" HPOS="120" VPOS="2283" WIDTH="1503" HEIGHT="43">
							<String ID="string_312" HPOS="120" VPOS="2291" WIDTH="163" HEIGHT="32" WC="0.96" CONTENT="hållande"/><SP WIDTH="15" VPOS="2291" HPOS="283"/>
							<String ID="string_313" HPOS="298" VPOS="2291" WIDTH="50" HEIGHT="30" WC="0.96" CONTENT="till"/><SP WIDTH="18" VPOS="2291" HPOS="348"/>
							<String ID="string_314" HPOS="366" VPOS="2290" WIDTH="226" HEIGHT="36" WC="0.96" CONTENT="anvisningen"/><SP WIDTH="18" VPOS="2290" HPOS="592"/>
							<String ID="string_315" HPOS="610" VPOS="2289" WIDTH="56" HEIGHT="30" WC="0.96" CONTENT="för"/><SP WIDTH="16" VPOS="2289" HPOS="666"/>
							<String ID="string_316" HPOS="682" VPOS="2288" WIDTH="234" HEIGHT="30" WC="0.96" CONTENT="innevarande"/><SP WIDTH="18" VPOS="2288" HPOS="916"/>
							<String ID="string_317" HPOS="934" VPOS="2285" WIDTH="169" HEIGHT="37" WC="0.96" CONTENT="budgetår"/><SP WIDTH="17" VPOS="2285" HPOS="1103"/>
							<String ID="string_318" HPOS="1120" VPOS="2286" WIDTH="80" HEIGHT="29" WC="0.96" CONTENT="med"/><SP WIDTH="20" VPOS="2286" HPOS="1200"/>
							<String ID="string_319" HPOS="1220" VPOS="2286" WIDTH="36" HEIGHT="29" WC="0.95" CONTENT="11"/><SP WIDTH="15" VPOS="2286" HPOS="1256"/>
							<String ID="string_320" HPOS="1271" VPOS="2285" WIDTH="64" HEIGHT="30" WC="0.95" CONTENT="000"/><SP WIDTH="19" VPOS="2285" HPOS="1335"/>
							<String ID="string_321" HPOS="1354" VPOS="2285" WIDTH="137" HEIGHT="29" WC="0.93" CONTENT="kronor."/><SP WIDTH="20" VPOS="2285" HPOS="1491"/>
							<String ID="string_322" HPOS="1511" VPOS="2283" WIDTH="112" HEIGHT="30" WC="0.92" CONTENT="Först-"/>
						</TextLine>
						<TextLine ID="line_36" HPOS="119" VPOS="2333" WIDTH="1509" HEIGHT="43">
							<String ID="string_323" HPOS="119" VPOS="2341" WIDTH="155" HEIGHT="31" WC="0.96" CONTENT="nämnda"/><SP WIDTH="29" VPOS="2341" HPOS="274"/>
							<String ID="string_324" HPOS="303" VPOS="2340" WIDTH="124" HEIGHT="36" WC="0.96" CONTENT="belopp"/><SP WIDTH="33" VPOS="2340" HPOS="427"/>
							<String ID="string_325" HPOS="460" VPOS="2340" WIDTH="64" HEIGHT="29" WC="0.96" CONTENT="har"/><SP WIDTH="27" VPOS="2340" HPOS="524"/>
							<String ID="string_326" HPOS="551" VPOS="2342" WIDTH="125" HEIGHT="27" WC="0.96" CONTENT="avsetts"/><SP WIDTH="30" VPOS="2342" HPOS="676"/>
							<String ID="string_327" HPOS="706" VPOS="2339" WIDTH="56" HEIGHT="29" WC="0.91" CONTENT="för"/><SP WIDTH="28" VPOS="2339" HPOS="762"/>
							<String ID="string_328" HPOS="790" VPOS="2336" WIDTH="220" HEIGHT="38" WC="0.91" CONTENT="fullföljande"/><SP WIDTH="29" VPOS="2336" HPOS="1010"/>
							<String ID="string_329" HPOS="1039" VPOS="2346" WIDTH="43" HEIGHT="20" WC="0.96" CONTENT="av"/><SP WIDTH="31" VPOS="2346" HPOS="1082"/>
							<String ID="string_330" HPOS="1113" VPOS="2336" WIDTH="41" HEIGHT="31" WC="0.93" CONTENT="de"/><SP WIDTH="29" VPOS="2336" HPOS="1154"/>
							<String ID="string_331" HPOS="1183" VPOS="2334" WIDTH="356" HEIGHT="38" WC="0.91" CONTENT="reparationsarbeten"/><SP WIDTH="32" VPOS="2334" HPOS="1539"/>
							<String ID="string_332" HPOS="1571" VPOS="2333" WIDTH="57" HEIGHT="30" WC="0.96" CONTENT="vid"/>
						</TextLine>
						<TextLine ID="line_37" HPOS="120" VPOS="2384" WIDTH="1508" HEIGHT="43">
							<String ID="string_333" HPOS="120" VPOS="2391" WIDTH="315" HEIGHT="36" WC="0.91" CONTENT="skogshögskolans"/><SP WIDTH="25" VPOS="2391" HPOS="435"/>
							<String ID="string_334" HPOS="460" VPOS="2389" WIDTH="215" HEIGHT="36" WC="0.95" CONTENT="förläggning"/><SP WIDTH="23" VPOS="2389" HPOS="675"/>
							<String ID="string_335" HPOS="698" VPOS="2389" WIDTH="10" HEIGHT="29" WC="0.93" CONTENT="i"/><SP WIDTH="23" VPOS="2389" HPOS="708"/>
							<String ID="string_336" HPOS="731" VPOS="2387" WIDTH="202" HEIGHT="36" WC="0.91" CONTENT="Malingsbo,"/><SP WIDTH="24" VPOS="2387" HPOS="933"/>
							<String ID="string_337" HPOS="957" VPOS="2387" WIDTH="112" HEIGHT="30" WC="0.96" CONTENT="vartill"/><SP WIDTH="26" VPOS="2387" HPOS="1069"/>
							<String ID="string_338" HPOS="1095" VPOS="2385" WIDTH="111" HEIGHT="31" WC="0.96" CONTENT="medel"/><SP WIDTH="23" VPOS="2385" HPOS="1206"/>
							<String ID="string_339" HPOS="1229" VPOS="2385" WIDTH="158" HEIGHT="36" WC="0.96" CONTENT="beviljats"/><SP WIDTH="25" VPOS="2385" HPOS="1387"/>
							<String ID="string_340" HPOS="1412" VPOS="2384" WIDTH="55" HEIGHT="30" WC="0.93" CONTENT="för"/><SP WIDTH="22" VPOS="2384" HPOS="1467"/>
							<String ID="string_341" HPOS="1489" VPOS="2384" WIDTH="139" HEIGHT="29" WC="0.90" CONTENT="inneva-"/>
						</TextLine>
						<TextLine ID="line_38" HPOS="120" VPOS="2434" WIDTH="1507" HEIGHT="43">
							<String ID="string_342" HPOS="120" VPOS="2441" WIDTH="108" HEIGHT="31" WC="0.96" CONTENT="rande"/><SP WIDTH="19" VPOS="2441" HPOS="228"/>
							<String ID="string_343" HPOS="247" VPOS="2439" WIDTH="176" HEIGHT="38" WC="0.96" CONTENT="budgetår,"/><SP WIDTH="22" VPOS="2439" HPOS="423"/>
							<String ID="string_344" HPOS="445" VPOS="2443" WIDTH="88" HEIGHT="27" WC="0.95" CONTENT="samt"/><SP WIDTH="21" VPOS="2443" HPOS="533"/>
							<String ID="string_345" HPOS="554" VPOS="2440" WIDTH="55" HEIGHT="30" WC="0.96" CONTENT="för"/><SP WIDTH="19" VPOS="2440" HPOS="609"/>
							<String ID="string_346" HPOS="628" VPOS="2438" WIDTH="225" HEIGHT="31" WC="0.96" CONTENT="anordnande"/><SP WIDTH="22" VPOS="2438" HPOS="853"/>
							<String ID="string_347" HPOS="875" VPOS="2447" WIDTH="42" HEIGHT="21" WC="0.93" CONTENT="av"/><SP WIDTH="20" VPOS="2447" HPOS="917"/>
							<String ID="string_348" HPOS="937" VPOS="2438" WIDTH="158" HEIGHT="30" WC="0.92" CONTENT="torkrum"/><SP WIDTH="20" VPOS="2438" HPOS="1095"/>
							<String ID="string_349" HPOS="1115" VPOS="2436" WIDTH="66" HEIGHT="30" WC="0.96" CONTENT="och"/><SP WIDTH="23" VPOS="2436" HPOS="1181"/>
							<String ID="string_350" HPOS="1204" VPOS="2437" WIDTH="100" HEIGHT="29" WC="0.96" CONTENT="bastu"/><SP WIDTH="22" VPOS="2437" HPOS="1304"/>
							<String ID="string_351" HPOS="1326" VPOS="2435" WIDTH="57" HEIGHT="30" WC="0.96" CONTENT="vid"/><SP WIDTH="21" VPOS="2435" HPOS="1383"/>
							<String ID="string_352" HPOS="1404" VPOS="2444" WIDTH="133" HEIGHT="21" WC="0.93" CONTENT="samma"/><SP WIDTH="22" VPOS="2444" HPOS="1537"/>
							<String ID="string_353" HPOS="1559" VPOS="2434" WIDTH="68" HEIGHT="29" WC="0.92" CONTENT="för-"/>
						</TextLine>
						<TextLine ID="line_39" HPOS="122" VPOS="2491" WIDTH="168" HEIGHT="37">
							<String ID="string_354" HPOS="122" VPOS="2491" WIDTH="168" HEIGHT="37" WC="0.96" CONTENT="läggning."/>
						</TextLine>
					</TextBlock>
				</ComposedBlock>
				<ComposedBlock ID="cblock_8" HPOS="1668" VPOS="1072" WIDTH="129" HEIGHT="26">
					<TextBlock ID="block_10" HPOS="1668" VPOS="1072" WIDTH="129" HEIGHT="26">
						<TextLine ID="line_40" HPOS="1668" VPOS="1072" WIDTH="129" HEIGHT="26">
							<String ID="string_355" HPOS="1668" VPOS="1072" WIDTH="129" HEIGHT="26" WC="0.95" CONTENT="Utskottet."/>
						</TextLine>
					</TextBlock>
				</ComposedBlock>
				<ComposedBlock ID="cblock_9" HPOS="1670" VPOS="1753" WIDTH="130" HEIGHT="25">
					<TextBlock ID="block_11" HPOS="1670" VPOS="1753" WIDTH="130" HEIGHT="25">
						<TextLine ID="line_41" HPOS="1670" VPOS="1753" WIDTH="130" HEIGHT="25">
							<String ID="string_356" HPOS="1670" VPOS="1753" WIDTH="130" HEIGHT="25" WC="0.75" CONTENT="Utskottet."/>
						</TextLine>
					</TextBlock>
				</ComposedBlock>
			</PrintSpace>
		</Page>
	</Layout>
</alto>
