1906 2788
104 1402 131 26 Utskottet.

288 108 58 29 122
700 115 378 34 Jordbruksutskottets
1098 118 176 32 utlåtande
1294 129 42 21 nr
1356 121 28 29 1.

292 197 56 31 för
365 197 227 36 provisoriskt
610 199 205 37 lönetillägg.
836 193 212 44 Återstoden,
1069 203 10 29 i
1100 206 80 27 runt
1201 205 45 29 tal
1265 204 63 29 435
1342 204 64 30 000
1426 205 139 37 kronor,
1586 207 97 31 torde
1703 207 12 31 i
1736 216 59 21 an-

293 248 152 37 slutning
465 249 49 29 till
534 249 291 38 löneregleringen
843 251 85 31 böra
949 253 201 35 uppräknas
1171 255 80 29 med
1274 255 60 29 150
1348 255 63 30 000
1432 256 130 31 kronor
1582 256 50 32 till
1654 258 63 30 585
1731 258 65 30 000

291 298 139 30 kronor.
471 299 101 31 Detta
601 299 207 38 föranleder,
840 304 49 27 att
918 301 432 39 skogsvårdsstyrelsernas
1378 306 246 30 omkostnader
1656 307 11 30 i
1699 308 96 30 verk-

291 349 179 29 samheten
507 349 56 30 vid
599 350 374 38 anslagsberäkningen
1009 352 55 31 för
1097 354 99 30 nästa
1219 354 169 37 budgetår
1411 356 84 30 böra
1522 357 167 36 uppföras
1716 359 79 30 med

296 397 30 39 (5
340 399 64 30 050
418 399 110 30 000—
543 400 59 30 100
617 401 63 30 000
700 399 31 31 --
754 403 59 29 150
827 403 63 29 000
903 402 57 40 =)
1011 404 19 29 5
1047 404 60 29 100
1120 405 63 29 000
1218 405 138 30 kronor.
1405 402 389 46 Skogsvårdsstyrelser-

289 457 62 22 nas
373 450 261 31 merkostnader
653 452 10 30 i
686 452 184 37 anledning
888 463 42 20 av
954 454 42 30 de
1015 455 274 31 extra-ordinära
1311 457 366 38 vedavverkningarna
1697 460 97 30 torde

290 499 10 29 i
323 507 135 23 samma
482 500 146 38 ordning
652 510 75 22 som
751 502 118 31 hittills
893 503 190 37 tillämpats
1106 506 118 30 täckas
1247 506 78 31 från
1348 508 154 36 anslaget
1524 509 50 29 till
1599 509 194 38 Skogsvård

289 559 43 20 m.
357 559 60 21 m.:
445 550 196 39 Ersättning
665 551 35 31 åt
725 552 366 39 skogsvårdsstyrelser
1114 555 55 30 för
1191 556 82 30 visst
1296 557 134 31 biträde
1453 559 58 30 vid
1536 560 257 32 virkesavverk-

289 599 82 38 ning
388 609 46 21 m.
458 611 44 20 m.

333 647 94 35 Även
447 653 79 30 med
546 653 65 30 den
630 653 230 38 begränsning
880 664 42 21 av
943 655 430 39 skogsvårdsstyrelsernas
1393 661 248 31 omkostnader
1660 663 11 30 i
1694 664 96 30 verk-

290 702 180 31 samheten
487 702 57 37 jag
561 703 10 31 i
590 704 55 30 det
663 703 206 38 föregående
885 704 159 32 förordat
1064 716 103 27 synas
1185 708 431 38 skogsvårdsstyrelsernas
1636 721 86 27 egna
1741 713 50 30 in-

290 753 153 30 komster
466 754 54 29 för
541 754 201 36 budgetåret
766 750 138 42 1947/48
926 757 121 30 kunna
1069 761 170 33 upptagas
1261 760 50 30 till
1334 763 45 27 ett
1402 761 124 37 belopp
1551 771 41 22 av
1618 763 18 29 2
1650 763 64 30 075
1728 764 64 29 000

290 804 137 29 kronor.
453 804 65 36 Jag
538 806 96 29 torde
657 805 37 31 få
717 806 122 36 erinra,
863 810 50 27 att
935 807 432 39 skogsvårdsstyrelsernas
1390 820 88 28 egna
1501 812 189 32 inkomster
1713 813 11 30 i
1749 815 42 29 de

285 854 55 30 för
358 854 234 32 innevarande
611 855 168 37 budgetår
799 857 194 31 fastställda
1014 861 149 29 staterna
1183 861 184 31 beräknats
1388 862 50 30 till
1459 863 18 28 2
1491 862 63 30 483
1568 863 64 30 000
1651 864 139 30 kronor.

331 904 66 31 Vid
415 905 99 30 bifall
532 906 47 30 till
599 907 67 29 vad
685 906 57 37 jag
761 907 145 31 sålunda
925 909 156 31 förordat
1100 911 109 30 skulle
1230 911 227 32 förevarande
1477 914 118 37 anslag
1615 914 55 31 för
1689 916 100 29 nästa

288 954 167 37 budgetår
469 955 84 31 böra
567 955 168 37 uppföras
750 959 78 29 med
848 957 31 39 (4
894 959 62 29 725
971 959 64 30 000
1051 956 35 36 +
1101 960 19 30 5
1136 960 61 30 100
1210 961 65 30 000
1289 979 44 3 —
1348 962 18 29 2
1381 962 63 30 075
1457 963 64 30 000
1537 962 56 41 =)
1617 965 17 29 7
1650 964 65 30 750
1727 965 64 30 000

287 1006 138 30 kronor.
448 1005 130 32 Hinder
598 1007 97 31 torde
715 1007 75 32 icke
809 1009 85 30 böra
916 1010 95 31 möta
1032 1012 48 29 att
1100 1015 45 27 ett
1165 1012 125 36 belopp
1312 1022 41 21 av
1376 1013 119 30 20000
1516 1015 129 30 kronor
1665 1024 43 21 av
1729 1024 59 21 an-

287 1056 106 36 slaget
414 1058 174 30 användes
610 1058 56 30 för
684 1059 185 31 utdelande
890 1070 42 20 av
954 1060 186 37 stipendier
1162 1061 51 32 till
1234 1063 109 30 elever
1365 1064 57 30 vid
1444 1064 344 36 skogsbrukskurser.

285 1105 62 31 Det
370 1107 98 30 torde
491 1106 35 32 få
548 1108 188 31 ankomma
758 1109 45 36 på
826 1110 122 37 Kungl.
974 1109 100 37 Maj:t
1095 1115 49 27 att
1165 1111 11 30 i
1198 1112 111 31 sinom
1332 1113 49 31 tid
1406 1114 171 31 fastställa
1599 1118 75 33 nytt
1698 1115 92 30 avlö-

280 1155 308 38 ningsreglemente
613 1159 56 30 för
695 1159 413 38 skogvårdsstyrelsernas
1135 1163 172 32 ordinarie
1332 1164 341 36 befattningshavare
1699 1168 91 27 samt

282 1209 104 29 stater
408 1208 56 30 för
484 1209 414 38 skogsvårdsstyrelserna
919 1211 56 31 för
995 1214 99 29 nästa
1116 1213 167 36 budgetår
1305 1216 164 29 ävensom
1492 1217 49 29 att
1565 1216 159 31 meddela
1747 1217 43 30 de

280 1258 155 31 ändrade
453 1259 258 32 bestämmelser
730 1262 146 31 rörande
895 1262 107 31 bland
1023 1268 105 26 annat
1149 1263 384 38 befattningshavarnas
1554 1266 233 37 pensionsför-

284 1307 197 37 hållanden,
499 1319 75 20 som
587 1309 93 31 bliva
698 1311 222 37 erforderliga
937 1312 10 29 i
963 1313 184 37 anledning
1162 1324 43 21 av
1221 1316 41 29 de
1278 1316 93 30 förut
1388 1316 177 36 återgivna
1582 1317 202 36 förslagen.»

326 1407 64 32 Vid
432 1408 252 33 fastställandet
715 1420 43 21 av
791 1412 196 35 grunderna
1019 1414 54 30 för
1103 1415 432 37 skogsvårdsstyrelsernas
1567 1418 220 31 verksamhet

283 1469 43 20 m.
346 1468 46 22 m.
412 1458 58 32 vid
491 1460 82 30 1946
592 1459 55 32 års
666 1460 141 38 riksdag
825 1463 215 32 beräknades
1063 1464 431 38 skogsvårdsstyrelsernas
1517 1469 157 29 normala
1695 1469 90 30 kost-

281 1510 109 30 nader
410 1509 56 30 för
486 1510 161 38 avlöning
667 1521 44 20 m.
733 1522 44 20 m.
799 1512 50 30 till
868 1514 175 29 ordinarie
1061 1516 159 35 personal
1242 1515 51 31 till
1320 1517 15 29 4
1347 1517 64 30 000
1422 1517 64 30 000
1508 1519 128 29 kronor
1658 1520 66 29 och
1746 1519 41 30 de

281 1560 159 30 normala
470 1561 291 32 omkostnaderna
791 1562 10 29 i
834 1564 266 32 verksamheten
1129 1565 50 31 till
1210 1567 95 29 5050
1319 1567 63 30 000
1412 1568 138 30 kronor.
1584 1569 53 30 Då
1669 1570 116 36 skogs-

282 1609 328 38 vårdsstyrelsernas
635 1620 87 29 egna
747 1612 199 38 inkomster,
972 1615 34 30 d.
1032 1626 30 19 v.
1089 1624 25 23 s.
1141 1616 189 31 inkomster
1355 1617 10 30 i
1394 1618 91 30 form
1511 1627 43 22 av
1583 1619 202 30 biträdeser-

280 1659 193 37 sättningar
514 1665 89 26 samt
643 1671 43 21 av
728 1663 200 36 fastigheter
969 1666 65 29 och
1075 1665 140 37 kapital,
1247 1666 174 38 samtidigt
1452 1670 249 35 uppskattades
1734 1669 51 31 till

284 1711 93 29 1800
391 1710 67 30 000
502 1712 136 35 kronor,
683 1717 149 33 upptogs
870 1714 433 38 skogsvårdsstyrelsernas
1349 1719 341 30 nettomedelsbehov
1735 1719 50 31 till

286 1759 31 39 (4
328 1760 64 30 000
406 1761 66 30 000
500 1756 34 35 +
562 1762 95 31 5050
669 1763 63 30 000
758 1781 44 3 —
830 1766 13 28 1
858 1765 65 29 800
935 1766 63 29 000
1024 1765 56 40 =)
1114 1768 95 29 7250
1223 1767 62 30 000
1313 1769 137 36 kronor,
1478 1769 236 32 innebärande
1742 1780 42 21 en

279 1810 194 37 belastning
492 1811 45 37 på
557 1812 194 37 riksstaten,
771 1815 120 30 utöver
908 1815 70 30 vad
997 1825 74 21 som
1090 1816 111 31 skulle
1219 1817 147 31 tillföras
1386 1818 114 31 denna
1521 1828 123 27 genom
1666 1817 116 44 skogs-

279 1861 259 38 vårdsavgifter,
557 1873 41 20 av
616 1865 18 29 2
650 1865 63 29 750
726 1865 64 30 000
809 1865 139 31 kronor.

323 1912 120 31 Såsom
464 1924 42 21 av
526 1915 65 30 den
611 1914 206 37 föregående
837 1917 239 35 redogörelsen
1096 1918 152 37 framgår
1269 1921 45 28 ha
1335 1921 416 37 skogsvårdsstyrelserna
1773 1922 10 30 i

280 1961 73 32 sina
383 1964 200 38 statförslag
609 1965 56 31 för
689 1965 201 37 budgetåret
922 1962 138 43 1947/48
1085 1970 170 29 beräknat
1282 1971 232 31 kostnaderna
1542 1972 54 30 för
1623 1973 42 30 de
1691 1973 91 30 ordi-

278 2014 94 30 narie
388 2014 387 37 befattningshavarnas
793 2017 161 37 avlöning
973 2028 44 21 m.
1039 2028 43 21 m.
1105 2019 49 30 till
1172 2019 10 30 i
1199 2025 79 26 runt
1296 2022 46 29 tal
1360 2021 19 29 4
1393 2022 62 29 087
1470 2022 65 30 000
1554 2023 138 36 kronor,
1711 2033 71 20 om-

278 2064 235 32 kostnaderna
535 2064 11 30 i
569 2066 263 32 verksamheten
857 2067 50 30 till
931 2068 19 29 9
965 2069 63 29 088
1043 2069 62 29 700
1129 2070 129 30 kronor
1280 2072 65 29 och
1370 2072 41 29 de
1435 2079 86 29 egna
1545 2072 238 32 inkomsterna

278 2113 49 31 till
360 2116 12 28 2
387 2114 62 30 087
465 2116 65 29 000
553 2117 138 36 kronor,
720 2116 169 36 varjämte
916 2117 59 32 lån
1003 2118 20 32 å
1053 2118 144 38 tillhopa
1224 2121 117 30 44000
1371 2122 131 30 kronor
1528 2126 125 29 avsetts
1682 2124 99 31 skola

277 2165 171 34 upptagas
476 2165 64 30 och
566 2164 79 32 från
674 2166 401 38 vedutsyningsanslaget
1102 2169 185 31 beräknats
1316 2170 142 31 komma
1485 2175 49 27 att
1560 2177 96 32 tagas
1685 2173 11 30 i
1724 2183 55 20 an-

276 2213 104 37 språk
404 2215 65 31 480
480 2216 65 30 000
565 2217 138 30 kronor.
728 2217 114 37 Enligt
865 2219 430 38 skogsvårdsstyrelsernas
1318 2223 231 37 beräkningar
1571 2224 112 31 skulle
1707 2225 73 30 allt-

277 2264 36 31 så
338 2267 374 32 nettomedelsbehovet
735 2269 109 29 under
870 2269 229 31 förevarande
1123 2272 118 35 anslag
1269 2273 54 29 för
1348 2274 100 30 nästa
1472 2274 167 36 budgetår
1665 2274 115 38 uppgå

276 2314 50 31 till
360 2314 32 39 (4
403 2316 63 30 087
481 2317 63 29 000
564 2312 35 35 +
618 2317 20 30 9
651 2318 64 29 088
729 2319 63 29 700
808 2336 44 3 —
871 2319 17 29 2
902 2320 62 29 087
980 2320 63 29 000
1061 2338 45 3 —
1126 2321 41 29 44
1180 2322 65 30 000
1265 2339 44 4 —
1329 2323 64 30 480
1407 2323 62 31 000
1489 2324 56 39 =)
1581 2325 10 30 i
1622 2330 80 26 runt
1732 2325 47 31 tal

278 2363 38 30 10
331 2364 63 30 550
408 2366 65 29 000
498 2366 137 36 kronor,
662 2367 236 31 innebärande
925 2378 43 21 en
996 2369 129 37 ökning
1148 2370 12 30 i
1186 2370 218 32 förhållande
1430 2373 51 31 till
1505 2374 276 31 normalstatför-

274 2414 106 36 slaget
398 2416 80 30 med
498 2417 19 29 3
530 2417 62 30 300
606 2418 64 30 000
691 2418 138 32 kronor.
