1928 2800
530 136 378 30 Jordbruksutskottets
928 135 176 31 utlåtande
1124 145 42 20 nr
1189 137 28 28 1.
1588 130 39 29 15

118 221 239 35 bruksförsök,
384 221 79 30 med
491 221 38 29 10
543 221 64 29 000
633 220 138 35 kronor,
795 223 121 32 posten
940 218 405 37 förbrukningsartiklar,
1371 218 168 30 avseende
1564 227 59 21 an-

120 274 122 29 stalten
261 273 56 30 för
336 271 296 36 husdjursförsök,
653 271 78 30 med
752 271 62 29 500
835 271 130 29 kronor
983 270 66 30 och
1069 272 120 33 posten
1211 269 335 36 försökskostnader,
1567 279 55 20 av-

120 324 123 30 seende
261 323 170 31 anstalten
451 323 56 30 för
524 321 297 37 husdjursförsök,
841 321 79 30 med
938 321 19 30 3
971 321 64 30 000
1056 321 138 31 kronor.
1217 320 125 30 Vidare
1360 320 45 31 ha
1424 320 55 30 för
1498 322 126 28 utrust-

120 375 82 36 ning
227 375 10 29 i
262 374 186 36 anledning
475 383 42 21 av
542 372 212 37 utökningen
779 382 42 21 av
847 372 128 30 antalet
1001 371 208 31 studerande
1236 371 57 30 vid
1317 371 194 36 högskolan
1538 380 86 27 upp-

120 427 100 35 tagits
243 426 39 30 15
297 426 62 29 700
376 425 139 35 kronor,
535 424 57 30 för
610 426 189 33 apparatur
818 433 44 20 m.
881 432 44 21 m.
945 423 50 30 till
1014 421 353 38 analyslaboratoriet,
1386 421 238 31 institutionen

119 477 56 30 för
198 476 210 36 husdjurens
434 475 153 31 anatomi
610 475 66 29 och
697 474 159 37 fysiologi
881 476 90 28 samt
993 473 239 30 institutionen
1256 473 56 30 för
1333 472 292 36 växtodlingslära

120 529 41 29 20
175 528 63 30 600
263 528 129 29 kronor
414 530 89 27 samt
524 526 56 30 för
602 525 209 30 inventarier
832 524 57 31 vid
914 524 158 30 Flahults
1094 524 66 30 och
1184 524 155 36 Ugerups
1361 522 265 37 försöksgårdar

123 580 38 29 10
175 579 64 30 400
263 579 138 34 kronor,
424 576 170 37 varjämte
617 576 56 30 för
698 575 233 31 anskaffande
957 585 43 20 av
1027 575 207 30 inventarier
1256 574 57 30 för
1338 574 207 37 nybyggnad
1571 574 56 30 för

120 633 202 32 restaurang
342 638 43 21 m,
406 638 44 20 m.
472 628 56 30 vid
547 627 128 31 Ultuna
692 627 186 30 beräknats
903 626 38 30 15
955 626 64 30 000
1041 626 137 30 kronor.

167 731 116 30 Under
301 729 137 31 erinran
460 732 49 27 att
527 728 183 36 riksdagen
730 727 87 31 efter
836 727 209 30 hemställan
1064 735 42 21 av
1128 727 165 29 utskottet
1312 727 10 29 i
1344 725 177 32 utlåtande
1543 736 41 20 nr
1606 726 20 30 8

122 781 134 31 anvisat
280 780 111 31 medel
415 780 57 31 för
496 779 153 30 nämnda
677 778 321 38 byggnadsarbeten
1024 777 200 30 hemställer
1249 777 164 30 utskottet
1439 777 10 30 i
1477 776 149 36 enlighet

122 833 78 30 med
221 832 122 36 Kungl.
364 831 118 36 Maj:ts
500 830 265 36 framställning,

476 926 49 28 att
546 923 182 36 riksdagen
753 921 57 31 må
831 921 50 31 till
906 920 406 37 Lantbrukshögskolan:
1335 921 155 30 Materiel
1511 930 44 20 m.
1581 930 44 20 m.

431 975 57 30 för
525 972 201 38 budgetåret
770 968 139 42 1947/48
948 972 121 30 anvisa
1109 975 45 27 ett
1194 971 348 37 reservationsanslag
1585 980 42 21 av

432 1026 61 30 337
511 1025 62 30 700
595 1025 137 29 kronor.
1419 1025 3 3 |

167 1167 90 39 20:0)
284 1167 414 36 Lantbrukshögskolan:
733 1165 189 37 Bokinköp
955 1166 68 30 och
1060 1165 244 36 bokbindning
1337 1165 57 30 för
1417 1166 214 36 högskolans

123 1217 182 39 bibliotek,
327 1217 359 36 reservationsanslag.
711 1216 116 31 Under
850 1216 157 37 punkten
1030 1218 42 29 20
1095 1217 66 29 har
1184 1216 122 36 Kungl.
1332 1215 101 37 Maj:t
1455 1215 176 36 föreslagit

122 1270 185 36 riksdagen
328 1273 50 27 att
400 1271 54 29 för
478 1268 198 32 ändamålet
697 1269 121 31 anvisa
840 1273 47 26 ett
910 1268 350 37 reservationsanslag
1284 1277 42 21 av
1349 1268 41 30 35
1407 1263 60 47 000
1490 1268 138 34 kronor,

123 1331 105 22 varav
252 1322 40 29 10
305 1321 63 30 000
388 1322 129 29 kronor
536 1323 127 28 avsetts
683 1320 55 30 för
758 1319 194 37 utfyllande
972 1329 43 20 av
1036 1320 41 30 de
1098 1320 110 29 under
1229 1318 175 36 krigsåren
1426 1318 204 36 uppkomna

122 1372 171 31 bristerna
312 1371 10 30 i
341 1371 216 31 bibliotekets
579 1370 224 31 bokbestånd.

167 1472 171 31 Utskottet
364 1471 185 37 tillstyrker
580 1469 297 37 framställningen
905 1471 66 29 och
1000 1470 197 30 hemställer
1226 1469 108 36 alltså,

477 1568 51 26 att
552 1563 183 36 riksdagen
759 1562 57 32 må
846 1562 50 30 till
921 1561 407 37 Lartbrukshögskolan:
1355 1562 183 36 Bokinköp
1565 1562 64 30 och

435 1613 238 37 bokbindning
693 1614 57 37 för
770 1612 209 37 högskolans
1002 1611 164 31 bibliotek
1188 1612 57 30 för
1266 1610 201 38 budgetåret
1491 1607 137 42 1947/48

434 1664 118 32 anvisa
580 1668 46 28 ett
652 1661 349 39 reservationsanslag
1027 1673 42 21 av
1095 1664 41 29 35
1150 1663 63 30 000
1241 1664 136 31 kronor.

171 1807 89 39 21:0)
300 1807 413 36 Lantbrukshögskolan:
752 1805 209 37 Stipendier,
999 1806 277 36 förslagsanslag.
1306 1799 26 36 Å
1360 1805 188 30 riksstaten
1576 1805 56 30 för

124 1859 148 36 löpande
294 1857 166 37 budgetår
482 1858 65 30 har
569 1857 55 30 för
649 1857 88 30 detta
765 1856 164 31 ändamål
952 1856 174 36 upptagits
1149 1859 46 27 ett
1220 1856 204 30 obetecknat
1445 1856 121 35 anslag
1588 1865 42 20 av

128 1910 37 29 10
180 1910 63 29 600
269 1909 137 30 kronor.
431 1908 50 30 Av
506 1907 152 37 anslaget
684 1908 61 29 äro
770 1908 19 29 8
806 1907 63 30 000
896 1906 130 30 kronor
1053 1906 150 30 avsedda
1229 1907 50 29 till
1307 1907 38 29 10
1371 1906 261 36 elevstipendier

124 1961 19 28 å
162 1961 63 29 800
246 1959 129 30 kronor
393 1962 89 27 samt
502 1959 18 29 2
537 1959 64 29 600
620 1958 127 30 kronor
764 1957 49 30 till
832 1959 18 28 2
872 1956 342 36 licentiatstipendier
1230 1958 19 28 å
1272 1957 14 29 1
1305 1957 63 30 300
1386 1957 138 29 kronor.
1545 1956 86 30 Här-

124 2010 107 35 jämte
259 2010 65 30 har
347 2009 184 36 riksdagen
556 2009 9 29 i
593 2008 184 36 anledning
805 2017 42 21 av
873 2008 65 29 den
963 2007 178 30 beslutade
1165 2006 212 37 utökningen
1403 2007 110 30 under
1536 2006 95 31 inne-

125 2059 343 36 varande
287 2053 13 46 .
313 2059 155 36 budgetår
496 2069 41 20 av
566 2059 126 31 antalet
718 2059 110 30 elever
855 2058 56 31 vid
938 2058 376 35 lantbrukshögskolan
1340 2057 133 31 anvisat
1499 2061 45 26 ett
1572 2067 58 20 an-

124 2111 73 35 slag
216 2119 43 21 av
280 2112 19 28 2
313 2111 64 29 400
396 2110 130 30 kronor
547 2110 50 31 till
617 2110 193 35 ytterligare
829 2112 50 27 tre
898 2108 262 36 elevstipendier
1188 2107 108 39 (prop.
1317 2118 41 21 nr
1379 2106 173 37 311/1946,
1573 2108 57 30 bil.

131 2162 25 34 7,
179 2171 32 25 p.
235 2162 32 34 4;
292 2171 24 19 r.
342 2162 66 28 skr.
433 2171 42 20 nr
499 2159 193 37 515/1946).

172 2211 122 34 Kungl.
316 2210 100 35 Maj:t
436 2211 64 29 har
520 2210 109 31 under
649 2210 155 35 punkten
825 2210 37 29 21
888 2209 177 34 föreslagit
1085 2209 183 35 riksdagen
1291 2212 47 26 att
1359 2208 54 30 för
1437 2208 197 30 ändamålet

127 2263 54 29 för
202 2263 99 29 nästa
326 2261 166 36 budgetår
511 2261 119 30 anvisa
650 2263 47 28 ett
719 2261 268 36 förslagsanslag
1007 2269 42 20 av
1075 2261 37 28 16
1126 2260 62 28 700
1212 2261 137 30 kronor.

171 2312 98 30 Efter
297 2312 214 35 redogörelse
543 2311 54 29 för
624 2320 41 20 en
695 2310 253 36 framställning
979 2309 78 30 från
1086 2310 167 35 styrelsen
1284 2310 53 29 för
1365 2310 265 34 lantbrukshög-

127 2363 122 31 skolan
269 2372 56 20 om
347 2362 118 36 anslag
486 2362 54 29 för
560 2360 264 36 ifrågavarande
846 2359 162 31 ändamål
1031 2361 54 29 för
1108 2361 99 28 nästa
1228 2359 165 36 budgetår
1415 2360 78 30 med
1514 2360 41 29 25
1568 2360 64 28 600

129 2414 129 28 kronor
277 2413 64 29 har
360 2410 379 37 departementschefen
760 2410 116 30 anfört
895 2410 107 30 bland
1022 2413 104 26 annat
1152 2409 163 36 följande.

1675 730 127 25 Utskottet.

1677 1474 128 24 Utskottet.
