1914 2798
509 129 380 32 Jordbruksutskottets
908 130 176 32 utlåtande
1103 141 42 20 nr
1168 133 28 29 1.
1565 127 38 30 33

98 223 74 21 som
196 213 10 30 i
227 213 99 37 fråga
349 223 57 21 om
425 214 112 30 elever
557 214 57 30 vid
634 214 101 30 dessa
756 214 116 30 skolor
895 215 98 29 torde
1013 215 119 30 kunna
1152 216 102 35 göras
1276 215 167 37 gällande,
1466 218 50 28 att
1537 216 65 30 ele-

98 274 59 21 ver
178 264 58 30 vid
255 267 21 28 t.
300 274 51 21 ex.
373 263 297 37 trädgårdsskolor
691 266 66 29 och
780 265 299 30 verkstadsskolor
1098 266 85 30 böra
1206 265 131 31 erhålla
1360 267 153 30 nämnda
1533 266 69 30 för-

99 314 91 31 mån.
212 315 52 30 En
287 316 183 36 utredning
489 315 10 30 i
520 316 115 29 ämnet
657 316 97 29 torde
773 315 10 30 i
802 316 61 29 allt
883 315 62 31 fall
965 316 76 30 icke
1061 316 85 30 böra
1167 316 182 37 företagas,
1370 317 107 30 innan
1497 318 106 30 resul-

98 367 82 30 tatet
199 375 43 21 av
264 366 65 31 den
348 366 93 31 förut
462 366 232 30 omförmälda
713 367 191 36 översynen
925 376 43 21 av
989 366 235 37 stipendierna
1242 367 190 37 föreligger.

144 415 121 32 Såsom
283 417 12 29 i
316 416 215 32 motionerna
551 417 27 30 I:
599 418 60 29 163
681 417 65 30 och
766 417 45 30 II:
827 418 60 30 261
909 417 134 31 anförts
1062 418 47 30 ha
1129 418 105 31 sedan
1253 418 40 31 år
1313 419 83 30 1938
1415 419 51 30 till
1483 419 122 30 kurser

99 469 11 28 i
133 467 195 36 fårskötsel,
351 477 73 21 som
447 468 187 31 anordnats
659 477 42 21 av
723 468 153 31 Svenska
901 467 364 39 fåravelsföreningen,
1289 469 112 37 utgått
1422 470 118 36 anslag
1563 479 43 21 ur

100 518 65 30 den
186 518 63 30 hos
268 518 348 36 lantbruksstyrelsen
635 518 223 32 innestående
875 519 245 37 behållningen
1140 519 20 32 å
1177 520 147 37 avgifter
1341 520 56 31 för
1412 520 192 37 inregistre-

99 568 77 37 ring
196 579 42 21 av
259 569 151 31 avelsfår
430 570 11 29 i
461 569 234 31 riksstambok
717 579 44 21 m.
784 580 45 20 m.
855 570 107 31 Dessa
982 571 120 36 anslag
1125 571 98 31 torde
1243 572 11 29 i
1278 571 67 32 viss
1366 572 240 36 utsträckning

101 619 45 31 ha
168 621 148 29 använts
341 619 50 31 till
412 620 269 37 elevstipendier.
706 616 95 35 Även
823 631 67 26 om,
914 621 115 31 såsom
1052 621 11 30 i
1084 622 218 30 motionerna
1323 625 139 34 antytts,
1484 623 120 36 bespa-

100 669 162 37 ringarna
286 681 43 20 av
348 670 438 38 fårregistreringsavgifter
807 673 10 30 i
837 672 267 37 fortsättningen
1126 673 76 31 icke
1222 674 111 30 skulle
1352 674 107 30 räcka
1478 673 50 31 till
1551 673 56 30 för

100 720 123 38 bidrag
249 721 53 30 till
332 721 265 37 ifrågavarande
624 723 123 30 kurser
774 722 10 30 i
812 732 137 22 samma
978 724 239 36 utsträckning
1246 734 74 21 som
1349 724 131 35 hittills,
1509 726 97 30 torde

102 772 191 31 emellertid
314 773 111 30 medel
448 773 56 31 för
527 772 187 37 stipendier
735 773 52 30 till
808 774 159 30 eleverna
992 774 59 30 vid
1073 775 100 31 dessa
1196 775 123 30 kurser
1342 776 77 30 icke
1443 776 86 31 böra
1551 777 55 29 be-

101 824 127 31 räknas
256 825 112 30 under
391 824 228 30 förevarande
647 824 128 36 anslag,
803 824 45 32 då
876 825 202 36 därigenom
1103 826 344 37 ställningstagandet
1473 826 51 31 till
1551 827 56 30 det

101 874 34 32 åt
164 875 43 30 de
235 875 218 36 sakkunniga
484 875 56 30 för
567 875 302 37 yrkesutbildning
896 876 96 31 inom
1021 876 170 36 jordbruk
1225 878 65 29 och
1321 877 285 37 skogshantering

100 926 163 30 lämnade
287 926 192 36 uppdraget
505 929 48 27 att
579 926 56 30 för
661 926 119 31 vidare
803 926 183 38 utredning
1012 930 153 34 upptaga
1189 928 107 30 bland
1320 932 107 27 annat
1452 938 43 21 av
1519 930 87 29 lant-

103 976 276 37 bruksstyrelsen
410 977 163 36 framlagt
603 977 131 36 förslag
765 986 59 21 om
854 978 210 36 statsbidrag
1099 979 51 30 till
1181 979 338 36 utbildningskurser
1552 979 57 31 för

102 1026 185 32 fårherdar
311 1028 66 30 och
405 1027 158 37 fårägare
588 1027 12 30 i
628 1027 68 31 viss
723 1027 83 31 mån
831 1028 98 31 torde
955 1028 202 37 föregripas.
1187 1029 66 30 Om
1281 1028 38 32 så
1345 1031 112 30 skulle
1482 1032 125 35 prövas

103 1078 225 36 erforderligt,
358 1078 96 30 torde
478 1078 56 30 för
559 1078 122 37 Kungl.
711 1078 103 37 Maj:t
837 1079 12 30 i
875 1088 120 22 annan
1022 1080 146 36 ordning
1195 1080 212 37 tillgängliga
1432 1081 110 30 medel
1571 1080 38 32 få

102 1128 116 31 ställas
235 1128 51 30 till
304 1129 207 36 förfogande
526 1129 55 31 för
600 1128 208 33 ändamålet.

147 1178 49 32 På
215 1180 114 36 grund
350 1189 43 21 av
413 1180 67 30 vad
504 1179 147 32 sålunda
672 1180 134 32 anförts
830 1181 65 30 och
918 1180 44 31 då
986 1181 165 31 utskottet
1171 1181 77 32 icke
1271 1182 66 30 har
1359 1181 103 38 något
1486 1184 50 29 att
1557 1192 49 21 er-

103 1229 77 31 inra
202 1233 72 28 mot
294 1231 68 30 den
383 1240 41 21 av
448 1231 123 37 Kungl.
595 1231 102 36 Maj:t
717 1231 123 37 gjorda
862 1232 376 37 anslagsberäkningen
1259 1233 199 31 hemställer
1478 1235 131 29 utskot-

102 1279 55 57 tet,
1510 1323 4 5 oc
1552 1293 59 37 ad

458 1380 48 26 att
520 1375 184 37 riksdagen
719 1375 67 36 må,
805 1377 78 29 med
898 1376 99 31 bifall
1014 1377 50 30 till
1081 1377 122 36 Kungl.
1221 1377 119 37 Maj:ts
1355 1378 255 36 framställning

415 1425 65 30 och
500 1426 77 29 med
596 1426 119 36 avslag
732 1424 20 32 å
768 1426 219 31 motionerna
1006 1427 30 29 I:
1055 1427 58 30 161
1135 1427 65 30 och
1221 1427 45 30 II:
1283 1428 74 35 319,
1378 1427 231 37 likalydande,

416 1478 88 28 samt
521 1476 27 30 I:
568 1476 61 30 163
646 1476 66 30 och
731 1476 45 30 II:
794 1477 73 36 261,
887 1477 180 30 ävenledes
1086 1477 232 37 likalydande,
1335 1478 50 30 till
1401 1478 107 36 Lägre
1526 1478 85 30 lant-

417 1526 353 37 bruksundervisning
789 1537 45 20 m.
856 1537 60 20 m.:
938 1527 195 31 Understöd
1151 1528 35 30 åt
1207 1529 110 30 elever
1336 1528 56 31 vid
1413 1529 91 36 lägre
1523 1529 88 30 lant-

417 1576 540 38 bruksundervisningsanstalter
982 1588 45 21 m.
1051 1588 45 21 m.
1136 1578 57 31 för
1231 1578 201 37 budgetåret
1473 1575 138 42 1947/48

415 1627 120 31 anvisa
554 1631 46 27 ett
620 1627 269 39 förslagsanslag
910 1639 42 21 av
972 1630 63 30 800
1049 1630 64 30 000
1133 1629 139 31 kronor.

151 1786 90 39 44:0)
266 1786 111 37 Lägre
393 1787 441 38 lantbruksundervisning
854 1798 46 20 m.
918 1798 60 21 m.:
996 1789 129 37 Bidrag
1143 1789 53 31 till
1213 1790 326 36 byggnadsarbeten
1557 1790 58 31 vid

107 1836 91 30 vissa
218 1838 641 38 lantbruksundervisningsanstalter,
878 1840 359 36 reservationsanslag.
1262 1841 116 30 Under
1397 1841 155 36 punkten
1574 1842 41 29 44

108 1887 64 30 har
197 1887 122 37 Kungl.
346 1888 101 36 Maj:t
470 1888 176 36 föreslagit
668 1888 184 37 riksdagen
874 1892 49 28 att
946 1890 54 30 för
1024 1891 100 30 nästa
1145 1890 169 37 budgetår
1338 1891 56 30 för
1416 1891 198 31 ändamålet

112 1938 120 30 anvisa
255 1942 46 27 ett
328 1939 348 36 reservationsanslag
700 1949 43 21 av
768 1940 19 29 4
802 1941 62 29 000
879 1941 64 29 000
970 1940 129 32 kronor
1125 1942 235 31 innebärande
1383 1951 42 22 en
1452 1943 130 36 ökning
1606 1942 11 30 i

108 1987 222 32 förhållande
348 1989 49 30 till
419 1989 149 36 löpande
587 1989 169 37 budgetår
775 1991 80 30 med
877 1993 14 28 1
908 1991 64 30 400
986 1992 63 29 000
1070 1992 138 30 kronor.
1232 1991 90 32 Från
1342 1993 154 36 anslaget
1517 1993 97 30 skola

107 2039 134 31 utdelas
260 2039 123 37 bidrag
402 2039 48 31 till
471 2040 321 37 byggnadsarbeten
813 2042 56 31 vid
891 2042 230 38 lantmanna-,
1142 2042 255 38 lanthushålls-,
1418 2043 194 37 trädgårds-

110 2091 65 29 och
193 2091 351 36 fruktodlingsskolor
562 2095 87 27 samt
666 2092 221 36 jordbrukets
905 2094 229 36 yrkesskolor,

157 2140 15 30 I
199 2141 172 30 samband
395 2141 144 30 härmed
563 2142 66 30 har
653 2142 164 31 utskottet
840 2142 51 31 till
916 2143 211 36 behandling
1150 2143 154 31 förehaft
1328 2143 57 31 två
1410 2144 94 30 inom
1532 2144 86 30 riks-

111 2191 109 37 dagen
248 2192 134 35 väckta,
411 2191 49 31 till
478 2193 164 30 utskottet
661 2193 190 30 hänvisade
872 2193 220 37 likalydande
1110 2194 179 37 motioner,
1309 2195 173 36 nämligen
1504 2197 26 28 I:
1555 2196 60 30 100

112 2250 41 21 av
176 2241 81 30 herr
284 2241 173 31 Wahlund
481 2252 43 20 m.
550 2243 35 36 fl.
612 2244 63 28 och
704 2243 45 29 II:
779 2244 59 28 189
862 2252 41 21 av
929 2245 80 28 herr
1038 2244 107 37 Onsjö
1173 2255 43 19 m.
1243 2245 47 37 fl.,
1317 2246 72 29 vari
1414 2245 201 35 hemställts,

105 2282 55 38 att
180 2291 184 36 riksdagen
386 2291 105 31 måtte
510 2292 133 30 besluta
665 2295 48 27 att
736 2292 48 29 till
807 2293 121 35 bidrag
952 2292 50 31 till
1023 2293 321 36 byggnadsarbeten
1366 2294 57 30 vid
1444 2294 91 30 vissa
1554 2303 61 21 an-

112 2341 118 30 stalter
258 2341 93 29 inom
383 2342 65 29 den
477 2342 91 36 lägre
596 2342 477 37 lantbruksundervisningen
1100 2343 120 30 anvisa
1249 2347 46 27 ett
1328 2344 287 30 reservationsan-

114 2391 72 36 slag
206 2401 43 21 av
270 2392 20 30 8
304 2391 63 31 000
381 2393 62 29 000
463 2392 138 31 kronor.

154 2456 111 32 Bihang
277 2457 40 24 till
329 2457 166 32 riksdagens
508 2457 144 32 protokoll
665 2459 74 23 1947.
762 2458 32 24 10
805 2458 79 25 saml.
905 2458 41 25 Nr
959 2460 21 23 1.
1565 2457 16 25 3
