2314 2749
520 211 18 27 4
671 208 115 30 Första
811 208 209 29 Kammarens
1046 204 174 37 Tillfälliga
1250 202 134 31 Utskotts
1411 202 56 29 N:o
1491 203 17 27 1
1533 199 206 31 Betänkande
1762 200 56 29 N:o
1843 198 48 30 10.

617 298 115 49 Ingen
773 297 101 36 lärer
912 297 119 47 påstå,
1061 298 55 33 att
1152 293 2 36 i
1184 290 205 39 medfödda
1415 289 264 37 intellektuela
1693 286 306 50 förmögenheter
2016 284 63 36 det

480 351 161 37 svenska
673 349 120 36 folket
826 351 77 33 står
932 346 95 38 efter
1056 349 116 44 något
1201 350 122 30 annat.
1376 343 74 36 Det
1477 342 72 35 kan
1579 341 60 35 väl
1669 340 46 35 då
1745 339 134 36 endast
1907 350 90 23 vara
2025 342 54 30 att

480 401 205 38 tillskrifva
719 401 67 49 för
813 400 99 36 tiden
941 398 205 49 olämpliga
1187 395 257 46 anordningar
1471 392 64 37 vid
1564 392 110 36 civila
1702 391 252 36 embetsmäns
1984 387 96 37 bild-

481 455 92 48 ning
614 454 92 36 eller
745 452 242 47 tillsättning,
1029 462 60 24 om
1132 448 108 36 dessa
1284 460 50 23 nu
1375 446 81 36 icke
1495 457 69 36 ega
1593 443 44 37 de
1666 442 214 48 kunskaper
1908 440 70 37 och
2009 440 72 35 den

482 505 239 49 skicklighet,
763 517 79 23 som
885 501 281 50 grannfolkens,
1209 500 93 36 eller
1342 511 79 23 som
1463 500 90 33 våra
1594 508 96 35 egna
1726 494 93 48 egde
1859 517 49 4 —
1932 487 151 57 jemlikt

483 558 124 48 gamla
648 556 245 48 handlingars
934 551 240 39 vittnesbörd
1214 571 48 3 —
1289 549 189 37 intilldess
1519 547 189 48 följderna
1735 547 96 35 visat
1858 545 57 48 sig
1944 542 39 37 af
2008 543 72 35 den

481 609 176 52 ytlighet,
685 621 81 23 som
794 606 189 45 inträdde,
1008 606 118 47 jemte
1154 603 211 46 lättsinnet,
1394 602 9 35 i
1433 601 117 36 slutet
1578 598 39 37 af
1642 598 64 37 det
1733 598 91 36 sista
1850 597 130 36 seklet.

618 660 54 37 De
701 660 150 44 brister,
880 658 129 36 hvilka
1038 658 111 46 länge
1178 653 209 51 uppgifvits
1416 652 40 37 af
1481 652 45 36 de
1548 664 103 23 mera
1676 649 146 37 erfarne
1844 649 92 36 eller
1955 648 127 47 skarp-

484 720 121 45 synte,
640 712 68 36 och
738 711 128 37 hvilka
894 723 51 23 nu
972 708 110 37 torde
1112 721 103 22 mera
1243 707 157 35 allmänt
1428 704 195 44 erkännas,
1652 715 112 37 synas
1794 714 105 23 vara:
1930 706 48 29 att
2009 698 73 37 den

482 765 208 38 teoretiska
719 763 69 35 och
819 762 195 48 praktiska
1042 759 223 46 bildningen
1296 757 178 46 vanligen
1505 756 82 35 icke
1604 755 93 35 eller
1712 753 128 36 alltför
1856 753 86 35 kort
1957 751 125 36 samti-

486 816 82 50 digt
595 814 141 48 fortgå;
766 820 51 28 att
845 813 81 35 icke
955 810 99 37 hvad
1083 823 85 22 man
1198 810 130 47 plägar
1357 807 99 35 kalla
1484 819 46 23 en
1564 804 274 36 administrativ
1863 803 220 47 gradpasse-

486 869 83 48 ring
597 880 89 35 eger
713 878 104 32 rum;
845 870 97 31 samt
970 869 52 30 att
1050 867 174 31 ansvaret
1251 859 58 37 för
1337 857 313 48 befordringarne
1678 854 140 46 blifvit,
1848 868 59 22 om
1937 854 81 36 icke
2034 853 50 36 le-

485 921 90 47 galt,
618 918 96 36 dock
741 916 168 44 faktiskt,
951 927 137 35 genom
1121 911 234 38 förlamande
1392 910 69 35 och
1490 908 160 37 delande
1680 906 40 37 af
1743 905 195 37 chefernes
1967 905 117 43 makt,

486 975 40 33 så
567 968 204 51 splittradt,
814 973 55 30 att
902 968 114 47 ingen
1051 977 157 24 numera
1248 964 201 47 knappast,
1489 960 87 36 med
1617 959 170 43 rättvisa,
1816 958 72 35 kan
1916 956 169 37 hvarken

488 1022 122 37 tadlas
639 1021 93 36 eller
758 1020 213 35 berömmas
1000 1016 57 37 för
1085 1029 46 23 en
1159 1014 120 38 skedd
1307 1012 216 38 befordran.

619 1071 130 37 Redan
764 1071 12 35 i
793 1070 89 37 1811
899 1069 63 36 års
976 1067 131 38 komité
1119 1067 57 36 för
1191 1064 393 50 tjensteregleringen,
1598 1061 153 49 yttrade
1770 1060 103 37 Hans
1886 1059 197 36 Excellens

489 1124 136 39 Grefve
660 1123 265 46 Liljenerantz:
977 1120 73 36 »Då
1078 1132 46 24 en
1153 1130 127 24 ensam
1310 1117 247 42 embetsman,
1586 1127 81 23 som
1695 1114 68 35 har
1792 1118 54 30 att
1873 1112 107 36 sköta
2007 1111 79 47 vig-

488 1177 79 48 tiga
601 1173 177 44 ärenden,
809 1180 40 28 är
877 1172 57 36 för
962 1173 83 34 sina
1073 1170 170 49 göromål
1272 1168 159 35 likasom
1461 1165 113 37 ställd
1603 1169 47 45 på
1667 1164 273 37 allmänhetens
1956 1162 130 36 skåde-

490 1229 108 48 plats,
628 1225 193 37 utkräfves
849 1224 79 36 helt
957 1221 237 38 annorlunda
1223 1219 190 44 omtanka,
1443 1217 91 37 drift
1563 1218 68 35 och
1661 1214 236 38 bemödande
1927 1220 55 30 att
2001 1213 86 36 full-

488 1286 93 41 göra
623 1277 84 36 dess
750 1277 150 47 pligter,
930 1282 47 28 än
1006 1274 46 35 då
1081 1274 73 35 han
1182 1273 10 34 i
1222 1277 54 30 ett
1304 1270 208 47 kollegium
1542 1269 92 35 eller
1663 1273 54 29 ett
1744 1273 119 29 större
1893 1272 193 40 samqväm

489 1330 68 36 har
584 1327 148 38 tillfälle
763 1335 55 28 att
845 1327 68 35 lita
941 1329 47 45 på
1017 1324 129 44 andra,
1175 1324 92 35 eller
1295 1328 56 29 att
1379 1321 101 47 dölja
1507 1321 58 35 sin
1594 1318 209 47 maklighet
1828 1318 92 35 eller
1940 1316 148 36 känslo-

489 1381 123 36 löshet
652 1379 86 36 med
779 1377 108 37 bifall
927 1377 58 36 till
1018 1380 124 43 någon
1177 1386 140 25 annans
1347 1374 162 45 mening.
1563 1371 163 36 Hvarest
1754 1367 110 38 straff
1889 1368 69 35 och
1986 1367 102 36 belö-

490 1433 134 47 ningar
666 1438 40 28 är
746 1429 203 48 rätteligen
990 1424 341 50 sammanpassade,
1366 1425 92 34 eller
1487 1422 66 36 der
1582 1421 115 50 dygd,
1725 1420 190 46 redlighet
1943 1419 69 36 och
2043 1430 46 23 en

491 1481 223 39 rättskaffad
756 1481 212 49 patriotism
998 1478 149 43 hedras,
1176 1490 85 23 men
1304 1475 173 36 deremot
1518 1478 218 44 egennytta,
1779 1471 207 48 maklighet
2020 1469 68 36 och

491 1534 238 37 vårdslöshet
757 1532 192 36 utmärkas
978 1530 86 36 med
1093 1529 182 36 föraktets
1304 1527 172 45 stämpel,
1507 1526 132 35 saknas
1669 1523 123 46 aldrig
1820 1523 195 45 skicklige,
2037 1520 53 35 ni-

491 1587 98 36 tiske
619 1585 68 36 och
722 1584 270 36 arbetssamme
1034 1581 252 37 embetsmän»
1327 1575 100 51 (pag.
1459 1577 69 36 709
1559 1575 40 37 af
1626 1575 246 36 1817—1818
1901 1573 87 43 bih.,
2006 1571 83 37 8:de

494 1634 138 48 delen.)

627 1687 16 35 I
670 1687 102 37 1822
800 1686 63 35 års
879 1684 130 37 komité
1023 1682 194 49 angående
1234 1679 307 50 styrelseverken
1556 1676 151 51 yttrade
1725 1677 43 34 A.
1784 1688 68 23 von
1869 1674 223 36 Hartmans-

495 1739 111 48 dorf:
648 1745 50 28 att
739 1738 311 36 embetsmännen
1083 1747 91 23 voro
1223 1732 75 36 »för
1339 1732 83 35 litet
1464 1729 167 46 kunniga
1672 1728 71 35 och
1779 1724 311 51 uppmuntrade»;

522 1820 7 7 .
559 1792 84 42 454,
678 1789 71 36 del.
781 1788 56 44 IL;
871 1794 51 29 att
949 1788 29 34 »i
1005 1786 153 47 Norige,
1187 1785 143 34 hvarest
1358 1781 242 37 universitetet
1627 1783 43 31 är
1697 1779 13 35 1
1737 1777 286 50 hufvudstaden,
2052 1783 41 28 är

495 1840 107 39 alltid
631 1843 123 45 någon
784 1838 39 37 af
846 1838 144 48 Högsta
1017 1837 155 36 Rättens
1201 1834 209 37 ledamöter
1437 1829 234 39 närvarande
1700 1829 62 36 vid
1798 1829 110 36 civila
1932 1827 160 37 embets-

495 1892 191 38 examina»
713 1911 48 4 —
789 1910 47 3 —
855 1888 424 49 »regeringsadvokater
1298 1885 219 36 examinera
1532 1883 118 47 jemte
1671 1880 295 49 professorerne.
2021 1877 71 36 Når

495 1950 66 43 got
601 1942 177 37 liknande
822 1941 98 36 hvad
949 1954 81 23 som
1058 1940 68 35 här
1154 1937 117 37 redan
1299 1935 124 48 gällde
1453 1934 64 36 vid
1546 1933 46 36 de
1620 1932 285 47 vetenskapliga
1934 1925 159 57 militär-

496 1996 93 36 eller
628 1994 189 47 ingeniör-
860 1992 68 36 och
971 1990 397 47 artilleri-korpserna,
1404 1991 53 31 att
1498 1998 85 23 man
1611 1984 61 35 väl
1700 1984 73 35 kan
1801 1982 150 36 inträda
1979 1981 10 34 i
2020 1979 73 37 den

494 2049 122 46 lägsta
644 2044 142 49 graden
816 2049 91 31 utan
937 2047 124 43 någon
1090 2054 121 23 annan
1240 2048 47 27 än
1316 2039 73 35 den
1406 2038 185 35 allmänna
1615 2034 375 46 militärbildningen,
2008 2044 86 23 men

498 2105 54 29 att
585 2110 98 30 man,
716 2095 58 37 för
803 2101 55 30 att
884 2095 152 35 komma
1064 2094 59 34 till
1151 2093 115 46 högre
1295 2091 128 46 tjenst,
1452 2091 132 40 måste,
1614 2085 211 37 merendels
1853 2084 92 36 flera
1973 2087 41 32 år
2041 2081 54 37 ef-

497 2156 58 30 ter
596 2151 191 45 utgången
829 2146 82 36 från
947 2143 350 49 Krigsakademien,
1338 2147 86 42 taga
1466 2152 46 24 en
1553 2139 115 47 högre
1698 2137 305 35 militärexamen
2032 2133 64 36 vid

497 2199 133 49 sjelfva
670 2199 208 48 korpserna
904 2218 50 5 —
980 2195 110 37 torde
1132 2193 85 37 med
1258 2192 104 36 tiden
1403 2191 110 36 äfven
1552 2191 93 35 böra
1672 2187 139 38 införas
1842 2188 10 35 i
1881 2186 147 36 civilen.
2080 2184 16 36 I

498 2252 185 35 Preussen
716 2251 84 35 sker
817 2249 62 35 det
895 2248 129 36 redan.
1079 2246 320 35 Embetsmånnen
1418 2243 66 34 der
1501 2245 118 32 måste
1636 2246 106 30 utom
1758 2237 335 37 inträdesexamen

501 2302 166 47 undergå
699 2303 81 34 2:ne
809 2300 116 47 högre
955 2296 350 43 embets-examina,
1336 2293 134 37 hvaraf
1484 2292 72 37 den
1573 2292 88 36 sista
1673 2290 176 47 vanligen
1867 2294 105 42 tages
1994 2289 22 33 4
2036 2286 55 36 till
