1868 2770
426 138 404 41 Bevillningsutskottets
852 136 218 31 betänkande
1090 144 42 21 nr
1152 135 42 29 55
1213 134 39 29 år
1274 133 84 30 1964
1617 132 18 31 5

646 218 115 32 1962/63
818 217 114 31 1963/64
981 216 113 31 1964/65
1142 213 116 32 1965/66
1306 212 114 31 1966/67
1477 211 115 31 1967/68

149 254 102 44 Övrig
279 258 93 32 skatt
392 258 18 30 å
437 258 156 32 inkomst,

191 303 230 39 förmögenhet
454 302 61 30 och
542 303 50 28 rö-

192 348 82 30 relse
289 368 295 9 .........cooc
553 342 35 45 re
693 344 64 31 379
861 343 59 30 411
1027 341 59 30 411
1193 339 64 30 423
1359 337 64 31 435
1526 336 63 30 447

149 386 415 46 Automobilskattemedel
664 388 94 31 1587
831 387 94 31 1810
997 386 95 30 1920
1161 384 98 31 2030
1327 383 98 30 2140
1493 380 97 32 2115

146 437 113 30 Tullar
277 437 61 29 och
355 436 121 31 acciser
516 458 72 6 ....
663 433 97 31 7546
831 432 97 31 8224
996 430 96 31 8529
1162 427 96 33 8865
1328 427 97 31 9200
1494 425 96 32 9485

147 482 166 39 Uppbörd
329 481 11 30 i
357 483 126 29 statens
500 479 95 30 verk-

192 526 130 30 samhet
336 547 249 8 ............
694 523 63 30 286
861 521 63 31 300
1027 520 64 30 484
1193 518 64 31 630
1360 515 63 32 600
1526 514 63 32 550

147 571 137 29 Diverse
301 570 182 30 inkomster
517 592 71 6 ....
696 567 64 31 335
863 566 64 30 414
1028 564 64 30 409
1195 562 64 31 418
1361 561 63 30 427
1527 559 63 31 436

149 615 134 31 Statens
320 613 274 32 affärsverksfon-

192 660 57 29 der
293 681 293 8 o....socr-oc
556 653 35 45 >.
695 656 64 30 402
863 654 62 31 417
1028 653 63 31 483
1195 651 63 30 543
1361 649 63 31 593
1526 649 63 30 643

148 699 122 44 Övriga
288 703 247 40 kapitalfonder
559 725 27 6 ..
695 700 63 31 687
863 700 63 30 724
1028 697 62 31 757
1195 695 63 31 775
1361 694 64 31 798
1527 693 59 30 821

457 765 134 30 Summa
639 764 118 29 11222
807 763 117 29 12300
973 761 117 29 12993
1139 759 118 30 13684
1306 758 118 29 14193
1472 756 118 29 14497

193 844 245 39 Beräkningen
455 843 126 39 bygger
598 842 44 40 på
660 840 221 41 antaganden
899 849 57 21 om
973 848 42 21 en
1033 838 141 30 fortsatt
1191 836 132 40 ökning
1340 844 42 21 av
1399 834 235 39 nationalpro-

151 889 133 30 dukten
300 889 65 29 och
380 888 78 29 dess
474 887 253 39 komponenter
743 886 10 29 i
769 884 149 40 ungefär
933 892 135 21 samma
1083 882 76 29 takt
1176 890 75 22 som
1267 880 124 30 hittills
1408 878 227 41 genomsnitt-

150 934 62 39 ligt
232 933 111 29 under
361 931 284 40 efterkrigstiden
663 930 58 30 vid
740 931 11 29 i
771 931 87 28 stort
878 930 66 28 sett
964 927 101 30 stabil
1085 925 166 41 prisnivå.
1270 925 68 29 För
1355 924 94 29 vissa
1467 923 96 30 titlar
1582 922 53 30 så-

151 986 74 21 som
248 977 130 30 allmän
400 976 194 34 varuskatt,
616 974 179 31 tullmedel
818 974 65 29 och
904 973 11 29 i
936 972 70 30 viss
1030 971 81 30 mån
1133 971 87 29 även
1244 967 391 32 affärsverksfonderna

150 1022 71 29 kan
236 1030 123 31 genom
375 1021 57 30 det
446 1021 86 29 nära
548 1019 205 30 sambandet
767 1018 129 30 mellan
910 1017 154 30 intäkter
1079 1015 65 30 och
1159 1015 66 29 den
1241 1013 149 40 löpande
1405 1012 230 30 ekonomiska

150 1066 246 39 utvecklingen
418 1064 106 30 också
546 1064 165 39 tämligen
734 1062 76 30 små
833 1061 245 39 förändringar
1100 1060 10 29 i
1134 1057 341 40 utvecklingstakten
1498 1056 55 30 för
1575 1065 59 20 na-

150 1110 310 39 tionalprodukten
480 1109 64 30 och
565 1108 77 30 dess
662 1108 254 38 komponenter
935 1113 40 32 ge
994 1105 114 38 utslag
1128 1105 10 28 i
1158 1103 211 30 intäkterna.
1390 1101 79 30 Helt
1489 1101 145 29 allmänt

149 1155 63 30 bör
230 1155 178 29 dessutom
426 1152 264 40 understrykas,
709 1153 50 28 att
778 1151 66 30 den
862 1150 159 30 absoluta
1039 1148 105 30 nivån
1162 1148 64 30 hos
1245 1147 41 30 de
1304 1146 198 30 beräknade
1519 1145 115 39 belop-

150 1209 67 30 pen
242 1199 54 30 för
320 1199 40 30 de
385 1198 93 30 olika
502 1196 301 31 inkomsttitlarna
827 1195 38 29 är
889 1193 145 31 baserad
1059 1193 43 39 på
1127 1192 57 30 det
1207 1190 199 31 beräknade
1430 1189 139 30 utfallet
1593 1198 42 21 av

150 1243 245 31 motsvarande
415 1242 194 30 inkomster
629 1240 111 30 under
759 1239 214 40 budgetåren
996 1236 150 36 1963/64
1165 1237 65 31 och
1252 1235 160 35 1964/65.
1433 1234 13 30 I
1467 1234 65 30 den
1552 1234 82 29 mån

151 1289 116 29 denna
293 1286 264 41 utgångspunkt
584 1285 54 30 för
664 1284 283 39 beräkningarna
972 1282 206 39 förskjutes,
1205 1280 111 30 måste
1343 1279 143 40 givetvis
1513 1278 121 30 beräk-

150 1333 173 39 ningarna
341 1332 54 29 för
412 1330 214 40 budgetåren
648 1326 348 39 1965/66—1967/68
1015 1326 185 30 revideras.

266 1456 418 46 Departementschefens
700 1455 198 44 beräkning
913 1466 45 21 av
973 1453 42 33 de
1030 1452 175 34 särskilda
1220 1451 305 34 inkomsttitlarna

192 1562 225 30 Härutinnan
435 1561 64 30 har
520 1558 385 42 departementschefen
924 1558 11 29 i
956 1555 458 41 statsverkspropositionen
1433 1554 117 30 anfört
1572 1553 64 30 föl-

148 1616 117 40 jande.

194 1678 12 29 I
228 1677 152 39 enlighet
399 1676 80 30 med
501 1675 159 40 gällande
682 1674 153 41 grunder
856 1673 72 34 bör,
951 1681 74 21 som
1046 1672 59 39 jag
1126 1671 147 39 tidigare
1295 1669 204 34 framhållit,
1522 1669 109 29 under

147 1730 206 40 budgetåret
389 1729 146 32 1964/65
574 1727 199 40 avsättning
798 1727 61 30 ske
883 1726 52 30 till
959 1723 483 42 budgetutjämningsfonden
1470 1732 42 20 av
1536 1723 96 28 kom-

148 1782 365 32 munalskattemedel.
542 1782 50 30 De
618 1782 136 29 avsatta
781 1780 139 30 medlen
948 1779 62 30 bör
1037 1777 237 31 särredovisas
1302 1776 45 40 på
1374 1775 258 40 budgetutjäm-

150 1837 246 39 ningsfonden.
415 1835 25 30 Å
460 1836 110 29 andra
588 1835 100 29 sidan
707 1834 63 29 bör
789 1833 107 39 enligt
915 1841 135 22 samma
1068 1831 152 39 grunder
1239 1829 192 39 återföring
1449 1828 80 30 från
1548 1828 85 30 bud-

150 1888 411 41 getutjämningsfonden
585 1888 59 29 ske
669 1896 42 20 av
733 1886 148 39 tidigare
904 1886 135 29 avsatta
1062 1884 122 29 medel.
1209 1882 139 31 Utifrån
1374 1882 259 30 riksrevisions-

149 1943 138 29 verkets
307 1942 129 39 förslag
454 1942 65 29 och
539 1941 78 29 med
637 1939 196 31 beaktande
851 1938 130 40 jämväl
1002 1947 41 20 av
1063 1937 196 39 föreslagen
1280 1935 148 39 ändring
1448 1944 41 21 av
1509 1935 124 39 regler-

149 2005 46 20 na
220 1996 54 29 för
300 1993 425 40 inkomstbeskattningen
751 1991 238 31 innebärande
1015 1993 50 27 att
1089 1990 115 30 rätten
1230 1989 51 30 till
1309 1988 128 41 avdrag
1464 1988 55 30 för
1545 1987 88 30 folk-

150 2048 322 40 pensionsavgiften
495 2048 125 38 slopas,
642 2047 70 29 kan
735 2046 103 30 dessa
859 2044 240 39 avsättningar
1120 2044 65 29 och
1207 2042 232 39 återföringar
1460 2041 174 30 beräknas

151 2102 170 30 resultera
338 2102 11 28 i
369 2110 42 21 en
432 2099 289 39 nettoåterföring
741 2108 43 21 av
802 2108 41 20 ca
862 2097 63 32 350
945 2097 88 39 milj.
1054 2097 51 29 kr.

195 2155 13 29 I
226 2156 57 29 det
303 2153 208 40 föregående
529 2154 64 29 har
612 2153 59 39 jag
691 2152 175 29 meddelat
884 2151 73 29 min
977 2150 114 30 avsikt
1113 2151 50 28 att
1185 2158 121 21 senare
1326 2148 115 29 denna
1460 2148 65 38 dag
1546 2147 88 30 före-

151 2208 51 30 slå
235 2208 71 29 viss
341 2207 149 38 ändring
513 2215 41 20 av
577 2206 158 39 reglerna
759 2205 55 29 för
836 2203 428 38 inkomstbeskattningen
1289 2201 78 29 med
1391 2200 169 30 innebörd
1584 2202 50 27 att

151 2262 113 28 rätten
285 2260 51 28 till
358 2260 129 38 avdrag
508 2259 54 29 för
582 2256 398 41 folkpensionsavgiften
1002 2256 115 38 slopas
1139 2255 42 29 fr.
1203 2263 29 21 o.
1255 2263 45 20 m.
1323 2254 66 29 den
1413 2254 14 28 1
1450 2253 65 39 juli
1540 2252 93 30 1964.

151 2314 103 28 Detta
274 2313 70 28 kan
363 2312 174 29 beräknas
557 2310 159 30 medföra
735 2319 42 20 en
799 2309 132 40 ökning
951 2308 44 40 på
1015 2306 376 31 inkomstskattetiteln
1412 2306 79 29 med
1512 2315 40 20 ca
1571 2305 62 30 350

151 2366 87 38 milj.
260 2366 50 28 kr.
333 2364 157 32 1964/65.
512 2365 80 29 Som
612 2363 147 39 tidigare
781 2361 135 31 anförts
937 2370 98 21 avser
1054 2361 60 39 jag
1133 2360 119 29 vidare
1273 2358 128 30 föreslå
1421 2360 49 28 att
1493 2358 141 30 särskilt

151 2417 363 40 investeringsavdrag
535 2416 56 30 vid
613 2417 66 29 den
701 2416 141 38 statliga
863 2414 200 39 taxeringen
1084 2413 58 30 må
1163 2412 178 39 medgivas
1364 2411 54 30 för
1439 2411 196 30 industrins

153 2471 252 39 investeringar
427 2470 9 30 i
460 2470 178 29 maskiner
661 2469 64 30 och
749 2468 213 30 inventarier
987 2467 111 30 under
1124 2466 93 30 1964.
1243 2466 102 29 Detta
1369 2465 68 29 kan
1462 2465 173 29 beräknas

153 2524 158 30 medföra
333 2526 47 28 ett
404 2523 256 30 skattebortfall
684 2532 41 20 av
746 2531 41 20 ca
812 2522 60 29 100
895 2521 87 37 milj.
1006 2521 51 29 kr.
1082 2519 77 30 Med
1185 2519 187 37 anledning
1396 2519 107 28 härav
1526 2517 109 30 föror-

187 2595 28 26 +
259 2593 110 31 Bihang
390 2593 46 24 till
455 2592 168 30 riksdagens
641 2592 147 31 protokoll
809 2592 74 24 1964.
902 2592 14 24 7
936 2591 82 24 saml.
1032 2590 39 23 Nr
1087 2593 31 21 55
