1916 2836
333 154 19 30 8
711 154 318 33 Bankoutskottets
1053 155 187 32 utlåtande
1264 156 52 33 Nr
1340 157 52 30 29.

968 402 58 39 Nr
1054 402 63 41 29,

773 511 115 24 Ankom
907 511 44 24 till
969 512 164 31 riksdagens
1153 512 90 24 kansli
1264 512 53 24 den
1340 513 31 23 19
1392 519 74 17 mars
1487 513 67 24 1935
1574 513 36 24 kl.
1634 514 29 23 10
1683 514 17 23 f.
1721 520 37 17 m.

392 594 203 37 Utlåtande,
634 597 13 30 i
682 595 196 38 anledning
915 606 44 22 av
996 596 247 38 fullmäktiges
1269 599 13 30 i
1307 597 347 38 riksgäldskontoret
1681 598 109 37 fram-

588 647 172 38 ställning
790 658 56 22 om
877 650 149 35 pension
1054 648 39 32 åt
1121 648 352 39 riksbyggnadernas
1502 650 159 31 arkitekt
1690 649 101 32 Aron

585 699 213 33 Johansson.

329 802 20 31 I
374 802 169 31 skrivelse
571 802 58 31 till
653 802 293 32 bankoutskottet
971 804 67 31 den
1062 805 18 30 7
1108 804 160 31 februari
1295 804 78 31 1935
1400 804 96 31 hava
1523 804 229 36 fullmäktige
1778 804 11 30 i

288 853 347 37 riksgäldskontoret
670 855 192 37 hemställt,
902 856 53 30 att
993 855 173 31 utskottet
1202 856 85 31 ville
1315 856 133 31 föreslå
1475 856 195 37 riksdagen
1697 856 93 31 med-

289 905 95 37 giva,
404 907 52 30 att
476 906 204 31 arkitekten
700 907 99 31 Aron
820 907 204 31 Johansson
1044 909 56 30 må
1125 908 83 30 från
1229 908 66 31 och
1313 908 82 32 med
1415 908 67 32 den
1501 908 18 30 1
1540 907 68 37 juli
1629 908 77 31 1935
1727 918 62 21 un-

290 958 62 31 der
380 958 56 31 sin
462 959 224 31 återstående
713 958 126 32 livstid
864 959 145 37 åtnjuta
1034 960 51 30 ett
1111 959 110 37 årligt
1248 960 196 32 understöd
1470 970 46 21 av
1543 960 89 36 3,000
1659 960 130 31 kronor

289 1011 56 30 att
365 1011 87 35 utgå
474 1010 83 31 från
579 1010 162 37 anslaget
762 1010 57 31 till
842 1011 193 36 riksdagen
1058 1012 65 30 och
1144 1012 79 31 dess
1245 1012 88 31 verk
1353 1022 45 21 m.
1422 1022 44 21 m.

328 1061 71 31 Till
423 1063 77 31 stöd
525 1062 125 31 härför
674 1062 94 32 hava
794 1062 230 38 fullmäktige
1049 1063 132 37 anfört,
1208 1064 54 30 att
1289 1063 203 32 Johansson
1517 1063 214 37 visserligen
1756 1063 32 36 ej

288 1112 168 33 innehaft
480 1115 119 35 någon
624 1114 146 32 avtalad
795 1114 223 37 anställning
1045 1115 12 30 i
1083 1114 211 37 riksdagens
1320 1114 114 37 tjänst
1459 1125 81 21 men
1566 1115 89 31 dock
1680 1118 109 33 ägnat

288 1174 45 22 en
354 1166 73 31 stor
449 1166 57 31 del
529 1176 46 21 av
599 1166 63 31 sitt
686 1166 50 31 liv
758 1167 38 30 åt
817 1166 122 31 arbete
963 1167 55 30 för
1042 1167 136 31 statens
1200 1166 157 37 räkning
1381 1175 126 28 genom
1530 1167 57 31 sin
1610 1167 179 31 verksam-

288 1217 60 31 het
372 1218 111 31 under
505 1219 87 29 åren
615 1218 197 31 1890—1906
832 1218 81 31 med
935 1218 240 36 uppförandet
1195 1228 46 21 av
1261 1218 338 37 riksbyggnaderna
1621 1220 21 30 å
1663 1219 126 36 Helge-

288 1269 234 32 andsholmen
546 1270 66 31 och
637 1270 112 31 under
775 1269 100 32 tiden
901 1270 167 37 därefter,
1092 1270 47 31 då
1164 1270 72 30 han
1262 1270 119 31 städse
1407 1271 80 31 med
1512 1271 133 31 största
1671 1271 118 31 bered-

287 1320 168 37 villighet
491 1321 102 31 ställt
630 1321 54 37 sig
720 1321 57 31 till
814 1321 212 37 förfogande
1055 1322 116 30 såsom
1198 1321 222 37 sakkunnigt
1448 1322 139 32 biträde
1615 1322 63 32 vid
1704 1332 85 27 upp-

287 1373 132 31 komna
439 1374 122 35 frågor
581 1383 58 21 om
657 1373 257 36 förändringar
934 1373 228 32 beträffande
1183 1373 280 36 riksdagshuset.
1483 1374 167 31 Rörande
1674 1375 116 31 denna

287 1425 237 37 verksamhet,
546 1425 181 31 varunder
751 1425 204 31 Johansson
978 1425 152 36 åtnjutit
1151 1425 147 31 relativt
1322 1425 162 37 blygsam
1509 1425 202 37 ersättning
1734 1426 55 30 för

288 1477 65 31 sitt
377 1476 128 38 arbete,
529 1476 198 32 hänvisade
753 1476 229 37 fullmäktige
1006 1477 58 31 till
1088 1477 62 31 vid
1174 1477 198 31 skrivelsen
1397 1477 127 37 fogade
1550 1478 75 30 dels
1652 1477 141 36 styrkta

288 1528 197 32 avskrifter
515 1539 46 21 av
590 1530 62 30 två
680 1529 178 31 särskilda
887 1539 45 20 av
959 1528 203 32 Johansson
1189 1530 214 31 avlämnade
1431 1530 256 36 promemorior
1714 1529 80 31 med

287 1580 223 36 redogörelse
536 1581 13 30 i
577 1582 120 30 ämnet
725 1581 74 31 dels
827 1581 65 31 ock
919 1580 97 31 inom
1042 1580 347 37 riksgäldskontoret
1418 1582 196 35 upprättad
1643 1581 150 32 förteck-

288 1632 89 37 ning
405 1634 82 29 över
512 1632 203 31 Johansson
738 1632 207 32 meddelade
969 1632 164 37 uppdrag
1157 1632 113 32 under
1296 1633 99 31 tiden
1420 1633 208 32 1905—1934.

328 1683 242 37 Fullmäktige
598 1683 193 32 framhålla
816 1684 136 36 vidare,
977 1685 55 30 att
1056 1684 221 31 Johanssons
1303 1685 396 36 förvärvsmöjligheter
1727 1695 62 21 nu-

288 1745 99 22 mera
412 1738 47 34 på
483 1736 119 36 grund
626 1746 45 21 av
694 1736 89 31 hans
810 1736 94 36 höga
929 1735 249 32 levnadsålder
1202 1755 40 4 —
1267 1736 73 31 han
1367 1736 112 36 fyllde
1504 1737 114 31 under
1643 1736 145 37 januari

288 1787 79 32 1935
394 1788 37 31 75
458 1789 40 30 år
524 1807 41 4 —
592 1788 65 31 och
684 1787 113 37 enligt
824 1788 140 36 bifogat
992 1787 210 37 läkarintyg
1231 1788 140 31 mindre
1401 1788 92 36 goda
1521 1788 267 32 hälsotillstånd

286 1849 86 21 vore
395 1839 231 37 synnerligen
650 1839 230 37 begränsade.
922 1839 81 32 Med
1025 1839 142 37 hänsyn
1188 1839 125 31 härtill
1336 1841 121 35 syntes
1478 1840 61 31 det
1561 1840 228 37 fullmäktige

287 1891 182 37 önskvärt,
494 1892 53 30 att
574 1891 192 37 riksdagen
792 1892 117 30 såsom
933 1892 50 30 ett
1009 1891 229 32 erkännande
1265 1891 56 31 för
1345 1890 221 33 Johanssons
1590 1891 110 37 långa
1725 1891 64 32 och

287 1942 268 36 förtjänstfulla
580 1943 119 31 arbete
723 1944 112 30 måtte
860 1942 222 32 ekonomiskt
1106 1943 151 36 bidraga
1282 1943 58 30 till
1363 1944 54 30 att
1440 1943 129 32 bereda
1593 1943 129 32 honom
1746 1952 43 21 en

287 1996 158 35 tryggad
469 1994 156 32 existens
650 1995 112 31 under
787 1994 91 33 hans
904 1995 225 31 återstående
1155 1995 134 31 livstid.
1334 1995 108 31 Detta
1468 1996 121 35 syntes
1614 1996 86 31 böra
1728 1995 60 30 ske

287 2055 128 27 genom
440 2047 53 30 att
518 2046 220 31 tillerkänna
761 2046 129 32 honom
913 2048 50 29 ett
989 2046 111 36 årligt
1124 2047 208 35 understöd;
1359 2047 64 31 och
1448 2047 85 31 ville
1560 2036 228 47 fullmäktige

287 2099 117 31 såsom
428 2098 133 37 skäligt
584 2098 145 31 förorda
753 2099 50 30 ett
827 2098 125 37 belopp
976 2108 45 21 av
1047 2098 87 36 3,000
1159 2098 139 31 kronor.

328 2150 73 32 Vid
428 2150 246 37 fullmäktiges
700 2150 173 32 skrivelse
901 2152 40 29 är
969 2150 100 36 fogat
1097 2151 131 35 utdrag
1255 2160 46 21 av
1329 2150 176 37 protokoll
1537 2150 60 33 vid
1626 2150 166 32 fullmäk-

287 2202 93 36 tiges
418 2202 278 31 sammankomst
732 2202 69 31 den
840 2202 39 31 20
909 2202 179 31 december
1116 2202 86 36 1934,
1230 2202 191 32 utvisande
1450 2203 53 30 att
1533 2202 254 38 fullmäktigen

286 2253 190 37 Lindqvist
495 2254 63 31 vid
577 2254 164 31 ärendets
761 2253 227 37 behandling,
1010 2253 63 32 hos
1094 2253 227 37 fullmäktige
1341 2254 134 31 uttalat
1493 2255 115 30 såsom
1627 2254 57 32 sin
1703 2264 84 27 upp-

287 2305 172 37 fattning,
480 2307 55 29 att
557 2305 271 37 framställning
852 2315 57 21 om
929 2305 148 36 pension
1100 2306 37 30 åt
1158 2305 203 31 Johansson
1384 2306 76 31 icke
1483 2306 107 31 borde
1612 2309 114 33 göras.

328 2358 58 31 Av
405 2357 244 32 ovanberörda
667 2357 256 37 promemorior
942 2358 64 30 och
1027 2357 236 37 förteckning,
1285 2357 98 32 vilka
1401 2358 66 31 här
1486 2358 193 35 uteslutits,
1699 2360 94 29 samt

286 2420 47 21 av
352 2410 74 31 viss
445 2419 46 22 av
511 2409 173 32 utskottet
705 2409 82 31 från
807 2408 345 37 riksgäldskontoret
1172 2409 246 32 införskaffad
1437 2410 214 37 ytterligare
1674 2410 117 32 utred-

287 2462 89 36 ning
393 2461 171 37 framgår,
583 2464 53 29 att
653 2461 201 31 Johansson
871 2460 110 32 under
998 2461 67 31 den
1081 2460 62 36 tid,
1160 2461 71 31 han
1247 2471 66 21 var
1328 2461 158 32 anställd
1501 2463 116 30 såsom
1633 2462 158 31 arkitekt
