1912 2850
469 163 419 39 Bevillningsutskottets
907 159 225 34 betänkande
1150 158 53 33 Nr
1226 157 53 31 35.
1571 153 18 31 3

278 453 142 32 makten
435 450 213 33 tillhörande
661 457 134 29 person,
809 457 75 21 som
985 473 1 6 |

278 505 111 32 under
420 500 379 39 militärtjänstgöring
831 500 53 30 ut-
1132 448 4 91 |

278 557 132 32 bildats
452 556 60 31 till
556 555 126 35 förare,
719 555 40 29 är
803 551 80 32 från
1133 541 2 50 |

278 609 150 36 Stämpel
445 626 436 10 ..ssssssssererseseor
679 603 21 46 on
702 603 67 46 örnen
771 603 47 46 inr
831 603 27 46 nde
863 603 21 46 na
892 596 204 43 oe
1223 601 80 36 frilt
1324 618 103 4 —

148 661 285 39 Lagfartsbevis;
457 670 34 21 se
515 659 115 32 Bevis.
1038 672 3 16 |

150 756 275 36 Tomträttsbok,
449 755 130 36 utdrag
600 764 44 21 av
662 772 39 4 —
720 772 39 4 —
777 771 39 4 —
833 751 52 31 in-
1283 787 2 9 |

279 808 169 36 teckning
471 808 13 30 i
507 807 160 31 tomträtt
679 828 63 4 ......
767 826 114 5 ..e-eee--
1136 844 2 4 :
1223 800 81 37 fritt

151 861 216 38 Trafikkort,
390 858 244 33 innefattande
655 855 162 33 tillstånd
834 856 52 31 att
1039 845 4 60 |
1189 845 3 70 |
1486 845 3 18 |

1041 908 2 38 |

280 913 199 37 tjänstgöra
503 920 74 22 som
597 910 115 31 förare
727 919 45 20 av
789 908 97 31 auto-

281 964 108 32 mobil
413 964 13 31 i
449 962 238 38 yrkesmässig
711 960 174 31 trafik......
965 959 71 31 8—

151 1017 330 37 Tullförpassning;
504 1025 35 21 se
563 1013 248 38 Förpassning.

156 1120 263 34 Underrättelse
467 1139 17 4 —
524 1138 29 4 —
590 1137 33 4 —
662 1136 32 4 —
731 1136 28 4 —
794 1135 29 4 —
851 1135 37 4 —

283 1192 39 4 —
343 1171 230 35 vattenlagen
591 1193 15 4 ..
625 1192 39 4 ..cs
685 1190 201 5 eeeeeee-eee>
984 1184 8 2 2
1105 1182 101 3 —
1244 1163 48 36 fri

198 1237 14 17 »
282 1234 56 22 om
361 1223 132 36 förhör,
518 1232 74 21 som
613 1230 100 22 avses
735 1220 12 31 i
772 1221 17 30 5
811 1219 87 44 kap.
1044 1208 3 49 |
1288 1205 2 50 |
1340 1215 2 16 1
1437 1203 56 51 -

282 1275 310 36 sinnessjuklagen
627 1295 122 5 -.eeee
768 1294 120 5 sees
960 1261 80 46 nn
1124 1287 85 2 oo
1245 1267 49 36 fri
1444 1253 199 102 SN

137 1358 2 5 |
157 1329 136 36 Utdrag
316 1338 45 21 av
392 1347 40 4 —
462 1346 39 4 —
532 1346 39 3 —
599 1326 134 36 patent-
756 1324 64 32 och
843 1327 56 32 re-
929 1308 17 66 =
993 1312 3 58 |
1289 1310 3 45 |
1341 1309 4 103 |
1437 1308 3 95 |
1489 1307 4 103 |

283 1372 344 52 gistreringsverket.
994 1371 2 44 |
1586 1359 3 16 i

853 1490 73 38 7$.

178 1570 95 31 Från
298 1588 39 4 —
363 1587 39 3 —
428 1586 39 4 —
491 1565 147 32 befriad.

179 1621 186 31 Dessutom
399 1638 39 4 —
465 1637 39 4 —
530 1637 38 4 —
593 1616 201 37 inrättning
818 1613 179 38 angående
1022 1611 233 37 tillämpning
1279 1621 45 21 av
1348 1610 106 36 lagen
1477 1618 57 22 om
1556 1618 89 22 sam-

135 1673 131 32 hällets
289 1670 218 35 barnavård;

181 1724 149 33 domstol
353 1723 87 31 eller
465 1720 265 38 skiljedomstol,
747 1719 122 32 vilken
886 1718 57 32 det
960 1717 218 32 tillkommer
1194 1716 53 30 att
1263 1716 129 35 avgöra
1410 1714 89 31 tvist
1515 1712 131 32 mellan

136 1779 122 34 stater,
296 1776 83 31 eller
414 1775 111 30 annat
559 1772 283 32 internationellt
866 1779 123 28 organ,
1014 1779 74 21 som
1111 1768 149 31 tillsatts
1284 1766 55 32 för
1361 1765 217 36 behandling
1601 1774 45 21 av

136 1829 112 32 sådan
283 1828 98 35 tvist,
416 1827 13 30 i
464 1825 72 31 mål
571 1825 63 32 och
666 1823 163 36 ärenden,
853 1832 74 22 som
951 1821 219 36 handläggas
1193 1819 114 36 enligt
1330 1819 106 35 lagen
1459 1827 56 21 om
1539 1816 107 31 hand-

138 1880 174 36 räckning
336 1878 61 32 vid
420 1877 130 32 svensk
574 1876 148 32 domstol
745 1876 36 30 åt
804 1875 95 31 vissa
924 1871 291 33 internationella
1238 1879 126 28 organ;

183 1928 414 39 fattigvårdssamhällen
623 1947 39 4 —
688 1946 37 4 —
751 1945 40 5 —
815 1923 449 39 sjukvårdsinrättningar,
1288 1921 199 34 allmänna;

184 1981 314 39 sjukvårdsläkare
537 1979 61 32 vid
632 1978 223 32 kommunalt
890 1977 85 31 eller
1010 1975 132 31 enskilt
1177 1972 271 37 sinnessjukhus
1483 1971 13 31 i
1520 1970 127 32 ärende

139 2034 150 33 rörande
313 2033 126 32 sådant
462 2031 131 36 förhör,
618 2040 73 22 som
714 2039 100 22 avses
839 2030 12 30 i
876 2029 17 31 5
919 2028 79 35 kap.
1023 2025 326 37 sinnessjuklagen;

184 2084 398 38 skogsvårdsstyrelser;
606 2102 40 3 —
672 2102 39 3 —
736 2101 39 4 —
799 2079 324 37 överförmyndare.

185 2138 122 32 Frihet
331 2156 38 4 —
395 2156 39 3 —
461 2156 38 3 —
524 2133 362 39 yrkesinspektionen.

185 2190 204 35 Konungen
413 2207 39 4 —
478 2206 39 4 —
543 2205 39 5 —
607 2186 159 31 hamnar.

859 2297 19 30 8
903 2293 30 37 $.

187 2369 169 37 Följande
397 2367 160 32 enskilda
591 2365 216 36 handlingar
842 2363 110 36 skola,
987 2364 91 29 även
1113 2361 63 32 där
1210 2360 40 31 de
1285 2362 60 28 äro
1384 2357 187 33 utfärdade
1604 2368 45 20 av

143 2421 167 36 offentlig
334 2419 220 37 myndighet,
579 2418 107 31 förses
710 2416 77 32 med
812 2414 150 37 stämpel
986 2415 44 35 på
1052 2414 71 30 sätt
1147 2412 65 31 här
1235 2411 114 31 nedan
1374 2410 151 36 stadgas.
