1858 2786
264 196 40 30 20
583 195 123 39 Tredje
726 195 246 39 lagutskottets
993 194 179 31 utlåtande
1191 205 44 20 nr
1255 195 38 29 15
1313 195 39 30 år
1372 195 84 29 1959

269 280 139 38 gästens
428 278 215 40 förfogande.
663 279 44 31 Så
724 279 79 29 sker
821 279 88 30 även
925 278 11 30 i
954 279 132 29 sådana
1104 278 61 30 fall
1183 278 45 30 då
1247 278 266 40 uppsägningen
1531 279 102 39 utgör
1650 280 48 28 ett
1715 279 55 29 led

268 328 10 29 i
303 328 208 40 saneringen
534 338 41 20 av
597 328 366 40 bebyggelseområdet
986 329 10 29 i
1021 328 109 40 fråga.
1155 329 616 39 Hyresregleringsmyndigheternas

269 378 115 40 praxis
401 378 11 29 i
429 378 95 29 detta
538 378 198 29 hänseende
754 378 64 29 har
834 378 46 39 på
897 378 77 29 sina
989 378 70 29 håll
1078 380 133 28 ansetts
1228 387 84 20 vara
1329 378 119 29 alltför
1465 379 130 38 sträng.
1614 378 154 30 Sålunda

269 428 165 30 anfördes
456 429 12 29 i
491 429 171 29 motioner
683 429 57 29 vid
765 428 81 31 1957
871 429 56 31 års
949 429 142 40 riksdag
1114 431 50 28 att
1186 429 411 40 uppsägningsskyddets
1620 429 151 39 tillämp-

270 478 83 40 ning
372 480 10 29 i
400 479 118 39 praxis
537 479 149 30 kommit
703 481 50 28 att
770 479 145 30 hämma
932 479 245 39 utvecklingen
1196 479 65 30 och
1279 481 50 28 att
1347 479 188 39 riksdagen
1554 479 105 30 borde
1677 479 96 30 hem-

270 529 101 29 ställa
389 538 57 20 om
465 529 211 30 utfärdande
696 539 42 20 av
755 529 229 40 erforderliga
1002 529 468 40 tillämpningsföreskrifter
1488 529 52 30 till
1559 530 213 39 hyresregle-

270 579 390 40 ringsmyndigheterna
690 579 55 30 för
775 581 50 28 att
856 579 201 30 underlätta
1087 579 374 40 saneringsföretagen.
1494 580 277 30 Motionärernas

271 628 130 41 förslag
418 629 203 30 föranledde
637 629 77 30 icke
730 630 114 39 någon
863 629 205 40 riksdagens
1086 630 122 39 åtgärd
1226 639 80 20 men
1323 630 10 28 i
1352 630 59 29 sitt
1429 639 41 20 av
1487 630 187 39 riksdagen
1691 630 81 39 god-

269 679 116 30 kända
407 679 180 31 utlåtande
608 680 81 29 över
710 680 222 30 motionerna
957 679 186 37 (20/1957)
1171 680 146 30 anförde
1338 680 113 39 tredje
1472 680 228 40 lagutskottet
1722 682 50 28 att

271 730 204 37 spörsmålet
498 730 10 29 i
530 730 92 30 vissa
645 730 62 30 fall
729 730 115 30 kunde
867 730 45 30 ha
936 732 70 28 stor
1028 730 175 37 betydelse
1227 731 64 29 och
1315 740 81 21 vore
1419 732 76 28 värt
1519 731 45 29 all
1587 731 185 37 uppmärk-

271 780 142 30 samhet.

313 830 65 30 Det
398 839 103 31 synes
522 827 74 33 icke
617 830 81 30 fullt
719 831 92 29 klart
831 840 56 20 om
908 831 261 29 motionärerna
1189 831 78 29 med
1289 831 54 29 sin
1364 831 263 39 framställning
1646 841 56 20 om
1723 833 49 28 ett

270 880 181 30 uttalande
472 890 41 20 av
533 880 186 40 riksdagen
740 882 86 28 även
846 880 135 40 åsyftar
1001 881 269 29 förhållandena
1290 881 113 30 under
1422 891 43 20 en
1485 881 46 29 fri
1550 881 223 39 hyresmark-

272 930 77 30 nad.
377 931 67 29 Om
470 931 94 30 detta
590 931 37 29 är
656 931 159 29 avsikten
840 931 81 29 med
946 931 173 40 yrkandet
1144 932 57 29 må
1228 931 134 30 erinras
1389 941 57 20 om
1473 934 50 27 att
1549 932 224 39 besittnings-

271 980 244 40 skyddslagen,
537 991 74 20 som
631 982 38 28 är
689 981 185 39 tillämplig
893 981 12 29 i
925 982 67 30 den
1011 981 83 29 mån
1114 981 419 40 hyresregleringslagens
1553 982 220 30 bestämmel-

271 1039 54 21 ser
347 1040 57 20 om
427 1031 356 39 uppsägningsskydd
806 1031 76 29 icke
906 1032 116 38 gäller,
1046 1031 169 31 omfattar
1239 1033 86 28 även
1349 1031 258 30 affärslokaler.
1633 1032 140 39 Härige-

272 1090 80 20 nom
381 1081 71 29 kan
480 1083 48 28 ett
555 1081 85 30 visst
669 1081 113 40 skydd
810 1081 144 30 beredas
982 1082 338 29 lokalinnehavarna
1348 1083 86 28 även
1463 1082 63 29 där
1557 1082 216 40 regleringen

272 1131 100 30 hävts
397 1133 10 29 i
433 1131 99 40 fråga
556 1141 57 20 om
638 1131 258 30 affärslokaler.
923 1133 66 28 För
1014 1132 111 39 övrigt
1152 1141 99 21 avses
1275 1132 39 39 ju
1339 1150 45 3 —
1409 1132 115 30 såsom
1551 1132 155 40 framgår
1732 1142 41 20 av

270 1181 66 29 vad
355 1191 90 20 ovan
464 1181 135 30 anförts
617 1201 45 3 —
680 1184 50 27 att
749 1182 249 39 avvecklingen
1016 1182 125 30 endast
1161 1182 89 30 skall
1273 1183 63 38 äga
1356 1192 79 20 rum
1456 1183 10 28 i
1486 1182 67 30 den
1573 1183 82 29 mån
1674 1183 100 29 verk-

270 1230 172 41 ningarna
460 1232 107 29 därav
584 1232 71 29 kan
673 1231 166 31 bedömas
858 1232 48 29 bli
925 1232 238 39 övervägande
1183 1240 242 32 gynnsamma.

314 1282 78 29 Med
415 1282 138 40 hänsyn
575 1283 52 29 till
648 1283 67 29 vad
738 1283 149 29 sålunda
910 1283 136 29 anförts
1068 1283 55 30 får
1145 1283 107 39 enligt
1275 1283 190 30 utskottets
1487 1283 142 40 mening
1651 1284 123 29 motio-

271 1333 168 29 närernas
465 1332 180 30 önskemål
673 1342 56 20 om
754 1333 309 39 hänsynstagande
1087 1333 52 29 till
1165 1333 328 30 lokalinnehavares
1518 1333 174 30 intressen
1715 1334 59 29 vid

272 1382 163 39 sanering
459 1392 42 20 av
525 1383 228 29 stadskärnor
779 1392 102 21 anses
906 1383 108 30 redan
1038 1392 84 21 vara
1146 1383 214 40 tillgodosett
1384 1383 11 30 i
1420 1383 188 40 tillräcklig
1633 1384 141 29 omfatt-

271 1441 92 31 ning.

315 1525 178 30 Utskottet
518 1525 143 39 övergår
685 1525 155 30 härefter
866 1525 52 29 till
944 1527 50 28 att
1018 1526 174 29 behandla
1218 1526 124 39 frågan
1367 1535 57 20 om
1451 1526 189 40 ändringar
1665 1526 10 29 i
1699 1526 30 36 3,
1755 1527 19 28 4

272 1574 64 30 och
368 1575 19 29 5
418 1574 44 37 $$
493 1574 410 40 hyresregleringslagen.

314 1626 12 28 I
344 1625 112 30 likhet
474 1625 79 30 med
572 1625 388 39 departementschefen
978 1635 102 21 anser
1098 1627 172 29 utskottet
1289 1629 50 27 att
1358 1626 107 40 syftet
1483 1627 79 29 med
1581 1627 66 29 den
1667 1627 107 29 fram-

272 1675 166 39 ställning
465 1685 74 20 som
564 1676 288 39 hyresgästernas
877 1676 230 30 riksförbund
1132 1676 130 40 avgivit
1286 1677 150 30 rörande
1462 1677 70 29 viss
1559 1677 148 39 ändring
1733 1686 42 20 av

269 1725 21 30 3
315 1726 15 37 $
354 1725 111 30 andra
487 1726 134 39 slycket
642 1726 400 40 hyresregleringslagen
1063 1727 11 28 i
1095 1727 172 39 väsentlig
1288 1727 85 29 mån
1396 1727 231 39 tillgodosetts
1650 1736 123 31 genom

270 1776 41 29 de
330 1775 227 40 anvisningar
575 1776 222 30 beträffande
815 1776 229 39 lagrummets
1064 1777 233 39 tillämpning,
1317 1786 74 21 som
1411 1777 205 40 hyresrådet
1634 1778 140 39 nyligen

270 1826 159 30 utfärdat
446 1827 51 29 till
515 1827 335 39 hyresnämnderna,
868 1827 66 29 och
950 1829 50 27 att
1017 1826 120 30 därför
1155 1827 104 39 något
1277 1827 76 30 skäl
1370 1827 77 30 icke
1464 1827 184 40 föreligger
1665 1830 49 28 att
1731 1847 44 2 —

270 1877 44 38 på
333 1878 69 28 sätt
420 1877 122 39 yrkats
561 1877 11 29 i
590 1877 178 29 motionen
788 1878 45 29 II:
850 1876 63 30 490
932 1895 43 3 —
993 1877 109 29 ändra
1122 1877 217 39 stadgandet.

316 1927 71 29 Mot
411 1927 405 39 departementschefens
842 1927 131 40 förslag
997 1936 57 21 om
1079 1929 49 28 ett
1152 1927 120 40 tillägg
1297 1928 53 29 till
1375 1928 19 29 4
1421 1928 16 37 $
1464 1928 311 40 hyresreglerings-

271 1977 100 39 lagen
396 1977 12 28 i
434 1977 90 39 syfte
550 1979 49 28 att
623 1977 209 40 möjliggöra
857 1977 55 30 för
938 1977 319 40 fastighetsägarna
1282 1980 50 27 att
1357 1978 45 39 på
1427 1978 94 30 vissa
1548 1980 93 29 orter
1667 1978 108 30 träffa

273 2028 89 29 avtal
379 2037 57 20 om
453 2027 150 30 särskild
618 2028 195 39 ersättning
828 2027 55 30 för
898 2027 109 40 höjda
1021 2030 136 27 vatten-
1170 2028 66 30 och
1251 2028 296 40 avloppsavgifter
1562 2029 65 29 har
1643 2029 134 30 utskot-

272 2079 48 28 tet
339 2078 89 29 intet
450 2080 49 28 att
519 2078 123 30 erinra.
664 2078 175 30 Yrkandet
860 2080 11 28 i
892 2079 176 29 motionen
1089 2078 45 30 II:
1150 2078 60 30 490
1231 2088 57 21 om
1311 2079 118 38 avslag
1450 2079 44 37 på
1514 2079 261 37 propositionen

271 2128 11 28 i
301 2128 116 29 denna
435 2128 55 29 del
509 2128 181 39 avstyrkes
709 2128 112 30 alltså.

316 2179 65 29 Det
409 2188 42 19 av
478 2177 482 41 fastighetsägareförbundet
988 2178 197 31 framförda
1211 2188 80 21 men
1320 2188 42 20 av
1388 2179 387 40 departementschefen

271 2228 163 30 avvisade
454 2228 165 39 förslaget
638 2238 57 19 om
715 2228 109 31 sådan
847 2229 148 39 ändring
1015 2238 41 21 av
1075 2229 18 29 5
1117 2229 14 37 8
1153 2229 400 40 hyresregleringslagen
1573 2232 50 28 att
1641 2231 59 28 vid
1720 2230 56 30 be-

274 2278 236 30 stämmandet
537 2288 41 20 av
603 2279 148 39 generell
778 2279 255 39 hyreshöjning
1058 2279 139 40 hänsyn
1223 2280 89 29 skall
1339 2280 122 30 kunna
1487 2283 98 37 tagas
1611 2282 86 28 även
1723 2281 51 29 till

273 2328 522 40 penningvärdeförsämringen
820 2329 65 29 har
909 2330 11 29 i
944 2330 222 29 motionerna
1190 2331 28 29 I:
1235 2330 65 30 403
1324 2330 65 30 och
1416 2332 45 29 II:
1478 2330 62 31 492
1565 2331 126 29 vunnit
1716 2340 60 20 an-

275 2378 157 40 slutning
456 2379 37 30 så
515 2379 52 29 till
589 2379 90 35 vida,
704 2381 51 28 att
776 2379 263 30 motionärerna
1060 2379 180 31 hemställt
1266 2390 58 20 om
1347 2382 50 28 att
1422 2381 124 39 frågan
1568 2381 120 31 utreds
1711 2381 65 30 och

275 2428 130 40 förslag
434 2429 52 29 till
514 2429 206 40 lagändring
748 2429 193 40 förelägges
969 2430 187 39 riksdagen
1185 2430 55 30 för
1268 2431 66 29 den
1363 2430 168 31 händelse
1559 2431 216 40 regleringen

274 2478 176 40 förlänges
472 2479 54 30 för
544 2480 119 39 längre
682 2479 51 30 tid
754 2480 44 29 än
817 2479 104 31 dessa
939 2480 214 30 motionärer
1172 2480 168 30 förordat.
1360 2481 117 39 Enligt
1498 2482 189 30 utskottets
1707 2492 70 20 me-
