1920 2838
316 178 19 31 2
758 176 276 27 Bankoutskottets
1057 175 167 34 utlåtande,
1248 175 43 27 Nr
1316 175 44 27 17.

317 257 90 31 hava
427 256 218 40 fullmäktige
665 257 183 36 meddelat,
871 260 48 27 att
940 256 217 39 fullmäktige
1178 266 82 21 vore
1282 255 124 39 villiga,
1428 255 111 30 under
1560 254 246 38 förutsättning

317 310 41 22 av
381 301 202 39 riksdagens
606 301 237 40 medgivande,
867 304 49 28 att
940 301 52 30 till
1014 301 195 39 postverket
1232 304 135 35 avyttra
1390 300 229 30 riksbankens
1642 299 163 38 fastighet

317 347 10 29 i
348 345 105 40 Visby
471 346 52 30 till
544 349 46 28 ett
608 346 69 39 pris
697 356 43 20 av
762 347 63 30 286
839 346 62 30 000
920 346 131 30 kronor
1069 346 11 29 i
1100 345 150 39 enlighet
1270 345 79 30 med
1368 354 89 20 ovan
1478 344 232 30 omförmälda
1730 344 74 29 vär-

317 389 246 40 deringsbevis;
583 391 65 30 och
665 391 64 30 har
750 390 389 39 Generalpoststyrelsen
1157 390 11 29 i
1187 389 164 30 skrivelse
1371 389 65 30 den
1456 390 20 29 6
1495 389 10 29 i
1525 397 132 21 samma
1676 386 130 31 månad

316 434 182 37 meddelat,
522 438 50 27 att
592 434 78 31 från
693 436 183 38 styrelsens
899 435 75 30 sida
995 435 76 30 icke
1092 433 104 39 något
1218 434 127 30 funnes
1367 436 49 27 att
1437 433 114 30 erinra
1574 436 71 27 mot
1666 433 57 29 det
1746 441 58 21 an-

319 478 101 39 givna
449 478 331 40 försäljningspriset
810 482 87 28 samt
926 482 50 27 att
1008 479 164 38 styrelsen
1203 479 64 29 hos
1298 478 122 38 Kungl.
1452 477 101 39 Maj:t
1584 477 87 39 gjort
1700 476 106 30 fram-

320 523 161 40 ställning
499 533 59 21 om
577 523 188 31 anvisande
783 533 43 21 av
845 524 112 30 medel
975 523 54 31 för
1048 522 207 31 ändamålet.

363 568 51 31 Då
432 568 54 31 för
502 568 195 39 ytterligare
714 568 185 39 utredning
916 568 10 30 i
945 568 142 30 ärendet
1104 567 217 31 erfordrades
1338 566 275 39 förslagsskisser
1632 566 65 30 och
1715 566 91 29 kost-

318 612 280 40 nadsberäkning
621 613 148 30 rörande
794 613 66 30 den
884 611 203 40 ifrågasatta
1112 612 256 39 nybyggnaden
1391 611 53 30 för
1469 610 221 36 riksbanken,
1717 610 89 29 hava

318 656 218 40 fullmäktige
553 657 184 39 uppdragit
755 656 35 31 åt
809 657 24 30 f.
851 656 200 40 professorn
1070 657 37 29 E.
1126 656 204 30 Lallerstedt
1349 659 48 26 att
1416 656 163 38 upprätta
1598 654 122 31 sådant
1738 654 68 30 för-

318 702 71 38 slag
407 702 107 38 jämte
532 702 368 38 kostnadsberäkning.

362 745 157 32 Därefter
540 746 63 31 har
623 746 23 30 f.
669 746 199 39 professorn
888 746 205 31 Lallerstedt
1114 746 216 32 överlämnat
1350 745 169 38 ritningar
1541 745 64 29 och
1626 743 181 31 kostnads-

317 789 138 40 förslag,
481 790 159 31 slutande
662 790 19 31 å
703 794 47 27 ett
773 791 123 39 belopp
918 799 43 21 av
989 791 60 29 154
1064 791 62 29 000
1148 791 140 34 kronor,
1312 789 73 30 däri
1408 789 191 39 inbegripet
1621 788 187 31 kostnader

318 834 71 31 dels
409 834 55 31 för
485 834 340 39 planeringsarbeten
847 835 64 30 och
933 835 270 38 stängselmurar
1224 845 45 19 m.
1292 844 56 25 m.,
1371 835 16 28 7
1403 834 64 30 000
1489 834 137 35 kronor,
1648 833 72 30 dels
1743 832 65 31 ock

318 878 53 31 för
389 879 186 31 utförande
593 879 73 31 före
686 879 477 39 grundläggningsarbetenas
1183 879 126 38 början
1328 888 42 20 av
1389 878 68 30 viss
1478 881 82 27 utav
1579 877 228 30 riksantikva-

317 922 72 31 rien
414 923 166 31 förordad
604 924 447 39 grävningsundersökning
1076 923 105 39 jämte
1206 923 165 39 flyttning
1396 932 41 21 av
1463 932 43 21 en
1530 921 45 41 på
1598 925 130 27 tomten
1752 922 55 29 be-

318 967 113 40 fintlig
453 968 95 31 äldre
569 968 294 39 byggnadslänga,
885 969 103 38 högst
1010 969 19 29 3
1043 968 63 30 000
1127 969 139 29 kronor.

361 1013 13 29 I
399 1012 108 32 likhet
531 1014 79 29 med
632 1013 392 39 Generalpoststyrelsen
1048 1022 82 21 anse
1152 1012 219 39 fullmäktige
1396 1012 183 38 styrelsens
1602 1011 205 39 föreliggan-

317 1056 42 31 de
381 1056 129 40 förslag
533 1056 165 32 innebära
721 1058 68 30 den
810 1058 54 30 för
887 1058 204 29 statsverket
1112 1057 283 38 fördelaktigaste
1416 1056 182 39 lösningen
1619 1065 42 21 av
1684 1055 123 39 frågan

318 1111 57 20 om
401 1101 186 39 utvidgade
613 1102 130 30 lokaler
772 1102 54 30 för
852 1102 240 39 postkontoret
1119 1101 11 30 i
1156 1101 117 39 Visby,
1302 1101 66 30 och
1394 1101 98 30 torde
1519 1101 66 29 den
1612 1100 196 38 föreslagna

318 1145 274 39 köpeskillingen
611 1145 52 31 för
682 1146 140 30 förvärv
843 1155 41 21 av
905 1156 47 28 ny
972 1149 88 27 tomt
1079 1146 53 30 för
1152 1146 213 30 riksbanken
1385 1145 36 30 få
1441 1155 101 20 anses
1564 1145 117 38 skälig.

361 1189 64 31 Vid
448 1190 212 39 granskning
682 1200 42 21 av
748 1191 58 30 det
827 1193 81 28 utav
930 1191 24 30 f.
979 1190 199 39 professorn
1200 1190 205 30 Lallerstedt
1427 1189 195 39 uppgjorda
1644 1189 165 38 förslaget

318 1234 50 30 till
388 1234 211 39 nybyggnad
619 1235 89 30 hava
730 1234 219 39 fullmäktige
970 1235 78 29 icke
1067 1234 115 30 funnit
1204 1234 188 38 anledning
1414 1234 51 29 till
1486 1234 137 29 erinran
1643 1236 73 27 mot
1738 1234 70 29 det-

319 1287 132 22 samma
472 1280 67 29 och
558 1288 82 22 anse
658 1279 49 39 sig
727 1279 119 31 därför
864 1279 85 30 böra
969 1279 172 38 tillstyrka
1162 1279 77 29 dess
1259 1278 194 30 utförande.

362 1322 310 37 Riksantikvarien,
695 1333 76 21 som
792 1324 125 30 beretts
940 1323 136 30 tillfälle
1099 1326 48 27 att
1168 1326 80 35 taga
1272 1323 55 30 del
1350 1332 42 21 av
1414 1323 147 29 berörda
1582 1322 139 38 förslag,
1745 1323 64 29 har

318 1367 181 37 meddelat,
524 1371 49 27 att
594 1368 70 30 han
687 1378 41 20 ur
752 1368 214 30 antikvarisk
990 1368 177 38 synpunkt
1190 1367 77 30 icke
1290 1367 89 30 hade
1402 1366 106 40 något
1531 1370 49 27 att
1601 1367 112 30 erinra
1736 1369 73 28 mot

318 1411 218 39 uppförande
555 1422 41 21 av
617 1422 41 21 en
674 1413 164 38 byggnad
856 1413 11 29 i
887 1412 151 39 enlighet
1057 1412 79 30 med
1152 1411 231 31 förenämnda
1402 1411 327 39 förslagsritningar.

362 1455 230 41 Fullmäktige
612 1466 81 21 anse
714 1457 51 39 sig
785 1457 159 38 slutligen
963 1457 86 30 böra
1070 1455 197 37 framhålla,
1289 1459 59 33 att,
1370 1456 114 30 därest
1504 1456 194 38 riksdagen,
1719 1456 9 29 i
1751 1465 56 21 en-

317 1500 105 39 lighet
441 1502 80 30 med
542 1502 67 30 vad
629 1501 299 31 statsrevisorerna
949 1501 11 30 i
983 1501 53 30 sin
1056 1501 180 30 berättelse
1258 1500 125 35 anfört,
1407 1500 111 30 skulle
1539 1501 132 29 besluta
1692 1509 42 21 en
1756 1502 51 28 ut-

317 1545 144 40 redning
478 1546 149 30 rörande
643 1546 393 39 avdelningskontorens
1054 1545 235 39 organisation
1306 1545 65 30 och
1389 1545 115 30 denna
1521 1545 183 38 utredning
1721 1544 86 39 möj-

318 1589 89 39 ligen
425 1590 118 30 kunde
561 1590 76 30 leda
655 1590 52 30 till
725 1590 208 39 indragning
953 1600 44 20 av
1016 1589 90 31 vissa
1125 1590 136 35 kontor,
1283 1590 97 29 torde
1399 1589 11 29 i
1428 1589 96 38 varje
1544 1589 62 30 fall
1625 1589 79 30 med
1722 1589 85 30 hän-

318 1644 63 28 syn
399 1634 51 30 till
468 1634 380 39 avdelningskontorets
867 1635 11 29 i
896 1634 107 39 Visby
1023 1634 155 30 avskilda
1197 1635 77 38 läge
1293 1633 114 40 någon
1427 1633 207 40 indragning
1654 1643 42 21 av
1715 1634 92 30 detta

318 1678 123 31 kontor
460 1679 77 30 icke
555 1679 84 30 böra
656 1678 285 39 ifrågakomma.
925 1674 18 47 >»

361 1736 226 43 Aberopande
610 1741 55 30 det
686 1741 150 30 anförda
856 1741 91 30 hava
967 1741 219 39 fullmäktige
1207 1740 156 36 anhållit,
1387 1744 48 27 att
1458 1742 165 29 utskottet
1645 1741 78 30 ville
1745 1741 63 29 hos

317 1793 184 40 riksdagen
529 1794 191 37 hemställa,
751 1798 50 27 att
827 1795 187 39 riksdagen
1042 1794 105 31 måtte
1174 1794 211 39 bemyndiga
1412 1794 217 39 fullmäktige
1657 1797 49 27 att
1736 1794 71 30 dels

318 1847 50 31 till
387 1849 197 38 postverket
604 1848 152 31 överlåta
775 1849 67 30 den
862 1849 214 29 riksbanken
1096 1848 174 39 tillhöriga
1290 1848 208 39 fastigheten
1519 1848 10 30 i
1551 1848 103 39 Visby
1674 1851 73 27 mot
1766 1857 42 20 en

317 1901 230 40 köpeskilling
570 1911 42 21 av
658 1903 63 30 286
735 1903 64 29 000
824 1903 138 35 kronor,
990 1902 73 30 dels
1087 1902 30 39 ej
1141 1902 137 30 mindre
1301 1902 55 30 för
1381 1911 41 20 en
1447 1902 150 29 kostnad
1622 1911 42 21 av
1689 1902 40 29 25
1744 1902 64 29 000

317 1955 127 31 kronor
471 1954 56 31 för
554 1955 229 31 riksbankens
810 1956 148 39 räkning
987 1956 160 30 förvärva
1175 1958 133 28 tomten
1336 1965 40 20 nr
1408 1956 13 29 1
1451 1956 11 29 i
1492 1956 170 29 kvarteret
1690 1955 117 30 Städet

316 2007 94 32 inom
431 2007 225 32 Strandroten
677 2010 82 30 eller
779 2009 207 39 fastigheten
1008 2019 41 20 nr
1073 2010 35 29 17
1132 2010 65 29 och
1220 2010 39 29 18
1282 2009 11 29 i
1316 2009 242 30 Strandrotens
1580 2009 107 38 tredje
1707 2009 99 29 kvar-

316 2065 50 27 ter
389 2063 11 30 i
426 2062 117 40 Visby,
571 2064 44 29 än
641 2063 86 30 även
754 2066 50 27 att
830 2062 20 31 å
875 2063 156 30 nämnda
1056 2066 86 27 tomt
1168 2062 70 31 låta
1264 2063 11 29 i
1300 2062 233 39 huvudsaklig
1559 2063 247 29 överensstäm-

317 2116 104 31 melse
437 2117 81 30 med
537 2126 42 20 av
598 2116 22 31 f.
639 2116 198 39 professorn
855 2116 36 30 E.
910 2117 204 30 Lallerstedt
1132 2117 207 38 upprättade
1356 2116 169 39 ritningar
1544 2116 65 30 och
1625 2116 181 30 kostnads-

316 2168 129 40 förslag
469 2168 56 32 för
549 2179 42 21 en
614 2169 150 31 kostnad
788 2179 42 21 av
858 2170 59 30 154
932 2170 65 30 000
1021 2171 128 29 kronor
1174 2170 151 39 uppföra
1350 2179 41 21 en
1414 2170 164 39 byggnad
1603 2170 50 30 till
1678 2170 128 39 inrym-

316 2223 126 30 mande
461 2232 43 21 av
524 2222 228 32 riksbankens
774 2223 330 39 avdelningskontor
1123 2224 11 29 i
1155 2224 156 29 nämnda
1331 2224 85 29 stad.

360 2295 13 29 I
391 2295 214 39 proposition
623 2305 40 20 nr
683 2296 61 29 129
763 2295 52 30 till
831 2295 236 30 innevarande
1084 2294 54 31 års
1154 2295 151 38 riksdag,
1324 2295 115 30 vilken
1455 2295 213 39 proposition
1685 2294 120 30 hänvi-

316 2350 69 28 sats
409 2347 52 31 till
485 2348 269 31 statsutskottets
780 2348 252 31 förberedande
1056 2349 271 38 handläggning,
1354 2349 62 29 har
1441 2349 126 38 Kungl.
1593 2349 100 38 Maj:t
1717 2348 88 30 före-

315 2400 99 39 slagit
432 2401 185 40 riksdagen
635 2406 49 27 att
702 2403 53 30 till
775 2402 106 40 inköp
900 2402 55 30 för
973 2403 214 38 postverkets
1207 2402 149 39 räkning
1375 2411 42 21 av
1437 2403 229 29 riksbankens
1687 2402 118 39 fastig-

315 2454 57 31 het
392 2455 11 30 i
425 2454 106 41 Visby
553 2455 55 31 för
628 2455 203 40 budgetåret
854 2453 186 34 1934/1935
1063 2456 118 31 anvisa
1203 2459 47 28 ett
1272 2456 359 38 reservationsanslag,
1653 2458 49 28 att
1723 2455 83 40 utgå

315 2517 42 21 av
376 2507 202 38 lånemedel,
600 2518 41 22 av
663 2510 63 30 286
741 2510 64 30 000
826 2510 137 30 kronor.
