1931 2827
475 146 406 39 Bevillningsutskottets
896 148 219 29 betänkande
1128 157 43 20 nr
1186 149 15 28 1
1218 149 39 29 år
1272 149 84 29 1970
1619 151 36 29 11

169 225 125 41 ningar
315 226 120 31 kunde
457 227 173 31 undvikas
653 237 42 20 av
717 228 67 30 den
808 237 75 21 som
904 229 89 30 varit
1017 229 221 31 förtänksam
1260 238 68 31 nog
1350 231 51 29 att
1423 230 126 30 teckna
1571 231 87 29 leve-

170 281 188 29 ransavtal.
389 281 178 30 Utskottet
597 281 116 30 finner
745 283 238 39 övervägande
1016 283 76 30 skäl
1122 284 72 29 tala
1224 283 55 30 för
1311 285 49 28 att
1392 293 83 20 man
1505 285 73 29 inte
1609 293 48 20 nu

168 334 143 30 luckrar
324 343 72 31 upp
410 335 67 30 den
491 335 348 40 övergångsmetodik
853 337 171 30 utskottet
1038 337 186 30 förordade
1240 337 94 31 1967.

213 388 52 30 Av
288 388 330 41 varvsföreningens
644 390 166 30 skrivelse
835 390 155 40 framgår
1015 392 193 29 emellertid
1233 393 49 28 att
1306 392 93 30 vissa
1424 391 137 31 mindre
1585 392 74 30 båt-

168 442 151 40 byggare
338 443 73 30 inte
432 442 67 31 fått
519 443 201 30 kännedom
741 453 57 21 om
820 444 41 30 de
882 454 42 20 av
943 445 188 40 riksdagen
1153 445 185 40 godkända
1358 445 224 41 principerna
1603 446 55 30 för

168 496 190 40 höjningar
388 506 42 20 av
459 497 67 30 den
555 498 172 39 generella
755 498 175 30 indirekta
958 499 269 40 beskattningen
1256 501 85 28 utan
1370 499 126 30 träffat
1525 501 93 28 avtal
1646 500 11 30 i

172 550 93 30 fasta
282 551 122 39 priser.
423 551 79 30 Med
520 551 139 40 hänsyn
678 552 52 29 till
750 552 42 29 de
812 552 172 30 särskilda
1004 552 246 31 förhållanden
1271 561 74 21 som
1366 553 83 39 givit
1470 553 189 39 anledning

172 604 53 29 till
243 605 57 29 det
317 604 64 30 här
399 604 219 31 behandlade
636 605 166 39 förslaget
820 606 53 29 till
893 606 263 40 skattehöjning
1175 607 71 29 kan
1267 607 56 29 det
1343 607 106 39 enligt
1469 607 189 29 utskottets

171 657 143 39 mening
338 657 11 29 i
373 657 94 30 vissa
492 658 63 29 fall
580 667 83 21 vara
688 659 185 29 motiverat
899 661 50 27 att
974 659 126 40 Kungl.
1127 660 106 39 Maj:t
1259 660 80 30 med
1365 660 225 39 tillämpning
1618 669 41 20 av

173 711 302 39 dispensreglerna
492 712 12 28 i
522 712 551 40 mervärdeskatteförordningen
1092 713 177 30 nedsätter
1290 714 139 29 skatten
1449 714 55 29 för
1525 714 41 29 de
1585 714 74 29 båt-

172 764 149 39 byggare
342 774 74 20 som
436 766 141 29 tecknat
597 766 252 30 leveransavtal
869 768 85 28 utan
975 768 49 28 att
1045 767 144 39 gardera
1210 768 51 39 sig
1280 767 55 30 för
1356 768 304 39 skaltehöjningar

172 818 12 29 i
203 819 41 29 de
262 818 63 29 fall
342 819 312 29 bestämmelserna
674 820 112 29 skulle
805 820 77 29 leda
901 820 53 29 till
973 829 96 21 mera
1088 821 215 29 besvärande
1324 821 229 30 ekonomiska
1574 822 85 28 kon-

174 871 195 30 sekvenser.
385 872 176 30 Utskottet
575 873 60 29 vill
651 873 192 30 emellertid
857 874 236 39 understryka
1108 874 304 40 nödvändigheten
1429 884 42 21 av
1487 876 50 28 att
1555 876 104 28 samt-

173 925 70 40 liga
262 926 149 30 berörda
431 927 277 38 organisationer
729 927 96 29 inom
848 927 226 40 näringslivet
1096 928 211 30 informerar
1332 929 76 29 sina
1431 929 228 29 medlemmar

174 987 57 21 om
246 981 51 27 att
313 979 66 29 den
395 980 171 38 generella
581 981 492 40 mervärdeskattehöjningen
1089 982 159 29 kommer
1266 984 50 27 att
1334 983 222 38 genomföras
1573 984 87 27 utan

175 1033 174 30 särskilda
372 1033 454 40 övergångsbestämmelser
851 1034 65 30 och
940 1036 50 28 att
1016 1034 43 31 då
1083 1035 114 39 någon
1223 1035 141 40 dispens
1389 1036 11 29 i
1424 1036 138 40 princip
1587 1036 73 30 inte

174 1086 70 30 kan
260 1087 187 39 påräknas.

215 1140 178 30 Utskottet
421 1141 182 39 avstyrker
632 1141 101 30 alltså
762 1141 161 40 samtliga
950 1142 336 40 motionsyrkanden
1314 1143 222 30 beträffande
1565 1144 95 29 över-

173 1193 429 40 gångsbestämmelserna.

216 1300 79 30 Med
309 1300 211 41 hänvisning
533 1301 53 30 till
600 1302 57 29 det
671 1302 149 30 anförda
833 1302 201 31 hemställer
1048 1303 171 30 utskottet

537 1357 50 28 att
610 1356 196 40 riksdagen,
831 1356 79 30 med
933 1357 188 40 anledning
1144 1366 42 21 av
1207 1357 127 40 Kungl.
1358 1357 124 40 Maj:ts
1505 1358 156 40 proposi-

492 1410 75 29 tion
588 1418 42 21 nr
654 1410 16 29 7
693 1410 65 29 och
780 1411 79 29 med
880 1410 99 30 bifall
1001 1411 54 29 till
1076 1411 220 29 motionerna
1317 1411 29 30 1:
1362 1411 63 30 440
1448 1412 66 29 och
1536 1412 44 29 II:
1596 1411 64 30 486

495 1465 91 28 samt
599 1463 80 30 med
693 1464 117 39 avslag
822 1463 45 40 på
881 1463 157 40 följande
1052 1464 181 35 motioner,
1249 1464 176 40 nämligen

540 1517 34 34 1)
604 1517 29 30 I:
649 1516 64 31 439
727 1517 65 30 och
806 1517 44 30 II:
866 1517 63 31 485

538 1570 37 34 2)
605 1570 28 30 I:
649 1570 61 30 441
727 1570 65 30 och
806 1571 44 30 II:
867 1571 63 30 484

539 1624 36 34 3)
605 1624 29 30 I:
650 1624 63 31 530
728 1625 65 29 och
806 1625 45 30 II:
868 1624 61 31 621

538 1678 37 34 4)
605 1678 29 30 I:
650 1678 62 30 531
728 1678 65 30 och
807 1678 44 30 II:
868 1679 62 29 623

538 1731 37 34 5)
605 1731 29 30 I:
650 1731 63 31 532
727 1732 65 30 och
806 1732 45 30 II:
868 1732 74 34 622,

538 1786 101 29 antar
663 1785 57 30 det
743 1785 58 30 vid
824 1786 262 40 propositionen
1110 1786 125 40 fogade
1259 1786 167 40 förslaget
1449 1787 54 30 till
1527 1787 135 30 förord-

493 1839 85 40 ning
599 1848 57 21 om
677 1839 87 40 höjd
785 1840 277 30 mervärdeskatt
1084 1840 45 40 på
1149 1840 94 30 vissa
1263 1849 102 21 varor
1387 1840 80 31 med
1489 1841 67 30 den
1577 1841 85 30 änd-

493 1893 123 39 ringen
638 1895 50 27 att
710 1893 251 39 förordningen
983 1893 148 31 erhåller
1154 1893 157 40 följande
1334 1894 117 30 såsom
1474 1894 187 30 utskottets

494 1946 132 39 förslag
638 1946 213 30 betecknade
865 1947 144 39 lydelse:
