1862 2772
240 136 19 31 8
673 140 285 32 Statsutskottets
978 143 184 29 memorial
1182 152 44 21 nr
1247 143 73 33 157.

555 230 445 40 Folkpensioneringsfonden
1024 256 424 8 .............s-ssrsces
1548 235 40 30 26
1603 236 60 30 9200
1676 237 62 30 000

555 280 101 30 Civila
672 281 399 39 tjänstepensionsfonden
1089 307 358 7 ..................
1572 286 91 31 1260
1676 287 60 30 000

554 330 142 31 Militära
712 331 399 39 tjänstepensionsfonden
1129 357 318 8 ................
1604 337 57 30 152
1676 337 60 30 000

554 381 172 30 Allmänna
744 382 399 39 familjepensionsfonden
1166 408 282 7 ..............
1569 386 19 30 3
1602 387 61 30 550
1676 387 60 31 000

554 431 132 30 Statens
702 433 292 38 pensionsanstalts
1010 434 232 39 pensionsfond
1260 458 187 7 ..........
1570 436 91 33 7275
1675 437 61 31 000

554 481 278 31 Pensionsfonden
848 483 50 30 för
912 484 85 30 vissa
1015 484 188 39 riksdagens
1219 486 79 29 verk
1316 509 131 7 .......
1622 488 40 29 22
1676 488 60 30 000

1178 552 134 30 Summa
1335 553 120 31 kronor
1547 554 40 30 39
1605 555 57 30 159
1676 555 69 31 000.

292 690 98 34 12:0)
419 692 141 29 Diverse
584 693 265 35 kapitalfonder.
876 694 75 30 Med
977 695 241 37 tillstyrkande
1245 706 41 20 av
1312 697 125 39 Kungl.
1465 698 125 39 Maj:ts
1616 699 130 40 förslag

243 740 202 32 hemställer
465 741 180 35 utskottet,

599 795 48 27 att
668 794 184 37 riksdagen
875 795 56 29 må
953 795 11 29 i
988 796 186 30 riksstaten
1199 797 54 29 för
1278 798 205 39 budgetåret
1510 799 149 36 1954/55
1683 809 63 21 un-

553 843 62 29 der
634 844 132 30 diverse
786 845 260 40 kapitalfonder
1066 848 152 39 upptaga
1238 848 158 39 följande
1417 848 253 32 inkomsttitlar
1690 850 53 30 så-

550 893 123 31 lunda:

550 967 134 30 Fonden
701 968 49 30 för
765 969 243 40 kreditgivning
1023 970 51 30 till
1091 971 150 30 utlandet
1258 995 187 7 ..........
1545 973 40 30 36
1599 973 61 31 000
1674 974 61 30 000

553 1012 119 45 Övriga
690 1019 125 30 diverse
831 1019 242 39 kapitalfonder
1104 1044 341 8 .................
1566 1023 18 49 9
1601 1024 59 30 700
1674 1024 60 30 000

1176 1088 133 31 Summa
1333 1090 120 30 kronor
1545 1090 40 30 45
1599 1091 61 30 700
1673 1068 72 63 000.

288 1217 97 35 13:0)
413 1219 193 29 Inkomster
627 1221 19 28 å
667 1221 264 35 driftbudgeten.
954 1222 66 29 Vid
1042 1223 100 30 bifall
1164 1224 51 29 till
1238 1224 67 29 vad
1327 1225 170 30 utskottet
1520 1226 112 30 under
1655 1227 85 29 före-

241 1267 131 39 gående
393 1269 150 39 punkter
565 1270 178 40 föreslagit
764 1271 143 31 komma
927 1273 242 31 inkomsterna
1190 1274 19 30 å
1229 1275 261 39 driftbudgeten
1511 1278 51 28 att
1582 1276 56 30 för
1658 1277 83 29 bud-

240 1318 132 37 getåret
403 1318 148 36 1954/55
581 1321 167 38 uppföras
777 1322 80 29 med
886 1322 94 30 8598
995 1322 64 30 584
1074 1323 63 30 800
1164 1324 130 30 kronor
1326 1325 81 34 (Bil.
1435 1326 47 34 I).
1513 1326 104 30 Detta
1645 1328 96 28 inne-

236 1367 62 30 bär
318 1368 11 29 i
348 1368 220 31 förhållande
588 1371 52 28 till
660 1372 455 41 statsverkspropositionen
1136 1384 41 20 en
1197 1376 229 39 nettoökning
1445 1377 79 29 med
1537 1377 44 29 ':81
1602 1377 60 30 109
1677 1377 61 30 000

236 1418 141 30 kronor.

281 1468 132 30 Härom
432 1468 63 31 har
513 1470 171 30 utskottet
701 1471 91 31 velat

855 1523 123 30 erinra.

828 1756 47 39 I.
929 1757 209 52 Utgifter.

279 1870 95 35 14:0)
399 1873 147 35 Utgifter
568 1875 20 28 å
612 1874 265 36 driftbudgeten.
900 1875 47 30 På
970 1877 112 36 grund
1106 1887 41 20 av
1170 1876 203 39 riksdagens
1396 1880 105 29 redan
1526 1880 129 30 fattade
1680 1881 54 29 be-

232 1921 71 30 slut
332 1922 82 30 eller
442 1932 43 21 av
511 1923 259 32 vederbörande
799 1926 135 29 utskott
961 1926 198 40 framlagda
1188 1928 132 39 förslag
1349 1929 112 30 skulle
1490 1929 192 40 utgifterna
1711 1930 20 30 å

229 1971 261 41 driftbudgeten
514 1974 56 29 för
594 1974 204 40 budgetåret
826 1976 147 35 1954/55
999 1978 117 39 uppgå
1139 1978 52 29 till
1216 1978 18 29 8
1249 1979 63 29 603
1325 1979 63 30 289
1403 1980 62 30 200
1490 1980 132 30 kronor
1651 1981 79 36 (Bil.

230 2022 61 33 II).
314 2022 13 29 I
346 2022 204 39 jämförelse
572 2025 80 29 med
672 2026 457 40 statsverkspropositionen
1149 2027 145 31 innebär
1317 2029 95 31 detta
1434 2039 42 21 en
1497 2030 134 41 ökning
1650 2031 78 30 med

230 2072 40 29 86
285 2072 64 30 254
363 2073 63 30 400
456 2074 140 33 kronor.

272 2123 53 29 Då
345 2125 246 29 motsvarande
611 2125 192 31 inkomster
824 2127 105 39 enligt
949 2128 66 29 vad
1036 2138 89 20 ovan
1145 2129 110 30 under
1276 2131 159 38 punkten
1459 2131 96 34 13:0)
1583 2129 146 47 angivits

227 2173 116 39 uppgå
366 2174 52 29 till
440 2174 94 30 8598
549 2175 64 29 584
627 2175 62 31 800
710 2177 140 34 kronor,
872 2178 145 39 uppstår
1038 2180 48 28 ett
1107 2179 169 30 beräknat
1297 2181 208 30 underskott
1526 2183 19 29 å
1569 2184 160 37 statsreg-

228 2223 157 39 leringen
410 2234 42 20 av
477 2225 19 29 4
512 2225 62 29 704
589 2226 63 29 400
677 2226 140 31 kronor.

269 2273 133 30 Härom
421 2274 63 31 har
504 2275 171 30 utskottet
692 2277 91 29 velat

846 2327 124 31 erinra.
