1908 2810
614 162 232 27 Statsutskottets
868 163 149 27 utlåtande
1038 163 48 27 Nr
1111 164 68 28 116.
1634 162 16 30 7

149 236 55 21 om
237 225 93 33 vissa
363 226 53 32 för
449 227 152 41 göromål
625 238 40 20 av
687 227 304 33 kristidskaraktär
1013 229 266 41 ianspråktagna
1301 229 133 32 mindre
1457 231 193 41 utrymmen

148 268 181 32 framdeles
358 269 111 31 skulle
491 269 116 31 kunna
629 270 197 31 återvinnas
848 271 53 31 för
923 271 268 41 länsstyrelsens
1214 271 153 32 normala
1389 271 118 32 arbete
1529 273 121 37 finnes,

148 310 79 31 med
248 310 135 42 hänsyn
407 311 54 31 till
483 312 126 31 väntad
631 312 139 31 fortsatt
793 312 128 42 ökning
944 324 40 20 av
1007 313 266 41 länsstyrelsens
1298 314 183 41 uppgifter,
1505 314 72 31 risk
1598 314 54 32 för

148 354 49 29 att
230 353 324 41 utrymmesbristen
588 354 94 31 inom
716 354 77 32 kort
820 355 75 31 icke
917 356 118 40 längre
1057 356 87 31 låter
1167 356 53 41 sig
1241 356 182 31 bemästra.
1468 356 49 32 På
1540 357 110 41 grund

147 394 104 32 härav
283 396 110 31 finner
424 396 57 41 jag
512 396 224 42 erforderligt,
768 399 50 29 att
839 397 129 41 förslag
991 409 55 20 om
1069 398 194 31 beredande
1287 409 40 20 av
1350 399 149 31 utökade
1522 399 129 31 lokaler

146 437 53 31 för
221 437 250 42 länsstyrelsen
494 438 11 31 i
529 438 247 42 Kopparbergs
799 439 56 32 län
878 440 191 41 förelägges
1094 441 81 31 1945
1198 442 55 30 års
1275 440 148 42 riksdag.

198 479 380 43 Byggnadsstyrelsens
600 481 398 42 kostnadsberäkningar
1020 483 85 30 hava
1120 483 75 31 icke
1210 483 84 41 givit
1310 483 70 41 mig
1395 483 187 42 anledning
1596 484 54 31 till

146 521 146 33 erinran.
337 523 286 32 Medelsbehovet
656 525 133 41 uppgår
822 524 53 31 till
911 525 134 31 120000
1077 525 126 31 kronor
1229 526 53 31 för
1304 526 259 31 tomtförvärvet
1585 526 65 31 och

147 564 61 32 870
219 565 62 31 000
303 565 128 32 kronor
452 566 53 31 för
527 566 357 42 byggnadsföretaget.
907 567 55 31 Då
985 567 190 32 emellertid
1198 567 85 32 Falu
1307 568 77 31 stad
1399 568 99 31 torde
1514 568 136 32 komma

147 608 49 29 att
229 607 113 31 lämna
376 607 122 42 bidrag
530 608 53 31 till
606 609 258 31 tomtförvärvet
886 610 79 30 med
987 610 115 31 40000
1124 610 135 38 kronor,
1283 610 89 31 lärer
1394 610 59 31 det
1475 611 54 31 för
1550 610 100 32 ända-

145 649 103 31 målet
271 649 223 42 erforderliga
516 650 386 42 investeringsanslaget
921 651 116 32 kunna
1052 652 186 41 begränsas
1254 652 54 31 till
1323 652 73 42 (120
1407 653 169 35 000+870
1586 653 63 32 000

144 708 28 5 —
193 691 42 31 40
246 691 72 42 000)
340 692 63 31 950
414 693 63 31 000
499 692 135 32 kronor.

197 785 19 31 I
248 785 108 32 likhet
391 786 79 32 med
504 786 378 42 departementschefen
916 789 109 30 måste
1059 788 169 32 utskottet
1253 789 94 31 finna
1369 800 101 20 snara
1493 788 156 42 åtgärder

147 836 222 42 erforderliga
391 837 53 31 för
467 837 274 42 tillgodoseende
764 849 41 20 av
826 838 256 40 ifrågavarande
1097 839 242 41 länsstyrelses
1354 839 114 32 behov
1483 851 41 20 av
1540 839 108 32 ökade

149 887 138 31 lokaler.
311 887 182 32 Utskottet
516 888 190 42 tillstyrker
727 888 128 42 Kungl.
879 889 118 41 Maj:ts
1019 889 128 42 förslag
1169 891 50 30 att
1242 890 94 31 detta
1357 890 114 32 behov
1493 890 156 42 tillgodo-
1685 897 8 8 "

144 948 55 21 ses
227 948 122 30 genom
373 949 42 20 en
439 938 215 42 tillbyggnad
677 940 19 30 å
720 950 40 20 en
785 940 246 40 angränsande,
1055 940 53 31 för
1130 940 193 32 ändamålet
1344 941 124 41 inköpt
1490 943 96 30 tomt.

194 988 180 32 Utskottet
396 989 51 31 får
468 989 191 38 hemställa,

461 1058 51 30 att
546 1056 183 42 riksdagen
753 1059 54 29 må
829 1057 54 32 till
910 1058 214 41 Tillbyggnad
1146 1070 39 20 av
1207 1059 270 32 landsstatshuset
1506 1060 8 31 i
1534 1060 112 32 Falun

410 1118 40 21 m.
474 1118 40 21 m.
538 1108 53 31 för
612 1107 206 42 budgetåret
838 1108 138 32 1945/46
992 1108 109 32 under
1117 1111 132 30 statens
1265 1109 172 32 allmänna
1451 1110 194 42 fastighets-

409 1158 85 31 fond
516 1158 119 32 anvisa
658 1161 49 29 ett
729 1159 352 41 investeringsanslag
1103 1171 40 20 av
1165 1160 63 32 950
1239 1161 63 31 000
1323 1160 136 32 kronor.

193 1215 200 33 Stockholm
418 1216 66 32 den
507 1218 22 30 4
550 1217 65 41 maj
642 1217 89 32 1945.

636 1293 49 31 På
708 1294 278 32 statsutskottets
1008 1296 138 40 vägnar:

683 1378 34 31 J.
745 1378 40 31 B.
809 1378 291 33 JOHANSSON.

189 1547 209 31 Närvarande:
421 1558 33 19 se
477 1549 102 29 under
602 1549 184 30 utlåtandet
808 1560 38 18 nr
872 1552 68 27 114.

1704 801 130 24 Utskottet.
