1902 2840
316 194 18 30 4
684 185 293 32 Statsutskottets
1009 184 188 33 utlåtande
1228 185 52 32 Nr
1306 185 70 31 129.

271 271 104 32 blivit
397 268 139 38 påtalat.
569 265 131 32 Genom
723 263 90 31 detta
836 262 255 37 förfaringssätt
1106 263 101 35 hava,
1224 262 109 37 enligt
1348 262 178 32 utskottets
1541 262 232 37 förmenande,

271 319 249 37 vederbörande
543 316 200 36 redogörare
765 315 14 31 i
802 314 213 31 Karlskrona
1037 314 91 37 gjort
1151 315 53 36 sig
1226 314 157 37 skyldiga
1399 314 55 31 till
1469 314 304 37 missuppfattning

270 387 45 22 av
337 374 97 34 såväl
457 370 207 33 revisionens
686 367 159 31 ändamål
868 376 72 21 som
962 367 61 30 ock
1045 366 73 32 dess
1142 367 175 35 ställning.

314 429 65 31 Det
411 432 99 30 synes
542 420 178 36 nämligen
752 419 160 31 utskottet
936 418 198 37 uppenbart,
1158 420 50 30 att
1230 428 44 22 en
1296 429 45 21 av
1364 419 191 31 revisionen
1577 419 195 32 framställd

270 477 232 36 anmärkning
526 492 42 4 —
591 475 90 29 även
704 481 56 21 om
781 470 212 32 densammas
1016 471 166 36 riktighet
1205 471 68 31 kan
1296 481 95 21 anses
1414 481 82 21 vara
1511 471 208 37 tvivelaktig
1732 490 40 3 —

270 533 104 31 måste
408 529 54 31 för
496 523 253 35 vederbörande
782 522 197 37 redogörare
1013 523 122 36 utgöra
1157 523 187 36 anledning
1366 523 55 31 till
1443 524 50 30 att
1527 524 140 31 särskilt
1692 534 81 26 upp-

270 583 231 33 märksamma
524 576 256 36 utbetalningar
802 585 45 21 av
869 575 161 31 liknande
1052 577 64 34 art,
1140 585 72 21 som
1228 575 12 31 i
1255 576 274 36 anmärkningen
1552 576 143 37 påtalas,
1710 576 63 31 och

271 634 171 34 föranleda
477 633 47 30 ett
560 629 124 32 ändrat
717 627 253 36 förfaringssätt
994 627 12 30 i
1028 627 99 36 fråga
1160 637 56 21 om
1251 627 207 32 förestående
1480 627 257 38 utbetalningar
1760 629 13 29 i

270 683 336 38 överensstämmelse
641 681 76 31 med
740 679 290 36 anmärkningens
1053 679 177 31 innebörd.
1276 679 278 32 Handhavandet
1575 690 46 21 av
1643 682 130 30 statens

269 740 108 33 medel
399 738 77 32 med
498 736 105 35 nödig
625 732 208 38 sparsamhet
856 731 121 37 bjuder
999 732 174 36 nämligen
1196 732 250 36 ovillkorligen,
1469 733 50 30 att
1537 733 47 30 all
1600 732 173 37 försiktig-

269 794 58 31 het
348 792 168 34 iakttages
538 789 13 30 i
575 787 63 31 fall
661 796 45 21 av
729 795 48 21 nu
800 784 183 31 omnämnd
1008 784 242 31 beskaffenhet.

312 845 119 32 Senast
455 839 209 34 framhållna
680 837 250 36 omständighet
945 836 63 31 har
1024 836 54 30 för
1093 836 182 31 utskottets
1291 836 263 32 vidkommande
1570 837 203 31 framkallat

268 901 70 30 stor
360 894 211 34 tveksamhet
594 891 61 31 vid
678 888 345 37 ställningstagandet
1046 888 54 31 till
1116 888 132 36 Kungl.
1265 888 115 37 Maj:ts
1395 889 222 32 förevarande
1633 890 138 36 förslag.

269 952 53 30 Då
355 944 195 36 emellertid,
582 943 107 31 såvitt
711 951 44 21 av
777 940 227 36 utredningen
1027 940 165 37 framgår,
1215 942 47 29 ett
1284 941 120 36 avslag
1426 943 21 29 å
1470 941 302 38 framställningen

269 1003 74 31 icke
366 999 109 33 skulle
497 996 153 32 medföra
672 993 250 35 återbetalning
942 992 55 31 till
1012 993 113 35 någon
1142 992 193 32 nämnvärd
1350 993 55 31 del
1421 1003 45 21 av
1482 994 149 31 kronans
1647 995 125 35 ifråga-

269 1052 150 34 varande
441 1049 150 35 fordran,
614 1047 63 31 har
699 1046 165 31 utskottet
886 1045 84 31 dock
993 1046 109 30 ansett
1124 1045 54 36 sig
1202 1045 80 31 böra
1298 1045 53 31 för
1366 1055 47 21 nu
1431 1046 261 36 ifrågavarande
1708 1047 63 30 fall

270 1105 171 37 tillstyrka
464 1101 99 32 bifall
585 1099 56 32 till
664 1098 131 36 Kungl.
819 1098 116 35 Maj:ts
958 1097 127 36 förslag
1107 1098 12 29 i
1142 1099 127 29 ämnet.

313 1157 171 34 Utskottet
507 1152 207 35 hemställer,

711 1256 51 29 att
785 1254 180 36 riksdagen
989 1255 56 29 må
1067 1254 171 36 medgiva,
1261 1255 51 30 att
1334 1254 130 37 Kungl.
1489 1255 99 36 Maj:t
1603 1257 57 29 må
1676 1255 96 31 efter-

669 1307 129 31 skänka
831 1306 503 36 återbetalningsskyldigheten
1368 1307 207 32 beträffande
1602 1308 53 31 för
1677 1308 95 32 tiden

669 1359 57 31 till
759 1358 61 31 och
854 1358 77 31 med
966 1358 68 36 maj
1066 1358 127 31 månad
1223 1358 83 32 1921
1330 1358 53 31 till
1407 1359 282 32 underofficerare
1713 1360 58 31 vid

664 1412 121 31 flottan
818 1411 143 35 oriktigt
994 1411 167 31 utbetalta
1199 1410 256 38 dyrtidstillägg
1481 1413 62 30 och
1572 1412 199 37 förhöjning

669 1474 44 20 av
736 1463 256 36 dyrtidstillägg
1015 1464 20 29 å
1058 1463 353 36 portionsersättning,
1435 1464 172 31 beräknad
1630 1465 84 31 efter
1730 1466 41 30 62

669 1518 57 28 öre
749 1525 58 27 per
830 1515 75 36 dag.

316 1611 197 31 Stockholm
535 1611 65 31 den
624 1612 41 30 25
689 1611 70 36 maj
784 1612 93 30 1925.

776 1707 48 31 På
847 1707 262 31 statsutskottets
1133 1708 145 34 vägnar:

787 1802 33 31 S.
845 1803 43 30 H.
914 1801 341 32 KVARNZELIUS.

313 2072 54 25 Vid
384 2070 175 27 förestående
578 2073 118 24 ärendes
714 2074 228 31 slutbehandling
960 2075 80 23 inom
1060 2073 138 25 utskottet
1216 2073 71 24 hava
1306 2075 134 24 närvarit:

313 2121 61 28 från
400 2125 111 24 första
538 2125 207 25 kammaren:
774 2126 97 24 herrar
898 2127 27 23 S.
954 2127 34 23 H.
1018 2126 190 30 Kvarnzelius,
1236 2127 29 23 A.
1286 2126 28 24 C.
1334 2127 146 30 Lindblad,
1498 2129 29 23 A.
1548 2129 27 23 F.
1600 2125 173 39 Vennersten,

271 2169 84 24 Oscar
382 2169 107 26 Olsson,
515 2169 23 24 J.
558 2170 29 23 L.
611 2169 106 30 Widell,
736 2170 24 24 J.
780 2170 110 24 Nilsson
911 2171 8 22 i
939 2170 110 28 Malmö,
1070 2170 30 24 O.
1119 2170 151 30 Bergqvist,
1288 2171 31 23 E.
1339 2171 28 23 A.
1387 2171 107 30 Hallin,
1513 2172 30 24 K.
1563 2173 31 23 E.
1614 2173 157 25 Andersson

269 2213 10 22 i
297 2213 155 30 Eliantorp,
474 2213 29 24 G.
523 2213 84 29 Kobb,
627 2213 28 24 C.
674 2213 160 24 Johansson
853 2214 9 23 i
883 2213 183 31 Hälsingborg
1085 2213 53 23 och
1159 2213 29 24 C.
1208 2214 29 23 4.
1260 2214 129 24 Carlsson
1408 2215 9 23 i
1437 2215 95 29 Gävle;
1552 2218 73 22 samt

311 2270 62 27 från
391 2273 105 24 andra
515 2273 209 24 kammaren:
743 2274 96 24 herrar
860 2275 29 23 ÅA.
908 2274 141 24 Anderson
1062 2274 9 23 i
1086 2270 130 32 Råstock,
1229 2275 30 24 A.
1277 2274 137 31 Wiklund,
1428 2276 28 24 C.
1471 2277 30 23 R.
1515 2277 122 24 Jansson
1650 2278 8 23 i
1674 2278 96 27 Falun,

270 2317 27 23 P.
317 2317 111 24 Nilsson
447 2317 9 23 i
476 2316 120 32 Bonarp,
616 2317 27 24 S.
663 2318 151 30 Bengtsson
833 2318 9 23 i
862 2318 103 30 Norup,
985 2318 29 23 L.
1033 2317 25 24 J.
1079 2318 302 30 Carlsson-Frosterud,
1395 2319 30 24 O.
1440 2319 98 25 Olsson
1552 2321 9 23 i
1576 2321 195 31 Kullenbergs-

268 2361 75 30 torp,
362 2360 28 24 A.
411 2350 29 34 Å.
461 2360 143 24 Törnkvist
622 2361 10 23 i
652 2361 178 28 Karlskrona,
847 2362 31 23 E.
893 2361 173 24 Kristensson
1080 2361 8 23 i
1103 2361 147 30 Göteborg,
1264 2362 27 23 P.
1306 2362 35 23 M.
1356 2362 99 24 Olsson
1468 2363 9 23 i
1491 2363 139 31 Blädinge,
1645 2364 30 24 B.
1691 2364 80 24 F:son

269 2403 150 30 Holmgren
440 2404 51 23 och
511 2404 30 23 E.
561 2404 156 24 Andersson
737 2405 8 22 i
764 2404 137 24 Prästbol.
