2212 2665
375 183 123 33 Första
522 184 217 32 Kammarens
764 182 181 43 Tillfälliga
973 184 138 33 Utskotts
1136 184 75 42 (N:o
1234 186 34 33 3)
1296 183 172 33 Utlåtande
1490 184 63 33 N:o
1576 184 52 32 12.
1744 183 41 31 27

358 264 52 36 På
448 263 125 49 grund
605 263 42 37 af
670 263 101 37 hvad
800 263 160 37 sålunda
989 263 125 37 blifvit
1141 264 154 37 anfördt
1323 264 57 37 får
1409 264 188 37 utskottet
1626 263 201 38 hemställa

225 323 68 42 att,
322 316 86 37 med
436 315 213 50 anledning
677 316 41 36 af
743 315 87 38 herr
859 316 274 49 Björnstjernas
1162 316 160 49 motion,
1349 317 136 37 Första
1514 316 231 37 Kammaren
1769 316 59 37 för

226 369 60 37 sin
315 368 60 38 del
404 371 116 34 måtte
550 368 166 38 besluta:

757 478 56 30 att
847 472 222 48 Riksdagen
1098 471 11 36 i
1139 472 203 36 skrifvelse
1370 471 57 36 till
1455 472 142 48 Kongl.
1629 471 107 49 Maj:t
1764 484 66 23 an-

630 523 131 49 håller,
792 529 56 31 att
876 524 140 48 Kongl.
1047 524 106 48 Maj:t
1182 524 197 48 behagade
1396 524 57 36 för
1473 523 222 50 Riksdagen
1716 523 114 37 fram-

629 576 117 49 lägga
787 575 145 50 förslag
965 575 58 37 till
1051 576 117 36 sådan
1198 575 163 49 ändring
1390 576 41 36 af
1454 576 130 48 kongl.
1614 575 216 37 förordnin-

629 641 76 36 gen
748 628 201 49 angående
991 627 235 37 främmande
1267 628 303 36 trosbekännare
1617 628 70 36 och
1718 628 111 36 deras

629 679 326 49 religionsöfning
995 680 74 36 den
1112 682 45 34 31
1202 680 159 36 oktober
1405 682 108 45 1873,
1553 680 75 36 dels
1655 686 56 30 att
1739 680 88 37 äkta

630 732 144 47 makar,
816 731 42 37 af
896 731 131 37 hvilka
1055 732 140 36 endera
1222 731 131 37 tillhör
1380 732 236 36 främmande
1646 738 181 30 trossam-

629 784 93 36 fund
764 784 71 36 och
868 783 73 36 den
971 783 118 37 andra
1118 783 166 37 svenska
1312 784 162 49 kyrkan,
1503 784 62 36 väl
1593 783 234 37 fortfarande

629 849 72 35 ega
730 841 55 31 att
813 848 138 35 genom
983 835 386 37 öfverenskommelse
1402 835 426 37 bestämma
1626 831 22 57 i
1668 835 160 37 hvilket-

629 888 91 36 dera
748 887 321 37 trossamfundets
1097 887 79 37 lära
1204 888 12 35 1
1245 888 135 36 sådant
1400 888 212 49 äktenskap
1633 888 81 36 födt
1734 888 93 37 barn

630 939 100 36 skall
771 939 237 49 uppfostras,
1052 952 86 23 men
1179 945 56 31 att
1275 953 89 23 vare
1407 940 61 49 sig
1501 939 80 37 före
1611 940 94 36 eller
1733 939 96 37 efter

630 991 276 49 äktenskapets
949 991 191 48 ingående
1183 991 146 49 afgifna
1363 991 192 49 skriftliga
1584 992 91 35 eller
1704 997 124 30 munt-

629 1043 81 48 liga
753 1043 253 36 förbindelser
1047 1043 199 49 angående
1284 1043 150 37 barnets
1463 1043 225 49 uppfostran
1719 1044 109 36 skola

633 1108 90 23 vara
752 1095 185 36 kraftlösa
966 1095 71 36 och
1064 1094 87 38 icke
1180 1095 118 36 heller
1325 1098 61 33 må
1410 1096 40 35 af
1464 1101 118 43 prest,
1604 1095 64 36 vid
1688 1108 140 24 ansvar

632 1150 124 33 såsom
800 1147 58 37 för
894 1147 358 48 embetsmissbruk,
1291 1148 323 36 kontrahenterna
1644 1147 183 37 affordras

633 1199 92 37 eller
767 1200 41 35 af
840 1206 105 42 prest
974 1205 215 44 emottagas
1219 1200 70 36 och
1321 1201 74 35 dels
1425 1206 55 30 att
1508 1200 10 36 i
1548 1200 214 48 äktenskap
1791 1199 41 36 af

631 1251 283 37 ofvannämnda
957 1251 264 37 beskaffenhet
1249 1252 81 36 födt
1358 1252 94 36 barn
1481 1251 98 37 skall
1606 1252 221 48 uppfostras

630 1303 11 36 1
684 1303 73 37 den
800 1303 463 49 evangeliskt-lutherska
1304 1304 118 47 läran,
1465 1303 131 38 såvida
1629 1304 197 36 öfverens-

632 1356 208 36 kommelse
883 1368 59 23 om
988 1355 152 36 barnets
1181 1357 225 48 uppfostran
1440 1356 11 36 i
1495 1356 64 36 det
1592 1355 234 37 främmande

630 1407 321 36 trossamfundets
971 1407 79 36 lära
1069 1407 84 37 icke
1169 1407 147 37 kunnat
1332 1408 138 37 mellan
1487 1408 181 36 makarne
1685 1407 141 37 träffas.

361 1509 222 38 Stockholm
617 1510 73 37 den
721 1513 19 33 2
771 1510 72 49 maj
878 1513 107 34 1891.

792 1614 54 36 På
874 1614 208 36 utskottets
1111 1618 163 44 vägnar:

737 1717 170 38 CURRY
937 1717 387 37 TREFFENBERG.
