2142 2646
354 177 37 29 10
862 171 256 32 Stats-Utskottets
1145 171 160 31 Utlåtande
1328 169 65 33 N:o
1416 171 52 31 45.

352 255 293 47 förvaltningen,
675 254 47 35 då
749 253 176 49 gällande
949 253 270 49 författningar
1239 252 194 48 angående
1449 250 313 49 jordafsöndring
1782 250 30 48 ej
1835 254 127 45 syntes

353 308 111 47 lägga
493 307 134 35 hinder
655 306 11 35 i
695 313 121 41 vägen
845 304 57 37 för
930 305 288 48 ifrågavarande
1247 304 250 49 skogslotters
1526 302 184 48 skiljande
1739 302 83 36 från
1850 308 113 29 stam-

348 359 151 49 jorden,
528 359 56 35 uti
614 358 239 48 underdånig
881 357 195 36 skrifvelse
1106 357 72 35 den
1201 359 45 34 14
1273 355 225 49 September
1518 355 172 36 sistlidne
1713 357 39 33 år
1772 354 189 43 hemstält,

352 417 57 29 att
438 423 139 23 samma
606 409 271 49 skogsandelar
906 413 116 32 måtte
1052 412 20 32 å
1100 409 150 42 allmän,
1280 407 221 48 offentligen
1530 407 121 47 utlyst
1678 406 169 42 auktion,
1876 404 86 36 med

353 463 242 46 tillämpning
620 460 39 36 af
683 461 430 47 auktionsreglementet
1142 460 71 35 den
1240 462 45 33 20
1311 458 208 36 December
1540 461 108 41 1825,
1669 470 137 36 genom
1825 456 136 49 Kongl.

352 512 123 49 Maj:ts
507 512 439 48 Befallningshafvandes
974 512 11 35 i
1015 511 233 47 Skaraborgs
1277 511 59 35 län
1366 509 150 47 försorg
1542 508 38 37 få
1608 510 59 35 till
1695 509 72 35 den
1797 509 92 35 eller
1917 508 45 35 de

354 564 307 49 högstbjudande
689 564 183 46 försäljas,
903 563 96 36 dock
1029 563 31 47 ej
1090 562 58 36 för
1176 563 103 47 lägre
1301 562 76 47 pris
1399 569 44 27 än
1466 560 111 36 ofvan
1599 560 251 36 omförmälda
1869 571 94 36 upp-

352 616 332 46 skattningsvärde
713 615 40 35 af
778 616 160 46 tillhopa
968 617 107 40 1,069
1107 615 139 34 kronor
1276 616 44 33 69
1351 620 76 37 öre,
1457 619 96 29 samt
1582 612 84 36 med
1695 611 187 49 rättighet
1905 610 59 36 för

353 667 134 47 Kongl.
517 667 120 46 Maj:ts
665 666 423 46 Befallningshafvande
1117 672 66 35 att,
1214 678 60 21 om
1303 665 134 34 sådant
1464 663 200 47 pröfvades
1683 676 90 21 vara
1792 662 59 35 för
1880 662 84 34 kro-

353 730 74 23 nan
447 717 231 47 förmånligt,
699 717 138 47 bevilja
863 717 138 47 köpare
1022 715 159 36 anstånd
1203 715 82 35 med
1309 714 262 48 betalningens
1592 712 228 50 erläggande
1842 711 122 37 under

355 769 112 48 högst
497 771 18 34 6
547 769 190 41 månader,
767 775 79 28 mot
875 768 64 35 det
967 774 55 29 att
1042 767 178 48 godkänd
1242 767 143 47 borgen
1406 766 91 35 eller
1518 779 121 22 annan
1660 765 160 47 behörig
1839 764 125 35 säker-

355 820 65 35 het
445 819 59 36 för
524 820 181 47 beloppet
725 819 152 43 stäldes,
899 820 208 45 hvarjemte
1128 817 400 48 Arméförvaltningen
1548 820 137 44 ansåge
1705 815 259 47 försäljnings-

357 871 148 35 medlen
547 870 92 36 böra
677 871 86 47 ingå
800 871 57 34 till
895 870 268 46 statsanslaget
1200 869 58 35 för
1292 869 143 35 indelta
1467 869 147 34 arméns
1653 866 310 49 vapenöfningar,

353 921 194 37 hvarifrån
576 921 508 47 vägunderhållskostnaden
1114 921 69 35 och
1205 920 117 35 andra
1342 919 159 48 utgifter
1520 918 58 36 för
1598 918 185 36 Axevalla
1804 917 161 36 exercis-

353 973 72 36 fält
465 973 120 35 skulle
628 973 198 35 bestridas.
880 971 64 37 Uti
987 971 178 36 häröfver
1202 972 73 34 den
1315 974 40 33 11
1396 970 172 36 sistlidne
1602 968 173 37 Oktober
1808 968 158 48 afgifvet

357 1024 257 48 underdånigt
642 1024 196 36 utlåtande
868 1023 96 36 hade
994 1023 314 48 Skogsstyrelsen
1338 1021 137 44 anfört,
1505 1027 66 35 att,
1601 1021 48 36 då
1677 1019 288 49 ifrågavarande

355 1076 232 48 skogslotter
616 1076 10 34 i
655 1075 93 48 följd
785 1074 40 36 af
857 1075 109 48 ringa
1001 1074 135 49 ytvidd
1172 1074 70 36 och
1276 1073 81 36 från
1387 1074 117 35 andra
1532 1073 189 35 allmänna
1749 1072 137 47 skogar
1914 1069 52 37 af-

353 1128 124 47 lägset
503 1127 84 47 läge
617 1127 82 35 icke
727 1126 204 48 lämpligen
961 1126 126 35 kunde
1118 1126 59 34 till
1203 1125 216 47 kronopark
1448 1124 167 44 afsättas,
1635 1123 116 36 funne
1772 1122 194 48 Styrelsen

355 1178 60 35 för
451 1179 57 34 sin
546 1178 59 34 del
642 1178 97 34 intet
776 1183 55 29 att
868 1177 124 34 erinra
1030 1182 102 29 emot
1165 1176 300 46 skogslotternas
1493 1174 223 48 försäljning
1743 1174 160 34 likasom
1933 1172 30 48 ej

358 1228 118 36 heller
505 1234 101 30 emot
635 1228 65 36 det
728 1227 40 36 af
791 1227 286 36 vederbörande
1106 1228 63 34 vid
1198 1226 192 36 verkstäld
1412 1226 278 48 uppskattning
1709 1224 257 48 ståndskogen

356 1283 123 33 åsatta
506 1279 115 36 värde
650 1278 40 37 af
715 1279 248 36 tillsammans
992 1280 70 35 943
1092 1279 141 34 kronor
1260 1280 44 34 53
1327 1285 76 36 öre,
1425 1278 198 35 hvaremot
1643 1276 324 48 Skogsstyrelsen,

357 1331 64 35 vid
450 1330 63 36 det
540 1329 238 37 förhållande
808 1336 55 29 att
891 1330 142 35 kronan
1064 1330 62 34 vid
1155 1330 114 46 inköp
1299 1329 58 35 till
1386 1329 217 47 kronopark
1626 1328 39 36 af
1682 1327 171 36 enskilda
1873 1338 95 23 mar-

357 1382 67 35 ker
452 1394 155 23 numera
636 1382 9 34 i
676 1381 207 36 allmänhet
910 1381 99 47 finge
1039 1381 153 47 erlägga
1221 1393 44 22 en
1295 1380 254 47 köpeskilling
1578 1378 39 36 af
1641 1381 47 34 20
1709 1379 20 34 å
1750 1381 45 33 30
1824 1377 143 36 kronor

356 1432 239 44 tunnlandet,
633 1436 137 43 ansåge
808 1432 68 35 här
909 1431 287 48 ifrågavarande
1226 1431 104 35 mark
1360 1431 92 35 böra
1479 1431 155 47 betinga
1662 1430 229 35 åtminstone
1922 1431 44 33 25

360 1484 140 34 kronor
536 1483 243 44 tunnlandet;
817 1483 70 35 och
923 1483 120 35 skulle
1073 1483 11 35 i
1113 1482 391 36 öfverensstämmelse
1533 1481 157 36 härmed
1720 1480 64 36 det
1813 1479 154 36 marken

359 1537 120 32 åsatta
508 1535 135 35 värdet
670 1534 40 35 af
735 1537 18 32 2
784 1534 141 35 kronor
952 1533 59 36 för
1030 1532 223 49 qvadratref
1269 1533 70 35 och
1362 1536 42 33 11
1427 1533 142 35 kronor
1589 1535 46 34 20
1656 1536 64 31 öre
1740 1530 229 37 tunnlandet

357 1585 93 36 eller
490 1585 162 47 tillhopa
694 1587 69 34 126
802 1585 141 35 kronor
982 1587 43 34 16
1064 1592 64 28 öre
1165 1585 150 35 komma
1348 1589 56 30 att
1432 1584 105 47 höjas
1565 1584 58 35 till
1652 1586 68 34 281
1752 1583 141 34 kronor
1922 1583 43 34 61

359 1643 78 37 öre,
466 1636 247 47 hvarigenom
742 1636 46 35 de
818 1636 120 48 begge
967 1636 299 48 skogslotternas
1294 1635 115 35 värde
1438 1634 60 36 för
1526 1635 209 47 ståndskog
1762 1633 71 36 och
1862 1632 107 35 mark

359 1687 149 35 komme
550 1692 55 30 att
641 1693 137 42 utgöra
816 1689 107 42 1,225
961 1687 142 35 kronor
1136 1689 45 33 14
1210 1693 77 37 öre,
1317 1686 145 36 hvilket
1490 1686 139 48 belopp
1660 1683 310 50 Skogsstyrelsen

358 1741 140 45 ansåge
539 1738 127 36 kunna
706 1737 58 36 för
806 1738 84 35 dem
928 1738 174 35 erhållas.
1156 1737 86 35 Med
1279 1737 176 36 afseende
1493 1741 20 31 å
1549 1737 99 35 hvad
1681 1735 158 37 sålunda
1871 1734 99 35 före-

359 1789 172 46 kommit,
565 1789 69 35 och
673 1789 47 35 då
756 1787 289 49 ifrågavarande
1083 1788 244 48 skogslotter,
1366 1788 119 47 enligt
1518 1788 99 35 hvad
1647 1787 157 48 upplyst
1830 1784 139 44 blifvit,

361 1839 83 36 icke
473 1852 90 23 vore
593 1839 241 36 användbara
861 1837 59 37 för
941 1838 245 44 mötesfältet,
1208 1839 67 35 har
1296 1838 133 47 Kongl.
1452 1838 104 48 Maj:t
1576 1852 51 22 nu
1645 1836 198 49 föreslagit
1863 1835 107 37 Riks-

360 1890 135 48 dagen,
525 1890 80 35 dels
633 1896 56 29 att
717 1890 191 35 desamma
928 1893 117 32 måtte
1074 1889 184 47 försäljas,
1279 1893 47 44 på
1346 1895 76 30 sätt
1440 1889 406 47 Arméförvaltningen
1874 1886 95 36 före-

358 1941 127 48 slagit,
527 1941 97 35 dock
665 1946 56 30 att
755 1941 62 35 vid
856 1941 285 47 minimiprisets
1179 1941 284 35 bestämmande
1500 1940 58 36 för
1590 1939 193 37 blifvande
1812 1938 157 37 auktion

362 1992 144 47 hänsyn
535 1993 121 34 skulle
677 1999 106 40 tagas
803 1992 59 35 till
883 1992 63 35 det
966 1991 40 36 af
1021 1991 309 49 Skogsstyrelsen
1349 1991 59 36 för
1430 1992 154 35 marken
1605 1991 215 36 beräknade
1840 1989 128 42 värde,

361 2043 82 35 dels
472 2042 108 36 äfven
610 2048 56 30 att
693 2042 397 48 försäljningsmedlen
1119 2043 121 35 skulle
1269 2043 87 47 ingå
1384 2043 58 35 till
1462 2043 267 46 statsanslaget
1747 2041 60 36 för
1827 2040 143 37 indelta

361 2094 149 35 arméns
547 2094 69 35 och
644 2093 226 36 Vermlands
903 2093 322 48 fältjägarecorps”
1263 2092 311 49 vapenöfningar,
1610 2094 145 36 hvilket
1783 2093 129 47 anslag
1936 2091 32 46 ej

363 2145 148 35 mindre
539 2145 207 35 bekostade
775 2145 317 47 vägunderhållet
1121 2145 70 35 och
1213 2145 116 35 andra
1350 2143 160 49 utgifter
1529 2143 59 37 för
1608 2145 285 47 mötesplatsen,
1923 2146 47 32 än

361 2194 112 37 äfven
511 2195 118 36 delvis
666 2196 164 35 bestridt
862 2195 210 36 kostnaden
1105 2194 60 36 för
1193 2195 46 35 de
1267 2196 55 35 tid
1352 2195 96 37 efter
1476 2209 122 22 annan
1626 2196 135 48 gjorda
1789 2195 116 46 inköp
1935 2191 39 37 af

362 2247 117 45 mark,
509 2259 80 23 som
617 2251 142 32 ansetts
787 2246 167 49 behöflig
981 2246 59 36 för
1068 2246 144 36 indelta
1241 2247 146 36 arméns
1416 2245 204 37 mötesfält.
