1880 2822
329 165 17 25 4
528 165 99 27 Andra
648 166 186 28 kammarens
853 168 113 26 andra
987 169 148 34 tillfälliga
1156 171 125 26 utskotts
1300 171 150 28 utlåtande
1470 173 43 26 Nr
1537 173 24 26 2.

296 243 135 39 ledning
451 247 59 34 att,
532 244 111 32 därest
662 245 195 40 beslagsrätt
875 248 104 31 skulle
1000 259 94 21 anses
1112 250 79 32 böra
1212 250 217 32 tillerkännas
1450 249 331 49 domäntjänstemän,

295 288 11 29 i
327 289 236 38 sammanhang
582 290 136 31 härmed
739 292 82 30 även
841 292 74 38 giva
937 293 75 31 dem
1032 294 152 32 åtalsrätt
1204 295 93 31 torde
1319 297 104 37 enligt
1444 297 187 38 Styrelsens
1649 300 133 39 mening

295 332 69 31 icke
386 333 173 39 föreligga.

336 378 74 30 Vad
433 379 104 37 angår
560 379 239 39 bekämpandet
822 392 40 21 av
884 382 288 40 lönnbränningen
1196 385 197 32 tillkommer
1416 386 65 38 det,
1505 388 105 31 såsom
1633 389 148 38 framgår

296 433 40 20 av
360 424 38 29 15
421 424 15 37 $
460 424 19 29 2
501 434 93 21 mom.
617 425 11 29 i
649 425 139 33 berörda
809 427 62 38 lag,
893 427 70 31 icke
986 429 268 38 tulltjänsteman
1275 430 11 30 i
1308 431 107 32 denna
1437 431 85 32 hans
1545 434 162 37 egenskap
1731 438 50 28 att

294 467 175 32 verkställa
489 468 110 39 beslag
617 470 19 30 å
655 470 161 38 olovligen
835 471 195 32 tillverkade
1049 474 236 38 spritdrycker.
1314 475 108 39 Något
1439 486 91 21 mera
1548 478 165 32 verksamt
1732 479 48 30 bi-

294 511 93 32 träde
407 512 79 31 från
505 514 194 31 tullverkets
718 515 71 32 sida
808 516 54 31 för
881 516 179 32 beivrande
1079 529 40 20 av
1139 519 95 38 olaga
1254 520 264 40 sprithantering
1536 522 11 30 i
1567 522 107 32 denna
1693 524 87 31 form

294 556 91 32 torde
402 557 82 31 dock
499 558 70 31 icke
584 559 114 31 kunna
714 561 164 36 påräknas
895 561 69 31 dels
981 573 41 21 av
1038 562 63 31 den
1118 563 181 40 anledning
1316 569 49 27 att
1380 566 266 38 tulltjänstemän
1664 568 116 32 endast

293 601 11 30 i
327 602 128 38 mycket
477 603 96 38 ringa
597 604 202 39 omfattning
820 607 56 30 äro
899 607 173 37 placerade
1094 608 10 30 i
1128 608 39 31 de
1190 609 72 31 inre
1285 610 135 31 delarna
1443 621 42 20 av
1508 611 176 39 Norrland,
1708 614 69 38 där,

291 646 105 38 enligt
416 646 66 31 vad
505 658 40 20 av
568 649 165 31 motionen
753 650 60 30 vill
835 661 98 28 synas
956 652 140 38 framgå,
1120 653 246 40 lönnbränning
1387 655 264 39 huvudsakligen
1675 658 104 32 skulle

292 691 210 39 förekomma,
526 692 70 32 dels
617 694 67 38 ock,
707 694 65 31 vad
794 695 166 32 beträffar
983 697 86 31 riket
1091 698 11 29 i
1126 698 117 39 övrigt,
1266 700 136 31 emedan
1424 700 120 32 sådant
1567 701 136 39 biträde,
1726 714 52 20 om

290 736 100 37 något
407 736 137 32 därmed
560 738 103 31 skulle
681 739 126 38 vinnas,
826 738 102 33 skulle
947 741 116 31 alltför
1082 743 127 37 mycket
1228 743 103 38 draga
1348 745 332 38 tulltjänstemännen
1699 748 78 31 från

291 779 94 32 deras
404 782 163 37 egentliga
585 783 184 38 uppgifter.
810 785 186 31 Stockholm
1015 786 63 31 den
1097 788 39 29 20
1154 787 150 32 februari
1324 790 88 30 1928.

641 864 161 31 KUNGL.
821 865 600 35 GENERALTULLSTYRELSEN.

920 938 38 30 E.
978 939 162 31 BEYER.

1397 987 72 30 Nils
1494 988 237 32 Wennerholm.

1618 1123 63 30 Bil.
1702 1126 29 28 2.

413 1158 64 30 Till
498 1158 118 33 Andra
638 1160 204 32 kammarens
864 1162 172 39 tillfälliga
1057 1164 125 31 utskott
1204 1175 41 20 nr
1265 1168 29 27 2.
1689 1169 3 3 |

329 1247 123 31 Genom
472 1248 114 31 remiss
607 1248 63 32 den
692 1250 38 30 10
750 1250 149 32 februari
922 1253 80 30 1928
1024 1253 61 30 har
1105 1254 123 38 Kungl.
1252 1255 104 38 Maj:t
1377 1256 163 32 anbefallt
1561 1257 212 40 kontrollsty-

286 1292 106 31 relsen
406 1296 50 27 att
470 1293 119 38 avgiva
602 1294 58 30 och
677 1299 109 27 senast
802 1295 62 31 den
881 1297 16 29 1
912 1307 89 21 mars
1018 1299 79 29 1928
1113 1298 52 30 till
1179 1299 193 39 riksdagens
1388 1301 105 31 andra
1509 1301 182 33 kammares
1704 1303 69 31 till-

287 1336 117 39 fälliga
426 1338 126 30 utskott
574 1348 42 20 nr
639 1340 18 29 2
681 1340 187 31 överlämna
890 1345 47 27 ett
960 1353 41 20 av
1024 1343 159 31 utskottet
1206 1344 117 38 begärt
1343 1346 157 37 yttrande
1523 1348 77 30 över
1622 1358 41 21 en
1684 1348 88 31 inom

287 1381 104 31 andra
414 1382 190 32 kammaren
628 1394 41 20 av
691 1385 79 30 herr
793 1386 93 38 Hage
909 1396 41 21 m.
976 1387 39 30 fl.
1038 1388 98 32 väckt
1158 1389 133 38 motion,
1315 1400 41 20 nr
1381 1391 68 37 130,
1474 1392 168 37 angående
1665 1393 107 31 vidta-

285 1426 106 37 gande
411 1437 40 20 av
471 1427 87 32 vissa
578 1429 155 37 åtgärder
753 1430 54 31 för
826 1431 288 33 åstadkommande
1137 1444 40 20 av
1198 1438 48 26 ett
1266 1434 197 32 effektivare
1485 1436 224 38 bekämpande
1731 1449 40 21 av

284 1471 93 38 olaga
397 1472 273 40 sprithantering.

326 1516 16 29 I
361 1516 181 39 anledning
560 1518 104 31 härav
684 1519 55 30 får
757 1520 304 39 kontrollstyrelsen
1081 1523 118 32 anföra
1219 1524 159 38 följande.

325 1560 115 32 Under
458 1561 208 39 åberopande
684 1575 41 20 av
743 1564 86 33 vissa
847 1566 198 31 uttalanden
1062 1567 79 31 från
1159 1568 108 31 lokala
1285 1570 231 38 myndigheter
1534 1572 59 30 och
1611 1582 160 22 samman-

283 1605 197 39 slutningar,
509 1607 178 32 framhålla
712 1609 242 33 motionärerna
981 1612 262 32 önskvärdheten
1269 1624 40 20 av
1335 1618 48 28 att
1408 1615 246 39 kronojägarna
1679 1618 91 31 bleve

283 1650 119 39 älagda
423 1655 51 27 att
494 1651 133 39 deltaga
647 1653 11 30 i
679 1653 192 32 beivrandet
892 1666 39 20 av
953 1656 94 38 olaga
1069 1657 263 40 sprithantering
1353 1659 88 31 inom
1462 1661 72 30 sina
1555 1657 215 48 bevaknings-

282 1695 164 31 områden.

325 1740 15 29 I
363 1740 104 32 likhet
488 1741 75 31 med
585 1743 243 32 motionärerna
850 1755 93 21 anser
964 1746 315 41 kontrollstyrelsen,
1304 1752 49 28 att
1376 1750 249 38 svårigheterna
1646 1755 49 28 att
1716 1753 53 30 be-

282 1785 120 38 kämpa
422 1785 65 32 den
506 1787 95 38 olaga
620 1788 303 40 sprithanteringen
942 1792 104 30 måste
1067 1792 88 32 bliva
1174 1794 212 38 synnerligen
1405 1799 90 28 stora
1514 1796 11 29 i
1547 1796 39 31 de
1606 1807 88 21 mera
1714 1809 56 20 av-

282 1830 116 38 lägsna
419 1831 173 38 bygderna
614 1832 11 30 i
646 1833 176 39 Norrland,
845 1836 43 36 på
911 1836 110 37 grund
1044 1848 40 20 av
1108 1837 71 38 den,
1203 1838 12 30 i
1237 1838 207 32 förhållande
1466 1841 53 30 till
1542 1841 40 31 de
1605 1845 88 28 stora
1715 1843 54 31 be-

282 1875 348 40 vakningsdistrikten,
650 1878 129 38 mycket
799 1879 139 39 fåtaliga
958 1881 288 38 polispersonalen.
1289 1884 61 30 Att
1369 1885 100 31 utöka
1489 1886 110 31 denna
1618 1888 150 36 personal

281 1920 43 37 på
342 1923 49 28 ett
412 1920 118 32 sådant
549 1922 74 37 sätt,
644 1926 49 27 att
713 1922 72 32 dess
803 1925 207 31 verksamhet
1029 1926 11 30 i
1060 1927 218 32 förevarande
1299 1929 156 31 avseende
1475 1930 66 31 blir
1561 1931 80 31 fullt
1662 1932 106 31 effek-

280 1964 73 37 tivt,
381 1966 38 29 är
445 1966 141 37 givetvis
610 1968 150 38 omöjligt
786 1969 82 31 både
893 1980 41 20 av
958 1971 228 31 kostnadsskäl
1212 1973 58 31 och
1298 1983 41 21 ur
1365 1974 104 32 andra
1496 1977 216 36 synpunkter.
1751 1978 17 29 I

281 2009 132 38 princip
441 2010 114 32 finner
580 2012 305 39 kontrollstyrelsen
911 2014 117 32 därför
1055 2016 63 31 den
1144 2027 40 21 av
1210 2018 243 32 motionärerna
1478 2020 187 33 framförda
1692 2033 76 27 syn-

279 2055 159 37 punkten,
459 2059 49 27 att
527 2056 199 32 medverkan
742 2058 109 32 kunde
869 2060 141 31 erhållas
1029 2061 75 30 från
1126 2062 107 38 någon
1253 2073 109 28 grupp
1382 2074 40 21 av
1441 2061 324 47 statsfunktionärer,

279 2099 105 31 vilkas
411 2101 177 38 uppgifter
614 2102 90 38 ligga
730 2103 43 37 på
801 2109 100 26 annat
929 2106 142 38 område,
1099 2107 251 33 beaktansvärd.
1389 2110 180 31 Huruvida
1597 2121 40 21 en
1664 2112 102 31 sådan

280 2144 186 38 anordning
484 2145 74 31 med
575 2146 130 38 hänsyn
722 2147 52 30 till
793 2148 363 35 arbetsförhållandena
1175 2151 11 30 i
1205 2152 109 38 övrigt
1333 2153 179 39 lämpligen
1532 2155 65 31 kan
1616 2156 151 37 vidtagas

279 2188 111 39 ifråga
410 2199 53 21 om
483 2190 254 39 kronojägarna,
760 2193 193 31 undandrar
974 2194 50 38 sig
1045 2195 147 32 däremot
1212 2197 322 39 kontrollstyrelsens
1556 2200 208 32 bedömande.

322 2234 16 30 I
364 2234 245 39 behandlingen
635 2246 41 21 av
700 2236 92 32 detta
817 2239 119 31 ärende
962 2239 62 31 har
1048 2240 201 38 byråchefen
1276 2242 121 31 Thulin
1422 2243 139 39 deltagit
1588 2255 65 20 som
1680 2245 85 32 före-

280 2279 177 37 dragande.

322 2323 187 32 Stockholm
530 2325 64 30 den
614 2325 39 31 20
673 2327 149 31 februari
844 2329 87 29 1928.

851 2417 33 31 C.
907 2418 38 31 E.
968 2419 238 32 SVENSSON.

1401 2468 79 31 Eric
1505 2469 174 38 Bergman.
