2182 2712
393 240 115 31 Andra
530 239 213 32 Kammarens
771 237 176 41 Tillfälliga
978 237 133 32 Utskotts
1136 237 82 43 (N:o
1242 238 35 41 3)
1309 236 169 33 Utlåtande
1501 236 64 32 N:o
1589 237 49 30 13.
1743 236 19 31 3

218 321 192 49 vanligast
446 317 315 40 förekommande
799 318 65 38 fall
907 318 137 38 endast
1072 319 122 49 gäller
1224 318 74 36 den
1325 316 205 50 klagande.
1588 316 71 38 Om
1688 319 119 45 något

216 373 79 50 pris
324 378 41 32 är
394 372 163 49 origtigt
584 372 58 36 för
671 384 59 34 en,
760 374 42 34 så
830 376 40 32 är
900 371 64 37 det
992 371 71 37 ock
1092 370 162 49 origtigt
1281 370 58 36 för
1368 370 84 47 alla,
1480 368 154 38 hvadan
1654 368 153 37 ändrin-

216 439 77 35 gen
322 425 151 37 således
502 425 71 36 bör
601 423 102 49 gälla
732 423 83 36 alla.
871 423 17 36 I
918 423 140 49 Kongl.
1088 423 128 48 Maj:ts
1245 421 213 49 förklaring
1487 421 40 37 af
1555 421 74 36 den
1660 423 47 34 24
1735 420 72 36 Fe-

215 477 128 37 bruari
391 479 96 35 1860
530 476 107 36 öfver
673 475 142 47 Kongl.
857 475 262 48 kungörelsen
1149 474 73 36 den
1255 476 43 33 11
1328 474 75 47 Maj
1438 475 95 35 1855
1564 477 115 43 säges
1709 472 97 35 dock

215 529 275 49 uttryckligen,
517 533 66 40 att,
614 527 47 36 då
690 526 209 49 ändringar
928 532 115 43 göras
1072 526 12 36 i
1109 524 257 51 deputerades
1395 525 138 47 beslut,
1562 524 102 49 gälla
1694 523 114 37 dessa

216 582 57 35 för
303 581 84 47 alla,
432 584 42 33 så
508 579 82 37 vidt
618 579 65 36 det
711 583 107 31 rörer
847 579 205 49 årsprisen,
1082 591 87 24 men
1199 577 47 36 då
1275 576 165 49 ändring
1468 576 90 37 sker
1586 576 11 35 i
1627 575 75 37 den
1731 580 78 31 sär-

216 633 137 46 skilda,
394 632 122 37 under
556 631 89 36 Litt.
676 631 32 35 A
737 630 11 35 i
775 635 117 32 taxan
920 636 199 43 upptagna
1148 629 255 48 markegång,
1446 629 122 47 gäller
1597 627 211 47 ändringar

217 685 137 37 endast
396 685 57 36 för
491 684 74 36 den
608 681 206 49 klagande,
858 682 70 36 och
961 696 82 23 som
1078 682 125 36 denna
1231 686 89 31 taxa
1349 685 41 31 är
1419 680 86 47 den,
1534 679 157 37 hvilken
1719 678 12 36 i
1760 678 47 36 de

216 737 111 37 flesta
370 737 65 36 fall
476 736 191 47 tillämpas
710 733 65 36 vid
812 734 165 48 liqvider
1005 734 174 36 enskilde
1209 733 175 46 emellan,
1412 732 129 36 kunde
1570 745 47 23 en
1646 730 164 48 ändring

217 789 125 37 häruti
383 789 11 35 i
439 788 64 36 det
532 787 101 49 syfte
663 785 238 37 motionären
929 786 213 48 föreslagit,
1173 785 95 36 efter
1297 784 219 37 Utskottets
1545 782 263 47 förmenande,

220 842 68 36 lätt
315 840 87 37 leda
429 840 58 36 till
515 839 137 37 tvister
681 837 72 37 och
780 836 298 50 förvecklingar.

346 893 53 36 På
426 906 51 22 nu
508 890 158 38 anförda
695 889 82 37 skäl
805 889 69 37 har
902 890 199 36 Utskottet
1128 888 84 37 icke
1241 893 128 32 ansett
1398 887 61 49 sig
1492 887 130 36 kunna
1659 885 150 38 förorda

218 945 106 37 bifall
352 944 57 37 till
439 944 74 36 den
543 942 138 50 gjorda
709 941 344 49 framställningen,
1082 946 91 31 utan
1200 939 236 48 hemställer,

735 1043 54 30 att
831 1037 195 36 motionen
1059 1036 84 36 icke
1168 1038 118 33 måtte
1317 1034 59 36 till
1403 1037 128 45 någon
1563 1032 136 49 åtgärd
1727 1032 81 36 från

684 1089 243 48 Riksdagens
957 1088 84 37 sida
1068 1087 210 37 föranleda.

347 1194 219 37 Stockholm
596 1194 70 36 den
696 1195 21 33 2
748 1192 101 36 Mars
882 1194 104 34 1878.

781 1297 54 36 På
863 1297 207 36 Utskottets
1099 1300 158 44 vägnar:

875 1399 40 38 C.
946 1400 38 36 F.
1015 1399 143 38 TOLL.
