1886 2820
567 160 313 35 Bankoutskottets
895 159 177 35 memonal
1087 171 41 22 nr
1144 162 32 32 1.
1599 161 20 31 5

133 242 296 34 affärsbankernas
452 240 208 43 placeringar
682 240 10 34 i
717 238 371 36 skattkammarväxlar
1111 238 62 35 och
1196 237 311 44 statsobligationer
1530 238 90 34 varit

132 308 44 22 av
197 295 133 34 mindre
354 293 207 43 omfattning
650 293 105 34 ehuru
779 292 210 35 fortfarande
1010 304 45 22 av
1077 291 197 43 betydande
1296 291 123 34 storlek
1442 311 47 5 —
1512 291 108 34 under

132 349 38 34 år
187 351 87 32 1943
292 351 45 31 än
352 350 151 31 närmast
518 346 202 43 föregående
736 346 48 34 år.

176 402 103 34 Trots
307 406 53 29 att
389 401 63 34 den
479 399 185 44 expansiva
690 398 239 44 utvecklingen
956 399 46 43 på
1030 397 322 36 kreditmarknaden
1379 397 104 36 tidvis
1511 397 108 34 under

132 456 70 33 året
222 455 107 34 utlöst
350 454 90 34 vissa
457 453 179 35 tendenser
655 453 52 34 till
729 465 42 21 en
790 451 277 44 räntesänkning,
1088 451 62 35 har
1171 452 64 34 den
1256 451 144 43 tidigare
1422 450 197 43 uppnådda,

132 509 110 34 såsom
262 508 173 34 önskvärd
455 506 147 44 angivna
620 505 365 43 räntestabiliseringen
1006 505 10 34 i
1036 504 180 35 huvudsak
1236 504 133 35 kunnat
1390 503 229 35 vidmakthål-

132 562 59 34 las.
207 562 56 33 Av
281 561 173 43 betydelse
470 560 123 34 härvid
610 560 61 34 har
688 560 89 34 varit
796 559 103 34 bland
919 564 106 29 annat
1043 558 341 43 riksgäldskontorets
1402 557 216 43 upplånings-

132 615 133 42 politik.
281 614 149 35 Sålunda
444 614 46 34 ha
504 613 237 34 emissionerna
755 612 109 35 under
879 613 104 33 våren
1000 615 87 31 1943
1105 624 43 22 av
1164 616 50 31 ett
1230 611 147 43 sexårigt
1393 614 20 31 3
1431 611 40 44 YZ,
1490 610 63 35 och
1570 614 50 31 ett

133 668 146 42 45-årigt
295 666 65 41 314
378 667 38 44 I,
434 666 257 43 obligationslån
707 671 90 29 samt
810 666 107 34 under
930 666 122 33 hösten
1066 678 44 22 av
1125 669 50 30 ett
1189 664 150 43 47-årigt
1354 663 64 42 312
1436 664 40 44 ZY,
1494 663 125 43 obliga-

131 721 147 34 tionslån
293 720 147 43 bidragit
454 720 49 34 till
520 724 54 30 att
590 719 169 34 bibehålla
776 719 57 34 det
849 720 44 42 på
911 718 415 43 obligationsmarknaden
1340 717 151 34 rådande
1507 720 111 31 ränte-

132 771 99 50 läget.
453 792 5 4 ;

177 827 101 34 Inom
294 827 91 34 vissa
401 826 207 43 sparbanker
622 826 44 34 ha
683 825 395 44 placeringssvårigheter
1092 825 12 33 i
1122 824 166 35 samband
1305 824 79 34 med
1401 823 218 43 insättnings-

132 880 210 44 ökningarna
362 879 158 36 föranlett
538 879 260 43 överväganden
817 891 57 22 om
895 890 41 22 en
956 878 167 43 sänkning
1143 891 44 21 av
1206 877 338 43 inlåningsräntorna.
1565 877 55 33 En

134 934 94 43 dylik
247 933 167 43 sänkning
431 933 78 34 med
527 933 11 34 i
557 933 184 34 allmänhet
759 932 42 41 Y4
824 932 39 44 Y/,
884 932 63 34 har
963 932 108 34 under
1089 932 71 34 året
1179 931 176 43 företagits
1375 943 44 22 av
1439 936 51 29 ett
1508 930 112 43 tjugo-

132 987 49 35 tal
200 1000 44 21 av
262 987 132 34 landets
413 986 218 43 sparbanker.
650 986 18 33 I
688 985 90 43 syfte
798 990 53 29 att
869 985 180 34 motverka
1069 996 41 22 en
1129 984 116 35 vidare
1264 984 196 43 utveckling
1479 984 11 34 i
1510 984 111 33 denna

132 1040 151 43 riktning
301 1040 62 34 har
381 1039 206 34 riksbanken
606 1040 10 33 i
637 1039 191 34 samarbete
848 1039 78 34 med
945 1037 325 44 riksgäldskontoret
1290 1037 146 42 erbjudit
1457 1037 162 43 sparban-

132 1094 105 33 kerna
250 1093 103 40 vissa,
367 1093 83 34 efter
464 1092 194 35 ändamålet
672 1091 189 44 avpassade
875 1090 410 44 placeringsmöjligheter.
1302 1090 149 35 Sålunda
1467 1090 45 34 ha
1526 1102 94 30 spar-

133 1147 173 34 bankerna
323 1167 47 4 —
386 1146 63 34 och
465 1146 107 34 under
589 1157 114 22 senare
721 1145 98 34 delen
837 1157 43 22 av
898 1145 72 34 året
988 1147 87 31 även
1092 1144 89 34 vissa
1199 1144 245 34 centralkassor
1461 1142 52 35 för
1530 1143 90 43 jord-

134 1199 218 35 brukskredit
366 1220 46 4 —
425 1199 127 34 beretts
569 1198 210 43 möjligheter
795 1203 52 30 att
864 1209 120 32 genom
999 1197 206 34 riksbanken
1221 1197 104 34 bland
1341 1202 106 29 annat
1462 1196 159 34 förvärva

134 1252 369 36 skattkammarväxlar
529 1252 64 34 och
619 1251 307 43 statsobligationer
950 1251 79 34 med
1054 1250 77 35 kort
1157 1251 214 34 återstående
1395 1250 109 43 löptid
1531 1253 90 30 samt

134 1306 180 34 verkställa
330 1305 225 43 insättningar
571 1318 44 21 av
629 1305 109 34 medel
755 1305 141 33 bundna
911 1305 46 42 på
973 1304 154 43 omkring
1143 1307 32 37 6,
1191 1303 192 43 respektive
1399 1306 41 31 10
1458 1304 38 33 år
1511 1303 52 34 till
1580 1315 40 22 en

132 1363 170 30 räntesats
320 1372 45 21 av
381 1363 32 36 3,
427 1358 189 44 respektive
633 1358 64 41 314
717 1358 53 44 Y.

178 1412 224 35 Riksbanken
425 1412 62 33 har
511 1412 108 34 under
642 1412 37 33 år
705 1414 87 31 1943
818 1411 122 34 liksom
965 1410 108 34 under
1097 1410 201 43 föregående
1323 1410 37 33 år
1384 1409 162 43 mottagit
1572 1410 48 33 in-

134 1465 212 43 betalningar
370 1465 164 35 avseende
559 1468 89 30 ännu
673 1464 29 42 ej
727 1464 158 34 förfallna
910 1464 140 34 skatter.
1075 1463 167 43 Beloppet
1268 1475 44 22 av
1337 1462 116 43 dylika
1478 1462 142 34 inbetal-

133 1519 120 42 ningar
271 1518 156 43 utgjorde
447 1521 70 30 38.6
535 1517 153 43 miljoner
707 1517 126 33 kronor
853 1522 73 29 mot
948 1520 69 30 15.5
1038 1516 153 42 miljoner
1209 1516 125 33 kronor
1353 1515 200 43 föregående
1574 1516 46 33 år.

177 1571 242 35 Riksbankens
436 1570 190 35 nettovinst
643 1570 149 43 uppgick
809 1570 106 34 under
933 1570 37 33 år
989 1573 87 30 1943
1095 1570 49 34 till
1164 1572 179 37 9,409,229
1360 1569 125 34 kronor
1504 1572 40 30 61
1565 1571 56 31 öre

133 1630 74 29 mot
222 1628 202 37 19,381,373
438 1624 126 34 kronor
579 1628 42 30 25
635 1627 59 31 öre
708 1624 37 34 år
762 1627 99 31 1942.
876 1623 135 34 Härvid
1026 1623 62 34 har
1102 1622 122 35 liksom
1238 1622 108 35 under
1361 1623 37 33 år
1416 1625 87 31 1942
1519 1621 102 34 resul-

133 1682 88 31 tatet
235 1691 47 21 av
297 1678 145 34 handeln
457 1678 79 33 med
553 1677 79 43 guld
647 1677 72 34 icke
735 1677 231 39 medräknats,
981 1676 124 34 medan
1121 1676 20 34 å
1157 1676 105 34 andra
1280 1675 96 34 sidan
1392 1675 230 34 kostnaderna

133 1731 52 34 för
197 1731 301 43 guldtransporter,
512 1731 93 33 vilka
618 1731 107 33 under
738 1730 82 34 sista
834 1731 79 33 åren
927 1729 89 35 varit
1031 1729 207 43 obetydliga,
1251 1729 75 34 icke
1338 1729 163 34 belastats
1516 1728 105 34 vinst-

133 1785 63 33 och
211 1784 254 34 förlustkontot.

179 1838 67 34 Vid
263 1850 44 21 en
324 1837 190 43 jämförelse
532 1837 122 34 mellan
672 1836 275 35 vinstresultaten
966 1836 52 34 för
1037 1836 80 34 åren
1138 1838 86 31 1942
1245 1835 65 34 och
1331 1838 86 31 1943
1437 1835 62 34 bör
1517 1834 104 34 bland

134 1896 105 29 annat
257 1891 154 39 beaktas,
430 1894 52 30 att
500 1890 90 34 vissa
611 1890 195 39 inkomster,
825 1902 73 21 som
918 1889 209 34 riksbanken
1143 1888 75 34 haft
1238 1888 108 34 under
1365 1888 57 34 det
1441 1887 89 34 förra
1550 1888 71 33 året

134 1944 58 33 vid
209 1943 237 43 försäljningar
465 1955 44 21 av
528 1943 230 42 obligationer,
777 1942 106 34 under
902 1943 38 32 år
960 1945 87 30 1943
1067 1942 10 33 i
1097 1941 182 34 huvudsak
1298 1940 178 34 bortfallit.
1496 1940 126 34 Vidare

133 1997 62 33 har
211 1996 206 34 riksbanken
434 1996 108 34 under
559 1995 75 35 hela
652 1996 37 33 år
709 1998 100 37 1943,
828 2007 78 21 men
924 1994 121 34 endast
1064 1994 105 34 under
1189 1993 41 34 de
1250 1993 81 34 sista
1350 1993 207 34 månaderna
1578 2006 44 21 av

134 2051 37 32 år
191 2052 99 37 1942,
310 2049 164 43 gottgjort
491 2048 324 43 riksgäldskontoret
834 2051 99 31 ränta
951 2048 45 43 på
1015 2047 111 34 medel
1146 2047 218 34 innestående
1382 2047 45 42 på
1445 2046 176 34 kontorets

134 2102 259 43 checkräkning.

180 2155 327 42 Guldbehållningen
528 2155 63 33 har
611 2155 56 33 vid
689 2154 238 43 uppgörandet
947 2166 43 21 av
1012 2153 173 34 bokslutet
1205 2152 53 34 för
1279 2153 37 33 år
1339 2155 86 31 1943
1447 2152 176 43 upptagits

133 2209 51 33 till
197 2213 51 28 ett
263 2209 106 33 värde
383 2220 42 21 av
441 2211 99 37 2,480
556 2208 124 33 kronor
695 2219 60 31 per
768 2207 177 42 kilogram.
961 2206 194 34 Skillnaden
1169 2206 123 33 mellan
1308 2205 134 43 inköps-
1459 2205 64 34 och
1539 2205 82 34 bok-

134 2261 276 42 föringspriserna
433 2261 63 33 har
520 2260 57 34 vid
603 2260 101 42 inköp
730 2272 43 21 av
800 2260 78 42 guld
904 2259 187 34 debiterats
1116 2263 49 29 ett
1191 2258 135 34 särskilt
1352 2258 269 42 guldreglerings-

133 2314 117 33 konto.
266 2314 67 33 Vid
350 2313 195 42 försäljning
561 2325 42 21 av
621 2312 78 43 guld
714 2312 62 33 har
792 2313 96 33 detta
903 2312 107 33 konto
1027 2310 201 34 krediterats
1245 2311 79 33 med
1341 2310 186 34 skillnaden
1542 2309 79 34 mel-

135 2367 54 33 lan
205 2365 319 43 försäljningspriset
542 2365 63 34 och
624 2364 328 43 bokföringsvärdet.

180 2420 54 32 De
254 2418 183 34 utländska
457 2418 179 33 valutorna
655 2417 45 34 ha
721 2417 176 42 upptagits
917 2416 49 34 till
988 2417 91 41 lägre
1099 2416 117 33 kurser
1238 2419 43 30 än
1303 2415 41 34 de
1366 2415 57 34 vid
1446 2416 88 33 årets
1557 2415 65 34 slut

136 2472 164 42 gällande.
319 2471 67 34 Vid
402 2471 70 42 köp
487 2471 64 33 och
571 2470 195 43 försäljning
784 2482 44 21 av
847 2469 135 34 valutor
999 2469 63 33 har
1081 2468 184 34 skillnaden
1284 2468 123 34 mellan
1424 2468 199 43 tillämpade
