1903 2839
296 164 19 30 6
596 165 122 39 Tredje
741 165 238 40 lagutskottets
1004 167 175 32 utlåtande
1202 178 43 20 nr
1269 169 40 30 12
1332 168 39 31 år
1395 169 84 30 1969

295 254 51 31 till
362 255 99 40 högst
480 257 40 30 85
538 253 51 34 ?/o.
610 257 52 30 Fr.
678 267 29 21 o.
722 267 44 22 m,
787 258 66 30 den
872 259 15 29 1
907 258 137 39 januari
1065 259 82 31 1966
1166 260 134 31 lämnas
1317 260 122 40 bidrag
1457 261 86 30 även
1561 261 50 30 till
1628 262 151 39 byggan-

295 310 41 30 de
355 320 42 20 av
417 311 134 30 enskild
570 312 65 39 väg
654 321 74 21 som
748 314 100 38 utgör
866 313 206 40 tillfartsväg
1092 314 50 30 till
1161 314 246 32 naturområde
1427 315 54 31 för
1501 316 194 30 rekreation
1715 317 64 30 och

295 364 178 31 friluftsliv
492 367 80 29 eller
591 366 44 39 på
655 376 116 21 annan
791 368 111 39 grund
922 369 37 29 är
979 378 41 20 av
1040 369 147 30 särskild
1206 370 173 38 betydelse
1399 370 54 30 för
1472 370 305 32 friluftsändamål.

294 419 126 40 Bidrag
445 420 70 30 kan
541 420 104 31 också
670 422 134 30 lämnas
831 422 51 30 till
909 422 83 30 drift
1018 432 42 20 av
1086 423 134 30 enskild
1246 425 65 38 väg
1336 434 42 20 av
1404 425 166 39 väsentlig
1596 426 182 38 betydelse.

294 473 126 41 Bidrag
443 474 101 40 utgår
567 476 79 29 med
672 477 40 29 70
738 472 41 34 ?/o
805 486 42 20 av
871 477 179 30 beräknad
1075 477 148 31 kostnad
1249 478 55 31 för
1329 478 266 40 väghållningen
1620 480 65 30 och
1710 480 70 30 kan

293 528 143 40 beviljas
455 530 79 30 med
552 531 40 29 85
611 526 41 35 ?/o
671 540 57 21 om
746 531 196 40 synnerliga
959 531 75 31 skäl
1052 532 190 40 föreligger.
1262 532 124 31 Vidare
1404 533 71 30 kan
1492 543 24 21 s.
1531 533 32 31 k.
1583 533 195 32 iståndsätt-

293 583 224 41 ningsbidrag
543 584 143 40 beviljas
714 586 79 29 med
822 586 39 30 70
889 582 51 34 ?/o.
970 586 164 40 Samtliga
1161 587 122 40 bidrag
1310 587 143 40 beviljas
1481 598 42 22 av
1551 589 227 39 länsstyrelse,

294 638 121 30 därvid
436 648 74 21 som
531 639 124 31 villkor
675 640 55 30 för
749 640 173 40 bidragets
943 640 203 40 åtnjutande
1167 641 88 31 skall
1275 644 125 37 upptas
1421 642 124 31 villkor
1565 643 55 30 för
1641 643 138 40 väghål-

293 693 98 30 larna
405 694 44 30 bl.
465 703 29 21 a.
512 696 48 28 att
575 694 76 30 icke
666 697 84 28 utan
765 695 261 39 länsstyrelsens
1042 696 227 39 medgivande
1285 697 166 39 avstänga
1467 698 108 39 vägen
1592 698 54 30 för
1662 698 116 31 trafik.

338 748 115 40 Enligt
477 748 67 31 den
569 748 95 31 förut
688 749 154 31 nämnda
866 749 230 40 kungörelsen
1121 760 42 20 av
1189 750 38 31 år
1255 752 83 30 1943
1370 750 145 40 (ändrad
1540 752 88 32 bl.a.
1657 761 123 31 genom

294 802 73 31 SFS
403 804 95 29 1965:
517 803 71 40 303)
627 804 70 30 kan
729 804 302 40 byggnadsbidrag
1062 804 81 41 utgå
1174 805 51 31 till
1257 806 291 40 skogshuvudväg
1585 806 153 39 (varmed
1769 807 10 30 i

293 857 230 38 kungörelsen
544 858 126 30 förstås
694 859 169 38 skogsväg
886 869 75 19 som
984 859 70 30 kan
1077 861 177 28 användas
1278 860 72 30 året
1373 864 81 26 runt
1477 861 55 30 för
1554 865 85 34 tung
1662 862 116 35 trafik,

293 910 109 30 under
426 910 247 41 förutsättning
697 913 49 28 att
768 912 110 38 vägen
901 912 38 30 är
962 911 51 30 till
1036 914 97 37 nytta
1156 912 55 30 för
1234 915 46 27 ett
1303 914 108 29 större
1435 913 245 39 skogsområde
1704 915 74 35 och,

293 974 57 21 om
374 965 170 31 särskilda
568 965 75 31 skäl
666 965 76 31 icke
766 966 195 31 föranleder
985 969 115 34 annat,
1126 968 87 30 även
1237 970 46 28 ett
1307 969 108 29 större
1438 969 94 29 antal
1556 968 217 41 skogsägare)

293 1019 79 30 med
393 1020 100 38 högst
515 1020 41 30 50
577 1016 42 34 /o
640 1020 66 30 och
728 1020 49 30 till
800 1030 116 20 annan
938 1021 169 39 skogsväg
1128 1022 79 29 med
1229 1022 100 39 högst
1351 1023 41 29 40
1415 1018 41 34 9/9
1479 1032 41 20 av
1544 1023 66 30 den
1632 1023 148 30 kostnad

292 1073 55 30 för
377 1073 167 40 företaget
575 1083 74 21 som
680 1074 375 40 skogsvårdsstyrelsen
1087 1076 210 39 godkänner.
1331 1075 381 41 Skogsvårdsstyrelsen
1743 1079 37 28 är

292 1127 336 40 bidragsbeviljande
647 1128 211 39 myndighet.
881 1129 66 30 Till
967 1129 290 40 skogshuvudväg
1277 1140 41 20 av
1340 1131 148 29 särskild
1508 1132 172 37 betydelse
1701 1131 80 31 från

293 1181 293 40 fritidssynpunkt
611 1182 70 30 kan
706 1182 104 40 enligt
835 1183 145 30 fr.o.m.
1007 1184 67 29 den
1100 1185 14 28 1
1142 1184 63 39 juli
1232 1185 83 30 1965
1342 1185 157 38 gällande
1523 1186 257 30 bestämmelser

293 1236 131 39 förhöjt
445 1236 122 40 bidrag
589 1237 144 30 lämnas.
756 1233 46 34 Är
824 1237 290 40 skogshuvudväg
1136 1247 75 21 som
1233 1238 207 40 tillfartsväg
1462 1239 50 30 till
1534 1239 246 31 naturområde

293 1290 55 30 för
366 1290 195 31 rekreation
582 1291 65 30 och
668 1290 178 31 friluftsliv
867 1291 80 30 eller
968 1290 44 41 på
1033 1301 117 20 annan
1171 1292 112 39 grund
1302 1302 43 20 av
1365 1293 148 30 särskild
1532 1294 173 38 betydelse
1726 1294 54 31 för

293 1344 279 30 fritidsändamål
592 1345 70 29 kan
683 1344 146 30 sålunda
849 1345 155 39 bidraget
1025 1347 209 29 bestämmas
1256 1346 50 30 till
1327 1347 100 38 högst
1449 1348 49 34 70,
1522 1348 80 31 eller
1623 1358 57 20 om
1702 1358 77 28 syn-

293 1397 130 39 nerliga
445 1397 75 31 skäl
542 1397 191 40 föreligger,
755 1399 101 38 högst
878 1399 40 30 85
940 1395 42 34 ?/o
1004 1408 42 21 av
1068 1399 66 30 den
1157 1399 183 39 godkända
1363 1400 202 31 kostnaden.
1590 1400 111 40 Fråga
1723 1411 57 21 om

293 1451 131 40 förhöjt
448 1451 122 40 bidrag
595 1453 121 38 avgörs
742 1462 42 22 av
808 1453 253 38 länsstyrelsen.
1089 1452 106 40 Utgår
1220 1453 123 31 sådant
1367 1454 122 40 bidrag
1514 1454 88 31 skall
1626 1455 153 40 bidrags-

293 1508 142 37 tagaren
453 1505 162 31 förbinda
634 1506 50 39 sig
701 1509 49 27 att
767 1506 75 30 icke
860 1509 85 27 utan
962 1507 261 39 länsstyrelsens
1242 1508 227 39 medgivande
1488 1509 166 39 avstänga
1672 1510 108 39 vägen

292 1560 54 30 för
360 1560 115 29 trafik.

338 1614 49 29 De
406 1613 216 31 sistnämnda
640 1615 305 29 bestämmelserna
965 1614 177 40 angående
1162 1615 132 39 förhöjt
1312 1616 122 39 bidrag
1454 1616 50 30 till
1524 1617 104 38 vägar
1649 1626 42 21 av
1710 1618 69 30 sär-

292 1668 90 30 skild
406 1669 173 38 betydelse
603 1669 55 30 för
683 1668 279 31 fritidsändamål
988 1669 135 31 tillkom
1150 1678 122 31 genom
1297 1670 283 31 statsmakternas
1606 1672 111 29 beslut
1742 1671 38 31 år

296 1723 82 29 1965
401 1722 107 39 (prop.
529 1723 95 30 1965:
642 1724 27 34 1,
686 1722 57 32 bil.
762 1724 36 28 11
817 1733 32 29 p.
868 1723 30 29 H
915 1724 29 34 6,
961 1723 73 30 JoU
1053 1724 26 35 1,
1097 1733 31 29 p.
1147 1724 50 36 75,
1214 1724 86 30 rskr.
1319 1724 46 39 9).
1383 1725 187 30 Reformen
1586 1726 193 38 grundades

292 1776 44 40 på
361 1780 45 27 ett
430 1786 42 21 av
497 1777 449 40 Skogsbruksutredningen
970 1778 65 30 den
1063 1778 38 29 14
1127 1778 143 30 oktober
1296 1779 83 30 1963
1404 1779 133 39 avgivet
1561 1780 219 30 betänkande

292 1831 148 32 rörande
467 1831 209 39 skogsvägar
708 1831 97 38 (SOU
836 1831 181 39 1963:71).
1046 1832 72 29 Här
1144 1831 58 31 må
1229 1833 86 29 även
1342 1833 163 30 hänvisas
1533 1833 50 30 till
1614 1835 82 29 1960
1725 1833 55 31 års

292 1884 410 40 naturvårdsutrednings
732 1885 228 36 betänkande,
991 1886 165 30 benämnt
1188 1886 152 30 Naturen
1371 1887 64 30 och
1465 1888 181 30 samhället
1682 1888 97 38 (SOU

294 1940 96 30 1962:
406 1940 40 30 36
461 1949 24 21 s.
501 1940 63 30 358
579 1939 58 40 ff).

337 1993 13 29 I
377 1994 66 29 den
469 1994 237 38 nyssnämnda
732 1993 259 39 propositionen
1016 1994 51 30 till
1096 1995 82 29 1965
1206 1994 54 30 års
1288 1994 140 40 riksdag
1454 1995 145 30 anförde
1626 1996 152 38 departe-

292 2048 238 29 mentschefen
550 2048 44 29 bl.
610 2057 29 20 a.
663 2051 48 27 att
734 2048 130 29 allmän
887 2048 107 29 trafik
1015 2048 45 38 på
1082 2048 209 39 skogsvägar
1314 2049 136 30 medför
1471 2049 106 39 högre
1601 2050 178 30 standard-

292 2102 86 29 krav
400 2101 45 39 på
468 2103 151 38 vägarna
642 2102 65 30 och
730 2102 82 30 ökat
835 2111 125 21 ansvar
982 2102 55 30 för
1060 2101 234 40 väghållarna.
1319 2102 78 30 Med
1421 2103 137 39 hänsyn
1581 2103 116 30 härtill
1721 2113 58 21 an-

293 2155 76 39 sågs
392 2156 55 30 det
468 2155 31 39 ej
521 2155 187 39 lämpligen
730 2165 74 21 som
826 2158 47 28 ett
893 2156 144 30 allmänt
1059 2155 124 31 villkor
1204 2156 55 30 för
1280 2155 122 41 bidrag
1424 2166 42 20 av
1488 2157 143 39 tidigare
1653 2157 127 31 storlek

299 2209 22 40 (i
343 2210 90 39 regel
457 2210 100 39 högst
582 2210 40 30 50
647 2206 41 34 ?/o
713 2209 51 30 till
788 2210 180 39 byggande
992 2219 42 22 av
1058 2210 156 39 stamväg
1238 2211 65 29 och
1328 2211 41 29 40
1393 2207 41 34 ?/o
1460 2211 49 30 till
1533 2211 181 39 byggande
1738 2221 42 20 av

293 2273 117 21 annan
428 2263 180 40 skogsväg)
631 2265 85 29 böra
733 2264 125 30 krävas
877 2267 49 27 att
942 2265 65 38 väg
1024 2264 88 30 hölls
1131 2266 113 37 öppen
1262 2265 55 29 för
1335 2265 130 29 allmän
1481 2265 116 32 trafik,
1618 2266 161 30 Emeller-

293 2318 49 29 tid
359 2327 60 20 var
436 2318 55 30 det
508 2318 104 38 enligt
630 2318 395 38 departementschefens
1043 2318 139 39 mening
1199 2318 10 30 i
1226 2318 90 30 vissa
1334 2318 60 30 fall
1413 2318 37 31 så
1468 2319 178 39 angeläget
1662 2329 41 20 ur
1720 2319 59 31 fri-

293 2372 247 39 tidssynpunkt
556 2374 49 28 att
621 2372 169 40 skogsväg
805 2371 72 31 fick
893 2372 73 31 fritt
983 2371 193 37 trafikeras,
1195 2374 49 28 att
1260 2372 56 30 det
1332 2382 59 21 var
1407 2372 181 31 motiverat
1605 2376 48 28 att
1670 2376 110 28 staten

292 2427 161 29 lämnade
477 2426 105 39 högre
607 2426 122 39 bidrag
753 2426 50 30 till
828 2426 423 39 byggnadskostnaderna.
1279 2426 154 31 Särskild
1458 2427 173 39 betydelse
1655 2438 40 19 ur
1721 2428 58 30 fri-

292 2480 247 39 tidssynpunkt
559 2481 106 29 borde
686 2480 291 39 skogshuvudväg
996 2480 120 30 kunna
1137 2490 98 21 anses
1256 2481 45 29 ha
1322 2490 57 20 om
1400 2481 66 29 den
1486 2481 83 29 kom
1589 2484 49 27 att
1658 2484 122 36 utgöra

292 2534 206 38 tillfartsväg
520 2534 51 30 till
593 2533 246 31 naturområde
862 2543 74 21 som
957 2534 106 30 borde
1086 2543 82 22 vara
1189 2535 62 30 lätt
1274 2534 211 39 tillgängliga
1508 2534 54 31 för
1585 2535 195 31 rekreation
