2192 2640
677 203 257 34 Statsutskottels
958 204 173 33 Memorial
1152 205 67 32 N:o
1252 206 51 32 73.
1774 207 18 30 7

323 287 38 50 b)
389 289 56 37 för
472 290 109 36 Löfås
607 290 221 46 silfververk,
859 293 54 34 att
939 294 130 45 ägarne
1097 292 37 35 af
1161 291 98 36 detta
1286 291 87 37 verk
1401 291 75 36 före
1509 292 99 35 1878
1633 292 56 36 års
1717 291 76 37 slut

189 341 57 37 till
283 342 343 48 riksgäldskontoret
659 344 156 36 inbetala
842 344 224 48 löseskilling
1093 345 56 35 för
1177 345 69 36 den
1270 345 40 35 af
1336 345 125 36 verket
1490 345 177 47 utgående
1693 345 99 36 afrad

189 395 82 37 med
303 397 141 43 11,344
474 397 134 36 kronor
638 398 47 34 60
715 401 76 42 öre;
823 397 66 36 och

321 448 32 48 ce)
394 449 56 36 för
492 450 115 48 Dylta
634 451 161 42 svafvel-,
825 450 133 36 vitriol-
987 451 66 35 och
1082 451 262 48 rödfärgsverk,
1381 453 54 33 att
1467 454 132 44 ägaren
1627 452 38 34 af
1692 451 98 35 detta

188 502 87 35 verk
316 502 171 36 likaledes
530 503 75 35 före
650 504 100 35 1878
784 504 56 34 års
872 504 140 46 utgång
1043 503 55 35 till
1127 504 343 47 riksgäldskontoret
1498 504 175 36 inbetalar
1702 504 88 35 löse-

189 555 145 47 skilling
366 555 55 35 för
453 556 70 35 den
550 556 38 35 af
615 555 99 36 detta
738 556 85 35 verk
851 556 178 47 utgående
1057 556 101 35 afrad
1187 557 81 35 med
1301 557 139 42 13,958
1471 556 134 36 kronor
1634 559 49 34 40
1712 560 77 42 öre;

322 610 93 34 samt
455 608 83 36 med
578 610 71 34 rätt
686 610 13 34 i
740 609 111 47 öfrigt
884 609 55 35 för
967 609 221 46 bergverken
1216 612 54 33 att
1298 609 146 36 komma
1471 610 13 34 i
1512 610 214 46 åtnjutande
1755 610 37 35 af

188 661 188 36 befrielsen
409 662 80 35 från
517 662 150 35 tionden
695 662 80 35 från
804 662 66 36 och
899 661 82 37 med
1010 662 60 36 det
1098 663 49 44 år,
1177 662 115 36 under
1319 663 140 35 hvilket
1487 662 42 36 de
1560 663 161 48 uppfyllt
1749 663 43 35 de

189 714 108 36 ofvan
340 715 156 36 nämnda
538 715 129 35 villkor
708 716 68 36 och
808 715 186 46 förbehåll,
1025 728 77 23 som
1134 716 56 36 för
1218 718 94 34 vissa
1340 716 109 36 bland
1478 715 82 37 dem
1589 716 121 36 blifvit
1737 716 57 35 för

190 768 108 35 sådan
326 768 163 37 befrielse
518 769 198 46 bestämda;
747 771 38 34 så
812 772 84 45 äger
924 769 346 47 riksgäldskontoret
1297 772 54 33 att
1379 771 162 46 mottaga
1570 769 43 36 de
1647 770 143 47 belopp,

188 820 124 37 hvilka
351 822 56 35 till
440 822 91 47 följd
559 822 38 36 af
625 823 108 36 ofvan
762 823 155 35 nämnda
944 822 131 36 villkor
1103 823 145 36 komma
1276 826 54 33 att
1358 823 55 36 till
1443 823 351 47 riksgäldskontoret

189 875 186 36 inbetalas.

939 981 23 47 8
992 984 62 34 45.

323 1069 70 36 Om
419 1069 260 37 statskontoret
705 1070 150 36 erhåller
882 1073 110 33 större
1019 1070 251 49 behållningar
1297 1071 21 35 å
1347 1070 78 36 sina
1456 1070 195 48 räkningar
1677 1070 13 36 i
1700 1070 93 36 riks-

190 1123 155 45 banken,
377 1126 44 33 än
463 1135 77 24 som
581 1124 56 35 för
664 1123 43 36 de
734 1123 151 49 löpande
913 1125 303 47 statsutgifternas
1244 1124 223 37 bestridande
1495 1136 102 24 anses
1624 1124 169 36 erforder-

188 1176 86 47 liga,
317 1180 84 45 äger
441 1177 344 47 riksgäldskontoret
824 1179 55 34 att
919 1177 12 35 i
972 1178 192 48 afräkning
1204 1179 21 34 å
1266 1177 345 48 riksgäldskontoret
1637 1177 156 37 tillkom-

189 1230 129 36 mande
342 1230 124 48 anslag
494 1231 84 35 eller
605 1231 45 47 på
678 1231 43 35 de
740 1231 421 48 återbetalningsvillkor,
1182 1244 78 23 som
1279 1230 40 37 af
1334 1231 228 48 fullmäktige
1582 1231 210 48 medgifvas,

190 1283 130 36 sådana
347 1284 249 48 behållningar
623 1284 37 35 af
687 1284 257 36 statskontoret
970 1285 55 35 till
1053 1285 218 47 förvaltning
1299 1287 171 44 mottaga.

940 1426 23 47 8
991 1428 63 35 46.

323 1514 95 36 Från
447 1514 259 37 statskontoret
732 1518 83 45 äger
842 1515 344 48 riksgäldskontoret
1213 1517 64 43 att,
1316 1515 4 35 i
1347 1516 84 35 mån
1458 1516 38 35 af
1526 1516 121 45 behof,
1679 1515 115 37 under

190 1569 84 35 åren
306 1570 101 34 1904
435 1568 68 36 och
536 1569 99 37 1905
664 1569 233 36 utbekomma
925 1569 42 36 de
995 1569 14 35 i
1036 1569 189 36 hvartdera
1251 1570 93 35 årets
1370 1569 145 37 riksstat
1540 1569 57 37 till
1615 1569 178 48 utgående

189 1622 80 35 från
312 1621 347 49 riksgäldskontoret
695 1622 206 49 förslagsvis
942 1623 176 48 uppförda
1150 1623 124 47 anslag
1304 1623 56 36 till
1393 1623 175 47 riksdags-
1596 1624 67 35 och
1704 1624 90 36 revi-

190 1675 290 37 sionskostnader
520 1678 94 34 samt
653 1676 208 48 aflöningar,
903 1677 185 36 äfvensom
1129 1676 56 36 till
1225 1678 122 35 räntor
1382 1677 68 36 och
1481 1677 263 47 afbetalningar
1773 1678 21 35 å

190 1729 240 36 statsskulden
454 1730 92 35 efter
572 1729 126 49 afdrag
725 1730 37 36 af
788 1730 57 36 till
867 1730 349 48 riksgäldskontoret
1242 1730 175 48 ingående
1436 1733 113 33 ränte-
1564 1731 66 36 och
1643 1730 150 49 kapital-

189 1782 243 49 betalningar;
462 1782 159 38 börande
647 1784 13 34 i
688 1784 67 36 den
783 1783 128 45 likvid,
940 1796 78 24 som
1045 1783 91 37 skall
1167 1784 56 36 för
1246 1783 62 37 det
1325 1784 235 36 sistförflutna
1580 1782 77 38 året
1674 1784 13 36 i
1705 1783 87 37 riks-

190 1836 272 48 gäldskontoret
504 1836 83 37 med
629 1837 214 37 statsverket
869 1839 197 47 upprättas,
1100 1837 258 37 statskontoret
1385 1838 141 48 påföras
1566 1837 86 37 eller
1691 1837 102 48 godt-

189 1893 104 45 göras
334 1890 60 37 det
428 1890 144 49 belopp,
614 1890 169 37 hvarmed
825 1891 43 37 de
896 1891 59 36 till
982 1890 344 48 riksgäldskontoret
1352 1891 182 36 inbetalda
1562 1891 231 37 förenämnda

190 1943 124 49 anslag
341 1945 58 35 må
427 1944 109 36 hafva
563 1944 216 49 understigit
805 1945 86 36 eller
917 1944 230 48 öfverskjutit
1173 1944 70 37 den
1266 1957 152 33 summa,
1448 1945 171 36 hvarmed
1646 1944 148 37 berörda

190 1998 160 47 utgifter,
381 1998 92 36 efter
499 1998 263 37 frånräknande
789 1999 40 35 af
856 1998 234 38 omförmälda
1117 1998 137 48 afdrag,
1283 1999 14 36 i
1322 1998 247 48 verkligheten
1597 1999 81 36 från
1705 1998 88 36 riks-

188 2051 272 49 gäldskontoret
486 2053 131 46 utgått.

931 2123 24 47 8
983 2124 64 37 47.

325 2212 206 48 Riksdagen
564 2212 67 36 bar
670 2213 42 35 år
757 2212 98 38 1877
895 2212 203 48 medgifvit,
1127 2214 55 35 att
1209 2212 43 37 de
1281 2212 127 46 medel,
1438 2225 78 24 som
1543 2212 138 38 influtit
1708 2212 84 36 eller

190 2266 155 37 därefter
382 2266 123 37 inflöte
546 2266 57 37 för
647 2265 223 49 försäljning,
897 2266 149 49 jämlikt
1068 2265 126 49 kungl.
1224 2266 140 37 brefvet
1391 2266 69 37 den
1491 2267 47 36 29
1568 2267 74 47 maj
1676 2266 114 46 1874,
