1916 2828
302 165 18 28 4
768 159 230 27 Statsutskottets
1024 158 149 27 utlåtande
1199 167 35 17 nr
1262 157 63 26 162.

346 242 125 38 Kungl.
495 241 116 38 Maj:ts
635 240 129 37 förslag
788 239 144 29 innebär
954 242 48 27 att
1024 247 41 20 ur
1088 237 148 30 ämbetet
1258 236 156 38 utbrytas
1438 234 131 30 sådana
1592 234 104 34 delar,
1720 241 74 21 som

302 295 144 31 handha
463 294 226 30 kommunala
706 292 175 40 uppgifter
896 309 45 4 —
957 290 174 39 nämligen
1148 289 245 31 skatteverkets
1410 287 173 35 mantals-,
1602 285 191 40 uppbörds-

303 349 64 29 och
389 346 434 39 debiteringsavdelningar
845 350 89 26 samt
954 344 293 39 poliskammaren
1267 360 45 4 —
1333 342 65 30 och
1421 344 49 27 att
1490 339 229 31 kvarstående
1739 339 54 29 de-

303 402 51 29 lar
375 401 96 30 bilda
495 403 46 28 ett
564 401 11 29 i
599 400 52 30 sin
674 399 117 30 helhet
814 398 46 40 på
883 398 184 30 riksstaten
1090 396 143 39 uppfört
1257 393 399 32 överståthållarämbete
1682 392 78 30 med
1784 391 11 29 i

303 458 84 28 stort
412 458 65 28 sett
501 463 132 20 samma
657 452 175 40 uppgifter
858 461 75 21 som
958 460 42 21 en
1026 450 227 38 länsstyrelse.
1289 449 7 29 I
1321 448 170 30 samband
1516 446 144 30 därmed
1686 445 109 31 skulle

303 509 87 29 även
411 507 155 39 vidtagas
588 506 90 31 vissa
700 504 287 40 överflyttningar
1008 514 42 20 av
1072 503 161 35 ärenden,
1257 501 138 31 särskilt
1417 501 128 29 mellan
1566 499 228 31 kansliavdel-

302 561 172 38 ningarna
491 560 66 30 och
573 559 303 40 poliskammaren,
895 559 61 29 allt
974 557 86 30 efter
1076 556 190 30 ärendenas
1283 558 103 27 natur
1403 564 43 20 av
1462 553 243 39 länsstyrelse-,
1724 561 70 21 ma-

304 614 151 39 gistrats-
482 614 81 30 eller
585 611 414 41 poliskammarärenden.

347 667 117 38 Enligt
493 667 91 30 detta
611 665 130 39 förslag
769 665 109 30 skulle
904 662 413 32 överståthållarämbetet
1345 661 85 30 efter
1460 659 337 39 omorganisationen

302 720 96 31 bestå
420 729 45 21 av
485 723 50 27 tre
553 718 348 38 huvudavdelningar
921 718 106 38 jämte
1050 717 88 30 vissa
1161 714 344 38 underavdelningar,
1529 712 176 39 nämligen
1727 711 68 30 för-

303 777 52 27 sta
396 772 354 39 kansliavdelningen,
792 772 110 30 andra
931 769 343 38 kansliavdelningen
1303 769 79 29 med
1414 766 383 38 försvarsavdelningen

303 827 65 30 och
386 826 338 38 trafikavdelningen
744 828 89 27 samt
851 823 341 38 skatteavdelningen
1210 822 79 30 med
1308 819 404 40 taxeringsavdelningen
1732 818 65 30 och

303 879 426 40 kupongskattekontoret.

349 934 76 29 Den
446 942 71 30 nya
538 931 341 38 skatteavdelningen
902 930 111 30 skulle
1035 929 131 31 erhålla
1190 929 41 30 de
1254 926 300 40 arbetsuppgifter,
1580 936 76 20 som
1678 926 12 30 i
1713 926 86 30 stort

305 990 64 27 sett
386 990 176 27 motsvara
581 986 41 29 de
641 986 96 29 delar
754 994 43 21 av
815 984 260 30 landskontoret
1093 983 57 29 vid
1168 992 41 20 en
1228 982 228 38 länsstyrelse,
1477 980 94 30 vilka
1588 980 47 30 ha
1654 982 49 27 att
1720 982 78 35 taga

305 1039 194 39 befattning
525 1039 78 30 med
631 1039 153 29 ärenden
812 1036 178 40 angående
1019 1035 270 38 folkbokföring,
1320 1034 165 38 taxering,
1516 1033 188 38 debitering
1734 1032 64 30 och

305 1093 171 39 uppbörd.
498 1091 91 31 Från
608 1092 110 30 första
737 1090 343 38 kansliavdelningen
1100 1089 110 30 skulle
1229 1088 201 39 överflyttas
1450 1087 152 30 ärenden
1621 1085 178 39 angående

305 1147 124 29 besvär
467 1147 81 29 över
575 1144 300 40 kyrkobokföring
904 1144 66 30 och
999 1142 327 38 mantalsskrivning
1356 1143 90 28 samt
1472 1140 152 30 ärenden
1651 1139 148 30 rörande

305 1200 175 30 arvsskatt
505 1199 65 30 och
596 1197 189 40 gåvoskatt.
814 1198 116 30 Under
956 1196 111 31 andra
1092 1193 343 39 kansliavdelningen
1462 1194 110 29 skulle
1599 1192 117 30 vidare
1743 1200 55 21 en-

305 1252 60 39 ligt
391 1252 165 38 förslaget
580 1251 144 30 inrättas
750 1260 43 20 en
816 1250 148 30 särskild
990 1248 289 39 trafikavdelning
1304 1248 80 29 med
1408 1254 84 31 egen
1518 1244 282 40 avdelningschef

305 1306 56 30 för
385 1304 261 39 handläggning
671 1313 44 21 av
740 1303 269 31 trafikärenden.

893 1418 329 47 Personalfrågor.

309 1505 324 36 Överståthållaren
654 1509 68 30 och
742 1506 355 33 underståthållaren.

351 1572 14 30 I
386 1571 165 31 skrivelse
569 1571 51 30 till
642 1571 124 38 Kungl.
788 1570 101 39 Maj:t
910 1570 67 30 den
1001 1570 36 29 11
1061 1568 191 39 september
1276 1568 82 30 1946
1379 1568 65 29 har
1465 1564 334 33 överståthållaräm-

306 1626 91 31 betet
419 1625 105 31 väckt
546 1624 130 39 förslag
699 1627 50 27 att
772 1624 135 29 kronan
930 1623 11 30 i
966 1622 169 30 samband
1159 1622 78 29 med
1262 1630 42 21 en
1328 1620 169 31 eventuell
1521 1613 212 46 uppdelning
1759 1627 42 21 av

307 1679 150 31 ämbetet
478 1678 12 30 i
513 1678 148 39 enlighet
686 1678 79 29 med
789 1677 42 30 de
855 1686 43 21 av
923 1676 123 38 Kungl.
1074 1675 99 39 Maj:t
1198 1675 102 38 givna
1326 1673 191 31 direktiven
1542 1673 56 30 för
1621 1682 48 21 nu
1695 1672 105 30 fram-

307 1733 102 38 lagda
433 1731 224 39 utredningar
678 1730 106 31 måtte
806 1731 71 29 helt
900 1730 162 38 övertaga
1084 1729 232 29 kostnaderna
1340 1727 55 30 för
1419 1727 206 38 avlöningen
1649 1725 35 31 åt
1706 1727 94 28 över-

308 1784 226 32 ståthållaren
556 1785 64 29 och
644 1782 338 32 underståthållaren
1006 1785 88 27 samt
1118 1782 122 30 därvid
1264 1779 201 37 framhållit,
1492 1782 49 28 att
1566 1789 42 21 en
1632 1779 96 39 dylik
1754 1777 47 31 åt-

309 1839 85 39 gärd
412 1838 182 30 förutsatte
611 1838 90 30 vissa
720 1836 286 39 överläggningar
1023 1836 126 30 mellan
1167 1836 135 29 kronan
1321 1835 65 29 och
1404 1834 120 30 staden
1541 1833 148 30 rörande
1707 1833 94 29 över-

308 1891 243 31 ståthållarens
575 1891 204 30 nuvarande
804 1889 259 40 tjänstebostad.
1102 1888 129 31 Chefen
1257 1888 55 30 för
1337 1887 376 39 socialdepartementet
1738 1886 65 29 har

309 1945 171 30 förklarat
501 1945 50 38 sig
574 1944 75 30 icke
673 1945 46 29 ha
742 1943 105 39 något
870 1945 50 28 att
943 1942 113 31 erinra
1080 1945 71 27 mot
1174 1945 48 27 att
1246 1941 306 30 överståthållaren
1575 1940 66 30 och
1663 1940 139 37 borgar-

309 1997 332 39 rådsberedningens
677 1996 210 37 ordförande
920 2000 150 35 upptoge
1105 1994 124 39 frågan
1264 1995 50 29 till
1351 1993 265 39 förhandlingar
1651 1993 66 30 och
1753 1993 48 28 in-

309 2052 140 29 komme
467 2051 79 30 med
564 2051 130 38 förslag
713 2051 51 29 till
783 2050 203 39 uppgörelse
1004 2049 10 30 i
1034 2049 115 30 saken.
1171 2048 96 30 Efter
1286 2048 170 30 slutförda
1474 2046 265 39 förhandlingar
1757 2046 45 29 ha

292 2105 234 30 "sistnämnda
563 2113 164 30 personer
754 2104 66 29 den
850 2104 39 29 16
917 2103 185 30 november
1134 2102 82 30 1946
1244 2101 163 38 framlagt
1436 2100 130 39 förslag
1595 2100 50 30 till
1672 2100 92 30 avtal
1792 2098 12 29 i

309 2159 125 29 ämnet.

354 2212 14 29 I
385 2211 68 30 och
471 2212 78 29 med
568 2210 256 40 uppdelningen
842 2219 44 21 av
903 2208 412 32 överståthållarämbetet
1334 2208 65 30 har
1418 2207 104 39 enligt
1541 2207 124 38 Kungl.
1685 2206 118 38 Maj:ts

309 2264 131 39 förslag
464 2264 136 31 kronan
621 2265 130 29 ansetts
774 2263 85 31 böra
884 2262 102 39 åtaga
1010 2262 49 39 sig
1083 2262 77 30 hela
1184 2261 193 30 kostnaden
1400 2261 56 30 för
1479 2259 324 31 överståthållarens

310 2318 65 30 och
393 2316 354 32 underståthållarens
766 2317 104 30 löner.
891 2316 117 38 Enligt
1025 2316 55 30 det
1098 2315 195 38 framlagda
1312 2315 165 38 förslaget
1495 2314 51 31 till
1565 2314 93 30 avtal
1676 2313 128 30 mellan

310 2372 137 29 kronan
473 2371 64 30 och
562 2370 217 31 Stockholms
805 2370 77 30 stad
906 2370 111 30 skulle
1041 2368 187 30 emellertid
1252 2368 122 30 staden
1398 2368 91 30 hava
1512 2371 48 28 att
1584 2367 89 30 intill
1697 2374 106 21 nuva-

311 2425 108 30 rande
439 2423 325 31 överståthållarens
786 2422 135 40 avgång
940 2432 44 21 ur
1003 2422 150 39 tjänsten
1175 2421 216 31 fortfarande
1410 2430 102 21 svara
1534 2420 55 30 för
1609 2420 53 30 sin
1684 2428 47 21 nu
1753 2420 50 28 ut-

311 2477 130 38 gående
465 2478 101 29 andel
587 2477 11 30 i
618 2477 128 30 dennes
770 2477 65 30 och
857 2474 353 32 underståthållarens
1232 2474 213 39 avlöningar.
