2218 2620
432 147 19 30 6
860 146 344 32 Jordbruksutskottets
1229 146 162 32 utlåtande
1414 147 53 31 Nr
1490 149 30 29 5.

517 225 15 35 I
570 224 102 36 detta
701 224 136 36 ärende
866 224 69 36 har
963 224 413 49 departementschefen
1404 224 57 36 till
1490 224 158 37 berörda
1676 226 309 50 statsrådsproto-

387 277 77 36 koll
493 276 123 36 anfört
643 275 179 49 följande:

516 326 94 37 »Vid
638 340 47 23 en
714 326 72 37 den
816 328 44 35 11
891 327 70 36 och
990 326 71 36 den
1092 328 46 34 12
1168 327 151 47 augusti
1341 328 98 35 1910
1459 327 123 37 hållen
1606 327 378 50 uppskattningsför-

387 379 173 47 rättning
600 378 58 36 för
700 378 158 48 förnyad
902 378 292 49 utarrendering
1235 379 82 35 från
1359 379 73 36 den
1472 381 47 34 14
1551 392 100 23 mars
1683 380 96 35 1913
1809 393 45 22 av
1883 381 101 36 förra

388 429 319 50 majorsbostället
737 432 18 33 1
785 430 143 36 mantal
956 430 164 49 Bölnorp
1149 443 45 22 nr
1225 432 18 33 1
1268 431 119 51 jämte
1415 430 270 48 lägenheterna
1712 431 164 49 Bölnorp
1897 445 45 22 nr
1961 434 21 33 2

387 484 72 37 och
497 474 82 46 Öna
610 498 46 22 nr
694 486 17 34 1
742 485 12 35 i
782 484 235 49 Krigsbergs
1050 484 138 37 socken
1218 498 46 23 av
1292 483 291 49 Östergötlands
1612 485 74 46 län,
1715 485 126 36 vilken
1869 498 114 36 egen-

387 536 87 36 dom
515 535 145 36 lämnar
701 549 78 23 mer
816 540 48 31 än
903 537 73 35 600
1010 536 138 36 kronor
1175 535 12 36 i
1216 536 111 49 årligt
1351 536 167 47 arrende,
1548 536 94 36 hava
1670 536 313 50 uppskattnings-

387 592 164 32 männen
597 587 112 36 väckt
757 587 143 48 förslag
942 600 60 23 om
1045 587 235 48 avskiljande
1322 588 69 36 och
1429 588 225 48 försäljning
1691 601 46 23 av
1764 588 221 48 lägenheter

387 640 82 35 från
498 638 247 48 egendomen.

516 689 85 38 Med
631 690 206 48 anledning
864 690 119 36 härav
1006 690 67 36 har
1092 690 327 49 domänstyrelsen
1439 691 86 36 med
1544 691 239 48 underdånig
1802 691 181 36 skrivelse

385 743 75 36 den
498 743 46 35 15
573 755 101 23 mars
705 743 97 35 1912
830 742 223 36 underställt
1081 742 64 36 det
1172 742 137 36 väckta
1336 742 185 48 förslaget
1547 742 142 49 Kungl.
1719 743 125 49 Maj:ts
1871 747 112 44 pröv-

385 794 98 48 ning
523 793 72 37 och
636 793 131 37 därvid
801 794 233 36 överlämnat
1065 794 266 36 instrumentet
1359 799 91 32 över
1478 794 245 37 förenämnda
1750 794 234 48 förrättning

386 851 99 31 samt
508 846 133 47 övriga
660 845 57 36 till
736 845 155 36 ärendet
910 845 165 36 hörande
1094 845 236 48 handlingar,
1351 845 197 36 däribland
1569 858 46 23 en
1635 859 47 22 av
1700 845 283 37 kommissions-

385 898 252 36 lantmätaren
675 896 46 37 G.
751 896 56 36 W.
837 896 200 49 Mintzing
1064 899 40 33 år
1135 898 96 35 1909
1261 897 202 49 upprättad
1492 897 108 36 karta
1628 902 91 31 över
1746 897 236 48 egendomen

380 950 122 47 jämte
542 948 250 48 beskrivning
831 952 182 32 ävensom
1054 953 54 31 ett
1144 962 47 22 av
1220 954 104 30 extra
1351 949 250 35 lantmätaren
1628 948 35 36 J.
1696 947 218 50 Stånggren
1943 951 40 33 år

388 1002 97 34 1910
514 1000 185 49 uppgjort
727 1000 143 48 förslag
898 999 56 36 till
981 1000 236 48 uppdelning
1245 1013 46 23 av
1319 1000 250 48 egendomen.

513 1051 60 36 Av
600 1051 165 36 nämnda
793 1051 229 48 handlingar
1049 1052 200 44 inhämtas,
1279 1051 112 36 bland
1422 1057 127 41 annat,
1579 1051 178 49 följande.

512 1102 295 49 Ifrågavarande
835 1102 198 49 egendom,
1063 1115 80 24 som
1173 1108 41 31 är
1241 1103 160 48 belägen
1433 1105 56 34 1.3
1522 1103 63 36 mil
1614 1103 83 36 från
1721 1103 259 48 Borensbergs

378 1155 331 49 järnvägsstation
737 1154 69 36 och
835 1156 59 34 2.4
925 1154 66 35 mil
1019 1154 83 36 från
1130 1155 151 46 Motala,
1306 1154 210 37 innehåller
1540 1168 47 22 en
1607 1155 101 36 areal
1728 1168 45 22 av
1793 1167 187 23 samman-

385 1207 82 48 lagt
495 1207 75 35 395
598 1206 135 36 hektar
765 1208 80 34 12.1
878 1219 51 22 ar.

514 1249 34 45 Å
589 1257 235 49 egendomen
864 1257 124 36 finnas
1030 1257 89 37 flera
1159 1258 86 35 med
1286 1258 145 36 kronan
1461 1257 193 48 tillhöriga
1681 1258 72 35 hus
1777 1257 205 49 bebyggda

386 1316 95 43 torp.
536 1309 69 36 Ett
645 1323 48 22 av
735 1309 95 47 dem,
871 1309 182 36 benämnt
1085 1308 220 50 Sjöstugan,
1335 1309 67 36 har
1431 1314 144 31 ansetts
1602 1309 94 36 böra
1721 1309 175 63 försäljas
1925 1308 56 37 till

385 1375 48 22 en
475 1360 255 50 självständig
765 1360 387 49 jordbrukslägenhet
1193 1361 85 36 med
1311 1361 44 36 de
1388 1361 190 47 områden,
1607 1373 80 31 som
1717 1363 21 33 å
1765 1360 217 36 förberörda

385 1414 108 35 karta
521 1412 157 37 omfatta
707 1412 267 49 ägofigurerna
1001 1426 44 22 nr
1073 1414 84 46 314,
1184 1414 214 45 322—325,
1420 1415 122 33 331—
1550 1390 85 69 333,
1657 1414 85 45 335,
1765 1413 215 46 339—349,

385 1465 215 46 351—356,
644 1465 201 35 358—368
888 1469 98 31 samt
1027 1464 102 36 delar
1163 1478 46 22 av
1241 1478 45 22 nr
1313 1441 86 70 313,
1429 1466 87 44 315,
1547 1440 88 71 336,
1662 1441 86 69 337,
1778 1465 84 45 338,
1893 1440 87 70 357,

385 1518 73 34 369
489 1516 69 36 och
587 1492 71 59 377
691 1515 81 36 med
805 1528 46 23 en
878 1515 99 36 areal
1002 1529 47 23 av
1066 1516 159 49 tillhopa
1247 1517 44 35 16
1312 1493 134 59 hektar
1466 1493 108 59 50.65
1598 1529 52 34 ar,
1672 1492 115 59 därav
1807 1517 20 34 9
1848 1492 135 59 hektar

384 1569 85 35 48.6
515 1581 40 22 ar
587 1572 98 31 tomt
713 1567 71 36 och
812 1566 100 47 åker,
943 1569 21 33 3
994 1567 133 36 hektar
1153 1570 83 34 73.3
1268 1581 41 22 ar
1336 1573 88 43 äng,
1455 1569 21 34 2
1507 1567 132 36 hektar
1668 1568 83 35 53.9
1784 1580 39 23 ar
1852 1571 128 32 avrös-

384 1619 200 49 ningsjord
625 1619 70 35 och
739 1620 107 35 74.85
891 1632 41 22 ar
968 1618 256 49 impediment.
1281 1619 344 49 ”Torplägenheten,
1659 1621 21 33 å
1708 1618 126 36 vilken
1861 1618 120 36 finnes

384 1675 126 44 stuga,
538 1670 85 44 bod,
653 1670 184 48 ladugård
865 1670 72 35 och
965 1670 98 48 loge,
1092 1671 69 36 har
1181 1671 277 36 saluvärderats
1486 1671 56 35 till
1561 1672 113 45 4,675
1695 1670 148 47 kronor,
1864 1670 116 36 därav

385 1724 47 34 65
471 1722 140 36 kronor
639 1723 49 35 20
717 1727 63 30 öre
812 1722 55 35 för
895 1700 170 58 växande
1094 1722 99 48 skog
1221 1723 69 35 och
1321 1724 110 45 1,275
1460 1699 140 59 kronor
1627 1722 60 36 för
1715 1721 98 49 åbyg
1793 1695 186 79 ggnader;

384 1773 295 37 arrendevärdet
707 1778 40 30 är
775 1773 183 36 beräknat
985 1774 56 35 till
1072 1775 71 35 195
1166 1752 157 57 kronor.
1379 1773 335 49 Torplägenheten
1741 1773 67 36 har
1835 1778 145 31 ansetts

385 1824 93 37 böra
518 1825 224 49 hembjudas
776 1825 85 36 dess
890 1824 162 37 brukare
1080 1825 38 36 P.
1150 1825 42 36 A.
1226 1825 196 46 Karlsson,
1452 1838 81 23 som
1562 1824 173 37 innehaft
1762 1824 218 36 densamma

384 1877 120 36 sedan
533 1879 41 33 år
604 1878 109 34 1875.

514 1928 137 36 Vidare
692 1928 96 36 hava
829 1928 465 49 uppskattningsmännen
1332 1929 209 48 föreslagit,
1576 1934 53 30 att
1658 1928 164 47 följande
1850 1928 130 47 lägen-

384 1980 104 35 heter
529 1982 115 34 måtte
673 1979 174 49 försäljas
876 1979 57 36 till
962 1979 176 37 bildande
1166 1994 48 23 av
1242 1980 276 48 självständiga
1541 1978 438 51 jordbrukslägenheter,

383 2031 209 48 nämligen:

513 2083 227 47 lägenheten
782 2082 98 37 Säva
921 2083 84 36 med
1048 2083 45 36 de
1133 2084 191 45 områden,
1366 2096 80 23 som
1476 2086 19 32 å
1524 2083 133 35 kartan
1699 2083 158 36 omfatta
1889 2087 91 42 ägo-

384 2134 192 49 figurerna
604 2148 43 22 nr
675 2136 215 46 316—320,
921 2136 214 47 326—330,
1165 2137 86 45 370,
1281 2136 73 35 370
1384 2149 32 34 a,
1446 2136 201 34 372—376
1677 2140 97 30 samt
1802 2133 103 37 delar
1933 2147 47 22 av

382 2199 46 21 nr
456 2187 86 45 313,
573 2187 85 46 315,
689 2187 85 42 336,
804 2188 86 46 337,
919 2188 74 34 338
1023 2186 69 36 och
1121 2188 73 35 369
1224 2187 84 36 med
1337 2200 46 22 en
1412 2187 99 35 areal
1536 2199 45 23 av
1601 2186 158 48 tillhopa
1781 2187 44 34 18
1845 2184 135 37 hektar

386 2239 83 35 73.4
503 2250 50 34 ar,
583 2237 115 36 därav
730 2239 17 33 7
778 2238 134 36 hektar
942 2240 82 34 34.1
1059 2252 39 22 ar
1126 2243 95 31 tomt
1249 2238 68 36 och
1347 2238 100 45 åker,
1479 2239 83 35 92.5
1595 2251 39 22 ar
1663 2241 88 45 äng,
1783 2238 45 35 10
1848 2236 131 36 hektar
