1905 2828
511 153 114 38 Tredje
642 152 213 38 lagutskottets
872 151 161 30 utlåtande
1050 162 35 18 nr
1103 151 38 29 27
1158 150 34 29 år
1211 150 77 30 1967
1624 150 17 29 3

160 233 96 30 vitala
273 233 86 30 delar
376 244 38 19 av
433 233 378 30 trafiksäkerhetsarbetet.
831 232 155 31 Området
1005 234 34 28 är
1056 231 131 31 föremål
1205 232 48 29 för
1270 231 196 30 omfattande
1485 230 158 39 forskning

159 286 85 30 inom
260 286 348 30 trafiksäkerhetsrådet.

202 405 14 28 I
232 404 111 39 frågan
357 416 52 18 om
422 405 104 29 vilken
539 405 154 39 betydelse
708 411 44 24 ett
767 405 228 38 motorfordons
1009 404 69 39 färg
1092 404 58 29 har
1163 403 198 30 beträffande
1376 402 204 39 möjligheten
1596 402 47 29 för

161 458 99 29 andra
274 458 246 39 vägtrafikanter
537 464 45 23 att
597 458 100 29 under
713 458 82 30 olika
811 457 280 40 ljusförhållanden
1108 457 10 30 i
1135 457 45 29 tid
1196 457 164 29 observera
1376 455 154 37 fordonet,
1548 455 94 29 fram-

160 512 98 30 håller
281 514 71 37 väg-
376 513 58 29 och
459 513 408 39 vattenbyggnadsstyrelsen
892 519 45 23 att
959 511 267 39 undersökningar
1249 510 109 40 pågått
1380 510 84 30 såväl
1487 510 9 29 i
1520 509 123 39 Sverige

161 577 65 19 som
242 567 10 29 i
267 567 100 29 andra
381 567 118 29 länder.
516 567 14 29 I
548 567 121 39 augusti
689 567 75 30 1966
781 566 195 30 anordnades
993 577 38 19 en
1047 565 169 31 diskussion
1233 576 39 19 av
1288 564 355 40 Ingeniörsvetenskaps-

161 621 185 29 akademien
368 621 8 29 i
398 621 124 29 samråd
543 621 73 29 med
638 620 338 30 trafiksäkerhetsrådet
998 620 59 29 och
1080 619 129 30 Svenskt
1231 619 221 38 färgcentrum,
1474 617 110 30 varvid
1606 627 38 19 en

160 674 233 38 undersökning
410 673 41 40 på
468 673 143 30 området
628 673 220 30 behandlades.
867 673 49 30 Av
934 672 355 39 diskussionsrapporten
1307 671 62 29 kan
1386 670 96 39 enligt
1500 670 144 39 styrelsen

161 728 114 29 utläsas
292 733 46 24 att
354 738 75 19 man
446 729 35 28 är
498 738 39 18 av
554 728 61 29 den
632 727 253 39 uppfattningen,
904 733 45 23 att
967 727 108 39 färgen
1093 726 41 40 på
1151 726 217 30 motorfordon
1385 726 58 30 har
1461 737 38 19 en
1517 726 58 30 viss
1592 727 51 29 be-

162 781 124 39 tydelse,
310 792 72 18 men
407 787 46 23 att
477 781 78 29 flera
578 781 137 29 faktorer
738 782 35 28 är
796 781 125 29 okända
945 781 59 29 och
1029 787 46 23 att
1099 780 174 39 ytterligare
1298 780 267 39 undersökningar
1588 780 57 29 bör

163 838 97 37 göras.
277 836 49 29 De
341 836 53 29 vid
412 835 209 30 diskussionen
638 836 195 29 närvarande
849 835 97 30 beslöt
964 835 95 39 enligt
1075 835 186 39 protokollet
1279 841 45 23 att
1343 835 123 39 uppdra
1484 834 31 30 åt
1533 835 112 39 Ingen-

163 890 429 39 iörsvetenskapsakademien
616 896 45 23 att
684 889 111 30 utreda
818 889 133 30 behovet
975 900 38 19 av
1036 889 158 39 forskning
1217 889 86 29 inom
1326 888 150 30 området.
1502 889 14 29 I
1542 895 103 33 proto-

163 943 94 30 kollet
272 945 35 28 är
322 945 79 28 även
418 943 167 29 antecknat
601 949 45 23 att
663 942 216 40 Aktiebolaget
895 943 104 29 Volvo
1014 943 84 29 lovat
1116 949 45 23 att
1178 942 176 30 undersöka
1370 941 275 30 skadefrekvensen

163 998 49 28 för
228 997 82 30 olika
328 997 146 39 bilfärger
491 1007 114 28 genom
623 997 50 29 sitt
691 996 280 39 försäkringsbolag
987 996 122 29 Volvia.
1129 996 175 29 Resultatet
1322 995 71 30 från
1411 996 104 29 denna
1531 996 114 29 under-

163 1051 130 39 sökning
311 1051 151 29 beräknas
481 1050 149 40 föreligga
648 1050 53 30 vid
720 1050 91 30 slutet
831 1061 38 19 av
889 1049 34 31 år
946 1049 85 31 1967.
1052 1050 83 39 Väg-
1156 1050 59 30 och
1234 1049 412 40 vattenbyggnadsstyrelsen

164 1105 156 30 fortsätter
331 1116 5 18 :

203 1223 49 29 De
271 1222 127 30 resultat
417 1233 38 18 av
474 1221 275 39 undersökningar,
769 1232 64 19 som
852 1221 107 30 hittills
978 1223 35 27 är
1030 1222 114 36 kända,
1164 1221 87 39 tyder
1269 1220 41 40 på
1328 1227 45 23 att
1392 1221 78 29 vissa
1488 1220 102 39 färger
1609 1231 37 18 ur

162 1267 337 39 synbarhetssynpunkt
516 1268 35 28 är
568 1273 45 23 att
631 1266 125 30 föredra
773 1266 131 30 framför
922 1266 107 30 andra.
1047 1266 90 29 Vissa
1154 1265 102 39 färger
1274 1267 34 28 är
1326 1276 203 28 gynnsamma
1546 1265 100 29 under

163 1313 78 29 vissa
258 1312 220 30 förhållanden
496 1312 116 29 medan
630 1311 95 30 delvis
744 1312 99 29 andra
861 1311 102 39 färger
982 1313 34 27 är
1034 1317 46 23 att
1098 1311 125 29 föredra
1241 1311 101 29 under
1360 1311 100 29 andra
1477 1309 169 30 förhållan-

164 1358 70 36 den,
256 1358 57 29 där
332 1356 257 40 bakgrundsfärg,
611 1356 158 39 belysning
789 1362 56 24 etc.
868 1356 100 39 spelar
989 1362 62 23 stor
1072 1356 65 29 roll.
1160 1355 140 30 Sålunda
1321 1357 35 27 är
1376 1354 186 40 exempelvis
1583 1354 64 30 vita

164 1402 74 30 eller
256 1402 122 39 mycket
397 1402 80 38 ljusa
496 1401 79 30 bilar
595 1407 45 24 att
660 1401 124 30 föredra
803 1407 67 23 mot
889 1401 88 29 mörk
997 1401 174 38 bakgrund,
1191 1401 116 29 medan
1328 1400 38 29 de
1386 1400 142 29 däremot
1548 1401 34 28 är
1602 1405 45 24 att

165 1458 72 19 anse
252 1447 99 29 såsom
366 1446 235 30 kamouflerade
615 1446 53 30 vid
683 1446 131 39 körning
829 1446 10 29 i
853 1446 262 38 vinterlandskap.
1134 1445 103 39 Enligt
1253 1445 157 39 styrelsens
1426 1444 127 39 mening
1567 1444 80 30 före-

164 1492 96 39 ligger
275 1492 48 29 för
338 1492 197 29 närvarande
550 1491 28 39 ej
595 1491 153 39 underlag
762 1491 49 30 för
826 1491 189 29 utfärdande
1032 1501 38 19 av
1086 1490 155 30 föreskrift
1256 1500 53 20 om
1326 1496 46 23 att
1387 1489 79 30 bilar
1482 1489 73 30 skall
1571 1500 76 19 vara

164 1537 125 29 målade
308 1537 10 29 i
335 1537 79 29 vissa
433 1537 110 38 färger.
564 1536 152 39 Styrelsen
736 1547 88 18 anser
843 1542 45 23 att
908 1536 159 29 resultatet
1087 1546 38 19 av
1144 1536 38 29 de
1202 1534 276 40 undersökningar,
1498 1545 65 19 som
1584 1534 63 30 avi-

165 1588 93 24 serats
276 1582 53 29 vid
347 1582 224 29 ovannämnda
589 1581 170 29 diskussion
776 1581 58 29 bör
851 1580 157 37 avvaktas,
1026 1580 97 29 innan
1142 1579 175 40 ytterligare
1338 1579 144 39 åtgärder
1499 1579 148 39 vidtages.

208 1689 99 30 Såvitt
330 1689 282 39 rikspolisstyrelsen
635 1699 121 28 uppger
778 1688 43 39 sig
843 1688 42 29 ha
906 1688 115 29 bekant
1043 1688 59 29 har
1123 1687 107 29 hittills
1254 1686 205 40 genomförda
1482 1686 167 30 undersök-

166 1743 111 39 ningar
295 1743 63 29 inte
376 1742 75 39 givit
470 1742 177 39 tillräckligt
664 1742 142 29 material
825 1742 48 29 för
892 1748 45 23 att
956 1742 107 28 kunna
1081 1743 116 37 avgöra
1215 1741 102 29 vilken
1336 1740 154 39 betydelse
1509 1740 140 30 fordons-

168 1797 108 38 färgen
289 1797 58 29 har
360 1796 69 30 från
444 1796 413 39 trafiksäkerhetssynpunkt.
872 1796 63 29 Det
948 1795 88 30 torde
1049 1795 92 30 också
1155 1795 94 39 enligt
1262 1794 144 39 styrelsen
1418 1794 107 30 kunna
1538 1793 112 40 ifråga-

168 1853 93 28 sättas
278 1862 53 18 om
347 1862 43 18 nu
408 1851 147 29 använda
571 1850 230 39 fordonsfärger
818 1852 73 27 över
907 1849 109 30 huvud
1034 1855 84 33 taget
1134 1849 62 29 kan
1214 1859 85 19 anses
1316 1849 43 29 ha
1376 1848 162 39 tillräcklig
1556 1848 95 29 effekt

167 1905 10 28 i
193 1905 87 29 detta
297 1905 151 29 avseende
464 1904 73 29 med
553 1904 93 29 tanke
663 1903 41 39 på
721 1904 37 29 de
775 1909 82 24 stora
872 1902 189 30 variationer
1078 1913 65 19 som
1161 1902 208 29 förekommer
1385 1901 10 29 i
1412 1901 106 30 landet
1535 1901 115 29 mellan

168 1958 59 39 ljus
242 1958 59 29 och
316 1958 123 29 mörker
454 1957 59 30 och
529 1957 72 30 med
616 1957 118 38 hänsyn
750 1957 44 29 till
811 1957 38 29 de
865 1957 99 29 under
979 1956 83 29 olika
1078 1955 129 30 årstider
1222 1955 153 30 skiftande
1392 1954 259 40 omgivningarna

167 2012 109 29 utmed
295 2013 146 37 vägarna.

212 2065 355 39 Trafiksäkerhetsrådet
593 2064 181 30 framhåller
797 2070 45 23 att
867 2064 88 30 rådet
980 2064 128 38 deltagit
1138 2064 4 29 i
1166 2064 140 29 nämnda
1330 2064 168 39 utredning
1520 2075 53 19 om
1597 2064 55 30 bil-

168 2119 158 39 färgernas
353 2118 153 39 betydelse
533 2117 70 30 från
629 2117 414 39 trafiksäkerhetssynpunkt.
1070 2118 62 28 Det
1159 2127 117 29 uppges
1303 2123 46 23 att
1373 2117 206 39 bakgrunden
1607 2117 44 29 till

169 2174 105 28 denna
290 2172 168 39 utredning
475 2174 34 27 är
525 2172 167 29 resultaten
709 2171 70 30 från
796 2182 39 19 en
851 2171 246 39 olycksstatistisk
1114 2171 231 39 undersökning
1362 2171 10 30 i
1389 2171 263 30 Södermanlands

169 2226 50 29 län
242 2226 107 29 utförd
371 2236 39 19 av
432 2225 232 39 färgkonsulent
687 2224 129 39 Sigvard
838 2224 119 39 Viberg
977 2224 10 29 i
1009 2223 185 40 Linköping.
1218 2224 183 29 Resultaten
1423 2235 39 18 av
1484 2224 167 30 undersök-

169 2279 115 39 ningen
301 2290 53 28 ger
371 2279 95 38 enligt
484 2278 88 30 rådet
591 2278 168 39 anledning
776 2284 47 23 tro
842 2283 45 24 att
903 2277 189 39 bilfärgerna
1109 2277 64 30 inte
1191 2277 111 30 saknar
1319 2277 153 40 betydelse
1490 2288 37 19 ur
1545 2278 106 29 trafik-

169 2332 320 39 säkerhetssynpunkt.

209 2388 88 29 NTF
318 2397 89 19 anser
428 2392 45 23 att
494 2385 162 39 ingenting
676 2385 214 29 framkommit
911 2385 101 29 under
1033 2384 210 30 diskussionen
1265 2384 42 40 på
1328 2384 143 31 området
1492 2385 101 30 under
1614 2386 39 29 de

171 2448 117 23 senaste
304 2440 74 30 åren
394 2451 66 19 som
476 2440 87 39 tyder
578 2439 41 40 på
635 2445 45 24 att
696 2439 245 40 färgsättningen
958 2439 94 30 skulle
1069 2440 41 29 ha
1126 2439 104 40 någon
1246 2439 174 30 nämnvärd
1437 2439 153 40 betydelse
1607 2439 45 30 så-

170 2505 65 19 som
252 2505 107 19 ensam
377 2494 73 29 eller
467 2493 193 39 bidragande
677 2493 88 29 orsak
783 2492 45 30 till
846 2492 226 39 trafikolyckor.
