<?xml version="1.0" encoding="UTF-8"?>
<alto xmlns="http://www.loc.gov/standards/alto/ns-v3#" xmlns:xlink="http://www.w3.org/1999/xlink" xmlns:xsi="http://www.w3.org/2001/XMLSchema-instance" xsi:schemaLocation="http://www.loc.gov/standards/alto/ns-v3# http://www.loc.gov/alto/v3/alto-3-0.xsd">
	<Description>
		<MeasurementUnit>pixel</MeasurementUnit>
		<sourceImageInformation>
			<fileName>/tmp/tess_nodzn8sa_input.PNG</fileName>
		</sourceImageInformation>
		<OCRProcessing ID="OCR_0">
			<ocrProcessingStep>
				<processingSoftware>
					<softwareName>tesseract 5.3.0</softwareName>
				</processingSoftware>
			</ocrProcessingStep>
		</OCRProcessing>
	</Description>
	<Layout>
		<Page WIDTH="1920" HEIGHT="2782" PHYSICAL_IMG_NR="0" ID="page_0">
			<PrintSpace HPOS="0" VPOS="0" WIDTH="1920" HEIGHT="2782">
				<ComposedBlock ID="cblock_0" HPOS="276" VPOS="129" WIDTH="1197" HEIGHT="41">
					<TextBlock ID="block_0" HPOS="276" VPOS="129" WIDTH="1197" HEIGHT="41">
						<TextLine ID="line_0" HPOS="276" VPOS="129" WIDTH="1197" HEIGHT="41">
							<String ID="string_0" HPOS="276" VPOS="129" WIDTH="39" HEIGHT="29" WC="0.96" CONTENT="10"/><SP WIDTH="268" VPOS="129" HPOS="315"/>
							<String ID="string_1" HPOS="583" VPOS="130" WIDTH="117" HEIGHT="30" WC="0.93" CONTENT="Andra"/><SP WIDTH="24" VPOS="130" HPOS="700"/>
							<String ID="string_2" HPOS="724" VPOS="131" WIDTH="246" HEIGHT="39" WC="0.91" CONTENT="lagutskottets"/><SP WIDTH="24" VPOS="131" HPOS="970"/>
							<String ID="string_3" HPOS="994" VPOS="134" WIDTH="179" HEIGHT="30" WC="0.96" CONTENT="utlåtande"/><SP WIDTH="22" VPOS="134" HPOS="1173"/>
							<String ID="string_4" HPOS="1195" VPOS="144" WIDTH="42" HEIGHT="20" WC="0.96" CONTENT="nr"/><SP WIDTH="22" VPOS="144" HPOS="1237"/>
							<String ID="string_5" HPOS="1259" VPOS="135" WIDTH="40" HEIGHT="29" WC="0.96" CONTENT="21"/><SP WIDTH="28" VPOS="135" HPOS="1299"/>
							<String ID="string_6" HPOS="1327" VPOS="136" WIDTH="39" HEIGHT="30" WC="0.96" CONTENT="år"/><SP WIDTH="25" VPOS="136" HPOS="1366"/>
							<String ID="string_7" HPOS="1391" VPOS="136" WIDTH="82" HEIGHT="30" WC="0.96" CONTENT="1960"/>
						</TextLine>
					</TextBlock>
				</ComposedBlock>
				<ComposedBlock ID="cblock_1" HPOS="260" VPOS="212" WIDTH="1513" HEIGHT="2189">
					<TextBlock ID="block_1" HPOS="276" VPOS="212" WIDTH="1496" HEIGHT="86">
						<TextLine ID="line_1" HPOS="276" VPOS="212" WIDTH="1496" HEIGHT="48">
							<String ID="string_8" HPOS="276" VPOS="212" WIDTH="89" HEIGHT="32" WC="0.96" CONTENT="nade"/><SP WIDTH="18" VPOS="212" HPOS="365"/>
							<String ID="string_9" HPOS="383" VPOS="213" WIDTH="255" HEIGHT="32" WC="0.96" CONTENT="konventionen"/><SP WIDTH="18" VPOS="213" HPOS="638"/>
							<String ID="string_10" HPOS="656" VPOS="217" WIDTH="149" HEIGHT="30" WC="0.95" CONTENT="rörande"/><SP WIDTH="19" VPOS="217" HPOS="805"/>
							<String ID="string_11" HPOS="824" VPOS="218" WIDTH="173" HEIGHT="39" WC="0.96" CONTENT="vägtrafik"/><SP WIDTH="23" VPOS="218" HPOS="997"/>
							<String ID="string_12" HPOS="1020" VPOS="219" WIDTH="94" HEIGHT="40" WC="0.95" CONTENT="(ang."/><SP WIDTH="19" VPOS="219" HPOS="1114"/>
							<String ID="string_13" HPOS="1133" VPOS="220" WIDTH="188" HEIGHT="40" WC="0.96" CONTENT="ändringar"/><SP WIDTH="19" VPOS="220" HPOS="1321"/>
							<String ID="string_14" HPOS="1340" VPOS="231" WIDTH="34" HEIGHT="20" WC="0.96" CONTENT="se"/><SP WIDTH="19" VPOS="231" HPOS="1374"/>
							<String ID="string_15" HPOS="1393" VPOS="221" WIDTH="73" HEIGHT="30" WC="0.95" CONTENT="SFS"/><SP WIDTH="21" VPOS="221" HPOS="1466"/>
							<String ID="string_16" HPOS="1487" VPOS="221" WIDTH="97" HEIGHT="31" WC="0.96" CONTENT="1954:"/><SP WIDTH="18" VPOS="221" HPOS="1584"/>
							<String ID="string_17" HPOS="1602" VPOS="222" WIDTH="61" HEIGHT="30" WC="0.96" CONTENT="795"/><SP WIDTH="19" VPOS="222" HPOS="1663"/>
							<String ID="string_18" HPOS="1682" VPOS="225" WIDTH="90" HEIGHT="28" WC="0.96" CONTENT="samt"/>
						</TextLine>
						<TextLine ID="line_2" HPOS="279" VPOS="263" WIDTH="374" HEIGHT="35">
							<String ID="string_19" HPOS="279" VPOS="263" WIDTH="99" HEIGHT="30" WC="0.77" CONTENT="1956:"/><SP WIDTH="16" VPOS="263" HPOS="378"/>
							<String ID="string_20" HPOS="394" VPOS="263" WIDTH="62" HEIGHT="30" WC="0.77" CONTENT="475"/><SP WIDTH="19" VPOS="263" HPOS="456"/>
							<String ID="string_21" HPOS="475" VPOS="264" WIDTH="64" HEIGHT="30" WC="0.96" CONTENT="och"/><SP WIDTH="19" VPOS="264" HPOS="539"/>
							<String ID="string_22" HPOS="558" VPOS="264" WIDTH="95" HEIGHT="34" WC="0.95" CONTENT="525)."/>
						</TextLine>
					</TextBlock>
					<TextBlock ID="block_2" HPOS="273" VPOS="313" WIDTH="1499" HEIGHT="189">
						<TextLine ID="line_3" HPOS="320" VPOS="313" WIDTH="1452" HEIGHT="48">
							<String ID="string_23" HPOS="320" VPOS="313" WIDTH="50" HEIGHT="30" WC="0.95" CONTENT="De"/><SP WIDTH="19" VPOS="313" HPOS="370"/>
							<String ID="string_24" HPOS="389" VPOS="314" WIDTH="171" HEIGHT="31" WC="0.96" CONTENT="särskilda"/><SP WIDTH="18" VPOS="314" HPOS="560"/>
							<String ID="string_25" HPOS="578" VPOS="315" WIDTH="269" HEIGHT="32" WC="0.96" CONTENT="föreskrifterna"/><SP WIDTH="19" VPOS="315" HPOS="847"/>
							<String ID="string_26" HPOS="866" VPOS="327" WIDTH="55" HEIGHT="20" WC="0.96" CONTENT="om"/><SP WIDTH="18" VPOS="327" HPOS="921"/>
							<String ID="string_27" HPOS="939" VPOS="318" WIDTH="164" HEIGHT="39" WC="0.96" CONTENT="mopeder"/><SP WIDTH="19" VPOS="318" HPOS="1103"/>
							<String ID="string_28" HPOS="1122" VPOS="320" WIDTH="37" HEIGHT="29" WC="0.96" CONTENT="är"/><SP WIDTH="17" VPOS="320" HPOS="1159"/>
							<String ID="string_29" HPOS="1176" VPOS="320" WIDTH="75" HEIGHT="30" WC="0.96" CONTENT="icke"/><SP WIDTH="19" VPOS="320" HPOS="1251"/>
							<String ID="string_30" HPOS="1270" VPOS="321" WIDTH="144" HEIGHT="39" WC="0.96" CONTENT="intagna"/><SP WIDTH="17" VPOS="321" HPOS="1414"/>
							<String ID="string_31" HPOS="1431" VPOS="322" WIDTH="10" HEIGHT="28" WC="0.93" CONTENT="i"/><SP WIDTH="19" VPOS="322" HPOS="1441"/>
							<String ID="string_32" HPOS="1460" VPOS="322" WIDTH="312" HEIGHT="39" WC="0.92" CONTENT="vägtrafikförord-"/>
						</TextLine>
						<TextLine ID="line_4" HPOS="275" VPOS="363" WIDTH="1496" HEIGHT="47">
							<String ID="string_33" HPOS="275" VPOS="363" WIDTH="129" HEIGHT="39" WC="0.96" CONTENT="ningen"/><SP WIDTH="19" VPOS="363" HPOS="404"/>
							<String ID="string_34" HPOS="423" VPOS="366" WIDTH="84" HEIGHT="27" WC="0.96" CONTENT="utan"/><SP WIDTH="20" VPOS="366" HPOS="507"/>
							<String ID="string_35" HPOS="527" VPOS="365" WIDTH="116" HEIGHT="30" WC="0.96" CONTENT="finnes"/><SP WIDTH="18" VPOS="365" HPOS="643"/>
							<String ID="string_36" HPOS="661" VPOS="366" WIDTH="204" HEIGHT="31" WC="0.96" CONTENT="meddelade"/><SP WIDTH="18" VPOS="366" HPOS="865"/>
							<String ID="string_37" HPOS="883" VPOS="368" WIDTH="10" HEIGHT="28" WC="0.96" CONTENT="i"/><SP WIDTH="19" VPOS="368" HPOS="893"/>
							<String ID="string_38" HPOS="912" VPOS="368" WIDTH="233" HEIGHT="39" WC="0.96" CONTENT="kungörelsen"/><SP WIDTH="18" VPOS="368" HPOS="1145"/>
							<String ID="string_39" HPOS="1163" VPOS="370" WIDTH="66" HEIGHT="29" WC="0.96" CONTENT="den"/><SP WIDTH="19" VPOS="370" HPOS="1229"/>
							<String ID="string_40" HPOS="1248" VPOS="370" WIDTH="42" HEIGHT="29" WC="0.96" CONTENT="23"/><SP WIDTH="19" VPOS="370" HPOS="1290"/>
							<String ID="string_41" HPOS="1309" VPOS="371" WIDTH="75" HEIGHT="39" WC="0.96" CONTENT="maj"/><SP WIDTH="20" VPOS="371" HPOS="1384"/>
							<String ID="string_42" HPOS="1404" VPOS="371" WIDTH="83" HEIGHT="29" WC="0.96" CONTENT="1952"/><SP WIDTH="22" VPOS="371" HPOS="1487"/>
							<String ID="string_43" HPOS="1509" VPOS="372" WIDTH="61" HEIGHT="34" WC="0.95" CONTENT="(nr"/><SP WIDTH="17" VPOS="372" HPOS="1570"/>
							<String ID="string_44" HPOS="1587" VPOS="372" WIDTH="83" HEIGHT="35" WC="0.96" CONTENT="280)"/><SP WIDTH="21" VPOS="372" HPOS="1670"/>
							<String ID="string_45" HPOS="1691" VPOS="373" WIDTH="80" HEIGHT="30" WC="0.96" CONTENT="med"/>
						</TextLine>
						<TextLine ID="line_5" HPOS="275" VPOS="411" WIDTH="1496" HEIGHT="50">
							<String ID="string_46" HPOS="275" VPOS="411" WIDTH="93" HEIGHT="31" WC="0.96" CONTENT="vissa"/><SP WIDTH="25" VPOS="411" HPOS="368"/>
							<String ID="string_47" HPOS="393" VPOS="413" WIDTH="261" HEIGHT="31" WC="0.96" CONTENT="bestämmelser"/><SP WIDTH="22" VPOS="413" HPOS="654"/>
							<String ID="string_48" HPOS="676" VPOS="425" WIDTH="55" HEIGHT="20" WC="0.96" CONTENT="om"/><SP WIDTH="26" VPOS="425" HPOS="731"/>
							<String ID="string_49" HPOS="757" VPOS="417" WIDTH="121" HEIGHT="38" WC="0.96" CONTENT="cyklar"/><SP WIDTH="21" VPOS="417" HPOS="878"/>
							<String ID="string_50" HPOS="899" VPOS="419" WIDTH="80" HEIGHT="29" WC="0.96" CONTENT="med"/><SP WIDTH="22" VPOS="419" HPOS="979"/>
							<String ID="string_51" HPOS="1001" VPOS="418" WIDTH="216" HEIGHT="40" WC="0.96" CONTENT="hjälpmotor"/><SP WIDTH="28" VPOS="418" HPOS="1217"/>
							<String ID="string_52" HPOS="1245" VPOS="420" WIDTH="27" HEIGHT="34" WC="0.96" CONTENT="(i"/><SP WIDTH="25" VPOS="420" HPOS="1272"/>
							<String ID="string_53" HPOS="1297" VPOS="421" WIDTH="56" HEIGHT="30" WC="0.96" CONTENT="det"/><SP WIDTH="26" VPOS="421" HPOS="1353"/>
							<String ID="string_54" HPOS="1379" VPOS="421" WIDTH="156" HEIGHT="40" WC="0.96" CONTENT="följande"/><SP WIDTH="23" VPOS="421" HPOS="1535"/>
							<String ID="string_55" HPOS="1558" VPOS="423" WIDTH="117" HEIGHT="30" WC="0.93" CONTENT="kallad"/><SP WIDTH="23" VPOS="423" HPOS="1675"/>
							<String ID="string_56" HPOS="1698" VPOS="432" WIDTH="73" HEIGHT="21" WC="0.89" CONTENT="mo-"/>
						</TextLine>
						<TextLine ID="line_6" HPOS="273" VPOS="462" WIDTH="335" HEIGHT="40">
							<String ID="string_57" HPOS="273" VPOS="462" WIDTH="335" HEIGHT="40" WC="0.90" CONTENT="pedkungörelsen)."/>
						</TextLine>
					</TextBlock>
					<TextBlock ID="block_3" HPOS="268" VPOS="512" WIDTH="1505" HEIGHT="698">
						<TextLine ID="line_7" HPOS="319" VPOS="512" WIDTH="1451" HEIGHT="49">
							<String ID="string_58" HPOS="319" VPOS="513" WIDTH="13" HEIGHT="29" WC="0.94" CONTENT="I"/><SP WIDTH="23" VPOS="513" HPOS="332"/>
							<String ID="string_59" HPOS="355" VPOS="512" WIDTH="13" HEIGHT="29" WC="0.26" CONTENT="1"/><SP WIDTH="25" VPOS="512" HPOS="368"/>
							<String ID="string_60" HPOS="393" VPOS="512" WIDTH="15" HEIGHT="37" WC="0.26" CONTENT="$"/><SP WIDTH="20" VPOS="512" HPOS="408"/>
							<String ID="string_61" HPOS="428" VPOS="514" WIDTH="361" HEIGHT="39" WC="0.91" CONTENT="mopedkungörelsen"/><SP WIDTH="19" VPOS="514" HPOS="789"/>
							<String ID="string_62" HPOS="808" VPOS="516" WIDTH="220" HEIGHT="32" WC="0.96" CONTENT="konstateras"/><SP WIDTH="21" VPOS="516" HPOS="1028"/>
							<String ID="string_63" HPOS="1049" VPOS="518" WIDTH="51" HEIGHT="30" WC="0.96" CONTENT="till"/><SP WIDTH="20" VPOS="518" HPOS="1100"/>
							<String ID="string_64" HPOS="1120" VPOS="528" WIDTH="42" HEIGHT="20" WC="0.96" CONTENT="en"/><SP WIDTH="18" VPOS="528" HPOS="1162"/>
							<String ID="string_65" HPOS="1180" VPOS="519" WIDTH="136" HEIGHT="40" WC="0.96" CONTENT="början,"/><SP WIDTH="21" VPOS="519" HPOS="1316"/>
							<String ID="string_66" HPOS="1337" VPOS="523" WIDTH="50" HEIGHT="28" WC="0.96" CONTENT="att"/><SP WIDTH="19" VPOS="523" HPOS="1387"/>
							<String ID="string_67" HPOS="1406" VPOS="522" WIDTH="125" HEIGHT="39" WC="0.93" CONTENT="moped"/><SP WIDTH="17" VPOS="522" HPOS="1531"/>
							<String ID="string_68" HPOS="1548" VPOS="539" WIDTH="44" HEIGHT="4" WC="0.93" CONTENT="—"/><SP WIDTH="19" VPOS="539" HPOS="1592"/>
							<String ID="string_69" HPOS="1611" VPOS="523" WIDTH="82" HEIGHT="30" WC="0.90" CONTENT="eller"/><SP WIDTH="19" VPOS="523" HPOS="1693"/>
							<String ID="string_70" HPOS="1712" VPOS="532" WIDTH="58" HEIGHT="20" WC="0.90" CONTENT="en-"/>
						</TextLine>
						<TextLine ID="line_8" HPOS="275" VPOS="560" WIDTH="1498" HEIGHT="46">
							<String ID="string_71" HPOS="275" VPOS="560" WIDTH="63" HEIGHT="40" WC="0.93" CONTENT="ligt"/><SP WIDTH="21" VPOS="560" HPOS="338"/>
							<String ID="string_72" HPOS="359" VPOS="561" WIDTH="250" HEIGHT="40" WC="0.91" CONTENT="kungörelsens"/><SP WIDTH="22" VPOS="561" HPOS="609"/>
							<String ID="string_73" HPOS="631" VPOS="563" WIDTH="221" HEIGHT="41" WC="0.96" CONTENT="terminologi"/><SP WIDTH="21" VPOS="563" HPOS="852"/>
							<String ID="string_74" HPOS="873" VPOS="565" WIDTH="97" HEIGHT="39" WC="0.93" CONTENT="cykel"/><SP WIDTH="22" VPOS="565" HPOS="970"/>
							<String ID="string_75" HPOS="992" VPOS="566" WIDTH="81" HEIGHT="30" WC="0.96" CONTENT="med"/><SP WIDTH="21" VPOS="566" HPOS="1073"/>
							<String ID="string_76" HPOS="1094" VPOS="566" WIDTH="214" HEIGHT="40" WC="0.93" CONTENT="hjälpmotor"/><SP WIDTH="22" VPOS="566" HPOS="1308"/>
							<String ID="string_77" HPOS="1330" VPOS="586" WIDTH="44" HEIGHT="3" WC="0.92" CONTENT="—"/><SP WIDTH="24" VPOS="586" HPOS="1374"/>
							<String ID="string_78" HPOS="1398" VPOS="570" WIDTH="38" HEIGHT="29" WC="0.96" CONTENT="är"/><SP WIDTH="21" VPOS="570" HPOS="1436"/>
							<String ID="string_79" HPOS="1457" VPOS="572" WIDTH="50" HEIGHT="28" WC="0.96" CONTENT="att"/><SP WIDTH="22" VPOS="572" HPOS="1507"/>
							<String ID="string_80" HPOS="1529" VPOS="570" WIDTH="168" HEIGHT="31" WC="0.93" CONTENT="beteckna"/><SP WIDTH="24" VPOS="570" HPOS="1697"/>
							<String ID="string_81" HPOS="1721" VPOS="571" WIDTH="52" HEIGHT="31" WC="0.93" CONTENT="så-"/>
						</TextLine>
						<TextLine ID="line_9" HPOS="273" VPOS="613" WIDTH="1496" HEIGHT="47">
							<String ID="string_82" HPOS="273" VPOS="621" WIDTH="76" HEIGHT="21" WC="0.95" CONTENT="som"/><SP WIDTH="23" VPOS="621" HPOS="349"/>
							<String ID="string_83" HPOS="372" VPOS="613" WIDTH="63" HEIGHT="29" WC="0.96" CONTENT="lätt"/><SP WIDTH="21" VPOS="613" HPOS="435"/>
							<String ID="string_84" HPOS="456" VPOS="615" WIDTH="213" HEIGHT="39" WC="0.96" CONTENT="motorcykel"/><SP WIDTH="29" VPOS="615" HPOS="669"/>
							<String ID="string_85" HPOS="698" VPOS="616" WIDTH="66" HEIGHT="39" WC="0.96" CONTENT="(jfr"/><SP WIDTH="27" VPOS="616" HPOS="764"/>
							<String ID="string_86" HPOS="791" VPOS="617" WIDTH="12" HEIGHT="28" WC="0.85" CONTENT="1"/><SP WIDTH="29" VPOS="617" HPOS="803"/>
							<String ID="string_87" HPOS="832" VPOS="616" WIDTH="14" HEIGHT="36" WC="0.89" CONTENT="$"/><SP WIDTH="25" VPOS="616" HPOS="846"/>
							<String ID="string_88" HPOS="871" VPOS="616" WIDTH="18" HEIGHT="30" WC="0.95" CONTENT="3"/><SP WIDTH="23" VPOS="616" HPOS="889"/>
							<String ID="string_89" HPOS="912" VPOS="627" WIDTH="103" HEIGHT="21" WC="0.93" CONTENT="mom."/><SP WIDTH="23" VPOS="627" HPOS="1015"/>
							<String ID="string_90" HPOS="1038" VPOS="619" WIDTH="462" HEIGHT="41" WC="0.91" CONTENT="vägtrafikförordningen)."/><SP WIDTH="23" VPOS="619" HPOS="1500"/>
							<String ID="string_91" HPOS="1523" VPOS="622" WIDTH="168" HEIGHT="31" WC="0.93" CONTENT="Närmare"/><SP WIDTH="23" VPOS="622" HPOS="1691"/>
							<String ID="string_92" HPOS="1714" VPOS="623" WIDTH="55" HEIGHT="29" WC="0.90" CONTENT="be-"/>
						</TextLine>
						<TextLine ID="line_10" HPOS="273" VPOS="663" WIDTH="1496" HEIGHT="46">
							<String ID="string_93" HPOS="273" VPOS="663" WIDTH="107" HEIGHT="29" WC="0.96" CONTENT="stämt"/><SP WIDTH="20" VPOS="663" HPOS="380"/>
							<String ID="string_94" HPOS="400" VPOS="664" WIDTH="37" HEIGHT="28" WC="0.97" CONTENT="är"/><SP WIDTH="19" VPOS="664" HPOS="437"/>
							<String ID="string_95" HPOS="456" VPOS="664" WIDTH="232" HEIGHT="39" WC="0.96" CONTENT="kungörelsen"/><SP WIDTH="20" VPOS="664" HPOS="688"/>
							<String ID="string_96" HPOS="708" VPOS="666" WIDTH="186" HEIGHT="40" WC="0.95" CONTENT="tillämplig"/><SP WIDTH="18" VPOS="666" HPOS="894"/>
							<String ID="string_97" HPOS="912" VPOS="667" WIDTH="44" HEIGHT="39" WC="0.96" CONTENT="på"/><SP WIDTH="20" VPOS="667" HPOS="956"/>
							<String ID="string_98" HPOS="976" VPOS="667" WIDTH="110" HEIGHT="31" WC="0.95" CONTENT="sådan"/><SP WIDTH="18" VPOS="667" HPOS="1086"/>
							<String ID="string_99" HPOS="1104" VPOS="669" WIDTH="64" HEIGHT="30" WC="0.96" CONTENT="lätt"/><SP WIDTH="19" VPOS="669" HPOS="1168"/>
							<String ID="string_100" HPOS="1187" VPOS="670" WIDTH="215" HEIGHT="39" WC="0.95" CONTENT="motorcykel"/><SP WIDTH="22" VPOS="670" HPOS="1402"/>
							<String ID="string_101" HPOS="1424" VPOS="681" WIDTH="73" HEIGHT="20" WC="0.93" CONTENT="som"/><SP WIDTH="19" VPOS="681" HPOS="1497"/>
							<String ID="string_102" HPOS="1516" VPOS="690" WIDTH="44" HEIGHT="3" WC="0.79" CONTENT="—"/><SP WIDTH="18" VPOS="690" HPOS="1560"/>
							<String ID="string_103" HPOS="1578" VPOS="673" WIDTH="79" HEIGHT="30" WC="0.93" CONTENT="med"/><SP WIDTH="20" VPOS="673" HPOS="1657"/>
							<String ID="string_104" HPOS="1677" VPOS="673" WIDTH="92" HEIGHT="30" WC="0.92" CONTENT="bibe-"/>
						</TextLine>
						<TextLine ID="line_11" HPOS="272" VPOS="711" WIDTH="1496" HEIGHT="49">
							<String ID="string_105" HPOS="272" VPOS="711" WIDTH="164" HEIGHT="31" WC="0.74" CONTENT="hållande"/><SP WIDTH="19" VPOS="711" HPOS="436"/>
							<String ID="string_106" HPOS="455" VPOS="713" WIDTH="11" HEIGHT="29" WC="0.96" CONTENT="i"/><SP WIDTH="19" VPOS="713" HPOS="466"/>
							<String ID="string_107" HPOS="485" VPOS="714" WIDTH="110" HEIGHT="39" WC="0.96" CONTENT="övrigt"/><SP WIDTH="21" VPOS="714" HPOS="595"/>
							<String ID="string_108" HPOS="616" VPOS="724" WIDTH="41" HEIGHT="20" WC="0.96" CONTENT="av"/><SP WIDTH="19" VPOS="724" HPOS="657"/>
							<String ID="string_109" HPOS="676" VPOS="716" WIDTH="41" HEIGHT="30" WC="0.96" CONTENT="de"/><SP WIDTH="20" VPOS="716" HPOS="717"/>
							<String ID="string_110" HPOS="737" VPOS="715" WIDTH="258" HEIGHT="42" WC="0.93" CONTENT="huvudsakliga"/><SP WIDTH="20" VPOS="715" HPOS="995"/>
							<String ID="string_111" HPOS="1015" VPOS="718" WIDTH="266" HEIGHT="32" WC="0.92" CONTENT="kännetecknen"/><SP WIDTH="21" VPOS="718" HPOS="1281"/>
							<String ID="string_112" HPOS="1302" VPOS="720" WIDTH="45" HEIGHT="40" WC="0.96" CONTENT="på"/><SP WIDTH="19" VPOS="720" HPOS="1347"/>
							<String ID="string_113" HPOS="1366" VPOS="721" WIDTH="98" HEIGHT="39" WC="0.93" CONTENT="cykel"/><SP WIDTH="20" VPOS="721" HPOS="1464"/>
							<String ID="string_114" HPOS="1484" VPOS="739" WIDTH="43" HEIGHT="4" WC="0.92" CONTENT="—"/><SP WIDTH="20" VPOS="739" HPOS="1527"/>
							<String ID="string_115" HPOS="1547" VPOS="723" WIDTH="38" HEIGHT="29" WC="0.97" CONTENT="är"/><SP WIDTH="20" VPOS="723" HPOS="1585"/>
							<String ID="string_116" HPOS="1605" VPOS="723" WIDTH="163" HEIGHT="30" WC="0.96" CONTENT="utrustad"/>
						</TextLine>
						<TextLine ID="line_12" HPOS="271" VPOS="762" WIDTH="1497" HEIGHT="49">
							<String ID="string_117" HPOS="271" VPOS="762" WIDTH="81" HEIGHT="30" WC="0.92" CONTENT="med"/><SP WIDTH="24" VPOS="762" HPOS="352"/>
							<String ID="string_118" HPOS="376" VPOS="762" WIDTH="363" HEIGHT="42" WC="0.92" CONTENT="förbränningsmotor"/><SP WIDTH="23" VPOS="762" HPOS="739"/>
							<String ID="string_119" HPOS="762" VPOS="776" WIDTH="43" HEIGHT="20" WC="0.95" CONTENT="av"/><SP WIDTH="22" VPOS="776" HPOS="805"/>
							<String ID="string_120" HPOS="827" VPOS="768" WIDTH="70" HEIGHT="38" WC="0.96" CONTENT="typ,"/><SP WIDTH="25" VPOS="768" HPOS="897"/>
							<String ID="string_121" HPOS="922" VPOS="776" WIDTH="72" HEIGHT="21" WC="0.96" CONTENT="som"/><SP WIDTH="25" VPOS="776" HPOS="994"/>
							<String ID="string_122" HPOS="1019" VPOS="776" WIDTH="124" HEIGHT="31" WC="0.96" CONTENT="genom"/><SP WIDTH="23" VPOS="776" HPOS="1143"/>
							<String ID="string_123" HPOS="1166" VPOS="770" WIDTH="171" HEIGHT="40" WC="0.96" CONTENT="prövning"/><SP WIDTH="23" VPOS="770" HPOS="1337"/>
							<String ID="string_124" HPOS="1360" VPOS="771" WIDTH="64" HEIGHT="30" WC="0.96" CONTENT="och"/><SP WIDTH="24" VPOS="771" HPOS="1424"/>
							<String ID="string_125" HPOS="1448" VPOS="772" WIDTH="255" HEIGHT="39" WC="0.96" CONTENT="godkännande"/><SP WIDTH="23" VPOS="772" HPOS="1703"/>
							<String ID="string_126" HPOS="1726" VPOS="783" WIDTH="42" HEIGHT="20" WC="0.96" CONTENT="av"/>
						</TextLine>
						<TextLine ID="line_13" HPOS="270" VPOS="812" WIDTH="1498" HEIGHT="49">
							<String ID="string_127" HPOS="270" VPOS="812" WIDTH="80" HEIGHT="39" WC="0.91" CONTENT="väg-"/><SP WIDTH="20" VPOS="812" HPOS="350"/>
							<String ID="string_128" HPOS="370" VPOS="812" WIDTH="65" HEIGHT="30" WC="0.93" CONTENT="och"/><SP WIDTH="19" VPOS="812" HPOS="435"/>
							<String ID="string_129" HPOS="454" VPOS="814" WIDTH="472" HEIGHT="41" WC="0.91" CONTENT="vattenbyggnadsstyrelsen"/><SP WIDTH="20" VPOS="814" HPOS="926"/>
							<String ID="string_130" HPOS="946" VPOS="818" WIDTH="237" HEIGHT="31" WC="0.95" CONTENT="konstaterats"/><SP WIDTH="21" VPOS="818" HPOS="1183"/>
							<String ID="string_131" HPOS="1204" VPOS="819" WIDTH="85" HEIGHT="40" WC="0.95" CONTENT="fylla"/><SP WIDTH="21" VPOS="819" HPOS="1289"/>
							<String ID="string_132" HPOS="1310" VPOS="821" WIDTH="92" HEIGHT="30" WC="0.96" CONTENT="vissa"/><SP WIDTH="21" VPOS="821" HPOS="1402"/>
							<String ID="string_133" HPOS="1423" VPOS="822" WIDTH="10" HEIGHT="29" WC="0.96" CONTENT="i"/><SP WIDTH="22" VPOS="822" HPOS="1433"/>
							<String ID="string_134" HPOS="1455" VPOS="822" WIDTH="233" HEIGHT="39" WC="0.92" CONTENT="kungörelsen"/><SP WIDTH="21" VPOS="822" HPOS="1688"/>
							<String ID="string_135" HPOS="1709" VPOS="832" WIDTH="59" HEIGHT="21" WC="0.92" CONTENT="an-"/>
						</TextLine>
						<TextLine ID="line_14" HPOS="270" VPOS="861" WIDTH="1497" HEIGHT="47">
							<String ID="string_136" HPOS="270" VPOS="861" WIDTH="105" HEIGHT="39" WC="0.95" CONTENT="givna"/><SP WIDTH="25" VPOS="861" HPOS="375"/>
							<String ID="string_137" HPOS="400" VPOS="862" WIDTH="302" HEIGHT="41" WC="0.93" CONTENT="förutsättningar."/><SP WIDTH="26" VPOS="862" HPOS="702"/>
							<String ID="string_138" HPOS="728" VPOS="865" WIDTH="355" HEIGHT="41" WC="0.91" CONTENT="Förutsättningarna"/><SP WIDTH="26" VPOS="865" HPOS="1083"/>
							<String ID="string_139" HPOS="1109" VPOS="868" WIDTH="55" HEIGHT="31" WC="0.96" CONTENT="för"/><SP WIDTH="26" VPOS="868" HPOS="1164"/>
							<String ID="string_140" HPOS="1190" VPOS="870" WIDTH="255" HEIGHT="38" WC="0.96" CONTENT="godkännande"/><SP WIDTH="27" VPOS="870" HPOS="1445"/>
							<String ID="string_141" HPOS="1472" VPOS="872" WIDTH="37" HEIGHT="29" WC="0.96" CONTENT="är"/><SP WIDTH="24" VPOS="872" HPOS="1509"/>
							<String ID="string_142" HPOS="1533" VPOS="874" WIDTH="52" HEIGHT="28" WC="0.96" CONTENT="att"/><SP WIDTH="25" VPOS="874" HPOS="1585"/>
							<String ID="string_143" HPOS="1610" VPOS="875" WIDTH="157" HEIGHT="28" WC="0.95" CONTENT="motorns"/>
						</TextLine>
						<TextLine ID="line_15" HPOS="270" VPOS="911" WIDTH="1497" HEIGHT="51">
							<String ID="string_144" HPOS="270" VPOS="911" WIDTH="273" HEIGHT="41" WC="0.95" CONTENT="cylindervolym"/><SP WIDTH="25" VPOS="911" HPOS="543"/>
							<String ID="string_145" HPOS="568" VPOS="914" WIDTH="31" HEIGHT="39" WC="0.96" CONTENT="ej"/><SP WIDTH="27" VPOS="914" HPOS="599"/>
							<String ID="string_146" HPOS="626" VPOS="915" WIDTH="190" HEIGHT="40" WC="0.96" CONTENT="överstiger"/><SP WIDTH="25" VPOS="915" HPOS="816"/>
							<String ID="string_147" HPOS="841" VPOS="915" WIDTH="40" HEIGHT="30" WC="0.96" CONTENT="50"/><SP WIDTH="25" VPOS="915" HPOS="881"/>
							<String ID="string_148" HPOS="906" VPOS="917" WIDTH="323" HEIGHT="37" WC="0.96" CONTENT="kubikcentimeter,"/><SP WIDTH="26" VPOS="917" HPOS="1229"/>
							<String ID="string_149" HPOS="1255" VPOS="921" WIDTH="50" HEIGHT="29" WC="0.95" CONTENT="att"/><SP WIDTH="25" VPOS="921" HPOS="1305"/>
							<String ID="string_150" HPOS="1330" VPOS="923" WIDTH="137" HEIGHT="27" WC="0.94" CONTENT="motorn"/><SP WIDTH="27" VPOS="923" HPOS="1467"/>
							<String ID="string_151" HPOS="1494" VPOS="922" WIDTH="51" HEIGHT="30" WC="0.94" CONTENT="till"/><SP WIDTH="25" VPOS="922" HPOS="1545"/>
							<String ID="string_152" HPOS="1570" VPOS="923" WIDTH="108" HEIGHT="39" WC="0.96" CONTENT="tyngd"/><SP WIDTH="25" VPOS="923" HPOS="1678"/>
							<String ID="string_153" HPOS="1703" VPOS="922" WIDTH="64" HEIGHT="31" WC="0.96" CONTENT="och"/>
						</TextLine>
						<TextLine ID="line_16" HPOS="269" VPOS="961" WIDTH="1498" HEIGHT="49">
							<String ID="string_154" HPOS="269" VPOS="961" WIDTH="261" HEIGHT="41" WC="0.92" CONTENT="verkningssätt"/><SP WIDTH="26" VPOS="961" HPOS="530"/>
							<String ID="string_155" HPOS="556" VPOS="963" WIDTH="160" HEIGHT="32" WC="0.91" CONTENT="befinnes"/><SP WIDTH="28" VPOS="963" HPOS="716"/>
							<String ID="string_156" HPOS="744" VPOS="966" WIDTH="141" HEIGHT="39" WC="0.96" CONTENT="lämpad"/><SP WIDTH="28" VPOS="966" HPOS="885"/>
							<String ID="string_157" HPOS="913" VPOS="967" WIDTH="54" HEIGHT="30" WC="0.96" CONTENT="för"/><SP WIDTH="26" VPOS="967" HPOS="967"/>
							<String ID="string_158" HPOS="993" VPOS="968" WIDTH="98" HEIGHT="39" WC="0.96" CONTENT="cykel"/><SP WIDTH="30" VPOS="968" HPOS="1091"/>
							<String ID="string_159" HPOS="1121" VPOS="979" WIDTH="42" HEIGHT="20" WC="0.96" CONTENT="av"/><SP WIDTH="27" VPOS="979" HPOS="1163"/>
							<String ID="string_160" HPOS="1190" VPOS="971" WIDTH="135" HEIGHT="29" WC="0.96" CONTENT="normal"/><SP WIDTH="27" VPOS="971" HPOS="1325"/>
							<String ID="string_161" HPOS="1352" VPOS="970" WIDTH="170" HEIGHT="40" WC="0.96" CONTENT="byggnad,"/><SP WIDTH="28" VPOS="970" HPOS="1522"/>
							<String ID="string_162" HPOS="1550" VPOS="974" WIDTH="51" HEIGHT="27" WC="0.96" CONTENT="att"/><SP WIDTH="27" VPOS="974" HPOS="1601"/>
							<String ID="string_163" HPOS="1628" VPOS="975" WIDTH="139" HEIGHT="28" WC="0.96" CONTENT="motorn"/>
						</TextLine>
						<TextLine ID="line_17" HPOS="271" VPOS="1007" WIDTH="1496" HEIGHT="45">
							<String ID="string_164" HPOS="271" VPOS="1007" WIDTH="66" HEIGHT="31" WC="0.96" CONTENT="har"/><SP WIDTH="21" VPOS="1007" HPOS="337"/>
							<String ID="string_165" HPOS="358" VPOS="1018" WIDTH="43" HEIGHT="21" WC="0.96" CONTENT="en"/><SP WIDTH="20" VPOS="1018" HPOS="401"/>
							<String ID="string_166" HPOS="421" VPOS="1009" WIDTH="110" HEIGHT="32" WC="0.96" CONTENT="effekt"/><SP WIDTH="21" VPOS="1009" HPOS="531"/>
							<String ID="string_167" HPOS="552" VPOS="1020" WIDTH="42" HEIGHT="21" WC="0.96" CONTENT="av"/><SP WIDTH="22" VPOS="1020" HPOS="594"/>
							<String ID="string_168" HPOS="616" VPOS="1012" WIDTH="101" HEIGHT="40" WC="0.96" CONTENT="högst"/><SP WIDTH="22" VPOS="1012" HPOS="717"/>
							<String ID="string_169" HPOS="739" VPOS="1013" WIDTH="52" HEIGHT="34" WC="0.96" CONTENT="0,8"/><SP WIDTH="22" VPOS="1013" HPOS="791"/>
							<String ID="string_170" HPOS="813" VPOS="1013" WIDTH="216" HEIGHT="32" WC="0.96" CONTENT="hästkrafter"/><SP WIDTH="21" VPOS="1013" HPOS="1029"/>
							<String ID="string_171" HPOS="1050" VPOS="1018" WIDTH="93" HEIGHT="28" WC="0.96" CONTENT="samt"/><SP WIDTH="22" VPOS="1018" HPOS="1143"/>
							<String ID="string_172" HPOS="1165" VPOS="1018" WIDTH="51" HEIGHT="28" WC="0.95" CONTENT="att"/><SP WIDTH="20" VPOS="1018" HPOS="1216"/>
							<String ID="string_173" HPOS="1236" VPOS="1020" WIDTH="141" HEIGHT="27" WC="0.95" CONTENT="motorn"/><SP WIDTH="22" VPOS="1020" HPOS="1377"/>
							<String ID="string_174" HPOS="1399" VPOS="1019" WIDTH="38" HEIGHT="29" WC="0.96" CONTENT="är"/><SP WIDTH="19" VPOS="1019" HPOS="1437"/>
							<String ID="string_175" HPOS="1456" VPOS="1019" WIDTH="233" HEIGHT="31" WC="0.96" CONTENT="konstruerad"/><SP WIDTH="23" VPOS="1019" HPOS="1689"/>
							<String ID="string_176" HPOS="1712" VPOS="1021" WIDTH="55" HEIGHT="30" WC="0.96" CONTENT="för"/>
						</TextLine>
						<TextLine ID="line_18" HPOS="269" VPOS="1061" WIDTH="1496" HEIGHT="51">
							<String ID="string_177" HPOS="269" VPOS="1070" WIDTH="43" HEIGHT="20" WC="0.96" CONTENT="en"/><SP WIDTH="24" VPOS="1070" HPOS="312"/>
							<String ID="string_178" HPOS="336" VPOS="1061" WIDTH="174" HEIGHT="40" WC="0.95" CONTENT="hastighet"/><SP WIDTH="25" VPOS="1061" HPOS="510"/>
							<String ID="string_179" HPOS="535" VPOS="1073" WIDTH="42" HEIGHT="20" WC="0.96" CONTENT="av"/><SP WIDTH="22" VPOS="1073" HPOS="577"/>
							<String ID="string_180" HPOS="599" VPOS="1064" WIDTH="101" HEIGHT="40" WC="0.96" CONTENT="högst"/><SP WIDTH="24" VPOS="1064" HPOS="700"/>
							<String ID="string_181" HPOS="724" VPOS="1065" WIDTH="40" HEIGHT="30" WC="0.96" CONTENT="30"/><SP WIDTH="25" VPOS="1065" HPOS="764"/>
							<String ID="string_182" HPOS="789" VPOS="1066" WIDTH="183" HEIGHT="31" WC="0.95" CONTENT="kilometer"/><SP WIDTH="22" VPOS="1066" HPOS="972"/>
							<String ID="string_183" HPOS="994" VPOS="1068" WIDTH="11" HEIGHT="29" WC="0.96" CONTENT="i"/><SP WIDTH="24" VPOS="1068" HPOS="1005"/>
							<String ID="string_184" HPOS="1029" VPOS="1069" WIDTH="146" HEIGHT="30" WC="0.96" CONTENT="timmen"/><SP WIDTH="24" VPOS="1069" HPOS="1175"/>
							<String ID="string_185" HPOS="1199" VPOS="1070" WIDTH="65" HEIGHT="29" WC="0.96" CONTENT="och"/><SP WIDTH="24" VPOS="1070" HPOS="1264"/>
							<String ID="string_186" HPOS="1288" VPOS="1070" WIDTH="76" HEIGHT="30" WC="0.96" CONTENT="icke"/><SP WIDTH="24" VPOS="1070" HPOS="1364"/>
							<String ID="string_187" HPOS="1388" VPOS="1073" WIDTH="85" HEIGHT="27" WC="0.96" CONTENT="utan"/><SP WIDTH="25" VPOS="1073" HPOS="1473"/>
							<String ID="string_188" HPOS="1498" VPOS="1072" WIDTH="174" HEIGHT="40" WC="0.96" CONTENT="svårighet"/><SP WIDTH="24" VPOS="1072" HPOS="1672"/>
							<String ID="string_189" HPOS="1696" VPOS="1072" WIDTH="69" HEIGHT="31" WC="0.96" CONTENT="kan"/>
						</TextLine>
						<TextLine ID="line_19" HPOS="269" VPOS="1111" WIDTH="1497" HEIGHT="51">
							<String ID="string_190" HPOS="269" VPOS="1111" WIDTH="130" HEIGHT="31" WC="0.95" CONTENT="ändras"/><SP WIDTH="20" VPOS="1111" HPOS="399"/>
							<String ID="string_191" HPOS="419" VPOS="1113" WIDTH="50" HEIGHT="29" WC="0.95" CONTENT="till"/><SP WIDTH="21" VPOS="1113" HPOS="469"/>
							<String ID="string_192" HPOS="490" VPOS="1113" WIDTH="105" HEIGHT="40" WC="0.96" CONTENT="högre"/><SP WIDTH="19" VPOS="1113" HPOS="595"/>
							<String ID="string_193" HPOS="614" VPOS="1114" WIDTH="186" HEIGHT="40" WC="0.92" CONTENT="hastighet."/><SP WIDTH="22" VPOS="1114" HPOS="800"/>
							<String ID="string_194" HPOS="822" VPOS="1117" WIDTH="65" HEIGHT="29" WC="0.96" CONTENT="Vid"/><SP WIDTH="20" VPOS="1117" HPOS="887"/>
							<String ID="string_195" HPOS="907" VPOS="1118" WIDTH="228" HEIGHT="31" WC="0.96" CONTENT="meddelande"/><SP WIDTH="21" VPOS="1118" HPOS="1135"/>
							<String ID="string_196" HPOS="1156" VPOS="1130" WIDTH="41" HEIGHT="19" WC="0.96" CONTENT="av"/><SP WIDTH="19" VPOS="1130" HPOS="1197"/>
							<String ID="string_197" HPOS="1216" VPOS="1121" WIDTH="256" HEIGHT="39" WC="0.96" CONTENT="godkännande"/><SP WIDTH="21" VPOS="1121" HPOS="1472"/>
							<String ID="string_198" HPOS="1493" VPOS="1122" WIDTH="87" HEIGHT="31" WC="0.93" CONTENT="skall"/><SP WIDTH="22" VPOS="1122" HPOS="1580"/>
							<String ID="string_199" HPOS="1602" VPOS="1123" WIDTH="79" HEIGHT="39" WC="0.92" CONTENT="väg-"/><SP WIDTH="20" VPOS="1123" HPOS="1681"/>
							<String ID="string_200" HPOS="1701" VPOS="1123" WIDTH="65" HEIGHT="30" WC="0.96" CONTENT="och"/>
						</TextLine>
						<TextLine ID="line_20" HPOS="268" VPOS="1162" WIDTH="1264" HEIGHT="48">
							<String ID="string_201" HPOS="268" VPOS="1162" WIDTH="471" HEIGHT="41" WC="0.90" CONTENT="vattenbyggnadsstyrelsen"/><SP WIDTH="23" VPOS="1162" HPOS="739"/>
							<String ID="string_202" HPOS="762" VPOS="1167" WIDTH="163" HEIGHT="30" WC="0.96" CONTENT="samråda"/><SP WIDTH="20" VPOS="1167" HPOS="925"/>
							<String ID="string_203" HPOS="945" VPOS="1168" WIDTH="79" HEIGHT="30" WC="0.96" CONTENT="med"/><SP WIDTH="22" VPOS="1168" HPOS="1024"/>
							<String ID="string_204" HPOS="1046" VPOS="1170" WIDTH="132" HEIGHT="30" WC="0.93" CONTENT="statens"/><SP WIDTH="22" VPOS="1170" HPOS="1178"/>
							<String ID="string_205" HPOS="1200" VPOS="1171" WIDTH="332" HEIGHT="39" WC="0.91" CONTENT="provningsanstalt."/>
						</TextLine>
					</TextBlock>
					<TextBlock ID="block_4" HPOS="262" VPOS="1210" WIDTH="1503" HEIGHT="895">
						<TextLine ID="line_21" HPOS="314" VPOS="1210" WIDTH="1451" HEIGHT="50">
							<String ID="string_206" HPOS="314" VPOS="1210" WIDTH="182" HEIGHT="41" WC="0.91" CONTENT="Härjämte"/><SP WIDTH="19" VPOS="1210" HPOS="496"/>
							<String ID="string_207" HPOS="515" VPOS="1220" WIDTH="57" HEIGHT="32" WC="0.95" CONTENT="ges"/><SP WIDTH="19" VPOS="1220" HPOS="572"/>
							<String ID="string_208" HPOS="591" VPOS="1214" WIDTH="10" HEIGHT="29" WC="0.96" CONTENT="i"/><SP WIDTH="31" VPOS="1214" HPOS="601"/>
							<String ID="string_209" HPOS="632" VPOS="1214" WIDTH="7" HEIGHT="29" WC="0.92" CONTENT="2"/><SP WIDTH="29" VPOS="1214" HPOS="639"/>
							<String ID="string_210" HPOS="668" VPOS="1213" WIDTH="7" HEIGHT="37" WC="0.90" CONTENT="$"/><SP WIDTH="21" VPOS="1213" HPOS="675"/>
							<String ID="string_211" HPOS="696" VPOS="1216" WIDTH="362" HEIGHT="40" WC="0.91" CONTENT="mopedkungörelsen"/><SP WIDTH="20" VPOS="1216" HPOS="1058"/>
							<String ID="string_212" HPOS="1078" VPOS="1228" WIDTH="42" HEIGHT="20" WC="0.96" CONTENT="en"/><SP WIDTH="18" VPOS="1228" HPOS="1120"/>
							<String ID="string_213" HPOS="1138" VPOS="1219" WIDTH="55" HEIGHT="29" WC="0.96" CONTENT="hel"/><SP WIDTH="21" VPOS="1219" HPOS="1193"/>
							<String ID="string_214" HPOS="1214" VPOS="1220" WIDTH="54" HEIGHT="29" WC="0.95" CONTENT="del"/><SP WIDTH="21" VPOS="1220" HPOS="1268"/>
							<String ID="string_215" HPOS="1289" VPOS="1221" WIDTH="161" HEIGHT="39" WC="0.96" CONTENT="speciella"/><SP WIDTH="20" VPOS="1221" HPOS="1450"/>
							<String ID="string_216" HPOS="1470" VPOS="1221" WIDTH="221" HEIGHT="32" WC="0.96" CONTENT="föreskrifter"/><SP WIDTH="19" VPOS="1221" HPOS="1691"/>
							<String ID="string_217" HPOS="1710" VPOS="1223" WIDTH="55" HEIGHT="30" WC="0.96" CONTENT="för"/>
						</TextLine>
						<TextLine ID="line_22" HPOS="267" VPOS="1261" WIDTH="1498" HEIGHT="50">
							<String ID="string_218" HPOS="267" VPOS="1261" WIDTH="68" HEIGHT="30" WC="0.96" CONTENT="den"/><SP WIDTH="23" VPOS="1261" HPOS="335"/>
							<String ID="string_219" HPOS="358" VPOS="1263" WIDTH="53" HEIGHT="28" WC="0.96" CONTENT="art"/><SP WIDTH="22" VPOS="1263" HPOS="411"/>
							<String ID="string_220" HPOS="433" VPOS="1272" WIDTH="41" HEIGHT="20" WC="0.96" CONTENT="av"/><SP WIDTH="20" VPOS="1272" HPOS="474"/>
							<String ID="string_221" HPOS="494" VPOS="1263" WIDTH="85" HEIGHT="30" WC="0.96" CONTENT="lätta"/><SP WIDTH="22" VPOS="1263" HPOS="579"/>
							<String ID="string_222" HPOS="601" VPOS="1265" WIDTH="247" HEIGHT="39" WC="0.96" CONTENT="motorcyklar,"/><SP WIDTH="24" VPOS="1265" HPOS="848"/>
							<String ID="string_223" HPOS="872" VPOS="1275" WIDTH="73" HEIGHT="22" WC="0.93" CONTENT="som"/><SP WIDTH="21" VPOS="1275" HPOS="945"/>
							<String ID="string_224" HPOS="966" VPOS="1269" WIDTH="213" HEIGHT="38" WC="0.92" CONTENT="mopederna"/><SP WIDTH="23" VPOS="1269" HPOS="1179"/>
							<String ID="string_225" HPOS="1202" VPOS="1271" WIDTH="110" HEIGHT="39" WC="0.96" CONTENT="utgör."/><SP WIDTH="23" VPOS="1271" HPOS="1312"/>
							<String ID="string_226" HPOS="1335" VPOS="1271" WIDTH="123" HEIGHT="40" WC="0.96" CONTENT="Moped"/><SP WIDTH="24" VPOS="1271" HPOS="1458"/>
							<String ID="string_227" HPOS="1482" VPOS="1272" WIDTH="38" HEIGHT="29" WC="0.96" CONTENT="är"/><SP WIDTH="20" VPOS="1272" HPOS="1520"/>
							<String ID="string_228" HPOS="1540" VPOS="1272" WIDTH="77" HEIGHT="30" WC="0.93" CONTENT="icke"/><SP WIDTH="21" VPOS="1272" HPOS="1617"/>
							<String ID="string_229" HPOS="1638" VPOS="1273" WIDTH="127" HEIGHT="30" WC="0.91" CONTENT="under-"/>
						</TextLine>
						<TextLine ID="line_23" HPOS="267" VPOS="1310" WIDTH="1498" HEIGHT="57">
							<String ID="string_230" HPOS="267" VPOS="1310" WIDTH="126" HEIGHT="31" WC="0.96" CONTENT="kastad"/><SP WIDTH="17" VPOS="1310" HPOS="393"/>
							<String ID="string_231" HPOS="410" VPOS="1312" WIDTH="41" HEIGHT="30" WC="0.94" CONTENT="de"/><SP WIDTH="15" VPOS="1312" HPOS="451"/>
							<String ID="string_232" HPOS="466" VPOS="1313" WIDTH="11" HEIGHT="29" WC="0.96" CONTENT="i"/><SP WIDTH="16" VPOS="1313" HPOS="477"/>
							<String ID="string_233" HPOS="493" VPOS="1311" WIDTH="19" HEIGHT="30" WC="0.92" CONTENT="4"/><SP WIDTH="18" VPOS="1311" HPOS="512"/>
							<String ID="string_234" HPOS="530" VPOS="1312" WIDTH="15" HEIGHT="37" WC="0.88" CONTENT="$"/><SP WIDTH="18" VPOS="1312" HPOS="545"/>
							<String ID="string_235" HPOS="563" VPOS="1314" WIDTH="430" HEIGHT="42" WC="0.91" CONTENT="vägtrafikförordningen"/><SP WIDTH="17" VPOS="1314" HPOS="993"/>
							<String ID="string_236" HPOS="1010" VPOS="1318" WIDTH="104" HEIGHT="39" WC="0.95" CONTENT="givna"/><SP WIDTH="16" VPOS="1318" HPOS="1114"/>
							<String ID="string_237" HPOS="1130" VPOS="1319" WIDTH="310" HEIGHT="32" WC="0.96" CONTENT="bestämmelserna"/><SP WIDTH="18" VPOS="1319" HPOS="1440"/>
							<String ID="string_238" HPOS="1458" VPOS="1331" WIDTH="55" HEIGHT="20" WC="0.96" CONTENT="om"/><SP WIDTH="18" VPOS="1331" HPOS="1513"/>
							<String ID="string_239" HPOS="1531" VPOS="1319" WIDTH="234" HEIGHT="48" WC="0.91" CONTENT="motorcykels"/>
						</TextLine>
						<TextLine ID="line_24" HPOS="267" VPOS="1360" WIDTH="1498" HEIGHT="50">
							<String ID="string_240" HPOS="267" VPOS="1360" WIDTH="246" HEIGHT="32" WC="0.96" CONTENT="beskaffenhet"/><SP WIDTH="26" VPOS="1360" HPOS="513"/>
							<String ID="string_241" HPOS="539" VPOS="1363" WIDTH="65" HEIGHT="30" WC="0.96" CONTENT="och"/><SP WIDTH="26" VPOS="1363" HPOS="604"/>
							<String ID="string_242" HPOS="630" VPOS="1365" WIDTH="204" HEIGHT="40" WC="0.92" CONTENT="utrustning"/><SP WIDTH="26" VPOS="1365" HPOS="834"/>
							<String ID="string_243" HPOS="860" VPOS="1375" WIDTH="45" HEIGHT="21" WC="0.91" CONTENT="m."/><SP WIDTH="27" VPOS="1375" HPOS="905"/>
							<String ID="string_244" HPOS="932" VPOS="1376" WIDTH="56" HEIGHT="25" WC="0.92" CONTENT="m.,"/><SP WIDTH="27" VPOS="1376" HPOS="988"/>
							<String ID="string_245" HPOS="1015" VPOS="1370" WIDTH="85" HEIGHT="27" WC="0.96" CONTENT="utan"/><SP WIDTH="27" VPOS="1370" HPOS="1100"/>
							<String ID="string_246" HPOS="1127" VPOS="1369" WIDTH="10" HEIGHT="29" WC="0.95" CONTENT="i"/><SP WIDTH="28" VPOS="1369" HPOS="1137"/>
							<String ID="string_247" HPOS="1165" VPOS="1370" WIDTH="113" HEIGHT="29" WC="0.96" CONTENT="stället"/><SP WIDTH="27" VPOS="1370" HPOS="1278"/>
							<String ID="string_248" HPOS="1305" VPOS="1371" WIDTH="107" HEIGHT="39" WC="0.96" CONTENT="gäller"/><SP WIDTH="26" VPOS="1371" HPOS="1412"/>
							<String ID="string_249" HPOS="1438" VPOS="1374" WIDTH="245" HEIGHT="30" WC="0.92" CONTENT="motsvarande"/><SP WIDTH="27" VPOS="1374" HPOS="1683"/>
							<String ID="string_250" HPOS="1710" VPOS="1373" WIDTH="55" HEIGHT="31" WC="0.92" CONTENT="be-"/>
						</TextLine>
						<TextLine ID="line_25" HPOS="267" VPOS="1411" WIDTH="1497" HEIGHT="51">
							<String ID="string_251" HPOS="267" VPOS="1411" WIDTH="219" HEIGHT="31" WC="0.92" CONTENT="stämmelser"/><SP WIDTH="20" VPOS="1411" HPOS="486"/>
							<String ID="string_252" HPOS="506" VPOS="1422" WIDTH="56" HEIGHT="20" WC="0.96" CONTENT="om"/><SP WIDTH="21" VPOS="1422" HPOS="562"/>
							<String ID="string_253" HPOS="583" VPOS="1414" WIDTH="98" HEIGHT="38" WC="0.96" CONTENT="cykel"/><SP WIDTH="20" VPOS="1414" HPOS="681"/>
							<String ID="string_254" HPOS="701" VPOS="1415" WIDTH="11" HEIGHT="29" WC="0.96" CONTENT="i"/><SP WIDTH="22" VPOS="1415" HPOS="712"/>
							<String ID="string_255" HPOS="734" VPOS="1414" WIDTH="17" HEIGHT="29" WC="0.91" CONTENT="7"/><SP WIDTH="25" VPOS="1414" HPOS="751"/>
							<String ID="string_256" HPOS="776" VPOS="1414" WIDTH="15" HEIGHT="37" WC="0.91" CONTENT="$"/><SP WIDTH="24" VPOS="1414" HPOS="791"/>
							<String ID="string_257" HPOS="815" VPOS="1425" WIDTH="134" HEIGHT="21" WC="0.96" CONTENT="samma"/><SP WIDTH="20" VPOS="1425" HPOS="949"/>
							<String ID="string_258" HPOS="969" VPOS="1418" WIDTH="216" HEIGHT="40" WC="0.95" CONTENT="förordning."/><SP WIDTH="23" VPOS="1418" HPOS="1185"/>
							<String ID="string_259" HPOS="1208" VPOS="1419" WIDTH="116" HEIGHT="40" WC="0.96" CONTENT="Enligt"/><SP WIDTH="22" VPOS="1419" HPOS="1324"/>
							<String ID="string_260" HPOS="1346" VPOS="1421" WIDTH="204" HEIGHT="40" WC="0.96" CONTENT="uttryckligt"/><SP WIDTH="23" VPOS="1421" HPOS="1550"/>
							<String ID="string_261" HPOS="1573" VPOS="1423" WIDTH="191" HEIGHT="39" WC="0.96" CONTENT="stadgande"/>
						</TextLine>
						<TextLine ID="line_26" HPOS="268" VPOS="1460" WIDTH="1495" HEIGHT="45">
							<String ID="string_262" HPOS="268" VPOS="1460" WIDTH="55" HEIGHT="30" WC="0.96" CONTENT="får"/><SP WIDTH="23" VPOS="1460" HPOS="323"/>
							<String ID="string_263" HPOS="346" VPOS="1462" WIDTH="192" HEIGHT="30" WC="0.96" CONTENT="emellertid"/><SP WIDTH="23" VPOS="1462" HPOS="538"/>
							<String ID="string_264" HPOS="561" VPOS="1464" WIDTH="125" HEIGHT="39" WC="0.96" CONTENT="moped"/><SP WIDTH="25" VPOS="1464" HPOS="686"/>
							<String ID="string_265" HPOS="711" VPOS="1465" WIDTH="76" HEIGHT="30" WC="0.97" CONTENT="icke"/><SP WIDTH="24" VPOS="1465" HPOS="787"/>
							<String ID="string_266" HPOS="811" VPOS="1468" WIDTH="98" HEIGHT="37" WC="0.96" CONTENT="tagas"/><SP WIDTH="24" VPOS="1468" HPOS="909"/>
							<String ID="string_267" HPOS="933" VPOS="1467" WIDTH="9" HEIGHT="29" WC="0.96" CONTENT="i"/><SP WIDTH="24" VPOS="1467" HPOS="942"/>
							<String ID="string_268" HPOS="966" VPOS="1467" WIDTH="92" HEIGHT="30" WC="0.96" CONTENT="bruk"/><SP WIDTH="23" VPOS="1467" HPOS="1058"/>
							<String ID="string_269" HPOS="1081" VPOS="1470" WIDTH="78" HEIGHT="29" WC="0.96" CONTENT="med"/><SP WIDTH="24" VPOS="1470" HPOS="1159"/>
							<String ID="string_270" HPOS="1183" VPOS="1470" WIDTH="137" HEIGHT="30" WC="0.96" CONTENT="mindre"/><SP WIDTH="25" VPOS="1470" HPOS="1320"/>
							<String ID="string_271" HPOS="1345" VPOS="1471" WIDTH="66" HEIGHT="29" WC="0.96" CONTENT="den"/><SP WIDTH="26" VPOS="1471" HPOS="1411"/>
							<String ID="string_272" HPOS="1437" VPOS="1471" WIDTH="142" HEIGHT="31" WC="0.96" CONTENT="försetts"/><SP WIDTH="24" VPOS="1471" HPOS="1579"/>
							<String ID="string_273" HPOS="1603" VPOS="1474" WIDTH="79" HEIGHT="29" WC="0.96" CONTENT="med"/><SP WIDTH="25" VPOS="1474" HPOS="1682"/>
							<String ID="string_274" HPOS="1707" VPOS="1474" WIDTH="56" HEIGHT="30" WC="0.96" CONTENT="två"/>
						</TextLine>
						<TextLine ID="line_27" HPOS="267" VPOS="1511" WIDTH="1496" HEIGHT="50">
							<String ID="string_275" HPOS="267" VPOS="1519" WIDTH="42" HEIGHT="20" WC="0.96" CONTENT="av"/><SP WIDTH="20" VPOS="1519" HPOS="309"/>
							<String ID="string_276" HPOS="329" VPOS="1511" WIDTH="173" HEIGHT="30" WC="0.96" CONTENT="varandra"/><SP WIDTH="22" VPOS="1511" HPOS="502"/>
							<String ID="string_277" HPOS="524" VPOS="1512" WIDTH="192" HEIGHT="32" WC="0.95" CONTENT="oberoende"/><SP WIDTH="22" VPOS="1512" HPOS="716"/>
							<String ID="string_278" HPOS="738" VPOS="1514" WIDTH="162" HEIGHT="32" WC="0.95" CONTENT="effektivt"/><SP WIDTH="20" VPOS="1514" HPOS="900"/>
							<String ID="string_279" HPOS="920" VPOS="1517" WIDTH="176" HEIGHT="31" WC="0.96" CONTENT="verkande"/><SP WIDTH="23" VPOS="1517" HPOS="1096"/>
							<String ID="string_280" HPOS="1119" VPOS="1518" WIDTH="167" HEIGHT="36" WC="0.93" CONTENT="bromsar,"/><SP WIDTH="24" VPOS="1518" HPOS="1286"/>
							<String ID="string_281" HPOS="1310" VPOS="1520" WIDTH="340" HEIGHT="41" WC="0.91" CONTENT="ljudsignalapparat"/><SP WIDTH="24" VPOS="1520" HPOS="1650"/>
							<String ID="string_282" HPOS="1674" VPOS="1525" WIDTH="89" HEIGHT="28" WC="0.95" CONTENT="samt"/>
						</TextLine>
						<TextLine ID="line_28" HPOS="266" VPOS="1560" WIDTH="1498" HEIGHT="53">
							<String ID="string_283" HPOS="266" VPOS="1560" WIDTH="95" HEIGHT="39" WC="0.96" CONTENT="skylt"/><SP WIDTH="22" VPOS="1560" HPOS="361"/>
							<String ID="string_284" HPOS="383" VPOS="1563" WIDTH="220" HEIGHT="38" WC="0.96" CONTENT="upptagande"/><SP WIDTH="23" VPOS="1563" HPOS="603"/>
							<String ID="string_285" HPOS="626" VPOS="1564" WIDTH="146" HEIGHT="38" WC="0.96" CONTENT="ägarens"/><SP WIDTH="22" VPOS="1564" HPOS="772"/>
							<String ID="string_286" HPOS="794" VPOS="1574" WIDTH="107" HEIGHT="21" WC="0.96" CONTENT="namn"/><SP WIDTH="23" VPOS="1574" HPOS="901"/>
							<String ID="string_287" HPOS="924" VPOS="1567" WIDTH="64" HEIGHT="29" WC="0.96" CONTENT="och"/><SP WIDTH="22" VPOS="1567" HPOS="988"/>
							<String ID="string_288" HPOS="1010" VPOS="1568" WIDTH="120" HEIGHT="30" WC="0.96" CONTENT="adress"/><SP WIDTH="22" VPOS="1568" HPOS="1130"/>
							<String ID="string_289" HPOS="1152" VPOS="1569" WIDTH="164" HEIGHT="31" WC="0.96" CONTENT="ävensom"/><SP WIDTH="22" VPOS="1569" HPOS="1316"/>
							<String ID="string_290" HPOS="1338" VPOS="1571" WIDTH="286" HEIGHT="39" WC="0.90" CONTENT="mopedmotorns"/><SP WIDTH="21" VPOS="1571" HPOS="1624"/>
							<String ID="string_291" HPOS="1645" VPOS="1573" WIDTH="119" HEIGHT="40" WC="0.92" CONTENT="typbe-"/>
						</TextLine>
						<TextLine ID="line_29" HPOS="267" VPOS="1610" WIDTH="1497" HEIGHT="52">
							<String ID="string_292" HPOS="267" VPOS="1610" WIDTH="164" HEIGHT="40" WC="0.96" CONTENT="teckning"/><SP WIDTH="22" VPOS="1610" HPOS="431"/>
							<String ID="string_293" HPOS="453" VPOS="1611" WIDTH="65" HEIGHT="30" WC="0.92" CONTENT="och"/><SP WIDTH="22" VPOS="1611" HPOS="518"/>
							<String ID="string_294" HPOS="540" VPOS="1613" WIDTH="418" HEIGHT="40" WC="0.91" CONTENT="tillverkningsnummer."/><SP WIDTH="25" VPOS="1613" HPOS="958"/>
							<String ID="string_295" HPOS="983" VPOS="1617" WIDTH="126" HEIGHT="30" WC="0.96" CONTENT="Vidare"/><SP WIDTH="24" VPOS="1617" HPOS="1109"/>
							<String ID="string_296" HPOS="1133" VPOS="1619" WIDTH="37" HEIGHT="29" WC="0.96" CONTENT="är"/><SP WIDTH="22" VPOS="1619" HPOS="1170"/>
							<String ID="string_297" HPOS="1192" VPOS="1619" WIDTH="311" HEIGHT="32" WC="0.96" CONTENT="bestämmelserna"/><SP WIDTH="21" VPOS="1619" HPOS="1503"/>
							<String ID="string_298" HPOS="1524" VPOS="1631" WIDTH="57" HEIGHT="21" WC="0.96" CONTENT="om"/><SP WIDTH="23" VPOS="1631" HPOS="1581"/>
							<String ID="string_299" HPOS="1604" VPOS="1623" WIDTH="160" HEIGHT="39" WC="0.90" CONTENT="registre-"/>
						</TextLine>
						<TextLine ID="line_30" HPOS="267" VPOS="1657" WIDTH="1494" HEIGHT="44">
							<String ID="string_300" HPOS="267" VPOS="1657" WIDTH="78" HEIGHT="40" WC="0.96" CONTENT="ring"/><SP WIDTH="21" VPOS="1657" HPOS="345"/>
							<String ID="string_301" HPOS="366" VPOS="1668" WIDTH="42" HEIGHT="20" WC="0.96" CONTENT="av"/><SP WIDTH="19" VPOS="1668" HPOS="408"/>
							<String ID="string_302" HPOS="427" VPOS="1659" WIDTH="241" HEIGHT="31" WC="0.96" CONTENT="motorfordon"/><SP WIDTH="20" VPOS="1659" HPOS="668"/>
							<String ID="string_303" HPOS="688" VPOS="1662" WIDTH="65" HEIGHT="29" WC="0.96" CONTENT="och"/><SP WIDTH="22" VPOS="1662" HPOS="753"/>
							<String ID="string_304" HPOS="775" VPOS="1671" WIDTH="57" HEIGHT="22" WC="0.96" CONTENT="om"/><SP WIDTH="20" VPOS="1671" HPOS="832"/>
							<String ID="string_305" HPOS="852" VPOS="1663" WIDTH="144" HEIGHT="31" WC="0.96" CONTENT="körkort"/><SP WIDTH="21" VPOS="1663" HPOS="996"/>
							<String ID="string_306" HPOS="1017" VPOS="1664" WIDTH="56" HEIGHT="31" WC="0.96" CONTENT="för"/><SP WIDTH="19" VPOS="1664" HPOS="1073"/>
							<String ID="string_307" HPOS="1092" VPOS="1665" WIDTH="115" HEIGHT="31" WC="0.96" CONTENT="förare"/><SP WIDTH="21" VPOS="1665" HPOS="1207"/>
							<String ID="string_308" HPOS="1228" VPOS="1676" WIDTH="42" HEIGHT="21" WC="0.96" CONTENT="av"/><SP WIDTH="20" VPOS="1676" HPOS="1270"/>
							<String ID="string_309" HPOS="1290" VPOS="1669" WIDTH="226" HEIGHT="30" WC="0.96" CONTENT="motordrivet"/><SP WIDTH="23" VPOS="1669" HPOS="1516"/>
							<String ID="string_310" HPOS="1539" VPOS="1670" WIDTH="127" HEIGHT="30" WC="0.96" CONTENT="fordon"/><SP WIDTH="20" VPOS="1670" HPOS="1666"/>
							<String ID="string_311" HPOS="1686" VPOS="1672" WIDTH="75" HEIGHT="29" WC="0.96" CONTENT="icke"/>
						</TextLine>
						<TextLine ID="line_31" HPOS="267" VPOS="1707" WIDTH="1493" HEIGHT="51">
							<String ID="string_312" HPOS="267" VPOS="1707" WIDTH="207" HEIGHT="41" WC="0.82" CONTENT="tillämpliga"/><SP WIDTH="21" VPOS="1707" HPOS="474"/>
							<String ID="string_313" HPOS="495" VPOS="1710" WIDTH="44" HEIGHT="39" WC="0.96" CONTENT="på"/><SP WIDTH="23" VPOS="1710" HPOS="539"/>
							<String ID="string_314" HPOS="562" VPOS="1711" WIDTH="178" HEIGHT="40" WC="0.96" CONTENT="mopeder;"/><SP WIDTH="26" VPOS="1711" HPOS="740"/>
							<String ID="string_315" HPOS="766" VPOS="1713" WIDTH="31" HEIGHT="40" WC="0.96" CONTENT="ej"/><SP WIDTH="24" VPOS="1713" HPOS="797"/>
							<String ID="string_316" HPOS="821" VPOS="1713" WIDTH="109" HEIGHT="31" WC="0.95" CONTENT="heller"/><SP WIDTH="21" VPOS="1713" HPOS="930"/>
							<String ID="string_317" HPOS="951" VPOS="1716" WIDTH="448" HEIGHT="42" WC="0.91" CONTENT="vägtrafikförordningens"/><SP WIDTH="22" VPOS="1716" HPOS="1399"/>
							<String ID="string_318" HPOS="1421" VPOS="1719" WIDTH="262" HEIGHT="32" WC="0.96" CONTENT="bestämmelser"/><SP WIDTH="22" VPOS="1719" HPOS="1683"/>
							<String ID="string_319" HPOS="1705" VPOS="1731" WIDTH="55" HEIGHT="20" WC="0.95" CONTENT="om"/>
						</TextLine>
						<TextLine ID="line_32" HPOS="267" VPOS="1758" WIDTH="1495" HEIGHT="44">
							<String ID="string_320" HPOS="267" VPOS="1758" WIDTH="130" HEIGHT="30" WC="0.96" CONTENT="största"/><SP WIDTH="22" VPOS="1758" HPOS="397"/>
							<String ID="string_321" HPOS="419" VPOS="1759" WIDTH="107" HEIGHT="31" WC="0.93" CONTENT="bredd"/><SP WIDTH="25" VPOS="1759" HPOS="526"/>
							<String ID="string_322" HPOS="551" VPOS="1761" WIDTH="20" HEIGHT="30" WC="0.93" CONTENT="å"/><SP WIDTH="23" VPOS="1761" HPOS="571"/>
							<String ID="string_323" HPOS="594" VPOS="1761" WIDTH="232" HEIGHT="40" WC="0.96" CONTENT="utskjutande"/><SP WIDTH="23" VPOS="1761" HPOS="826"/>
							<String ID="string_324" HPOS="849" VPOS="1764" WIDTH="68" HEIGHT="31" WC="0.93" CONTENT="last"/><SP WIDTH="32" VPOS="1764" HPOS="917"/>
							<String ID="string_325" HPOS="949" VPOS="1765" WIDTH="9" HEIGHT="30" WC="0.92" CONTENT="å"/><SP WIDTH="24" VPOS="1765" HPOS="958"/>
							<String ID="string_326" HPOS="982" VPOS="1766" WIDTH="243" HEIGHT="31" WC="0.96" CONTENT="motorfordon"/><SP WIDTH="24" VPOS="1766" HPOS="1225"/>
							<String ID="string_327" HPOS="1249" VPOS="1771" WIDTH="91" HEIGHT="27" WC="0.96" CONTENT="samt"/><SP WIDTH="23" VPOS="1771" HPOS="1340"/>
							<String ID="string_328" HPOS="1363" VPOS="1778" WIDTH="57" HEIGHT="21" WC="0.96" CONTENT="om"/><SP WIDTH="24" VPOS="1778" HPOS="1420"/>
							<String ID="string_329" HPOS="1444" VPOS="1769" WIDTH="126" HEIGHT="33" WC="0.96" CONTENT="förbud"/><SP WIDTH="23" VPOS="1769" HPOS="1570"/>
							<String ID="string_330" HPOS="1593" VPOS="1773" WIDTH="51" HEIGHT="28" WC="0.93" CONTENT="att"/><SP WIDTH="24" VPOS="1773" HPOS="1644"/>
							<String ID="string_331" HPOS="1668" VPOS="1772" WIDTH="94" HEIGHT="30" WC="0.92" CONTENT="med-"/>
						</TextLine>
						<TextLine ID="line_33" HPOS="265" VPOS="1809" WIDTH="1497" HEIGHT="51">
							<String ID="string_332" HPOS="265" VPOS="1809" WIDTH="78" HEIGHT="31" WC="0.96" CONTENT="föra"/><SP WIDTH="24" VPOS="1809" HPOS="343"/>
							<String ID="string_333" HPOS="367" VPOS="1819" WIDTH="224" HEIGHT="33" WC="0.96" CONTENT="passagerare"/><SP WIDTH="25" VPOS="1819" HPOS="591"/>
							<String ID="string_334" HPOS="616" VPOS="1814" WIDTH="44" HEIGHT="39" WC="0.96" CONTENT="på"/><SP WIDTH="24" VPOS="1814" HPOS="660"/>
							<String ID="string_335" HPOS="684" VPOS="1815" WIDTH="64" HEIGHT="30" WC="0.96" CONTENT="lätt"/><SP WIDTH="25" VPOS="1815" HPOS="748"/>
							<String ID="string_336" HPOS="773" VPOS="1818" WIDTH="225" HEIGHT="39" WC="0.95" CONTENT="motorcykel."/><SP WIDTH="26" VPOS="1818" HPOS="998"/>
							<String ID="string_337" HPOS="1024" VPOS="1818" WIDTH="166" HEIGHT="32" WC="0.96" CONTENT="Däremot"/><SP WIDTH="26" VPOS="1818" HPOS="1190"/>
							<String ID="string_338" HPOS="1216" VPOS="1821" WIDTH="106" HEIGHT="39" WC="0.95" CONTENT="gäller"/><SP WIDTH="25" VPOS="1821" HPOS="1322"/>
							<String ID="string_339" HPOS="1347" VPOS="1822" WIDTH="42" HEIGHT="30" WC="0.96" CONTENT="de"/><SP WIDTH="26" VPOS="1822" HPOS="1389"/>
							<String ID="string_340" HPOS="1415" VPOS="1823" WIDTH="173" HEIGHT="30" WC="0.93" CONTENT="särskilda"/><SP WIDTH="24" VPOS="1823" HPOS="1588"/>
							<String ID="string_341" HPOS="1612" VPOS="1823" WIDTH="150" HEIGHT="31" WC="0.92" CONTENT="bestäm-"/>
						</TextLine>
						<TextLine ID="line_34" HPOS="264" VPOS="1860" WIDTH="1497" HEIGHT="51">
							<String ID="string_342" HPOS="264" VPOS="1860" WIDTH="175" HEIGHT="31" WC="0.89" CONTENT="melserna"/><SP WIDTH="22" VPOS="1860" HPOS="439"/>
							<String ID="string_343" HPOS="461" VPOS="1862" WIDTH="11" HEIGHT="29" WC="0.96" CONTENT="i"/><SP WIDTH="24" VPOS="1862" HPOS="472"/>
							<String ID="string_344" HPOS="496" VPOS="1862" WIDTH="40" HEIGHT="30" WC="0.92" CONTENT="59"/><SP WIDTH="26" VPOS="1862" HPOS="536"/>
							<String ID="string_345" HPOS="562" VPOS="1862" WIDTH="15" HEIGHT="37" WC="0.87" CONTENT="$"/><SP WIDTH="25" VPOS="1862" HPOS="577"/>
							<String ID="string_346" HPOS="602" VPOS="1865" WIDTH="430" HEIGHT="42" WC="0.91" CONTENT="vägtrafikförordningen"/><SP WIDTH="25" VPOS="1865" HPOS="1032"/>
							<String ID="string_347" HPOS="1057" VPOS="1878" WIDTH="57" HEIGHT="21" WC="0.96" CONTENT="om"/><SP WIDTH="25" VPOS="1878" HPOS="1114"/>
							<String ID="string_348" HPOS="1139" VPOS="1870" WIDTH="107" HEIGHT="30" WC="0.96" CONTENT="trafik"/><SP WIDTH="24" VPOS="1870" HPOS="1246"/>
							<String ID="string_349" HPOS="1270" VPOS="1872" WIDTH="80" HEIGHT="29" WC="0.96" CONTENT="med"/><SP WIDTH="24" VPOS="1872" HPOS="1350"/>
							<String ID="string_350" HPOS="1374" VPOS="1872" WIDTH="98" HEIGHT="39" WC="0.96" CONTENT="cykel"/><SP WIDTH="26" VPOS="1872" HPOS="1472"/>
							<String ID="string_351" HPOS="1498" VPOS="1875" WIDTH="91" HEIGHT="28" WC="0.93" CONTENT="samt"/><SP WIDTH="22" VPOS="1875" HPOS="1589"/>
							<String ID="string_352" HPOS="1611" VPOS="1873" WIDTH="150" HEIGHT="31" WC="0.92" CONTENT="bestäm-"/>
						</TextLine>
						<TextLine ID="line_35" HPOS="263" VPOS="1910" WIDTH="1498" HEIGHT="49">
							<String ID="string_353" HPOS="263" VPOS="1910" WIDTH="174" HEIGHT="31" WC="0.91" CONTENT="melserna"/><SP WIDTH="18" VPOS="1910" HPOS="437"/>
							<String ID="string_354" HPOS="455" VPOS="1912" WIDTH="12" HEIGHT="29" WC="0.93" CONTENT="i"/><SP WIDTH="19" VPOS="1912" HPOS="467"/>
							<String ID="string_355" HPOS="486" VPOS="1912" WIDTH="129" HEIGHT="30" WC="0.62" CONTENT="22—24"/><SP WIDTH="22" VPOS="1912" HPOS="615"/>
							<String ID="string_356" HPOS="637" VPOS="1913" WIDTH="37" HEIGHT="37" WC="0.94" CONTENT="$$"/><SP WIDTH="22" VPOS="1913" HPOS="674"/>
							<String ID="string_357" HPOS="696" VPOS="1916" WIDTH="155" HEIGHT="30" WC="0.96" CONTENT="nämnda"/><SP WIDTH="20" VPOS="1916" HPOS="851"/>
							<String ID="string_358" HPOS="871" VPOS="1916" WIDTH="206" HEIGHT="42" WC="0.96" CONTENT="förordning"/><SP WIDTH="20" VPOS="1916" HPOS="1077"/>
							<String ID="string_359" HPOS="1097" VPOS="1929" WIDTH="56" HEIGHT="20" WC="0.97" CONTENT="om"/><SP WIDTH="20" VPOS="1929" HPOS="1153"/>
							<String ID="string_360" HPOS="1173" VPOS="1920" WIDTH="149" HEIGHT="39" WC="0.96" CONTENT="löpande"/><SP WIDTH="20" VPOS="1920" HPOS="1322"/>
							<String ID="string_361" HPOS="1342" VPOS="1922" WIDTH="151" HEIGHT="30" WC="0.96" CONTENT="kontroll"/><SP WIDTH="22" VPOS="1922" HPOS="1493"/>
							<String ID="string_362" HPOS="1515" VPOS="1933" WIDTH="42" HEIGHT="20" WC="0.93" CONTENT="av"/><SP WIDTH="18" VPOS="1933" HPOS="1557"/>
							<String ID="string_363" HPOS="1575" VPOS="1924" WIDTH="186" HEIGHT="30" WC="0.91" CONTENT="motorfor-"/>
						</TextLine>
						<TextLine ID="line_36" HPOS="262" VPOS="1959" WIDTH="1499" HEIGHT="51">
							<String ID="string_364" HPOS="262" VPOS="1959" WIDTH="82" HEIGHT="31" WC="0.92" CONTENT="don."/><SP WIDTH="22" VPOS="1959" HPOS="344"/>
							<String ID="string_365" HPOS="366" VPOS="1977" WIDTH="45" HEIGHT="5" WC="0.90" CONTENT="—"/><SP WIDTH="21" VPOS="1977" HPOS="411"/>
							<String ID="string_366" HPOS="432" VPOS="1961" WIDTH="176" HEIGHT="32" WC="0.91" CONTENT="Förseelse"/><SP WIDTH="24" VPOS="1961" HPOS="608"/>
							<String ID="string_367" HPOS="632" VPOS="1966" WIDTH="73" HEIGHT="28" WC="0.96" CONTENT="mot"/><SP WIDTH="22" VPOS="1966" HPOS="705"/>
							<String ID="string_368" HPOS="727" VPOS="1964" WIDTH="311" HEIGHT="34" WC="0.96" CONTENT="bestämmelserna"/><SP WIDTH="23" VPOS="1964" HPOS="1038"/>
							<String ID="string_369" HPOS="1061" VPOS="1969" WIDTH="12" HEIGHT="29" WC="0.96" CONTENT="i"/><SP WIDTH="24" VPOS="1969" HPOS="1073"/>
							<String ID="string_370" HPOS="1097" VPOS="1969" WIDTH="18" HEIGHT="29" WC="0.95" CONTENT="2"/><SP WIDTH="27" VPOS="1969" HPOS="1115"/>
							<String ID="string_371" HPOS="1142" VPOS="1968" WIDTH="15" HEIGHT="37" WC="0.51" CONTENT="8"/><SP WIDTH="25" VPOS="1968" HPOS="1157"/>
							<String ID="string_372" HPOS="1182" VPOS="1970" WIDTH="362" HEIGHT="40" WC="0.91" CONTENT="mopedkungörelsen"/><SP WIDTH="23" VPOS="1970" HPOS="1544"/>
							<String ID="string_373" HPOS="1567" VPOS="1973" WIDTH="194" HEIGHT="31" WC="0.91" CONTENT="beträffan-"/>
						</TextLine>
						<TextLine ID="line_37" HPOS="262" VPOS="2009" WIDTH="1498" HEIGHT="53">
							<String ID="string_374" HPOS="262" VPOS="2009" WIDTH="42" HEIGHT="30" WC="0.93" CONTENT="de"/><SP WIDTH="25" VPOS="2009" HPOS="304"/>
							<String ID="string_375" HPOS="329" VPOS="2011" WIDTH="144" HEIGHT="39" WC="0.91" CONTENT="mopeds"/><SP WIDTH="23" VPOS="2011" HPOS="473"/>
							<String ID="string_376" HPOS="496" VPOS="2013" WIDTH="204" HEIGHT="40" WC="0.96" CONTENT="utrustning"/><SP WIDTH="24" VPOS="2013" HPOS="700"/>
							<String ID="string_377" HPOS="724" VPOS="2015" WIDTH="90" HEIGHT="30" WC="0.95" CONTENT="skall"/><SP WIDTH="25" VPOS="2015" HPOS="814"/>
							<String ID="string_378" HPOS="839" VPOS="2016" WIDTH="106" HEIGHT="40" WC="0.96" CONTENT="enligt"/><SP WIDTH="34" VPOS="2016" HPOS="945"/>
							<String ID="string_379" HPOS="979" VPOS="2017" WIDTH="8" HEIGHT="29" WC="0.92" CONTENT="3"/><SP WIDTH="27" VPOS="2017" HPOS="987"/>
							<String ID="string_380" HPOS="1014" VPOS="2017" WIDTH="15" HEIGHT="37" WC="0.84" CONTENT="$"/><SP WIDTH="28" VPOS="2017" HPOS="1029"/>
							<String ID="string_381" HPOS="1057" VPOS="2027" WIDTH="134" HEIGHT="22" WC="0.95" CONTENT="samma"/><SP WIDTH="24" VPOS="2027" HPOS="1191"/>
							<String ID="string_382" HPOS="1215" VPOS="2020" WIDTH="209" HEIGHT="40" WC="0.96" CONTENT="kungörelse"/><SP WIDTH="26" VPOS="2020" HPOS="1424"/>
							<String ID="string_383" HPOS="1450" VPOS="2022" WIDTH="144" HEIGHT="31" WC="0.96" CONTENT="straffas"/><SP WIDTH="24" VPOS="2022" HPOS="1594"/>
							<String ID="string_384" HPOS="1618" VPOS="2024" WIDTH="142" HEIGHT="38" WC="0.95" CONTENT="jämlikt"/>
						</TextLine>
						<TextLine ID="line_38" HPOS="262" VPOS="2058" WIDTH="703" HEIGHT="47">
							<String ID="string_385" HPOS="262" VPOS="2058" WIDTH="41" HEIGHT="30" WC="0.96" CONTENT="65"/><SP WIDTH="23" VPOS="2058" HPOS="303"/>
							<String ID="string_386" HPOS="326" VPOS="2059" WIDTH="15" HEIGHT="36" WC="0.83" CONTENT="8"/><SP WIDTH="24" VPOS="2059" HPOS="341"/>
							<String ID="string_387" HPOS="365" VPOS="2060" WIDTH="13" HEIGHT="29" WC="0.93" CONTENT="1"/><SP WIDTH="23" VPOS="2060" HPOS="378"/>
							<String ID="string_388" HPOS="401" VPOS="2069" WIDTH="103" HEIGHT="22" WC="0.92" CONTENT="mom."/><SP WIDTH="20" VPOS="2069" HPOS="504"/>
							<String ID="string_389" HPOS="524" VPOS="2062" WIDTH="441" HEIGHT="43" WC="0.92" CONTENT="vägtrafikförordningen."/>
						</TextLine>
					</TextBlock>
					<TextBlock ID="block_5" HPOS="260" VPOS="2109" WIDTH="1500" HEIGHT="292">
						<TextLine ID="line_39" HPOS="306" VPOS="2109" WIDTH="1454" HEIGHT="51">
							<String ID="string_390" HPOS="306" VPOS="2109" WIDTH="118" HEIGHT="41" WC="0.96" CONTENT="Enligt"/><SP WIDTH="22" VPOS="2109" HPOS="424"/>
							<String ID="string_391" HPOS="446" VPOS="2111" WIDTH="19" HEIGHT="29" WC="0.93" CONTENT="2"/><SP WIDTH="25" VPOS="2111" HPOS="465"/>
							<String ID="string_392" HPOS="490" VPOS="2111" WIDTH="15" HEIGHT="36" WC="0.66" CONTENT="8"/><SP WIDTH="24" VPOS="2111" HPOS="505"/>
							<String ID="string_393" HPOS="529" VPOS="2113" WIDTH="363" HEIGHT="40" WC="0.91" CONTENT="mopedkungörelsen"/><SP WIDTH="22" VPOS="2113" HPOS="892"/>
							<String ID="string_394" HPOS="914" VPOS="2117" WIDTH="107" HEIGHT="39" WC="0.96" CONTENT="gäller"/><SP WIDTH="22" VPOS="2117" HPOS="1021"/>
							<String ID="string_395" HPOS="1043" VPOS="2118" WIDTH="129" HEIGHT="37" WC="0.96" CONTENT="vidare,"/><SP WIDTH="23" VPOS="2118" HPOS="1172"/>
							<String ID="string_396" HPOS="1195" VPOS="2121" WIDTH="50" HEIGHT="29" WC="0.97" CONTENT="att"/><SP WIDTH="22" VPOS="2121" HPOS="1245"/>
							<String ID="string_397" HPOS="1267" VPOS="2122" WIDTH="126" HEIGHT="38" WC="0.96" CONTENT="moped"/><SP WIDTH="24" VPOS="2122" HPOS="1393"/>
							<String ID="string_398" HPOS="1417" VPOS="2121" WIDTH="54" HEIGHT="31" WC="0.96" CONTENT="får"/><SP WIDTH="23" VPOS="2121" HPOS="1471"/>
							<String ID="string_399" HPOS="1494" VPOS="2122" WIDTH="95" HEIGHT="32" WC="0.93" CONTENT="föras"/><SP WIDTH="23" VPOS="2122" HPOS="1589"/>
							<String ID="string_400" HPOS="1612" VPOS="2124" WIDTH="148" HEIGHT="31" WC="0.90" CONTENT="allenast"/>
						</TextLine>
						<TextLine ID="line_40" HPOS="262" VPOS="2159" WIDTH="1497" HEIGHT="55">
							<String ID="string_401" HPOS="262" VPOS="2168" WIDTH="42" HEIGHT="20" WC="0.96" CONTENT="av"/><SP WIDTH="23" VPOS="2168" HPOS="304"/>
							<String ID="string_402" HPOS="327" VPOS="2159" WIDTH="67" HEIGHT="30" WC="0.96" CONTENT="den"/><SP WIDTH="22" VPOS="2159" HPOS="394"/>
							<String ID="string_403" HPOS="416" VPOS="2169" WIDTH="74" HEIGHT="21" WC="0.96" CONTENT="som"/><SP WIDTH="23" VPOS="2169" HPOS="490"/>
							<String ID="string_404" HPOS="513" VPOS="2161" WIDTH="78" HEIGHT="40" WC="0.96" CONTENT="fyllt"/><SP WIDTH="25" VPOS="2161" HPOS="591"/>
							<String ID="string_405" HPOS="616" VPOS="2163" WIDTH="38" HEIGHT="29" WC="0.95" CONTENT="15"/><SP WIDTH="23" VPOS="2163" HPOS="654"/>
							<String ID="string_406" HPOS="677" VPOS="2164" WIDTH="49" HEIGHT="29" WC="0.93" CONTENT="år."/><SP WIDTH="23" VPOS="2164" HPOS="726"/>
							<String ID="string_407" HPOS="749" VPOS="2164" WIDTH="167" HEIGHT="31" WC="0.92" CONTENT="Häremot"/><SP WIDTH="23" VPOS="2164" HPOS="916"/>
							<String ID="string_408" HPOS="939" VPOS="2168" WIDTH="170" HEIGHT="30" WC="0.93" CONTENT="svarande"/><SP WIDTH="25" VPOS="2168" HPOS="1109"/>
							<String ID="string_409" HPOS="1134" VPOS="2169" WIDTH="350" HEIGHT="34" WC="0.91" CONTENT="straffbestämmelse"/><SP WIDTH="22" VPOS="2169" HPOS="1484"/>
							<String ID="string_410" HPOS="1506" VPOS="2173" WIDTH="11" HEIGHT="29" WC="0.96" CONTENT="i"/><SP WIDTH="25" VPOS="2173" HPOS="1517"/>
							<String ID="string_411" HPOS="1542" VPOS="2172" WIDTH="18" HEIGHT="30" WC="0.93" CONTENT="3"/><SP WIDTH="26" VPOS="2172" HPOS="1560"/>
							<String ID="string_412" HPOS="1586" VPOS="2173" WIDTH="15" HEIGHT="36" WC="0.89" CONTENT="$"/><SP WIDTH="25" VPOS="2173" HPOS="1601"/>
							<String ID="string_413" HPOS="1626" VPOS="2174" WIDTH="133" HEIGHT="40" WC="0.91" CONTENT="kungö-"/>
						</TextLine>
						<TextLine ID="line_41" HPOS="262" VPOS="2209" WIDTH="1496" HEIGHT="48">
							<String ID="string_414" HPOS="262" VPOS="2209" WIDTH="114" HEIGHT="30" WC="0.96" CONTENT="relsen"/><SP WIDTH="18" VPOS="2209" HPOS="376"/>
							<String ID="string_415" HPOS="394" VPOS="2210" WIDTH="144" HEIGHT="31" WC="0.96" CONTENT="innebär"/><SP WIDTH="17" VPOS="2210" HPOS="538"/>
							<String ID="string_416" HPOS="555" VPOS="2212" WIDTH="54" HEIGHT="30" WC="0.96" CONTENT="för"/><SP WIDTH="17" VPOS="2212" HPOS="609"/>
							<String ID="string_417" HPOS="626" VPOS="2214" WIDTH="57" HEIGHT="30" WC="0.96" CONTENT="det"/><SP WIDTH="17" VPOS="2214" HPOS="683"/>
							<String ID="string_418" HPOS="700" VPOS="2214" WIDTH="61" HEIGHT="30" WC="0.96" CONTENT="fall"/><SP WIDTH="19" VPOS="2214" HPOS="761"/>
							<String ID="string_419" HPOS="780" VPOS="2216" WIDTH="50" HEIGHT="30" WC="0.96" CONTENT="att"/><SP WIDTH="16" VPOS="2216" HPOS="830"/>
							<String ID="string_420" HPOS="846" VPOS="2217" WIDTH="125" HEIGHT="38" WC="0.92" CONTENT="moped"/><SP WIDTH="18" VPOS="2217" HPOS="971"/>
							<String ID="string_421" HPOS="989" VPOS="2217" WIDTH="93" HEIGHT="31" WC="0.91" CONTENT="föres"/><SP WIDTH="18" VPOS="2217" HPOS="1082"/>
							<String ID="string_422" HPOS="1100" VPOS="2228" WIDTH="43" HEIGHT="21" WC="0.96" CONTENT="av"/><SP WIDTH="14" VPOS="2228" HPOS="1143"/>
							<String ID="string_423" HPOS="1157" VPOS="2219" WIDTH="87" HEIGHT="30" WC="0.96" CONTENT="barn"/><SP WIDTH="18" VPOS="2219" HPOS="1244"/>
							<String ID="string_424" HPOS="1262" VPOS="2221" WIDTH="112" HEIGHT="30" WC="0.96" CONTENT="under"/><SP WIDTH="20" VPOS="2221" HPOS="1374"/>
							<String ID="string_425" HPOS="1394" VPOS="2222" WIDTH="38" HEIGHT="29" WC="0.96" CONTENT="15"/><SP WIDTH="17" VPOS="2222" HPOS="1432"/>
							<String ID="string_426" HPOS="1449" VPOS="2222" WIDTH="48" HEIGHT="35" WC="0.96" CONTENT="år,"/><SP WIDTH="19" VPOS="2222" HPOS="1497"/>
							<String ID="string_427" HPOS="1516" VPOS="2225" WIDTH="50" HEIGHT="28" WC="0.96" CONTENT="att"/><SP WIDTH="18" VPOS="2225" HPOS="1566"/>
							<String ID="string_428" HPOS="1584" VPOS="2224" WIDTH="66" HEIGHT="29" WC="0.96" CONTENT="den"/><SP WIDTH="19" VPOS="2224" HPOS="1650"/>
							<String ID="string_429" HPOS="1669" VPOS="2224" WIDTH="89" HEIGHT="30" WC="0.96" CONTENT="skall"/>
						</TextLine>
						<TextLine ID="line_42" HPOS="261" VPOS="2258" WIDTH="1497" HEIGHT="53">
							<String ID="string_430" HPOS="261" VPOS="2258" WIDTH="157" HEIGHT="36" WC="0.96" CONTENT="straffas,"/><SP WIDTH="21" VPOS="2258" HPOS="418"/>
							<String ID="string_431" HPOS="439" VPOS="2269" WIDTH="73" HEIGHT="21" WC="0.96" CONTENT="som"/><SP WIDTH="19" VPOS="2269" HPOS="512"/>
							<String ID="string_432" HPOS="531" VPOS="2261" WIDTH="64" HEIGHT="31" WC="0.96" CONTENT="har"/><SP WIDTH="18" VPOS="2261" HPOS="595"/>
							<String ID="string_433" HPOS="613" VPOS="2263" WIDTH="203" HEIGHT="32" WC="0.96" CONTENT="vårdnaden"/><SP WIDTH="20" VPOS="2263" HPOS="816"/>
							<String ID="string_434" HPOS="836" VPOS="2275" WIDTH="57" HEIGHT="20" WC="0.96" CONTENT="om"/><SP WIDTH="18" VPOS="2275" HPOS="893"/>
							<String ID="string_435" HPOS="911" VPOS="2266" WIDTH="133" HEIGHT="31" WC="0.93" CONTENT="barnet."/><SP WIDTH="20" VPOS="2266" HPOS="1044"/>
							<String ID="string_436" HPOS="1064" VPOS="2268" WIDTH="340" HEIGHT="33" WC="0.91" CONTENT="Vårdnadshavaren"/><SP WIDTH="21" VPOS="2268" HPOS="1404"/>
							<String ID="string_437" HPOS="1425" VPOS="2272" WIDTH="60" HEIGHT="39" WC="0.96" CONTENT="går"/><SP WIDTH="19" VPOS="2272" HPOS="1485"/>
							<String ID="string_438" HPOS="1504" VPOS="2273" WIDTH="88" HEIGHT="30" WC="0.96" CONTENT="dock"/><SP WIDTH="21" VPOS="2273" HPOS="1592"/>
							<String ID="string_439" HPOS="1613" VPOS="2274" WIDTH="45" HEIGHT="30" WC="0.96" CONTENT="fri"/><SP WIDTH="20" VPOS="2274" HPOS="1658"/>
							<String ID="string_440" HPOS="1678" VPOS="2274" WIDTH="80" HEIGHT="31" WC="0.96" CONTENT="från"/>
						</TextLine>
						<TextLine ID="line_43" HPOS="261" VPOS="2308" WIDTH="1497" HEIGHT="56">
							<String ID="string_441" HPOS="261" VPOS="2308" WIDTH="108" HEIGHT="30" WC="0.96" CONTENT="straff"/><SP WIDTH="16" VPOS="2308" HPOS="369"/>
							<String ID="string_442" HPOS="385" VPOS="2319" WIDTH="55" HEIGHT="20" WC="0.96" CONTENT="om"/><SP WIDTH="17" VPOS="2319" HPOS="440"/>
							<String ID="string_443" HPOS="457" VPOS="2310" WIDTH="69" HEIGHT="31" WC="0.96" CONTENT="han"/><SP WIDTH="17" VPOS="2310" HPOS="526"/>
							<String ID="string_444" HPOS="543" VPOS="2312" WIDTH="94" HEIGHT="30" WC="0.96" CONTENT="visar"/><SP WIDTH="17" VPOS="2312" HPOS="637"/>
							<String ID="string_445" HPOS="654" VPOS="2316" WIDTH="49" HEIGHT="28" WC="0.96" CONTENT="att"/><SP WIDTH="18" VPOS="2316" HPOS="703"/>
							<String ID="string_446" HPOS="721" VPOS="2314" WIDTH="191" HEIGHT="31" WC="0.95" CONTENT="förseelsen"/><SP WIDTH="17" VPOS="2314" HPOS="912"/>
							<String ID="string_447" HPOS="929" VPOS="2316" WIDTH="91" HEIGHT="31" WC="0.96" CONTENT="skett"/><SP WIDTH="19" VPOS="2316" HPOS="1020"/>
							<String ID="string_448" HPOS="1039" VPOS="2320" WIDTH="85" HEIGHT="28" WC="0.96" CONTENT="utan"/><SP WIDTH="17" VPOS="2320" HPOS="1124"/>
							<String ID="string_449" HPOS="1141" VPOS="2319" WIDTH="89" HEIGHT="31" WC="0.96" CONTENT="hans"/><SP WIDTH="16" VPOS="2319" HPOS="1230"/>
							<String ID="string_450" HPOS="1246" VPOS="2321" WIDTH="147" HEIGHT="40" WC="0.96" CONTENT="vetskap"/><SP WIDTH="18" VPOS="2321" HPOS="1393"/>
							<String ID="string_451" HPOS="1411" VPOS="2322" WIDTH="82" HEIGHT="30" WC="0.96" CONTENT="eller"/><SP WIDTH="17" VPOS="2322" HPOS="1493"/>
							<String ID="string_452" HPOS="1510" VPOS="2325" WIDTH="50" HEIGHT="28" WC="0.96" CONTENT="att"/><SP WIDTH="16" VPOS="2325" HPOS="1560"/>
							<String ID="string_453" HPOS="1576" VPOS="2323" WIDTH="71" HEIGHT="30" WC="0.96" CONTENT="han"/><SP WIDTH="18" VPOS="2323" HPOS="1647"/>
							<String ID="string_454" HPOS="1665" VPOS="2325" WIDTH="93" HEIGHT="39" WC="0.96" CONTENT="gjort"/>
						</TextLine>
						<TextLine ID="line_44" HPOS="260" VPOS="2358" WIDTH="1109" HEIGHT="43">
							<String ID="string_455" HPOS="260" VPOS="2358" WIDTH="66" HEIGHT="30" WC="0.96" CONTENT="vad"/><SP WIDTH="20" VPOS="2358" HPOS="326"/>
							<String ID="string_456" HPOS="346" VPOS="2359" WIDTH="45" HEIGHT="39" WC="0.96" CONTENT="på"/><SP WIDTH="17" VPOS="2359" HPOS="391"/>
							<String ID="string_457" HPOS="408" VPOS="2359" WIDTH="129" HEIGHT="32" WC="0.96" CONTENT="honom"/><SP WIDTH="21" VPOS="2359" HPOS="537"/>
							<String ID="string_458" HPOS="558" VPOS="2362" WIDTH="195" HEIGHT="32" WC="0.95" CONTENT="ankommit"/><SP WIDTH="20" VPOS="2362" HPOS="753"/>
							<String ID="string_459" HPOS="773" VPOS="2365" WIDTH="55" HEIGHT="29" WC="0.96" CONTENT="för"/><SP WIDTH="19" VPOS="2365" HPOS="828"/>
							<String ID="string_460" HPOS="847" VPOS="2367" WIDTH="50" HEIGHT="28" WC="0.96" CONTENT="att"/><SP WIDTH="19" VPOS="2367" HPOS="897"/>
							<String ID="string_461" HPOS="916" VPOS="2366" WIDTH="218" HEIGHT="33" WC="0.96" CONTENT="förekomma"/><SP WIDTH="20" VPOS="2366" HPOS="1134"/>
							<String ID="string_462" HPOS="1154" VPOS="2369" WIDTH="215" HEIGHT="32" WC="0.96" CONTENT="densamma."/>
						</TextLine>
					</TextBlock>
				</ComposedBlock>
			</PrintSpace>
		</Page>
	</Layout>
</alto>
