1922 2782
273 115 40 30 26
583 116 118 30 Andra
725 116 247 39 lagutskottets
995 117 179 31 utlåtande
1196 127 43 21 nr
1261 119 39 29 21
1329 119 39 30 år
1392 119 84 30 1960

277 197 303 42 ningsskyldighet
603 199 55 30 för
680 200 79 30 dem
783 209 76 21 som
883 201 188 30 saluhåller
1093 202 175 39 mopeder.
1291 203 53 29 En
1367 202 97 40 dylik
1487 203 152 30 kontroll
1664 204 113 30 skulle

277 248 192 30 emellertid
489 250 127 29 orsaka
635 251 70 29 rätt
726 252 73 29 stor
819 251 148 40 omgång
987 251 88 31 både
1096 252 55 29 för
1171 252 325 40 mopedhandlarna
1517 254 64 29 och
1603 254 55 31 för
1678 264 100 30 myn-

276 299 214 40 digheterna.
513 300 66 29 Det
603 300 221 40 lämpligaste
848 310 101 30 synes
972 311 85 21 vara
1080 304 49 28 att
1152 302 76 30 icke
1250 303 112 40 bygga
1385 305 39 28 ut
1447 303 115 40 någon
1584 313 98 21 mera
1704 314 73 21 om-

276 348 160 31 fattande
467 350 313 40 kontrollapparat,
813 351 121 31 förrän
964 352 245 40 utvecklingen
1240 353 101 35 visat,
1374 356 51 27 att
1456 354 67 30 den
1555 354 140 31 behövs.
1727 355 48 30 På

274 399 204 30 nuvarande
505 400 153 29 stadium
682 400 60 30 vill
767 401 61 39 jag
853 401 119 30 därför
997 402 78 30 icke
1100 402 143 31 förorda
1266 403 109 40 några
1399 404 201 40 ytterligare
1625 405 151 30 bestäm-

273 448 128 31 melser
421 449 11 30 i
453 449 95 31 detta
568 451 112 29 ämne.

319 498 51 30 De
399 499 95 30 förut
523 500 155 30 nämnda
706 500 313 32 bestämmelserna
1048 511 57 21 om
1135 503 198 40 skyldighet
1363 503 55 31 för
1447 505 245 39 mopedförare
1721 507 51 29 att

274 548 160 31 medföra
455 549 96 31 bevis
573 559 58 21 om
654 551 162 39 gällande
838 551 313 42 trafikförsäkring
1173 553 99 30 torde
1295 554 189 40 lämpligen
1508 554 37 31 få
1568 555 55 31 sin
1646 556 92 39 plats
1760 555 13 31 i

273 599 69 30 den
372 600 174 30 särskilda
574 600 258 41 författningen
861 611 57 21 om
947 603 176 39 mopeder.
1153 603 275 31 Underlåtenhet
1458 607 50 28 att
1538 605 234 31 efterkomma

273 649 228 31 föreskriften
525 651 74 34 bör,
624 652 88 30 även
737 661 58 21 om
821 652 163 31 fordonet
1009 654 39 29 är
1073 653 300 35 trafikförsäkrat,
1400 655 269 40 straffbeläggas
1695 665 76 22 som

271 709 44 20 en
337 700 344 40 ordningsförseelse.
704 702 100 30 Dock
826 711 102 31 synes
951 703 199 30 straffrihet
1171 704 85 30 böra
1277 704 142 31 inträda
1439 705 12 30 i
1475 705 132 31 sådana
1629 706 74 35 fall,
1726 706 46 31 då

271 751 348 40 omständigheterna
642 760 58 32 ger
723 752 60 30 vid
806 752 151 35 handen,
981 755 52 28 att
1058 753 190 31 förseelsen
1272 754 79 31 haft
1376 755 55 30 sin
1456 756 113 39 grund
1592 756 12 30 i
1629 758 49 28 ett
1702 757 68 30 till-

270 800 116 41 fälligt
405 801 219 31 förbiseende
643 802 66 30 och
728 803 260 31 vederbörande
1007 804 98 30 inom
1124 804 71 31 viss
1215 805 142 30 kortare
1376 805 52 30 tid
1448 805 129 31 företer
1596 806 97 31 bevis
1713 816 58 21 om

270 853 52 28 att
346 851 311 42 trafikförsäkring
682 853 95 40 gällt.
803 854 317 32 Bestämmelserna
1143 854 12 30 i
1180 855 95 30 detta
1300 856 103 30 ämne
1427 856 98 31 torde
1550 856 85 31 böra
1660 857 112 31 avfat-

269 902 55 29 tas
345 902 12 29 i
379 902 86 30 nära
486 903 349 31 överensstämmelse
857 904 80 30 med
957 904 68 30 vad
1048 914 75 21 som
1146 905 56 30 för
1221 905 96 31 vissa
1337 906 173 31 likartade
1535 907 62 30 fall
1620 908 38 30 är
1681 907 90 31 före-

271 951 133 31 skrivet
429 953 12 30 i
467 952 41 30 69
536 952 16 37 $
580 953 441 41 vägtrafikförordningen.

267 1043 168 36 Lagrådet

310 1102 173 39 Lagrådet
505 1102 65 32 har
592 1103 71 30 inte
686 1103 79 31 haft
788 1104 115 40 någon
926 1105 197 40 principiell
1147 1106 140 30 erinran
1310 1110 74 28 mot
1407 1107 167 40 förslaget
1597 1117 57 21 om
1678 1108 91 32 infö-

265 1152 110 30 rande
390 1161 42 22 av
446 1153 424 41 trafikförsäkringsplikt
885 1155 55 30 för
954 1156 175 39 mopeder.
1146 1158 14 29 I
1176 1159 48 28 ett
1240 1158 170 29 avseende
1427 1158 65 31 har
1506 1158 157 40 lagrådet
1678 1159 91 30 före-

267 1201 103 41 slagit
394 1211 43 21 en
459 1203 137 30 mindre
617 1204 188 41 jämkning
828 1214 42 21 av
896 1205 358 41 författningstexten.
1278 1208 124 29 Denna
1425 1208 65 31 har
1513 1209 174 40 godtagits
1708 1209 61 31 vid

266 1252 200 33 avlåtandet
491 1263 43 20 av
557 1254 274 40 propositionen.
855 1255 188 41 Angående
1066 1256 191 31 innehållet
1279 1260 13 30 i
1315 1258 176 40 lagrådets
1514 1259 164 40 yttrande
1702 1260 66 31 och

264 1301 254 41 föredragande
537 1303 405 40 departementschefens
960 1307 164 39 yttrande
1142 1307 11 30 i
1172 1308 190 40 anledning
1381 1318 41 21 av
1443 1309 95 31 detta
1557 1309 55 32 får
1631 1310 137 31 utskot-

263 1354 50 28 tet
332 1352 149 32 hänvisa
499 1354 52 30 till
573 1364 25 21 s.
619 1354 41 30 64
680 1355 66 30 och
765 1355 41 30 65
826 1356 12 29 i
858 1356 273 40 propositionen.

262 1444 172 31 Motioner

310 1503 14 29 I
351 1503 42 30 de
419 1503 224 40 likalydande
669 1505 222 32 motionerna
915 1507 32 29 I:
962 1507 64 29 312
1054 1516 43 21 av
1122 1507 80 32 herr
1227 1508 153 39 Nilsson,
1409 1510 125 40 Yngve,
1560 1519 46 22 m.
1632 1511 40 40 fl.
1699 1511 66 30 och

260 1552 49 30 II:
324 1553 65 30 388
410 1562 42 22 av
472 1554 122 31 herrar
614 1555 141 30 Nilsson
778 1556 12 30 i
811 1556 187 31 Bästekille
1019 1558 66 29 och
1106 1559 174 30 Svensson
1301 1559 12 30 i
1334 1560 195 40 Krokstorp
1550 1561 214 36 hemställes,

260 1603 113 30 under
391 1603 219 41 åberopande
628 1615 42 20 av
687 1606 68 30 den
774 1608 95 29 stora
886 1608 226 40 användning
1129 1609 214 39 mopederna
1360 1610 150 31 kommit
1528 1613 50 28 att
1597 1611 37 31 få
1652 1611 110 40 jämte

260 1652 69 31 den
354 1654 163 31 tekniska
542 1655 257 41 utvecklingen,
826 1666 75 21 som
926 1658 83 29 ökat
1034 1659 231 39 mopedernas
1294 1660 264 31 användbarhet
1584 1662 66 30 och
1677 1662 85 30 fart-

259 1711 168 28 resurser,
447 1706 50 28 att
515 1704 188 41 riksdagen
721 1707 13 29 i
753 1706 167 31 skrivelse
937 1708 52 29 till
1008 1708 126 40 Kungl.
1154 1709 105 40 Maj:t
1278 1710 109 31 måtte
1406 1711 142 31 anhålla
1568 1721 57 21 om
1645 1713 117 30 utred-

258 1752 85 42 ning
363 1754 177 39 angående
561 1755 228 40 obligatorisk
811 1757 312 42 trafikförsäkring
1143 1759 55 31 för
1218 1760 190 40 modpeder
1429 1761 65 31 och
1513 1763 248 30 motsvarande

257 1803 254 31 motorfordon.

802 1928 268 44 Straffrättsliga
1091 1930 119 44 frågor

255 2005 234 36 Utredningen
508 2007 65 29 och
594 2008 330 36 remissyttrandena

298 2063 228 31 Beträffande
545 2065 192 31 innehållet
756 2067 12 29 i
788 2068 252 41 utredningens
1060 2069 221 31 betänkande
1302 2071 65 29 och
1387 2071 338 40 remissyttrandena
1746 2073 12 30 i

253 2112 117 31 denna
390 2114 54 30 del
464 2114 55 31 får
538 2116 171 31 utskottet
728 2117 149 31 hänvisa
897 2119 51 29 till
968 2119 263 40 propositionen
1252 2130 26 21 s.
1301 2120 141 32 47—51.

252 2205 385 36 Departementschefen

296 2265 50 30 På
365 2267 69 29 sätt
453 2267 154 40 framgår
627 2278 42 21 av
687 2269 67 29 den
773 2269 163 32 lämnade
955 2271 242 39 redogörelsen
1216 2272 71 30 kan
1306 2273 95 31 vissa
1419 2283 42 21 av
1480 2274 41 31 de
1542 2275 210 31 straffrätts-

252 2314 70 40 liga
343 2316 238 40 stadgandena
601 2318 11 30 i
632 2319 422 41 trafikförfattningarna,
1077 2322 153 39 speciellt
1251 2323 313 32 bestämmelserna
1584 2326 11 29 i
1616 2326 136 39 vägtra-

250 2364 308 42 fikförordningen
582 2377 56 21 om
675 2368 356 40 förmyndares
1066 2372 87 29 och
1187 2371 470 34 vårdnadshavares
1681 2383 70 22 an-

250 2415 262 40 svarighet
536 2417 55 30 för
614 2418 185 31 förseelser
823 2429 42 21 av
887 2421 188 40 underårig
1099 2421 81 31 eller
1204 2423 349 40 omyndigförklarad
1577 2434 137 30 person,
1740 2425 10 29 i

249 2473 44 22 en
316 2465 58 30 del
397 2466 206 31 situationer
627 2469 126 30 tänkas
778 2477 40 32 ge
843 2471 174 39 utrymme
1041 2471 56 30 för
1120 2472 94 30 olika
1237 2473 211 40 tolkningar.
1474 2474 202 40 Uppenbart
1701 2476 48 33 är,
