1924 2794
551 154 121 31 Första
691 155 238 36 lagutskottets
950 155 175 30 utlåtande
1146 164 40 21 nr
1212 154 49 30 58.
1638 149 14 30 1

825 342 58 40 Nr
911 342 64 41 &8.

372 465 180 31 Utlåtande
577 467 10 29 i
609 465 186 38 anledning
818 476 41 20 av
883 465 123 38 Kungl.
1034 466 118 37 Maj:ts
1178 466 213 37 proposition
1417 465 79 31 med
1520 463 129 41 förslag

591 517 50 29 till
659 517 55 37 lag
734 526 56 21 om
808 517 158 30 dödande
989 527 41 20 av
1050 518 90 29 vissa
1160 517 140 38 utanför
1315 516 135 38 Sverige
1471 516 180 39 befintliga

592 567 216 39 handlingar,
836 577 43 22 m.
908 578 56 28 m.,
991 572 95 26 utom
1115 567 101 31 såvitt
1242 577 98 21 avser
1367 568 131 38 förslag
1518 567 51 31 till
1595 567 54 37 lag

590 617 175 38 angående
789 619 139 37 fortsatt
946 618 154 37 giltighet
1124 628 41 20 av
1188 619 99 36 lagen
1310 618 67 31 den
1399 619 41 30 29
1464 619 78 36 juni
1565 618 83 30 1945

589 672 60 33 (nr
669 668 80 37 520)
770 678 56 21 om
846 669 242 32 återställande
1110 679 40 20 av
1168 670 68 30 viss
1256 669 81 38 från
1356 669 189 37 ockuperat
1567 667 81 33 land

589 720 212 30 härrörande
823 720 176 37 egendom.

193 820 129 31 Genom
337 830 41 21 en
399 821 65 30 den
481 821 19 30 6
518 820 76 37 juni
614 822 80 29 1947
714 821 227 36 dagtecknad,
961 821 51 30 till
1031 822 185 36 lagutskott
1234 821 170 31 hänvisad
1421 821 225 37 proposition,

148 880 42 21 nr
206 872 72 36 323,
300 871 114 31 vilken
434 871 205 30 behandlats
658 882 42 20 av
721 872 108 31 första
844 873 230 35 lagutskottet,
1096 873 64 29 har
1179 872 122 37 Kungl.
1322 872 100 36 Maj:t
1440 873 111 30 under
1569 871 77 32 åbe-

148 922 151 36 ropande
322 932 42 21 av
387 922 259 36 propositionen
668 923 148 36 bilagda,
840 923 12 30 i
876 923 182 32 statsrådet
1080 924 65 29 och
1172 922 152 38 lagrådet
1348 923 102 31 förda
1473 923 172 37 protokoll

148 973 172 37 föreslagit
336 973 183 36 riksdagen
538 976 47 28 att
602 976 123 33 antaga
743 974 56 30 vid
817 974 257 37 propositionen
1091 975 122 35 fogade
1231 975 127 36 förslag
1376 975 48 31 till

195 1020 27 40 1)
253 1022 54 36 lag
326 1032 56 20 om
404 1023 158 30 dödande
582 1033 43 21 av
643 1023 90 30 vissa
751 1023 141 30 utanför
912 1023 137 37 Sverige
1066 1023 178 38 befintliga
1261 1025 219 37 handlingar;
1499 1029 89 28 samt

192 1071 30 40 2)
253 1073 54 35 lag
330 1071 176 37 angående
528 1072 137 31 fortsatt
689 1073 154 37 giltighet
864 1083 41 21 av
928 1074 100 36 lagen
1052 1075 65 30 den
1141 1075 40 30 29
1203 1075 74 39 juni
1303 1076 81 30 1945
1412 1075 53 40 (nr
1488 1075 75 41 520)
1593 1085 56 21 om

147 1121 241 32 återställande
412 1132 41 21 av
477 1122 67 31 viss
568 1122 79 32 från
673 1123 188 37 ockuperat
886 1124 82 30 land
990 1125 214 31 härrörande
1226 1126 178 36 egendom.

191 1173 223 32 Beträffande
435 1174 57 31 det
516 1175 112 30 under
651 1174 30 39 2)
710 1175 175 36 upptagna
912 1175 220 36 lagförslaget
1154 1176 63 30 har
1238 1176 164 32 utskottet
1425 1176 127 37 avgivit
1572 1177 73 31 sär-

147 1224 79 32 skilt
245 1224 186 37 utlåtande,
452 1234 42 22 nr
514 1225 51 31 55.

192 1275 60 32 Det
272 1276 109 30 under
399 1275 27 40 1)
450 1280 175 32 upptagna
643 1276 218 37 lagförslaget
880 1277 39 30 är
934 1286 42 21 av
992 1276 155 37 följande
1165 1278 135 37 lydelse.

771 1383 253 41 Förslag

872 1453 50 31 till

836 1517 133 50 Lag

263 1594 57 23 om
345 1585 165 32 dödande
534 1595 42 23 av
601 1587 98 31 vissa
722 1587 154 31 utanför
899 1584 151 39 Sverige
1073 1587 192 39 befintliga
1289 1587 237 40 handlingar.

193 1678 205 36 Härigenom
419 1678 182 32 förordnas
623 1689 73 21 som
720 1679 109 37 följer.

862 1765 13 29 1
904 1765 28 37 8.

191 1820 47 30 Av
258 1821 138 30 svenskt
416 1821 193 36 aktiebolag
632 1822 153 31 utfärdat
806 1822 80 31 brev
909 1823 20 30 å
951 1823 101 36 aktie,
1075 1833 72 20 som
1170 1824 114 31 tillhör
1306 1825 97 36 tyska
1425 1828 120 34 staten,
1564 1825 80 39 juri-

146 1869 75 30 disk
243 1879 123 27 person
387 1871 80 29 eller
490 1871 225 36 medborgare
738 1872 9 29 i
770 1882 134 21 samma
925 1876 66 28 stat
1014 1874 81 30 eller
1115 1883 115 21 annan
1253 1884 76 21 som
1349 1876 39 29 är
1411 1876 112 30 bosatt
1546 1875 11 31 i
1581 1876 64 30 den

146 1922 110 27 staten
280 1921 64 29 och
369 1920 74 30 icke
464 1922 39 28 är
527 1921 124 30 svensk
674 1922 234 36 medborgare,
931 1922 67 36 må,
1022 1924 62 29 där
1106 1928 141 32 antagas
1271 1925 70 30 kan
1364 1929 47 27 att
1437 1926 210 30 aktiebrevet

145 1968 156 31 befinner
322 1970 49 36 sig
394 1970 141 30 utanför
559 1970 144 37 Sverige,
727 1972 107 30 dödas
858 1972 44 37 på
928 1973 193 36 ansökning
1143 1984 40 20 av
1210 1975 344 37 flyktkapitalbyrån.
1580 1976 65 30 Ak-

147 2019 125 30 tiebrev
290 2019 55 30 må
365 2020 87 30 dock
471 2020 31 39 ej
519 2021 108 30 dödas
645 2022 49 30 till
714 2021 139 37 förfång
870 2022 53 31 för
940 2022 122 37 någon,
1080 2034 72 20 som
1170 2025 144 30 innehar
1330 2026 115 31 brevet
1460 2025 115 32 såsom
1594 2027 51 30 sä-

143 2070 119 30 kerhet
284 2072 52 28 för
356 2071 151 37 fordran,
531 2075 76 29 med
630 2073 133 30 mindre
784 2074 159 30 dödande
964 2074 133 32 kunnat
1118 2076 59 29 ske
1198 2085 56 21 om
1274 2077 70 30 han
1364 2077 86 30 varit
1472 2078 103 36 ägare
1595 2077 48 31 till

147 2119 124 31 aktien.

190 2169 138 32 Samma
352 2171 53 36 lag
424 2180 79 21 vare
524 2171 220 31 beträffande
763 2173 174 31 aktiebrev
957 2174 10 30 i
988 2175 139 31 svenskt
1146 2176 203 37 aktiebolag,
1371 2187 55 20 om
1446 2178 117 31 aktien
1584 2178 61 30 till-

148 2219 61 29 hör
238 2219 147 38 juridisk
414 2230 122 26 person
565 2221 9 29 i
605 2231 117 21 annan
752 2227 66 26 stat
845 2224 43 29 än
919 2225 97 35 tyska
1048 2228 108 27 staten
1186 2231 87 26 samt
1303 2228 96 35 tyska
1428 2232 110 27 staten
1566 2229 81 30 eller

144 2267 147 36 Juridisk
313 2269 80 30 eller
414 2270 108 36 fysisk
548 2280 133 26 person,
704 2282 73 19 som
802 2273 8 29 i
832 2273 108 30 första
964 2275 131 34 stycket
1119 2275 156 32 likställts
1301 2278 77 29 med
1404 2278 98 36 tyska
1526 2277 119 35 staten,

146 2319 78 33 äger
248 2318 259 31 bestämmande
532 2320 191 36 inflytande
747 2323 78 28 över
849 2323 65 29 den
938 2323 168 36 juridiska
1133 2334 124 26 person
1283 2336 73 20 som
1381 2328 115 30 aktien
1520 2328 125 30 tillhör.

148 2367 63 29 Vid
230 2367 214 31 bedömande
463 2379 40 20 av
523 2369 119 36 frågan
662 2371 170 30 huruvida
853 2372 122 31 sådant
996 2373 192 37 inflytande
1207 2375 178 37 föreligger
1405 2377 88 31 skall
1512 2379 134 36 hänsyn

147 2417 29 35 ej
204 2420 92 33 tagas
320 2418 46 30 till
392 2421 48 28 att
463 2419 90 30 detta
581 2420 42 35 på
646 2421 110 34 grund
779 2431 42 20 av
844 2423 285 36 utomordentliga
1154 2435 40 20 av
1221 2425 108 36 kriget
1354 2427 201 33 föranledda
1580 2429 62 30 för-

148 2467 183 31 hållanden
350 2468 30 38 ej
402 2469 115 36 längre
539 2470 68 29 kan
629 2472 98 34 göras
750 2472 165 34 gällande.

191 2532 108 33 Bihang
310 2534 42 25 till
363 2534 166 32 riksdagens
542 2536 144 31 protokoll
701 2537 72 24 1947.
796 2537 15 23 9
827 2537 78 26 saml.
931 2538 12 23 1
957 2539 56 22 avd.
1035 2539 37 23 Nr
1084 2541 39 22 58.
1604 2543 9 24 1
