2220 2648
711 210 265 35 Statsutskottets
1006 211 176 49 Utlåtande
1204 212 64 35 N:o
1290 215 50 32 10.
1741 214 39 34 15

333 304 98 32 samt
459 304 55 32 att
540 298 175 40 liknande
743 301 283 49 framställning
1052 302 123 50 gjorts
1194 303 57 37 till
1269 304 97 36 1889
1388 306 59 35 års
1466 303 180 50 Riksdag,
1666 303 156 38 hvilken

227 350 281 50 framställning
535 352 218 49 emellertid,
783 353 47 37 då
858 359 54 32 ett
938 354 104 37 bifall
1069 354 57 37 till
1154 360 120 33 större
1304 355 91 38 eller
1422 355 144 37 mindre
1595 356 60 37 del
1674 356 42 37 af
1730 356 91 37 den-

228 416 143 24 samma
411 404 70 37 lätt
520 405 125 36 kunde
686 405 196 38 föranleda
921 407 57 36 till
1018 407 283 38 framställande
1335 408 42 36 af
1401 422 47 23 en
1475 408 141 49 mängd
1643 408 177 38 liknande

227 456 175 49 anspråk,
445 461 98 32 samt
582 457 133 49 frågan
756 472 61 22 om
857 458 128 49 kongl.
1030 472 160 36 operans
1232 460 192 37 ordnande
1458 460 59 37 för
1544 460 202 37 framtiden
1775 461 46 36 då

226 512 100 32 ännu
354 522 67 23 var
449 509 186 49 oafgjord,
665 510 33 48 ej
728 510 133 36 vunnit
889 511 237 49 Riksdagens
1154 512 116 37 bifall.

330 560 57 36 Då
429 561 46 36 de
517 562 41 35 af
598 563 96 35 1889
737 565 70 46 års
837 562 170 49 Riksdag
1042 564 60 36 för
1142 564 123 48 afslag
1293 567 21 33 å
1340 564 176 37 liknande
1542 564 279 49 framställning

225 612 158 37 anförda
411 613 81 36 skäl
520 618 100 32 ännu
647 617 118 33 måste
793 628 111 23 anses
932 615 187 48 gällande,
1149 617 68 35 och
1247 616 124 37 dertill
1398 617 181 47 kommer,
1601 621 54 32 att
1675 617 145 36 Törner

225 664 128 48 redan,
383 668 124 34 såsom
536 666 264 37 förutvarande
825 667 147 37 revisor
998 667 13 36 i
1037 668 306 49 kammarrätten,
1371 669 146 50 uppbär
1545 669 96 49 årlig
1660 669 159 49 pension

225 716 42 36 af
292 719 74 35 800
395 718 151 48 kronor,
576 719 56 35 får
659 719 184 36 utskottet
870 719 210 48 hemställa,

726 827 55 32 att
808 823 139 49 Kongl.
983 823 125 50 Maj:ts
1143 824 248 37 förevarande
1424 825 279 49 framställning
1734 825 83 37 icke

623 877 59 34 må
710 875 112 36 vinna
849 875 238 49 Riksdagens
1115 876 116 36 bifall.

304 977 96 35 12:o.
444 977 17 36 I
488 978 215 36 nuvarande
732 978 185 37 ordinarie
945 979 173 49 anslaget
1144 979 56 37 till
1224 980 187 37 allmänna
1429 980 387 50 indragningsstaten,

224 1041 81 23 som
333 1032 111 45 utgår
470 1029 12 36 i
510 1029 158 37 kontant
703 1030 202 49 anvisning
940 1032 86 35 med
1067 1033 200 46 1,600,052
1300 1033 140 37 kronor
1468 1033 70 37 och
1566 1034 13 35 i
1606 1034 211 49 ersättning

223 1080 60 36 för
318 1080 186 50 indragen
541 1081 195 49 indelning
774 1096 46 23 m.
850 1097 48 22 m.
937 1084 86 36 med
1062 1086 73 34 600
1168 1084 140 37 kronor
1336 1085 92 36 eller
1455 1086 86 36 med
1568 1086 247 37 tillsammans

226 1134 201 45 1,600,652
456 1134 151 48 kronor,
645 1134 67 36 har
748 1134 139 49 Kongl.
926 1135 108 49 Maj:t
1069 1136 83 37 icke
1190 1137 199 48 föreslagit
1422 1140 125 46 någon
1575 1138 239 49 förändring;

223 1184 70 36 och
321 1185 58 36 får
406 1186 183 37 utskottet
616 1186 208 49 hemställa,

725 1294 54 31 att
805 1289 185 37 utskottet
1023 1290 62 37 vid
1117 1291 246 49 uppgörande
1392 1292 41 36 af
1456 1292 205 37 riksstaten
1690 1293 59 37 för
1776 1296 40 34 år

625 1342 97 34 1893
752 1344 60 33 må
840 1355 72 34 ega
940 1347 54 31 att
1020 1342 12 36 i
1059 1343 183 37 kontanta
1269 1344 173 48 anslaget
1468 1344 57 36 till
1553 1345 188 36 allmänna
1758 1345 56 36 in-

622 1392 332 49 dragningsstaten
988 1395 152 48 vidtaga
1178 1395 73 37 den
1283 1396 212 49 jemkning,
1525 1410 82 23 som
1635 1397 60 36 för
1718 1398 97 48 jem-

620 1445 122 36 nande
782 1448 41 34 af
851 1446 224 37 riksstatens
1104 1447 306 37 slutsumma
1332 1441 70 61 kan
1437 1448 115 37 blifva
1578 1447 235 51 erforderlig.

818 1695 169 49 Extra
1018 1697 197 60 anslag.

329 1808 94 35 13:o.
479 1807 140 48 Kongl.
657 1808 106 49 Maj:t
798 1809 68 36 har
903 1809 177 49 slutligen
1108 1810 198 49 föreslagit
1332 1811 218 49 Riksdagen
1578 1816 54 32 att
1659 1814 21 34 å
1708 1816 106 33 extra

221 1863 74 31 stat
323 1858 58 36 för
410 1862 39 33 år
481 1861 94 34 1893
614 1860 116 36 anvisa
780 1865 53 31 ett
869 1861 160 36 kreditiv
1061 1861 41 36 af
1130 1864 200 46 1,520,000
1359 1864 150 47 kronor,
1538 1869 54 31 att
1620 1865 191 36 användas

221 1909 80 37 dels
342 1910 57 36 till
440 1911 324 48 upprätthållande
792 1913 42 36 af
859 1914 148 36 arméns
1049 1914 314 48 pensionskassas
1406 1929 97 35 egen
1543 1916 270 49 pensionering

221 1962 85 35 med
334 1976 50 22 nu
425 1963 197 36 faststälda
663 1964 331 49 pensionsbelopp,
1038 1971 78 30 mot
1157 1966 219 49 skyldighet
1403 1968 59 36 för
1489 1968 323 49 pensionskassan

220 2018 55 31 att
302 2014 97 36 afstå
428 2014 62 36 det
520 2014 57 36 för
605 2018 79 33 året
711 2016 218 36 densamma
956 2017 282 37 tillkommande
1266 2020 174 48 förhöjda
1468 2019 180 48 vederlag
1677 2020 60 36 för
1764 2020 46 36 de

219 2064 56 36 till
305 2066 228 35 statsverket
560 2066 183 46 indragna
779 2068 393 47 rusthållsafgifterna,
1202 2071 71 35 och
1301 2070 81 36 dels
1411 2071 55 35 till
1494 2071 316 48 fyllnadspensio-

219 2129 68 23 ner
314 2116 12 35 i
355 2116 168 48 enlighet
551 2118 85 35 med
664 2118 45 35 de
738 2119 40 35 af
802 2119 216 47 Riksdagen
1047 2120 202 47 godkända
1277 2122 167 47 grunder
1471 2122 59 35 för
1555 2122 137 36 sådana
1720 2136 91 35 pen-

221 2168 146 36 sioners
396 2168 204 47 utgående;

323 2219 197 37 äfvensom
563 2220 201 47 medgifva,
806 2226 54 31 att
900 2221 98 36 hvad
1039 2222 42 36 af
1105 2223 45 35 de
1177 2223 56 36 till
1276 2223 316 49 pensioneringen
1626 2225 118 36 under
1772 2228 40 33 år

224 2272 96 34 1892
362 2271 183 47 anslagna
587 2272 121 35 medel
748 2272 124 37 kunde
906 2273 113 37 blifva
1049 2275 188 35 oanvändt
1267 2278 112 33 måtte
1410 2276 56 35 för
1494 2276 64 35 det
1585 2276 225 37 kommande

220 2325 98 33 årets
348 2323 269 49 pensionering
644 2324 201 36 användas.

1836 997 137 30 Angående
1998 1005 43 16 an-

1835 1033 82 29 slaget
1936 1033 39 22 till
1995 1033 45 22 all-

1835 1068 92 22 männa
1940 1068 100 28 indrag-

1854 1102 167 29 ningsstaten.

1863 1823 137 30 Angående

1849 1859 112 22 kreditiv
1980 1860 40 21 för

1853 1893 159 30 upprätthål-

1848 1928 75 22 lande
1943 1929 25 21 af
1988 1935 36 15 ar-

1860 1963 69 21 méns
1949 1970 58 21 pen-

1854 1996 160 23 sionskassas

1842 2038 62 21 egen
1924 2031 101 29 pensio-

1847 2065 89 28 nering
1954 2068 65 19 samt

1842 2100 40 21 till
1903 2099 124 29 fyllnads-

1864 2133 141 29 pensioner.

1889 2167 93 45 [11.]
