2215 2692
428 231 17 30 6
658 229 236 31 Sammansatta
918 227 99 32 Stats-
1042 226 51 32 och
1118 225 233 43 Lagutskottets
1382 224 167 33 Utlåtande
1577 225 58 31 N:o
1660 226 28 31 6.

383 309 124 52 dylikt
538 309 219 38 understöd.
814 308 197 50 Frågorna
1041 321 60 23 om
1128 306 225 50 byggnads-
1382 305 68 38 och
1478 303 496 51 underhållsskyldigheten

383 363 236 39 beträffande
649 362 188 38 allmänna
866 366 167 45 vägarne
1063 359 321 50 sammanhänger
1411 362 49 47 på
1480 359 64 37 det
1564 358 92 38 allra
1675 362 191 33 närmaste
1888 357 86 37 med

382 416 224 38 hvarandra.

511 468 180 38 Revision
733 468 40 37 af
802 468 191 50 väglagen
1021 467 127 50 ligger
1176 466 58 37 för
1263 465 235 38 närvarande
1527 464 121 38 under
1675 463 141 50 Kongl.
1848 464 127 49 Maj:ts

382 522 183 50 pröfning
594 522 70 37 och
691 521 108 37 torde
827 521 62 37 väl
917 521 12 36 i
957 520 191 49 väsentlig
1167 519 95 50 grad
1281 519 152 36 komma
1455 522 53 33 att
1525 518 79 36 afse
1621 516 354 38 åstadkommandet

384 576 40 37 af
449 589 48 23 en
524 574 147 38 lättnad
700 574 12 37 i
740 574 71 38 och
834 574 174 50 jemnare
1038 572 220 50 fördelning
1287 571 41 38 af
1352 570 461 51 vägunderhållstungan;
1842 569 133 50 hvarje

384 628 185 50 grundlig
609 627 167 37 revision
817 627 41 37 af
895 627 193 49 väglagen
1116 626 13 36 i
1158 626 104 37 detta
1300 625 180 36 afseende
1510 623 69 38 och
1608 628 180 46 gynsamt
1815 622 161 37 resultat

384 682 110 37 deraf
529 680 122 38 hvilar
684 680 210 38 emellertid
923 680 122 49 enligt
1073 679 86 36 mitt
1186 678 248 37 förmenande
1462 676 323 49 hufvudsakligen
1812 678 48 48 på
1889 675 85 37 ord-

383 734 143 36 nandet
568 733 40 36 af
645 733 139 48 frågan
825 746 61 22 om
919 732 226 48 byggandet
1174 731 41 36 af
1240 731 45 35 de
1315 730 190 36 allmänna
1533 734 169 43 vägarne
1731 729 104 35 inom
1862 728 112 36 riket.

383 786 136 38 Derför
560 790 41 32 är
642 785 65 37 det
740 784 40 38 af
804 784 200 50 synnerlig
1031 783 96 51 vigt,
1159 787 54 33 att
1242 782 138 49 Kongl.
1411 781 110 50 Maj:t
1540 781 63 37 vid
1629 780 73 38 den
1736 779 240 39 förestående

384 839 215 37 revisionen
642 839 40 37 af
720 837 192 50 väglagen
954 850 119 36 egnar
1114 836 124 37 denna
1281 835 236 37 sistnämnda
1558 834 109 50 fråga
1701 847 47 24 en
1777 832 201 51 sorgfällig

384 891 216 51 pröfning.»

513 997 16 36 I
559 996 178 38 afseende
768 999 19 34 å
816 996 45 36 de
894 995 157 37 tabeller
1079 995 70 36 och
1178 994 124 49 öfriga
1330 993 161 49 bilagor,
1522 1006 80 24 som
1630 992 240 37 motionären
1889 990 89 38 åbe-

385 1055 120 45 ropat,
535 1049 141 37 tillåter
705 1049 60 50 sig
792 1048 188 37 utskottet
1009 1052 55 33 att
1091 1047 159 37 hänvisa
1278 1046 57 37 till
1364 1046 136 50 sjelfva
1529 1045 205 37 motionen.

514 1154 200 38 Utskottet
741 1153 122 37 finner
891 1153 64 37 det
982 1151 229 51 visserligen
1240 1165 91 24 vara
1356 1150 251 51 obestridligt,
1638 1155 55 32 att
1721 1149 259 38 kostnaderna

381 1214 41 31 ör
482 1206 443 50 vägbyggnadsarbeten
966 1209 48 45 på
1055 1210 54 32 ett
1150 1205 146 48 ganska
1339 1205 146 49 ojemnt
1526 1208 75 32 sätt
1639 1203 143 36 drabba
1810 1202 45 36 de
1884 1207 93 44 väg-

385 1259 385 51 byggnadsskyldige
812 1259 103 36 inom
958 1257 123 37 skilda
1124 1257 105 36 delar
1263 1257 40 36 af
1336 1259 86 34 vårt
1449 1256 90 37 land
1568 1255 70 37 och
1664 1260 55 31 att
1747 1255 45 36 de
1822 1254 157 49 somlig-

387 1313 125 36 städes
552 1317 139 44 utgöra
733 1325 47 23 en
821 1311 149 49 ganska
1009 1309 211 50 tryckande
1257 1309 129 37 börda.
1443 1309 107 36 Dock
1578 1308 77 36 kan
1682 1308 187 36 utskottet
1896 1306 84 37 icke

386 1366 103 36 finna
518 1365 73 36 den
619 1369 117 44 utväg
763 1377 91 23 vara
882 1363 159 50 lämplig
1070 1363 90 36 eller
1187 1361 195 50 tillrådlig,
1413 1375 81 23 som
1523 1361 241 37 motionären
1778 1360 202 49 ifrågasatt

387 1418 58 37 för
486 1417 192 37 vinnande
717 1416 41 37 af
795 1416 164 49 ändring
987 1415 12 37 i
1028 1415 63 37 det
1133 1414 196 37 anmärkta
1367 1413 265 38 förhållandet.
1689 1412 138 38 Derest
1855 1417 125 31 staten

387 1471 200 48 öfvertoge
629 1469 226 50 byggandet
896 1469 41 36 af
963 1468 44 37 de
1037 1467 192 37 allmänna
1256 1471 170 44 vägarna
1453 1467 103 36 inom
1584 1466 109 47 riket,
1724 1465 122 37 skulle
1874 1478 106 23 nem-

387 1523 106 50 ligen
522 1522 122 49 enligt
671 1521 206 37 utskottets
906 1521 167 48 mening,
1104 1534 81 23 som
1215 1523 77 33 står
1320 1520 12 35 i
1360 1518 394 38 öfverensstämmelse
1775 1517 85 38 med
1880 1517 101 37 hvad

388 1575 286 38 statsutskottet
715 1574 55 36 uti
808 1574 65 36 sitt
909 1573 196 37 utlåtande
1139 1586 62 23 n:o
1233 1574 44 34 19
1308 1572 64 37 vid
1401 1572 122 36 denna
1552 1571 157 49 riksdag
1737 1570 86 37 med
1852 1570 129 36 anled-

388 1628 96 50 ning
524 1628 41 36 af
597 1641 46 23 en
672 1640 123 23 annan
827 1626 144 37 motion
1000 1625 146 48 uttalat,
1176 1624 489 50 vägbyggnadsföretagen
1695 1622 287 50 otvifvelaktigt

388 1682 151 35 komma
581 1685 56 31 att
679 1679 109 37 ställa
829 1679 61 50 sig
932 1679 33 49 ej
1007 1677 232 49 oväsentligt
1268 1678 149 48 dyrare,
1448 1682 46 31 än
1524 1690 60 23 om
1614 1676 44 36 de
1688 1676 226 36 verkställas
1944 1674 41 37 af

389 1732 180 38 enskilde.
625 1732 75 37 Det
727 1731 108 37 torde
865 1732 113 36 äfven
1006 1730 127 37 kunna
1161 1730 138 49 dragas
1327 1729 12 36 i
1366 1729 246 47 tvifvelsmål,
1640 1728 188 37 huruvida
1847 1726 135 51 sjelfva

389 1784 430 51 vägbyggnadsarbetet
848 1783 123 38 skulle
999 1796 141 36 genom
1169 1787 145 32 statens
1343 1783 152 48 försorg
1521 1781 120 38 blifva
1668 1781 125 37 bättre
1813 1781 69 36 och
1904 1794 78 23 om-

389 1837 248 50 sorgsfullare
678 1836 146 37 utfördt
865 1841 48 31 än
943 1836 121 48 enligt
1097 1835 63 36 det
1187 1835 221 37 nuvarande
1438 1839 194 45 systemet.
1689 1834 196 48 Derjemte
1913 1833 70 36 bör

388 1890 171 48 beaktas,
603 1894 54 32 att
698 1889 138 49 frågan
878 1902 60 23 om
980 1888 63 37 det
1083 1887 242 50 lämpligaste
1367 1887 210 37 ordnandet
1616 1886 39 36 af
1680 1885 304 50 vägbyggnads-

390 1942 269 50 skyldigheten
701 1944 79 33 står
807 1941 12 36 i
847 1941 147 49 ganska
1035 1945 92 32 nära
1156 1940 184 37 samband
1369 1940 86 36 med
1485 1939 72 37 och
1585 1943 40 32 är
1653 1938 11 36 i
1692 1938 78 37 viss
1800 1941 87 33 mån
1915 1937 67 37 be-

388 1995 142 37 roende
573 1994 40 37 af
651 1993 63 38 det
756 1998 86 43 sätt,
885 1994 144 48 hvarpå
1069 1991 570 51 vägunderhållsskyldigheten
1682 1991 188 36 anordnas
1912 1990 70 36 och

389 2047 180 48 regleras.
624 2046 18 37 I
670 2045 234 38 sistnämnda
933 2045 177 37 afseende
1140 2044 124 37 anhöll
1293 2045 222 48 Riksdagen
1544 2046 41 34 år
1616 2044 97 35 1900
1742 2044 12 35 i
1783 2042 201 37 skrifvelse

390 2100 59 37 till
489 2099 141 49 Kongl.
671 2098 123 50 Maj:t,
836 2104 55 30 att
928 2098 140 49 Kongl.
1104 2097 107 49 Maj:t
1238 2097 148 37 täcktes
1414 2096 223 38 föranstalta
1666 2109 60 23 om
1754 2094 165 38 revision
1949 2094 39 37 af

390 2153 114 48 lagen
538 2151 197 49 angående
763 2150 468 49 väghållningsbesvärets
1260 2150 213 49 utgörande
1502 2152 48 46 på
1577 2148 130 37 landet
1736 2148 72 36 den
1839 2150 46 34 23
1918 2147 65 37 ok-

390 2205 109 36 tober
547 2205 111 47 1891,
705 2202 133 38 dervid
880 2202 213 38 emellertid
1134 2201 221 50 Riksdagen
1396 2200 263 51 uttryckligen
1700 2200 188 48 framhöll,
1932 2204 53 32 att

389 2257 134 50 lagens
551 2256 317 49 hufvudgrunder
896 2255 115 37 borde
1040 2255 12 36 i
1081 2254 67 37 allt
1176 2255 211 49 väsentligt
1415 2253 190 38 orubbade
1626 2252 217 37 bibehållas.
1897 2252 87 36 Med

390 2311 149 46 hänsyn
568 2308 129 37 härtill
724 2308 70 36 och
823 2308 46 36 då
897 2309 137 48 frågan
1063 2321 60 22 om
1151 2307 167 37 revision
1346 2308 42 36 af
1408 2306 190 50 väglagen
1619 2310 101 32 ännu
1737 2310 41 32 är
1793 2304 191 38 beroende

391 2364 49 48 på
481 2361 141 50 Kongl.
667 2360 128 49 Maj:ts
823 2360 194 50 pröfning,
1053 2373 109 24 anser
1191 2359 60 49 sig
1278 2360 187 36 utskottet
1494 2363 99 32 ännu
1624 2357 147 38 mindre
1801 2370 71 36 ega
1901 2357 83 36 skäl
