1888 2836
312 168 18 29 4
517 168 102 27 Andra
641 167 197 27 kammarens
860 164 103 38 första
987 168 154 34 tillfälliga
1165 168 133 27 utskotts
1322 168 158 28 utlåtande
1504 169 43 27 Nr
1569 169 26 26 4.

309 246 58 37 ria,
386 250 49 27 att
450 247 122 31 därvid
590 247 137 31 särskilt
746 249 82 38 göra
847 248 77 30 dem
942 248 178 39 förtrogna
1139 249 79 30 med
1236 249 263 38 betydelsefulla
1517 250 278 38 personligheter,

309 291 181 31 händelser
516 292 65 30 och
605 292 272 36 tidsföreteelser,
905 302 75 20 som
1004 293 148 39 bidragit
1177 293 51 30 till
1251 294 180 30 kulturens
1456 294 152 38 höjande
1633 295 79 30 eller
1738 296 58 29 äro

309 344 41 21 av
371 337 108 29 större
500 336 172 38 betydelse
693 337 55 30 för
770 336 197 32 förstående
988 347 42 20 av
1052 336 60 32 vår
1134 345 84 31 egen
1240 338 67 30 tids
1330 338 230 30 samfundsliv
1582 339 65 30 och
1670 339 126 30 sociala

308 378 253 38 förhållanden,
585 385 87 26 samt
695 379 183 32 såmedelst
900 382 62 30 hos
980 382 132 30 barnen
1134 382 99 39 lägga
1255 383 112 38 grund
1388 382 54 30 för
1464 383 90 30 sund
1574 383 221 31 fosterlands-

309 424 120 31 känsla
452 426 66 29 och
541 426 66 38 god
631 425 305 31 samfundsanda.»

353 469 12 29 I
392 469 201 39 anslutning
618 470 116 30 härtill
760 471 174 30 meddelar
959 470 395 40 undervisningsplanen
1379 472 106 29 bland
1511 475 107 27 annat
1644 472 153 39 följande

308 512 236 40 anvisningar:

355 567 11 15 »
374 556 443 41 Historieundervisningen
838 559 61 30 bör
922 558 38 31 så
981 559 201 39 planläggas
1204 560 65 30 och
1291 560 168 36 bedrivas,
1483 563 48 27 att
1553 561 76 30 dess
1652 561 144 30 ledande

310 601 76 32 tråd
410 602 65 30 blir
498 602 67 31 den
588 603 144 39 fredliga
757 604 178 38 odlingens
960 604 64 30 och
1049 604 376 39 samhällsordningens
1451 605 196 39 utveckling
1672 615 122 28 genom

310 646 141 31 tiderna.
484 647 190 30 Historiens
689 648 189 30 rättesnöre
896 650 37 28 är
951 651 49 27 att
1020 648 76 39 giva
1114 658 42 20 en
1174 658 87 21 sann
1279 649 72 30 bild
1370 659 42 20 av
1433 648 137 40 gångna
1588 649 207 37 tidsskeden,

308 691 63 30 och
396 692 199 30 berättelser
619 693 65 29 och
709 692 207 39 skildringar
942 703 39 20 ur
1008 693 260 38 krigshistorien
1294 693 109 30 måste
1428 694 118 30 därför
1572 695 85 29 även
1682 693 78 40 ingå
1786 695 9 29 i

308 734 300 40 undervisningen.
640 737 77 29 Men
737 737 121 30 därvid
876 737 61 30 bör
956 736 213 37 framhållas,
1190 741 49 27 att
1266 738 4 29 i
1291 747 133 21 samma
1443 737 82 31 mån
1545 739 160 30 kulturen
1726 738 70 39 gått

307 778 136 38 framåt,
467 781 64 29 har
553 780 108 39 kriget
683 782 61 29 allt
766 782 153 30 starkare
942 781 175 31 framstått
1140 781 114 31 såsom
1278 792 41 20 en
1342 783 124 38 olycka
1489 783 66 29 och
1578 786 46 27 ett
1646 783 149 35 fördärv,

307 825 64 29 och
391 825 353 38 uppmärksamheten
764 826 62 30 bör
846 826 107 30 fästas
974 826 44 39 på
1038 827 42 29 de
1099 826 173 36 lidanden,
1293 827 110 38 kriget
1423 827 97 30 alltid
1542 827 159 36 medfört,
1722 837 73 21 var-

306 868 105 38 jämte
430 869 54 30 för
505 869 221 39 lärjungarna
747 871 62 29 bör
829 871 142 30 betonas
994 871 194 30 skillnaden
1209 871 126 30 mellan
1357 870 131 31 sådana
1510 872 85 38 krig,
1617 881 74 21 som
1711 872 84 30 förts

308 913 49 30 till
373 913 135 31 försvar
522 914 54 30 för
593 917 45 28 ett
654 915 92 30 folks
764 915 285 39 självständighet
1065 916 65 29 och
1148 916 77 35 rätt,
1244 916 65 30 och
1327 915 141 36 sådana,
1487 925 73 21 som
1579 916 216 30 framkallats

307 966 40 21 av
371 958 314 39 erövringslystnad
709 960 80 29 eller
812 959 164 31 liknande
998 960 116 30 motiv.

350 1002 151 31 Läraren
521 1003 61 30 bör
601 1002 105 31 vårda
728 1004 50 38 sig
797 1014 56 20 om
872 1007 48 27 att
938 1005 180 29 motverka
1136 1005 233 38 uppkomsten
1388 1014 42 20 av
1449 1005 60 30 hat
1528 1005 64 30 och
1612 1005 183 39 fiendskap

307 1050 70 27 mot
402 1048 110 29 andra
537 1047 72 31 folk
633 1051 89 27 samt
745 1048 127 38 främja
896 1048 151 31 insikten
1067 1059 56 20 om
1148 1052 49 27 att
1221 1049 75 30 fred
1320 1050 65 29 och
1410 1049 234 31 samförstånd
1669 1050 126 30 mellan

307 1091 66 30 alla
388 1092 120 30 länder
524 1093 37 29 är
577 1095 46 27 ett
638 1102 42 20 av
695 1093 289 30 huvudvillkoren
1000 1093 54 30 för
1069 1093 294 39 mänsklighetens
1380 1101 257 30 gemensamma
1654 1093 139 31 framåt-

307 1135 195 31 skridande.
536 1136 134 30 Barnen
690 1136 84 31 böra
797 1136 35 31 få
853 1146 41 21 en
916 1138 94 29 stark
1032 1138 120 30 känsla
1174 1147 41 20 av
1236 1141 49 27 att
1306 1139 56 29 det
1383 1138 113 30 finnes
1513 1138 127 39 hjältar
1661 1138 104 30 också
1786 1139 8 29 i

307 1179 135 31 fredens
463 1181 84 29 värv
567 1181 64 29 och
653 1184 48 27 att
723 1182 86 29 även
831 1182 97 29 dessa
950 1182 70 38 lagt
1045 1182 5 29 i
1072 1182 110 39 dagen
1202 1183 83 29 mod
1306 1183 65 29 och
1394 1182 291 40 självuppoffring
1707 1186 88 27 samt

306 1224 147 39 bidragit
471 1228 49 27 att
539 1225 74 30 föra
629 1225 56 31 sitt
703 1226 74 29 folk
796 1225 127 31 framåt
941 1227 65 29 och
1024 1226 118 31 därför
1160 1228 59 29 äro
1238 1226 165 39 förtjänta
1424 1236 41 20 av
1485 1227 77 30 dess
1581 1228 214 30 tacksamhet

306 1269 64 29 och
392 1269 212 30 beundran.»

350 1313 12 29 I
388 1313 266 40 fortsättningen
676 1313 201 32 framhålles
902 1314 118 31 vikten
1045 1325 42 20 av
1111 1318 49 27 att
1186 1316 435 39 historieundervisningen
1651 1317 143 29 »samlas

306 1356 98 40 kring
427 1357 260 39 betydelsefulla
709 1359 269 38 personligheter
1001 1364 89 26 samt
1112 1360 129 38 viktiga
1264 1360 182 30 händelser
1470 1361 64 29 och
1557 1361 205 37 företeelser,
1787 1361 7 29 i

306 1401 141 31 främsta
468 1406 150 27 rummet
638 1403 87 36 dem,
747 1413 74 20 som
841 1404 110 38 tjänat
971 1404 332 30 framåtskridandet
1323 1405 65 30 och
1408 1406 195 29 kulturen».

350 1446 51 31 Då
427 1448 56 29 det
509 1457 42 20 av
578 1451 74 27 rent
676 1448 245 39 psykologiska
948 1449 76 29 skäl
1049 1449 75 30 icke
1144 1449 51 30 lär
1221 1450 120 29 kunna
1367 1448 221 40 ifrågasättas
1614 1453 49 27 att
1688 1450 106 30 redan

305 1492 108 30 under
433 1492 41 30 de
494 1492 108 30 första
621 1491 82 31 åren
724 1493 8 29 i
752 1493 314 30 barndomsskolan
1086 1492 79 40 ingå
1186 1493 45 39 på
1251 1493 115 39 någon
1390 1494 102 30 »bred
1513 1495 282 38 grundläggande

305 1534 256 41 framställning
584 1546 42 20 av
650 1537 65 30 den
741 1538 146 29 svenska
910 1536 286 40 hushållningens
1221 1538 175 36 historia»,
1422 1538 110 30 måste
1556 1539 237 29 undervisnin-

306 1588 63 30 gen
393 1580 44 39 på
456 1581 93 30 detta
575 1581 149 30 stadium
748 1582 9 29 i
783 1582 152 30 nämnda
960 1583 196 29 hänseende
1180 1582 82 39 nöja
1287 1582 50 39 sig
1361 1583 79 29 med
1465 1586 49 26 att
1538 1583 117 38 belysa
1681 1583 112 30 denna

304 1623 141 32 historia
466 1625 144 30 medelst
629 1626 41 30 de
689 1625 198 31 berättelser
906 1627 66 29 och
992 1626 109 30 bilder
1121 1627 147 30 rörande
1289 1627 65 29 den
1375 1626 146 39 fredliga
1543 1627 249 39 utvecklingen,

305 1668 90 31 vilka
418 1670 60 29 äro
502 1669 215 31 föreskrivna
740 1670 10 29 i
773 1670 403 39 undervisningsplanen.
1203 1671 66 29 Till
1292 1671 212 39 kursplanen
1528 1671 54 31 för
1607 1672 98 38 sjätte
1729 1672 63 30 och

305 1713 122 38 sjunde
456 1715 177 29 klasserna
663 1714 85 30 höra
778 1715 188 30 emellertid
994 1715 109 30 bilder
1132 1714 79 31 från
1234 1714 76 31 vårt
1338 1716 203 30 nuvarande
1571 1717 221 31 samhällsliv.

304 1758 91 30 vilka
415 1759 60 30 äro
496 1759 133 38 ägnade
648 1761 49 27 att
715 1759 118 37 belysa
852 1759 231 30 kommunens
1104 1760 64 29 och
1188 1762 129 28 statens
1337 1761 140 37 styrelse
1498 1761 65 30 och
1584 1761 209 38 förvaltning

305 1806 87 27 samt
409 1802 107 39 några
533 1813 42 20 av
593 1802 59 31 vår
667 1803 67 30 tids
750 1803 165 39 viktigare
931 1803 195 31 företeelser
1142 1803 44 39 på
1203 1805 265 30 samhällslivets
1485 1804 150 31 område.

348 1846 145 31 Särskilt
516 1848 9 29 i
549 1847 122 38 sjunde
696 1847 137 30 klassen
857 1848 64 29 och
946 1848 9 29 i
978 1848 366 39 fortsättningsskolan
1368 1850 119 29 kunna
1510 1850 131 30 barnen
1665 1853 128 27 ansetts

305 1892 43 29 ha
372 1891 74 31 nått
471 1892 66 30 den
564 1891 92 31 ålder
681 1893 64 29 och
771 1893 161 38 mognad,
959 1902 75 20 som
1055 1893 182 38 möjliggör
1261 1894 311 38 undervisningens
1598 1894 195 30 inriktande

303 1935 43 39 på
366 1937 59 30 »de
441 1937 167 29 moderna
624 1937 145 29 svenska
786 1937 284 30 folkrörelsernas
1088 1937 175 30 historia».
1282 1938 99 30 Detta
1395 1939 78 29 sker
1489 1938 10 30 i
1517 1938 123 39 sjunde
1656 1939 136 29 klassen

304 1980 56 30 vid
378 1981 291 38 undervisningen
687 1982 9 28 i
714 1981 142 30 historia
876 1982 65 29 och
958 1982 9 29 i
985 1982 365 38 fortsättningsskolan
1369 1982 9 30 i
1397 1983 171 30 samband
1582 1984 77 29 med
1678 1984 112 29 ämnet

304 2024 376 40 medborgarkunskap.
718 2026 12 29 I
755 2035 42 20 av
821 2026 325 38 skolöverstyrelsen
1169 2027 202 30 utarbetade
1398 2027 183 39 »Exempel
1605 2027 42 39 på
1670 2028 122 30 under-

304 2068 274 40 visningsplaner
601 2069 52 31 för
676 2069 391 39 fortsättningsskolor»,
1091 2071 91 30 vilka
1207 2072 154 38 exempel
1384 2072 124 29 nästan
1531 2073 262 37 undantagslöst

305 2114 101 38 följas
433 2114 57 30 vid
519 2115 222 38 uppgörande
768 2124 42 20 av
832 2115 194 39 läroplaner
1054 2115 53 30 för
1134 2115 359 39 fortsättningsskolor
1520 2126 42 20 av
1589 2117 91 29 olika
1710 2117 81 37 slag.

305 2161 165 36 upptages
498 2158 145 30 sålunda
671 2159 109 30 under
807 2160 116 29 ämnet
948 2160 379 39 medborgarkunskap,
1356 2161 152 30 förutom
1536 2161 66 30 vad
1629 2171 72 20 som
1733 2162 60 29 hör

305 2203 49 30 till
378 2206 129 27 statens
533 2204 65 29 och
622 2204 270 29 kommunernas
917 2204 221 39 förvaltning,
1165 2205 131 37 jämväl
1321 2204 60 30 vår
1406 2205 66 30 tids
1498 2205 181 39 viktigaste
1706 2206 85 29 före-

304 2248 117 30 teelser
453 2247 44 39 på
530 2247 263 31 samhällslivets
826 2247 153 31 område:
1014 2249 297 35 arbetarrörelsen,
1339 2250 362 37 nykterhetsrörelsen,
1735 2251 55 28 bo-

303 2290 229 40 stadsfrågan,
555 2291 269 38 kooperationen
846 2293 163 29 ävensom
1036 2292 175 39 »åtgärder
1233 2292 79 31 från
1333 2296 128 27 statens
1483 2293 74 30 sida
1579 2294 50 29 till
1651 2294 141 30 förbätt-

304 2337 104 30 rande
435 2346 42 20 av
504 2337 42 29 de
573 2336 126 30 sociala
726 2335 275 37 förhållandena,
1029 2337 114 30 såsom
1169 2338 542 38 arbetarskyddslagstiftningen,
1741 2349 50 20 so-

303 2379 327 40 cialförsäkringen»
655 2390 44 20 m.
724 2390 55 25 m.,
804 2380 130 31 således
957 2382 9 29 i
990 2382 183 30 huvudsak
1192 2383 67 29 vad
1282 2382 217 30 motionären
1523 2392 101 29 synes
1647 2382 7 30 i
1679 2383 112 30 denna

304 2425 109 37 punkt
435 2424 126 40 åsyfta.

347 2463 257 45 Överstyrelsen
627 2469 58 31 vill
708 2468 195 40 ytterligare
927 2470 9 30 i
961 2471 91 30 detta
1076 2471 254 39 sammanhang
1354 2471 112 30 erinra
1490 2482 58 20 om
1572 2472 41 30 de
1636 2472 154 30 fortbild-

302 2513 224 39 ningskurser
546 2514 10 30 i
578 2514 367 40 medborgarkunskap
967 2515 55 30 för
1038 2515 441 39 fortsättningsskollärare,
1502 2516 92 30 vilka
1616 2517 109 30 under
1746 2519 45 28 ett
