1914 2816
542 171 319 31 Bankoutskottets
884 171 186 31 memorial
1093 171 52 31 Nr
1169 172 51 30 46.
1567 171 18 30 5

159 250 54 24 Vid
231 247 179 28 förestående
429 251 118 24 ärendes
566 251 232 31 slutbehanudling
816 252 78 23 inom
914 251 140 24 utskottet
1072 251 72 24 hava
1164 252 136 23 närvarit:

159 299 62 27 från
249 303 109 24 första
385 304 211 23 kammaren:
633 304 98 23 herrar
760 303 26 24 C.
815 304 32 23 E.
877 304 145 29 Svensson,
1052 304 165 30 Gustafsson
1247 304 8 23 i
1285 303 170 30 Stensholm,
1483 303 148 30 Lindgren.

124 346 99 26 Ström,
243 343 185 33 Bjurström",
446 347 119 30 Berling,
586 344 108 26 Bodin"
713 347 52 23 och
784 347 123 24 Larsson
927 347 9 23 i
956 343 146 34 Örbyhus;

160 397 61 24 från
240 398 106 24 andra
370 398 209 24 kammaren:
612 399 98 23 herrar
742 398 130 31 Winkler,
891 399 149 31 Borggren,
1059 399 154 28 Bäcklund,
1238 399 155 30 Wikslröm,
1416 398 98 30 Lovén,
1538 398 92 24 Carls-

124 449 51 16 son
194 442 9 23 i
222 441 137 32 Solberga,
379 442 99 31 Leffler
497 442 52 24 och
567 442 116 30 Edberg.

168 528 15 12 >
202 528 32 30 Ej
254 529 175 24 närvarande
448 529 47 24 vid
515 529 192 25 memorialets
725 529 145 31 justering.

726 820 324 38 Reservation

168 942 45 21 av
241 932 119 31 herrar
385 932 210 36 Gustafsson
611 933 12 30 i
639 932 206 35 Stensholm,
863 931 187 37 Lindgren,
1072 931 170 36 Winkler,
1258 931 191 37 Borggren,
1467 930 165 32 Carlsson

125 985 13 30 1
161 984 173 37 Solberga,
358 984 138 37 Leffler
518 985 62 32 och
603 985 150 37 Edberg,
778 984 97 31 vilka
897 985 120 35 ansett,
1041 985 51 30 att
1114 984 167 31 utskottet
1304 986 87 29 även
1414 994 47 21 nu
1485 984 147 31 allenast

124 1038 78 30 bort
225 1038 53 30 för
302 1037 183 37 riksdagen
508 1038 138 31 anmäla
668 1039 61 34 att,
753 1037 109 36 enligt
884 1037 166 31 utskottet
1065 1036 323 32 tillhandakommet
1404 1036 228 36 meddelande,

125 1090 237 37 värnpliktige
396 1090 113 31 Halén
543 1089 137 37 avlidit,
704 1090 12 30 i
740 1089 88 37 följd
863 1099 107 20 varav
1005 1088 266 36 ifrågavarande
1293 1090 166 30 motioner
1481 1089 74 30 icke
1577 1090 56 34 på-

124 1141 138 32 kallade
285 1143 116 35 någon
424 1142 201 36 riksdagens
648 1142 133 37 åtgärd,
806 1143 88 29 samt
915 1141 99 31 vilka
1037 1141 11 30 i
1072 1141 335 31 överensstämmelse
1430 1141 77 31 med
1523 1140 110 31 denna

125 1194 226 36 uppfattning
373 1194 102 37 yrkat
498 1195 120 35 avslag
641 1196 21 29 å
685 1194 182 31 utskottets
890 1194 13 30 i
927 1192 140 32 ärendet
1090 1193 122 36 gjorda
1235 1193 213 31 hemställan.
