1870 2774
291 161 59 30 126
730 168 287 34 Statsutskottets
1038 173 177 31 utlåtande
1233 185 44 20 nr
1297 177 49 29 11.

331 241 164 41 Anslaget
518 245 39 28 är
579 245 10 29 i
611 246 159 38 gällande
792 248 144 31 riksstat
959 251 145 39 uppfört
1126 254 78 29 med
1228 255 63 30 900
1306 256 62 30 000
1391 257 141 31 kronor.

333 295 81 30 1953
434 296 56 30 års
510 298 141 40 riksdag
669 299 64 30 har
752 300 105 31 fattat
875 302 113 31 beslut
1008 314 57 20 om
1085 306 129 31 sådana
1234 309 188 40 ändringar
1442 311 11 29 i
1471 312 202 41 polislagen,
1694 325 76 21 som

283 347 12 29 i
321 348 135 40 princip
483 349 157 37 innebär,
667 355 50 29 att
743 356 50 28 elt
819 354 175 32 bindande
1023 359 131 39 statligt
1181 361 395 42 avlöningsreglemente
1604 367 87 30 skall
1719 370 51 29 in-

282 400 96 30 föras
399 401 54 30 för
474 403 70 30 den
563 404 228 33 kommunala
811 408 309 40 polispersonalen.
1143 413 98 30 Inom
1263 415 357 41 civildepartementet
1641 421 128 31 tillkal-

283 451 77 32 lade
384 455 223 41 sakkunniga
629 458 63 30 har
716 460 69 30 den
811 462 38 29 15
873 464 140 38 augusti
1041 465 81 30 1953
1148 466 166 41 framlagt
1337 471 48 28 ett
1409 470 132 41 förslag
1566 473 52 30 till
1643 474 125 31 sådant

282 507 219 38 reglemente.
532 510 177 41 Förslaget
738 514 39 29 är
806 514 146 31 föremål
982 517 56 30 för
1066 518 190 42 beredning
1285 522 96 30 inom
1410 524 357 41 civildepartementet

281 560 67 29 och
367 562 99 29 torde
487 563 145 31 komma
654 567 50 28 att
726 566 97 31 inom
846 569 67 29 den
935 571 178 31 närmaste
1136 573 95 30 tiden
1254 574 211 42 framläggas
1490 578 56 30 för
1569 579 197 41 riksdagen.

281 612 66 31 Det
367 614 38 29 är
425 615 24 29 f.
471 625 34 20 n.
527 617 76 30 icke
624 619 137 40 möjligt
783 623 51 29 att
854 622 156 36 bedöma,
1032 625 94 31 vilka
1146 627 421 44 kostnadsförändringar
1588 633 54 30 för
1663 637 104 28 stats-

280 667 137 30 verkets
436 668 55 30 del
512 679 77 20 som
608 671 57 30 det
683 682 68 30 nya
770 674 226 39 reglementet
1016 678 71 29 kan
1106 679 142 32 komma
1268 684 51 27 att
1339 684 169 30 medföra.
1529 681 236 50 Reglementet

279 728 103 22 anses
397 722 194 31 emellertid
605 724 74 30 icke
694 726 123 32 kunna
833 729 99 30 träda
946 730 11 29 i
973 730 98 31 kraft
1086 732 120 31 förrän
1222 734 68 30 den
1309 736 14 28 1
1340 735 66 40 juli
1425 737 85 30 1954
1525 739 66 29 och
1605 740 160 31 kommer

279 772 133 31 således
430 775 125 31 endast
572 779 50 28 att
638 778 153 39 påverka
808 781 317 34 lönekostnaderna
1142 786 54 30 för
1213 796 44 21 en
1275 788 55 30 del
1348 798 42 21 av
1406 790 243 33 kalenderåret
1669 794 94 30 1954.

279 824 52 31 Då
345 827 116 30 vidare
476 837 45 21 en
535 830 70 30 viss
621 831 251 43 eftersläpning
887 836 56 29 vid
958 837 205 32 rekvisition
1179 849 42 21 av
1236 842 257 40 statsbidragen
1506 862 46 4 —
1565 846 93 30 vilka
1673 848 90 30 skall

277 879 171 31 utbetalas
470 882 11 29 i
502 882 185 32 efterskott
709 885 55 30 för
785 887 207 32 kalenderår
1013 908 45 4 —
1078 892 130 30 brukar
1229 893 229 38 förekomma,
1483 907 103 30 synes
1609 900 55 30 det
1686 901 76 30 icke

276 933 178 39 antagligt,
478 937 52 28 att
552 936 42 30 de
616 946 67 31 nya
705 939 311 34 bestämmelserna
1039 944 11 29 i
1074 945 113 40 någon
1210 947 107 40 högre
1340 950 83 38 grad
1447 950 161 32 kommer
1630 955 50 28 att
1702 955 61 39 på-

275 985 106 30 verka
400 988 279 32 medelsbehovet
698 991 55 30 för
774 993 203 40 budgetåret
1001 997 151 37 1954/55.
1172 999 396 40 Departementschefen
1588 1015 100 21 anser
1710 1008 51 39 sig

274 1038 121 31 därför
422 1040 123 31 kunna
573 1043 114 31 bortse
716 1046 81 30 från
826 1047 57 32 det
911 1058 68 30 nya
1008 1051 397 42 polislönereglementet
1434 1057 58 30 vid
1521 1058 239 33 beräknandet

273 1100 44 20 av
346 1093 288 40 anslagsbehovet
663 1097 54 31 för
746 1101 103 29 nästa
877 1102 181 40 budgetår.

317 1145 165 41 Anslaget
509 1148 147 32 föreslås
682 1152 145 40 uppfört
852 1156 79 29 med
958 1156 63 30 940
1037 1158 62 30 000
1125 1159 141 31 kronor.

318 1252 174 31 Utskottet
515 1254 56 31 får
593 1257 78 29 med
693 1258 245 40 tillstyrkande
960 1272 43 20 av
1025 1263 126 41 Kungl.
1174 1266 125 39 Maj:ts
1322 1268 130 41 förslag
1474 1270 195 37 hemställa,

625 1312 50 28 att
693 1312 188 40 riksdagen
898 1315 58 30 må
974 1316 54 30 till
1047 1318 127 40 Bidrag
1193 1320 54 29 till
1264 1323 492 40 reservpolisorganisationen

580 1372 45 21 m.
650 1373 45 21 m.
721 1365 55 30 för
800 1366 204 41 budgetåret
1033 1371 138 37 1954/55
1197 1374 122 30 anvisa
1343 1377 48 28 ett
1416 1376 273 43 förslagsanslag
1714 1389 42 21 av

580 1415 62 31 940
657 1417 61 31 000
743 1419 142 31 kronor.

312 1517 114 36 156:0)
452 1518 128 39 Bidrag
606 1523 52 29 till
685 1524 66 29 den
779 1525 115 32 lokala
923 1528 373 37 polisorganisationen
1325 1535 20 29 å
1372 1534 238 38 landsbygden
1638 1548 43 20 m.
1710 1548 44 20 m.

265 1569 126 41 Kungl.
415 1572 108 40 Maj:t
547 1575 65 30 har
640 1576 130 39 (punkt
798 1579 71 35 189,
895 1590 25 21 s.
946 1581 82 35 370)
1059 1583 178 41 föreslagit
1261 1587 187 40 riksdagen
1474 1593 51 27 att
1550 1591 52 30 till
1626 1592 127 40 Bidrag

266 1623 53 29 till
349 1624 66 30 den
443 1625 118 32 lokala
590 1629 374 41 polisorganisationen
994 1635 20 30 å
1044 1636 239 42 landsbygden
1312 1650 45 20 m.
1387 1651 45 20 m.
1463 1643 56 29 för
1548 1644 204 40 budgetåret

268 1676 139 38 1954/55
433 1680 122 30 anvisa
579 1684 48 28 ett
651 1682 272 44 förslagsanslag
947 1697 43 21 av
1016 1689 39 30 12
1070 1690 61 30 000
1146 1691 62 31 000
1233 1693 142 31 kronor.

308 1783 164 41 Anslaget
497 1787 40 29 är
563 1788 11 29 i
600 1789 158 38 gällande
784 1791 145 32 riksstat
954 1795 146 40 uppfört
1125 1798 78 30 med
1230 1798 97 32 8500
1342 1800 61 31 000
1428 1802 143 31 kronor.

308 1836 115 40 Enligt
445 1848 42 20 av
512 1840 83 30 1953
618 1842 56 30 års
695 1844 144 40 riksdag
860 1846 160 32 beslutad
1043 1850 147 40 ändring
1212 1852 10 29 i
1245 1853 192 40 polislagen
1460 1856 101 35 skall,
1584 1857 43 30 fr.
1649 1868 30 20 o.
1702 1869 46 20 m.

261 1888 69 30 den
354 1890 74 40 dag,
454 1901 76 21 som
554 1893 125 41 Kungl.
704 1897 106 39 Maj:t
834 1899 222 38 bestämmer,
1081 1904 114 30 städer
1219 1906 81 30 med
1325 1907 135 31 mindre
1486 1910 46 29 än
1558 1910 38 30 10
1611 1911 61 30 000
1696 1912 53 30 in-

260 1942 129 31 vånare
411 1962 44 4 —
476 1945 112 39 jämte
611 1948 12 29 i
647 1950 261 40 undantagsfall
933 1955 111 30 större
1070 1957 114 30 städer
1206 1976 46 4 —
1274 1960 66 29 och
1363 1961 172 40 köpingar
1559 1964 188 40 berättigas

259 1995 54 29 till
335 1998 211 41 statsbidrag
567 2000 87 31 efter
676 2012 135 22 samma
833 2007 152 37 grunder
1007 2018 77 20 som
1105 2009 321 40 landskommuner,
1449 2016 122 30 varvid
1593 2018 154 30 emeller-

258 2048 52 30 tid
329 2049 156 41 bidraget
503 2053 54 29 till
577 2055 115 30 städer
712 2057 65 29 och
795 2058 171 41 köpingar
985 2062 81 30 med
1085 2063 107 31 minst
1211 2065 18 29 5
1246 2065 63 31 000
1329 2067 165 31 invånare
1515 2070 104 30 såvitt
1638 2072 108 38 gäller

258 2102 175 31 ordinarie
450 2105 254 40 polispersonal
724 2110 89 30 skall
833 2113 81 38 utgå
932 2115 80 29 med
1030 2116 123 30 endast
1171 2118 40 29 25
1230 2122 155 36 procent.
1405 2121 233 33 Statsverkets
1656 2134 89 20 mer-

256 2155 146 39 utgifter
422 2158 11 29 i
455 2158 190 42 anledning
666 2171 42 21 av
730 2163 41 30 de
794 2173 68 30 nya
882 2165 320 40 bestämmelserna,
1225 2172 95 30 vilka
1342 2174 106 39 enligt
1470 2175 127 40 Kungl.
1620 2177 124 40 Maj:ts

256 2208 115 31 beslut
394 2212 84 30 trätt
502 2212 11 29 i
535 2213 97 31 kraft
655 2215 67 30 den
748 2217 14 29 1
787 2217 141 39 januari
955 2221 95 35 1954,
1075 2224 207 39 uppskattas
1306 2226 52 30 till
1382 2228 163 40 omkring
1570 2230 18 30 3
1603 2231 61 30 500
1679 2231 63 30 000

254 2261 142 32 kronor.

301 2315 120 31 Såsom
446 2318 138 31 anförts
610 2321 109 30 under
744 2322 208 41 föregående
977 2328 116 38 punkt
1117 2329 173 33 beräknas
1315 2335 48 28 ett
1389 2334 133 40 statligt
1547 2336 195 41 avlönings-

254 2368 209 39 reglemente
489 2372 56 30 för
570 2373 67 30 den
662 2374 229 34 kommunala
915 2379 300 41 polispersonalen
1239 2385 143 31 komma
1408 2389 50 28 att
1483 2389 101 30 träda
1609 2390 11 30 i
1645 2391 96 29 kraft

254 2420 69 31 den
349 2422 14 30 1
388 2423 66 39 juli
481 2425 95 31 1954.
600 2427 52 30 Av
675 2429 86 34 skäl,
788 2439 75 21 som
887 2432 185 41 åberopats
1096 2437 110 29 under
1230 2439 154 30 nämnda
1407 2442 126 38 punkt,
1559 2452 101 21 anser
1684 2444 57 29 de-

252 2477 345 35 partementschefen
619 2481 50 39 sig
690 2482 122 31 kunna
833 2484 115 32 bortse
969 2486 83 31 från
1073 2489 243 39 reglementets
1337 2493 170 31 inverkan
1528 2496 46 39 på
1596 2497 144 30 medels-
