1868 2774
286 162 39 29 46
713 168 286 32 Statsutskottets
1022 172 178 32 utlåtande
1222 184 43 20 nr
1287 176 50 29 11.

996 251 362 36 Personalförteckning.

631 308 108 31 Extra
763 310 171 31 ordinarie
958 311 214 39 tjänstemän
1196 316 11 28 i
1227 315 106 40 högre
1357 317 165 40 lönegrad
1544 320 44 30 än
1612 321 43 29 Ce
1668 321 53 30 25.

600 381 163 31 Befattning
1619 394 146 31 Lönegrad

588 424 13 28 1
633 424 202 31 Överläkare
881 452 732 13 odds
1647 437 43 30 Ce
1705 438 56 35 29;

629 476 37 34 b)
696 477 186 38 godkänna
901 480 157 39 följande
1077 483 252 39 avlöningsstat
1348 485 53 30 för
1420 487 226 32 akademiska
1666 491 98 38 sjuk-

585 528 101 31 huset
709 530 11 29 i
743 530 161 40 Uppsala,
927 535 50 28 att
1001 534 176 40 tillämpas
1200 537 72 30 tills
1294 538 116 31 vidare
1433 540 42 29 fr.
1499 550 30 20 o.
1552 552 45 19 m.
1619 539 144 48 budget-

584 581 73 31 året
679 583 154 45 1954/55:

1034 659 273 41 Avlöningsstat.

585 714 26 29 1.
647 715 163 31 Arvoden
826 719 64 29 och
908 720 173 30 särskilda
1099 723 244 40 ersättningar,
1361 725 181 32 bestämda

647 778 41 21 av
704 769 127 40 Kungl.
848 772 104 39 Majit
977 799 556 11 sosse
1624 783 37 29 10
1676 784 64 29 500

580 821 28 28 2.
645 822 213 40 Avlöningar
881 825 52 29 till
957 827 96 39 övrig
1077 828 267 33 icke-ordinarie
1367 830 173 47 personal,

642 875 205 40 fÖrSlägSViS
887 904 245 6 mosse
1237 908 294 9 reella
1568 889 92 30 1000
1675 890 63 30 000

578 927 29 28 3.
643 928 135 40 Rörligt
804 931 126 40 tillägg,
956 933 205 40 förslagsvis
1196 923 223 54 —...sssooo00
1441 966 90 4 0...
1597 942 63 30 498
1674 944 63 29 500

1245 1009 142 30 Summa
1407 1011 131 30 kronor
1566 1013 92 30 1509
1673 1014 78 36 000;

619 1088 34 33 c)
683 1089 53 29 till
761 1090 235 33 Akademiska
1021 1094 188 39 sjukhuset
1235 1098 10 28 i
1271 1098 166 39 Uppsala:
1463 1101 213 40 Avlöningar
1702 1104 53 29 till

576 1140 115 31 läkare
718 1142 56 30 för
799 1143 203 40 budgetåret
1031 1147 135 45 1954/55
1193 1151 121 29 anvisa
1340 1154 47 28 ett
1413 1153 273 42 förslagsanslag
1711 1167 42 20 av

577 1194 92 30 1509
684 1195 63 30 000
768 1197 143 36 kronor;

618 1256 38 29 II.
682 1257 11 29 i
713 1258 165 31 skrivelse
896 1261 51 29 till
967 1262 126 40 Kungl.
1112 1264 106 40 Maj:t
1236 1266 76 39 giva
1331 1268 182 36 tillkänna,
1532 1271 65 29 vad
1616 1272 135 30 utskot-

572 1310 48 29 tet
644 1319 89 21 ovan
758 1312 116 31 anfört
898 1314 10 29 i
933 1315 189 41 anledning
1146 1327 42 21 av
1211 1319 178 31 motionen
1415 1322 44 30 II:
1476 1322 52 35 42,
1555 1324 102 30 såvitt
1681 1326 68 29 den

571 1370 98 22 avser
691 1373 43 20 en
757 1365 294 41 överläkartjänst
1073 1370 56 30 vid
1152 1372 230 40 avdelningen
1404 1375 55 30 för
1481 1377 267 42 plastikkirurgi

570 1416 64 28 och
653 1416 244 33 brännskador
916 1421 57 30 vid
994 1422 227 33 akademiska
1243 1426 185 39 sjukhuset
1448 1429 10 29 i
1479 1430 161 39 Uppsala.

302 1516 95 36 48:0)
423 1518 282 34 Driftkostnader
729 1525 58 29 vid
813 1525 222 33 akademiska
1060 1529 184 34 sjukhuset
1268 1533 11 29 i
1304 1533 160 35 Uppsala.
1490 1537 125 39 Kungl.
1641 1539 105 39 Maj:t

257 1568 65 30 har
355 1570 130 39 (punkt
514 1573 52 35 60,
597 1584 24 20 s.
653 1576 190 36 146—149)
876 1579 180 41 föreslagit
1084 1583 188 40 riksdagen
1300 1589 50 27 att
1378 1588 52 29 till
1459 1589 286 33 Driftkostnader

257 1622 57 29 vid
336 1623 227 33 akademiska
586 1627 188 39 sjukhuset
795 1631 11 29 i
827 1632 151 39 Uppsala
1000 1634 55 30 för
1076 1636 204 40 budgetåret
1305 1640 135 45 1954/55
1463 1644 121 29 anvisa
1605 1647 47 27 ett
1674 1645 70 30 för-

257 1674 213 43 slagsanslag
493 1688 43 21 av
561 1680 92 31 1600
668 1682 63 31 000
754 1684 139 32 kronor.

300 1782 163 41 Anslaget
485 1788 39 28 är
545 1789 10 28 i
577 1788 158 39 gällande
757 1791 143 32 riksstat
923 1795 144 39 uppfört
1090 1799 77 29 med
1192 1799 13 28 1
1223 1799 63 30 800
1301 1800 62 30 000
1385 1802 140 31 kronor.

301 1835 79 31 1951
414 1838 58 30 års
504 1839 142 41 riksdag
677 1843 184 37 godkände
893 1855 42 21 av
967 1847 253 41 föredragande
1253 1852 384 40 departementschefen
1671 1859 69 30 för-

252 1888 128 31 ordade
410 1891 155 31 ändrade
595 1896 152 37 grunder
777 1897 55 30 för
863 1901 209 30 samarbetet
1101 1904 149 30 rörande
1280 1906 130 31 driften
1440 1918 43 20 av
1512 1910 226 32 akademiska

252 1940 196 38 sjukhuset.
477 1945 83 30 1953
585 1946 56 31 års
664 1948 144 41 riksdag
832 1951 62 30 har
917 1953 119 31 vidare
1061 1956 153 38 godkänt
1239 1967 42 21 av
1306 1959 251 41 föredragande
1582 1964 156 40 departe-

250 1995 241 32 mentschefen
517 1998 184 33 förordade
726 2004 152 36 grunder
903 2006 54 29 för
982 2007 197 42 fördelning
1204 2011 129 31 mellan
1359 2015 112 29 staten
1496 2017 64 29 och
1584 2014 152 48 Uppsala

249 2046 78 31 läns
348 2048 178 42 landsting
548 2061 42 21 av
611 2053 237 34 kostnaderna
870 2058 53 30 för
945 2061 247 42 pensionering
1214 2073 43 21 av
1278 2066 92 30 vissa
1391 2068 344 41 befattningshavare

248 2100 58 29 vid
329 2101 197 39 sjukhuset.

292 2153 228 34 Direktionen
545 2158 54 31 för
624 2160 228 34 akademiska
878 2165 188 39 sjukhuset
1090 2169 64 30 har
1178 2170 152 32 beslutat
1355 2176 50 28 att
1430 2175 84 40 höja
1539 2173 195 49 legosängs-

246 2207 194 38 avgifterna
470 2210 56 30 för
556 2214 349 41 utomlänspatienter
935 2219 150 32 frånsett
1113 2224 174 38 patienter
1316 2226 79 31 från
1425 2228 220 33 Stockholms
1674 2232 59 29 län

246 2259 53 30 till
320 2261 40 29 20
380 2262 131 31 kronor
531 2265 55 30 för
605 2266 131 32 allmän
758 2270 60 34 sal,
839 2271 40 30 30
898 2272 132 31 kronor
1051 2275 54 29 för
1124 2277 213 32 halvenskilt
1356 2290 78 20 rum
1455 2283 65 29 och
1540 2283 41 30 40
1602 2285 130 30 kronor

245 2312 56 30 för
320 2315 127 30 enskilt
465 2326 91 26 rum,
577 2319 60 31 allt
656 2320 55 31 för
730 2322 153 42 vårddag
901 2326 138 31 räknat.
1060 2328 339 44 Avgiftshöjningen,
1421 2344 74 21 som
1515 2338 216 37 genomförts

243 2364 44 31 fr.
309 2376 30 20 o.
360 2377 44 21 m.
426 2369 68 31 den
519 2372 13 28 1
555 2372 140 39 januari
720 2376 94 35 1954,
835 2378 69 30 kan
924 2379 174 32 beräknas
1119 2384 111 29 under
1250 2385 204 40 budgetåret
1478 2389 136 45 1954/55
1635 2392 95 28 med-

243 2417 77 32 föra
343 2430 42 20 en
407 2422 288 44 inkomstökning
719 2428 56 30 för
799 2430 185 39 sjukhuset
1007 2443 42 20 av
1071 2436 162 40 omkring
1256 2438 63 30 350
1334 2440 61 30 000
1419 2441 140 31 kronor.
1584 2445 79 29 Som
1686 2454 43 20 en

243 2470 90 41 följd
354 2473 108 32 härav
482 2477 71 30 kan
577 2480 129 30 statens
729 2483 102 29 andel
852 2484 10 29 i
883 2485 237 33 kostnaderna
1142 2489 54 30 för
1219 2491 204 39 sjukhusets
1444 2495 86 30 drift
1553 2496 53 30 för
1628 2499 99 28 nästa
