<?xml version="1.0" encoding="UTF-8"?>
<alto xmlns="http://www.loc.gov/standards/alto/ns-v3#" xmlns:xlink="http://www.w3.org/1999/xlink" xmlns:xsi="http://www.w3.org/2001/XMLSchema-instance" xsi:schemaLocation="http://www.loc.gov/standards/alto/ns-v3# http://www.loc.gov/alto/v3/alto-3-0.xsd">
	<Description>
		<MeasurementUnit>pixel</MeasurementUnit>
		<sourceImageInformation>
			<fileName>/tmp/tess_6ysih0i1_input.PNG</fileName>
		</sourceImageInformation>
		<OCRProcessing ID="OCR_0">
			<ocrProcessingStep>
				<processingSoftware>
					<softwareName>tesseract 5.3.0</softwareName>
				</processingSoftware>
			</ocrProcessingStep>
		</OCRProcessing>
	</Description>
	<Layout>
		<Page WIDTH="1878" HEIGHT="2776" PHYSICAL_IMG_NR="0" ID="page_0">
			<PrintSpace HPOS="0" VPOS="0" WIDTH="1878" HEIGHT="2776">
				<ComposedBlock ID="cblock_0" HPOS="553" VPOS="163" WIDTH="1043" HEIGHT="42">
					<TextBlock ID="block_0" HPOS="553" VPOS="163" WIDTH="1043" HEIGHT="42">
						<TextLine ID="line_0" HPOS="553" VPOS="163" WIDTH="1043" HEIGHT="42">
							<String ID="string_0" HPOS="553" VPOS="173" WIDTH="287" HEIGHT="32" WC="0.91" CONTENT="Statsutskottets"/><SP WIDTH="22" VPOS="173" HPOS="840"/>
							<String ID="string_1" HPOS="862" VPOS="170" WIDTH="178" HEIGHT="30" WC="0.96" CONTENT="utlåtande"/><SP WIDTH="19" VPOS="170" HPOS="1040"/>
							<String ID="string_2" HPOS="1059" VPOS="179" WIDTH="43" HEIGHT="19" WC="0.96" CONTENT="nr"/><SP WIDTH="20" VPOS="179" HPOS="1102"/>
							<String ID="string_3" HPOS="1122" VPOS="169" WIDTH="50" HEIGHT="29" WC="0.96" CONTENT="11."/><SP WIDTH="365" VPOS="169" HPOS="1172"/>
							<String ID="string_4" HPOS="1537" VPOS="163" WIDTH="59" HEIGHT="29" WC="0.96" CONTENT="137"/>
						</TextLine>
					</TextBlock>
				</ComposedBlock>
				<ComposedBlock ID="cblock_1" HPOS="107" VPOS="245" WIDTH="1498" HEIGHT="744">
					<TextBlock ID="block_1" HPOS="107" VPOS="245" WIDTH="1493" HEIGHT="319">
						<TextLine ID="line_1" HPOS="107" VPOS="245" WIDTH="1491" HEIGHT="52">
							<String ID="string_5" HPOS="107" VPOS="258" WIDTH="117" HEIGHT="39" WC="0.96" CONTENT="Enligt"/><SP WIDTH="31" VPOS="258" HPOS="224"/>
							<String ID="string_6" HPOS="255" VPOS="258" WIDTH="65" HEIGHT="29" WC="0.91" CONTENT="vad"/><SP WIDTH="33" VPOS="258" HPOS="320"/>
							<String ID="string_7" HPOS="353" VPOS="255" WIDTH="262" HEIGHT="31" WC="0.91" CONTENT="sakrevisionen"/><SP WIDTH="32" VPOS="255" HPOS="615"/>
							<String ID="string_8" HPOS="647" VPOS="254" WIDTH="174" HEIGHT="29" WC="0.96" CONTENT="inhämtat"/><SP WIDTH="31" VPOS="254" HPOS="821"/>
							<String ID="string_9" HPOS="852" VPOS="252" WIDTH="64" HEIGHT="29" WC="0.92" CONTENT="har"/><SP WIDTH="32" VPOS="252" HPOS="916"/>
							<String ID="string_10" HPOS="948" VPOS="247" WIDTH="411" HEIGHT="39" WC="0.91" CONTENT="civilförsvarsstyrelsen"/><SP WIDTH="30" VPOS="247" HPOS="1359"/>
							<String ID="string_11" HPOS="1389" VPOS="245" WIDTH="44" HEIGHT="39" WC="0.96" CONTENT="på"/><SP WIDTH="32" VPOS="245" HPOS="1433"/>
							<String ID="string_12" HPOS="1465" VPOS="245" WIDTH="133" HEIGHT="28" WC="0.96" CONTENT="statens"/>
						</TextLine>
						<TextLine ID="line_2" HPOS="109" VPOS="298" WIDTH="1491" HEIGHT="49">
							<String ID="string_13" HPOS="109" VPOS="312" WIDTH="194" HEIGHT="29" WC="0.96" CONTENT="bekostnad"/><SP WIDTH="23" VPOS="312" HPOS="303"/>
							<String ID="string_14" HPOS="326" VPOS="310" WIDTH="148" HEIGHT="30" WC="0.92" CONTENT="tilldelat"/><SP WIDTH="21" VPOS="310" HPOS="474"/>
							<String ID="string_15" HPOS="495" VPOS="307" WIDTH="201" HEIGHT="40" WC="0.91" CONTENT="verkskydd"/><SP WIDTH="23" VPOS="307" HPOS="696"/>
							<String ID="string_16" HPOS="719" VPOS="305" WIDTH="70" HEIGHT="30" WC="0.96" CONTENT="viss"/><SP WIDTH="24" VPOS="305" HPOS="789"/>
							<String ID="string_17" HPOS="813" VPOS="303" WIDTH="157" HEIGHT="31" WC="0.95" CONTENT="materiel"/><SP WIDTH="24" VPOS="303" HPOS="970"/>
							<String ID="string_18" HPOS="994" VPOS="302" WIDTH="51" HEIGHT="31" WC="0.95" CONTENT="till"/><SP WIDTH="25" VPOS="302" HPOS="1045"/>
							<String ID="string_19" HPOS="1070" VPOS="304" WIDTH="49" HEIGHT="28" WC="0.96" CONTENT="ett"/><SP WIDTH="23" VPOS="304" HPOS="1119"/>
							<String ID="string_20" HPOS="1142" VPOS="301" WIDTH="169" HEIGHT="29" WC="0.96" CONTENT="beräknat"/><SP WIDTH="23" VPOS="301" HPOS="1311"/>
							<String ID="string_21" HPOS="1334" VPOS="298" WIDTH="104" HEIGHT="30" WC="0.96" CONTENT="värde"/><SP WIDTH="24" VPOS="298" HPOS="1438"/>
							<String ID="string_22" HPOS="1462" VPOS="307" WIDTH="41" HEIGHT="20" WC="0.93" CONTENT="av"/><SP WIDTH="23" VPOS="307" HPOS="1503"/>
							<String ID="string_23" HPOS="1526" VPOS="305" WIDTH="74" HEIGHT="21" WC="0.90" CONTENT="om-"/>
						</TextLine>
						<TextLine ID="line_3" HPOS="108" VPOS="350" WIDTH="1491" HEIGHT="55">
							<String ID="string_24" HPOS="108" VPOS="366" WIDTH="104" HEIGHT="39" WC="0.96" CONTENT="kring"/><SP WIDTH="25" VPOS="366" HPOS="212"/>
							<String ID="string_25" HPOS="237" VPOS="366" WIDTH="46" HEIGHT="32" WC="0.87" CONTENT="5,5"/><SP WIDTH="25" VPOS="366" HPOS="283"/>
							<String ID="string_26" HPOS="308" VPOS="363" WIDTH="164" HEIGHT="39" WC="0.96" CONTENT="miljoner"/><SP WIDTH="25" VPOS="363" HPOS="472"/>
							<String ID="string_27" HPOS="497" VPOS="363" WIDTH="142" HEIGHT="32" WC="0.96" CONTENT="kronor,"/><SP WIDTH="27" VPOS="363" HPOS="639"/>
							<String ID="string_28" HPOS="666" VPOS="362" WIDTH="85" HEIGHT="27" WC="0.96" CONTENT="utan"/><SP WIDTH="26" VPOS="362" HPOS="751"/>
							<String ID="string_29" HPOS="777" VPOS="360" WIDTH="50" HEIGHT="28" WC="0.96" CONTENT="att"/><SP WIDTH="25" VPOS="360" HPOS="827"/>
							<String ID="string_30" HPOS="852" VPOS="356" WIDTH="163" HEIGHT="31" WC="0.96" CONTENT="hitintills"/><SP WIDTH="26" VPOS="356" HPOS="1015"/>
							<String ID="string_31" HPOS="1041" VPOS="353" WIDTH="258" HEIGHT="32" WC="0.93" CONTENT="vederbörande"/><SP WIDTH="28" VPOS="353" HPOS="1299"/>
							<String ID="string_32" HPOS="1327" VPOS="352" WIDTH="161" HEIGHT="30" WC="0.92" CONTENT="avkrävts"/><SP WIDTH="27" VPOS="352" HPOS="1488"/>
							<String ID="string_33" HPOS="1515" VPOS="350" WIDTH="84" HEIGHT="29" WC="0.95" CONTENT="eller"/>
						</TextLine>
						<TextLine ID="line_4" HPOS="111" VPOS="403" WIDTH="1488" HEIGHT="52">
							<String ID="string_34" HPOS="111" VPOS="419" WIDTH="52" HEIGHT="29" WC="0.93" CONTENT="till"/><SP WIDTH="20" VPOS="419" HPOS="163"/>
							<String ID="string_35" HPOS="183" VPOS="418" WIDTH="209" HEIGHT="30" WC="0.92" CONTENT="statsverket"/><SP WIDTH="19" VPOS="418" HPOS="392"/>
							<String ID="string_36" HPOS="411" VPOS="417" WIDTH="108" HEIGHT="38" WC="0.96" CONTENT="erlagt"/><SP WIDTH="19" VPOS="417" HPOS="519"/>
							<String ID="string_37" HPOS="538" VPOS="413" WIDTH="195" HEIGHT="39" WC="0.96" CONTENT="ersättning"/><SP WIDTH="19" VPOS="413" HPOS="733"/>
							<String ID="string_38" HPOS="752" VPOS="413" WIDTH="55" HEIGHT="29" WC="0.96" CONTENT="för"/><SP WIDTH="20" VPOS="413" HPOS="807"/>
							<String ID="string_39" HPOS="827" VPOS="412" WIDTH="67" HEIGHT="29" WC="0.96" CONTENT="den"/><SP WIDTH="19" VPOS="412" HPOS="894"/>
							<String ID="string_40" HPOS="913" VPOS="408" WIDTH="268" HEIGHT="41" WC="0.93" CONTENT="ifrågavarande"/><SP WIDTH="21" VPOS="408" HPOS="1181"/>
							<String ID="string_41" HPOS="1202" VPOS="406" WIDTH="211" HEIGHT="30" WC="0.92" CONTENT="materielen."/><SP WIDTH="20" VPOS="406" HPOS="1413"/>
							<String ID="string_42" HPOS="1433" VPOS="404" WIDTH="52" HEIGHT="29" WC="0.96" CONTENT="Då"/><SP WIDTH="19" VPOS="404" HPOS="1485"/>
							<String ID="string_43" HPOS="1504" VPOS="403" WIDTH="95" HEIGHT="30" WC="0.96" CONTENT="detta"/>
						</TextLine>
						<TextLine ID="line_5" HPOS="112" VPOS="456" WIDTH="1488" HEIGHT="53">
							<String ID="string_44" HPOS="112" VPOS="472" WIDTH="72" HEIGHT="30" WC="0.96" CONTENT="står"/><SP WIDTH="22" VPOS="472" HPOS="184"/>
							<String ID="string_45" HPOS="206" VPOS="473" WIDTH="10" HEIGHT="29" WC="0.96" CONTENT="i"/><SP WIDTH="22" VPOS="473" HPOS="216"/>
							<String ID="string_46" HPOS="238" VPOS="471" WIDTH="86" HEIGHT="30" WC="0.96" CONTENT="strid"/><SP WIDTH="22" VPOS="471" HPOS="324"/>
							<String ID="string_47" HPOS="346" VPOS="471" WIDTH="79" HEIGHT="29" WC="0.97" CONTENT="med"/><SP WIDTH="22" VPOS="471" HPOS="425"/>
							<String ID="string_48" HPOS="447" VPOS="468" WIDTH="159" HEIGHT="41" WC="0.95" CONTENT="gällande"/><SP WIDTH="22" VPOS="468" HPOS="606"/>
							<String ID="string_49" HPOS="628" VPOS="468" WIDTH="64" HEIGHT="38" WC="0.96" CONTENT="lag,"/><SP WIDTH="21" VPOS="468" HPOS="692"/>
							<String ID="string_50" HPOS="713" VPOS="467" WIDTH="64" HEIGHT="29" WC="0.93" CONTENT="har"/><SP WIDTH="23" VPOS="467" HPOS="777"/>
							<String ID="string_51" HPOS="800" VPOS="463" WIDTH="262" HEIGHT="32" WC="0.91" CONTENT="sakrevisionen"/><SP WIDTH="21" VPOS="463" HPOS="1062"/>
							<String ID="string_52" HPOS="1083" VPOS="461" WIDTH="179" HEIGHT="30" WC="0.92" CONTENT="hemställt"/><SP WIDTH="21" VPOS="461" HPOS="1262"/>
							<String ID="string_53" HPOS="1283" VPOS="469" WIDTH="57" HEIGHT="20" WC="0.96" CONTENT="om"/><SP WIDTH="23" VPOS="469" HPOS="1340"/>
							<String ID="string_54" HPOS="1363" VPOS="457" WIDTH="159" HEIGHT="40" WC="0.96" CONTENT="åtgärder"/><SP WIDTH="24" VPOS="457" HPOS="1522"/>
							<String ID="string_55" HPOS="1546" VPOS="456" WIDTH="54" HEIGHT="29" WC="0.96" CONTENT="för"/>
						</TextLine>
						<TextLine ID="line_6" HPOS="111" VPOS="509" WIDTH="1489" HEIGHT="55">
							<String ID="string_56" HPOS="111" VPOS="528" WIDTH="51" HEIGHT="27" WC="0.96" CONTENT="att"/><SP WIDTH="25" VPOS="528" HPOS="162"/>
							<String ID="string_57" HPOS="187" VPOS="523" WIDTH="267" HEIGHT="41" WC="0.96" CONTENT="ifrågavarande"/><SP WIDTH="25" VPOS="523" HPOS="454"/>
							<String ID="string_58" HPOS="479" VPOS="532" WIDTH="40" HEIGHT="20" WC="0.92" CONTENT="av"/><SP WIDTH="27" VPOS="532" HPOS="519"/>
							<String ID="string_59" HPOS="546" VPOS="519" WIDTH="201" HEIGHT="32" WC="0.92" CONTENT="statsmedel"/><SP WIDTH="26" VPOS="519" HPOS="747"/>
							<String ID="string_60" HPOS="773" VPOS="517" WIDTH="179" HEIGHT="31" WC="0.91" CONTENT="bestridda"/><SP WIDTH="25" VPOS="517" HPOS="952"/>
							<String ID="string_61" HPOS="977" VPOS="513" WIDTH="350" HEIGHT="32" WC="0.91" CONTENT="materielkostnader"/><SP WIDTH="25" VPOS="513" HPOS="1327"/>
							<String ID="string_62" HPOS="1352" VPOS="511" WIDTH="66" HEIGHT="30" WC="0.91" CONTENT="blir"/><SP WIDTH="26" VPOS="511" HPOS="1418"/>
							<String ID="string_63" HPOS="1444" VPOS="509" WIDTH="156" HEIGHT="41" WC="0.91" CONTENT="gäldade."/>
						</TextLine>
					</TextBlock>
					<TextBlock ID="block_2" HPOS="113" VPOS="559" WIDTH="1492" HEIGHT="430">
						<TextLine ID="line_7" HPOS="158" VPOS="559" WIDTH="1443" HEIGHT="57">
							<String ID="string_64" HPOS="158" VPOS="576" WIDTH="415" HEIGHT="40" WC="0.92" CONTENT="Civilförsvarsstyrelsen"/><SP WIDTH="21" VPOS="576" HPOS="573"/>
							<String ID="string_65" HPOS="594" VPOS="575" WIDTH="64" HEIGHT="28" WC="0.96" CONTENT="har"/><SP WIDTH="21" VPOS="575" HPOS="658"/>
							<String ID="string_66" HPOS="679" VPOS="574" WIDTH="10" HEIGHT="28" WC="0.93" CONTENT="i"/><SP WIDTH="21" VPOS="574" HPOS="689"/>
							<String ID="string_67" HPOS="710" VPOS="571" WIDTH="266" HEIGHT="32" WC="0.92" CONTENT="svarsskrivelse"/><SP WIDTH="21" VPOS="571" HPOS="976"/>
							<String ID="string_68" HPOS="997" VPOS="570" WIDTH="68" HEIGHT="29" WC="0.96" CONTENT="den"/><SP WIDTH="21" VPOS="570" HPOS="1065"/>
							<String ID="string_69" HPOS="1086" VPOS="569" WIDTH="18" HEIGHT="29" WC="0.96" CONTENT="5"/><SP WIDTH="23" VPOS="569" HPOS="1104"/>
							<String ID="string_70" HPOS="1127" VPOS="577" WIDTH="93" HEIGHT="20" WC="0.96" CONTENT="mars"/><SP WIDTH="24" VPOS="577" HPOS="1220"/>
							<String ID="string_71" HPOS="1244" VPOS="565" WIDTH="82" HEIGHT="30" WC="0.89" CONTENT="1954"/><SP WIDTH="21" VPOS="565" HPOS="1326"/>
							<String ID="string_72" HPOS="1347" VPOS="565" WIDTH="44" HEIGHT="29" WC="0.95" CONTENT="bl."/><SP WIDTH="22" VPOS="565" HPOS="1391"/>
							<String ID="string_73" HPOS="1413" VPOS="574" WIDTH="28" HEIGHT="20" WC="0.95" CONTENT="a."/><SP WIDTH="22" VPOS="574" HPOS="1441"/>
							<String ID="string_74" HPOS="1463" VPOS="559" WIDTH="138" HEIGHT="49" WC="0.96" CONTENT="uttalat,"/>
						</TextLine>
						<TextLine ID="line_8" HPOS="113" VPOS="616" WIDTH="1488" HEIGHT="46">
							<String ID="string_75" HPOS="113" VPOS="635" WIDTH="51" HEIGHT="27" WC="0.95" CONTENT="att"/><SP WIDTH="20" VPOS="635" HPOS="164"/>
							<String ID="string_76" HPOS="184" VPOS="631" WIDTH="273" HEIGHT="31" WC="0.96" CONTENT="statsmakterna"/><SP WIDTH="19" VPOS="631" HPOS="457"/>
							<String ID="string_77" HPOS="476" VPOS="630" WIDTH="87" HEIGHT="29" WC="0.96" CONTENT="även"/><SP WIDTH="19" VPOS="630" HPOS="563"/>
							<String ID="string_78" HPOS="582" VPOS="628" WIDTH="89" HEIGHT="30" WC="0.92" CONTENT="efter"/><SP WIDTH="20" VPOS="628" HPOS="671"/>
							<String ID="string_79" HPOS="691" VPOS="624" WIDTH="358" HEIGHT="38" WC="0.91" CONTENT="civilförsvarslagens"/><SP WIDTH="20" VPOS="624" HPOS="1049"/>
							<String ID="string_80" HPOS="1069" VPOS="622" WIDTH="172" HEIGHT="30" WC="0.96" CONTENT="tillkomst"/><SP WIDTH="20" VPOS="622" HPOS="1241"/>
							<String ID="string_81" HPOS="1261" VPOS="619" WIDTH="136" HEIGHT="31" WC="0.96" CONTENT="anvisat"/><SP WIDTH="20" VPOS="619" HPOS="1397"/>
							<String ID="string_82" HPOS="1417" VPOS="617" WIDTH="111" HEIGHT="30" WC="0.96" CONTENT="medel"/><SP WIDTH="21" VPOS="617" HPOS="1528"/>
							<String ID="string_83" HPOS="1549" VPOS="616" WIDTH="52" HEIGHT="29" WC="0.96" CONTENT="till"/>
						</TextLine>
						<TextLine ID="line_9" HPOS="113" VPOS="672" WIDTH="1490" HEIGHT="53">
							<String ID="string_84" HPOS="113" VPOS="686" WIDTH="108" HEIGHT="39" WC="0.96" CONTENT="inköp"/><SP WIDTH="22" VPOS="686" HPOS="221"/>
							<String ID="string_85" HPOS="243" VPOS="694" WIDTH="41" HEIGHT="20" WC="0.93" CONTENT="av"/><SP WIDTH="23" VPOS="694" HPOS="284"/>
							<String ID="string_86" HPOS="307" VPOS="683" WIDTH="221" HEIGHT="39" WC="0.92" CONTENT="stålhjälmar"/><SP WIDTH="22" VPOS="683" HPOS="528"/>
							<String ID="string_87" HPOS="550" VPOS="682" WIDTH="66" HEIGHT="29" WC="0.96" CONTENT="och"/><SP WIDTH="23" VPOS="682" HPOS="616"/>
							<String ID="string_88" HPOS="639" VPOS="676" WIDTH="353" HEIGHT="43" WC="0.92" CONTENT="gasskyddsmateriel"/><SP WIDTH="24" VPOS="676" HPOS="992"/>
							<String ID="string_89" HPOS="1016" VPOS="676" WIDTH="55" HEIGHT="29" WC="0.93" CONTENT="för"/><SP WIDTH="21" VPOS="676" HPOS="1071"/>
							<String ID="string_90" HPOS="1092" VPOS="673" WIDTH="246" HEIGHT="39" WC="0.92" CONTENT="verkskydden"/><SP WIDTH="23" VPOS="673" HPOS="1338"/>
							<String ID="string_91" HPOS="1361" VPOS="672" WIDTH="90" HEIGHT="29" WC="0.96" CONTENT="samt"/><SP WIDTH="22" VPOS="672" HPOS="1451"/>
							<String ID="string_92" HPOS="1473" VPOS="672" WIDTH="50" HEIGHT="28" WC="0.93" CONTENT="att"/><SP WIDTH="23" VPOS="672" HPOS="1523"/>
							<String ID="string_93" HPOS="1546" VPOS="678" WIDTH="57" HEIGHT="20" WC="0.93" CONTENT="av-"/>
						</TextLine>
						<TextLine ID="line_10" HPOS="115" VPOS="723" WIDTH="1488" HEIGHT="45">
							<String ID="string_94" HPOS="115" VPOS="739" WIDTH="115" HEIGHT="29" WC="0.96" CONTENT="sikten"/><SP WIDTH="25" VPOS="739" HPOS="230"/>
							<String ID="string_95" HPOS="255" VPOS="737" WIDTH="147" HEIGHT="30" WC="0.93" CONTENT="härmed"/><SP WIDTH="26" VPOS="737" HPOS="402"/>
							<String ID="string_96" HPOS="428" VPOS="753" WIDTH="43" HEIGHT="3" WC="0.92" CONTENT="—"/><SP WIDTH="26" VPOS="753" HPOS="471"/>
							<String ID="string_97" HPOS="497" VPOS="735" WIDTH="168" HEIGHT="29" WC="0.96" CONTENT="eftersom"/><SP WIDTH="27" VPOS="735" HPOS="665"/>
							<String ID="string_98" HPOS="692" VPOS="733" WIDTH="74" HEIGHT="29" WC="0.96" CONTENT="icke"/><SP WIDTH="29" VPOS="733" HPOS="766"/>
							<String ID="string_99" HPOS="795" VPOS="732" WIDTH="109" HEIGHT="28" WC="0.96" CONTENT="annat"/><SP WIDTH="27" VPOS="732" HPOS="904"/>
							<String ID="string_100" HPOS="931" VPOS="731" WIDTH="93" HEIGHT="37" WC="0.93" CONTENT="sagts"/><SP WIDTH="27" VPOS="731" HPOS="1024"/>
							<String ID="string_101" HPOS="1051" VPOS="746" WIDTH="45" HEIGHT="3" WC="0.91" CONTENT="—"/><SP WIDTH="28" VPOS="746" HPOS="1096"/>
							<String ID="string_102" HPOS="1124" VPOS="726" WIDTH="273" HEIGHT="40" WC="0.96" CONTENT="uppenbarligen"/><SP WIDTH="26" VPOS="726" HPOS="1397"/>
							<String ID="string_103" HPOS="1423" VPOS="723" WIDTH="100" HEIGHT="34" WC="0.96" CONTENT="varit,"/><SP WIDTH="29" VPOS="723" HPOS="1523"/>
							<String ID="string_104" HPOS="1552" VPOS="723" WIDTH="51" HEIGHT="29" WC="0.96" CONTENT="att"/>
						</TextLine>
						<TextLine ID="line_11" HPOS="114" VPOS="777" WIDTH="1490" HEIGHT="46">
							<String ID="string_105" HPOS="114" VPOS="792" WIDTH="203" HEIGHT="30" WC="0.91" CONTENT="materielen"/><SP WIDTH="25" VPOS="792" HPOS="317"/>
							<String ID="string_106" HPOS="342" VPOS="790" WIDTH="111" HEIGHT="30" WC="0.96" CONTENT="skulle"/><SP WIDTH="25" VPOS="790" HPOS="453"/>
							<String ID="string_107" HPOS="478" VPOS="786" WIDTH="286" HEIGHT="32" WC="0.93" CONTENT="tillhandahållas"/><SP WIDTH="25" VPOS="786" HPOS="764"/>
							<String ID="string_108" HPOS="789" VPOS="782" WIDTH="246" HEIGHT="41" WC="0.92" CONTENT="verkskydden"/><SP WIDTH="25" VPOS="782" HPOS="1035"/>
							<String ID="string_109" HPOS="1060" VPOS="779" WIDTH="259" HEIGHT="31" WC="0.93" CONTENT="kostnadsfritt."/><SP WIDTH="27" VPOS="779" HPOS="1319"/>
							<String ID="string_110" HPOS="1346" VPOS="777" WIDTH="258" HEIGHT="31" WC="0.92" CONTENT="Civilförsvars-"/>
						</TextLine>
						<TextLine ID="line_12" HPOS="116" VPOS="830" WIDTH="1489" HEIGHT="56">
							<String ID="string_111" HPOS="116" VPOS="846" WIDTH="170" HEIGHT="40" WC="0.96" CONTENT="styrelsen"/><SP WIDTH="17" VPOS="846" HPOS="286"/>
							<String ID="string_112" HPOS="303" VPOS="844" WIDTH="65" HEIGHT="30" WC="0.96" CONTENT="har"/><SP WIDTH="19" VPOS="844" HPOS="368"/>
							<String ID="string_113" HPOS="387" VPOS="843" WIDTH="110" HEIGHT="29" WC="0.96" CONTENT="under"/><SP WIDTH="18" VPOS="843" HPOS="497"/>
							<String ID="string_114" HPOS="515" VPOS="840" WIDTH="212" HEIGHT="38" WC="0.96" CONTENT="hänvisning"/><SP WIDTH="20" VPOS="840" HPOS="727"/>
							<String ID="string_115" HPOS="747" VPOS="838" WIDTH="127" HEIGHT="29" WC="0.96" CONTENT="främst"/><SP WIDTH="19" VPOS="838" HPOS="874"/>
							<String ID="string_116" HPOS="893" VPOS="836" WIDTH="52" HEIGHT="30" WC="0.96" CONTENT="till"/><SP WIDTH="19" VPOS="836" HPOS="945"/>
							<String ID="string_117" HPOS="964" VPOS="836" WIDTH="57" HEIGHT="29" WC="0.96" CONTENT="det"/><SP WIDTH="20" VPOS="836" HPOS="1021"/>
							<String ID="string_118" HPOS="1041" VPOS="834" WIDTH="149" HEIGHT="30" WC="0.96" CONTENT="anförda"/><SP WIDTH="20" VPOS="834" HPOS="1190"/>
							<String ID="string_119" HPOS="1210" VPOS="832" WIDTH="118" HEIGHT="30" WC="0.96" CONTENT="funnit"/><SP WIDTH="21" VPOS="832" HPOS="1328"/>
							<String ID="string_120" HPOS="1349" VPOS="831" WIDTH="50" HEIGHT="39" WC="0.96" CONTENT="sig"/><SP WIDTH="20" VPOS="831" HPOS="1399"/>
							<String ID="string_121" HPOS="1419" VPOS="832" WIDTH="63" HEIGHT="37" WC="0.92" CONTENT="äga"/><SP WIDTH="19" VPOS="832" HPOS="1482"/>
							<String ID="string_122" HPOS="1501" VPOS="830" WIDTH="104" HEIGHT="29" WC="0.91" CONTENT="stats-"/>
						</TextLine>
						<TextLine ID="line_13" HPOS="116" VPOS="884" WIDTH="1489" HEIGHT="45">
							<String ID="string_123" HPOS="116" VPOS="899" WIDTH="202" HEIGHT="30" WC="0.90" CONTENT="makternas"/><SP WIDTH="19" VPOS="899" HPOS="318"/>
							<String ID="string_124" HPOS="337" VPOS="897" WIDTH="88" HEIGHT="29" WC="0.96" CONTENT="fulla"/><SP WIDTH="19" VPOS="897" HPOS="425"/>
							<String ID="string_125" HPOS="444" VPOS="895" WIDTH="75" HEIGHT="30" WC="0.95" CONTENT="stöd"/><SP WIDTH="20" VPOS="895" HPOS="519"/>
							<String ID="string_126" HPOS="539" VPOS="894" WIDTH="55" HEIGHT="30" WC="0.96" CONTENT="för"/><SP WIDTH="19" VPOS="894" HPOS="594"/>
							<String ID="string_127" HPOS="613" VPOS="894" WIDTH="60" HEIGHT="29" WC="0.96" CONTENT="sitt"/><SP WIDTH="18" VPOS="894" HPOS="673"/>
							<String ID="string_128" HPOS="691" VPOS="891" WIDTH="263" HEIGHT="38" WC="0.96" CONTENT="förfaringssätt"/><SP WIDTH="17" VPOS="891" HPOS="954"/>
							<String ID="string_129" HPOS="971" VPOS="889" WIDTH="11" HEIGHT="29" WC="0.96" CONTENT="i"/><SP WIDTH="19" VPOS="889" HPOS="982"/>
							<String ID="string_130" HPOS="1001" VPOS="888" WIDTH="99" HEIGHT="39" WC="0.96" CONTENT="fråga"/><SP WIDTH="19" VPOS="888" HPOS="1100"/>
							<String ID="string_131" HPOS="1119" VPOS="896" WIDTH="57" HEIGHT="21" WC="0.96" CONTENT="om"/><SP WIDTH="20" VPOS="896" HPOS="1176"/>
							<String ID="string_132" HPOS="1196" VPOS="885" WIDTH="227" HEIGHT="31" WC="0.96" CONTENT="förevarande"/><SP WIDTH="19" VPOS="885" HPOS="1423"/>
							<String ID="string_133" HPOS="1442" VPOS="893" WIDTH="40" HEIGHT="20" WC="0.93" CONTENT="av"/><SP WIDTH="20" VPOS="893" HPOS="1482"/>
							<String ID="string_134" HPOS="1502" VPOS="884" WIDTH="103" HEIGHT="28" WC="0.92" CONTENT="stats-"/>
						</TextLine>
						<TextLine ID="line_14" HPOS="117" VPOS="943" WIDTH="815" HEIGHT="46">
							<String ID="string_135" HPOS="117" VPOS="952" WIDTH="111" HEIGHT="30" WC="0.96" CONTENT="medel"/><SP WIDTH="23" VPOS="952" HPOS="228"/>
							<String ID="string_136" HPOS="251" VPOS="951" WIDTH="146" HEIGHT="38" WC="0.96" CONTENT="inköpta"/><SP WIDTH="23" VPOS="951" HPOS="397"/>
							<String ID="string_137" HPOS="420" VPOS="947" WIDTH="156" HEIGHT="31" WC="0.95" CONTENT="materiel"/><SP WIDTH="24" VPOS="947" HPOS="576"/>
							<String ID="string_138" HPOS="600" VPOS="947" WIDTH="54" HEIGHT="29" WC="0.93" CONTENT="för"/><SP WIDTH="22" VPOS="947" HPOS="654"/>
							<String ID="string_139" HPOS="676" VPOS="943" WIDTH="256" HEIGHT="40" WC="0.92" CONTENT="verkskydden."/>
						</TextLine>
					</TextBlock>
				</ComposedBlock>
				<ComposedBlock ID="cblock_2" HPOS="118" VPOS="1042" WIDTH="1501" HEIGHT="1220">
					<TextBlock ID="block_3" HPOS="118" VPOS="1042" WIDTH="1494" HEIGHT="530">
						<TextLine ID="line_15" HPOS="163" VPOS="1042" WIDTH="1445" HEIGHT="47">
							<String ID="string_140" HPOS="163" VPOS="1059" WIDTH="184" HEIGHT="30" WC="0.96" CONTENT="Utskottet."/><SP WIDTH="36" VPOS="1059" HPOS="347"/>
							<String ID="string_141" HPOS="383" VPOS="1057" WIDTH="71" HEIGHT="29" WC="0.96" CONTENT="Mot"/><SP WIDTH="23" VPOS="1057" HPOS="454"/>
							<String ID="string_142" HPOS="477" VPOS="1056" WIDTH="41" HEIGHT="29" WC="0.96" CONTENT="de"/><SP WIDTH="24" VPOS="1056" HPOS="518"/>
							<String ID="string_143" HPOS="542" VPOS="1054" WIDTH="113" HEIGHT="30" WC="0.93" CONTENT="hörda"/><SP WIDTH="24" VPOS="1054" HPOS="655"/>
							<String ID="string_144" HPOS="679" VPOS="1050" WIDTH="444" HEIGHT="39" WC="0.90" CONTENT="sakkunniginstansernas"/><SP WIDTH="23" VPOS="1050" HPOS="1123"/>
							<String ID="string_145" HPOS="1146" VPOS="1045" WIDTH="259" HEIGHT="42" WC="0.91" CONTENT="avstyrkanden"/><SP WIDTH="25" VPOS="1045" HPOS="1405"/>
							<String ID="string_146" HPOS="1430" VPOS="1053" WIDTH="101" HEIGHT="21" WC="0.95" CONTENT="anser"/><SP WIDTH="26" VPOS="1053" HPOS="1531"/>
							<String ID="string_147" HPOS="1557" VPOS="1042" WIDTH="51" HEIGHT="38" WC="0.96" CONTENT="sig"/>
						</TextLine>
						<TextLine ID="line_16" HPOS="118" VPOS="1095" WIDTH="1489" HEIGHT="47">
							<String ID="string_148" HPOS="118" VPOS="1113" WIDTH="170" HEIGHT="29" WC="0.96" CONTENT="utskottet"/><SP WIDTH="23" VPOS="1113" HPOS="288"/>
							<String ID="string_149" HPOS="311" VPOS="1112" WIDTH="76" HEIGHT="29" WC="0.96" CONTENT="icke"/><SP WIDTH="23" VPOS="1112" HPOS="387"/>
							<String ID="string_150" HPOS="410" VPOS="1110" WIDTH="120" HEIGHT="29" WC="0.96" CONTENT="kunna"/><SP WIDTH="25" VPOS="1110" HPOS="530"/>
							<String ID="string_151" HPOS="555" VPOS="1107" WIDTH="142" HEIGHT="31" WC="0.96" CONTENT="förorda"/><SP WIDTH="23" VPOS="1107" HPOS="697"/>
							<String ID="string_152" HPOS="720" VPOS="1105" WIDTH="99" HEIGHT="30" WC="0.96" CONTENT="bifall"/><SP WIDTH="26" VPOS="1105" HPOS="819"/>
							<String ID="string_153" HPOS="845" VPOS="1104" WIDTH="51" HEIGHT="29" WC="0.95" CONTENT="till"/><SP WIDTH="26" VPOS="1104" HPOS="896"/>
							<String ID="string_154" HPOS="922" VPOS="1102" WIDTH="220" HEIGHT="30" WC="0.95" CONTENT="motionerna"/><SP WIDTH="24" VPOS="1102" HPOS="1142"/>
							<String ID="string_155" HPOS="1166" VPOS="1100" WIDTH="28" HEIGHT="29" WC="0.79" CONTENT="I:"/><SP WIDTH="16" VPOS="1100" HPOS="1194"/>
							<String ID="string_156" HPOS="1210" VPOS="1099" WIDTH="61" HEIGHT="30" WC="0.79" CONTENT="315"/><SP WIDTH="26" VPOS="1099" HPOS="1271"/>
							<String ID="string_157" HPOS="1297" VPOS="1099" WIDTH="65" HEIGHT="29" WC="0.96" CONTENT="och"/><SP WIDTH="24" VPOS="1099" HPOS="1362"/>
							<String ID="string_158" HPOS="1386" VPOS="1098" WIDTH="44" HEIGHT="29" WC="0.62" CONTENT="II:"/><SP WIDTH="17" VPOS="1098" HPOS="1430"/>
							<String ID="string_159" HPOS="1447" VPOS="1097" WIDTH="74" HEIGHT="29" WC="0.89" CONTENT="395."/><SP WIDTH="35" VPOS="1097" HPOS="1521"/>
							<String ID="string_160" HPOS="1556" VPOS="1095" WIDTH="51" HEIGHT="29" WC="0.96" CONTENT="Då"/>
						</TextLine>
						<TextLine ID="line_17" HPOS="118" VPOS="1149" WIDTH="1490" HEIGHT="48">
							<String ID="string_161" HPOS="118" VPOS="1166" WIDTH="170" HEIGHT="30" WC="0.96" CONTENT="utskottet"/><SP WIDTH="26" VPOS="1166" HPOS="288"/>
							<String ID="string_162" HPOS="314" VPOS="1163" WIDTH="192" HEIGHT="30" WC="0.95" CONTENT="emellertid"/><SP WIDTH="27" VPOS="1163" HPOS="506"/>
							<String ID="string_163" HPOS="533" VPOS="1161" WIDTH="118" HEIGHT="30" WC="0.96" CONTENT="finner"/><SP WIDTH="26" VPOS="1161" HPOS="651"/>
							<String ID="string_164" HPOS="677" VPOS="1160" WIDTH="57" HEIGHT="30" WC="0.96" CONTENT="det"/><SP WIDTH="25" VPOS="1160" HPOS="734"/>
							<String ID="string_165" HPOS="759" VPOS="1158" WIDTH="119" HEIGHT="30" WC="0.96" CONTENT="vidare"/><SP WIDTH="29" VPOS="1158" HPOS="878"/>
							<String ID="string_166" HPOS="907" VPOS="1156" WIDTH="104" HEIGHT="41" WC="0.96" CONTENT="syftet"/><SP WIDTH="27" VPOS="1156" HPOS="1011"/>
							<String ID="string_167" HPOS="1038" VPOS="1156" WIDTH="80" HEIGHT="29" WC="0.96" CONTENT="med"/><SP WIDTH="26" VPOS="1156" HPOS="1118"/>
							<String ID="string_168" HPOS="1144" VPOS="1152" WIDTH="265" HEIGHT="41" WC="0.96" CONTENT="ifrågavarande"/><SP WIDTH="27" VPOS="1152" HPOS="1409"/>
							<String ID="string_169" HPOS="1436" VPOS="1149" WIDTH="172" HEIGHT="31" WC="0.96" CONTENT="motioner"/>
						</TextLine>
						<TextLine ID="line_18" HPOS="118" VPOS="1201" WIDTH="1491" HEIGHT="56">
							<String ID="string_170" HPOS="118" VPOS="1237" WIDTH="45" HEIGHT="4" WC="0.90" CONTENT="—"/><SP WIDTH="23" VPOS="1237" HPOS="163"/>
							<String ID="string_171" HPOS="186" VPOS="1221" WIDTH="50" HEIGHT="28" WC="0.96" CONTENT="att"/><SP WIDTH="24" VPOS="1221" HPOS="236"/>
							<String ID="string_172" HPOS="260" VPOS="1218" WIDTH="171" HEIGHT="39" WC="0.93" CONTENT="begränsa"/><SP WIDTH="25" VPOS="1218" HPOS="431"/>
							<String ID="string_173" HPOS="456" VPOS="1213" WIDTH="305" HEIGHT="41" WC="0.91" CONTENT="medelsåtgången"/><SP WIDTH="25" VPOS="1213" HPOS="761"/>
							<String ID="string_174" HPOS="786" VPOS="1212" WIDTH="112" HEIGHT="29" WC="0.96" CONTENT="under"/><SP WIDTH="25" VPOS="1212" HPOS="898"/>
							<String ID="string_175" HPOS="923" VPOS="1208" WIDTH="230" HEIGHT="31" WC="0.95" CONTENT="förevarande"/><SP WIDTH="27" VPOS="1208" HPOS="1153"/>
							<String ID="string_176" HPOS="1180" VPOS="1207" WIDTH="120" HEIGHT="39" WC="0.93" CONTENT="anslag"/><SP WIDTH="24" VPOS="1207" HPOS="1300"/>
							<String ID="string_177" HPOS="1324" VPOS="1223" WIDTH="45" HEIGHT="3" WC="0.88" CONTENT="—"/><SP WIDTH="25" VPOS="1223" HPOS="1369"/>
							<String ID="string_178" HPOS="1394" VPOS="1206" WIDTH="10" HEIGHT="29" WC="0.95" CONTENT="i"/><SP WIDTH="26" VPOS="1206" HPOS="1404"/>
							<String ID="string_179" HPOS="1430" VPOS="1204" WIDTH="67" HEIGHT="40" WC="0.95" CONTENT="hög"/><SP WIDTH="27" VPOS="1204" HPOS="1497"/>
							<String ID="string_180" HPOS="1524" VPOS="1201" WIDTH="85" HEIGHT="41" WC="0.96" CONTENT="grad"/>
						</TextLine>
						<TextLine ID="line_19" HPOS="119" VPOS="1256" WIDTH="1491" HEIGHT="49">
							<String ID="string_181" HPOS="119" VPOS="1272" WIDTH="258" HEIGHT="33" WC="0.91" CONTENT="beaktansvärt,"/><SP WIDTH="26" VPOS="1272" HPOS="377"/>
							<String ID="string_182" HPOS="403" VPOS="1270" WIDTH="206" HEIGHT="30" WC="0.96" CONTENT="förutsätter"/><SP WIDTH="25" VPOS="1270" HPOS="609"/>
							<String ID="string_183" HPOS="634" VPOS="1267" WIDTH="180" HEIGHT="33" WC="0.96" CONTENT="utskottet,"/><SP WIDTH="27" VPOS="1267" HPOS="814"/>
							<String ID="string_184" HPOS="841" VPOS="1266" WIDTH="51" HEIGHT="29" WC="0.96" CONTENT="att"/><SP WIDTH="27" VPOS="1266" HPOS="892"/>
							<String ID="string_185" HPOS="919" VPOS="1263" WIDTH="81" HEIGHT="30" WC="0.96" CONTENT="1953"/><SP WIDTH="25" VPOS="1263" HPOS="1000"/>
							<String ID="string_186" HPOS="1025" VPOS="1263" WIDTH="58" HEIGHT="30" WC="0.95" CONTENT="års"/><SP WIDTH="25" VPOS="1263" HPOS="1083"/>
							<String ID="string_187" HPOS="1108" VPOS="1257" WIDTH="426" HEIGHT="40" WC="0.91" CONTENT="civilförsvarsutredning"/><SP WIDTH="24" VPOS="1257" HPOS="1534"/>
							<String ID="string_188" HPOS="1558" VPOS="1256" WIDTH="52" HEIGHT="30" WC="0.91" CONTENT="in-"/>
						</TextLine>
						<TextLine ID="line_20" HPOS="121" VPOS="1311" WIDTH="1490" HEIGHT="55">
							<String ID="string_189" HPOS="121" VPOS="1326" WIDTH="130" HEIGHT="40" WC="0.95" CONTENT="gående"/><SP WIDTH="22" VPOS="1326" HPOS="251"/>
							<String ID="string_190" HPOS="273" VPOS="1325" WIDTH="186" HEIGHT="39" WC="0.96" CONTENT="överväger"/><SP WIDTH="21" VPOS="1325" HPOS="459"/>
							<String ID="string_191" HPOS="480" VPOS="1323" WIDTH="94" HEIGHT="30" WC="0.96" CONTENT="olika"/><SP WIDTH="21" VPOS="1323" HPOS="574"/>
							<String ID="string_192" HPOS="595" VPOS="1320" WIDTH="223" HEIGHT="40" WC="0.96" CONTENT="möjligheter"/><SP WIDTH="23" VPOS="1320" HPOS="818"/>
							<String ID="string_193" HPOS="841" VPOS="1321" WIDTH="49" HEIGHT="28" WC="0.96" CONTENT="att"/><SP WIDTH="24" VPOS="1321" HPOS="890"/>
							<String ID="string_194" HPOS="914" VPOS="1317" WIDTH="181" HEIGHT="39" WC="0.96" CONTENT="tillgodose"/><SP WIDTH="24" VPOS="1317" HPOS="1095"/>
							<String ID="string_195" HPOS="1119" VPOS="1316" WIDTH="95" HEIGHT="29" WC="0.96" CONTENT="detta"/><SP WIDTH="23" VPOS="1316" HPOS="1214"/>
							<String ID="string_196" HPOS="1237" VPOS="1313" WIDTH="101" HEIGHT="41" WC="0.96" CONTENT="syfte."/><SP WIDTH="34" VPOS="1313" HPOS="1338"/>
							<String ID="string_197" HPOS="1372" VPOS="1312" WIDTH="77" HEIGHT="30" WC="0.96" CONTENT="Med"/><SP WIDTH="22" VPOS="1312" HPOS="1449"/>
							<String ID="string_198" HPOS="1471" VPOS="1311" WIDTH="140" HEIGHT="38" WC="0.96" CONTENT="hänsyn"/>
						</TextLine>
						<TextLine ID="line_21" HPOS="121" VPOS="1364" WIDTH="1490" HEIGHT="50">
							<String ID="string_199" HPOS="121" VPOS="1379" WIDTH="52" HEIGHT="30" WC="0.96" CONTENT="till"/><SP WIDTH="23" VPOS="1379" HPOS="173"/>
							<String ID="string_200" HPOS="196" VPOS="1380" WIDTH="66" HEIGHT="29" WC="0.96" CONTENT="den"/><SP WIDTH="23" VPOS="1380" HPOS="262"/>
							<String ID="string_201" HPOS="285" VPOS="1378" WIDTH="133" HEIGHT="30" WC="0.96" CONTENT="snabba"/><SP WIDTH="22" VPOS="1378" HPOS="418"/>
							<String ID="string_202" HPOS="440" VPOS="1375" WIDTH="245" HEIGHT="39" WC="0.96" CONTENT="utvecklingen"/><SP WIDTH="22" VPOS="1375" HPOS="685"/>
							<String ID="string_203" HPOS="707" VPOS="1374" WIDTH="45" HEIGHT="40" WC="0.96" CONTENT="på"/><SP WIDTH="23" VPOS="1374" HPOS="752"/>
							<String ID="string_204" HPOS="775" VPOS="1373" WIDTH="68" HEIGHT="29" WC="0.96" CONTENT="den"/><SP WIDTH="22" VPOS="1373" HPOS="843"/>
							<String ID="string_205" HPOS="865" VPOS="1370" WIDTH="159" HEIGHT="31" WC="0.96" CONTENT="kemiska"/><SP WIDTH="24" VPOS="1370" HPOS="1024"/>
							<String ID="string_206" HPOS="1048" VPOS="1369" WIDTH="66" HEIGHT="29" WC="0.96" CONTENT="och"/><SP WIDTH="23" VPOS="1369" HPOS="1114"/>
							<String ID="string_207" HPOS="1137" VPOS="1367" WIDTH="192" HEIGHT="39" WC="0.93" CONTENT="biologiska"/><SP WIDTH="23" VPOS="1367" HPOS="1329"/>
							<String ID="string_208" HPOS="1352" VPOS="1364" WIDTH="259" HEIGHT="40" WC="0.91" CONTENT="krigföringens"/>
						</TextLine>
						<TextLine ID="line_22" HPOS="122" VPOS="1417" WIDTH="1490" HEIGHT="55">
							<String ID="string_209" HPOS="122" VPOS="1433" WIDTH="141" HEIGHT="30" WC="0.96" CONTENT="område"/><SP WIDTH="21" VPOS="1433" HPOS="263"/>
							<String ID="string_210" HPOS="284" VPOS="1440" WIDTH="103" HEIGHT="32" WC="0.96" CONTENT="synes"/><SP WIDTH="19" VPOS="1440" HPOS="387"/>
							<String ID="string_211" HPOS="406" VPOS="1430" WIDTH="120" HEIGHT="30" WC="0.96" CONTENT="därvid"/><SP WIDTH="19" VPOS="1430" HPOS="526"/>
							<String ID="string_212" HPOS="545" VPOS="1429" WIDTH="86" HEIGHT="30" WC="0.96" CONTENT="böra"/><SP WIDTH="18" VPOS="1429" HPOS="631"/>
							<String ID="string_213" HPOS="649" VPOS="1427" WIDTH="145" HEIGHT="30" WC="0.96" CONTENT="beaktas"/><SP WIDTH="19" VPOS="1427" HPOS="794"/>
							<String ID="string_214" HPOS="813" VPOS="1426" WIDTH="44" HEIGHT="29" WC="0.92" CONTENT="bl."/><SP WIDTH="22" VPOS="1426" HPOS="857"/>
							<String ID="string_215" HPOS="879" VPOS="1434" WIDTH="40" HEIGHT="25" WC="0.92" CONTENT="a.,"/><SP WIDTH="21" VPOS="1434" HPOS="919"/>
							<String ID="string_216" HPOS="940" VPOS="1426" WIDTH="49" HEIGHT="27" WC="0.96" CONTENT="att"/><SP WIDTH="21" VPOS="1426" HPOS="989"/>
							<String ID="string_217" HPOS="1010" VPOS="1424" WIDTH="57" HEIGHT="29" WC="0.97" CONTENT="det"/><SP WIDTH="20" VPOS="1424" HPOS="1067"/>
							<String ID="string_218" HPOS="1087" VPOS="1422" WIDTH="76" HEIGHT="29" WC="0.96" CONTENT="icke"/><SP WIDTH="20" VPOS="1422" HPOS="1163"/>
							<String ID="string_219" HPOS="1183" VPOS="1422" WIDTH="69" HEIGHT="28" WC="0.96" CONTENT="kan"/><SP WIDTH="19" VPOS="1422" HPOS="1252"/>
							<String ID="string_220" HPOS="1271" VPOS="1419" WIDTH="182" HEIGHT="33" WC="0.95" CONTENT="uteslutas,"/><SP WIDTH="21" VPOS="1419" HPOS="1453"/>
							<String ID="string_221" HPOS="1474" VPOS="1419" WIDTH="51" HEIGHT="29" WC="0.96" CONTENT="att"/><SP WIDTH="19" VPOS="1419" HPOS="1525"/>
							<String ID="string_222" HPOS="1544" VPOS="1417" WIDTH="68" HEIGHT="29" WC="0.96" CONTENT="den"/>
						</TextLine>
						<TextLine ID="line_23" HPOS="123" VPOS="1470" WIDTH="1489" HEIGHT="55">
							<String ID="string_223" HPOS="123" VPOS="1485" WIDTH="219" HEIGHT="40" WC="0.96" CONTENT="ståndpunkt"/><SP WIDTH="21" VPOS="1485" HPOS="342"/>
							<String ID="string_224" HPOS="363" VPOS="1483" WIDTH="237" HEIGHT="39" WC="0.95" CONTENT="vetenskapen"/><SP WIDTH="23" VPOS="1483" HPOS="600"/>
							<String ID="string_225" HPOS="623" VPOS="1482" WIDTH="11" HEIGHT="29" WC="0.96" CONTENT="i"/><SP WIDTH="23" VPOS="1482" HPOS="634"/>
							<String ID="string_226" HPOS="657" VPOS="1482" WIDTH="65" HEIGHT="38" WC="0.96" CONTENT="dag"/><SP WIDTH="23" VPOS="1482" HPOS="722"/>
							<String ID="string_227" HPOS="745" VPOS="1479" WIDTH="94" HEIGHT="30" WC="0.96" CONTENT="intar"/><SP WIDTH="24" VPOS="1479" HPOS="839"/>
							<String ID="string_228" HPOS="863" VPOS="1478" WIDTH="51" HEIGHT="30" WC="0.96" CONTENT="till"/><SP WIDTH="25" VPOS="1478" HPOS="914"/>
							<String ID="string_229" HPOS="939" VPOS="1476" WIDTH="203" HEIGHT="41" WC="0.96" CONTENT="problemen"/><SP WIDTH="23" VPOS="1476" HPOS="1142"/>
							<String ID="string_230" HPOS="1165" VPOS="1475" WIDTH="43" HEIGHT="39" WC="0.95" CONTENT="på"/><SP WIDTH="24" VPOS="1475" HPOS="1208"/>
							<String ID="string_231" HPOS="1232" VPOS="1474" WIDTH="95" HEIGHT="29" WC="0.95" CONTENT="detta"/><SP WIDTH="24" VPOS="1474" HPOS="1327"/>
							<String ID="string_232" HPOS="1351" VPOS="1471" WIDTH="140" HEIGHT="30" WC="0.96" CONTENT="område"/><SP WIDTH="24" VPOS="1471" HPOS="1491"/>
							<String ID="string_233" HPOS="1515" VPOS="1470" WIDTH="97" HEIGHT="29" WC="0.96" CONTENT="inom"/>
						</TextLine>
						<TextLine ID="line_24" HPOS="123" VPOS="1532" WIDTH="829" HEIGHT="40">
							<String ID="string_234" HPOS="123" VPOS="1548" WIDTH="44" HEIGHT="21" WC="0.96" CONTENT="en"/><SP WIDTH="22" VPOS="1548" HPOS="167"/>
							<String ID="string_235" HPOS="189" VPOS="1549" WIDTH="80" HEIGHT="20" WC="0.95" CONTENT="snar"/><SP WIDTH="22" VPOS="1549" HPOS="269"/>
							<String ID="string_236" HPOS="291" VPOS="1537" WIDTH="146" HEIGHT="30" WC="0.96" CONTENT="framtid"/><SP WIDTH="22" VPOS="1537" HPOS="437"/>
							<String ID="string_237" HPOS="459" VPOS="1537" WIDTH="111" HEIGHT="29" WC="0.96" CONTENT="måste"/><SP WIDTH="23" VPOS="1537" HPOS="570"/>
							<String ID="string_238" HPOS="593" VPOS="1533" WIDTH="186" HEIGHT="39" WC="0.95" CONTENT="väsentligt"/><SP WIDTH="22" VPOS="1533" HPOS="779"/>
							<String ID="string_239" HPOS="801" VPOS="1532" WIDTH="151" HEIGHT="40" WC="0.96" CONTENT="jämkas."/>
						</TextLine>
					</TextBlock>
					<TextBlock ID="block_4" HPOS="125" VPOS="1576" WIDTH="1492" HEIGHT="373">
						<TextLine ID="line_25" HPOS="167" VPOS="1576" WIDTH="1445" HEIGHT="53">
							<String ID="string_240" HPOS="167" VPOS="1592" WIDTH="77" HEIGHT="30" WC="0.96" CONTENT="Med"/><SP WIDTH="23" VPOS="1592" HPOS="244"/>
							<String ID="string_241" HPOS="267" VPOS="1590" WIDTH="188" HEIGHT="39" WC="0.96" CONTENT="anledning"/><SP WIDTH="22" VPOS="1590" HPOS="455"/>
							<String ID="string_242" HPOS="477" VPOS="1599" WIDTH="41" HEIGHT="20" WC="0.96" CONTENT="av"/><SP WIDTH="22" VPOS="1599" HPOS="518"/>
							<String ID="string_243" HPOS="540" VPOS="1589" WIDTH="59" HEIGHT="29" WC="0.96" CONTENT="det"/><SP WIDTH="22" VPOS="1589" HPOS="599"/>
							<String ID="string_244" HPOS="621" VPOS="1597" WIDTH="42" HEIGHT="20" WC="0.93" CONTENT="av"/><SP WIDTH="22" VPOS="1597" HPOS="663"/>
							<String ID="string_245" HPOS="685" VPOS="1585" WIDTH="263" HEIGHT="31" WC="0.91" CONTENT="sakrevisionen"/><SP WIDTH="21" VPOS="1585" HPOS="948"/>
							<String ID="string_246" HPOS="969" VPOS="1582" WIDTH="124" HEIGHT="40" WC="0.96" CONTENT="gjorda"/><SP WIDTH="23" VPOS="1582" HPOS="1093"/>
							<String ID="string_247" HPOS="1116" VPOS="1579" WIDTH="220" HEIGHT="42" WC="0.96" CONTENT="påpekandet"/><SP WIDTH="23" VPOS="1579" HPOS="1336"/>
							<String ID="string_248" HPOS="1359" VPOS="1578" WIDTH="58" HEIGHT="30" WC="0.96" CONTENT="vill"/><SP WIDTH="23" VPOS="1578" HPOS="1417"/>
							<String ID="string_249" HPOS="1440" VPOS="1576" WIDTH="172" HEIGHT="30" WC="0.95" CONTENT="utskottet"/>
						</TextLine>
						<TextLine ID="line_26" HPOS="125" VPOS="1629" WIDTH="1488" HEIGHT="50">
							<String ID="string_250" HPOS="125" VPOS="1645" WIDTH="133" HEIGHT="34" WC="0.96" CONTENT="anföra,"/><SP WIDTH="21" VPOS="1645" HPOS="258"/>
							<String ID="string_251" HPOS="279" VPOS="1646" WIDTH="50" HEIGHT="28" WC="0.96" CONTENT="att"/><SP WIDTH="19" VPOS="1646" HPOS="329"/>
							<String ID="string_252" HPOS="348" VPOS="1644" WIDTH="58" HEIGHT="29" WC="0.96" CONTENT="det"/><SP WIDTH="19" VPOS="1644" HPOS="406"/>
							<String ID="string_253" HPOS="425" VPOS="1643" WIDTH="96" HEIGHT="29" WC="0.96" CONTENT="torde"/><SP WIDTH="19" VPOS="1643" HPOS="521"/>
							<String ID="string_254" HPOS="540" VPOS="1642" WIDTH="85" HEIGHT="29" WC="0.93" CONTENT="böra"/><SP WIDTH="20" VPOS="1642" HPOS="625"/>
							<String ID="string_255" HPOS="645" VPOS="1640" WIDTH="189" HEIGHT="30" WC="0.91" CONTENT="ankomma"/><SP WIDTH="20" VPOS="1640" HPOS="834"/>
							<String ID="string_256" HPOS="854" VPOS="1638" WIDTH="44" HEIGHT="39" WC="0.96" CONTENT="på"/><SP WIDTH="19" VPOS="1638" HPOS="898"/>
							<String ID="string_257" HPOS="917" VPOS="1636" WIDTH="126" HEIGHT="39" WC="0.95" CONTENT="Kungl."/><SP WIDTH="21" VPOS="1636" HPOS="1043"/>
							<String ID="string_258" HPOS="1064" VPOS="1634" WIDTH="106" HEIGHT="39" WC="0.96" CONTENT="Maj:t"/><SP WIDTH="20" VPOS="1634" HPOS="1170"/>
							<String ID="string_259" HPOS="1190" VPOS="1635" WIDTH="49" HEIGHT="28" WC="0.96" CONTENT="att"/><SP WIDTH="19" VPOS="1635" HPOS="1239"/>
							<String ID="string_260" HPOS="1258" VPOS="1633" WIDTH="109" HEIGHT="40" WC="0.96" CONTENT="pröva"/><SP WIDTH="19" VPOS="1633" HPOS="1367"/>
							<String ID="string_261" HPOS="1386" VPOS="1631" WIDTH="66" HEIGHT="29" WC="0.96" CONTENT="den"/><SP WIDTH="20" VPOS="1631" HPOS="1452"/>
							<String ID="string_262" HPOS="1472" VPOS="1639" WIDTH="41" HEIGHT="21" WC="0.93" CONTENT="av"/><SP WIDTH="21" VPOS="1639" HPOS="1513"/>
							<String ID="string_263" HPOS="1534" VPOS="1629" WIDTH="79" HEIGHT="29" WC="0.93" CONTENT="sak-"/>
						</TextLine>
						<TextLine ID="line_27" HPOS="125" VPOS="1682" WIDTH="1487" HEIGHT="52">
							<String ID="string_264" HPOS="125" VPOS="1699" WIDTH="196" HEIGHT="30" WC="0.96" CONTENT="revisionen"/><SP WIDTH="25" VPOS="1699" HPOS="321"/>
							<String ID="string_265" HPOS="346" VPOS="1697" WIDTH="123" HEIGHT="29" WC="0.96" CONTENT="väckta"/><SP WIDTH="27" VPOS="1697" HPOS="469"/>
							<String ID="string_266" HPOS="496" VPOS="1695" WIDTH="126" HEIGHT="39" WC="0.96" CONTENT="frågan"/><SP WIDTH="24" VPOS="1695" HPOS="622"/>
							<String ID="string_267" HPOS="646" VPOS="1694" WIDTH="11" HEIGHT="29" WC="0.96" CONTENT="i"/><SP WIDTH="25" VPOS="1694" HPOS="657"/>
							<String ID="string_268" HPOS="682" VPOS="1693" WIDTH="65" HEIGHT="30" WC="0.96" CONTENT="vad"/><SP WIDTH="26" VPOS="1693" HPOS="747"/>
							<String ID="string_269" HPOS="773" VPOS="1692" WIDTH="68" HEIGHT="29" WC="0.95" CONTENT="den"/><SP WIDTH="26" VPOS="1692" HPOS="841"/>
							<String ID="string_270" HPOS="867" VPOS="1699" WIDTH="98" HEIGHT="21" WC="0.95" CONTENT="avser"/><SP WIDTH="25" VPOS="1699" HPOS="965"/>
							<String ID="string_271" HPOS="990" VPOS="1688" WIDTH="127" HEIGHT="31" WC="0.95" CONTENT="hittills"/><SP WIDTH="26" VPOS="1688" HPOS="1117"/>
							<String ID="string_272" HPOS="1143" VPOS="1686" WIDTH="122" HEIGHT="40" WC="0.96" CONTENT="gjorda"/><SP WIDTH="27" VPOS="1686" HPOS="1265"/>
							<String ID="string_273" HPOS="1292" VPOS="1684" WIDTH="268" HEIGHT="38" WC="0.96" CONTENT="utbetalningar."/><SP WIDTH="39" VPOS="1684" HPOS="1560"/>
							<String ID="string_274" HPOS="1599" VPOS="1682" WIDTH="13" HEIGHT="28" WC="0.96" CONTENT="I"/>
						</TextLine>
						<TextLine ID="line_28" HPOS="125" VPOS="1735" WIDTH="1487" HEIGHT="47">
							<String ID="string_275" HPOS="125" VPOS="1751" WIDTH="169" HEIGHT="31" WC="0.96" CONTENT="samband"/><SP WIDTH="32" VPOS="1751" HPOS="294"/>
							<String ID="string_276" HPOS="326" VPOS="1750" WIDTH="79" HEIGHT="30" WC="0.96" CONTENT="med"/><SP WIDTH="31" VPOS="1750" HPOS="405"/>
							<String ID="string_277" HPOS="436" VPOS="1749" WIDTH="53" HEIGHT="30" WC="0.96" CONTENT="sin"/><SP WIDTH="30" VPOS="1749" HPOS="489"/>
							<String ID="string_278" HPOS="519" VPOS="1747" WIDTH="212" HEIGHT="31" WC="0.96" CONTENT="hemställan"/><SP WIDTH="30" VPOS="1747" HPOS="731"/>
							<String ID="string_279" HPOS="761" VPOS="1754" WIDTH="58" HEIGHT="21" WC="0.92" CONTENT="om"/><SP WIDTH="32" VPOS="1754" HPOS="819"/>
							<String ID="string_280" HPOS="851" VPOS="1743" WIDTH="189" HEIGHT="31" WC="0.90" CONTENT="anvisande"/><SP WIDTH="32" VPOS="1743" HPOS="1040"/>
							<String ID="string_281" HPOS="1072" VPOS="1751" WIDTH="42" HEIGHT="20" WC="0.96" CONTENT="av"/><SP WIDTH="31" VPOS="1751" HPOS="1114"/>
							<String ID="string_282" HPOS="1145" VPOS="1739" WIDTH="227" HEIGHT="31" WC="0.95" CONTENT="förevarande"/><SP WIDTH="32" VPOS="1739" HPOS="1372"/>
							<String ID="string_283" HPOS="1404" VPOS="1737" WIDTH="120" HEIGHT="38" WC="0.95" CONTENT="anslag"/><SP WIDTH="29" VPOS="1737" HPOS="1524"/>
							<String ID="string_284" HPOS="1553" VPOS="1735" WIDTH="59" HEIGHT="30" WC="0.94" CONTENT="vill"/>
						</TextLine>
						<TextLine ID="line_29" HPOS="126" VPOS="1789" WIDTH="1488" HEIGHT="46">
							<String ID="string_285" HPOS="126" VPOS="1806" WIDTH="169" HEIGHT="29" WC="0.96" CONTENT="utskottet"/><SP WIDTH="28" VPOS="1806" HPOS="295"/>
							<String ID="string_286" HPOS="323" VPOS="1803" WIDTH="90" HEIGHT="30" WC="0.96" CONTENT="dock"/><SP WIDTH="28" VPOS="1803" HPOS="413"/>
							<String ID="string_287" HPOS="441" VPOS="1803" WIDTH="44" HEIGHT="28" WC="0.95" CONTENT="ha"/><SP WIDTH="29" VPOS="1803" HPOS="485"/>
							<String ID="string_288" HPOS="514" VPOS="1801" WIDTH="138" HEIGHT="33" WC="0.96" CONTENT="uttalat,"/><SP WIDTH="29" VPOS="1801" HPOS="652"/>
							<String ID="string_289" HPOS="681" VPOS="1801" WIDTH="50" HEIGHT="28" WC="0.93" CONTENT="att"/><SP WIDTH="28" VPOS="1801" HPOS="731"/>
							<String ID="string_290" HPOS="759" VPOS="1795" WIDTH="412" HEIGHT="39" WC="0.89" CONTENT="civilförsvarsstyrelsen"/><SP WIDTH="27" VPOS="1795" HPOS="1171"/>
							<String ID="string_291" HPOS="1198" VPOS="1794" WIDTH="11" HEIGHT="28" WC="0.96" CONTENT="i"/><SP WIDTH="29" VPOS="1794" HPOS="1209"/>
							<String ID="string_292" HPOS="1238" VPOS="1792" WIDTH="54" HEIGHT="30" WC="0.96" CONTENT="sin"/><SP WIDTH="30" VPOS="1792" HPOS="1292"/>
							<String ID="string_293" HPOS="1322" VPOS="1790" WIDTH="165" HEIGHT="31" WC="0.92" CONTENT="framtida"/><SP WIDTH="28" VPOS="1790" HPOS="1487"/>
							<String ID="string_294" HPOS="1515" VPOS="1789" WIDTH="99" HEIGHT="30" WC="0.92" CONTENT="verk-"/>
						</TextLine>
						<TextLine ID="line_30" HPOS="127" VPOS="1841" WIDTH="1490" HEIGHT="52">
							<String ID="string_295" HPOS="127" VPOS="1859" WIDTH="134" HEIGHT="30" WC="0.96" CONTENT="samhet"/><SP WIDTH="25" VPOS="1859" HPOS="261"/>
							<String ID="string_296" HPOS="286" VPOS="1858" WIDTH="62" HEIGHT="29" WC="0.96" CONTENT="bör"/><SP WIDTH="25" VPOS="1858" HPOS="348"/>
							<String ID="string_297" HPOS="373" VPOS="1856" WIDTH="133" HEIGHT="34" WC="0.96" CONTENT="beakta,"/><SP WIDTH="27" VPOS="1856" HPOS="506"/>
							<String ID="string_298" HPOS="533" VPOS="1857" WIDTH="51" HEIGHT="27" WC="0.96" CONTENT="att"/><SP WIDTH="26" VPOS="1857" HPOS="584"/>
							<String ID="string_299" HPOS="610" VPOS="1853" WIDTH="168" HEIGHT="40" WC="0.96" CONTENT="styrelsen"/><SP WIDTH="24" VPOS="1853" HPOS="778"/>
							<String ID="string_300" HPOS="802" VPOS="1852" WIDTH="75" HEIGHT="28" WC="0.96" CONTENT="icke"/><SP WIDTH="27" VPOS="1852" HPOS="877"/>
							<String ID="string_301" HPOS="904" VPOS="1851" WIDTH="78" HEIGHT="37" WC="0.96" CONTENT="äger"/><SP WIDTH="26" VPOS="1851" HPOS="982"/>
							<String ID="string_302" HPOS="1008" VPOS="1849" WIDTH="192" HEIGHT="29" WC="0.96" CONTENT="åsidosätta"/><SP WIDTH="24" VPOS="1849" HPOS="1200"/>
							<String ID="string_303" HPOS="1224" VPOS="1844" WIDTH="261" HEIGHT="31" WC="0.96" CONTENT="bestämmelser"/><SP WIDTH="27" VPOS="1844" HPOS="1485"/>
							<String ID="string_304" HPOS="1512" VPOS="1844" WIDTH="10" HEIGHT="29" WC="0.96" CONTENT="i"/><SP WIDTH="26" VPOS="1844" HPOS="1522"/>
							<String ID="string_305" HPOS="1548" VPOS="1841" WIDTH="69" HEIGHT="40" WC="0.92" CONTENT="gäl-"/>
						</TextLine>
						<TextLine ID="line_31" HPOS="128" VPOS="1912" WIDTH="187" HEIGHT="37">
							<String ID="string_306" HPOS="128" VPOS="1912" WIDTH="100" HEIGHT="29" WC="0.95" CONTENT="lande"/><SP WIDTH="22" VPOS="1912" HPOS="228"/>
							<String ID="string_307" HPOS="250" VPOS="1912" WIDTH="65" HEIGHT="37" WC="0.95" CONTENT="lag."/>
						</TextLine>
					</TextBlock>
					<TextBlock ID="block_5" HPOS="128" VPOS="1948" WIDTH="1489" HEIGHT="109">
						<TextLine ID="line_32" HPOS="173" VPOS="1948" WIDTH="1444" HEIGHT="54">
							<String ID="string_308" HPOS="173" VPOS="1965" WIDTH="114" HEIGHT="29" WC="0.96" CONTENT="Under"/><SP WIDTH="22" VPOS="1965" HPOS="287"/>
							<String ID="string_309" HPOS="309" VPOS="1962" WIDTH="218" HEIGHT="40" WC="0.96" CONTENT="åberopande"/><SP WIDTH="22" VPOS="1962" HPOS="527"/>
							<String ID="string_310" HPOS="549" VPOS="1970" WIDTH="42" HEIGHT="20" WC="0.96" CONTENT="av"/><SP WIDTH="21" VPOS="1970" HPOS="591"/>
							<String ID="string_311" HPOS="612" VPOS="1960" WIDTH="56" HEIGHT="29" WC="0.96" CONTENT="det"/><SP WIDTH="21" VPOS="1960" HPOS="668"/>
							<String ID="string_312" HPOS="689" VPOS="1958" WIDTH="149" HEIGHT="30" WC="0.96" CONTENT="anförda"/><SP WIDTH="22" VPOS="1958" HPOS="838"/>
							<String ID="string_313" HPOS="860" VPOS="1957" WIDTH="63" HEIGHT="29" WC="0.96" CONTENT="och"/><SP WIDTH="21" VPOS="1957" HPOS="923"/>
							<String ID="string_314" HPOS="944" VPOS="1956" WIDTH="43" HEIGHT="29" WC="0.96" CONTENT="då"/><SP WIDTH="21" VPOS="1956" HPOS="987"/>
							<String ID="string_315" HPOS="1008" VPOS="1955" WIDTH="172" HEIGHT="29" WC="0.96" CONTENT="utskottet"/><SP WIDTH="20" VPOS="1955" HPOS="1180"/>
							<String ID="string_316" HPOS="1200" VPOS="1953" WIDTH="75" HEIGHT="29" WC="0.96" CONTENT="icke"/><SP WIDTH="22" VPOS="1953" HPOS="1275"/>
							<String ID="string_317" HPOS="1297" VPOS="1951" WIDTH="60" HEIGHT="30" WC="0.96" CONTENT="vill"/><SP WIDTH="22" VPOS="1951" HPOS="1357"/>
							<String ID="string_318" HPOS="1379" VPOS="1951" WIDTH="165" HEIGHT="29" WC="0.95" CONTENT="motsätta"/><SP WIDTH="23" VPOS="1951" HPOS="1544"/>
							<String ID="string_319" HPOS="1567" VPOS="1948" WIDTH="50" HEIGHT="39" WC="0.95" CONTENT="sig"/>
						</TextLine>
						<TextLine ID="line_33" HPOS="128" VPOS="2010" WIDTH="851" HEIGHT="47">
							<String ID="string_320" HPOS="128" VPOS="2017" WIDTH="124" HEIGHT="40" WC="0.95" CONTENT="Kungl."/><SP WIDTH="23" VPOS="2017" HPOS="252"/>
							<String ID="string_321" HPOS="275" VPOS="2016" WIDTH="125" HEIGHT="39" WC="0.96" CONTENT="Maj:ts"/><SP WIDTH="22" VPOS="2016" HPOS="400"/>
							<String ID="string_322" HPOS="422" VPOS="2015" WIDTH="130" HEIGHT="39" WC="0.96" CONTENT="förslag"/><SP WIDTH="22" VPOS="2015" HPOS="552"/>
							<String ID="string_323" HPOS="574" VPOS="2012" WIDTH="202" HEIGHT="31" WC="0.96" CONTENT="hemställer"/><SP WIDTH="23" VPOS="2012" HPOS="776"/>
							<String ID="string_324" HPOS="799" VPOS="2010" WIDTH="180" HEIGHT="33" WC="0.96" CONTENT="utskottet,"/>
						</TextLine>
					</TextBlock>
					<TextBlock ID="block_6" HPOS="439" VPOS="2055" WIDTH="1180" HEIGHT="207">
						<TextLine ID="line_34" HPOS="482" VPOS="2055" WIDTH="1136" HEIGHT="50">
							<String ID="string_325" HPOS="482" VPOS="2070" WIDTH="51" HEIGHT="28" WC="0.96" CONTENT="att"/><SP WIDTH="29" VPOS="2070" HPOS="533"/>
							<String ID="string_326" HPOS="562" VPOS="2066" WIDTH="187" HEIGHT="39" WC="0.96" CONTENT="riksdagen"/><SP WIDTH="28" VPOS="2066" HPOS="749"/>
							<String ID="string_327" HPOS="777" VPOS="2065" WIDTH="58" HEIGHT="29" WC="0.96" CONTENT="må"/><SP WIDTH="29" VPOS="2065" HPOS="835"/>
							<String ID="string_328" HPOS="864" VPOS="2064" WIDTH="77" HEIGHT="29" WC="0.95" CONTENT="med"/><SP WIDTH="29" VPOS="2064" HPOS="941"/>
							<String ID="string_329" HPOS="970" VPOS="2061" WIDTH="99" HEIGHT="30" WC="0.95" CONTENT="bifall"/><SP WIDTH="30" VPOS="2061" HPOS="1069"/>
							<String ID="string_330" HPOS="1099" VPOS="2061" WIDTH="52" HEIGHT="30" WC="0.96" CONTENT="till"/><SP WIDTH="30" VPOS="2061" HPOS="1151"/>
							<String ID="string_331" HPOS="1181" VPOS="2057" WIDTH="124" HEIGHT="41" WC="0.95" CONTENT="Kungl."/><SP WIDTH="30" VPOS="2057" HPOS="1305"/>
							<String ID="string_332" HPOS="1335" VPOS="2057" WIDTH="123" HEIGHT="39" WC="0.96" CONTENT="Maj:ts"/><SP WIDTH="29" VPOS="2057" HPOS="1458"/>
							<String ID="string_333" HPOS="1487" VPOS="2055" WIDTH="131" HEIGHT="38" WC="0.95" CONTENT="förslag"/>
						</TextLine>
						<TextLine ID="line_35" HPOS="441" VPOS="2108" WIDTH="1177" HEIGHT="49">
							<String ID="string_334" HPOS="441" VPOS="2124" WIDTH="89" HEIGHT="27" WC="0.96" CONTENT="samt"/><SP WIDTH="27" VPOS="2124" HPOS="530"/>
							<String ID="string_335" HPOS="557" VPOS="2121" WIDTH="78" HEIGHT="28" WC="0.96" CONTENT="med"/><SP WIDTH="26" VPOS="2121" HPOS="635"/>
							<String ID="string_336" HPOS="661" VPOS="2118" WIDTH="118" HEIGHT="39" WC="0.93" CONTENT="avslag"/><SP WIDTH="25" VPOS="2118" HPOS="779"/>
							<String ID="string_337" HPOS="804" VPOS="2118" WIDTH="20" HEIGHT="29" WC="0.92" CONTENT="å"/><SP WIDTH="26" VPOS="2118" HPOS="824"/>
							<String ID="string_338" HPOS="850" VPOS="2116" WIDTH="218" HEIGHT="30" WC="0.96" CONTENT="motionerna"/><SP WIDTH="28" VPOS="2116" HPOS="1068"/>
							<String ID="string_339" HPOS="1096" VPOS="2114" WIDTH="28" HEIGHT="29" WC="0.27" CONTENT="I:"/><SP WIDTH="17" VPOS="2114" HPOS="1124"/>
							<String ID="string_340" HPOS="1141" VPOS="2113" WIDTH="61" HEIGHT="29" WC="0.27" CONTENT="315"/><SP WIDTH="27" VPOS="2113" HPOS="1202"/>
							<String ID="string_341" HPOS="1229" VPOS="2112" WIDTH="65" HEIGHT="29" WC="0.95" CONTENT="och"/><SP WIDTH="27" VPOS="2112" HPOS="1294"/>
							<String ID="string_342" HPOS="1321" VPOS="2111" WIDTH="45" HEIGHT="29" WC="0.55" CONTENT="II:"/><SP WIDTH="17" VPOS="2111" HPOS="1366"/>
							<String ID="string_343" HPOS="1383" VPOS="2111" WIDTH="61" HEIGHT="29" WC="0.55" CONTENT="395"/><SP WIDTH="27" VPOS="2111" HPOS="1444"/>
							<String ID="string_344" HPOS="1471" VPOS="2109" WIDTH="52" HEIGHT="30" WC="0.93" CONTENT="till"/><SP WIDTH="28" VPOS="2109" HPOS="1523"/>
							<String ID="string_345" HPOS="1551" VPOS="2108" WIDTH="67" HEIGHT="29" WC="0.92" CONTENT="En-"/>
						</TextLine>
						<TextLine ID="line_36" HPOS="439" VPOS="2160" WIDTH="1180" HEIGHT="53">
							<String ID="string_346" HPOS="439" VPOS="2171" WIDTH="342" HEIGHT="42" WC="0.91" CONTENT="gångsanskaffning"/><SP WIDTH="18" VPOS="2171" HPOS="781"/>
							<String ID="string_347" HPOS="799" VPOS="2180" WIDTH="44" HEIGHT="20" WC="0.96" CONTENT="av"/><SP WIDTH="21" VPOS="2180" HPOS="843"/>
							<String ID="string_348" HPOS="864" VPOS="2167" WIDTH="157" HEIGHT="32" WC="0.96" CONTENT="materiel"/><SP WIDTH="19" VPOS="2167" HPOS="1021"/>
							<String ID="string_349" HPOS="1040" VPOS="2168" WIDTH="56" HEIGHT="29" WC="0.96" CONTENT="för"/><SP WIDTH="19" VPOS="2168" HPOS="1096"/>
							<String ID="string_350" HPOS="1115" VPOS="2165" WIDTH="203" HEIGHT="40" WC="0.93" CONTENT="budgetåret"/><SP WIDTH="22" VPOS="2165" HPOS="1318"/>
							<String ID="string_351" HPOS="1340" VPOS="2163" WIDTH="135" HEIGHT="43" WC="0.91" CONTENT="1954/55"/><SP WIDTH="23" VPOS="2163" HPOS="1475"/>
							<String ID="string_352" HPOS="1498" VPOS="2160" WIDTH="121" HEIGHT="32" WC="0.96" CONTENT="anvisa"/>
						</TextLine>
						<TextLine ID="line_37" HPOS="440" VPOS="2219" WIDTH="850" HEIGHT="43">
							<String ID="string_353" HPOS="440" VPOS="2229" WIDTH="47" HEIGHT="27" WC="0.93" CONTENT="ett"/><SP WIDTH="23" VPOS="2229" HPOS="487"/>
							<String ID="string_354" HPOS="510" VPOS="2223" WIDTH="358" HEIGHT="39" WC="0.91" CONTENT="reservationsanslag"/><SP WIDTH="23" VPOS="2223" HPOS="868"/>
							<String ID="string_355" HPOS="891" VPOS="2232" WIDTH="41" HEIGHT="20" WC="0.96" CONTENT="av"/><SP WIDTH="23" VPOS="2232" HPOS="932"/>
							<String ID="string_356" HPOS="955" VPOS="2222" WIDTH="15" HEIGHT="28" WC="0.90" CONTENT="7"/><SP WIDTH="18" VPOS="2222" HPOS="970"/>
							<String ID="string_357" HPOS="988" VPOS="2220" WIDTH="62" HEIGHT="30" WC="0.90" CONTENT="700"/><SP WIDTH="15" VPOS="2220" HPOS="1050"/>
							<String ID="string_358" HPOS="1065" VPOS="2220" WIDTH="63" HEIGHT="29" WC="0.96" CONTENT="000"/><SP WIDTH="23" VPOS="2220" HPOS="1128"/>
							<String ID="string_359" HPOS="1151" VPOS="2219" WIDTH="139" HEIGHT="29" WC="0.96" CONTENT="kronor."/>
						</TextLine>
					</TextBlock>
				</ComposedBlock>
				<ComposedBlock ID="cblock_3" HPOS="133" VPOS="2319" WIDTH="1488" HEIGHT="154">
					<TextBlock ID="block_7" HPOS="133" VPOS="2319" WIDTH="1488" HEIGHT="154">
						<TextLine ID="line_38" HPOS="177" VPOS="2319" WIDTH="1444" HEIGHT="49">
							<String ID="string_360" HPOS="177" VPOS="2335" WIDTH="113" HEIGHT="32" WC="0.45" CONTENT="171:0)"/><SP WIDTH="28" VPOS="2335" HPOS="290"/>
							<String ID="string_361" HPOS="318" VPOS="2332" WIDTH="109" HEIGHT="36" WC="0.96" CONTENT="Inköp"/><SP WIDTH="31" VPOS="2332" HPOS="427"/>
							<String ID="string_362" HPOS="458" VPOS="2341" WIDTH="41" HEIGHT="19" WC="0.93" CONTENT="av"/><SP WIDTH="32" VPOS="2341" HPOS="499"/>
							<String ID="string_363" HPOS="531" VPOS="2328" WIDTH="277" HEIGHT="30" WC="0.88" CONTENT="brandmateriel."/><SP WIDTH="32" VPOS="2328" HPOS="808"/>
							<String ID="string_364" HPOS="840" VPOS="2328" WIDTH="12" HEIGHT="28" WC="0.96" CONTENT="I"/><SP WIDTH="33" VPOS="2328" HPOS="852"/>
							<String ID="string_365" HPOS="885" VPOS="2326" WIDTH="151" HEIGHT="38" WC="0.96" CONTENT="enlighet"/><SP WIDTH="33" VPOS="2326" HPOS="1036"/>
							<String ID="string_366" HPOS="1069" VPOS="2324" WIDTH="80" HEIGHT="29" WC="0.96" CONTENT="med"/><SP WIDTH="30" VPOS="2324" HPOS="1149"/>
							<String ID="string_367" HPOS="1179" VPOS="2322" WIDTH="124" HEIGHT="39" WC="0.95" CONTENT="Kungl."/><SP WIDTH="31" VPOS="2322" HPOS="1303"/>
							<String ID="string_368" HPOS="1334" VPOS="2321" WIDTH="122" HEIGHT="39" WC="0.95" CONTENT="Maj:ts"/><SP WIDTH="34" VPOS="2321" HPOS="1456"/>
							<String ID="string_369" HPOS="1490" VPOS="2319" WIDTH="131" HEIGHT="37" WC="0.96" CONTENT="förslag"/>
						</TextLine>
						<TextLine ID="line_39" HPOS="139" VPOS="2372" WIDTH="1482" HEIGHT="56">
							<String ID="string_370" HPOS="139" VPOS="2388" WIDTH="128" HEIGHT="40" WC="0.96" CONTENT="(punkt"/><SP WIDTH="22" VPOS="2388" HPOS="267"/>
							<String ID="string_371" HPOS="289" VPOS="2387" WIDTH="73" HEIGHT="33" WC="0.92" CONTENT="210,"/><SP WIDTH="23" VPOS="2387" HPOS="362"/>
							<String ID="string_372" HPOS="385" VPOS="2396" WIDTH="25" HEIGHT="20" WC="0.92" CONTENT="s."/><SP WIDTH="22" VPOS="2396" HPOS="410"/>
							<String ID="string_373" HPOS="432" VPOS="2385" WIDTH="61" HEIGHT="30" WC="0.96" CONTENT="403"/><SP WIDTH="22" VPOS="2385" HPOS="493"/>
							<String ID="string_374" HPOS="515" VPOS="2385" WIDTH="64" HEIGHT="29" WC="0.96" CONTENT="och"/><SP WIDTH="22" VPOS="2385" HPOS="579"/>
							<String ID="string_375" HPOS="601" VPOS="2382" WIDTH="95" HEIGHT="34" WC="0.96" CONTENT="404),"/><SP WIDTH="22" VPOS="2382" HPOS="696"/>
							<String ID="string_376" HPOS="718" VPOS="2381" WIDTH="107" HEIGHT="30" WC="0.96" CONTENT="vilket"/><SP WIDTH="22" VPOS="2381" HPOS="825"/>
							<String ID="string_377" HPOS="847" VPOS="2380" WIDTH="144" HEIGHT="29" WC="0.96" CONTENT="innebär"/><SP WIDTH="21" VPOS="2380" HPOS="991"/>
							<String ID="string_378" HPOS="1012" VPOS="2388" WIDTH="42" HEIGHT="19" WC="0.94" CONTENT="en"/><SP WIDTH="24" VPOS="2388" HPOS="1054"/>
							<String ID="string_379" HPOS="1078" VPOS="2377" WIDTH="203" HEIGHT="38" WC="0.95" CONTENT="minskning"/><SP WIDTH="21" VPOS="2377" HPOS="1281"/>
							<String ID="string_380" HPOS="1302" VPOS="2385" WIDTH="42" HEIGHT="20" WC="0.96" CONTENT="av"/><SP WIDTH="22" VPOS="2385" HPOS="1344"/>
							<String ID="string_381" HPOS="1366" VPOS="2373" WIDTH="154" HEIGHT="39" WC="0.96" CONTENT="anslaget"/><SP WIDTH="23" VPOS="2373" HPOS="1520"/>
							<String ID="string_382" HPOS="1543" VPOS="2372" WIDTH="78" HEIGHT="29" WC="0.96" CONTENT="med"/>
						</TextLine>
						<TextLine ID="line_40" HPOS="133" VPOS="2435" WIDTH="727" HEIGHT="38">
							<String ID="string_383" HPOS="133" VPOS="2442" WIDTH="62" HEIGHT="30" WC="0.96" CONTENT="800"/><SP WIDTH="15" VPOS="2442" HPOS="195"/>
							<String ID="string_384" HPOS="210" VPOS="2441" WIDTH="62" HEIGHT="29" WC="0.96" CONTENT="000"/><SP WIDTH="22" VPOS="2441" HPOS="272"/>
							<String ID="string_385" HPOS="294" VPOS="2441" WIDTH="140" HEIGHT="32" WC="0.96" CONTENT="kronor,"/><SP WIDTH="21" VPOS="2441" HPOS="434"/>
							<String ID="string_386" HPOS="455" VPOS="2436" WIDTH="202" HEIGHT="32" WC="0.96" CONTENT="hemställer"/><SP WIDTH="22" VPOS="2436" HPOS="657"/>
							<String ID="string_387" HPOS="679" VPOS="2435" WIDTH="181" HEIGHT="33" WC="0.96" CONTENT="utskottet,"/>
						</TextLine>
					</TextBlock>
				</ComposedBlock>
			</PrintSpace>
		</Page>
	</Layout>
</alto>
