1868 2778
532 148 285 31 Statsutskottets
841 145 179 30 utlåtande
1043 154 40 20 nr
1109 145 48 28 11.
1551 141 39 29 93

104 232 81 39 ning
213 241 41 20 av
282 230 301 39 könssjukdomar
611 228 54 29 för
693 226 205 39 budgetåret
928 225 136 43 1954/55
1094 224 119 29 anvisa
1242 226 48 26 ett
1319 221 271 40 förslagsanslag

104 295 40 19 av
167 285 93 29 1000
275 284 63 30 000
359 284 141 29 kronor.

149 392 164 38 Anslaget
337 392 37 28 är
397 391 11 28 i
430 389 159 39 gällande
613 388 144 29 riksstat
781 386 143 39 uppfört
948 385 79 29 med
1050 385 62 29 900
1127 384 62 29 000
1213 384 140 28 kronor.

149 445 139 29 Antalet
323 443 212 40 nyanmälda
570 442 60 29 fall
664 450 42 20 av
738 439 260 39 könssjukdom
1033 439 10 28 i
1078 437 190 30 smittsamt
1303 436 102 30 skede
1440 434 152 40 uppgick

106 499 38 28 år
174 497 83 31 1949
285 497 52 30 till
369 496 126 34 10429,
524 496 38 29 år
593 495 81 29 1950
703 493 52 30 till
787 493 38 29 10
840 493 73 33 675,
942 492 38 30 år
1011 491 80 30 1951
1121 490 52 30 till
1204 490 39 29 13
1258 489 73 34 833,
1360 489 38 29 år
1428 488 83 30 1952
1540 487 51 30 till

108 552 37 28 15
161 551 63 30 234
244 553 91 27 samt
354 550 111 30 under
485 549 111 29 första
615 547 157 30 halvåret
794 546 83 30 1953
897 546 51 29 till
970 546 18 29 6
1003 545 61 29 527
1086 544 72 29 fall.
1179 542 413 40 Sjukdomsfrekvensen,

106 604 115 30 vilken
244 604 112 30 under
378 603 41 29 de
443 604 135 28 senaste
602 601 83 30 åren
708 600 141 30 företett
871 599 122 30 endast
1016 597 195 40 obetydliga
1235 596 243 38 svängningar,
1501 595 92 29 visar

108 668 45 20 nu
182 668 43 20 en
253 657 162 31 definitiv
444 656 146 30 tendens
620 657 49 27 att
698 654 77 30 öka.
806 653 102 30 Detta
937 652 106 40 gäller
1074 651 140 30 särskilt
1244 649 156 40 gonorré.
1431 648 163 30 Erfaren-

107 711 143 29 heterna
275 710 80 30 från
381 709 136 39 Sverige
542 709 64 29 och
631 708 79 29 från
734 707 111 29 andra
869 705 120 30 länder
1014 704 263 30 sammanfaller
1301 703 73 29 här.

150 764 53 30 Nu
226 763 161 40 gällande
411 762 152 40 grunder
587 762 54 29 för
665 760 195 38 ersättning
883 759 52 30 till
959 759 129 33 läkare,
1114 767 74 20 som
1212 757 96 29 utför
1331 755 263 37 undersökning

107 818 82 29 eller
212 816 213 39 behandling
449 816 107 39 enligt
579 816 54 29 lex
656 815 147 32 veneris,
829 814 37 29 är
890 811 257 41 komplicerade
1171 811 65 29 och
1261 809 201 31 förorsakar
1486 808 109 30 admi-

109 871 159 30 nistrativ
289 870 149 39 omgång
457 869 58 30 vid
537 868 258 30 fastställandet
816 876 42 20 av
877 865 394 39 ersättningsbeloppen.
1293 864 13 28 I
1326 862 186 30 huvudsak
1532 862 63 28 har

109 927 103 27 taxan
231 924 91 30 varit
340 923 215 30 oförändrad
576 922 105 30 sedan
701 921 37 29 år
762 920 93 30 1933.
876 921 52 28 En
948 919 198 38 förenkling
1165 918 65 29 och
1250 918 111 29 bättre
1382 915 213 40 anpassning

109 978 52 29 till
184 978 124 29 nutida
331 975 388 39 behandlingsmetoder
743 983 103 21 anses
870 973 120 30 därför
1013 973 84 28 böra
1120 972 144 29 komma
1287 970 52 30 till
1364 969 112 30 stånd.
1501 969 95 29 Sam-

110 1031 100 39 tidigt
231 1039 103 21 anses
356 1039 42 21 en
420 1030 70 29 viss
514 1028 222 40 uppräkning
759 1037 41 20 av
823 1026 250 40 taxebeloppen
1095 1025 78 29 med
1195 1025 139 38 hänsyn
1355 1023 52 30 till
1428 1023 168 39 penning-

109 1083 365 39 värdeförsämringen
507 1082 157 38 befogad.
698 1082 72 29 Mot
804 1090 42 20 av
877 1078 359 40 medicinalstyrelsen
1270 1077 162 38 framlagt
1466 1075 131 38 förslag

110 1138 51 29 till
185 1135 488 40 ersättningsbestämmelser,
699 1144 75 20 som
798 1135 86 28 nära
908 1133 156 29 ansluter
1089 1132 49 39 sig
1162 1131 53 30 till
1239 1130 221 40 principerna
1485 1129 11 29 i
1520 1138 77 30 pro-

110 1190 343 34 vinsialläkartaxan,
481 1190 64 29 har
572 1187 385 41 departementschefen
984 1188 11 28 i
1021 1185 136 40 princip
1184 1185 88 29 intet
1299 1186 49 27 att
1375 1183 115 30 erinra
1517 1191 79 20 men

110 1244 59 29 vill
193 1244 130 30 föreslå
346 1244 68 29 den
437 1242 231 40 jämkningen
691 1242 12 29 i
727 1241 176 38 förslaget,
929 1242 49 27 att
1003 1239 182 30 återbesök
1209 1247 43 20 av
1275 1247 92 24 man,
1393 1236 139 29 lidande
1557 1245 41 19 av

111 1297 81 30 eller
221 1297 112 29 under
361 1296 221 30 observation
610 1295 53 30 för
692 1294 157 39 gonorré,
878 1295 11 28 i
916 1293 62 30 fall
1008 1293 62 29 där
1098 1292 224 38 odlingsprov
1350 1291 74 28 icke
1453 1289 144 32 utföres,

113 1351 87 29 skall
227 1351 170 29 hänföras
424 1350 51 30 till
504 1358 111 31 grupp
644 1350 17 28 2
689 1349 12 29 i
728 1350 106 27 taxan
861 1348 64 29 och
954 1346 148 30 sålunda
1129 1346 148 28 ersättas
1304 1344 79 29 med
1410 1343 20 29 4
1457 1343 140 29 kronor.

113 1404 101 39 Dylik
237 1403 263 39 undersökning
524 1403 97 29 torde
644 1401 177 39 nämligen
843 1401 121 28 kunna
987 1409 101 20 anses
1110 1408 81 19 vara
1214 1407 42 20 av
1280 1398 37 28 så
1339 1397 99 29 enkel
1461 1395 139 30 beskaf-

113 1458 128 33 fenhet,
260 1459 51 28 att
328 1457 67 29 den
411 1457 70 29 kan
498 1455 197 40 jämställas
712 1455 80 29 med
810 1453 263 38 undersökning
1090 1452 64 29 och
1171 1450 221 39 behandling,
1412 1450 53 29 för
1482 1449 117 29 vilken

113 1511 193 38 ersättning
336 1510 106 38 enligt
471 1508 400 40 provinsialläkartaxan
900 1506 101 39 utgår
1030 1506 79 28 med
1137 1504 20 29 4
1185 1505 141 28 kronor.
1355 1503 77 29 Med
1462 1502 68 29 den
1559 1511 41 19 av

113 1563 386 40 departementschefen
533 1561 184 31 förordade
750 1560 232 40 jämkningen
1015 1559 97 29 torde
1145 1558 41 29 de
1220 1567 68 29 nya
1321 1555 278 40 taxegrunderna

114 1617 157 29 medföra
293 1626 42 20 en
357 1616 130 39 ökning
509 1625 41 20 av
570 1614 242 39 belastningen
833 1614 44 39 på
897 1612 156 39 anslaget
1074 1621 41 20 av
1136 1611 97 29 cirka
1257 1610 60 30 100
1332 1610 62 29 000
1415 1609 141 29 kronor.

158 1671 77 29 Med
257 1671 139 38 hänsyn
419 1670 52 29 till
493 1669 68 29 den
584 1668 205 38 förändring
811 1676 42 20 av
874 1665 285 41 penningvärdet,
1184 1674 74 20 som
1281 1664 122 29 inträtt
1426 1663 111 28 under
1561 1662 39 28 de

116 1726 134 28 senaste
271 1724 94 33 åren,
386 1723 161 29 förordas
567 1732 42 20 en
629 1722 69 29 viss
719 1720 223 40 uppräkning
963 1729 41 20 av
1024 1718 238 38 ersättningen
1283 1717 54 29 för
1356 1717 92 29 vissa
1468 1716 132 28 labora-

115 1778 183 38 torieprov.
332 1776 248 38 Ersättningen
614 1775 53 29 för
700 1773 263 39 undersökning
996 1782 41 20 av
1069 1772 353 37 Wassermann-prov
1455 1768 147 30 föreslås

116 1831 147 29 sålunda
283 1830 85 39 höjd
389 1830 79 29 från
489 1829 18 29 3
527 1829 51 29 till
599 1828 19 29 4
638 1828 140 28 kronor.
799 1827 67 29 För
886 1824 453 41 gonokockodlingsproven
1359 1831 101 21 anses
1480 1823 122 28 ersätt-

117 1884 137 37 ningen,
280 1892 74 20 som
379 1883 23 28 f.
427 1892 32 19 n.
484 1882 100 38 utgår
608 1881 78 29 med
710 1881 17 28 5
752 1881 131 27 kronor
907 1879 53 29 för
984 1880 76 27 vart
1083 1878 64 29 och
1171 1879 48 27 ett
1243 1886 41 19 av
1307 1876 41 29 de
1372 1876 110 29 första
1509 1874 93 29 1000

116 1946 139 29 proven,
275 1937 18 28 3
311 1936 130 29 kronor
460 1935 54 29 för
532 1934 96 39 varje
646 1932 272 39 överskjutande
936 1941 86 29 prov
1039 1933 22 27 t.
1079 1940 30 20 o.
1127 1940 45 19 m.
1194 1930 37 29 10
1247 1929 62 29 000
1329 1932 89 26 samt
1437 1929 17 28 2
1473 1929 129 27 kronor

117 1991 53 28 för
191 1990 97 38 varje
310 1998 85 30 prov
416 1989 120 29 utöver
560 1988 38 28 10
613 1987 73 33 000,
707 1987 84 28 böra
813 1986 212 28 bestämmas
1047 1983 51 30 till
1120 1992 88 30 resp.
1231 1983 18 28 6
1271 1983 139 32 kronor,
1433 1981 19 29 4
1473 1982 129 28 kronor

118 2045 88 27 samt
230 2044 18 28 2
271 2043 131 28 kronor
425 2042 40 29 50
490 2042 68 28 öre.
582 2039 352 38 Kostnadsökningen
958 2038 54 28 för
1036 2035 490 38 laboratorieersättningarna
1550 2034 52 28 be-

118 2097 128 28 räknas
266 2096 51 29 till
338 2096 9 28 i
368 2097 82 27 runt
470 2095 44 28 tal
537 2094 40 29 50
593 2093 61 29 000
674 2093 141 28 kronor.
836 2091 199 38 Ändringen
1055 2090 96 29 torde
1171 2090 83 28 böra
1275 2088 97 30 träda
1393 2088 9 29 i
1423 2088 95 28 kraft
1538 2087 64 29 den

120 2150 10 27 1
160 2148 65 38 juli
254 2148 93 29 1954.

162 2201 129 29 Chefen
326 2202 53 28 för
411 2200 424 38 handelsdepartementet
867 2198 62 28 har
961 2197 56 28 vid
1050 2195 163 29 anmälan
1246 2204 40 19 av
1319 2194 283 37 anslagsbehovet

119 2255 109 28 under
257 2255 27 27 X
316 2253 221 29 huvudtiteln
568 2252 53 29 för
650 2251 204 37 budgetåret
887 2249 135 42 1954/55
1054 2248 178 37 föreslagit
1261 2256 41 20 en
1333 2246 129 29 utökad
1492 2246 114 28 hälso-

121 2307 148 28 kontroll
292 2316 41 19 av
354 2305 130 39 sjöfolk
504 2305 54 29 vid
581 2304 219 36 inskrivning
820 2303 44 38 på
885 2301 225 39 sjömanshus
1130 2300 64 29 och
1214 2299 242 39 påmönstring
1477 2308 40 19 av
1539 2299 67 27 far-

120 2363 66 35 tyg,
209 2359 241 29 innefattande
473 2358 44 29 bl.
541 2367 28 19 a.
593 2356 223 38 obligatorisk
842 2354 261 37 undersökning
1126 2352 147 29 rörande
1296 2351 309 38 könssjukdomar.

122 2414 8 27 I
158 2413 150 36 enlighet
335 2412 77 28 med
439 2411 65 29 vad
531 2410 118 29 därvid
678 2409 185 29 förutsatts
888 2416 102 20 anses
1016 2405 359 37 medelsanvisningen
1405 2404 47 29 till
1480 2404 41 28 de
1549 2404 58 28 fri-

120 2466 113 36 villiga
261 2463 448 36 läkarundersökningarna
736 2472 39 18 av
802 2461 135 38 sjömän
965 2460 40 39 på
1032 2459 145 29 svenska
1204 2458 124 38 fartyg,
1354 2467 71 18 som
1453 2457 76 29 från
1558 2459 49 26 ut-
