1888 2850
505 177 105 29 Andra
630 178 215 35 lagutskottets
866 177 159 29 utlåtande
1047 177 43 28 Nr
1110 178 48 27 40.
1539 175 37 29 17

89 260 148 29 männas
265 259 105 39 tjänst
400 269 43 21 av
472 259 166 39 fullgjord
666 258 422 41 värnpliktstjänstgöring
1117 258 91 30 hava
1238 257 10 29 i
1277 256 90 30 vissa
1397 255 62 31 fall
1488 255 92 30 med-

89 312 120 36 delats,
240 313 112 30 ehuru
384 313 124 30 endast
539 313 10 30 i
579 313 198 39 begränsad
807 312 225 38 omfattning.
1075 310 183 31 Huruvida
1292 312 47 28 ett
1371 309 113 39 dylikt
1514 308 66 31 till-

89 366 269 38 godoräknande
380 367 63 29 bör
466 367 118 29 kunna
608 367 60 29 ske
690 366 10 30 i
722 375 94 21 mera
838 365 190 31 vidsträckt
1050 363 210 39 omfattning
1282 364 39 29 är
1342 365 47 28 ett
1412 360 169 41 spörsmål

89 428 42 21 av
157 418 141 40 ömtålig
326 422 112 27 natur.
477 419 56 31 Ett
559 418 295 40 tillmötesgående
880 428 43 21 av
949 418 129 30 kraven
1104 416 45 41 på
1177 417 65 30 den
1268 416 154 39 antydda
1448 415 131 39 utvidg-

87 472 129 39 ningen
241 473 109 30 skulle
375 473 119 30 kunna
520 472 142 30 inverka
687 472 45 39 på
756 471 399 39 anställningsvillkoren
1181 470 87 30 även
1293 469 55 31 för
1373 469 170 30 anställda
1570 468 10 29 i

89 526 135 30 enskild
245 526 115 38 tjänst.

134 578 15 30 I
169 579 58 30 det
247 579 84 39 läge,
355 579 73 30 vari
450 578 208 31 hithörande
681 577 168 40 spörsmål
872 578 56 30 för
950 577 218 31 närvarande
1190 576 142 31 befinna
1357 575 60 40 sig,
1440 576 64 30 har
1525 577 51 28 ut-

90 632 127 31 skottet
242 632 75 31 icke
343 632 118 31 funnit
487 633 74 30 skäl
588 631 129 32 föreslå
741 632 187 39 riksdagen
953 633 49 29 att
1027 631 11 30 i
1065 630 188 39 anledning
1280 639 42 21 av
1349 629 228 30 förevarande

89 685 134 31 motion
251 687 81 38 göra
361 685 117 40 någon
504 686 257 39 framställning
788 685 51 30 till
868 685 123 39 Kungl.
1021 683 110 40 Maj:t.
1174 683 171 31 Utskottet
1375 682 55 31 får
1459 682 118 31 därför

88 739 192 36 hemställa,

443 804 50 28 att
512 801 178 31 motionen
711 801 45 30 II:
770 801 61 30 221
855 800 77 31 icke
953 799 106 32 måtte
1080 799 181 31 föranleda
1282 799 51 30 till
1355 797 116 41 någon
1492 798 84 30 riks-

399 856 129 38 dagens
550 854 133 40 åtgärd.

135 962 200 31 Stockholm
356 962 68 31 den
442 963 42 30 30
504 961 71 40 maj
598 962 93 31 1939.

532 1068 49 31 På
601 1069 110 31 andra
731 1069 240 39 lagutskottets
991 1069 143 38 vägnar:

656 1148 137 30 DAVID
812 1147 199 31 NORMAN.

132 1356 57 27 Vid
208 1356 143 28 ärendets
369 1355 190 35 behandling
578 1355 82 27 hava
679 1354 149 28 närvarit:

128 1417 71 28 från
226 1417 148 28 första
400 1418 195 27 kammaren:
613 1417 109 27 herrar
738 1416 148 33 Norman,
904 1413 141 37 Linder",
1063 1415 153 35 Hagman,
1233 1413 205 36 Löfvander”,
1457 1415 122 33 Linnér,

89 1462 84 28 Knut
193 1459 192 37 Petersson",
405 1462 73 27 Sten
499 1462 59 27 och
581 1461 170 33 Wistrand;

132 1523 71 28 från
223 1523 120 28 andra
362 1523 196 27 kammaren:
578 1522 113 28 fröken
710 1522 194 35 Hesselgren,
922 1521 109 28 herrar
1051 1521 137 27 Olovson
1207 1522 8 26 i
1235 1519 152 34 Västerås,
1408 1520 171 34 Molander,

88 1568 192 35 Sandström,
300 1568 214 27 Hermansson
534 1567 9 27 i
564 1567 208 35 Norrköping,
793 1564 140 30 Gardell”
956 1566 58 27 och
1035 1566 146 27 Hansson
1202 1566 9 27 i
1231 1561 117 32 Örebro
1369 1569 81 24 samt
1469 1565 111 28 fröken

91 1612 186 27 Andersson.

138 1690 14 13 +
172 1690 35 32 Ej
227 1690 179 25 närvarande
426 1690 47 25 vid
493 1689 174 26 utlåtandets
687 1689 146 32 justering.

106 2577 1 3 «
132 2560 118 37 Bihang
268 2561 45 28 till
331 2558 181 38 riksdagens
529 2559 158 37 protokoll
707 2560 83 28 1939.
818 2562 16 25 9
854 2559 87 29 saml.
970 2559 16 27 2
1004 2558 67 29 avd.
1102 2558 42 29 Nr
1162 2559 125 27 39—40.
1561 2561 18 29 2
