1890 2842
331 148 18 31 6
660 154 399 34 Jordbruksutskottets
1082 157 188 33 utlåtande
1295 160 53 32 Nr
1373 159 51 32 84.

287 226 58 32 till
368 226 482 42 tuberkulosbekämpandet,
874 233 112 31 måste
1012 234 128 32 liksom
1163 245 51 21 nu
1236 236 111 32 minst
1371 246 43 22 en
1438 238 97 37 gång
1558 239 140 37 årligen
1723 251 64 21 un-

287 278 184 33 derkastas
496 280 135 33 klinisk
656 282 267 39 undersökning
948 294 48 22 av
1022 287 190 37 veterinär,
1237 298 77 22 som
1336 288 451 41 hushållningssällskapet

286 330 155 32 anvisar.
489 332 239 32 Veterinären
754 335 93 31 skall
874 346 89 21 vara
991 338 166 35 godkänd
1182 349 47 21 av
1256 340 379 38 medicinalstyrelsen.
1680 343 106 37 Djur,

286 391 75 21 som
389 382 61 32 vid
481 383 69 32 den
579 384 158 33 kliniska
765 387 314 39 undersökningen
1108 390 214 33 misstänkes
1352 393 75 31 lida
1455 404 46 20 av
1532 394 209 33 tuberkulos
1772 397 12 30 i

285 434 214 37 smittfarlig
521 436 103 36 form,
646 437 114 32 förses
780 439 80 31 med
880 440 149 32 särskilt
1050 442 132 31 märke.
1224 443 96 32 Prov
1342 454 45 21 av
1409 445 130 31 sådant
1560 446 83 36 djur
1665 448 121 31 insän-

284 485 61 32 des
364 496 44 21 av
430 487 229 32 veterinären
682 489 57 31 för
761 490 281 38 bakteriologisk
1063 494 267 38 undersökning
1353 496 56 31 till
1430 498 138 31 statens
1589 500 195 31 veterinär-

284 537 303 38 bakteriologiska
633 541 136 32 anstalt
808 543 85 30 eller
918 543 57 31 till
1005 545 479 39 veterinärbakteriologiskt
1513 549 270 38 laboratorium,

284 598 75 21 som
382 590 372 38 medicinalstyrelsen
781 594 215 36 godkänner.
1043 596 131 32 Finnes
1202 598 85 36 djur
1315 609 88 22 vara
1429 600 165 32 behäftat
1621 603 81 31 med
1730 606 53 29 tu-

285 640 162 33 berkulos
468 642 13 31 i
504 643 215 38 smittfarlig
743 645 104 37 form,
867 646 92 32 skall
982 648 59 31 det
1063 649 207 32 nedslaktas
1293 651 96 32 inom
1411 653 38 30 14
1472 653 114 36 dagar
1609 654 92 32 efter
1724 656 59 31 det

284 693 262 32 underrättelse
573 695 123 32 därom
724 697 128 36 ingått.
897 699 271 37 Undantagsvis
1195 701 63 32 bör
1287 703 97 36 dock,
1412 714 56 21 om
1496 706 179 32 särskilda
1703 707 80 32 skäl

282 744 123 32 därtill
428 745 179 38 föreligga
631 748 64 31 och
718 748 122 37 djuret
863 750 112 32 hålles
997 751 247 38 betryggande
1265 754 155 38 isolerat,
1445 756 337 39 hushållningssäll-

281 795 124 37 skapet
427 799 71 34 äga
519 799 167 36 medgiva
707 801 156 32 anstånd
884 803 80 31 med
985 803 303 38 nedslaktningen
1307 806 97 33 intill
1426 808 78 31 dess
1527 818 62 22 sex
1609 811 173 31 månader

281 847 161 32 förflutit
470 849 86 32 från
584 851 115 36 dagen
727 852 57 31 för
813 854 296 32 underrättelsen.
1157 856 251 38 Erforderliga
1433 861 168 31 närmare
1629 861 151 32 bestäm-

280 899 125 32 melser
430 901 97 31 hava
552 904 134 30 ansetts
709 903 89 32 böra
819 905 38 31 få
881 906 181 32 meddelas
1085 917 45 22 av
1154 905 379 46 medicinalstyrelsen.

320 951 70 32 För
416 955 228 31 närvarande
674 956 110 36 utgår
813 957 76 31 icke
918 959 204 38 ersättning
1150 970 45 21 av
1225 962 208 32 statsmedel
1460 963 58 36 för
1547 965 233 32 nedslaktade

277 1002 239 39 smiltfarliga
553 1006 85 36 djur
684 1009 114 30 annat
834 1011 45 29 än
917 1010 62 31 vid
1006 1011 255 38 nedslaktning
1289 1014 56 30 till
1374 1014 91 37 följd
1492 1026 47 21 av
1565 1017 215 38 smittfarlig

277 1053 324 36 Juvertuberkulos.
660 1058 274 37 Propositionen
967 1062 209 37 innefattar,
1215 1066 55 30 att
1306 1066 110 31 sådan
1450 1069 203 37 ersättning
1687 1070 94 31 skall

279 1106 121 32 kunna
419 1108 115 31 under
552 1109 95 32 vissa
666 1111 253 33 förhållanden
937 1115 90 36 utgå
1046 1118 92 28 även
1156 1116 13 31 i
1188 1117 116 31 andra
1324 1117 75 32 fall.
1437 1118 53 32 Ur
1510 1121 269 36 propositionen

277 1159 59 30 må
356 1159 12 30 i
389 1159 98 32 detta
509 1162 172 31 avseende
701 1163 184 37 återgivas
904 1165 176 37 följande:

316 1210 231 38 Djurägaren
573 1213 92 31 skall
692 1224 76 22 som
794 1216 131 32 hittills
953 1227 123 22 ensam
1104 1219 202 33 vidkännas
1334 1221 131 32 förlust
1492 1224 22 30 å
1541 1223 94 38 djur,
1662 1224 115 32 vilket

276 1262 222 33 nedslaktats
523 1265 81 31 med
630 1266 197 37 anledning
852 1278 45 21 av
925 1269 68 31 den
1021 1270 92 31 efter
1139 1271 258 38 anslutningen
1424 1274 58 31 till
1510 1275 266 33 tuberkulosbe-

276 1313 216 37 kämpandet
517 1316 190 37 företagna
731 1318 115 32 första
867 1319 454 40 klinisk-bakteriologiska
1342 1325 322 39 undersökningen.
1688 1328 88 31 Där-

273 1366 93 30 emot
390 1376 102 22 avses
515 1368 55 31 att
595 1368 60 32 vid
678 1369 161 37 följande
864 1371 297 39 nedslaktningar
1187 1376 202 37 ersättning
1414 1387 47 21 av
1485 1379 206 32 statsmedel
1717 1382 59 30 må

277 1418 86 36 utgå
383 1419 79 31 med
483 1429 45 21 en
548 1419 178 37 fjärdedel
747 1432 46 21 av
814 1422 263 38 djurkroppens
1099 1426 118 37 värde,
1239 1427 90 32 dock
1347 1428 103 37 högst
1470 1430 40 31 50
1528 1430 129 32 kronor
1678 1432 97 37 eller,

275 1479 57 21 om
359 1469 119 37 djuret
506 1471 75 31 helt
609 1472 175 38 kasseras,
812 1474 39 31 25
877 1475 140 32 kronor.
1067 1476 78 32 Har
1175 1478 221 37 djurägaren
1424 1481 155 32 inrättat
1608 1483 166 38 särskild,

275 1520 244 38 betryggande
543 1523 155 33 isolerad
722 1526 385 39 ungdjursavdelning,
1132 1529 53 32 dit
1208 1529 75 32 alla
1306 1531 159 37 nyfödda
1487 1534 212 32 nötkreatur
1724 1536 50 32 fö-

275 1582 59 22 ras
359 1574 63 31 och
450 1574 66 32 där
545 1575 129 36 djuren
701 1576 237 34 kontrolleras
966 1588 128 28 genom
1121 1581 487 43 tuberkulinundersökning,
1635 1587 67 32 har
1730 1597 44 22 en

273 1624 108 36 högre
404 1627 203 37 ersättning
629 1629 103 35 synts
754 1629 122 31 kunna
898 1630 151 38 lämnas,
1070 1633 112 31 under
1207 1633 263 40 förutsättning
1493 1638 55 30 att
1570 1638 41 31 de
1633 1639 58 31 till
1713 1650 61 21 av-

273 1675 192 38 delningen
493 1679 192 32 överförda
716 1680 239 33 tuberkelfria
985 1683 131 37 djuren
1147 1684 66 32 allt
1245 1686 180 37 framgent
1457 1688 118 32 hållas
1606 1691 167 32 avskilda

272 1727 85 31 från
379 1731 219 34 reagerande
622 1731 95 37 djur,
741 1734 94 30 samt
858 1735 54 30 att
936 1735 69 31 den
1028 1737 219 35 reagerande
1270 1738 101 31 delen
1394 1750 46 21 av
1462 1740 254 39 besättningen
1738 1743 33 36 ej

271 1780 228 32 underhålles
532 1790 125 28 genom
685 1784 210 37 nyförvärv.
947 1787 71 31 För
1050 1788 116 36 dylikt
1196 1789 68 32 fall
1295 1790 112 32 skulle
1437 1793 248 37 ersättningen
1714 1794 58 32 för

271 1831 204 32 nedslaktat
503 1834 232 38 smittfarligt
765 1837 84 36 djur
878 1837 123 32 kunna
1028 1839 201 33 fastställas
1259 1841 57 32 till
1342 1842 139 32 hälften
1508 1854 47 22 av
1582 1845 188 38 djurkrop-

270 1892 87 27 pens
381 1885 119 37 värde,
523 1886 88 31 dock
634 1887 104 37 högst
763 1889 39 30 75
825 1889 129 32 kronor
977 1891 98 36 eller,
1101 1892 60 32 vid
1185 1893 284 39 totalkassation,
1494 1896 38 32 50
1556 1897 140 32 kronor.

310 1935 70 31 För
398 1937 54 30 att
471 1939 202 36 ersättning
692 1950 46 20 av
758 1942 206 31 statsmedel
983 1943 94 31 skall
1095 1945 85 35 utgå
1199 1945 67 31 har
1284 1947 134 31 ansetts
1437 1947 87 32 böra
1543 1949 152 38 fordras,
1716 1951 55 31 att

269 1988 274 32 nedslaktandet
561 1992 85 34 äger
664 2001 83 21 rum
766 1992 97 31 inom
881 1993 72 31 viss
972 1994 34 36 ej
1027 1994 123 32 alltför
1169 1996 86 37 lång
1275 1997 64 37 tid,
1357 1998 213 38 förslagsvis
1588 2001 39 31 30
1645 2002 124 37 dagar,

268 2038 93 31 efter
382 2040 58 30 det
464 2043 136 34 ägaren
623 2042 114 32 erhöll
760 2044 260 32 underrättelse
1044 2056 57 21 om
1122 2047 220 33 smittfaran.
1385 2050 259 39 Ersättningen
1666 2053 103 37 skall,

269 2090 115 33 såsom
402 2092 229 38 sakkunniga
652 2094 198 39 föreslagit,
868 2096 178 33 beräknas
1065 2098 92 32 efter
1176 2100 221 33 slaktvikten
1416 2103 66 31 och
1502 2104 59 32 det
1582 2105 108 32 värde
1712 2106 57 31 för

267 2141 186 38 kilogram,
480 2154 76 21 som
581 2145 370 39 medicinalstyrelsen
977 2150 65 31 och
1069 2150 366 39 lantbruksstyrelsen
1462 2155 141 37 årligen
1629 2166 140 27 gemen-

267 2195 94 30 samt
384 2194 206 33 bestämma.
635 2197 73 32 Vid
733 2199 240 38 värderingen
997 2201 94 32 skall
1114 2202 142 38 hänsyn
1281 2204 33 37 ej
1340 2206 101 36 tagas
1466 2206 60 32 till
1550 2208 132 33 köttets
1706 2220 61 21 an-

266 2246 225 34 vändbarhet
518 2248 57 32 till
597 2249 285 34 människoföda.
927 2252 211 33 Kostnaden
1164 2255 58 31 för
1246 2257 416 40 veterinärförrättning,
1685 2271 82 21 var-

266 2307 58 22 om
342 2298 66 31 här
426 2301 42 29 är
487 2299 116 38 fråga,
622 2301 66 31 har
709 2304 136 30 ansetts
865 2303 86 32 böra
969 2304 74 32 helt
1064 2305 125 36 gäldas
1208 2317 48 21 av
1275 2309 215 32 statsmedel.
1533 2309 133 39 Övriga
1686 2313 81 32 med

266 2349 274 34 nedslaktandet
569 2353 354 37 sammanhängande
952 2356 192 32 kostnader
1170 2358 67 31 har
1268 2359 158 33 däremot
1455 2362 221 37 djurägaren
1704 2375 62 21 an-

264 2401 89 31 setts
375 2401 87 32 böra
486 2403 209 32 vidkännas.
741 2403 93 34 Över
856 2407 86 36 kött,
966 2417 76 21 som
1064 2408 63 32 vid
1151 2410 435 40 veterinärbesiktningen
1609 2416 156 36 godkän-

264 2461 64 22 nes
350 2453 56 32 till
428 2455 286 37 människoföda,
737 2457 61 31 får
818 2460 135 34 ägaren
974 2459 83 31 fritt
1081 2460 153 37 förfoga.

304 2505 124 37 Enligt
450 2516 51 21 nu
524 2508 160 36 antydda
707 2508 265 34 bestämmelser
996 2511 211 34 förutsättes
1229 2514 217 34 medverkan
1468 2517 13 32 i
1502 2518 96 32 vissa
1621 2529 143 22 avseen-
