<?xml version="1.0" encoding="UTF-8"?>
<alto xmlns="http://www.loc.gov/standards/alto/ns-v3#" xmlns:xlink="http://www.w3.org/1999/xlink" xmlns:xsi="http://www.w3.org/2001/XMLSchema-instance" xsi:schemaLocation="http://www.loc.gov/standards/alto/ns-v3# http://www.loc.gov/alto/v3/alto-3-0.xsd">
	<Description>
		<MeasurementUnit>pixel</MeasurementUnit>
		<sourceImageInformation>
			<fileName>/tmp/tess_upqussx__input.PNG</fileName>
		</sourceImageInformation>
		<OCRProcessing ID="OCR_0">
			<ocrProcessingStep>
				<processingSoftware>
					<softwareName>tesseract 5.3.0</softwareName>
				</processingSoftware>
			</ocrProcessingStep>
		</OCRProcessing>
	</Description>
	<Layout>
		<Page WIDTH="1874" HEIGHT="2814" PHYSICAL_IMG_NR="0" ID="page_0">
			<PrintSpace HPOS="0" VPOS="0" WIDTH="1874" HEIGHT="2814">
				<ComposedBlock ID="cblock_0" HPOS="276" VPOS="148" WIDTH="1101" HEIGHT="32">
					<TextBlock ID="block_0" HPOS="276" VPOS="148" WIDTH="1101" HEIGHT="32">
						<TextLine ID="line_0" HPOS="276" VPOS="148" WIDTH="1101" HEIGHT="32">
							<String ID="string_0" HPOS="276" VPOS="148" WIDTH="38" HEIGHT="29" WC="0.94" CONTENT="14"/><SP WIDTH="343" VPOS="148" HPOS="314"/>
							<String ID="string_1" HPOS="657" VPOS="149" WIDTH="377" HEIGHT="30" WC="0.91" CONTENT="Jordbruksutskottets"/><SP WIDTH="23" VPOS="149" HPOS="1034"/>
							<String ID="string_2" HPOS="1057" VPOS="148" WIDTH="175" HEIGHT="31" WC="0.95" CONTENT="utlåtande"/><SP WIDTH="23" VPOS="148" HPOS="1232"/>
							<String ID="string_3" HPOS="1255" VPOS="158" WIDTH="40" HEIGHT="21" WC="0.94" CONTENT="nr"/><SP WIDTH="33" VPOS="158" HPOS="1295"/>
							<String ID="string_4" HPOS="1328" VPOS="150" WIDTH="49" HEIGHT="30" WC="0.94" CONTENT="33."/>
						</TextLine>
					</TextBlock>
				</ComposedBlock>
				<ComposedBlock ID="cblock_1" HPOS="279" VPOS="233" WIDTH="1504" HEIGHT="419">
					<TextBlock ID="block_1" HPOS="280" VPOS="233" WIDTH="1500" HEIGHT="165">
						<TextLine ID="line_1" HPOS="280" VPOS="233" WIDTH="1500" HEIGHT="38">
							<String ID="string_5" HPOS="280" VPOS="234" WIDTH="177" HEIGHT="37" WC="0.96" CONTENT="föreslagit"/><SP WIDTH="23" VPOS="234" HPOS="457"/>
							<String ID="string_6" HPOS="480" VPOS="234" WIDTH="197" HEIGHT="30" WC="0.95" CONTENT="inrättande"/><SP WIDTH="25" VPOS="234" HPOS="677"/>
							<String ID="string_7" HPOS="702" VPOS="244" WIDTH="40" HEIGHT="20" WC="0.96" CONTENT="av"/><SP WIDTH="25" VPOS="244" HPOS="742"/>
							<String ID="string_8" HPOS="767" VPOS="233" WIDTH="144" HEIGHT="37" WC="0.93" CONTENT="ettåriga"/><SP WIDTH="25" VPOS="233" HPOS="911"/>
							<String ID="string_9" HPOS="936" VPOS="233" WIDTH="467" HEIGHT="36" WC="0.91" CONTENT="gårdshantverkarekurser,"/><SP WIDTH="26" VPOS="233" HPOS="1403"/>
							<String ID="string_10" HPOS="1429" VPOS="233" WIDTH="54" HEIGHT="30" WC="0.96" CONTENT="vid"/><SP WIDTH="27" VPOS="233" HPOS="1483"/>
							<String ID="string_11" HPOS="1510" VPOS="233" WIDTH="93" HEIGHT="29" WC="0.93" CONTENT="vilka"/><SP WIDTH="28" VPOS="233" HPOS="1603"/>
							<String ID="string_12" HPOS="1631" VPOS="233" WIDTH="149" HEIGHT="29" WC="0.91" CONTENT="maskin-"/>
						</TextLine>
						<TextLine ID="line_2" HPOS="280" VPOS="276" WIDTH="1500" HEIGHT="37">
							<String ID="string_13" HPOS="280" VPOS="278" WIDTH="74" HEIGHT="30" WC="0.95" CONTENT="lära"/><SP WIDTH="21" VPOS="278" HPOS="354"/>
							<String ID="string_14" HPOS="375" VPOS="278" WIDTH="78" HEIGHT="29" WC="0.96" CONTENT="med"/><SP WIDTH="19" VPOS="278" HPOS="453"/>
							<String ID="string_15" HPOS="472" VPOS="277" WIDTH="168" HEIGHT="36" WC="0.96" CONTENT="övningar"/><SP WIDTH="20" VPOS="277" HPOS="640"/>
							<String ID="string_16" HPOS="660" VPOS="278" WIDTH="63" HEIGHT="29" WC="0.96" CONTENT="och"/><SP WIDTH="19" VPOS="278" HPOS="723"/>
							<String ID="string_17" HPOS="742" VPOS="277" WIDTH="173" HEIGHT="35" WC="0.96" CONTENT="praktiskt"/><SP WIDTH="20" VPOS="277" HPOS="915"/>
							<String ID="string_18" HPOS="935" VPOS="277" WIDTH="114" HEIGHT="29" WC="0.96" CONTENT="arbete"/><SP WIDTH="20" VPOS="277" HPOS="1049"/>
							<String ID="string_19" HPOS="1069" VPOS="276" WIDTH="10" HEIGHT="29" WC="0.91" CONTENT="i"/><SP WIDTH="20" VPOS="276" HPOS="1079"/>
							<String ID="string_20" HPOS="1099" VPOS="276" WIDTH="381" HEIGHT="35" WC="0.91" CONTENT="jordbruksmaskiners"/><SP WIDTH="21" VPOS="276" HPOS="1480"/>
							<String ID="string_21" HPOS="1501" VPOS="276" WIDTH="127" HEIGHT="29" WC="0.96" CONTENT="skötsel"/><SP WIDTH="20" VPOS="276" HPOS="1628"/>
							<String ID="string_22" HPOS="1648" VPOS="276" WIDTH="65" HEIGHT="29" WC="0.93" CONTENT="och"/><SP WIDTH="18" VPOS="276" HPOS="1713"/>
							<String ID="string_23" HPOS="1731" VPOS="284" WIDTH="49" HEIGHT="20" WC="0.90" CONTENT="re-"/>
						</TextLine>
						<TextLine ID="line_3" HPOS="280" VPOS="317" WIDTH="1500" HEIGHT="38">
							<String ID="string_24" HPOS="280" VPOS="320" WIDTH="161" HEIGHT="35" WC="0.91" CONTENT="paration"/><SP WIDTH="21" VPOS="320" HPOS="441"/>
							<String ID="string_25" HPOS="462" VPOS="320" WIDTH="181" HEIGHT="29" WC="0.91" CONTENT="anvisades"/><SP WIDTH="19" VPOS="320" HPOS="643"/>
							<String ID="string_26" HPOS="662" VPOS="323" WIDTH="45" HEIGHT="26" WC="0.96" CONTENT="ett"/><SP WIDTH="19" VPOS="323" HPOS="707"/>
							<String ID="string_27" HPOS="726" VPOS="319" WIDTH="195" HEIGHT="36" WC="0.96" CONTENT="betydande"/><SP WIDTH="20" VPOS="319" HPOS="921"/>
							<String ID="string_28" HPOS="941" VPOS="322" WIDTH="171" HEIGHT="32" WC="0.96" CONTENT="utrymme"/><SP WIDTH="20" VPOS="322" HPOS="1112"/>
							<String ID="string_29" HPOS="1132" VPOS="319" WIDTH="10" HEIGHT="28" WC="0.93" CONTENT="i"/><SP WIDTH="20" VPOS="319" HPOS="1142"/>
							<String ID="string_30" HPOS="1162" VPOS="318" WIDTH="399" HEIGHT="35" WC="0.91" CONTENT="undervisningsplanen."/><SP WIDTH="22" VPOS="318" HPOS="1561"/>
							<String ID="string_31" HPOS="1583" VPOS="317" WIDTH="111" HEIGHT="36" WC="0.91" CONTENT="Sagda"/><SP WIDTH="19" VPOS="317" HPOS="1694"/>
							<String ID="string_32" HPOS="1713" VPOS="317" WIDTH="67" HEIGHT="29" WC="0.91" CONTENT="för-"/>
						</TextLine>
						<TextLine ID="line_4" HPOS="281" VPOS="360" WIDTH="1275" HEIGHT="38">
							<String ID="string_33" HPOS="281" VPOS="363" WIDTH="73" HEIGHT="35" WC="0.96" CONTENT="slag"/><SP WIDTH="19" VPOS="363" HPOS="354"/>
							<String ID="string_34" HPOS="373" VPOS="363" WIDTH="63" HEIGHT="29" WC="0.96" CONTENT="har"/><SP WIDTH="18" VPOS="363" HPOS="436"/>
							<String ID="string_35" HPOS="454" VPOS="362" WIDTH="190" HEIGHT="30" WC="0.96" CONTENT="emellertid"/><SP WIDTH="18" VPOS="362" HPOS="644"/>
							<String ID="string_36" HPOS="662" VPOS="363" WIDTH="92" HEIGHT="28" WC="0.96" CONTENT="ännu"/><SP WIDTH="19" VPOS="363" HPOS="754"/>
							<String ID="string_37" HPOS="773" VPOS="362" WIDTH="75" HEIGHT="29" WC="0.96" CONTENT="icke"/><SP WIDTH="21" VPOS="362" HPOS="848"/>
							<String ID="string_38" HPOS="869" VPOS="362" WIDTH="59" HEIGHT="29" WC="0.96" CONTENT="lett"/><SP WIDTH="19" VPOS="362" HPOS="928"/>
							<String ID="string_39" HPOS="947" VPOS="361" WIDTH="49" HEIGHT="29" WC="0.95" CONTENT="till"/><SP WIDTH="17" VPOS="361" HPOS="996"/>
							<String ID="string_40" HPOS="1013" VPOS="360" WIDTH="115" HEIGHT="37" WC="0.95" CONTENT="någon"/><SP WIDTH="21" VPOS="360" HPOS="1128"/>
							<String ID="string_41" HPOS="1149" VPOS="361" WIDTH="119" HEIGHT="35" WC="0.91" CONTENT="Kungl."/><SP WIDTH="22" VPOS="361" HPOS="1268"/>
							<String ID="string_42" HPOS="1290" VPOS="360" WIDTH="118" HEIGHT="36" WC="0.96" CONTENT="Maj:ts"/><SP WIDTH="19" VPOS="360" HPOS="1408"/>
							<String ID="string_43" HPOS="1427" VPOS="360" WIDTH="129" HEIGHT="36" WC="0.96" CONTENT="åtgärd."/>
						</TextLine>
					</TextBlock>
					<TextBlock ID="block_2" HPOS="279" VPOS="403" WIDTH="1504" HEIGHT="249">
						<TextLine ID="line_5" HPOS="325" VPOS="403" WIDTH="1455" HEIGHT="37">
							<String ID="string_44" HPOS="325" VPOS="405" WIDTH="116" HEIGHT="35" WC="0.93" CONTENT="Enligt"/><SP WIDTH="18" VPOS="405" HPOS="441"/>
							<String ID="string_45" HPOS="459" VPOS="405" WIDTH="367" HEIGHT="35" WC="0.92" CONTENT="lantbruksstyrelsens"/><SP WIDTH="20" VPOS="405" HPOS="826"/>
							<String ID="string_46" HPOS="846" VPOS="404" WIDTH="139" HEIGHT="35" WC="0.96" CONTENT="mening"/><SP WIDTH="20" VPOS="404" HPOS="985"/>
							<String ID="string_47" HPOS="1005" VPOS="403" WIDTH="182" HEIGHT="36" WC="0.96" CONTENT="föreligger"/><SP WIDTH="20" VPOS="403" HPOS="1187"/>
							<String ID="string_48" HPOS="1207" VPOS="403" WIDTH="106" HEIGHT="29" WC="0.96" CONTENT="redan"/><SP WIDTH="22" VPOS="403" HPOS="1313"/>
							<String ID="string_49" HPOS="1335" VPOS="412" WIDTH="48" HEIGHT="20" WC="0.96" CONTENT="nu"/><SP WIDTH="20" VPOS="412" HPOS="1383"/>
							<String ID="string_50" HPOS="1403" VPOS="406" WIDTH="45" HEIGHT="26" WC="0.96" CONTENT="ett"/><SP WIDTH="20" VPOS="406" HPOS="1448"/>
							<String ID="string_51" HPOS="1468" VPOS="403" WIDTH="138" HEIGHT="35" WC="0.96" CONTENT="mycket"/><SP WIDTH="22" VPOS="403" HPOS="1606"/>
							<String ID="string_52" HPOS="1628" VPOS="405" WIDTH="83" HEIGHT="26" WC="0.91" CONTENT="stort"/><SP WIDTH="20" VPOS="405" HPOS="1711"/>
							<String ID="string_53" HPOS="1731" VPOS="405" WIDTH="49" HEIGHT="26" WC="0.91" CONTENT="ut-"/>
						</TextLine>
						<TextLine ID="line_6" HPOS="279" VPOS="445" WIDTH="1501" HEIGHT="38">
							<String ID="string_54" HPOS="279" VPOS="447" WIDTH="289" HEIGHT="36" WC="0.92" CONTENT="bildningsbehov"/><SP WIDTH="21" VPOS="447" HPOS="568"/>
							<String ID="string_55" HPOS="589" VPOS="446" WIDTH="45" HEIGHT="36" WC="0.96" CONTENT="på"/><SP WIDTH="20" VPOS="446" HPOS="634"/>
							<String ID="string_56" HPOS="654" VPOS="447" WIDTH="220" HEIGHT="35" WC="0.93" CONTENT="jordbrukets"/><SP WIDTH="23" VPOS="447" HPOS="874"/>
							<String ID="string_57" HPOS="897" VPOS="446" WIDTH="291" HEIGHT="35" WC="0.91" CONTENT="maskinområde,"/><SP WIDTH="22" VPOS="446" HPOS="1188"/>
							<String ID="string_58" HPOS="1210" VPOS="445" WIDTH="104" HEIGHT="29" WC="0.96" CONTENT="vilket"/><SP WIDTH="22" VPOS="445" HPOS="1314"/>
							<String ID="string_59" HPOS="1336" VPOS="445" WIDTH="112" HEIGHT="29" WC="0.96" CONTENT="behov"/><SP WIDTH="21" VPOS="445" HPOS="1448"/>
							<String ID="string_60" HPOS="1469" VPOS="445" WIDTH="193" HEIGHT="35" WC="0.93" CONTENT="säkerligen"/><SP WIDTH="23" VPOS="445" HPOS="1662"/>
							<String ID="string_61" HPOS="1685" VPOS="445" WIDTH="95" HEIGHT="29" WC="0.92" CONTENT="kom-"/>
						</TextLine>
						<TextLine ID="line_7" HPOS="281" VPOS="486" WIDTH="1500" HEIGHT="39">
							<String ID="string_62" HPOS="281" VPOS="499" WIDTH="74" HEIGHT="20" WC="0.95" CONTENT="mer"/><SP WIDTH="27" VPOS="499" HPOS="355"/>
							<String ID="string_63" HPOS="382" VPOS="493" WIDTH="48" HEIGHT="26" WC="0.95" CONTENT="att"/><SP WIDTH="25" VPOS="493" HPOS="430"/>
							<String ID="string_64" HPOS="455" VPOS="489" WIDTH="196" HEIGHT="36" WC="0.95" CONTENT="ytterligare"/><SP WIDTH="26" VPOS="489" HPOS="651"/>
							<String ID="string_65" HPOS="677" VPOS="493" WIDTH="220" HEIGHT="26" WC="0.96" CONTENT="accentueras"/><SP WIDTH="28" VPOS="493" HPOS="897"/>
							<String ID="string_66" HPOS="925" VPOS="497" WIDTH="122" HEIGHT="26" WC="0.96" CONTENT="genom"/><SP WIDTH="27" VPOS="497" HPOS="1047"/>
							<String ID="string_67" HPOS="1074" VPOS="488" WIDTH="67" HEIGHT="29" WC="0.96" CONTENT="den"/><SP WIDTH="28" VPOS="488" HPOS="1141"/>
							<String ID="string_68" HPOS="1169" VPOS="487" WIDTH="148" HEIGHT="35" WC="0.95" CONTENT="alltjämt"/><SP WIDTH="25" VPOS="487" HPOS="1317"/>
							<String ID="string_69" HPOS="1342" VPOS="486" WIDTH="200" HEIGHT="37" WC="0.92" CONTENT="fortgående"/><SP WIDTH="28" VPOS="486" HPOS="1542"/>
							<String ID="string_70" HPOS="1570" VPOS="487" WIDTH="211" HEIGHT="29" WC="0.92" CONTENT="rationalise-"/>
						</TextLine>
						<TextLine ID="line_8" HPOS="280" VPOS="529" WIDTH="1502" HEIGHT="38">
							<String ID="string_71" HPOS="280" VPOS="532" WIDTH="121" HEIGHT="35" WC="0.96" CONTENT="ringen"/><SP WIDTH="24" VPOS="532" HPOS="401"/>
							<String ID="string_72" HPOS="425" VPOS="541" WIDTH="42" HEIGHT="20" WC="0.90" CONTENT="av"/><SP WIDTH="19" VPOS="541" HPOS="467"/>
							<String ID="string_73" HPOS="486" VPOS="531" WIDTH="327" HEIGHT="36" WC="0.90" CONTENT="jordbruksdriften."/><SP WIDTH="24" VPOS="531" HPOS="813"/>
							<String ID="string_74" HPOS="837" VPOS="532" WIDTH="53" HEIGHT="28" WC="0.96" CONTENT="En"/><SP WIDTH="21" VPOS="532" HPOS="890"/>
							<String ID="string_75" HPOS="911" VPOS="530" WIDTH="182" HEIGHT="36" WC="0.95" CONTENT="utredning"/><SP WIDTH="20" VPOS="530" HPOS="1093"/>
							<String ID="string_76" HPOS="1113" VPOS="530" WIDTH="146" HEIGHT="29" WC="0.95" CONTENT="rörande"/><SP WIDTH="22" VPOS="530" HPOS="1259"/>
							<String ID="string_77" HPOS="1281" VPOS="530" WIDTH="193" HEIGHT="35" WC="0.95" CONTENT="utbildning"/><SP WIDTH="22" VPOS="530" HPOS="1474"/>
							<String ID="string_78" HPOS="1496" VPOS="529" WIDTH="45" HEIGHT="35" WC="0.96" CONTENT="på"/><SP WIDTH="19" VPOS="529" HPOS="1541"/>
							<String ID="string_79" HPOS="1560" VPOS="529" WIDTH="222" HEIGHT="36" WC="0.96" CONTENT="jordbrukets"/>
						</TextLine>
						<TextLine ID="line_9" HPOS="280" VPOS="571" WIDTH="1503" HEIGHT="38">
							<String ID="string_80" HPOS="280" VPOS="574" WIDTH="282" HEIGHT="30" WC="0.89" CONTENT="maskinområde"/><SP WIDTH="21" VPOS="574" HPOS="562"/>
							<String ID="string_81" HPOS="583" VPOS="574" WIDTH="238" HEIGHT="29" WC="0.96" CONTENT="innefattande"/><SP WIDTH="20" VPOS="574" HPOS="821"/>
							<String ID="string_82" HPOS="841" VPOS="573" WIDTH="130" HEIGHT="36" WC="0.91" CONTENT="jämväl"/><SP WIDTH="21" VPOS="573" HPOS="971"/>
							<String ID="string_83" HPOS="992" VPOS="572" WIDTH="239" HEIGHT="36" WC="0.90" CONTENT="upplysnings-"/><SP WIDTH="23" VPOS="572" HPOS="1231"/>
							<String ID="string_84" HPOS="1254" VPOS="572" WIDTH="65" HEIGHT="29" WC="0.93" CONTENT="och"/><SP WIDTH="22" VPOS="572" HPOS="1319"/>
							<String ID="string_85" HPOS="1341" VPOS="571" WIDTH="442" HEIGHT="37" WC="0.91" CONTENT="rådgivningsverksamhet"/>
						</TextLine>
						<TextLine ID="line_10" HPOS="280" VPOS="614" WIDTH="937" HEIGHT="38">
							<String ID="string_86" HPOS="280" VPOS="625" WIDTH="102" HEIGHT="27" WC="0.96" CONTENT="synes"/><SP WIDTH="23" VPOS="625" HPOS="382"/>
							<String ID="string_87" HPOS="405" VPOS="616" WIDTH="144" HEIGHT="31" WC="0.96" CONTENT="sålunda"/><SP WIDTH="26" VPOS="616" HPOS="549"/>
							<String ID="string_88" HPOS="575" VPOS="626" WIDTH="84" HEIGHT="20" WC="0.96" CONTENT="vara"/><SP WIDTH="21" VPOS="626" HPOS="659"/>
							<String ID="string_89" HPOS="680" VPOS="618" WIDTH="108" HEIGHT="28" WC="0.96" CONTENT="starkt"/><SP WIDTH="23" VPOS="618" HPOS="788"/>
							<String ID="string_90" HPOS="811" VPOS="626" WIDTH="44" HEIGHT="20" WC="0.96" CONTENT="av"/><SP WIDTH="20" VPOS="626" HPOS="855"/>
							<String ID="string_91" HPOS="875" VPOS="616" WIDTH="146" HEIGHT="29" WC="0.96" CONTENT="behovet"/><SP WIDTH="23" VPOS="616" HPOS="1021"/>
							<String ID="string_92" HPOS="1044" VPOS="614" WIDTH="173" HEIGHT="37" WC="0.96" CONTENT="påkallad."/>
						</TextLine>
					</TextBlock>
				</ComposedBlock>
				<ComposedBlock ID="cblock_2" HPOS="279" VPOS="682" WIDTH="1505" HEIGHT="544">
					<TextBlock ID="block_3" HPOS="279" VPOS="682" WIDTH="1505" HEIGHT="393">
						<TextLine ID="line_11" HPOS="324" VPOS="682" WIDTH="1460" HEIGHT="39">
							<String ID="string_93" HPOS="324" VPOS="684" WIDTH="153" HEIGHT="37" WC="0.93" CONTENT="Sveriges"/><SP WIDTH="28" VPOS="684" HPOS="477"/>
							<String ID="string_94" HPOS="505" VPOS="685" WIDTH="336" HEIGHT="36" WC="0.89" CONTENT="lantbruksförbund"/><SP WIDTH="29" VPOS="685" HPOS="841"/>
							<String ID="string_95" HPOS="870" VPOS="684" WIDTH="64" HEIGHT="29" WC="0.95" CONTENT="har"/><SP WIDTH="28" VPOS="684" HPOS="934"/>
							<String ID="string_96" HPOS="962" VPOS="683" WIDTH="173" HEIGHT="36" WC="0.95" CONTENT="tillstyrkt,"/><SP WIDTH="30" VPOS="683" HPOS="1135"/>
							<String ID="string_97" HPOS="1165" VPOS="686" WIDTH="48" HEIGHT="27" WC="0.94" CONTENT="att"/><SP WIDTH="26" VPOS="686" HPOS="1213"/>
							<String ID="string_98" HPOS="1239" VPOS="682" WIDTH="158" HEIGHT="37" WC="0.95" CONTENT="åtgärder"/><SP WIDTH="31" VPOS="682" HPOS="1397"/>
							<String ID="string_99" HPOS="1428" VPOS="686" WIDTH="133" HEIGHT="26" WC="0.96" CONTENT="snarast"/><SP WIDTH="31" VPOS="686" HPOS="1561"/>
							<String ID="string_100" HPOS="1592" VPOS="682" WIDTH="153" HEIGHT="36" WC="0.96" CONTENT="vidtagas"/><SP WIDTH="27" VPOS="682" HPOS="1745"/>
							<String ID="string_101" HPOS="1772" VPOS="682" WIDTH="12" HEIGHT="29" WC="0.96" CONTENT="i"/>
						</TextLine>
						<TextLine ID="line_12" HPOS="279" VPOS="732" WIDTH="1505" HEIGHT="39">
							<String ID="string_102" HPOS="279" VPOS="735" WIDTH="66" HEIGHT="30" WC="0.96" CONTENT="den"/><SP WIDTH="20" VPOS="735" HPOS="345"/>
							<String ID="string_103" HPOS="365" VPOS="745" WIDTH="42" HEIGHT="20" WC="0.96" CONTENT="av"/><SP WIDTH="20" VPOS="745" HPOS="407"/>
							<String ID="string_104" HPOS="427" VPOS="735" WIDTH="256" HEIGHT="31" WC="0.96" CONTENT="motionärerna"/><SP WIDTH="20" VPOS="735" HPOS="683"/>
							<String ID="string_105" HPOS="703" VPOS="735" WIDTH="147" HEIGHT="36" WC="0.96" CONTENT="angivna"/><SP WIDTH="21" VPOS="735" HPOS="850"/>
							<String ID="string_106" HPOS="871" VPOS="734" WIDTH="205" HEIGHT="35" WC="0.96" CONTENT="riktningen."/><SP WIDTH="22" VPOS="734" HPOS="1076"/>
							<String ID="string_107" HPOS="1098" VPOS="733" WIDTH="13" HEIGHT="29" WC="0.96" CONTENT="I"/><SP WIDTH="22" VPOS="733" HPOS="1111"/>
							<String ID="string_108" HPOS="1133" VPOS="734" WIDTH="107" HEIGHT="35" WC="0.96" CONTENT="övrigt"/><SP WIDTH="22" VPOS="734" HPOS="1240"/>
							<String ID="string_109" HPOS="1262" VPOS="734" WIDTH="63" HEIGHT="29" WC="0.96" CONTENT="har"/><SP WIDTH="21" VPOS="734" HPOS="1325"/>
							<String ID="string_110" HPOS="1346" VPOS="733" WIDTH="185" HEIGHT="30" WC="0.93" CONTENT="förbundet"/><SP WIDTH="20" VPOS="733" HPOS="1531"/>
							<String ID="string_111" HPOS="1551" VPOS="733" WIDTH="142" HEIGHT="29" WC="0.92" CONTENT="instämt"/><SP WIDTH="19" VPOS="733" HPOS="1693"/>
							<String ID="string_112" HPOS="1712" VPOS="733" WIDTH="10" HEIGHT="29" WC="0.96" CONTENT="i"/><SP WIDTH="21" VPOS="733" HPOS="1722"/>
							<String ID="string_113" HPOS="1743" VPOS="732" WIDTH="41" HEIGHT="30" WC="0.96" CONTENT="de"/>
						</TextLine>
						<TextLine ID="line_13" HPOS="279" VPOS="783" WIDTH="1505" HEIGHT="38">
							<String ID="string_114" HPOS="279" VPOS="786" WIDTH="215" HEIGHT="35" WC="0.95" CONTENT="synpunkter"/><SP WIDTH="15" VPOS="786" HPOS="494"/>
							<String ID="string_115" HPOS="509" VPOS="786" WIDTH="9" HEIGHT="29" WC="0.96" CONTENT="i"/><SP WIDTH="18" VPOS="786" HPOS="518"/>
							<String ID="string_116" HPOS="536" VPOS="787" WIDTH="127" HEIGHT="34" WC="0.96" CONTENT="ämnet,"/><SP WIDTH="19" VPOS="787" HPOS="663"/>
							<String ID="string_117" HPOS="682" VPOS="795" WIDTH="71" HEIGHT="21" WC="0.96" CONTENT="som"/><SP WIDTH="17" VPOS="795" HPOS="753"/>
							<String ID="string_118" HPOS="770" VPOS="786" WIDTH="111" HEIGHT="29" WC="0.96" CONTENT="under"/><SP WIDTH="18" VPOS="786" HPOS="881"/>
							<String ID="string_119" HPOS="899" VPOS="784" WIDTH="71" HEIGHT="31" WC="0.96" CONTENT="året"/><SP WIDTH="15" VPOS="784" HPOS="970"/>
							<String ID="string_120" HPOS="985" VPOS="784" WIDTH="181" HEIGHT="30" WC="0.0" CONTENT="framförts."/><SP WIDTH="17" VPOS="784" HPOS="1166"/>
							<String ID="string_121" HPOS="1183" VPOS="785" WIDTH="9" HEIGHT="29" WC="0.0" CONTENT="i"/><SP WIDTH="17" VPOS="785" HPOS="1192"/>
							<String ID="string_122" HPOS="1209" VPOS="794" WIDTH="42" HEIGHT="21" WC="0.96" CONTENT="en"/><SP WIDTH="15" VPOS="794" HPOS="1251"/>
							<String ID="string_123" HPOS="1266" VPOS="794" WIDTH="41" HEIGHT="20" WC="0.93" CONTENT="av"/><SP WIDTH="19" VPOS="794" HPOS="1307"/>
							<String ID="string_124" HPOS="1326" VPOS="783" WIDTH="458" HEIGHT="36" WC="0.91" CONTENT="hushållningssällskapens"/>
						</TextLine>
						<TextLine ID="line_14" HPOS="279" VPOS="833" WIDTH="1504" HEIGHT="39">
							<String ID="string_125" HPOS="279" VPOS="836" WIDTH="151" HEIGHT="30" WC="0.92" CONTENT="ombuds"/><SP WIDTH="19" VPOS="836" HPOS="430"/>
							<String ID="string_126" HPOS="449" VPOS="835" WIDTH="369" HEIGHT="37" WC="0.91" CONTENT="förvaltningsutskott"/><SP WIDTH="23" VPOS="835" HPOS="818"/>
							<String ID="string_127" HPOS="841" VPOS="836" WIDTH="52" HEIGHT="29" WC="0.96" CONTENT="till"/><SP WIDTH="22" VPOS="836" HPOS="893"/>
							<String ID="string_128" HPOS="915" VPOS="835" WIDTH="122" HEIGHT="36" WC="0.96" CONTENT="Kungl."/><SP WIDTH="24" VPOS="835" HPOS="1037"/>
							<String ID="string_129" HPOS="1061" VPOS="834" WIDTH="102" HEIGHT="36" WC="0.93" CONTENT="Maj:t"/><SP WIDTH="22" VPOS="834" HPOS="1163"/>
							<String ID="string_130" HPOS="1185" VPOS="834" WIDTH="138" HEIGHT="36" WC="0.90" CONTENT="ingiven"/><SP WIDTH="23" VPOS="834" HPOS="1323"/>
							<String ID="string_131" HPOS="1346" VPOS="834" WIDTH="221" HEIGHT="34" WC="0.96" CONTENT="hemställan,"/><SP WIDTH="22" VPOS="834" HPOS="1567"/>
							<String ID="string_132" HPOS="1589" VPOS="836" WIDTH="50" HEIGHT="27" WC="0.96" CONTENT="att"/><SP WIDTH="22" VPOS="836" HPOS="1639"/>
							<String ID="string_133" HPOS="1661" VPOS="833" WIDTH="122" HEIGHT="36" WC="0.96" CONTENT="Kungl."/>
						</TextLine>
						<TextLine ID="line_15" HPOS="280" VPOS="883" WIDTH="1502" HEIGHT="40">
							<String ID="string_134" HPOS="280" VPOS="886" WIDTH="101" HEIGHT="36" WC="0.96" CONTENT="Maj:t"/><SP WIDTH="26" VPOS="886" HPOS="381"/>
							<String ID="string_135" HPOS="407" VPOS="886" WIDTH="104" HEIGHT="30" WC="0.96" CONTENT="måtte"/><SP WIDTH="27" VPOS="886" HPOS="511"/>
							<String ID="string_136" HPOS="538" VPOS="888" WIDTH="72" HEIGHT="29" WC="0.96" CONTENT="dels"/><SP WIDTH="27" VPOS="888" HPOS="610"/>
							<String ID="string_137" HPOS="637" VPOS="887" WIDTH="56" HEIGHT="30" WC="0.96" CONTENT="vid"/><SP WIDTH="25" VPOS="887" HPOS="693"/>
							<String ID="string_138" HPOS="718" VPOS="886" WIDTH="178" HEIGHT="37" WC="0.96" CONTENT="pågående"/><SP WIDTH="26" VPOS="886" HPOS="896"/>
							<String ID="string_139" HPOS="922" VPOS="887" WIDTH="148" HEIGHT="29" WC="0.96" CONTENT="revision"/><SP WIDTH="27" VPOS="887" HPOS="1070"/>
							<String ID="string_140" HPOS="1097" VPOS="895" WIDTH="41" HEIGHT="20" WC="0.93" CONTENT="av"/><SP WIDTH="27" VPOS="895" HPOS="1138"/>
							<String ID="string_141" HPOS="1165" VPOS="885" WIDTH="457" HEIGHT="36" WC="0.90" CONTENT="hushållningssällskapens"/><SP WIDTH="29" VPOS="885" HPOS="1622"/>
							<String ID="string_142" HPOS="1651" VPOS="883" WIDTH="131" HEIGHT="37" WC="0.73" CONTENT="organi-"/>
						</TextLine>
						<TextLine ID="line_16" HPOS="279" VPOS="934" WIDTH="1504" HEIGHT="39">
							<String ID="string_143" HPOS="279" VPOS="937" WIDTH="113" HEIGHT="30" WC="0.92" CONTENT="sation"/><SP WIDTH="24" VPOS="937" HPOS="392"/>
							<String ID="string_144" HPOS="416" VPOS="938" WIDTH="64" HEIGHT="29" WC="0.96" CONTENT="och"/><SP WIDTH="24" VPOS="938" HPOS="480"/>
							<String ID="string_145" HPOS="504" VPOS="938" WIDTH="219" HEIGHT="29" WC="0.96" CONTENT="verksamhet"/><SP WIDTH="22" VPOS="938" HPOS="723"/>
							<String ID="string_146" HPOS="745" VPOS="938" WIDTH="126" HEIGHT="30" WC="0.96" CONTENT="beakta"/><SP WIDTH="21" VPOS="938" HPOS="871"/>
							<String ID="string_147" HPOS="892" VPOS="938" WIDTH="145" HEIGHT="29" WC="0.96" CONTENT="behovet"/><SP WIDTH="23" VPOS="938" HPOS="1037"/>
							<String ID="string_148" HPOS="1060" VPOS="947" WIDTH="42" HEIGHT="20" WC="0.93" CONTENT="av"/><SP WIDTH="23" VPOS="947" HPOS="1102"/>
							<String ID="string_149" HPOS="1125" VPOS="936" WIDTH="233" HEIGHT="37" WC="0.92" CONTENT="rådgivnings-"/><SP WIDTH="27" VPOS="936" HPOS="1358"/>
							<String ID="string_150" HPOS="1385" VPOS="936" WIDTH="64" HEIGHT="29" WC="0.93" CONTENT="och"/><SP WIDTH="23" VPOS="936" HPOS="1449"/>
							<String ID="string_151" HPOS="1472" VPOS="934" WIDTH="311" HEIGHT="36" WC="0.91" CONTENT="utbildningsverk-"/>
						</TextLine>
						<TextLine ID="line_17" HPOS="280" VPOS="984" WIDTH="1504" HEIGHT="40">
							<String ID="string_152" HPOS="280" VPOS="988" WIDTH="135" HEIGHT="29" WC="0.96" CONTENT="samhet"/><SP WIDTH="26" VPOS="988" HPOS="415"/>
							<String ID="string_153" HPOS="441" VPOS="987" WIDTH="43" HEIGHT="37" WC="0.96" CONTENT="på"/><SP WIDTH="26" VPOS="987" HPOS="484"/>
							<String ID="string_154" HPOS="510" VPOS="988" WIDTH="222" HEIGHT="36" WC="0.93" CONTENT="jordbrukets"/><SP WIDTH="25" VPOS="988" HPOS="732"/>
							<String ID="string_155" HPOS="757" VPOS="987" WIDTH="291" HEIGHT="36" WC="0.90" CONTENT="maskinområde,"/><SP WIDTH="27" VPOS="987" HPOS="1048"/>
							<String ID="string_156" HPOS="1075" VPOS="988" WIDTH="72" HEIGHT="29" WC="0.95" CONTENT="dels"/><SP WIDTH="27" VPOS="988" HPOS="1147"/>
							<String ID="string_157" HPOS="1174" VPOS="988" WIDTH="63" HEIGHT="29" WC="0.93" CONTENT="ock"/><SP WIDTH="26" VPOS="988" HPOS="1237"/>
							<String ID="string_158" HPOS="1263" VPOS="987" WIDTH="205" HEIGHT="30" WC="0.91" CONTENT="föranstalta"/><SP WIDTH="28" VPOS="987" HPOS="1468"/>
							<String ID="string_159" HPOS="1496" VPOS="995" WIDTH="57" HEIGHT="21" WC="0.95" CONTENT="om"/><SP WIDTH="28" VPOS="995" HPOS="1553"/>
							<String ID="string_160" HPOS="1581" VPOS="995" WIDTH="43" HEIGHT="20" WC="0.95" CONTENT="en"/><SP WIDTH="27" VPOS="995" HPOS="1624"/>
							<String ID="string_161" HPOS="1651" VPOS="984" WIDTH="133" HEIGHT="36" WC="0.94" CONTENT="allsidig"/>
						</TextLine>
						<TextLine ID="line_18" HPOS="279" VPOS="1038" WIDTH="1073" HEIGHT="37">
							<String ID="string_162" HPOS="279" VPOS="1039" WIDTH="184" HEIGHT="36" WC="0.96" CONTENT="utredning"/><SP WIDTH="26" VPOS="1039" HPOS="463"/>
							<String ID="string_163" HPOS="489" VPOS="1038" WIDTH="178" HEIGHT="36" WC="0.95" CONTENT="angående"/><SP WIDTH="28" VPOS="1038" HPOS="667"/>
							<String ID="string_164" HPOS="695" VPOS="1040" WIDTH="193" HEIGHT="29" WC="0.96" CONTENT="ordnandet"/><SP WIDTH="28" VPOS="1040" HPOS="888"/>
							<String ID="string_165" HPOS="916" VPOS="1049" WIDTH="42" HEIGHT="20" WC="0.96" CONTENT="av"/><SP WIDTH="26" VPOS="1049" HPOS="958"/>
							<String ID="string_166" HPOS="984" VPOS="1039" WIDTH="114" HEIGHT="29" WC="0.96" CONTENT="denna"/><SP WIDTH="27" VPOS="1039" HPOS="1098"/>
							<String ID="string_167" HPOS="1125" VPOS="1038" WIDTH="227" HEIGHT="30" WC="0.96" CONTENT="verksamhet."/>
						</TextLine>
					</TextBlock>
					<TextBlock ID="block_4" HPOS="279" VPOS="1085" WIDTH="1505" HEIGHT="141">
						<TextLine ID="line_19" HPOS="324" VPOS="1085" WIDTH="1459" HEIGHT="40">
							<String ID="string_168" HPOS="324" VPOS="1089" WIDTH="13" HEIGHT="28" WC="0.90" CONTENT="I"/><SP WIDTH="30" VPOS="1089" HPOS="337"/>
							<String ID="string_169" HPOS="367" VPOS="1088" WIDTH="457" HEIGHT="37" WC="0.90" CONTENT="hushållningssällskapens"/><SP WIDTH="29" VPOS="1088" HPOS="824"/>
							<String ID="string_170" HPOS="853" VPOS="1089" WIDTH="147" HEIGHT="30" WC="0.91" CONTENT="ombuds"/><SP WIDTH="28" VPOS="1089" HPOS="1000"/>
							<String ID="string_171" HPOS="1028" VPOS="1089" WIDTH="379" HEIGHT="35" WC="0.91" CONTENT="förvaltningsutskotts"/><SP WIDTH="29" VPOS="1089" HPOS="1407"/>
							<String ID="string_172" HPOS="1436" VPOS="1087" WIDTH="216" HEIGHT="30" WC="0.93" CONTENT="sistnämnda"/><SP WIDTH="28" VPOS="1087" HPOS="1652"/>
							<String ID="string_173" HPOS="1680" VPOS="1085" WIDTH="103" HEIGHT="30" WC="0.90" CONTENT="fram-"/>
						</TextLine>
						<TextLine ID="line_20" HPOS="279" VPOS="1136" WIDTH="1505" HEIGHT="40">
							<String ID="string_174" HPOS="279" VPOS="1139" WIDTH="172" HEIGHT="37" WC="0.96" CONTENT="ställning,"/><SP WIDTH="20" VPOS="1139" HPOS="451"/>
							<String ID="string_175" HPOS="471" VPOS="1148" WIDTH="73" HEIGHT="20" WC="0.96" CONTENT="som"/><SP WIDTH="22" VPOS="1148" HPOS="544"/>
							<String ID="string_176" HPOS="566" VPOS="1139" WIDTH="104" HEIGHT="36" WC="0.95" CONTENT="enligt"/><SP WIDTH="20" VPOS="1139" HPOS="670"/>
							<String ID="string_177" HPOS="690" VPOS="1141" WIDTH="66" HEIGHT="29" WC="0.96" CONTENT="vad"/><SP WIDTH="18" VPOS="1141" HPOS="756"/>
							<String ID="string_178" HPOS="774" VPOS="1140" WIDTH="166" HEIGHT="29" WC="0.96" CONTENT="utskottet"/><SP WIDTH="21" VPOS="1140" HPOS="940"/>
							<String ID="string_179" HPOS="961" VPOS="1139" WIDTH="118" HEIGHT="31" WC="0.96" CONTENT="erfarit"/><SP WIDTH="19" VPOS="1139" HPOS="1079"/>
							<String ID="string_180" HPOS="1098" VPOS="1140" WIDTH="38" HEIGHT="29" WC="0.96" CONTENT="är"/><SP WIDTH="18" VPOS="1140" HPOS="1136"/>
							<String ID="string_181" HPOS="1154" VPOS="1139" WIDTH="168" HEIGHT="30" WC="0.96" CONTENT="beroende"/><SP WIDTH="19" VPOS="1139" HPOS="1322"/>
							<String ID="string_182" HPOS="1341" VPOS="1137" WIDTH="45" HEIGHT="37" WC="0.95" CONTENT="på"/><SP WIDTH="19" VPOS="1137" HPOS="1386"/>
							<String ID="string_183" HPOS="1405" VPOS="1137" WIDTH="121" HEIGHT="36" WC="0.95" CONTENT="Kungl."/><SP WIDTH="22" VPOS="1137" HPOS="1526"/>
							<String ID="string_184" HPOS="1548" VPOS="1136" WIDTH="119" HEIGHT="36" WC="0.93" CONTENT="Maj:ts"/><SP WIDTH="18" VPOS="1136" HPOS="1667"/>
							<String ID="string_185" HPOS="1685" VPOS="1137" WIDTH="99" HEIGHT="35" WC="0.91" CONTENT="pröv-"/>
						</TextLine>
						<TextLine ID="line_21" HPOS="281" VPOS="1189" WIDTH="698" HEIGHT="37">
							<String ID="string_186" HPOS="281" VPOS="1189" WIDTH="93" HEIGHT="36" WC="0.93" CONTENT="ning,"/><SP WIDTH="27" VPOS="1189" HPOS="374"/>
							<String ID="string_187" HPOS="401" VPOS="1189" WIDTH="137" HEIGHT="30" WC="0.92" CONTENT="anföres"/><SP WIDTH="25" VPOS="1189" HPOS="538"/>
							<String ID="string_188" HPOS="563" VPOS="1189" WIDTH="11" HEIGHT="29" WC="0.96" CONTENT="i"/><SP WIDTH="27" VPOS="1189" HPOS="574"/>
							<String ID="string_189" HPOS="601" VPOS="1190" WIDTH="183" HEIGHT="29" WC="0.96" CONTENT="huvudsak"/><SP WIDTH="25" VPOS="1190" HPOS="784"/>
							<String ID="string_190" HPOS="809" VPOS="1190" WIDTH="170" HEIGHT="36" WC="0.96" CONTENT="följande:"/>
						</TextLine>
					</TextBlock>
				</ComposedBlock>
				<ComposedBlock ID="cblock_3" HPOS="277" VPOS="1246" WIDTH="1510" HEIGHT="1269">
					<TextBlock ID="block_5" HPOS="277" VPOS="1246" WIDTH="1510" HEIGHT="1055">
						<TextLine ID="line_22" HPOS="323" VPOS="1246" WIDTH="1462" HEIGHT="39">
							<String ID="string_191" HPOS="323" VPOS="1248" WIDTH="406" HEIGHT="36" WC="0.90" CONTENT="Maskinanvändningen"/><SP WIDTH="23" VPOS="1248" HPOS="729"/>
							<String ID="string_192" HPOS="752" VPOS="1249" WIDTH="96" HEIGHT="29" WC="0.96" CONTENT="inom"/><SP WIDTH="25" VPOS="1249" HPOS="848"/>
							<String ID="string_193" HPOS="873" VPOS="1249" WIDTH="203" HEIGHT="36" WC="0.95" CONTENT="jordbruket"/><SP WIDTH="24" VPOS="1249" HPOS="1076"/>
							<String ID="string_194" HPOS="1100" VPOS="1247" WIDTH="55" HEIGHT="32" WC="0.96" CONTENT="får"/><SP WIDTH="23" VPOS="1247" HPOS="1155"/>
							<String ID="string_195" HPOS="1178" VPOS="1249" WIDTH="58" HEIGHT="30" WC="0.96" CONTENT="allt"/><SP WIDTH="25" VPOS="1249" HPOS="1236"/>
							<String ID="string_196" HPOS="1261" VPOS="1250" WIDTH="108" HEIGHT="28" WC="0.96" CONTENT="större"/><SP WIDTH="21" VPOS="1250" HPOS="1369"/>
							<String ID="string_197" HPOS="1390" VPOS="1246" WIDTH="218" HEIGHT="36" WC="0.96" CONTENT="omfattning,"/><SP WIDTH="27" VPOS="1246" HPOS="1608"/>
							<String ID="string_198" HPOS="1635" VPOS="1246" WIDTH="74" HEIGHT="37" WC="0.93" CONTENT="och,"/><SP WIDTH="14" VPOS="1246" HPOS="1709"/>
							<String ID="string_199" HPOS="1723" VPOS="1246" WIDTH="62" HEIGHT="29" WC="0.84" CONTENT="den"/>
						</TextLine>
						<TextLine ID="line_23" HPOS="278" VPOS="1287" WIDTH="1507" HEIGHT="40">
							<String ID="string_200" HPOS="278" VPOS="1291" WIDTH="206" HEIGHT="29" WC="0.91" CONTENT="maskinella"/><SP WIDTH="18" VPOS="1291" HPOS="484"/>
							<String ID="string_201" HPOS="502" VPOS="1291" WIDTH="240" HEIGHT="36" WC="0.96" CONTENT="utrustningen"/><SP WIDTH="19" VPOS="1291" HPOS="742"/>
							<String ID="string_202" HPOS="761" VPOS="1291" WIDTH="66" HEIGHT="30" WC="0.96" CONTENT="blir"/><SP WIDTH="20" VPOS="1291" HPOS="827"/>
							<String ID="string_203" HPOS="847" VPOS="1292" WIDTH="60" HEIGHT="29" WC="0.96" CONTENT="allt"/><SP WIDTH="19" VPOS="1292" HPOS="907"/>
							<String ID="string_204" HPOS="926" VPOS="1301" WIDTH="71" HEIGHT="20" WC="0.96" CONTENT="mer"/><SP WIDTH="19" VPOS="1301" HPOS="997"/>
							<String ID="string_205" HPOS="1016" VPOS="1291" WIDTH="236" HEIGHT="36" WC="0.96" CONTENT="komplicerad"/><SP WIDTH="20" VPOS="1291" HPOS="1252"/>
							<String ID="string_206" HPOS="1272" VPOS="1293" WIDTH="65" HEIGHT="28" WC="0.96" CONTENT="och"/><SP WIDTH="21" VPOS="1293" HPOS="1337"/>
							<String ID="string_207" HPOS="1358" VPOS="1291" WIDTH="135" HEIGHT="35" WC="0.96" CONTENT="dyrbar."/><SP WIDTH="21" VPOS="1291" HPOS="1493"/>
							<String ID="string_208" HPOS="1514" VPOS="1289" WIDTH="13" HEIGHT="29" WC="0.95" CONTENT="I"/><SP WIDTH="22" VPOS="1289" HPOS="1527"/>
							<String ID="string_209" HPOS="1549" VPOS="1298" WIDTH="133" HEIGHT="21" WC="0.96" CONTENT="samma"/><SP WIDTH="21" VPOS="1298" HPOS="1682"/>
							<String ID="string_210" HPOS="1703" VPOS="1287" WIDTH="82" HEIGHT="30" WC="0.96" CONTENT="mån"/>
						</TextLine>
						<TextLine ID="line_24" HPOS="279" VPOS="1331" WIDTH="1505" HEIGHT="39">
							<String ID="string_211" HPOS="279" VPOS="1333" WIDTH="87" HEIGHT="36" WC="0.96" CONTENT="stiga"/><SP WIDTH="17" VPOS="1333" HPOS="366"/>
							<String ID="string_212" HPOS="383" VPOS="1334" WIDTH="128" HEIGHT="29" WC="0.96" CONTENT="kraven"/><SP WIDTH="20" VPOS="1334" HPOS="511"/>
							<String ID="string_213" HPOS="531" VPOS="1333" WIDTH="44" HEIGHT="37" WC="0.96" CONTENT="på"/><SP WIDTH="19" VPOS="1333" HPOS="575"/>
							<String ID="string_214" HPOS="594" VPOS="1335" WIDTH="66" HEIGHT="29" WC="0.96" CONTENT="den"/><SP WIDTH="20" VPOS="1335" HPOS="660"/>
							<String ID="string_215" HPOS="680" VPOS="1334" WIDTH="157" HEIGHT="30" WC="0.96" CONTENT="tekniska"/><SP WIDTH="21" VPOS="1334" HPOS="837"/>
							<String ID="string_216" HPOS="858" VPOS="1335" WIDTH="247" HEIGHT="35" WC="0.96" CONTENT="kompetensen"/><SP WIDTH="18" VPOS="1335" HPOS="1105"/>
							<String ID="string_217" HPOS="1123" VPOS="1334" WIDTH="63" HEIGHT="31" WC="0.95" CONTENT="hos"/><SP WIDTH="20" VPOS="1334" HPOS="1186"/>
							<String ID="string_218" HPOS="1206" VPOS="1333" WIDTH="65" HEIGHT="30" WC="0.96" CONTENT="den"/><SP WIDTH="18" VPOS="1333" HPOS="1271"/>
							<String ID="string_219" HPOS="1289" VPOS="1333" WIDTH="170" HEIGHT="36" WC="0.96" CONTENT="personal,"/><SP WIDTH="19" VPOS="1333" HPOS="1459"/>
							<String ID="string_220" HPOS="1478" VPOS="1341" WIDTH="74" HEIGHT="21" WC="0.96" CONTENT="som"/><SP WIDTH="20" VPOS="1341" HPOS="1552"/>
							<String ID="string_221" HPOS="1572" VPOS="1332" WIDTH="86" HEIGHT="29" WC="0.93" CONTENT="skall"/><SP WIDTH="19" VPOS="1332" HPOS="1658"/>
							<String ID="string_222" HPOS="1677" VPOS="1331" WIDTH="107" HEIGHT="29" WC="0.91" CONTENT="hand-"/>
						</TextLine>
						<TextLine ID="line_25" HPOS="277" VPOS="1372" WIDTH="1507" HEIGHT="40">
							<String ID="string_223" HPOS="277" VPOS="1376" WIDTH="92" HEIGHT="30" WC="0.96" CONTENT="hava"/><SP WIDTH="20" VPOS="1376" HPOS="369"/>
							<String ID="string_224" HPOS="389" VPOS="1376" WIDTH="231" HEIGHT="36" WC="0.95" CONTENT="maskinerna,"/><SP WIDTH="23" VPOS="1376" HPOS="620"/>
							<String ID="string_225" HPOS="643" VPOS="1377" WIDTH="64" HEIGHT="29" WC="0.96" CONTENT="och"/><SP WIDTH="21" VPOS="1377" HPOS="707"/>
							<String ID="string_226" HPOS="728" VPOS="1377" WIDTH="83" HEIGHT="29" WC="0.96" CONTENT="ökas"/><SP WIDTH="21" VPOS="1377" HPOS="811"/>
							<String ID="string_227" HPOS="832" VPOS="1377" WIDTH="146" HEIGHT="29" WC="0.96" CONTENT="behovet"/><SP WIDTH="20" VPOS="1377" HPOS="978"/>
							<String ID="string_228" HPOS="998" VPOS="1386" WIDTH="40" HEIGHT="20" WC="0.93" CONTENT="av"/><SP WIDTH="22" VPOS="1386" HPOS="1038"/>
							<String ID="string_229" HPOS="1060" VPOS="1376" WIDTH="276" HEIGHT="29" WC="0.91" CONTENT="maskinteknisk"/><SP WIDTH="22" VPOS="1376" HPOS="1336"/>
							<String ID="string_230" HPOS="1358" VPOS="1376" WIDTH="63" HEIGHT="29" WC="0.93" CONTENT="och"/><SP WIDTH="20" VPOS="1376" HPOS="1421"/>
							<String ID="string_231" HPOS="1441" VPOS="1372" WIDTH="343" HEIGHT="31" WC="0.91" CONTENT="maskinekonomisk"/>
						</TextLine>
						<TextLine ID="line_26" HPOS="279" VPOS="1416" WIDTH="1506" HEIGHT="39">
							<String ID="string_232" HPOS="279" VPOS="1418" WIDTH="204" HEIGHT="37" WC="0.96" CONTENT="rådgivning"/><SP WIDTH="32" VPOS="1418" HPOS="483"/>
							<String ID="string_233" HPOS="515" VPOS="1418" WIDTH="35" HEIGHT="31" WC="0.95" CONTENT="åt"/><SP WIDTH="31" VPOS="1418" HPOS="550"/>
							<String ID="string_234" HPOS="581" VPOS="1419" WIDTH="266" HEIGHT="36" WC="0.93" CONTENT="jordbrukarna."/><SP WIDTH="33" VPOS="1419" HPOS="847"/>
							<String ID="string_235" HPOS="880" VPOS="1418" WIDTH="246" HEIGHT="37" WC="0.90" CONTENT="Rådgivnings-"/><SP WIDTH="33" VPOS="1418" HPOS="1126"/>
							<String ID="string_236" HPOS="1159" VPOS="1418" WIDTH="63" HEIGHT="29" WC="0.86" CONTENT="och"/><SP WIDTH="33" VPOS="1418" HPOS="1222"/>
							<String ID="string_237" HPOS="1255" VPOS="1416" WIDTH="530" HEIGHT="36" WC="0.86" CONTENT="undervisningsverksamheten"/>
						</TextLine>
						<TextLine ID="line_27" HPOS="278" VPOS="1457" WIDTH="1507" HEIGHT="39">
							<String ID="string_238" HPOS="278" VPOS="1460" WIDTH="46" HEIGHT="36" WC="0.96" CONTENT="på"/><SP WIDTH="23" VPOS="1460" HPOS="324"/>
							<String ID="string_239" HPOS="347" VPOS="1462" WIDTH="91" HEIGHT="29" WC="0.96" CONTENT="detta"/><SP WIDTH="24" VPOS="1462" HPOS="438"/>
							<String ID="string_240" HPOS="462" VPOS="1461" WIDTH="142" HEIGHT="30" WC="0.96" CONTENT="område"/><SP WIDTH="24" VPOS="1461" HPOS="604"/>
							<String ID="string_241" HPOS="628" VPOS="1462" WIDTH="62" HEIGHT="29" WC="0.96" CONTENT="har"/><SP WIDTH="23" VPOS="1462" HPOS="690"/>
							<String ID="string_242" HPOS="713" VPOS="1461" WIDTH="188" HEIGHT="30" WC="0.96" CONTENT="emellertid"/><SP WIDTH="24" VPOS="1461" HPOS="901"/>
							<String ID="string_243" HPOS="925" VPOS="1461" WIDTH="217" HEIGHT="30" WC="0.96" CONTENT="fortfarande"/><SP WIDTH="22" VPOS="1461" HPOS="1142"/>
							<String ID="string_244" HPOS="1164" VPOS="1461" WIDTH="119" HEIGHT="29" WC="0.96" CONTENT="endast"/><SP WIDTH="22" VPOS="1461" HPOS="1283"/>
							<String ID="string_245" HPOS="1305" VPOS="1460" WIDTH="157" HEIGHT="35" WC="0.96" CONTENT="blygsam"/><SP WIDTH="26" VPOS="1460" HPOS="1462"/>
							<String ID="string_246" HPOS="1488" VPOS="1458" WIDTH="208" HEIGHT="35" WC="0.96" CONTENT="omfattning"/><SP WIDTH="24" VPOS="1458" HPOS="1696"/>
							<String ID="string_247" HPOS="1720" VPOS="1457" WIDTH="65" HEIGHT="30" WC="0.96" CONTENT="och"/>
						</TextLine>
						<TextLine ID="line_28" HPOS="279" VPOS="1499" WIDTH="1505" HEIGHT="40">
							<String ID="string_248" HPOS="279" VPOS="1504" WIDTH="63" HEIGHT="29" WC="0.93" CONTENT="bär"/><SP WIDTH="27" VPOS="1504" HPOS="342"/>
							<String ID="string_249" HPOS="369" VPOS="1504" WIDTH="354" HEIGHT="35" WC="0.86" CONTENT="tillfällighetsprägel."/><SP WIDTH="29" VPOS="1504" HPOS="723"/>
							<String ID="string_250" HPOS="752" VPOS="1504" WIDTH="49" HEIGHT="29" WC="0.96" CONTENT="De"/><SP WIDTH="24" VPOS="1504" HPOS="801"/>
							<String ID="string_251" HPOS="825" VPOS="1504" WIDTH="140" HEIGHT="34" WC="0.95" CONTENT="värden,"/><SP WIDTH="27" VPOS="1504" HPOS="965"/>
							<String ID="string_252" HPOS="992" VPOS="1513" WIDTH="74" HEIGHT="20" WC="0.96" CONTENT="som"/><SP WIDTH="23" VPOS="1513" HPOS="1066"/>
							<String ID="string_253" HPOS="1089" VPOS="1503" WIDTH="201" HEIGHT="35" WC="0.96" CONTENT="härigenom"/><SP WIDTH="24" VPOS="1503" HPOS="1290"/>
							<String ID="string_254" HPOS="1314" VPOS="1501" WIDTH="146" HEIGHT="30" WC="0.96" CONTENT="kommit"/><SP WIDTH="25" VPOS="1501" HPOS="1460"/>
							<String ID="string_255" HPOS="1485" VPOS="1504" WIDTH="47" HEIGHT="27" WC="0.96" CONTENT="att"/><SP WIDTH="26" VPOS="1504" HPOS="1532"/>
							<String ID="string_256" HPOS="1558" VPOS="1499" WIDTH="52" HEIGHT="31" WC="0.96" CONTENT="stå"/><SP WIDTH="23" VPOS="1499" HPOS="1610"/>
							<String ID="string_257" HPOS="1633" VPOS="1499" WIDTH="45" HEIGHT="37" WC="0.96" CONTENT="på"/><SP WIDTH="25" VPOS="1499" HPOS="1678"/>
							<String ID="string_258" HPOS="1703" VPOS="1500" WIDTH="81" HEIGHT="35" WC="0.95" CONTENT="spel,"/>
						</TextLine>
						<TextLine ID="line_29" HPOS="279" VPOS="1543" WIDTH="1505" HEIGHT="39">
							<String ID="string_259" HPOS="279" VPOS="1547" WIDTH="60" HEIGHT="29" WC="0.96" CONTENT="äro"/><SP WIDTH="24" VPOS="1547" HPOS="339"/>
							<String ID="string_260" HPOS="363" VPOS="1546" WIDTH="37" HEIGHT="30" WC="0.96" CONTENT="så"/><SP WIDTH="21" VPOS="1546" HPOS="400"/>
							<String ID="string_261" HPOS="421" VPOS="1550" WIDTH="99" HEIGHT="31" WC="0.96" CONTENT="stora,"/><SP WIDTH="23" VPOS="1550" HPOS="520"/>
							<String ID="string_262" HPOS="543" VPOS="1549" WIDTH="49" HEIGHT="27" WC="0.95" CONTENT="att"/><SP WIDTH="23" VPOS="1549" HPOS="592"/>
							<String ID="string_263" HPOS="615" VPOS="1548" WIDTH="56" HEIGHT="28" WC="0.96" CONTENT="det"/><SP WIDTH="21" VPOS="1548" HPOS="671"/>
							<String ID="string_264" HPOS="692" VPOS="1555" WIDTH="97" HEIGHT="27" WC="0.96" CONTENT="synes"/><SP WIDTH="22" VPOS="1555" HPOS="789"/>
							<String ID="string_265" HPOS="811" VPOS="1545" WIDTH="247" HEIGHT="36" WC="0.95" CONTENT="ofrånkomligt"/><SP WIDTH="22" VPOS="1545" HPOS="1058"/>
							<String ID="string_266" HPOS="1080" VPOS="1548" WIDTH="48" HEIGHT="27" WC="0.96" CONTENT="att"/><SP WIDTH="24" VPOS="1548" HPOS="1128"/>
							<String ID="string_267" HPOS="1152" VPOS="1548" WIDTH="131" HEIGHT="27" WC="0.96" CONTENT="snarast"/><SP WIDTH="22" VPOS="1548" HPOS="1283"/>
							<String ID="string_268" HPOS="1305" VPOS="1544" WIDTH="237" HEIGHT="30" WC="0.95" CONTENT="rationalisera"/><SP WIDTH="24" VPOS="1544" HPOS="1542"/>
							<String ID="string_269" HPOS="1566" VPOS="1543" WIDTH="65" HEIGHT="29" WC="0.93" CONTENT="och"/><SP WIDTH="22" VPOS="1543" HPOS="1631"/>
							<String ID="string_270" HPOS="1653" VPOS="1543" WIDTH="131" HEIGHT="29" WC="0.91" CONTENT="väsent-"/>
						</TextLine>
						<TextLine ID="line_30" HPOS="280" VPOS="1584" WIDTH="1503" HEIGHT="41">
							<String ID="string_271" HPOS="280" VPOS="1589" WIDTH="59" HEIGHT="36" WC="0.96" CONTENT="ligt"/><SP WIDTH="25" VPOS="1589" HPOS="339"/>
							<String ID="string_272" HPOS="364" VPOS="1589" WIDTH="138" HEIGHT="35" WC="0.96" CONTENT="utvidga"/><SP WIDTH="25" VPOS="1589" HPOS="502"/>
							<String ID="string_273" HPOS="527" VPOS="1588" WIDTH="264" HEIGHT="36" WC="0.96" CONTENT="ifrågavarande"/><SP WIDTH="25" VPOS="1588" HPOS="791"/>
							<String ID="string_274" HPOS="816" VPOS="1588" WIDTH="229" HEIGHT="35" WC="0.95" CONTENT="verksamhet,"/><SP WIDTH="28" VPOS="1588" HPOS="1045"/>
							<String ID="string_275" HPOS="1073" VPOS="1589" WIDTH="87" HEIGHT="28" WC="0.96" CONTENT="även"/><SP WIDTH="25" VPOS="1589" HPOS="1160"/>
							<String ID="string_276" HPOS="1185" VPOS="1597" WIDTH="55" HEIGHT="19" WC="0.96" CONTENT="om"/><SP WIDTH="24" VPOS="1597" HPOS="1240"/>
							<String ID="string_277" HPOS="1264" VPOS="1587" WIDTH="93" HEIGHT="29" WC="0.96" CONTENT="detta"/><SP WIDTH="26" VPOS="1587" HPOS="1357"/>
							<String ID="string_278" HPOS="1383" VPOS="1586" WIDTH="108" HEIGHT="29" WC="0.96" CONTENT="skulle"/><SP WIDTH="24" VPOS="1586" HPOS="1491"/>
							<String ID="string_279" HPOS="1515" VPOS="1584" WIDTH="159" HEIGHT="31" WC="0.93" CONTENT="medföra"/><SP WIDTH="24" VPOS="1584" HPOS="1674"/>
							<String ID="string_280" HPOS="1698" VPOS="1584" WIDTH="85" HEIGHT="36" WC="0.92" CONTENT="jäm-"/>
						</TextLine>
						<TextLine ID="line_31" HPOS="278" VPOS="1626" WIDTH="1508" HEIGHT="38">
							<String ID="string_281" HPOS="278" VPOS="1631" WIDTH="178" HEIGHT="30" WC="0.91" CONTENT="förelsevis"/><SP WIDTH="22" VPOS="1631" HPOS="456"/>
							<String ID="string_282" HPOS="478" VPOS="1634" WIDTH="90" HEIGHT="27" WC="0.96" CONTENT="stora"/><SP WIDTH="21" VPOS="1634" HPOS="568"/>
							<String ID="string_283" HPOS="589" VPOS="1632" WIDTH="184" HEIGHT="29" WC="0.96" CONTENT="kostnader"/><SP WIDTH="20" VPOS="1632" HPOS="773"/>
							<String ID="string_284" HPOS="793" VPOS="1630" WIDTH="55" HEIGHT="30" WC="0.96" CONTENT="för"/><SP WIDTH="22" VPOS="1630" HPOS="848"/>
							<String ID="string_285" HPOS="870" VPOS="1631" WIDTH="56" HEIGHT="29" WC="0.96" CONTENT="det"/><SP WIDTH="21" VPOS="1631" HPOS="926"/>
							<String ID="string_286" HPOS="947" VPOS="1631" WIDTH="185" HEIGHT="31" WC="0.93" CONTENT="allmänna."/><SP WIDTH="26" VPOS="1631" HPOS="1132"/>
							<String ID="string_287" HPOS="1158" VPOS="1628" WIDTH="404" HEIGHT="36" WC="0.92" CONTENT="Förvaltningsutskottet"/><SP WIDTH="23" VPOS="1628" HPOS="1562"/>
							<String ID="string_288" HPOS="1585" VPOS="1626" WIDTH="55" HEIGHT="31" WC="0.96" CONTENT="får"/><SP WIDTH="21" VPOS="1626" HPOS="1640"/>
							<String ID="string_289" HPOS="1661" VPOS="1627" WIDTH="10" HEIGHT="29" WC="0.96" CONTENT="i"/><SP WIDTH="23" VPOS="1627" HPOS="1671"/>
							<String ID="string_290" HPOS="1694" VPOS="1627" WIDTH="92" HEIGHT="29" WC="0.96" CONTENT="detta"/>
						</TextLine>
						<TextLine ID="line_32" HPOS="279" VPOS="1669" WIDTH="1506" HEIGHT="41">
							<String ID="string_291" HPOS="279" VPOS="1674" WIDTH="253" HEIGHT="36" WC="0.96" CONTENT="sammanhang"/><SP WIDTH="23" VPOS="1674" HPOS="532"/>
							<String ID="string_292" HPOS="555" VPOS="1673" WIDTH="114" HEIGHT="30" WC="0.96" CONTENT="erinra"/><SP WIDTH="24" VPOS="1673" HPOS="669"/>
							<String ID="string_293" HPOS="693" VPOS="1683" WIDTH="65" HEIGHT="24" WC="0.96" CONTENT="om,"/><SP WIDTH="24" VPOS="1683" HPOS="758"/>
							<String ID="string_294" HPOS="782" VPOS="1676" WIDTH="48" HEIGHT="26" WC="0.96" CONTENT="att"/><SP WIDTH="23" VPOS="1676" HPOS="830"/>
							<String ID="string_295" HPOS="853" VPOS="1673" WIDTH="106" HEIGHT="30" WC="0.96" CONTENT="redan"/><SP WIDTH="24" VPOS="1673" HPOS="959"/>
							<String ID="string_296" HPOS="983" VPOS="1673" WIDTH="81" HEIGHT="29" WC="0.96" CONTENT="1937"/><SP WIDTH="27" VPOS="1673" HPOS="1064"/>
							<String ID="string_297" HPOS="1091" VPOS="1671" WIDTH="55" HEIGHT="31" WC="0.95" CONTENT="års"/><SP WIDTH="23" VPOS="1671" HPOS="1146"/>
							<String ID="string_298" HPOS="1169" VPOS="1671" WIDTH="182" HEIGHT="36" WC="0.96" CONTENT="utredning"/><SP WIDTH="22" VPOS="1671" HPOS="1351"/>
							<String ID="string_299" HPOS="1373" VPOS="1669" WIDTH="176" HEIGHT="37" WC="0.96" CONTENT="angående"/><SP WIDTH="24" VPOS="1669" HPOS="1549"/>
							<String ID="string_300" HPOS="1573" VPOS="1670" WIDTH="56" HEIGHT="29" WC="0.96" CONTENT="det"/><SP WIDTH="22" VPOS="1670" HPOS="1629"/>
							<String ID="string_301" HPOS="1651" VPOS="1669" WIDTH="134" HEIGHT="30" WC="0.95" CONTENT="mindre"/>
						</TextLine>
						<TextLine ID="line_33" HPOS="279" VPOS="1710" WIDTH="1506" HEIGHT="42">
							<String ID="string_302" HPOS="279" VPOS="1716" WIDTH="221" HEIGHT="36" WC="0.93" CONTENT="jordbrukets"/><SP WIDTH="24" VPOS="1716" HPOS="500"/>
							<String ID="string_303" HPOS="524" VPOS="1715" WIDTH="360" HEIGHT="31" WC="0.90" CONTENT="arbetsförhåilanden"/><SP WIDTH="24" VPOS="1715" HPOS="884"/>
							<String ID="string_304" HPOS="908" VPOS="1716" WIDTH="9" HEIGHT="29" WC="0.96" CONTENT="i"/><SP WIDTH="25" VPOS="1716" HPOS="917"/>
							<String ID="string_305" HPOS="942" VPOS="1714" WIDTH="56" HEIGHT="30" WC="0.96" CONTENT="sitt"/><SP WIDTH="22" VPOS="1714" HPOS="998"/>
							<String ID="string_306" HPOS="1020" VPOS="1714" WIDTH="219" HEIGHT="30" WC="0.96" CONTENT="betänkande"/><SP WIDTH="25" VPOS="1714" HPOS="1239"/>
							<String ID="string_307" HPOS="1264" VPOS="1714" WIDTH="67" HEIGHT="29" WC="0.96" CONTENT="den"/><SP WIDTH="24" VPOS="1714" HPOS="1331"/>
							<String ID="string_308" HPOS="1355" VPOS="1714" WIDTH="41" HEIGHT="29" WC="0.95" CONTENT="30"/><SP WIDTH="25" VPOS="1714" HPOS="1396"/>
							<String ID="string_309" HPOS="1421" VPOS="1713" WIDTH="142" HEIGHT="29" WC="0.96" CONTENT="oktober"/><SP WIDTH="26" VPOS="1713" HPOS="1563"/>
							<String ID="string_310" HPOS="1589" VPOS="1721" WIDTH="132" HEIGHT="21" WC="0.96" CONTENT="samma"/><SP WIDTH="26" VPOS="1721" HPOS="1721"/>
							<String ID="string_311" HPOS="1747" VPOS="1710" WIDTH="38" HEIGHT="30" WC="0.96" CONTENT="år"/>
						</TextLine>
						<TextLine ID="line_34" HPOS="280" VPOS="1753" WIDTH="1504" HEIGHT="41">
							<String ID="string_312" HPOS="280" VPOS="1757" WIDTH="178" HEIGHT="37" WC="0.95" CONTENT="angående"/><SP WIDTH="21" VPOS="1757" HPOS="458"/>
							<String ID="string_313" HPOS="479" VPOS="1767" WIDTH="200" HEIGHT="27" WC="0.93" CONTENT="gemensam"/><SP WIDTH="26" VPOS="1767" HPOS="679"/>
							<String ID="string_314" HPOS="705" VPOS="1756" WIDTH="362" HEIGHT="36" WC="0.90" CONTENT="maskinanvändning"/><SP WIDTH="27" VPOS="1756" HPOS="1067"/>
							<String ID="string_315" HPOS="1094" VPOS="1757" WIDTH="95" HEIGHT="29" WC="0.95" CONTENT="inom"/><SP WIDTH="25" VPOS="1757" HPOS="1189"/>
							<String ID="string_316" HPOS="1214" VPOS="1756" WIDTH="55" HEIGHT="30" WC="0.96" CONTENT="det"/><SP WIDTH="26" VPOS="1756" HPOS="1269"/>
							<String ID="string_317" HPOS="1295" VPOS="1756" WIDTH="134" HEIGHT="29" WC="0.96" CONTENT="mindre"/><SP WIDTH="23" VPOS="1756" HPOS="1429"/>
							<String ID="string_318" HPOS="1452" VPOS="1755" WIDTH="205" HEIGHT="36" WC="0.93" CONTENT="jordbruket"/><SP WIDTH="22" VPOS="1755" HPOS="1657"/>
							<String ID="string_319" HPOS="1679" VPOS="1753" WIDTH="105" HEIGHT="30" WC="0.92" CONTENT="fram-"/>
						</TextLine>
						<TextLine ID="line_35" HPOS="279" VPOS="1796" WIDTH="1505" HEIGHT="40">
							<String ID="string_320" HPOS="279" VPOS="1801" WIDTH="71" HEIGHT="29" WC="0.96" CONTENT="höll"/><SP WIDTH="22" VPOS="1801" HPOS="350"/>
							<String ID="string_321" HPOS="372" VPOS="1801" WIDTH="96" HEIGHT="30" WC="0.96" CONTENT="dessa"/><SP WIDTH="23" VPOS="1801" HPOS="468"/>
							<String ID="string_322" HPOS="491" VPOS="1801" WIDTH="215" HEIGHT="35" WC="0.86" CONTENT="synpunkter"/><SP WIDTH="21" VPOS="1801" HPOS="706"/>
							<String ID="string_323" HPOS="727" VPOS="1801" WIDTH="63" HEIGHT="28" WC="0.95" CONTENT="och"/><SP WIDTH="22" VPOS="1801" HPOS="790"/>
							<String ID="string_324" HPOS="812" VPOS="1799" WIDTH="138" HEIGHT="31" WC="0.95" CONTENT="särskilt"/><SP WIDTH="21" VPOS="1799" HPOS="950"/>
							<String ID="string_325" HPOS="971" VPOS="1799" WIDTH="206" HEIGHT="29" WC="0.96" CONTENT="underströk"/><SP WIDTH="22" VPOS="1799" HPOS="1177"/>
							<String ID="string_326" HPOS="1199" VPOS="1799" WIDTH="145" HEIGHT="29" WC="0.96" CONTENT="behovet"/><SP WIDTH="21" VPOS="1799" HPOS="1344"/>
							<String ID="string_327" HPOS="1365" VPOS="1807" WIDTH="42" HEIGHT="22" WC="0.93" CONTENT="av"/><SP WIDTH="20" VPOS="1807" HPOS="1407"/>
							<String ID="string_328" HPOS="1427" VPOS="1796" WIDTH="357" HEIGHT="30" WC="0.91" CONTENT="maskinskötarekur-"/>
						</TextLine>
						<TextLine ID="line_36" HPOS="280" VPOS="1838" WIDTH="1506" HEIGHT="40">
							<String ID="string_329" HPOS="280" VPOS="1852" WIDTH="53" HEIGHT="21" WC="0.96" CONTENT="ser"/><SP WIDTH="21" VPOS="1852" HPOS="333"/>
							<String ID="string_330" HPOS="354" VPOS="1844" WIDTH="65" HEIGHT="29" WC="0.93" CONTENT="och"/><SP WIDTH="24" VPOS="1844" HPOS="419"/>
							<String ID="string_331" HPOS="443" VPOS="1842" WIDTH="322" HEIGHT="36" WC="0.90" CONTENT="specialutbildning"/><SP WIDTH="21" VPOS="1842" HPOS="765"/>
							<String ID="string_332" HPOS="786" VPOS="1842" WIDTH="55" HEIGHT="30" WC="0.96" CONTENT="för"/><SP WIDTH="24" VPOS="1842" HPOS="841"/>
							<String ID="string_333" HPOS="865" VPOS="1842" WIDTH="254" HEIGHT="35" WC="0.96" CONTENT="landsbygdens"/><SP WIDTH="22" VPOS="1842" HPOS="1119"/>
							<String ID="string_334" HPOS="1141" VPOS="1840" WIDTH="141" HEIGHT="31" WC="0.90" CONTENT="smeder."/><SP WIDTH="24" VPOS="1840" HPOS="1282"/>
							<String ID="string_335" HPOS="1306" VPOS="1840" WIDTH="197" HEIGHT="29" WC="0.91" CONTENT="Emellertid"/><SP WIDTH="22" VPOS="1840" HPOS="1503"/>
							<String ID="string_336" HPOS="1525" VPOS="1839" WIDTH="87" HEIGHT="29" WC="0.95" CONTENT="fann"/><SP WIDTH="22" VPOS="1839" HPOS="1612"/>
							<String ID="string_337" HPOS="1634" VPOS="1838" WIDTH="152" HEIGHT="30" WC="0.95" CONTENT="nämnda"/>
						</TextLine>
						<TextLine ID="line_37" HPOS="279" VPOS="1881" WIDTH="1505" HEIGHT="40">
							<String ID="string_338" HPOS="279" VPOS="1885" WIDTH="194" HEIGHT="36" WC="0.95" CONTENT="utredning,"/><SP WIDTH="21" VPOS="1885" HPOS="473"/>
							<String ID="string_339" HPOS="494" VPOS="1888" WIDTH="48" HEIGHT="27" WC="0.95" CONTENT="att"/><SP WIDTH="18" VPOS="1888" HPOS="542"/>
							<String ID="string_340" HPOS="560" VPOS="1885" WIDTH="207" HEIGHT="30" WC="0.96" CONTENT="hithörande"/><SP WIDTH="19" VPOS="1885" HPOS="767"/>
							<String ID="string_341" HPOS="786" VPOS="1883" WIDTH="118" HEIGHT="36" WC="0.93" CONTENT="frågor"/><SP WIDTH="18" VPOS="1883" HPOS="904"/>
							<String ID="string_342" HPOS="922" VPOS="1883" WIDTH="81" HEIGHT="30" WC="0.92" CONTENT="fölle"/><SP WIDTH="19" VPOS="1883" HPOS="1003"/>
							<String ID="string_343" HPOS="1022" VPOS="1883" WIDTH="141" HEIGHT="30" WC="0.96" CONTENT="utanför"/><SP WIDTH="19" VPOS="1883" HPOS="1163"/>
							<String ID="string_344" HPOS="1182" VPOS="1883" WIDTH="54" HEIGHT="29" WC="0.96" CONTENT="det"/><SP WIDTH="21" VPOS="1883" HPOS="1236"/>
							<String ID="string_345" HPOS="1257" VPOS="1881" WIDTH="155" HEIGHT="32" WC="0.92" CONTENT="erhållna"/><SP WIDTH="20" VPOS="1881" HPOS="1412"/>
							<String ID="string_346" HPOS="1432" VPOS="1881" WIDTH="352" HEIGHT="36" WC="0.91" CONTENT="utredningsuppdra-"/>
						</TextLine>
						<TextLine ID="line_38" HPOS="279" VPOS="1924" WIDTH="1508" HEIGHT="40">
							<String ID="string_347" HPOS="279" VPOS="1931" WIDTH="64" HEIGHT="33" WC="0.96" CONTENT="get,"/><SP WIDTH="27" VPOS="1931" HPOS="343"/>
							<String ID="string_348" HPOS="370" VPOS="1928" WIDTH="117" HEIGHT="29" WC="0.96" CONTENT="varför"/><SP WIDTH="24" VPOS="1928" HPOS="487"/>
							<String ID="string_349" HPOS="511" VPOS="1927" WIDTH="79" HEIGHT="35" WC="0.96" CONTENT="inga"/><SP WIDTH="24" VPOS="1927" HPOS="590"/>
							<String ID="string_350" HPOS="614" VPOS="1927" WIDTH="127" HEIGHT="36" WC="0.95" CONTENT="förslag"/><SP WIDTH="22" VPOS="1927" HPOS="741"/>
							<String ID="string_351" HPOS="763" VPOS="1926" WIDTH="10" HEIGHT="29" WC="0.96" CONTENT="i"/><SP WIDTH="22" VPOS="1926" HPOS="773"/>
							<String ID="string_352" HPOS="795" VPOS="1928" WIDTH="117" HEIGHT="28" WC="0.96" CONTENT="ämnet"/><SP WIDTH="25" VPOS="1928" HPOS="912"/>
							<String ID="string_353" HPOS="937" VPOS="1926" WIDTH="197" HEIGHT="29" WC="0.95" CONTENT="framlades."/><SP WIDTH="24" VPOS="1926" HPOS="1134"/>
							<String ID="string_354" HPOS="1158" VPOS="1925" WIDTH="123" HEIGHT="29" WC="0.96" CONTENT="Vidare"/><SP WIDTH="22" VPOS="1925" HPOS="1281"/>
							<String ID="string_355" HPOS="1303" VPOS="1924" WIDTH="171" HEIGHT="35" WC="0.96" CONTENT="förtjänar"/><SP WIDTH="24" VPOS="1924" HPOS="1474"/>
							<String ID="string_356" HPOS="1498" VPOS="1924" WIDTH="216" HEIGHT="33" WC="0.94" CONTENT="omnämnas,"/><SP WIDTH="24" VPOS="1924" HPOS="1714"/>
							<String ID="string_357" HPOS="1738" VPOS="1925" WIDTH="49" HEIGHT="27" WC="0.96" CONTENT="att"/>
						</TextLine>
						<TextLine ID="line_39" HPOS="280" VPOS="1965" WIDTH="1505" HEIGHT="41">
							<String ID="string_358" HPOS="280" VPOS="1971" WIDTH="351" HEIGHT="35" WC="0.91" CONTENT="lantbruksstyrelsen"/><SP WIDTH="23" VPOS="1971" HPOS="631"/>
							<String ID="string_359" HPOS="654" VPOS="1970" WIDTH="9" HEIGHT="29" WC="0.96" CONTENT="i"/><SP WIDTH="25" VPOS="1970" HPOS="663"/>
							<String ID="string_360" HPOS="688" VPOS="1969" WIDTH="54" HEIGHT="30" WC="0.95" CONTENT="sitt"/><SP WIDTH="22" VPOS="1969" HPOS="742"/>
							<String ID="string_361" HPOS="764" VPOS="1969" WIDTH="66" HEIGHT="30" WC="0.96" CONTENT="den"/><SP WIDTH="27" VPOS="1969" HPOS="830"/>
							<String ID="string_362" HPOS="857" VPOS="1969" WIDTH="14" HEIGHT="29" WC="0.95" CONTENT="1"/><SP WIDTH="25" VPOS="1969" HPOS="871"/>
							<String ID="string_363" HPOS="896" VPOS="1968" WIDTH="63" HEIGHT="36" WC="0.95" CONTENT="juli"/><SP WIDTH="26" VPOS="1968" HPOS="959"/>
							<String ID="string_364" HPOS="985" VPOS="1968" WIDTH="83" HEIGHT="29" WC="0.95" CONTENT="1940"/><SP WIDTH="25" VPOS="1968" HPOS="1068"/>
							<String ID="string_365" HPOS="1093" VPOS="1967" WIDTH="145" HEIGHT="35" WC="0.96" CONTENT="avgivna"/><SP WIDTH="21" VPOS="1967" HPOS="1238"/>
							<String ID="string_366" HPOS="1259" VPOS="1966" WIDTH="219" HEIGHT="30" WC="0.96" CONTENT="betänkande"/><SP WIDTH="21" VPOS="1966" HPOS="1478"/>
							<String ID="string_367" HPOS="1499" VPOS="1965" WIDTH="178" HEIGHT="36" WC="0.93" CONTENT="angående"/><SP WIDTH="22" VPOS="1965" HPOS="1677"/>
							<String ID="string_368" HPOS="1699" VPOS="1965" WIDTH="86" HEIGHT="30" WC="0.91" CONTENT="lant-"/>
						</TextLine>
						<TextLine ID="line_40" HPOS="279" VPOS="2007" WIDTH="1506" HEIGHT="40">
							<String ID="string_369" HPOS="279" VPOS="2013" WIDTH="143" HEIGHT="31" WC="0.91" CONTENT="brukets"/><SP WIDTH="21" VPOS="2013" HPOS="422"/>
							<String ID="string_370" HPOS="443" VPOS="2011" WIDTH="241" HEIGHT="36" WC="0.89" CONTENT="lärlingsfråga"/><SP WIDTH="20" VPOS="2011" HPOS="684"/>
							<String ID="string_371" HPOS="704" VPOS="2011" WIDTH="170" HEIGHT="30" WC="0.96" CONTENT="betonade"/><SP WIDTH="24" VPOS="2011" HPOS="874"/>
							<String ID="string_372" HPOS="898" VPOS="2011" WIDTH="55" HEIGHT="30" WC="0.96" CONTENT="det"/><SP WIDTH="20" VPOS="2011" HPOS="953"/>
							<String ID="string_373" HPOS="973" VPOS="2011" WIDTH="157" HEIGHT="29" WC="0.96" CONTENT="växande"/><SP WIDTH="20" VPOS="2011" HPOS="1130"/>
							<String ID="string_374" HPOS="1150" VPOS="2010" WIDTH="144" HEIGHT="29" WC="0.96" CONTENT="behovet"/><SP WIDTH="22" VPOS="2010" HPOS="1294"/>
							<String ID="string_375" HPOS="1316" VPOS="2019" WIDTH="42" HEIGHT="20" WC="0.93" CONTENT="av"/><SP WIDTH="22" VPOS="2019" HPOS="1358"/>
							<String ID="string_376" HPOS="1380" VPOS="2007" WIDTH="273" HEIGHT="36" WC="0.91" CONTENT="maskinkunnig"/><SP WIDTH="19" VPOS="2007" HPOS="1653"/>
							<String ID="string_377" HPOS="1672" VPOS="2016" WIDTH="113" HEIGHT="27" WC="0.92" CONTENT="perso-"/>
						</TextLine>
						<TextLine ID="line_41" HPOS="280" VPOS="2048" WIDTH="1506" HEIGHT="42">
							<String ID="string_378" HPOS="280" VPOS="2057" WIDTH="57" HEIGHT="29" WC="0.95" CONTENT="nal"/><SP WIDTH="20" VPOS="2057" HPOS="337"/>
							<String ID="string_379" HPOS="357" VPOS="2056" WIDTH="10" HEIGHT="29" WC="0.96" CONTENT="i"/><SP WIDTH="20" VPOS="2056" HPOS="367"/>
							<String ID="string_380" HPOS="387" VPOS="2055" WIDTH="221" HEIGHT="35" WC="0.96" CONTENT="jordbrukets"/><SP WIDTH="22" VPOS="2055" HPOS="608"/>
							<String ID="string_381" HPOS="630" VPOS="2054" WIDTH="114" HEIGHT="35" WC="0.93" CONTENT="tjänst."/><SP WIDTH="22" VPOS="2054" HPOS="744"/>
							<String ID="string_382" HPOS="766" VPOS="2053" WIDTH="365" HEIGHT="35" WC="0.88" CONTENT="Lantbruksstyrelsen"/><SP WIDTH="21" VPOS="2053" HPOS="1131"/>
							<String ID="string_383" HPOS="1152" VPOS="2051" WIDTH="84" HEIGHT="30" WC="0.96" CONTENT="fann"/><SP WIDTH="20" VPOS="2051" HPOS="1236"/>
							<String ID="string_384" HPOS="1256" VPOS="2052" WIDTH="55" HEIGHT="29" WC="0.96" CONTENT="det"/><SP WIDTH="20" VPOS="2052" HPOS="1311"/>
							<String ID="string_385" HPOS="1331" VPOS="2050" WIDTH="221" HEIGHT="36" WC="0.96" CONTENT="nödvändigt,"/><SP WIDTH="22" VPOS="2050" HPOS="1552"/>
							<String ID="string_386" HPOS="1574" VPOS="2053" WIDTH="47" HEIGHT="27" WC="0.96" CONTENT="att"/><SP WIDTH="20" VPOS="2053" HPOS="1621"/>
							<String ID="string_387" HPOS="1641" VPOS="2048" WIDTH="145" HEIGHT="31" WC="0.96" CONTENT="initiativ"/>
						</TextLine>
						<TextLine ID="line_42" HPOS="280" VPOS="2092" WIDTH="1505" HEIGHT="40">
							<String ID="string_388" HPOS="280" VPOS="2098" WIDTH="212" HEIGHT="29" WC="0.93" CONTENT="omedelbart"/><SP WIDTH="22" VPOS="2098" HPOS="492"/>
							<String ID="string_389" HPOS="514" VPOS="2100" WIDTH="94" HEIGHT="32" WC="0.92" CONTENT="toges"/><SP WIDTH="21" VPOS="2100" HPOS="608"/>
							<String ID="string_390" HPOS="629" VPOS="2095" WIDTH="79" HEIGHT="31" WC="0.96" CONTENT="från"/><SP WIDTH="22" VPOS="2095" HPOS="708"/>
							<String ID="string_391" HPOS="730" VPOS="2096" WIDTH="282" HEIGHT="29" WC="0.95" CONTENT="statsmakternas"/><SP WIDTH="25" VPOS="2096" HPOS="1012"/>
							<String ID="string_392" HPOS="1037" VPOS="2095" WIDTH="75" HEIGHT="29" WC="0.96" CONTENT="sida"/><SP WIDTH="24" VPOS="2095" HPOS="1112"/>
							<String ID="string_393" HPOS="1136" VPOS="2094" WIDTH="53" HEIGHT="30" WC="0.96" CONTENT="för"/><SP WIDTH="21" VPOS="2094" HPOS="1189"/>
							<String ID="string_394" HPOS="1210" VPOS="2094" WIDTH="195" HEIGHT="29" WC="0.96" CONTENT="inrättande"/><SP WIDTH="24" VPOS="2094" HPOS="1405"/>
							<String ID="string_395" HPOS="1429" VPOS="2103" WIDTH="41" HEIGHT="20" WC="0.93" CONTENT="av"/><SP WIDTH="22" VPOS="2103" HPOS="1470"/>
							<String ID="string_396" HPOS="1492" VPOS="2092" WIDTH="293" HEIGHT="35" WC="0.90" CONTENT="utbildningskur-"/>
						</TextLine>
						<TextLine ID="line_43" HPOS="281" VPOS="2134" WIDTH="1504" HEIGHT="41">
							<String ID="string_397" HPOS="281" VPOS="2149" WIDTH="53" HEIGHT="21" WC="0.96" CONTENT="ser"/><SP WIDTH="19" VPOS="2149" HPOS="334"/>
							<String ID="string_398" HPOS="353" VPOS="2140" WIDTH="55" HEIGHT="31" WC="0.93" CONTENT="för"/><SP WIDTH="17" VPOS="2140" HPOS="408"/>
							<String ID="string_399" HPOS="425" VPOS="2139" WIDTH="341" HEIGHT="36" WC="0.82" CONTENT="gårdshantverkare."/><SP WIDTH="20" VPOS="2139" HPOS="766"/>
							<String ID="string_400" HPOS="786" VPOS="2138" WIDTH="57" HEIGHT="30" WC="0.95" CONTENT="Ett"/><SP WIDTH="18" VPOS="2138" HPOS="843"/>
							<String ID="string_401" HPOS="861" VPOS="2137" WIDTH="128" HEIGHT="36" WC="0.95" CONTENT="förslag"/><SP WIDTH="16" VPOS="2137" HPOS="989"/>
							<String ID="string_402" HPOS="1005" VPOS="2137" WIDTH="51" HEIGHT="30" WC="0.96" CONTENT="till"/><SP WIDTH="17" VPOS="2137" HPOS="1056"/>
							<String ID="string_403" HPOS="1073" VPOS="2135" WIDTH="141" HEIGHT="37" WC="0.95" CONTENT="ettåriga"/><SP WIDTH="17" VPOS="2135" HPOS="1214"/>
							<String ID="string_404" HPOS="1231" VPOS="2135" WIDTH="131" HEIGHT="31" WC="0.95" CONTENT="sådana"/><SP WIDTH="19" VPOS="2135" HPOS="1362"/>
							<String ID="string_405" HPOS="1381" VPOS="2136" WIDTH="129" HEIGHT="34" WC="0.96" CONTENT="kurser,"/><SP WIDTH="19" VPOS="2136" HPOS="1510"/>
							<String ID="string_406" HPOS="1529" VPOS="2135" WIDTH="59" HEIGHT="29" WC="0.96" CONTENT="vid"/><SP WIDTH="17" VPOS="2135" HPOS="1588"/>
							<String ID="string_407" HPOS="1605" VPOS="2134" WIDTH="92" HEIGHT="30" WC="0.93" CONTENT="vilka"/><SP WIDTH="17" VPOS="2134" HPOS="1697"/>
							<String ID="string_408" HPOS="1714" VPOS="2143" WIDTH="71" HEIGHT="21" WC="0.92" CONTENT="ma-"/>
						</TextLine>
						<TextLine ID="line_44" HPOS="281" VPOS="2177" WIDTH="1504" HEIGHT="37">
							<String ID="string_409" HPOS="281" VPOS="2182" WIDTH="154" HEIGHT="31" WC="0.92" CONTENT="skinlära"/><SP WIDTH="17" VPOS="2182" HPOS="435"/>
							<String ID="string_410" HPOS="452" VPOS="2183" WIDTH="63" HEIGHT="29" WC="0.93" CONTENT="och"/><SP WIDTH="18" VPOS="2183" HPOS="515"/>
							<String ID="string_411" HPOS="533" VPOS="2181" WIDTH="266" HEIGHT="30" WC="0.90" CONTENT="maskinskötsel"/><SP WIDTH="18" VPOS="2181" HPOS="799"/>
							<String ID="string_412" HPOS="817" VPOS="2180" WIDTH="181" HEIGHT="31" WC="0.92" CONTENT="anvisades"/><SP WIDTH="17" VPOS="2180" HPOS="998"/>
							<String ID="string_413" HPOS="1015" VPOS="2182" WIDTH="46" HEIGHT="27" WC="0.96" CONTENT="ett"/><SP WIDTH="17" VPOS="2182" HPOS="1061"/>
							<String ID="string_414" HPOS="1078" VPOS="2179" WIDTH="194" HEIGHT="35" WC="0.96" CONTENT="betydande"/><SP WIDTH="19" VPOS="2179" HPOS="1272"/>
							<String ID="string_415" HPOS="1291" VPOS="2181" WIDTH="172" HEIGHT="33" WC="0.96" CONTENT="utrymme"/><SP WIDTH="17" VPOS="2181" HPOS="1463"/>
							<String ID="string_416" HPOS="1480" VPOS="2178" WIDTH="9" HEIGHT="29" WC="0.93" CONTENT="i"/><SP WIDTH="18" VPOS="2178" HPOS="1489"/>
							<String ID="string_417" HPOS="1507" VPOS="2177" WIDTH="278" HEIGHT="35" WC="0.91" CONTENT="undervisnings-"/>
						</TextLine>
						<TextLine ID="line_45" HPOS="280" VPOS="2219" WIDTH="1506" HEIGHT="41">
							<String ID="string_418" HPOS="280" VPOS="2224" WIDTH="137" HEIGHT="36" WC="0.96" CONTENT="planen,"/><SP WIDTH="22" VPOS="2224" HPOS="417"/>
							<String ID="string_419" HPOS="439" VPOS="2224" WIDTH="188" HEIGHT="30" WC="0.96" CONTENT="framlades"/><SP WIDTH="18" VPOS="2224" HPOS="627"/>
							<String ID="string_420" HPOS="645" VPOS="2222" WIDTH="138" HEIGHT="37" WC="0.96" CONTENT="jämväl."/><SP WIDTH="22" VPOS="2222" HPOS="783"/>
							<String ID="string_421" HPOS="805" VPOS="2221" WIDTH="107" HEIGHT="30" WC="0.96" CONTENT="Dessa"/><SP WIDTH="21" VPOS="2221" HPOS="912"/>
							<String ID="string_422" HPOS="933" VPOS="2220" WIDTH="228" HEIGHT="37" WC="0.96" CONTENT="påpekanden"/><SP WIDTH="21" VPOS="2220" HPOS="1161"/>
							<String ID="string_423" HPOS="1182" VPOS="2221" WIDTH="63" HEIGHT="29" WC="0.96" CONTENT="och"/><SP WIDTH="22" VPOS="2221" HPOS="1245"/>
							<String ID="string_424" HPOS="1267" VPOS="2220" WIDTH="92" HEIGHT="30" WC="0.96" CONTENT="detta"/><SP WIDTH="19" VPOS="2220" HPOS="1359"/>
							<String ID="string_425" HPOS="1378" VPOS="2220" WIDTH="127" HEIGHT="35" WC="0.96" CONTENT="förslag"/><SP WIDTH="20" VPOS="2220" HPOS="1505"/>
							<String ID="string_426" HPOS="1525" VPOS="2220" WIDTH="92" HEIGHT="29" WC="0.93" CONTENT="hava"/><SP WIDTH="20" VPOS="2220" HPOS="1617"/>
							<String ID="string_427" HPOS="1637" VPOS="2219" WIDTH="149" HEIGHT="29" WC="0.91" CONTENT="emeller-"/>
						</TextLine>
						<TextLine ID="line_46" HPOS="281" VPOS="2264" WIDTH="806" HEIGHT="37">
							<String ID="string_428" HPOS="281" VPOS="2267" WIDTH="49" HEIGHT="30" WC="0.94" CONTENT="tid"/><SP WIDTH="28" VPOS="2267" HPOS="330"/>
							<String ID="string_429" HPOS="358" VPOS="2267" WIDTH="75" HEIGHT="29" WC="0.95" CONTENT="icke"/><SP WIDTH="26" VPOS="2267" HPOS="433"/>
							<String ID="string_430" HPOS="459" VPOS="2266" WIDTH="121" HEIGHT="30" WC="0.95" CONTENT="hittills"/><SP WIDTH="31" VPOS="2266" HPOS="580"/>
							<String ID="string_431" HPOS="611" VPOS="2267" WIDTH="58" HEIGHT="28" WC="0.95" CONTENT="lett"/><SP WIDTH="26" VPOS="2267" HPOS="669"/>
							<String ID="string_432" HPOS="695" VPOS="2265" WIDTH="49" HEIGHT="30" WC="0.95" CONTENT="till"/><SP WIDTH="24" VPOS="2265" HPOS="744"/>
							<String ID="string_433" HPOS="768" VPOS="2264" WIDTH="142" HEIGHT="37" WC="0.96" CONTENT="positivt"/><SP WIDTH="26" VPOS="2264" HPOS="910"/>
							<String ID="string_434" HPOS="936" VPOS="2265" WIDTH="151" HEIGHT="29" WC="0.96" CONTENT="resultat."/>
						</TextLine>
					</TextBlock>
					<TextBlock ID="block_6" HPOS="280" VPOS="2303" WIDTH="1507" HEIGHT="212">
						<TextLine ID="line_47" HPOS="325" VPOS="2303" WIDTH="1462" HEIGHT="38">
							<String ID="string_435" HPOS="325" VPOS="2310" WIDTH="51" HEIGHT="30" WC="0.95" CONTENT="Av"/><SP WIDTH="24" VPOS="2310" HPOS="376"/>
							<String ID="string_436" HPOS="400" VPOS="2308" WIDTH="169" HEIGHT="31" WC="0.96" CONTENT="särskilda"/><SP WIDTH="24" VPOS="2308" HPOS="569"/>
							<String ID="string_437" HPOS="593" VPOS="2309" WIDTH="74" HEIGHT="29" WC="0.96" CONTENT="skäl"/><SP WIDTH="24" VPOS="2309" HPOS="667"/>
							<String ID="string_438" HPOS="691" VPOS="2307" WIDTH="113" HEIGHT="30" WC="0.93" CONTENT="finner"/><SP WIDTH="24" VPOS="2307" HPOS="804"/>
							<String ID="string_439" HPOS="828" VPOS="2306" WIDTH="395" HEIGHT="35" WC="0.91" CONTENT="förvaltningsutskottet"/><SP WIDTH="24" VPOS="2306" HPOS="1223"/>
							<String ID="string_440" HPOS="1247" VPOS="2306" WIDTH="55" HEIGHT="29" WC="0.96" CONTENT="det"/><SP WIDTH="25" VPOS="2306" HPOS="1302"/>
							<String ID="string_441" HPOS="1327" VPOS="2304" WIDTH="155" HEIGHT="36" WC="0.96" CONTENT="lämpligt"/><SP WIDTH="25" VPOS="2304" HPOS="1482"/>
							<String ID="string_442" HPOS="1507" VPOS="2307" WIDTH="48" HEIGHT="27" WC="0.95" CONTENT="att"/><SP WIDTH="26" VPOS="2307" HPOS="1555"/>
							<String ID="string_443" HPOS="1581" VPOS="2313" WIDTH="75" HEIGHT="21" WC="0.96" CONTENT="som"/><SP WIDTH="23" VPOS="2313" HPOS="1656"/>
							<String ID="string_444" HPOS="1679" VPOS="2303" WIDTH="108" HEIGHT="30" WC="0.96" CONTENT="första"/>
						</TextLine>
						<TextLine ID="line_48" HPOS="281" VPOS="2345" WIDTH="1505" HEIGHT="43">
							<String ID="string_445" HPOS="281" VPOS="2351" WIDTH="109" HEIGHT="37" WC="0.96" CONTENT="fråga,"/><SP WIDTH="28" VPOS="2351" HPOS="390"/>
							<String ID="string_446" HPOS="418" VPOS="2352" WIDTH="61" HEIGHT="29" WC="0.96" CONTENT="när"/><SP WIDTH="27" VPOS="2352" HPOS="479"/>
							<String ID="string_447" HPOS="506" VPOS="2352" WIDTH="56" HEIGHT="29" WC="0.96" CONTENT="det"/><SP WIDTH="25" VPOS="2352" HPOS="562"/>
							<String ID="string_448" HPOS="587" VPOS="2351" WIDTH="105" HEIGHT="35" WC="0.96" CONTENT="gäller"/><SP WIDTH="24" VPOS="2351" HPOS="692"/>
							<String ID="string_449" HPOS="716" VPOS="2349" WIDTH="289" HEIGHT="37" WC="0.95" CONTENT="planläggningen"/><SP WIDTH="26" VPOS="2349" HPOS="1005"/>
							<String ID="string_450" HPOS="1031" VPOS="2358" WIDTH="42" HEIGHT="20" WC="0.96" CONTENT="av"/><SP WIDTH="30" VPOS="2358" HPOS="1073"/>
							<String ID="string_451" HPOS="1103" VPOS="2348" WIDTH="65" HEIGHT="29" WC="0.96" CONTENT="den"/><SP WIDTH="26" VPOS="2348" HPOS="1168"/>
							<String ID="string_452" HPOS="1194" VPOS="2348" WIDTH="64" HEIGHT="29" WC="0.95" CONTENT="här"/><SP WIDTH="26" VPOS="2348" HPOS="1258"/>
							<String ID="string_453" HPOS="1284" VPOS="2348" WIDTH="150" HEIGHT="29" WC="0.93" CONTENT="avsedda"/><SP WIDTH="26" VPOS="2348" HPOS="1434"/>
							<String ID="string_454" HPOS="1460" VPOS="2346" WIDTH="235" HEIGHT="36" WC="0.89" CONTENT="rådgivnings-"/><SP WIDTH="27" VPOS="2346" HPOS="1695"/>
							<String ID="string_455" HPOS="1722" VPOS="2345" WIDTH="64" HEIGHT="30" WC="0.96" CONTENT="och"/>
						</TextLine>
						<TextLine ID="line_49" HPOS="280" VPOS="2388" WIDTH="1506" HEIGHT="41">
							<String ID="string_456" HPOS="280" VPOS="2392" WIDTH="541" HEIGHT="37" WC="0.90" CONTENT="undervisningsverksamheten,"/><SP WIDTH="25" VPOS="2392" HPOS="821"/>
							<String ID="string_457" HPOS="846" VPOS="2393" WIDTH="152" HEIGHT="33" WC="0.92" CONTENT="upptaga"/><SP WIDTH="23" VPOS="2393" HPOS="998"/>
							<String ID="string_458" HPOS="1021" VPOS="2388" WIDTH="202" HEIGHT="38" WC="0.91" CONTENT="spörsmålet"/><SP WIDTH="24" VPOS="2388" HPOS="1223"/>
							<String ID="string_459" HPOS="1247" VPOS="2399" WIDTH="56" HEIGHT="27" WC="0.94" CONTENT="om"/><SP WIDTH="23" VPOS="2399" HPOS="1303"/>
							<String ID="string_460" HPOS="1326" VPOS="2389" WIDTH="104" HEIGHT="30" WC="0.95" CONTENT="vilket"/><SP WIDTH="22" VPOS="2389" HPOS="1430"/>
							<String ID="string_461" HPOS="1452" VPOS="2389" WIDTH="80" HEIGHT="29" WC="0.95" CONTENT="eller"/><SP WIDTH="22" VPOS="2389" HPOS="1532"/>
							<String ID="string_462" HPOS="1554" VPOS="2389" WIDTH="93" HEIGHT="29" WC="0.96" CONTENT="vilka"/><SP WIDTH="24" VPOS="2389" HPOS="1647"/>
							<String ID="string_463" HPOS="1671" VPOS="2396" WIDTH="115" HEIGHT="28" WC="0.95" CONTENT="organ,"/>
						</TextLine>
						<TextLine ID="line_50" HPOS="282" VPOS="2431" WIDTH="1504" HEIGHT="39">
							<String ID="string_464" HPOS="282" VPOS="2447" WIDTH="74" HEIGHT="20" WC="0.96" CONTENT="som"/><SP WIDTH="20" VPOS="2447" HPOS="356"/>
							<String ID="string_465" HPOS="376" VPOS="2437" WIDTH="83" HEIGHT="29" WC="0.93" CONTENT="böra"/><SP WIDTH="17" VPOS="2437" HPOS="459"/>
							<String ID="string_466" HPOS="476" VPOS="2436" WIDTH="188" HEIGHT="30" WC="0.92" CONTENT="handhava"/><SP WIDTH="18" VPOS="2436" HPOS="664"/>
							<String ID="string_467" HPOS="682" VPOS="2433" WIDTH="277" HEIGHT="37" WC="0.96" CONTENT="organisationen"/><SP WIDTH="18" VPOS="2433" HPOS="959"/>
							<String ID="string_468" HPOS="977" VPOS="2433" WIDTH="64" HEIGHT="29" WC="0.96" CONTENT="och"/><SP WIDTH="19" VPOS="2433" HPOS="1041"/>
							<String ID="string_469" HPOS="1060" VPOS="2431" WIDTH="52" HEIGHT="31" WC="0.96" CONTENT="stå"/><SP WIDTH="19" VPOS="2431" HPOS="1112"/>
							<String ID="string_470" HPOS="1131" VPOS="2441" WIDTH="72" HEIGHT="22" WC="0.95" CONTENT="som"/><SP WIDTH="18" VPOS="2441" HPOS="1203"/>
							<String ID="string_471" HPOS="1221" VPOS="2431" WIDTH="203" HEIGHT="30" WC="0.95" CONTENT="huvudman"/><SP WIDTH="18" VPOS="2431" HPOS="1424"/>
							<String ID="string_472" HPOS="1442" VPOS="2431" WIDTH="53" HEIGHT="30" WC="0.96" CONTENT="för"/><SP WIDTH="17" VPOS="2431" HPOS="1495"/>
							<String ID="string_473" HPOS="1512" VPOS="2431" WIDTH="274" HEIGHT="29" WC="0.95" CONTENT="verksamheten."/>
						</TextLine>
						<TextLine ID="line_51" HPOS="282" VPOS="2472" WIDTH="1502" HEIGHT="43">
							<String ID="string_474" HPOS="282" VPOS="2479" WIDTH="63" HEIGHT="31" WC="0.96" CONTENT="Det"/><SP WIDTH="23" VPOS="2479" HPOS="345"/>
							<String ID="string_475" HPOS="368" VPOS="2488" WIDTH="99" HEIGHT="27" WC="0.96" CONTENT="synes"/><SP WIDTH="22" VPOS="2488" HPOS="467"/>
							<String ID="string_476" HPOS="489" VPOS="2478" WIDTH="76" HEIGHT="30" WC="0.96" CONTENT="icke"/><SP WIDTH="23" VPOS="2478" HPOS="565"/>
							<String ID="string_477" HPOS="588" VPOS="2477" WIDTH="155" HEIGHT="35" WC="0.96" CONTENT="lämpligt"/><SP WIDTH="23" VPOS="2477" HPOS="743"/>
							<String ID="string_478" HPOS="766" VPOS="2479" WIDTH="48" HEIGHT="26" WC="0.96" CONTENT="att"/><SP WIDTH="25" VPOS="2479" HPOS="814"/>
							<String ID="string_479" HPOS="839" VPOS="2475" WIDTH="55" HEIGHT="30" WC="0.96" CONTENT="för"/><SP WIDTH="24" VPOS="2475" HPOS="894"/>
							<String ID="string_480" HPOS="918" VPOS="2473" WIDTH="198" HEIGHT="32" WC="0.96" CONTENT="ändamålet"/><SP WIDTH="23" VPOS="2473" HPOS="1116"/>
							<String ID="string_481" HPOS="1139" VPOS="2475" WIDTH="106" HEIGHT="35" WC="0.96" CONTENT="skapa"/><SP WIDTH="22" VPOS="2475" HPOS="1245"/>
							<String ID="string_482" HPOS="1267" VPOS="2484" WIDTH="43" HEIGHT="20" WC="0.95" CONTENT="en"/><SP WIDTH="23" VPOS="2484" HPOS="1310"/>
							<String ID="string_483" HPOS="1333" VPOS="2472" WIDTH="185" HEIGHT="31" WC="0.95" CONTENT="fristående"/><SP WIDTH="25" VPOS="2472" HPOS="1518"/>
							<String ID="string_484" HPOS="1543" VPOS="2472" WIDTH="241" HEIGHT="36" WC="0.90" CONTENT="organisation,"/>
						</TextLine>
					</TextBlock>
				</ComposedBlock>
			</PrintSpace>
		</Page>
	</Layout>
</alto>
