1912 2852
566 170 272 28 Bankoutskottets
861 170 156 28 utlåtande
1039 170 43 27 Nr
1103 171 45 26 55.
1588 171 19 28 5

114 250 79 38 ning
221 261 41 20 av
290 250 438 39 värmeledningssystemet
752 251 10 29 i
789 251 268 39 riksdagshuset.
1107 251 113 39 Enligt
1246 252 55 29 det
1327 252 138 38 förslag,
1493 263 74 19 som
1594 253 8 29 i

117 313 45 20 nu
188 304 149 38 angivna
364 304 111 39 syften
502 304 179 39 framlagts
706 315 41 19 av
773 305 217 37 fullmäktige
1016 305 65 29 och
1108 304 113 36 vilket,
1249 304 122 31 sådant
1396 307 54 29 det
1477 307 128 38 slutligt

115 359 194 29 utformats,
337 357 184 31 innefattas
546 358 8 29 i
580 359 65 29 den
671 368 40 19 av
738 358 200 37 ingenjören
965 359 52 28 W.
1046 358 173 37 Dahlgren
1246 359 64 29 den
1337 360 38 28 22
1404 369 90 20 mars
1543 361 63 27 1930

114 412 236 38 dagtecknade
378 411 227 39 utredningen
632 412 9 29 i
670 413 126 34 ämnet,
826 412 109 30 skulle
964 412 68 30 den
1057 413 203 29 nuvarande
1288 412 316 39 ånguppvärmnin-

115 474 62 29 gen
204 465 9 30 i
239 466 237 30 ovanberörda
501 466 130 30 lokaler
655 466 78 29 med
759 466 176 38 undantag
961 475 42 21 av
1028 466 168 30 matsalen
1222 467 162 29 ävensom
1409 467 8 29 i
1444 466 56 30 två
1526 477 77 19 rum

114 519 10 29 i
148 518 261 40 attikvåningen
438 519 119 38 (första
582 520 221 30 kammarens
827 519 169 39 tillfälliga
1021 518 141 39 utskott)
1192 524 89 27 samt
1305 523 49 27 tre
1378 530 77 20 rum
1479 520 9 30 i
1513 520 90 39 jord-

115 572 171 39 våningen
316 572 336 39 (övermaskinistens
676 572 134 39 bostad)
840 574 138 38 utbytas
1002 577 71 26 mot
1098 574 255 38 uppvärmning
1377 575 142 29 medelst
1542 575 61 29 cir-

114 626 188 30 kulerande
334 630 214 27 varmvatten
580 628 65 28 och
677 628 308 29 värmeelementen
1020 628 176 29 därstädes
1230 628 118 37 flyttas
1383 628 77 29 från
1495 628 110 30 inner-

113 681 174 36 väggarna
312 680 48 30 till
384 681 163 29 fönstren.
584 681 73 30 Vad
680 681 169 29 matsalen
872 680 180 35 beträffar,
1077 681 109 29 skulle
1209 682 65 28 den
1297 682 201 29 nuvarande
1521 690 84 29 upp-

114 734 227 38 värmningen
362 734 78 29 med
461 733 166 31 varmluft
647 734 245 38 kompletteras
914 742 124 30 genom
1060 733 231 39 inmontering
1314 744 42 20 av
1377 738 227 27 varmvatten-

116 788 144 30 element
290 787 10 30 i
330 787 324 30 fönsternischerna.
707 787 64 30 Det
799 788 65 29 har
892 788 74 29 icke
996 790 127 27 ansetts
1152 787 217 39 erforderligt
1398 791 47 27 att
1473 788 11 29 i
1514 788 90 30 detta

116 842 254 37 sammanhang
394 841 112 30 införa
533 844 345 36 varmvattensystem
903 840 9 30 i
940 842 109 29 andra
1076 842 130 29 lokaler
1231 842 45 29 än
1302 842 41 29 de
1370 851 46 20 nu
1441 842 163 29 nämnda.

117 895 169 30 Utskottet
314 895 64 30 har
406 895 188 30 emellertid
621 894 162 31 förvissat
810 895 49 38 sig
887 904 57 21 om
972 898 58 31 att,
1060 895 112 31 därest
1200 896 55 29 det
1283 895 184 30 framdeles
1496 896 109 29 skulle

115 948 159 31 befinnas
296 958 82 21 vara
399 949 155 38 lämpligt
575 951 48 28 att
643 949 176 29 utsträcka
841 949 105 38 sagda
968 952 128 35 system
1115 949 49 30 till
1187 950 109 29 andra
1318 950 94 29 delar
1432 959 42 20 av
1495 950 109 34 huset,

117 1011 72 21 som
217 1012 48 20 nu
290 1004 210 37 uppvärmas
527 1003 79 29 med
631 1002 98 39 ånga,
758 1003 92 29 detta
877 1002 85 30 låter
988 1002 51 38 sig
1065 1003 80 37 göra
1173 1006 85 27 utan
1284 1003 117 30 alltför
1426 1003 179 39 vidlyftiga

113 1055 245 38 anordningar.
394 1056 342 30 Huvudstammarna
759 1056 49 29 till
831 1057 56 29 det
907 1066 69 28 nya
1000 1058 195 36 rörsystem,
1219 1056 10 30 i
1251 1056 104 30 vilket
1378 1059 228 27 varmvattnet

116 1109 109 30 skulle
253 1109 171 30 cirkulera
452 1110 65 29 och
545 1109 103 31 vilket
675 1109 106 39 enligt
808 1110 55 29 det
891 1119 47 20 nu
964 1109 237 39 föreliggande
1228 1109 163 39 förslaget
1419 1110 109 30 skulle
1556 1110 49 30 in-

115 1163 115 38 läggas
256 1163 9 29 i
291 1163 269 38 riksdagshuset,
587 1164 60 29 äro
670 1163 176 39 nämligen
871 1163 36 30 så
932 1163 167 39 tilltagna,
1126 1167 48 26 att
1199 1164 177 30 desamma
1403 1165 94 29 torde
1524 1173 80 21 vara

115 1216 205 39 tillräckliga
342 1217 86 29 även
451 1216 55 30 vid
529 1226 42 20 en
593 1212 79 36 fullt
694 1217 205 38 genomförd
922 1216 172 40 övergång
1116 1217 49 30 till
1188 1217 254 39 uppvärmning
1463 1218 142 30 medelst

114 1273 225 27 varmvatten.

159 1323 48 30 De
238 1323 235 39 anordningar
503 1323 219 31 beträffande
754 1324 303 39 värmeledningen
1088 1324 10 30 i
1128 1324 268 40 riksdagshuset,
1429 1325 53 30 för
1513 1324 90 31 vilka

114 1386 46 20 nu
188 1377 200 39 redogjorts,
416 1387 101 29 synas
545 1378 162 30 utskottet
735 1387 82 21 vara
843 1379 133 38 ägnade
1002 1381 48 27 att
1077 1377 241 31 åstadkomma
1345 1388 41 20 en
1413 1378 191 31 förbättrad

115 1431 257 39 uppvärmning
402 1441 42 20 av
474 1432 40 29 de
546 1432 105 29 därav
682 1432 146 30 berörda
860 1432 177 29 lokalerna
1067 1433 64 28 och
1164 1433 143 29 därmed
1338 1432 195 38 undanröja
1565 1433 40 29 de

115 1485 122 29 största
264 1485 264 38 olägenheterna
555 1495 41 19 av
621 1486 54 29 det
700 1486 202 29 nuvarande
928 1488 170 36 systemet.
1149 1485 47 30 På
1221 1486 111 38 grund
1359 1486 106 29 härav
1492 1485 113 30 finner

115 1537 48 38 sig
192 1538 165 30 utskottet
384 1538 83 30 böra
496 1538 150 35 förorda,
676 1542 48 26 att
752 1538 265 38 ifrågavarande
1046 1538 233 39 anordningar
1309 1539 139 30 komma
1477 1539 50 30 till
1554 1542 47 26 ut-

114 1590 154 31 förande.

157 1645 62 31 Det
249 1644 235 39 föreliggande
512 1646 162 37 förslaget
702 1645 188 30 innefattar
918 1647 98 33 även,
1046 1649 48 27 att
1123 1645 9 30 i
1162 1646 169 29 samband
1362 1647 77 29 med
1468 1654 137 27 genom-

115 1699 159 30 förandet
305 1708 41 20 av
375 1709 81 28 nyss
486 1699 231 30 omförmälda
748 1699 188 38 ändringar
965 1699 10 30 1
1006 1699 303 39 värmeledningen
1338 1700 70 29 dels
1439 1699 89 30 vissa
1558 1699 46 30 åt-

115 1753 121 37 gärder
263 1753 109 29 skulle
399 1753 153 38 vidtagas
579 1753 55 29 för
659 1756 48 27 att
733 1753 125 30 bereda
886 1756 216 27 varmvatten
1127 1753 49 30 till
1203 1754 208 29 tvättställen
1437 1753 94 30 inom
1557 1752 46 31 åt-

115 1806 133 37 skilliga
274 1816 41 20 av
339 1807 278 29 toalettrummen
640 1807 65 29 och
729 1806 49 30 till
803 1810 46 27 ett
873 1808 94 29 antal
991 1807 206 38 tappställen
1221 1807 55 30 för
1300 1807 208 36 skurvatten,
1534 1807 70 29 dels

114 1860 63 29 ock
210 1869 48 20 nu
291 1859 211 39 förefintliga
535 1861 164 29 tvättställ
731 1861 65 28 och
829 1860 179 30 urinoarer
1037 1860 10 29 i
1080 1860 156 38 samtliga
1269 1861 195 29 toalettrum
1496 1861 108 29 skulle

114 1913 138 38 utbytas
278 1916 71 26 mot
374 1914 202 29 modernare
602 1912 139 31 sådana.
792 1913 51 30 Då
869 1914 65 29 vad
960 1913 145 30 sålunda
1132 1913 192 38 föreslagits
1350 1923 98 28 synes
1475 1914 128 29 utskot-

114 1969 44 26 tet
181 1967 121 36 utgöra
326 1976 42 20 en
390 1966 160 38 behövlig
570 1966 206 38 förbättring
799 1977 42 19 av
864 1967 40 29 de
927 1966 151 30 sanitära
1100 1967 279 36 anordningarna
1402 1966 10 30 i
1436 1966 167 38 riksdags-

114 2020 109 34 huset,
248 2020 64 29 har
337 2020 162 29 utskottet
525 2019 74 30 icke
625 2020 105 29 heller
757 2020 115 30 funnit
898 2019 186 38 anledning
1110 2020 47 29 till
1183 2019 140 31 erinran
1347 2023 70 26 mot
1443 2020 160 29 fullmäk-

114 2073 82 38 tiges
219 2072 129 39 förslag
371 2072 9 30 1
404 2073 111 30 denna
538 2074 62 29 del.

158 2126 120 30 Ehuru
310 2127 160 29 utskottet
503 2127 144 29 sålunda
680 2130 110 26 ansett
823 2127 49 37 sig
903 2128 82 29 böra
1018 2127 133 30 biträda
1185 2128 55 29 det
1272 2127 231 37 föreliggande
1536 2126 67 30 för-

115 2180 114 38 slaget,
259 2180 65 30 har
352 2180 162 30 utskottet
544 2180 186 30 emellertid
761 2180 75 30 icke
867 2181 131 29 kunnat
1027 2180 113 37 undgå
1170 2184 46 26 att
1247 2180 96 30 finna
1374 2180 229 30 kostnaderna

114 2233 53 29 för
199 2233 179 37 förslagets
410 2234 270 35 genomförande
710 2234 100 36 höga.
866 2234 104 29 Dessa
1005 2235 185 28 kostnader
1222 2234 87 29 hava
1340 2234 184 28 beräknats
1559 2233 45 30 till

113 2287 231 35 sammanlagt
376 2287 59 28 105
450 2287 63 27 000
544 2287 138 28 kronor.
726 2285 85 30 Häri
840 2286 98 36 ingår
968 2285 186 30 emellertid
1185 2289 45 27 ett
1260 2287 124 37 belopp
1414 2296 41 20 av
1487 2287 41 28 40
1542 2288 63 26 000

115 2339 137 32 kronor,
279 2339 189 36 utgörande
493 2339 66 28 den
586 2339 230 37 uppskattade
844 2339 191 28 kostnaden
1065 2339 51 28 för
1143 2339 41 28 de
1210 2339 191 37 byggnads-
1429 2339 64 28 och
1521 2338 82 29 mål-

114 2391 252 36 ningsarbeten,
389 2401 71 19 som
484 2392 108 28 skulle
612 2391 174 30 erfordras
808 2391 7 29 i
839 2391 184 36 anledning
1045 2401 40 19 av
1106 2392 40 28 de
1169 2391 197 36 ifrågasatta
1389 2391 213 37 åtgärderna.

115 2444 49 30 Då
192 2444 189 30 emellertid
410 2444 212 30 sistnämnda
654 2445 145 28 kostnad
829 2445 118 29 endast
978 2445 129 29 kunnat
1140 2444 264 38 approximativt
1435 2445 169 28 beräknas

114 2498 63 29 och
212 2497 171 30 sannolikt
420 2497 170 39 upptagits
624 2498 76 29 med
735 2507 41 19 en
812 2497 65 29 viss
912 2498 356 36 säkerhetsmarginal,
1304 2498 106 28 håller
1443 2497 157 29 utskottet
