2198 2624
1792 207 20 30 en

429 198 117 32 Andra
570 199 202 32 kammarens
791 202 129 36 femte
945 201 170 41 tillfälliga
1138 203 134 31 utskotts
1295 204 168 32 utlåtande
1487 205 52 31 Nr
1562 209 30 28 8.

319 278 61 37 På
408 280 132 47 grund
570 292 49 24 av
649 280 69 37 det
747 281 169 37 anförda
944 282 62 36 får
1033 284 199 37 utskottet
1259 285 227 45 hemställa,

746 337 61 34 att
836 335 127 37 andra
990 337 234 37 kammaren
1255 339 128 36 måtte
1399 340 61 36 för
1479 341 60 35 sin
1560 340 63 37 del
1643 341 167 44 besluta,

638 387 68 36 det
748 388 215 48 riksdagen
1004 390 127 36 måtte
1163 391 14 35 i
1206 391 189 38 skrivelse
1424 393 62 36 till
1514 393 151 48 Kungl.
1696 394 116 48 Maj:t

637 440 175 45 anhälla,
844 443 62 34 att
934 442 148 47 Kungl.
1114 443 116 48 Maj:t
1258 445 156 37 täcktes
1434 446 167 48 vidtaga
1621 447 190 47 åtgärder

637 493 61 35 för
740 495 72 42 att,
856 496 143 34 utöver
1033 496 77 36 vad
1137 508 86 25 som
1251 498 125 36 redan
1403 511 57 23 nu
1489 503 45 31 är
1562 499 125 44 fallet,
1717 512 92 36 pen-

636 546 141 44 sioner,
822 558 86 25 som
949 548 200 37 utbetalas
1191 562 50 23 av
1284 552 152 35 statens
1478 564 104 35 egna
1608 553 98 35 verk
1735 553 75 36 och

635 599 297 48 myndigheter,
961 601 69 35 må
1047 602 247 37 utanordnas
1313 604 240 45 månadsvis,
1575 605 73 36 där
1667 606 144 36 sådant

635 652 82 35 kan
746 664 114 25 anses
888 653 263 50 fördelaktigt
1178 655 62 37 för
1267 657 369 48 pensionstagarna.

316 727 231 39 Stockholm
576 730 76 37 den
682 733 49 35 26
762 733 102 47 april
895 734 112 36 1921.

756 812 60 36 På
843 813 218 37 utskottets
1089 818 170 45 vägnar:

808 892 134 36 ERIK
970 884 233 47 LAURÉN.

312 1098 233 34 Närvarande:
582 1100 115 33 herrar
732 1103 141 39 Laurén,
900 1104 180 33 Pettersson
1103 1105 11 31 i
1139 1105 189 41 Vråtsered,
1358 1107 110 33 Olsson
1491 1108 11 32 i
1527 1108 115 40 Gävle,
1667 1109 137 33 Jonsson

203 1151 11 31 i
239 1151 183 40 Mörkhult,
447 1153 191 41 Blomquist,
669 1155 148 33 Carlsson
840 1156 11 31 i
876 1156 116 40 Gävle,
1016 1158 150 41 Norling,
1196 1159 174 41 Fjellman,
1406 1162 194 40 Lindmark,
1635 1163 165 33 Johanson

203 1205 11 31 i
238 1204 186 43 Hörninge.

1625 1278 123 42 Bilaga
1772 1283 29 28 1.

369 1357 65 32 Till
457 1358 198 42 riksdagens
679 1360 106 32 andra
808 1361 192 33 kammares
1024 1363 103 32 femte
1151 1363 169 42 tillfälliga
1344 1365 137 32 utskott.

309 1453 110 33 Sedan
443 1455 127 43 Kungl.
596 1456 98 42 Maj:t
717 1459 44 40 på
785 1457 118 33 därom
927 1469 43 22 av
993 1459 89 33 Eder
1104 1460 99 41 gjord
1227 1462 252 43 framställning
1502 1463 162 33 anbefallt
1681 1461 116 50 kungl.

201 1498 237 34 statskontoret
462 1503 48 29 att
533 1501 124 41 avgiva
681 1502 63 32 och
767 1502 51 32 till
841 1503 90 32 Eder
955 1504 194 33 överlämna
1172 1506 157 41 yttrande
1352 1507 12 31 i
1388 1507 184 43 anledning
1588 1519 42 23 av
1647 1520 41 21 en
1704 1509 94 33 inom

201 1542 106 33 andra
330 1544 200 33 kammaren
552 1546 101 32 väckt
677 1547 138 39 motion,
840 1559 41 20 nr
907 1549 73 39 138,
1005 1560 56 21 om
1086 1550 159 33 skrivelse
1269 1551 49 32 till
1343 1552 126 42 Kungl.
1488 1553 98 41 Maj:t
1602 1554 11 31 i
1629 1554 97 41 fråga
1742 1565 56 22 om

200 1588 155 40 åtgärder
382 1589 54 32 för
459 1589 216 34 utbetalande
699 1592 208 42 månatligen
931 1604 43 22 av
998 1595 270 41 statspensioner,
1294 1597 53 31 får
1371 1597 239 33 statskontoret
1632 1598 164 40 meddela,

200 1635 48 28 att
271 1643 123 31 genom
429 1634 91 32 detta
552 1635 230 33 ämbetsverks
812 1637 133 42 försorg
974 1638 164 33 utbetalas
1163 1641 67 31 dels
1252 1641 180 40 pensioner
1455 1643 76 31 från
1555 1643 172 33 allmänna
1750 1644 47 32 in-

200 1676 294 43 drägningsstaten
519 1690 78 21 vare
621 1680 52 41 sig
696 1680 175 33 desamma
888 1682 150 32 därifrån
1055 1685 81 40 utgå
1152 1684 105 42 enligt
1273 1685 92 32 äldre
1385 1687 413 40 pensionsbestämmelser

199 1723 112 31 såsom
344 1724 186 41 ersättning
561 1725 54 31 för
647 1725 163 41 fullgjord
843 1727 106 40 tjänst
977 1727 78 32 eller
1082 1728 96 33 blivit
1201 1740 43 21 av
1268 1729 180 43 riksdagen
1473 1732 134 32 särskilt
1629 1732 168 42 beviljade

199 1767 110 31 såsom
334 1767 184 33 understöd
542 1769 84 32 efter
649 1769 177 43 långvarig
848 1771 107 41 tjänst
979 1772 78 32 eller
1079 1773 50 31 till
1154 1774 106 32 änkor
1284 1775 62 32 och
1371 1775 84 32 barn
1472 1777 84 31 efter
1572 1777 222 41 statstjänare,

198 1821 72 21 som
295 1821 44 23 av
362 1822 42 21 en
428 1812 79 32 eller
530 1824 114 22 annan
668 1814 185 43 anledning
876 1816 73 32 icke
973 1816 131 33 kunnat
1128 1817 90 33 bliva
1242 1818 171 43 delaktiga
1436 1820 12 32 i
1471 1822 113 40 någon
1601 1832 42 22 av
1660 1822 41 32 de
1717 1822 78 32 med

198 1858 124 30 statens
345 1856 208 33 medverkan
577 1859 201 41 upprättade
802 1860 98 32 änke-
924 1861 63 32 och
1011 1861 234 42 pupillkassor,
1270 1864 68 32 dels
1353 1865 54 31 ock
1423 1866 187 40 pensioner,
1628 1877 72 21 som
1717 1867 79 32 med

197 1899 217 43 tillämpning
445 1912 43 23 av
520 1902 98 42 lagen
651 1904 175 41 angående
856 1905 100 33 civila
983 1906 329 41 tjänstinnehavares
1335 1913 66 28 rätt
1424 1909 50 32 till
1497 1911 143 40 pension
1663 1911 65 33 den
1754 1914 38 30 11

197 1944 138 33 oktober
369 1947 85 31 1907
487 1946 155 42 beviljats
676 1951 48 29 att
756 1951 82 39 utgå
869 1950 78 31 från
970 1950 297 44 förslagsanslaget
1295 1953 50 32 till
1368 1955 239 42 pensionering
1630 1966 43 22 av
1696 1956 99 33 civila

196 1989 322 41 tjänstinnehavare.
566 1992 106 32 Dessa
705 1994 187 40 pensioner,
926 1995 54 32 för
1011 1997 211 32 närvarande
1254 1999 202 41 uppgående
1484 1999 49 32 till
1562 2003 46 29 ett
1636 2001 91 32 antal
1750 2012 44 21 av

196 2034 158 43 omkring
379 2036 106 39 1,600,
510 2036 104 34 därav
638 2037 127 33 inemot
785 2039 65 32 300
866 2040 178 40 pensioner
1060 2042 33 30 åt
1110 2041 106 32 änkor
1232 2042 63 32 och
1312 2042 93 40 barn,
1423 2044 89 33 hava
1528 2044 104 42 enligt
1648 2045 146 42 alltjämt

197 2078 175 43 tillämpad
396 2080 100 42 regel,
520 2081 77 32 från
621 2081 115 33 vilken
759 2083 128 42 Kungl.
913 2084 99 41 Maj:t
1034 2085 73 32 icke
1130 2086 116 32 funnit
1270 2087 72 32 skäl
1358 2088 158 42 medgiva
1532 2090 176 42 undantag
1723 2090 11 32 i
1751 2090 41 33 de

196 2123 160 42 sällsynta
379 2124 71 40 fall,
475 2125 44 32 då
542 2126 163 42 missnöje
728 2128 175 41 försports,
928 2128 179 34 utbetalats
1131 2130 202 34 kvartalsvis
1356 2132 12 32 i
1391 2132 120 42 början
1528 2144 43 22 av
1588 2145 99 29 mars,
1704 2131 86 50 juni,

195 2169 188 40 september
398 2170 63 32 och
478 2169 176 34 december
670 2172 162 32 månader
848 2173 53 31 för
917 2173 65 32 den
999 2174 49 32 tid
1060 2192 43 3 —
1116 2174 399 44 utbetalningsmånaden
1527 2178 198 43 inbegripen
1738 2197 52 22 —,

194 2213 53 31 för
274 2213 115 33 vilken
417 2215 298 42 pensionstagaren
740 2217 43 32 då
807 2222 79 37 äger
909 2218 154 41 uppbära
1086 2220 156 40 pension;
1269 2221 63 32 och
1355 2221 256 44 utbetalningen
1635 2224 75 32 sker
1732 2236 60 21 nu-

194 2267 92 22 mera
317 2269 124 31 genom
474 2263 48 28 att
554 2260 316 43 pensionsbeloppet
904 2263 107 32 under
1043 2264 315 42 pensionstagarens
1389 2267 112 33 adress
1534 2268 141 33 medelst
1705 2273 86 38 post-
