2208 2606
701 142 281 34 Bankoutskottets
1002 144 164 33 memorial
1189 145 52 32 Nr
1263 149 50 29 26.
1755 153 14 28 1

937 466 58 40 Nr
1021 466 66 40 26.

660 615 114 30 Ankom
797 616 42 29 till
862 616 172 39 riksdagens
1057 617 95 30 kansli
1176 619 57 28 den
1259 620 38 27 14
1319 620 73 37 april
1417 621 76 27 1921
1519 621 37 28 kl.
1584 623 34 26 11
1643 622 19 28 f.
1687 632 37 19 m.

403 758 198 44 Memorial,
628 760 13 34 i
668 760 188 45 anledning
880 772 42 23 av
950 761 208 36 kamrarnas
1184 763 199 45 skiljaktiga
1412 763 107 36 beslut
1541 766 150 35 rörande
1713 777 98 23 mom.

596 813 38 50 Jj)
673 819 111 34 under
816 820 116 43 punkt
967 816 98 49 10:0)
1099 832 42 23 av
1171 821 288 37 bankoutskottets
1487 823 181 36 utlåtande
1693 836 45 23 nr
1762 826 50 34 25

605 877 178 44 angående
825 878 93 34 vissa
950 877 317 47 framställningar
1298 881 149 34 rörande
1472 881 85 43 elfte
1582 882 229 46 huvudtiteln,

604 934 248 43 innefattande
876 936 166 44 anslagen
1066 937 53 34 till
1136 939 180 43 pensions-
1336 939 60 34 och
1414 940 397 45 indragningsstaterna.

303 1081 17 36 I
347 1094 48 24 en
434 1081 59 37 till
532 1082 210 50 riksdagen
783 1083 151 38 avlåten
965 1085 240 49 proposition
1233 1099 45 23 nr
1308 1087 69 36 105
1406 1087 99 37 hade
1533 1088 143 50 Kungl.
1705 1090 108 48 Maj:t

202 1131 117 37 bland
358 1138 118 31 annat
517 1133 202 49 föreslagit
745 1133 211 50 riksdagen
984 1135 192 50 medgiva,
1205 1141 55 32 att
1288 1136 102 38 förre
1419 1138 293 38 stenarbetaren
1740 1141 72 37 och

202 1181 199 38 skrivaren
429 1182 64 37 vid
520 1184 245 48 Borghamns
793 1184 304 38 kalkstensbrott
1125 1186 89 37 Carl
1233 1187 154 49 August
1404 1188 220 50 Holmqvist
1643 1194 62 33 må
1728 1192 83 36 från

202 1232 72 37 och
315 1233 87 36 med
443 1233 76 37 den
545 1236 16 35 1
583 1234 154 49 januari
780 1237 93 35 1921
903 1236 122 37 under
1053 1236 60 37 sin
1141 1238 243 37 återstående
1412 1239 131 37 livstid
1572 1243 21 34 å
1617 1241 192 37 allmänna

201 1282 384 50 indragningsstaten
613 1285 175 49 uppbära
815 1298 47 24 en
891 1285 97 49 årlig
1015 1287 162 48 pension
1205 1300 48 24 av
1279 1289 74 36 400
1380 1289 152 37 kronor.

300 1333 142 37 Vidare
482 1334 99 37 hade
621 1334 11 37 i
678 1349 47 23 en
763 1335 103 37 inom
907 1337 119 36 andra
1066 1337 225 38 kammaren
1330 1340 114 36 väckt
1483 1340 145 37 motion
1660 1353 45 23 nr
1733 1342 72 35 276

202 1383 229 47 hemställts,
472 1390 77 31 »att
575 1384 210 50 riksdagen
812 1389 131 44 måtte,
972 1387 86 37 med
1087 1387 211 49 anledning
1326 1402 47 23 av
1400 1390 143 49 Kungl.
1572 1390 128 48 Maj:ts
1728 1404 83 36 pro-

199 1433 167 49 position
407 1447 46 23 nr
494 1436 82 45 105,
605 1436 123 49 punkt
758 1437 57 45 10,
844 1436 162 47 besluta,
1040 1442 56 32 att
1123 1438 103 36 förre
1255 1438 198 38 skrivaren
1477 1440 64 37 vid
1568 1440 245 49 Borghamns

199 1483 307 38 kalkstensbrott
547 1485 88 37 Carl
666 1486 155 49 August
846 1486 220 50 Holmqvist
1094 1491 62 34 må
1183 1488 86 37 från
1297 1490 71 36 och
1396 1490 87 37 med
1512 1491 75 36 den
1617 1493 18 34 1
1657 1491 155 48 januari

202 1536 93 35 1921
333 1534 124 37 under
497 1535 58 37 sin
597 1536 243 38 återstående
872 1537 130 37 livstid
1031 1541 21 34 å
1079 1538 194 38 allmänna
1300 1539 389 52 indragningsstaten
1716 1555 98 36 upp-

199 1584 94 37 bära
320 1598 47 23 en
395 1585 98 49 årlig
520 1586 161 49 pension
710 1600 48 24 av
786 1588 72 36 500
887 1588 151 37 kronor.

298 1635 326 38 Bankoutskottet
664 1637 100 38 hade
804 1637 12 37 i
858 1638 66 37 sitt
961 1639 198 37 utlåtande
1198 1653 46 23 nr
1284 1642 47 35 25
1373 1638 137 52 (punkt
1552 1643 45 35 10
1639 1655 112 23 mom.
1778 1640 31 51 j)

198 1685 207 48 hemställt,
431 1691 55 32 att
509 1686 209 50 riksdagen
743 1691 118 34 måtte
885 1688 132 38 bifalla
1040 1690 143 49 Kungl.
1208 1690 127 48 Maj:ts
1359 1692 251 49 proposition.

298 1736 135 49 Enligt
472 1737 190 38 utskottet
701 1738 331 38 tillhandakomna
1072 1740 358 51 protokollsutdrag
1456 1742 71 37 har
1554 1743 122 36 första
1703 1743 107 37 kam-

198 1798 132 25 maren
370 1786 140 37 bifallit
550 1788 75 37 vad
666 1789 191 37 utskottet
883 1789 11 36 i
923 1790 65 37 sitt
1028 1791 199 36 utlåtande
1265 1791 208 49 hemställt,
1510 1793 124 37 under
1662 1793 66 37 det
1756 1799 55 31 att

197 1836 119 38 andra
343 1837 224 38 kammaren
595 1839 140 37 bifallit
759 1839 76 38 vad
862 1840 188 38 utskottet
1076 1841 210 47 hemställt,
1311 1842 98 37 dock
1429 1843 86 37 med
1536 1844 74 36 den
1632 1844 176 49 ändring,

198 1891 56 33 att
280 1888 231 37 omnämnde
539 1889 89 37 Carl
655 1892 155 47 August
836 1890 239 50 Holmqvists
1089 1892 163 49 pension
1268 1892 187 38 bestämts
1474 1893 57 37 till
1561 1895 72 36 500
1657 1894 152 37 kronor.

297 1938 76 37 För
413 1939 159 49 frågans
597 1941 222 48 avgörande
847 1954 141 36 genom
1016 1955 225 36 gemensam
1271 1943 241 51 omröstning
1539 1944 58 38 får
1620 1945 190 37 utskottet

195 1988 142 38 föreslå
364 1989 173 49 följande
564 1991 460 50 voteringsproposition:

298 2090 119 47 »Den,
442 2103 82 24 som
552 2090 11 37 i
591 2090 123 38 likhet
754 2091 87 37 med
869 2091 121 38 första
1017 2092 224 39 kammaren
1270 2094 65 38 vill
1358 2095 132 37 bifalla
1518 2095 73 37 vad
1621 2095 188 37 utskottet

194 2139 13 37 i
233 2139 67 38 sitt
338 2140 201 38 utlåtande
580 2141 197 38 hemställt
817 2142 94 37 eller
952 2148 55 32 att
1046 2143 210 50 riksdagen
1299 2149 61 34 må
1399 2146 193 49 medgiva,
1621 2152 56 31 att
1706 2146 102 37 förre

278 2196 134 43 Bihang
438 2198 50 32 till
510 2198 192 41 riksdagens
718 2199 158 41 protokoll
897 2202 92 30 1921.
1034 2202 21 30 8
1075 2201 90 32 saml.
1189 2204 40 29 21
1254 2202 79 41 häft.
1379 2203 66 39 (Nr
1466 2204 63 38 26.)
