2200 2664
431 179 40 31 22
884 177 253 32 Statsutskottets
1163 176 161 33 utlåtande
1347 177 50 30 Nr
1420 177 51 31 32.

387 259 244 50 utbjudande,
673 264 67 42 att,
783 258 46 36 då
858 258 82 37 icke
981 257 156 37 auktion
1167 262 41 32 är
1235 258 12 35 i
1275 257 120 50 fråga,
1434 256 64 37 vid
1527 255 199 49 samtidigt
1753 254 232 50 utbjudande

387 326 46 23 av
461 312 91 36 flera
579 324 111 24 varor
718 311 90 37 eller
836 325 47 22 av
912 324 143 23 samma
1083 323 111 24 varor
1221 310 13 36 i
1261 310 90 37 flera
1380 314 128 45 poster
1537 313 97 32 samt
1663 308 127 36 därest
1818 308 62 37 det
1898 307 85 38 icke

386 366 121 36 finnes
537 364 176 50 lämpligt
741 363 218 49 föreskriva,
990 368 54 32 att
1072 363 166 37 särskillt
1265 362 125 38 anbud
1419 361 96 38 skall
1544 360 157 51 avgivas
1730 363 21 34 å
1771 360 104 50 varje
1893 373 91 24 vara

386 418 90 37 eller
496 422 98 45 post,
618 417 67 37 bör
710 416 305 49 tillkännagivas,
1038 421 64 43 att,
1124 429 61 24 om
1205 417 12 36 i
1237 429 144 24 samma
1396 414 187 49 handling
1597 419 112 44 göres
1726 413 125 37 anbud
1871 416 20 34 å
1907 426 79 24 mer

387 475 47 32 än
463 484 44 24 en
539 484 46 23 av
613 469 109 38 dessa
752 482 110 24 varor
890 469 90 37 eller
1007 474 141 45 poster,
1178 468 275 51 myndigheten
1473 472 40 32 är
1532 466 218 50 berättigad
1770 471 56 32 att
1845 471 140 44 antaga

382 522 145 51 jämväl
547 523 97 37 blott
668 536 47 23 en
736 522 60 37 del
825 536 46 22 av
898 522 175 37 anbudet.
1103 522 16 36 I
1147 521 20 51 $
1200 524 43 34 13
1273 534 112 24 mom.
1417 523 20 34 3
1460 520 194 49 medgives
1675 518 221 48 emellertid,
1918 524 65 42 att,

387 577 125 36 därest
553 576 82 36 icke
675 575 64 37 vid
781 575 194 48 samtidigt
1016 575 232 49 utbjudande
1277 588 46 23 av
1351 573 89 37 flera
1468 586 112 23 varor
1608 572 89 37 eller
1724 585 145 23 samma
1896 585 90 23 vara

385 630 11 36 i
426 629 90 37 flera
544 634 128 44 poster
700 627 247 49 föreskrivits,
978 633 54 32 att
1060 627 153 38 särskilt
1242 626 125 38 anbud
1396 626 95 37 skall
1520 626 156 48 avgivas
1705 627 21 34 å
1753 625 106 49 varje
1894 638 91 23 vara

387 682 93 36 eller
508 687 98 43 post,
636 680 291 48 anbudsgivare,
957 693 80 23 som
1065 680 12 36 i
1107 693 141 23 samma
1276 679 187 48 handling
1490 683 71 44 gör
1581 677 126 37 anbud
1728 681 20 33 å
1767 677 90 37 flera
1878 690 111 23 varor

385 734 92 36 eller
499 737 129 45 poster
648 733 69 35 och
745 732 66 36 vill
839 732 232 36 förekomma
1099 732 213 48 antagande
1342 731 159 36 allenast
1529 743 44 22 av
1594 743 45 22 en
1660 728 60 37 del
1739 742 46 22 av
1806 729 178 45 anbudet,

387 792 92 43 äger
508 785 81 37 däri
617 789 94 45 göra
740 784 197 40 förbehåll,
967 789 54 32 att
1050 783 63 37 det
1141 784 134 37 endast
1304 782 123 38 odelat
1455 783 131 49 gäller.

515 837 250 37 Revisorerna
800 837 97 36 hava
931 836 13 36 i
971 837 90 36 flera
1091 837 66 36 fall
1198 836 363 50 uppmärksammat,
1592 840 53 30 att
1673 833 65 36 vid
1765 834 129 36 tävlan
1924 847 61 23 om

386 904 47 24 en
462 895 119 32 större
608 889 262 50 entreprenad,
900 889 56 36 till
985 889 171 50 exempel
1184 889 223 36 årsbehovet
1435 901 46 22 av
1501 900 47 23 en
1567 886 78 37 viss
1664 899 90 23 vara
1774 885 90 37 eller
1882 886 104 36 vissa

387 943 167 47 artiklar,
584 942 73 36 den
678 947 138 31 största
836 941 307 49 anbudsgivaren
1162 942 105 49 gjort
1296 940 184 37 förbehåll
1508 952 60 23 om
1597 940 220 35 leveransen
1838 937 144 38 odelad.

386 995 17 37 I
433 995 45 37 de
507 994 76 47 fall,
614 994 68 36 där
710 994 121 36 denne
860 994 81 36 haft
970 1000 54 30 att
1052 994 101 37 tävla
1181 994 86 36 med
1286 992 147 37 mindre
1453 990 420 51 produktionskraftiga
1892 990 94 36 kon-

388 1048 209 47 kurrenter,
640 1060 80 23 som
749 1046 147 37 kunnat
924 1049 115 46 åtaga
1067 1047 60 49 sig
1156 1046 133 38 endast
1317 1059 46 23 en
1391 1045 58 37 del
1480 1058 45 23 av
1553 1044 235 46 leveransen,
1816 1043 69 36 har
1914 1042 73 37 den

386 1099 402 49 leveranskraftigaste
830 1098 305 49 anbudsgivaren
1176 1102 48 47 på
1265 1098 124 49 grund
1427 1111 46 22 av
1501 1096 234 37 förbemälda
1763 1095 221 49 stadgande,

387 1153 137 36 försatt
548 1152 376 49 järnvägsstyrelsen
952 1151 12 36 i
984 1152 245 48 tvångsläget
1249 1157 55 30 att
1323 1157 139 42 antaga
1481 1149 74 37 den
1575 1148 155 37 odelade
1749 1148 239 47 leveransen,

386 1210 97 31 även
525 1217 60 23 om
629 1204 123 36 denna
778 1203 12 35 1
819 1203 195 49 åtskilliga
1041 1209 130 43 poster
1199 1203 175 49 betingat
1402 1202 122 48 högre
1552 1200 120 51 priser
1701 1205 48 31 än
1778 1200 95 47 dem,
1904 1213 82 23 som

385 1256 330 37 konkurrenterna
744 1255 165 50 erbjudit
936 1256 12 35 i
977 1255 45 37 de
1051 1256 113 47 delar,
1195 1258 20 33 å
1242 1255 103 36 vilka
1373 1254 46 37 de
1448 1253 147 49 avgivit
1624 1252 135 37 anbud.

514 1309 68 36 Att
611 1308 102 37 detta
742 1313 40 31 är
809 1312 55 32 ett
894 1308 338 47 missförhållande,
1263 1313 40 31 är
1330 1306 223 50 uppenbart.
1609 1305 73 36 Det
1710 1304 120 37 skulle
1859 1304 128 36 kunna

385 1361 268 46 förekommas,
697 1360 125 36 därest
858 1360 375 49 järnvägsstyrelsen
1274 1361 12 35 i
1326 1360 142 36 minsta
1509 1357 111 49 detalj
1666 1356 214 50 uppdelade
1916 1356 72 37 alla

386 1412 297 50 entreprenader
712 1412 70 36 och
811 1417 119 32 större
957 1418 127 44 poster
1112 1413 70 36 och
1211 1412 58 37 för
1288 1411 104 48 varje
1411 1410 148 37 tillfälle
1578 1409 199 37 utfärdade
1798 1409 72 36 den
1891 1409 97 36 före-

385 1466 122 47 skrift,
546 1478 80 23 som
668 1464 242 37 omförmäles
938 1464 11 36 i
977 1464 20 50 8
1029 1467 45 34 13
1104 1478 111 23 mom.
1247 1467 33 34 3.
1336 1463 199 37 Huruvida
1577 1462 103 36 detta
1721 1466 41 31 är
1795 1460 193 50 praktiskt

385 1517 286 51 genomförbart
712 1517 102 36 inom
856 1522 54 31 ett
939 1517 217 47 affärsverk,
1195 1517 66 36 där
1288 1515 359 51 upphandlingarna
1674 1516 83 34 nått
1785 1514 73 36 den
1887 1519 101 31 stora

388 1569 233 48 omfattning
663 1582 80 23 som
786 1569 65 35 vid
892 1574 144 31 statens
1072 1570 220 48 järnvägar,
1321 1567 118 37 tilltro
1468 1567 60 48 sig
1555 1566 236 36 revisorerna
1818 1565 85 36 icke
1933 1570 55 31 att

386 1621 165 37 bestämt
593 1625 152 44 avgöra.
801 1620 137 37 Därest
975 1626 102 32 stora
1104 1621 198 49 praktiska
1330 1619 246 50 olägenheter
1602 1631 84 23 resa
1714 1617 61 50 sig
1802 1617 185 47 häremot,

387 1674 64 36 vill
481 1674 63 36 det
572 1673 208 37 emellertid
809 1686 115 36 synas
951 1673 248 48 revisorerna,
1229 1686 80 23 som
1339 1686 61 22 om
1428 1669 560 52 upphandlingsförordningen

385 1725 117 37 borde
530 1725 171 49 undergå
729 1738 47 23 en
804 1725 159 49 lämplig
991 1725 314 48 omformulering
1324 1724 57 37 till
1401 1723 309 37 förekommande
1729 1735 46 23 av
1797 1720 191 38 missbruk

384 1778 13 35 i
426 1777 248 37 omförmälda
715 1777 197 37 avseende.
968 1777 17 36 I
1025 1777 104 49 varje
1166 1776 66 37 fall
1260 1777 91 49 vilja
1378 1775 240 38 revisorerna
1647 1773 197 37 framhålla
1872 1773 113 37 önsk-

385 1829 209 37 värdheten
623 1843 46 22 av
698 1834 54 31 att
781 1842 46 24 en
857 1829 224 49 förändring
1108 1830 11 35 i
1150 1829 157 37 berörda
1337 1827 186 38 avseende
1553 1826 317 48 åvägabringas.»

517 1935 13 35 I
564 1934 188 36 avseende
780 1937 21 33 å
830 1934 72 36 den
931 1947 47 23 av
1006 1934 234 36 revisorerna
1270 1932 247 38 omförmälda
1557 1930 356 49 sammanställning
1942 1943 45 24 av

385 2000 128 36 prisen
542 1989 20 34 å
590 2000 103 23 vissa
720 1986 330 37 leveransartiklar
1078 1986 138 37 tillåter
1244 1986 61 48 sig
1324 1985 187 37 utskottet
1530 1984 160 36 hänvisa
1710 1983 56 36 till
1786 1995 200 24 revisions-

385 2039 241 37 berättelsen.

516 2143 239 37 Beträffande
784 2143 124 37 denna
935 2143 254 37 revisorernas
1218 2142 282 48 framställning
1527 2140 68 36 har
1611 2139 377 50 järnvägsstyrelsen

384 2196 12 35 i
426 2195 71 37 den
530 2197 43 35 16
599 2195 152 50 januari
783 2197 95 35 1913
910 2195 155 49 avgivet
1092 2194 195 37 utlåtande
1316 2193 127 38 anfört
1470 2192 177 49 följande.

515 2248 149 37 »Under
691 2247 21 50 $
743 2251 18 33 1
791 2248 50 35 ha
868 2248 247 46 revisorerna,
1149 2247 135 36 liksom
1314 2246 63 36 vid
1405 2245 289 49 granskningen
1724 2258 45 22 av
1800 2245 98 35 1910
1927 2245 61 34 års

386 2300 321 49 upphandlingar,
736 2300 150 49 påvisat
914 2299 322 48 förefintligheten
1265 2312 47 22 av
1340 2297 353 48 kartellbildningar
1721 2296 138 36 mellan
1888 2296 101 36 leve-
