1864 2774
271 117 19 31 8
477 118 187 31 Allmänna
683 120 398 40 beredningsutskottets
1100 124 178 31 utlåtande
1295 134 44 21 nr
1357 126 41 30 22
1416 126 41 31 år
1476 127 85 30 1963

316 201 175 30 Utskottet
521 203 65 29 har
614 203 172 31 inhämtat
817 206 159 37 yttrande
1008 207 79 29 över
1119 208 217 31 motionerna
1368 210 78 30 från
1480 212 287 39 socialstyrelsen,

272 251 492 41 arbetsmarknadsstyrelsen,
788 254 370 42 familjeberedningen
1181 259 64 29 och
1270 262 130 28 statens
1424 261 61 30 råd
1510 261 53 30 för
1589 264 180 30 samhälls-

274 300 184 40 forskning
479 305 90 27 samt
590 303 108 31 berett
721 304 153 30 Svenska
896 306 451 42 arbetsgivareföreningen,
1370 311 278 31 Yrkeskvinnors
1671 313 98 30 klub-

270 351 80 29 bars
376 351 239 35 riksförbund,
642 353 317 39 Tjänstemännens
987 358 372 39 centralorganisation
1392 361 119 34 (TCO)
1545 363 63 29 och
1637 363 131 31 Lands-

272 401 281 38 organisationen
572 403 10 28 i
600 403 134 39 Sverige
759 404 92 35 (LO)
874 405 135 32 tillfälle
1028 409 49 27 att
1096 407 180 31 inkomma
1293 410 78 29 med
1390 412 172 37 yttrande.

314 451 286 39 Socialstyrelsen
625 453 100 29 anför
750 455 133 34 endast,
908 458 47 26 alt
982 457 167 38 styrelsen
1177 458 189 40 tillstyrker
1392 461 63 29 den
1484 461 196 41 föreslagna
1706 473 62 20 un-

271 500 267 41 dersökningen.

315 551 490 41 Arbetsmarknadsstyrelsen
829 555 115 30 anför:

313 608 401 43 Långtidsutredningen
733 613 64 29 har
814 613 56 30 vid
890 614 51 30 sin
960 614 210 41 bedömning
1189 626 42 20 av
1249 618 65 29 den
1335 618 165 31 framtida
1521 621 245 32 arbetskrafts-

269 650 188 40 tillgången
477 652 46 30 bl.
544 662 29 20 a.
594 654 124 29 räknat
739 655 81 29 med
840 664 41 21 en
903 658 230 37 stagnerande
1154 659 134 30 tillväxt
1310 669 41 20 av
1373 661 66 29 den
1461 663 154 39 manliga
1637 664 129 31 arbets-

268 692 142 30 kraften
432 702 80 21 men
538 704 42 20 en
606 696 129 39 ökning
760 696 11 30 i
796 696 99 40 fråga
919 706 56 21 om
1001 699 168 31 kvinnors
1195 701 154 39 villighet
1377 704 64 29 och
1467 704 222 40 möjligheter
1715 709 50 27 att

268 734 102 39 åtaga
391 735 51 39 sig
462 735 288 32 förvärvsarbete.
773 739 71 29 Mot
866 740 227 38 bakgrunden
1117 742 106 30 härav
1246 743 116 30 finner
1385 742 381 49 arbetsmarknadssty-

268 776 112 29 relsen
402 777 56 30 det
480 787 82 20 vara
584 780 178 39 angeläget
784 783 50 27 att
856 782 40 29 de
919 782 86 39 gifta
1027 783 215 31 kvinnornas
1266 786 204 41 inställning
1493 788 51 30 till
1568 790 64 29 och
1656 789 109 31 förut-

268 818 195 39 sättningar
498 819 54 30 för
585 821 327 38 yrkesverksamhet
946 823 67 30 blir
1048 825 146 31 föremål
1229 826 54 30 för
1319 837 41 21 en
1398 830 206 39 sociologisk
1640 833 125 29 under-

268 860 148 40 sökning
432 861 11 29 i
457 861 86 40 linje
559 863 78 29 med
653 864 66 29 den
737 873 41 20 av
794 865 259 31 motionärerna
1071 867 206 40 föreslagna.

312 901 173 39 Styrelsen
505 904 58 29 vill
583 906 191 30 emellertid
792 907 91 39 peka
901 908 54 39 på,
974 911 50 27 att
1045 909 193 32 statistiska
1259 913 243 39 centralbyrån
1524 916 65 29 och
1607 916 157 31 bostads-

267 944 169 38 styrelsen
454 946 107 38 enligt
579 947 65 29 vad
663 956 74 21 som
757 948 154 40 framgår
930 959 42 20 av
989 951 115 39 bilaga
1123 952 19 29 9
1162 953 50 29 till
1234 954 83 30 1963
1337 955 56 30 års
1414 954 350 48 statsverksproposi-

266 985 72 30 tion
363 986 42 33 (s.
425 986 59 34 49)
508 989 161 37 planerar
689 999 41 20 en
751 991 86 29 serie
859 992 173 30 särskilda
1051 994 302 41 undersökningar
1373 997 45 39 på
1438 1000 171 37 grundval
1630 1010 41 20 av
1691 1010 72 21 ma-

265 1027 99 30 terial
382 1028 79 30 från
480 1029 282 41 folkräkningen.
781 1033 58 29 Ett
856 1043 41 20 av
916 1034 40 31 de
975 1035 291 32 ämnesområden
1286 1048 74 20 som
1380 1040 121 30 därvid
1522 1043 177 39 upptagits
1719 1044 43 39 på

264 1074 247 34 programmet,
527 1072 66 29 har
608 1076 134 36 angetts
759 1084 83 20 vara
861 1075 192 41 »Familjen
1071 1079 65 29 och
1152 1079 65 29 den
1235 1080 294 38 yrkesarbetande
1547 1084 155 30 kvinnan
1720 1104 44 3 —

263 1120 43 19 en
330 1111 397 43 statistisk-sociologisk
753 1117 145 29 studie».
923 1118 126 40 Kungl.
1075 1120 104 39 Maj:t
1205 1122 63 29 har
1295 1122 177 41 föreslagit
1499 1125 185 41 riksdagen
1712 1130 49 27 att

263 1153 120 30 anvisa
400 1155 112 29 medel
531 1155 54 30 för
602 1157 272 38 genomförande
892 1168 41 21 av
951 1160 265 40 ifrågavarande
1236 1165 196 40 utredning.
1451 1167 65 30 Det
1535 1168 59 29 vill
1614 1169 147 31 sålunda

264 1203 104 30 synas
390 1204 75 21 som
488 1205 56 21 om
568 1206 41 21 en
632 1199 262 41 undersökning
916 1203 78 29 med
1018 1204 213 40 väsentligen
1257 1215 134 22 samma
1415 1209 90 38 syfte
1531 1219 74 21 som
1629 1211 66 29 den
1720 1222 41 19 av

261 1236 262 32 motionärerna
547 1238 197 41 föreslagna
768 1242 107 30 redan
899 1243 38 30 är
960 1244 169 39 planerad
1153 1248 65 28 och
1240 1267 44 3 —
1308 1250 110 29 under
1443 1250 254 43 förutsättning
1720 1263 42 21 av

262 1278 207 40 riksdagens
486 1281 99 30 bifall
607 1282 50 30 till
677 1284 261 39 propositionen
958 1305 44 2 —
1021 1287 159 31 kommer
1201 1292 50 28 att
1271 1287 233 49 genomföras.

307 1320 115 31 Skulle
446 1323 57 29 det
526 1324 191 31 emellertid
740 1326 75 30 visa
839 1327 60 40 sig,
923 1330 49 28 att
996 1329 66 30 den
1087 1339 41 21 av
1152 1333 245 30 ovannämnda
1421 1336 242 39 myndigheter
1688 1339 71 38 pla-

260 1363 126 30 nerade
417 1365 306 41 undersökningen
754 1367 75 31 icke
859 1369 9 29 i
898 1370 66 30 alla
994 1373 169 29 avseende
1193 1373 199 40 tillgodoser
1424 1377 105 39 syftet
1560 1379 78 30 med
1670 1380 89 30 före-

260 1405 150 30 varande
431 1407 184 35 motioner,
637 1408 115 31 finner
774 1411 167 39 styrelsen
964 1413 55 29 det
1042 1423 82 21 vara
1146 1415 177 36 önskvärt,
1345 1420 50 28 att
1425 1419 2 29 i
1449 1420 179 30 desamma
1652 1422 105 30 fram-

261 1445 100 31 förda
379 1447 131 41 förslag
527 1449 143 31 beaktas
689 1452 64 29 och
772 1453 191 31 realiseras.

301 1513 385 43 Familjeberedningen
713 1517 109 32 fäster
849 1522 356 38 uppmärksamheten
1233 1525 44 40 på
1305 1529 49 28 att
1382 1528 78 30 dess
1489 1529 114 31 arbete
1632 1531 125 32 hittills

258 1563 156 31 närmast
437 1565 165 31 inriktats
624 1567 44 39 på
691 1568 41 31 de
756 1569 348 34 förvärvsarbetande
1128 1575 206 31 mödrarnas
1358 1579 157 38 problem
1540 1588 123 31 genom
1690 1582 65 30 den

257 1622 43 20 av
319 1614 187 40 riksdagen
527 1616 169 31 beställda
719 1619 249 39 skyndsamma
992 1623 230 41 utredningen
1245 1635 56 21 om
1324 1627 147 40 daghem
1495 1639 45 20 m.
1564 1640 45 21 m.
1632 1632 123 30 Bered-

255 1663 127 39 ningen
408 1665 63 29 har
497 1666 149 31 sålunda
671 1668 91 39 gjort
789 1671 47 29 ett
861 1679 62 31 par
949 1671 460 46 intervjuundersökningar
1435 1688 57 21 om
1520 1680 143 41 tillgång
1690 1684 64 29 och

255 1712 214 42 efterfrågan
497 1716 45 39 på
569 1718 233 40 samhälleligt
829 1721 222 39 organiserad
1081 1724 218 41 barntillsyn.
1328 1728 205 40 Ytterligare
1564 1732 190 31 undersök-

255 1763 124 40 ningar
402 1774 42 20 av
467 1766 45 29 bl.
538 1776 29 20 a.
592 1768 144 30 behovet
762 1770 65 29 och
852 1770 187 41 tillgången
1065 1773 44 40 på
1134 1775 92 29 olika
1253 1777 292 41 serviceåtgärder
1572 1781 54 30 för
1652 1783 100 30 barn-

254 1813 202 40 familjerna
480 1817 162 38 planeras
668 1818 95 30 inom
790 1820 233 41 beredningen
1051 1824 65 29 och
1143 1824 157 32 kommer
1329 1828 193 41 säkerligen
1553 1834 48 27 att
1629 1833 121 30 beröra

253 1863 88 30 flera
364 1874 41 19 av
430 1866 40 29 de
497 1866 155 31 faktorer
678 1878 74 20 som
778 1870 170 39 påverkar
973 1874 207 31 mödrarnas
1206 1877 321 41 yrkesbenägenhet
1556 1881 9 29 i
1593 1883 64 29 den
1686 1894 64 20 ena

251 1913 82 29 eller
364 1915 109 30 andra
504 1917 210 40 riktningen.
746 1919 163 32 Däremot
941 1922 64 30 har
1035 1923 233 42 beredningen
1301 1928 71 30 inte
1403 1929 108 40 några
1544 1932 119 38 planer
1696 1934 54 29 för

251 1971 83 31 egen
358 1965 150 40 räkning
531 1967 44 39 på
598 1977 40 20 en
663 1969 37 29 så
724 1969 236 41 djuplodande
986 1974 262 41 undersökning
1272 1986 42 21 av
1339 1978 328 42 >familjehindren>
1695 1984 54 30 för

250 2013 66 29 den
339 2014 86 39 gifta
447 2016 175 31 kvinnans
646 2018 275 33 förvärvsarbete
946 2031 75 21 som
1044 2023 260 34 motionärerna
1328 2029 122 30 tänker
1476 2031 61 39 sig.
1563 2032 12 28 I
1599 2035 46 27 ett
1671 2043 77 21 nor-

248 2064 84 29 malt
358 2065 302 33 kommittéarbete
687 2069 96 31 finns
809 2071 70 30 inte
904 2072 40 30 de
969 2074 262 41 vetenskapliga
1257 2086 155 23 resurser
1440 2081 64 29 och
1531 2082 40 29 de
1600 2080 145 48 rymliga

248 2113 200 37 tidsfrister,
473 2126 73 20 som
572 2118 111 30 skulle
707 2119 176 32 erfordras
908 2121 53 31 för
985 2126 50 27 att
1059 2125 83 38 göra
1166 2127 65 29 vad
1255 2128 261 32 motionärerna
1540 2141 105 31 anger
1671 2144 73 21 som

247 2164 228 40 nödvändigt:
498 2167 73 30 dels
594 2178 60 19 >»en
678 2170 221 41 uppräkning
920 2173 65 29 och
1006 2174 168 40 vägning»
1199 2186 41 19 av
1262 2178 99 30 dessa
1384 2179 263 41 familjehinder
1670 2194 74 21 som

246 2213 40 30 de
307 2214 183 41 föreligger
510 2217 56 30 vid
588 2227 40 20 en
650 2219 68 29 viss
741 2220 174 40 tidpunkt,
937 2222 73 31 dels
1031 2233 42 20 en
1096 2226 316 33 »socialhistorisk»>
1436 2231 245 43 kartläggning
1702 2245 41 20 av

246 2263 132 31 sådana
397 2265 247 42 förändringar
664 2269 9 29 i
695 2269 229 40 familjelivet,
946 2281 74 21 som
1041 2274 70 30 kan
1133 2276 44 29 ha
1198 2276 76 31 haft
1295 2278 174 40 betydelse
1493 2281 55 30 för
1568 2280 174 36 kvinnans

244 2313 277 35 förvärvsarbete
543 2319 63 28 och
626 2319 295 38 yrkesintensitet.
944 2322 259 43 Sammantaget
1227 2336 101 30 synes
1350 2329 93 31 detta
1467 2341 81 21 vara
1571 2343 41 20 en
1636 2336 106 30 socio-

243 2364 111 38 logisk
392 2365 344 43 forskningsuppgift
776 2380 42 20 av
857 2372 122 31 sådant
1020 2374 153 41 omfång,
1212 2380 50 27 att
1291 2379 66 30 den
1385 2380 64 30 hör
1477 2382 140 31 hemma
1647 2385 94 31 inom

242 2414 268 32 universitetens
530 2427 86 21 ram.
636 2419 53 29 En
707 2420 82 29 eller
809 2420 86 31 flera
915 2423 400 44 doktorsavhandlingar
1336 2429 9 29 i
1366 2430 117 32 ämnet
1505 2433 111 31 skulle
1639 2437 101 29 emel-
