1864 2784
298 176 186 29 Allmänna
504 171 398 41 beredningsutskottets
922 169 178 30 utlåtande
1119 177 43 20 nr
1180 168 41 29 22
1240 167 40 29 år
1300 166 83 29 1963
1559 164 38 30 13

730 308 231 34 Reservation

141 422 40 20 av
204 412 121 29 herrar
351 410 134 37 Widén,
508 410 185 34 Jonasson,
716 407 81 29 Eric
822 405 125 40 Gustaf
970 405 176 34 Peterson,
1171 403 107 29 Ernst
1304 401 136 36 Olsson,
1465 399 129 39 Keijer,

95 461 189 39 Börjesson
301 461 11 29 i
330 460 227 39 Glömminge,
574 459 151 28 Larsson
744 456 13 30 i
774 455 134 40 Borrby
924 455 65 31 och
1005 453 147 30 Hamrin
1171 454 11 29 i
1200 452 154 35 Kalmar,
1371 450 94 30 vilka
1483 451 114 28 ansett

96 513 50 28 att
168 511 189 30 utskottets
378 509 180 31 utlåtande
580 509 65 29 och
666 506 211 31 hemställan
898 506 78 30 bort
997 505 44 29 ha
1065 503 156 40 följande
1244 502 140 40 lydelse.

141 564 63 28 Det
223 563 39 29 är
280 562 80 30 med
379 562 139 38 hänsyn
535 559 52 31 till
607 559 66 30 den
692 558 138 30 alltmer
849 556 111 31 ökade
979 555 200 40 betydelsen
1200 563 42 21 av
1262 553 41 30 de
1324 552 87 40 gifta
1431 551 165 30 kvinnor-

96 620 64 22 nas
180 612 151 30 insatser
351 612 11 29 i
384 610 198 30 arbetslivet
603 609 65 29 och
688 608 52 30 till
761 608 42 29 de
825 606 176 39 naturliga
1021 604 226 31 önskemålen
1269 605 51 28 att
1341 602 86 39 gifta
1448 601 150 30 kvinnor

97 671 75 21 som
199 663 37 30 så
260 662 132 29 önskar
418 660 89 30 skall
533 660 122 29 kunna
680 659 45 29 ha
752 656 277 31 förvärvsarbete
1055 655 179 39 angeläget
1260 655 51 28 att
1337 653 41 29 de
1404 650 194 41 mångskif-

96 713 104 30 tande
220 712 157 39 problem
398 720 74 21 som
491 711 65 29 här
575 709 156 31 anmäler
751 708 52 40 sig
821 707 67 30 blir
907 706 169 40 ingående
1096 705 143 39 belysta.
1261 705 66 28 Det
1347 702 183 39 föreligger
1550 703 48 28 ett

96 762 219 31 omfattande
333 762 111 30 behov
462 771 42 20 av
523 758 301 42 grundforskning
841 758 45 39 på
904 756 167 35 området,
1091 755 106 30 vilket
1216 754 106 30 också
1342 753 112 30 starkt
1472 752 127 29 under-

98 813 148 30 strukits
265 814 10 29 i
295 812 230 30 motionerna.
545 810 66 31 Vid
632 810 99 30 sidan
750 809 110 29 härav
879 808 98 29 finns
995 806 192 31 emellertid
1208 807 49 28 ett
1276 803 192 41 trängande
1488 803 111 29 behov

97 872 43 21 av
165 865 50 29 att
242 861 265 31 sammanställa
533 862 41 29 de
601 859 353 40 forskningsresultat
982 867 74 20 som
1083 856 169 40 uppnåtts
1278 855 52 30 till
1357 856 48 28 ett
1431 853 167 39 enhetligt

97 913 170 35 material,
294 921 74 21 som
394 913 69 29 kan
487 912 100 39 tjäna
611 920 76 20 som
711 908 281 40 kunskapskälla
1015 908 57 29 vid
1096 906 263 40 överväganden
1384 904 65 30 och
1474 903 124 30 beslut.

97 964 53 29 En
171 966 71 28 stor
262 964 55 29 del
338 972 43 21 av
401 962 292 30 statsmakternas
713 959 295 40 ansträngningar
1028 958 44 39 på
1093 957 157 30 området
1270 956 65 29 har
1355 954 125 31 hittills
1500 953 99 30 blivit

98 1013 186 30 hämmade
304 1023 43 20 av
366 1015 50 28 att
436 1012 105 40 något
561 1011 124 31 sådant
704 1009 161 31 material
886 1009 30 40 ej
941 1008 148 30 funnits.

142 1064 100 31 Årets
259 1064 144 39 riksdag
419 1081 44 3 —
480 1081 44 3 -—
540 1080 44 3 —
607 1061 204 35 (utskottet)
834 1078 44 3 —-
895 1078 44 3 —
955 1079 44 2 —
1017 1055 520 41 bostadsräkningsmaterialet.

142 1113 176 31 Utskottet
343 1113 56 30 får
421 1113 79 29 med
523 1111 212 40 hänvisning
757 1110 53 30 till
836 1111 66 29 den
927 1119 89 20 ovan
1039 1108 161 30 lämnade
1225 1106 241 40 redogörelsen
1492 1105 108 30 fram-

98 1164 94 30 hålla
216 1166 51 29 att
291 1166 49 28 ett
365 1173 42 21 av
431 1163 41 30 de
497 1161 291 30 ämnesområden
815 1170 75 21 som
915 1160 160 29 kommer
1099 1160 52 28 att
1174 1158 203 34 behandlas,
1405 1155 195 40 »Familjen

98 1214 66 30 och
189 1215 67 29 den
282 1213 297 40 yrkesarbetande
605 1212 155 30 kvinnan
787 1230 45 2 —
857 1221 43 20 en
928 1208 399 40 statistisk-sociologisk
1356 1207 145 35 studie»,
1529 1206 71 29 kan

97 1264 124 31 väntas
241 1273 39 32 ge
299 1264 171 39 åtskilligt
491 1262 262 31 siffermaterial
773 1271 43 21 av
835 1261 175 39 betydelse
1030 1260 54 29 för
1104 1260 66 29 den
1191 1258 187 39 utredning
1399 1266 73 21 som
1493 1256 107 39 enligt

98 1314 190 31 utskottets
307 1314 143 40 mening
467 1314 63 29 bör
549 1313 184 38 företagas.
753 1312 166 30 Däremot
939 1312 38 29 är
996 1312 114 28 denna
1131 1310 113 30 studie
1264 1309 52 30 till
1338 1308 54 30 sin
1411 1307 190 30 konstruk-

99 1365 75 30 tion
199 1365 66 30 och
290 1363 214 41 omfattning
528 1363 72 31 inte
626 1363 188 39 tillräcklig
840 1362 55 30 för
921 1364 50 28 att
997 1361 181 39 tillgodose
1205 1360 41 30 de
1274 1359 145 39 tidigare
1446 1357 155 30 nämnda

99 1414 351 40 kunskapsbehoven.
473 1414 81 29 Som
575 1413 155 39 framgår
751 1422 43 20 av
814 1412 155 29 nämnda
990 1410 235 40 propositions
1246 1409 216 39 redogörelse
1485 1408 40 29 är
1545 1408 56 29 de-

99 1464 362 39 partementschefens
482 1463 115 30 avsikt
618 1465 51 28 att
688 1462 268 40 ifrågavarande
979 1461 112 30 studie
1115 1461 88 29 skall
1226 1460 90 39 ligga
1337 1459 52 30 till
1412 1458 112 40 grund
1547 1457 55 29 för

99 1514 118 30 vidare
240 1514 199 39 utredning.
462 1514 67 29 Till
553 1514 113 38 grund
689 1513 55 29 för
767 1513 67 29 den
857 1511 197 40 utredning,
1081 1520 73 20 som
1179 1511 171 29 utskottet
1373 1509 114 29 nedan
1512 1508 90 29 före-

101 1565 79 35 slår,
200 1565 62 30 bör
280 1566 88 29 även
387 1564 93 30 vissa
500 1564 110 29 andra
629 1573 43 20 av
690 1562 263 40 centralbyråns
975 1561 366 40 specialredogörelser
1360 1560 121 29 kunna
1500 1559 101 38 ligga.

101 1616 92 30 Även
217 1616 79 29 från
320 1619 109 27 annat
451 1615 82 34 håll,
556 1614 45 30 bl.
625 1624 29 20 a.
679 1614 77 30 från
782 1614 66 29 den
874 1623 41 20 av
939 1613 259 29 motionärerna
1223 1610 202 31 redovisade
1451 1609 149 31 skriften

103 1665 195 30 >Kvinnors
315 1665 48 30 liv
379 1665 64 29 och
461 1664 148 34 arbete»,
628 1664 97 30 torde
743 1662 170 40 åtskilligt
930 1662 159 30 material
1107 1670 82 21 vara
1207 1663 51 28 att
1275 1661 121 30 hämta
1414 1660 55 29 för
1487 1659 116 30 utred-

101 1722 138 32 ningen.

145 1765 176 31 Utskottet
343 1765 55 30 får
421 1765 110 29 under
551 1764 219 39 åberopande
793 1774 42 20 av
857 1764 58 29 det
936 1772 89 21 ovan
1047 1763 148 29 anförda
1216 1762 195 34 hemställa,

455 1817 49 29 att
521 1815 194 37 riksdagen,
731 1815 79 29 med
827 1814 100 30 bifall
944 1814 52 30 till
1016 1813 226 30 förevarande
1260 1812 170 30 motioner
1443 1811 81 30 1:62
1538 1811 64 30 och

412 1866 45 29 II:
475 1865 51 34 71,
549 1865 107 30 måtte
680 1865 11 29 i
715 1865 166 29 skrivelse
906 1864 52 30 till
983 1864 124 39 Kungl.
1134 1863 106 39 Maj:t
1264 1863 126 38 begära
1415 1861 186 39 utredning

413 1916 10 29 i
448 1915 89 39 syfte
562 1917 50 27 att
636 1915 180 29 inventera
840 1914 65 30 och
931 1913 263 30 sammanställa
1219 1912 159 30 material
1405 1913 89 28 samt
1520 1912 83 38 göra

413 1965 302 39 undersökningar
749 1964 149 30 rörande
933 1963 92 30 olika
1059 1962 245 30 förhållanden
1339 1963 11 29 i
1384 1961 219 40 familjelivet

414 2025 74 20 som
513 2015 70 29 kan
610 2015 124 29 tänkas
758 2015 87 29 höra
871 2023 159 20 samman
1056 2013 78 30 med
1160 2012 87 40 gifta
1272 2012 168 31 kvinnors
1467 2011 137 39 möjlig-

415 2066 57 29 het
496 2065 65 30 och
583 2065 216 39 benägenhet
824 2066 49 27 att
898 2066 34 27 ta
956 2063 288 34 förvärvsarbete,
1269 2062 10 30 i
1305 2062 89 39 syfte
1419 2064 49 28 att
1495 2062 108 38 skapa

414 2116 81 29 ökat
528 2115 167 38 underlag
727 2114 54 29 för
813 2114 262 38 överväganden
1108 2113 65 29 och
1205 2113 113 29 beslut
1353 2121 73 21 som
1459 2111 145 30 innebär

415 2166 89 28 ökad
531 2164 163 30 valfrihet
720 2164 54 29 för
801 2164 41 29 de
869 2163 86 40 gifta
981 2163 196 29 kvinnorna
1204 2163 127 29 mellan
1360 2162 115 30 arbete
1502 2162 10 29 i
1540 2162 65 28 och

417 2215 140 29 utanför
576 2215 152 28 hemmet
748 2214 65 29 och
833 2222 74 21 som
925 2214 69 28 kan
1015 2213 124 29 bereda
1159 2212 333 29 arbetsmarknaden
1513 2212 90 29 ökad

418 2264 141 39 tillgång
577 2264 42 39 på
636 2263 157 39 kvinnlig
811 2262 222 30 arbetskraft.

376 2464 164 24 Stockholm
558 2464 72 23 1963.
651 2464 77 22 Isaac
741 2464 112 22 Marcus
866 2462 184 30 Boktryckeri
1065 2462 169 30 Aktiebolag
1260 2467 96 20 630530
