1860 2784
300 133 187 30 Allmänna
506 128 398 40 beredningsutskottets
923 124 179 31 utlåtande
1121 132 43 21 nr
1182 123 41 29 22
1242 122 39 30 år
1302 122 83 28 1963
1581 119 18 29 7

790 416 51 35 Nr
860 415 48 35 22

324 519 183 31 Utlåtande
539 518 10 29 i
578 516 189 40 anledning
798 524 41 21 av
872 514 122 30 väckta
1026 512 173 30 motioner
1230 519 56 21 om
1320 519 41 20 en
1393 506 208 40 sociologisk

543 566 262 39 undersökning
831 564 148 31 rörande
1004 563 87 40 gifta
1117 562 169 30 kvinnors
1313 558 287 42 förvärvsarbete.

147 674 12 29 I
178 673 41 30 de
237 672 52 31 till
307 672 178 30 allmänna
503 667 380 40 beredningsutskottet
903 664 190 31 hänvisade
1113 663 221 30 motionerna
1353 662 30 28 I:
1398 661 41 29 62
1461 669 40 20 av
1521 659 80 29 herr

102 723 212 31 Lundström
340 731 45 20 m.
409 721 38 40 fl.
473 720 64 30 och
561 719 45 30 II:
623 719 37 29 71
688 727 43 21 av
755 717 124 30 fröken
903 715 124 30 Elmén
1053 714 66 30 och
1143 714 81 29 herr
1250 711 146 31 Hamrin
1424 712 10 29 i
1460 710 142 29 Kalmar

103 774 212 34 hemställes,
339 774 50 28 att
412 771 185 38 riksdagen
620 770 11 29 i
656 768 165 30 skrivelse
846 767 52 30 till
921 765 126 40 Kungl.
1072 764 105 40 Maj:t
1202 762 107 31 måtte
1335 762 126 38 begära
1485 761 50 29 att
1559 768 42 21 en

104 823 206 40 sociologisk
329 820 262 39 undersökning
610 819 172 39 företages
802 827 56 21 om
878 816 93 31 olika
991 814 245 31 förhållanden
1258 813 10 30 i
1288 811 219 40 familjelivet
1528 819 74 21 som

103 876 70 28 kan
191 874 126 30 tänkas
335 873 116 38 hänga
469 879 159 23 samman
647 870 79 29 med
745 869 41 30 de
805 867 87 40 gifta
910 866 216 30 kvinnornas
1146 863 183 40 möjlighet
1349 863 65 29 och
1433 861 170 38 benägen-

104 926 58 29 het
183 927 50 27 att
255 926 35 27 ta
310 921 287 34 förvärvsarbete,
619 920 10 30 i
652 919 89 40 syfte
763 920 50 28 att
836 918 109 39 skapa
967 917 81 30 ökat
1071 915 169 38 underlag
1263 913 54 30 för
1341 911 262 40 överväganden

104 975 65 30 och
192 975 125 33 beslut,
341 982 74 21 som
441 972 134 30 stärker
599 971 41 29 de
665 969 87 40 gifta
776 968 215 30 kvinnornas
1016 965 165 31 valfrihet
1207 965 128 29 mellan
1361 963 116 29 arbete
1503 962 10 29 i
1539 961 65 30 och

105 1025 143 30 utanför
274 1025 154 28 hemmet
455 1022 64 30 och
548 1030 74 21 som
649 1020 70 29 kan
748 1018 126 31 bereda
903 1015 336 32 arbetsmarknaden
1268 1014 91 30 ökad
1388 1012 145 40 tillgång
1560 1011 45 40 på

105 1075 157 39 kvinnlig
292 1072 222 32 arbetskraft.

150 1126 12 29 I
188 1125 219 30 motionerna
432 1121 202 31 framhålles
659 1121 45 29 bl.
730 1129 30 21 a.
785 1121 50 28 att
861 1119 146 29 andelen
1033 1116 87 40 gifta
1146 1116 150 30 kvinnor
1322 1115 95 29 inom
1443 1114 66 29 den
1537 1112 69 30 för-

105 1175 292 31 värvsarbetande
415 1172 248 39 befolkningen
682 1169 163 31 befunnit
865 1169 50 39 sig
934 1169 11 29 i
964 1167 138 39 ständig
1122 1166 153 40 stegring
1295 1165 111 30 under
1426 1173 41 21 en
1487 1164 119 39 längre

107 1225 201 40 tidsperiod.
326 1224 67 30 För
411 1222 217 31 närvarande
646 1221 173 30 beräknas
837 1229 40 20 ca
895 1218 41 30 40
955 1218 20 30 å
994 1218 40 30 50
1053 1219 143 38 procent
1216 1226 41 20 av
1276 1216 41 30 de
1337 1215 87 40 gifta
1443 1214 163 30 kvinnor-

108 1286 44 20 na
172 1285 82 20 vara
274 1274 326 40 yrkesverksamma
621 1271 113 40 någon
756 1270 49 31 tid
826 1270 111 30 under
958 1269 84 29 året.

151 1327 49 29 De
224 1325 86 40 gifta
333 1325 214 29 kvinnornas
572 1322 182 39 möjlighet
779 1321 64 30 och
867 1319 216 39 benägenhet
1108 1320 50 29 att
1183 1317 88 30 efter
1296 1316 160 30 avslutad
1482 1314 126 31 utbild-

109 1377 82 39 ning
215 1379 35 27 ta
274 1374 275 31 förvärvsarbete
573 1373 66 29 och
662 1372 93 29 hålla
779 1371 69 30 fast
873 1370 56 30 vid
955 1370 95 29 detta
1072 1368 124 39 skiljer
1222 1367 51 40 sig
1297 1367 102 38 högst
1423 1361 185 48 väsentligt

110 1427 77 30 från
208 1427 183 29 männens.
412 1425 73 29 Den
506 1424 92 38 lägre
618 1420 331 41 yrkesintensiteten
970 1420 64 29 hos
1055 1418 161 33 kvinnor,
1239 1416 141 31 särskilt
1402 1415 87 40 gifta
1511 1415 97 30 kvin-

110 1487 73 23 nor,
206 1477 38 29 är
266 1475 162 40 påtaglig,
451 1474 64 30 och
537 1473 63 29 har
624 1472 52 30 sin
701 1470 194 40 förklaring
917 1470 11 29 i
951 1469 73 31 dels
1047 1467 248 31 förhållanden
1317 1467 96 29 inom
1437 1465 172 39 familjen,

110 1528 72 29 dels
206 1525 245 31 förhållanden
473 1524 45 40 på
541 1521 346 34 arbetsmarknaden,
911 1522 22 27 t.
958 1529 51 20 ex.
1033 1518 361 39 karriärmöjligheter
1419 1516 65 30 och
1507 1515 103 30 efter-

112 1577 123 39 frågan
253 1576 44 40 på
313 1573 212 32 arbetskraft
544 1573 94 29 inom
657 1572 114 30 skilda
787 1571 120 40 yrken.

155 1627 259 30 Motionärerna
437 1624 102 30 anför
562 1625 50 28 att
635 1622 178 40 professor
837 1620 165 31 Edmund
1025 1619 203 30 Dahlström
1253 1617 161 30 författat
1439 1626 42 20 en
1507 1616 103 30 skrift

112 1677 178 40 angående
307 1676 44 29 bl.
368 1685 29 20 a.
415 1673 245 40 förändringar
678 1672 95 30 inom
791 1671 172 39 familjen,
982 1679 73 21 som
1074 1670 57 28 rör
1149 1668 86 41 gifta
1253 1668 168 30 kvinnors
1440 1667 171 29 förvärvs-

112 1728 128 33 arbete,
266 1726 195 30 »Kvinnors
486 1724 46 30 liv
556 1724 65 29 och
645 1723 150 33 arbete»,
821 1721 139 40 utgiven
986 1720 11 30 i
1023 1720 64 39 fjol
1114 1729 41 20 av
1182 1718 206 31 Samfundet
1415 1717 197 39 Näringsliv

113 1778 65 29 och
203 1777 178 29 samhälle.
406 1774 181 30 Professor
611 1773 202 30 Dahlström
838 1771 102 30 anför
965 1771 62 29 där
1052 1779 42 20 en
1121 1770 61 29 rad
1210 1769 155 30 faktorer
1391 1777 74 21 som
1492 1767 120 30 stimu-

115 1829 83 28 lerat
219 1826 193 39 respektive
431 1825 156 29 hämmat
607 1823 242 38 utvecklingen
869 1823 72 28 mot
961 1821 89 29 ökad
1070 1819 322 40 yrkesbenägenhet
1415 1818 53 29 för
1489 1818 40 29 de
1550 1816 63 40 gif-

116 1881 35 26 ta
173 1877 198 29 mödrarna.

160 1929 63 28 Det
242 1926 96 30 torde
356 1926 174 38 knappast
549 1923 117 30 finnas
685 1923 104 39 något
807 1920 152 35 område,
978 1929 101 21 anser
1099 1919 271 33 motionärerna,
1389 1918 62 29 där
1470 1918 144 29 behovet

116 1987 42 20 av
183 1987 40 19 en
251 1974 293 41 genomgripande
571 1972 207 40 sociologisk
807 1970 260 39 undersökning
1094 1970 38 29 är
1161 1969 37 29 så
1227 1969 111 29 starkt
1367 1977 74 21 som
1469 1968 62 29 när
1559 1968 56 29 det

117 2028 106 38 gäller
241 2027 65 29 den
325 2025 86 40 gifta
427 2024 174 30 kvinnans
618 2022 183 40 möjlighet
819 2022 67 29 och
902 2020 216 40 benägenhet
1137 2021 50 28 att
1206 2018 289 30 förvärvsarbeta.

162 2077 155 29 Allmänt
336 2076 209 37 vedertagna
563 2072 267 41 uppfattningar
850 2080 55 21 om
927 2070 164 40 lämpliga
1111 2069 160 39 åtgärder
1292 2069 55 29 för
1366 2071 50 27 att
1437 2068 181 30 stimulera

119 2127 86 39 gifta
226 2126 150 29 kvinnor
399 2125 145 29 intresse
568 2123 54 29 för
644 2122 277 30 förvärvsarbete
945 2120 91 30 visar
1060 2120 50 38 sig
1134 2119 185 30 emellanåt
1344 2118 273 38 verkningslösa.

165 2177 57 29 Att
243 2185 74 21 som
337 2176 23 28 f.
381 2184 32 20 n.
433 2175 38 28 är
492 2174 94 29 fallet
608 2173 131 37 nödgas
760 2171 101 30 ställa
881 2171 85 29 krav
986 2170 44 39 på
1051 2169 198 39 utbildning
1270 2178 42 20 av
1333 2168 207 39 exempelvis
1564 2167 55 30 två

121 2226 287 39 sjuksköterskor
437 2224 65 29 och
533 2223 54 29 två
618 2221 178 39 kvinnliga
827 2220 203 30 tandläkare
1062 2219 54 29 för
1148 2218 95 39 varje
1276 2219 108 38 tjänst
1417 2227 73 20 som
1523 2218 96 38 sjuk-

122 2275 182 30 sköterska
326 2273 193 40 respektive
541 2272 204 30 tandläkare
768 2272 38 28 är
830 2279 39 20 ur
892 2269 87 30 flera
1002 2269 219 38 synpunkter
1244 2268 37 30 så
1305 2267 316 30 otillfredsställan-

122 2326 52 32 de,
194 2327 50 27 att
262 2324 181 39 ingenting
462 2323 61 29 bör
545 2321 201 30 underlåtas
768 2320 53 29 för
841 2322 49 27 att
913 2319 84 29 söka
1019 2319 98 28 finna
1140 2317 340 38 förutsättningarna
1503 2316 54 30 för
1579 2326 41 20 en

123 2376 110 29 bättre
255 2374 158 38 ordning.

168 2424 226 30 Beträffande
416 2421 250 39 motiveringen
691 2421 9 29 i
722 2419 110 39 övrigt
855 2419 54 29 får
934 2419 167 29 utskottet
1125 2417 147 30 hänvisa
1295 2417 49 29 till
1370 2417 130 29 motion
1528 2417 25 29 I:
1570 2417 51 29 62.
