1900 2814
1605 152 18 29 a

554 162 305 31 Bankoutskottets
885 160 176 31 utlåtande
1083 168 42 21 nr
1152 160 48 30 30.

835 247 67 29 3:00;

160 336 112 30 Förra
296 334 320 32 tvättarbeterskan
644 332 59 31 vid
728 331 234 31 Norrbottens
989 330 199 36 regemente
1215 328 95 29 Beda
1337 327 165 30 Johanna
1527 324 98 31 Fins-

116 395 77 29 son,
219 387 86 30 född
325 386 182 30 Hansson.
531 384 118 30 Under
672 383 160 37 punkten
858 382 19 29 3
901 391 43 20 av
969 379 236 31 förenämnda
1229 377 222 38 proposition
1476 375 150 31 föreslår

117 437 122 36 Kungl.
266 436 101 37 Maj:t
390 436 185 35 riksdagen
599 433 168 37 medgiva,
791 437 50 26 att
864 432 95 30 förra
983 430 311 31 tvättarbeterskan
1315 428 60 30 vid
1399 427 225 30 Norrbottens

116 493 194 32 regemente
329 488 94 30 Beda
445 487 161 30 Johanna
631 485 155 34 Finsson,
810 484 86 30 född
920 483 171 34 Hansson,
1114 480 67 37 må,
1205 481 127 29 räknat
1353 478 80 31 från
1456 479 65 29 och
1543 476 81 32 med

117 541 68 29 den
208 542 13 28 1
246 539 188 31 november
458 539 92 35 1945,
572 537 111 30 under
704 536 53 30 sin
775 534 217 31 återstående
1009 533 116 30 livstid
1146 531 80 31 från
1244 531 154 36 anslaget
1419 530 51 30 till
1492 530 133 30 diverse

118 592 183 36 pensioner
316 591 66 30 och
401 589 190 31 understöd
608 599 44 20 m.
673 598 45 20 m.
735 587 159 36 uppbära
910 595 43 21 en
970 584 87 37 årlig
1074 584 145 37 pension
1235 593 42 20 av
1296 583 64 30 408
1378 583 139 29 kronor.

162 693 50 30 Av
228 692 255 36 handlingarna
502 691 10 30 i
531 690 140 31 ärendet
689 689 185 34 inhämtas,

164 748 48 27 att
230 743 147 31 Finsson
394 745 39 29 är
450 743 85 30 född
554 743 66 30 den
639 742 39 30 27
701 740 179 31 december
901 740 84 29 1879
1006 738 65 31 och
1089 737 131 31 således
1241 737 41 30 66
1300 735 38 32 år
1357 735 164 37 gammal;

165 799 47 27 att
236 795 71 30 hon
331 795 111 29 under
469 792 228 36 sammanlagt
721 790 104 37 något
850 799 73 21 mer
950 791 45 29 än
1023 789 40 30 16
1088 788 39 31 år
1152 787 158 31 innehaft
1336 785 210 38 anställning
1569 783 59 32 vid

120 846 223 30 Norrbottens
364 847 202 34 regemente,
584 841 175 37 nämligen
779 841 72 31 dels
871 839 115 32 såsom
1008 837 150 33 servitris
1191 838 8 31 å
1218 838 330 35 manskapsmässen
1565 844 62 21 un-

119 897 61 30 der
202 896 94 30 tiden
322 897 15 29 1
364 895 188 31 november
578 894 171 30 1913—30
776 892 194 36 september
996 891 94 37 1921,
1118 889 73 31 dels
1214 889 64 30 ock
1305 887 115 31 såsom
1445 887 181 31 tvättarbe-

119 947 113 31 terska
255 947 110 30 under
389 946 96 30 tiden
509 946 14 29 1
551 943 87 38 april
664 945 146 29 1922—1
840 942 144 31 oktober
1009 942 84 29 1924
1117 940 65 31 och
1205 956 44 4 —
1271 940 81 29 med
1377 938 91 31 vissa
1493 937 135 31 avbrott

118 1015 45 4 —
183 998 110 30 under
312 997 95 31 tiden
429 997 20 30 9
470 995 138 37 januari
633 995 170 30 1940—22
826 993 144 31 oktober
993 992 98 36 1945;

165 1051 48 28 att
238 1048 130 30 hennes
397 1046 134 37 dagliga
556 1045 166 31 arbetstid
749 1043 145 38 uppgått
918 1042 51 31 till
998 1041 114 32 såsom
1139 1040 150 32 servitris
1316 1040 11 30 i
1351 1037 209 39 genomsnitt
1588 1038 39 30 10

121 1097 138 32 timmar
279 1099 65 30 och
367 1096 116 32 såsom
504 1096 285 31 tvättarbeterska
809 1095 20 30 8
849 1093 153 37 timmar;

164 1153 50 29 att
234 1149 71 30 hon
328 1148 11 30 i
364 1148 172 36 egenskap
561 1156 43 21 av
628 1144 150 33 servitris
802 1143 142 38 åtnjutit
967 1161 46 4 —
1035 1143 154 31 förutom
1212 1140 92 33 vissa
1325 1138 304 33 naturaförmåner

120 1217 44 5 —
186 1201 145 29 kontant
354 1200 69 37 lön,
449 1208 75 21 som
546 1197 50 32 till
619 1207 42 21 en
685 1196 125 36 början
832 1195 130 37 utgjort
985 1195 41 30 20
1049 1194 130 30 kronor
1203 1193 11 31 i
1236 1191 173 32 månaden
1433 1191 65 31 och
1523 1191 107 30 sedan

121 1248 185 33 successivt
327 1250 100 31 ökats
447 1249 51 31 till
520 1250 40 29 52
582 1249 130 30 kronor
733 1248 42 30 50
796 1248 58 30 öre
876 1246 11 30 i
906 1244 187 38 månaden;

166 1307 89 27 samt
276 1304 50 30 att
349 1300 131 30 hennes
503 1298 161 38 avlöning
687 1297 114 32 såsom
825 1296 287 32 tvättarbeterska
1136 1295 111 31 under
1269 1294 94 31 tiden
1389 1295 15 29 1
1431 1292 88 37 april
1546 1292 82 30 1922

121 1353 62 29 —1
208 1352 142 30 oktober
374 1352 85 29 1924
481 1348 146 38 uppgått
646 1349 50 31 till
722 1350 60 30 130
806 1349 130 29 kronor
959 1347 11 31 i
992 1346 182 36 månaden,
1199 1345 111 31 under
1330 1344 96 31 tiden
1449 1345 20 30 9
1493 1341 138 39 januari

124 1403 147 30 1940—1
295 1410 93 22 mars
413 1402 81 29 1941
519 1400 50 31 till
601 1401 3 30 i
627 1399 165 31 medeltal
814 1397 161 38 omkring
999 1399 61 29 190
1085 1398 129 29 kronor
1235 1397 10 30 i
1269 1395 173 31 månaden
1467 1397 66 30 och
1554 1394 76 31 där-

122 1452 86 32 efter
230 1452 50 32 till
310 1451 2 31 i
334 1452 163 30 medeltal
519 1449 160 38 omkring
700 1450 64 30 230
785 1450 130 30 kronor
935 1448 12 30 i
969 1447 184 31 månaden.

168 1553 169 30 Utskottet
352 1551 208 36 hemställer,

476 1648 48 27 att
548 1644 122 35 Kungl.
699 1642 117 37 Maj:ts
841 1641 267 37 ifrågavarande
1132 1640 129 36 förslag
1284 1638 59 31 må
1367 1638 107 31 vinna
1495 1637 133 31 riksda-

430 1704 84 28 gens
535 1695 109 30 bifall.

837 1829 67 29 4:0.

167 1914 123 31 Förste
306 1914 223 30 kontoristen
546 1913 58 32 vid
621 1914 219 30 Karlskrona
857 1913 201 35 örlogsvarv
1077 1911 84 31 Seth
1177 1911 173 30 Emanuel
1369 1910 122 35 Eugtén
1509 1909 123 30 Söder-

122 1965 122 30 ström.
266 1965 14 30 I
304 1965 182 30 motionen
508 1964 58 30 I:4
591 1964 203 30 hemställer
814 1964 82 29 herr
918 1963 98 36 Berg,
1036 1962 137 39 Robert,
1198 1964 68 27 »att
1287 1960 93 31 förre
1400 1959 231 31 kontorsföre-

124 2015 194 36 ståndaren,
338 2015 203 30 nuvarande
557 2015 107 29 förste
678 2013 215 31 kontoristen
910 2013 58 30 vid
986 2012 213 30 Karlskrona
1215 2012 199 35 örlogsvarv
1433 2009 80 31 Seth
1531 2009 39 30 E.
1590 2009 38 30 E.

124 2066 214 30 Söderström
362 2076 44 20 av
430 2066 185 36 riksdagen
638 2064 143 37 beviljas
809 2074 43 20 en
876 2064 147 36 pension
1048 2062 246 31 motsvarande
1316 2059 313 33 kontorsförestån-

124 2118 91 35 dare,
240 2117 300 30 kontorsskrivare
561 2118 29 29 2.
614 2117 45 30 kl.
684 2116 11 30 i
719 2117 38 29 13
780 2115 240 37 lönegraden>.

168 2210 50 30 Av
238 2210 254 36 handlingarna
513 2210 185 34 inhämtas,

170 2264 48 27 att
238 2262 215 30 Söderström
473 2263 39 28 är
532 2261 84 30 född
638 2262 66 28 den
728 2261 38 29 14
786 2259 139 37 januari
949 2260 82 29 1884
1056 2259 64 30 och
1144 2258 98 30 alltså
1263 2258 41 29 62
1326 2257 39 30 år
1383 2256 165 37 gammal;

168 2315 49 26 att
237 2312 70 29 han
331 2310 199 36 tjänstgjort
553 2310 113 30 såsom
691 2310 230 30 skrivbiträde
941 2309 57 29 vid
1020 2307 454 36 besiktningsinstitutionen
1495 2305 59 31 vid
1578 2306 51 29 ör-

125 2362 190 36 logsvarvet
335 2362 11 29 i
367 2362 212 29 Karlskrona
597 2362 111 29 under
723 2361 94 29 tiden
838 2361 13 28 1
873 2359 137 36 maj—1
1032 2359 183 31 december
1235 2358 96 35 1903;

169 2416 49 27 att
234 2413 70 29 han
322 2412 88 30 varit
426 2412 150 30 anställd
591 2412 56 29 vid
664 2411 106 36 sagda
786 2409 411 36 besiktningsinstitution
1215 2408 114 31 såsom
1347 2408 186 36 daglönare
1551 2406 80 30 från

126 2465 64 29 och
210 2465 78 29 med
308 2464 66 30 den
398 2465 13 28 1
438 2463 151 30 februari
613 2464 82 29 1904
718 2462 48 31 till
788 2463 64 30 och
873 2463 77 30 med
975 2463 65 28 den
1063 2462 41 30 30
1125 2461 179 30 december
1327 2461 82 29 1912
1432 2460 64 29 och
1519 2458 114 31 såsom

1680 1549 128 25 Utskottet.
