1892 2816
529 174 306 31 Bankoutskottets
859 172 178 33 utlåtande
1059 182 41 20 nr
1125 174 51 30 30.
1570 164 41 30 25

145 265 49 28 att
214 262 71 30 hon
307 262 110 30 under
436 260 94 31 tiden
555 261 13 29 1
591 260 139 36 januari
752 259 172 30 1930—28
946 257 153 31 februari
1123 257 83 30 1945
1229 256 82 30 eller
1330 254 147 32 sålunda
1499 253 110 32 under

104 313 38 30 15
163 312 39 32 år
221 314 19 29 2
258 311 168 32 månader
445 311 160 31 innehaft
622 309 210 37 anställning
848 308 115 32 såsom
985 309 179 30 städerska
1181 307 58 31 vid
1257 310 127 27 statens
1404 305 204 37 järnvägars

101 363 283 32 huvudverkstad
402 363 11 30 i
435 361 182 37 Notviken;

145 418 49 28 att
216 415 129 30 hennes
368 413 165 32 arbetstid
554 411 146 38 uppgått
719 412 51 30 till
797 412 3 30 i
823 410 210 38 genomsnitt
1052 411 20 29 6
1092 409 142 31 timmar
1257 408 56 31 för
1333 407 209 36 söckendag;

145 469 49 28 att
215 466 130 30 hennes
364 465 154 30 inkomst
538 465 111 30 under
665 464 44 30 de
727 466 134 28 senaste
880 462 71 30 fem
971 461 84 31 åren
1075 470 43 22 av
1136 459 324 37 anställningstiden
1480 457 129 37 utgjort

100 516 10 30 i
130 517 161 30 medeltal
309 518 18 29 2
344 517 62 30 156
427 517 129 29 kronor
576 515 55 31 för
648 514 51 37 år;

145 572 49 26 att
217 568 72 30 hon
311 568 131 30 saknar
461 565 182 38 tillgångar
666 575 42 21 av
731 563 366 38 förmögenhetsvärde
1118 563 11 30 i
1150 562 119 31 vidare
1289 560 83 33 mån
1396 562 45 30 än
1464 563 50 28 att
1538 560 72 30 hon

101 619 81 36 äger
201 628 43 21 en
264 618 173 36 fastighet,
456 617 142 31 taxerad
617 617 51 30 till
689 617 20 30 6
722 616 63 31 000
804 617 143 34 kronor;

146 673 90 27 samt
252 672 49 28 att
318 670 71 29 hon
408 687 46 4 —
471 668 106 31 sedan
596 669 130 29 hennes
744 667 112 35 make,
875 666 125 30 filaren
1019 665 59 31 vid
1096 668 126 27 statens
1242 663 186 37 järnvägar
1446 662 78 31 Carl
1543 662 66 30 Au-

102 724 77 33 gust
200 720 128 36 Grahn,
349 719 120 31 avlidit
488 736 45 4 —
553 727 125 28 genom
698 718 112 30 beslut
831 727 43 21 av
897 717 81 30 1927
1000 715 55 32 års
1079 716 141 35 riksdag
1244 714 220 40 (bankoutsk.
1485 714 61 29 utl.
1568 721 44 22 nr

102 772 51 35 38,
171 781 32 27 p.
223 772 54 35 59;
295 771 105 30 riksd.
420 771 69 30 skr.
507 779 42 21 nr
566 770 74 35 216,
662 778 31 27 p.
713 768 52 39 57)
791 767 137 31 erhållit
946 771 46 27 ett
1010 766 99 37 årligt
1127 765 189 32 understöd
1335 775 42 20 av
1397 765 64 30 384
1481 765 130 29 kronor

102 825 50 28 att
170 821 82 38 utgå
274 821 80 31 från
374 821 66 31 och
461 821 79 31 med
564 820 66 30 den
655 821 14 29 1
694 819 138 37 januari
857 819 81 30 1927
962 818 111 31 under
1095 818 131 29 hennes
1247 815 215 32 återstående
1485 814 125 36 livstid,

103 872 38 32 så
157 874 101 36 länge
275 873 72 30 hon
368 872 121 30 förblir
509 872 101 30 änka.

150 975 170 30 Utskottet
342 974 200 30 hemställer
564 974 79 30 med
667 972 204 30 biträdande
896 981 42 21 av
963 971 122 36 Kungl.
1111 969 119 37 Maj:ts
1253 969 138 35 förslag,

459 1060 49 29 att
531 1058 186 35 riksdagen
740 1056 57 31 må
819 1056 123 30 bifalla
967 1056 121 35 Kungl.
1112 1054 119 36 Maj:ts
1255 1053 229 30 förevarande
1507 1052 105 30 fram-

416 1108 171 36 ställning.

819 1209 87 29 26:0.

147 1286 219 37 Banvakten,
385 1285 97 30 förre
500 1285 226 29 hamnlotsen
746 1283 85 31 Karl
850 1282 169 31 Wilhelm
1040 1281 216 31 Sendström.
1275 1280 15 31 I
1310 1280 182 30 motionen
1513 1278 45 31 II:
1576 1279 36 29 11

104 1336 184 31 hemställa
312 1337 121 29 herrar
455 1337 150 29 Jonsson
632 1335 11 29 i
671 1334 169 31 Skutskär
866 1334 67 30 och
958 1333 166 30 Eriksson
1151 1332 11 30 i
1191 1331 211 35 Stockholm,
1432 1333 68 28 »att
1525 1329 87 30 riks-

106 1389 111 36 dagen
239 1388 105 30 måtte
368 1388 134 30 besluta
526 1388 129 29 tilldela
680 1387 207 35 banvakten,
912 1386 24 30 f.
961 1386 31 30 d.
1016 1385 220 30 hamnlotsen
1259 1383 38 30 K.
1322 1383 53 30 W.
1404 1383 209 34 Sendström,

108 1438 146 36 Harnäs,
278 1448 43 21 en
344 1438 260 36 grundpension
629 1447 42 20 av
694 1437 106 30 minst
825 1437 97 30 2588
945 1437 52 29 kr.
1021 1445 61 26 per
1106 1434 39 31 år
1168 1435 125 29 räknat
1316 1433 80 31 från
1421 1434 68 29 den
1516 1434 15 28 1
1558 1432 56 30 de-

105 1490 138 30 cember
267 1490 115 29 1946».

151 1590 49 30 Av
223 1590 256 35 handlingarna
503 1589 185 35 inhämtas,

150 1644 51 27 att
223 1641 200 29 Sendström
446 1641 39 29 är
507 1640 83 30 född
613 1640 65 29 den
703 1640 40 30 25
765 1639 188 30 november
977 1638 82 30 1883
1082 1637 65 30 och
1170 1635 130 32 således
1323 1636 41 29 62
1387 1634 39 31 år
1447 1634 167 37 gammal;

151 1694 49 27 att
224 1692 71 29 han
320 1691 187 30 anställdes
533 1700 74 20 som
631 1693 97 27 extra
753 1690 176 29 hamnlots
954 1689 57 31 vid
1035 1688 247 30 förutvarande
1309 1684 308 38 Uppsala—Gävle

106 1742 147 36 järnväg
269 1743 69 30 den
360 1743 13 28 1
397 1742 88 35 april
510 1742 82 29 1913
613 1741 66 30 och
700 1740 114 31 såsom
835 1739 175 31 ordinarie
1027 1739 175 30 hamnlots
1222 1738 57 30 vid
1297 1737 153 30 nämnda
1471 1736 146 36 järnväg

107 1793 67 30 den
198 1794 14 28 1
236 1792 138 37 januari
399 1792 97 34 1914;

152 1847 49 26 att
224 1844 71 29 han
318 1843 65 29 den
409 1844 14 28 1
448 1842 139 36 januari
612 1842 84 29 1930
720 1841 198 30 överfördes
943 1840 50 30 till
1017 1839 193 36 befattning
1236 1848 74 21 som
1335 1837 174 31 ordinarie
1532 1837 82 29 ban-

108 1894 82 30 vakt
211 1893 58 30 vid
291 1893 156 30 nämnda
470 1893 158 35 järnväg;

153 1946 48 28 att
221 1944 72 29 han
313 1944 66 29 den
405 1945 13 28 1
443 1943 134 35 augusti
605 1943 82 29 1933
711 1942 9 29 i
743 1942 171 30 samband
936 1941 80 30 med
1036 1939 275 36 förstatligandet
1332 1948 42 20 av
1396 1938 106 35 sagda
1523 1937 92 36 järn-

109 1995 64 35 väg
193 1994 159 35 övergick
373 1993 50 30 till
445 1996 128 27 statens
592 1992 187 36 järnvägar
798 1992 66 29 och
885 1992 62 30 där
966 1991 110 30 erhöll
1096 1989 172 31 ordinarie
1289 1989 194 34 befattning
1502 1987 114 30 såsom

109 2045 153 30 banvakt
283 2043 79 31 från
381 2045 66 29 och
469 2045 78 29 med
570 2044 66 29 den
659 2044 13 28 1
697 2043 138 36 januari
858 2042 93 30 1934.

154 2136 90 35 Över
266 2140 229 30 förevarande
519 2139 132 30 motion
674 2139 65 28 har
760 2138 165 29 utskottet
950 2136 9 29 i
983 2134 214 35 vederbörlig
1218 2133 147 34 ordning
1391 2130 226 32 införskaffat

110 2191 176 31 utlåtande
309 2190 78 30 från
410 2190 255 33 statskontoret,
689 2198 73 20 som
784 2188 78 29 hört
883 2185 341 38 järnvägsstyrelsen.

154 2241 337 36 Järnvägsstyrelsen
517 2240 64 29 har
604 2238 129 30 anfört:

155 2300 135 29 Räknat
311 2299 78 29 från
407 2299 64 29 och
493 2299 76 28 med
589 2298 65 28 den
679 2298 12 27 1
713 2296 137 36 januari
872 2295 82 29 1914
974 2293 86 30 intill
1079 2293 205 35 tidpunkten
1305 2292 54 28 för
1377 2294 128 26 statens
1524 2291 93 28 över-

112 2342 146 35 tagande
279 2351 42 20 av
344 2340 168 30 Enskilda
536 2339 253 34 Järnvägarnes
813 2336 270 30 Pensionskassa
1105 2352 43 3 —
1170 2334 65 30 den
1262 2335 12 28 1
1301 2333 62 35 juli
1389 2333 82 28 1945
1494 2351 43 4 —
1558 2340 61 22 var

111 2384 199 30 Sendström
327 2383 159 34 delägare
504 2381 8 29 i
529 2381 153 29 nämnda
700 2379 275 36 pensionskassa.
996 2377 143 29 Jämlikt
1155 2376 306 29 bestämmelserna
1479 2374 9 29 i
1500 2373 117 34 kungl.

111 2426 229 34 kungörelsen
365 2425 66 29 den
457 2424 40 29 29
523 2423 74 36 juni
626 2423 82 28 1945
739 2418 54 39 (nr
818 2418 77 38 500)
923 2419 177 35 angående
1126 2418 167 35 reglering
1317 2427 42 19 av
1385 2415 232 37 pensionsför-

111 2468 209 30 hållandena
352 2467 55 28 för
438 2466 89 29 vissa
560 2464 358 35 anställningshavare
947 2462 65 29 och
1042 2460 222 36 pensionärer
1296 2459 56 29 vid
1383 2461 128 27 statens
1541 2456 78 31 med

1663 971 128 25 Utskottet.
