1896 2814
528 153 306 33 Bankoutskottets
858 155 176 31 utlåtande
1057 165 41 21 nr
1121 158 50 30 30.
1597 154 14 30 1

783 393 59 40 Nr
868 394 67 40 30.

684 506 113 23 Ankom
816 506 41 24 till
877 507 154 30 riksdagens
1050 507 87 23 kansli
1157 508 52 23 den
1228 505 14 25 4
1262 507 70 30 april
1354 505 64 25 1946
1438 507 35 23 kl.
1492 505 15 26 3
1526 514 50 16 em.

326 590 183 31 Utlåtande
528 593 10 29 i
556 591 187 37 anledning
761 602 41 20 av
821 593 297 37 framställningar
1134 594 177 36 angående
1328 594 182 36 pensioner
1529 593 81 30 eller

547 641 188 31 understöd
758 643 35 30 åt
819 645 89 29 vissa
932 645 11 29 i
966 647 127 27 statens
1120 645 107 35 tjänst
1252 644 171 30 anställda
1447 653 163 27 personer

545 702 44 20 m.
615 693 37 36 fl.

147 783 289 32 Bankoutskottet
466 784 54 30 får
546 785 145 31 härmed
720 786 121 36 avgiva
867 786 177 31 utlåtande
1070 788 82 29 över
1180 788 270 31 nedannämnda
1479 788 50 30 till
1557 791 50 26 ut-

102 834 126 30 skottet
253 835 190 30 hänvisade
467 835 298 37 framställningar
788 837 221 31 beträffande
1035 838 183 35 pensioner
1241 839 82 29 eller
1346 839 188 29 understöd
1559 842 49 26 att

102 884 81 37 utgå
205 886 72 29 dels
298 885 79 31 från
399 887 154 35 anslaget
575 887 51 29 till
647 887 133 30 diverse
800 887 183 36 pensioner
1003 889 65 29 och
1092 889 190 30 understöd
1304 899 44 20 m.
1372 899 56 26 m.,
1451 889 70 30 dels
1542 890 65 29 ock

102 945 42 20 av
167 936 280 31 affärsdrivande
468 938 99 29 verks
591 938 121 30 medel.

146 986 226 31 Beträffande
399 988 228 35 utredningen
657 988 10 29 i
693 989 45 29 de
765 989 160 35 ärenden,
957 999 75 20 som
1061 990 191 30 behandlas
1284 989 9 30 i
1322 989 201 36 utlåtandet,
1553 989 56 31 får

102 1038 175 34 utskottet,
303 1038 4 29 i
329 1038 66 30 den
416 1037 83 31 mån
518 1039 213 34 redogörelse
752 1040 9 29 i
783 1040 55 29 det
859 1039 157 36 följande
1035 1040 30 36 ej
1087 1040 145 35 lämnas,
1255 1040 146 31 hänvisa
1423 1041 49 30 till
1492 1041 115 30 veder-

101 1087 154 31 börande
278 1088 216 36 proposition
521 1088 53 39 (nr
598 1089 50 39 72)
678 1090 66 29 och
769 1090 178 30 motioner.

146 1172 266 36 Föredragande
431 1173 182 30 statsrådet
633 1174 65 30 har
719 1174 10 29 i
749 1174 258 36 propositionen
1026 1184 41 21 nr
1091 1176 38 29 72
1151 1175 115 30 berört
1286 1175 123 36 frågan
1429 1185 57 21 om
1506 1184 100 28 grun-

102 1223 108 30 derna
232 1223 56 30 för
306 1224 262 30 bestämmande
589 1233 42 21 av
654 1225 42 29 de
715 1224 189 36 pensioner,
927 1235 75 20 som
1024 1225 86 30 efter
1131 1226 171 36 prövning
1323 1227 10 29 i
1354 1226 96 36 varje
1471 1226 137 30 särskilt

102 1274 62 30 fall
187 1274 144 36 beviljas
354 1284 41 20 av
416 1274 195 36 riksdagen,
633 1275 66 30 och
722 1275 120 31 därvid
866 1275 117 30 anfört
1003 1275 168 37 följande:

145 1332 66 30 Vid
234 1333 277 36 framläggandet
533 1343 42 20 av
598 1334 259 35 propositionen
879 1344 42 20 nr
944 1335 40 29 65
1008 1335 50 30 till
1086 1335 83 29 1942
1191 1334 55 32 års
1270 1335 138 37 riksdag
1433 1336 174 30 erinrades

101 1374 247 37 inledningsvis
368 1385 57 21 om
447 1376 66 29 den
532 1375 256 37 genomgående
807 1376 145 37 höjning
971 1387 42 20 av
1031 1377 375 37 pensionsunderlagen
1427 1388 74 20 som
1520 1379 88 29 skett

102 1417 8 29 i
129 1418 178 30 allmänna
324 1418 513 36 tjänstepensionsreglementet
853 1420 66 29 den
935 1420 40 29 30
995 1420 181 29 december
1197 1421 81 29 1941
1302 1417 54 39 (nr
1375 1418 110 39 1008),
1503 1422 105 29 vilket

98 1461 82 28 trätt
202 1460 9 29 i
234 1460 94 30 kraft
347 1461 66 29 den
436 1461 14 28 1
475 1460 63 36 juli
560 1461 93 29 1942.
678 1460 124 31 Vidare
823 1461 171 36 anfördes,
1017 1465 47 27 att
1083 1462 221 31 beträffande
1324 1462 283 37 pensionsvillko-

103 1511 59 21 ren
184 1502 55 29 för
259 1502 156 30 arbetare
435 1502 129 35 förslag
584 1503 117 29 kunde
720 1503 131 35 väntas,
871 1503 94 30 vilka
986 1504 117 29 kunde
1121 1503 153 36 påverka
1296 1506 171 28 storleken
1488 1515 42 20 av
1548 1504 58 31 då-

102 1544 153 29 varande
278 1544 330 35 pensionsunderlag
633 1549 88 25 samt
744 1546 10 29 i
777 1545 40 30 de
841 1546 233 30 summariska
1096 1546 429 35 pensionsföreskrifterna
1549 1556 58 21 an-

102 1585 102 35 givna
230 1586 299 36 pensionsbelopp.
558 1587 12 29 I
597 1586 198 37 anslutning
819 1588 116 29 härtill
960 1591 147 33 upptogs
1135 1588 49 30 till
1212 1590 238 35 övervägande
1475 1589 132 36 frågan,

102 1628 115 30 vilken
243 1628 167 30 inverkan
433 1629 107 30 redan
563 1629 162 35 vidtagna
753 1630 80 29 eller
856 1629 217 31 förestående
1098 1630 160 36 åtgärder
1283 1632 219 30 beträffande
1527 1641 81 27 pen-

103 1670 307 36 sionsunderlagen
435 1671 106 29 borde
569 1671 130 30 erhålla
726 1672 57 30 vid
809 1673 261 30 bestämmande
1098 1683 42 20 av
1169 1675 172 29 storleken
1368 1684 42 20 av
1437 1675 170 35 riksdags-

103 1712 191 35 pensioner.
320 1713 73 29 Vad
415 1713 145 35 anginge
582 1714 366 36 anställningshavare,
972 1724 74 21 som
1069 1716 107 29 redan
1198 1716 115 36 avgått
1337 1718 80 29 eller
1440 1718 168 29 beräkna-

103 1754 59 30 des
182 1754 87 36 avgå
288 1759 114 26 senast
423 1755 66 30 den
508 1757 40 28 30
567 1755 74 36 juni
667 1757 93 34 1942,
781 1759 113 33 syntes
914 1757 122 30 härvid
1057 1758 184 36 tillräcklig
1261 1760 185 35 anledning
1464 1760 75 30 icke
1558 1760 50 30 fö-

103 1796 127 35 religga
250 1801 48 26 att
314 1797 56 29 för
388 1798 99 29 deras
506 1798 272 30 vidkommande
795 1798 122 36 frångå
935 1800 118 29 dittills
1071 1800 200 36 tillämpade
1289 1802 150 35 grunder
1455 1802 55 30 för
1528 1812 79 26 pen-

103 1839 283 35 sionsbeloppens
405 1840 272 30 bestämmande.
700 1840 223 31 Beträffande
945 1843 357 35 anställningshavare
1325 1854 74 20 som
1421 1845 109 29 skulle
1552 1854 56 20 av-

104 1880 41 35 gå
166 1881 87 29 först
270 1881 86 30 efter
373 1882 66 29 den
459 1882 41 29 30
518 1881 75 36 juni
615 1883 83 28 1942
718 1882 193 35 framhölls,
930 1887 49 26 att
997 1884 75 29 skäl
1089 1885 117 29 kunde
1225 1886 142 29 anföras
1386 1887 54 29 för
1459 1890 46 26 ett
1524 1887 84 29 hän-

104 1923 232 34 synstagande
352 1923 9 29 i
378 1923 68 30 viss
466 1924 238 35 utsträckning
722 1925 50 29 till
791 1925 41 29 de
849 1935 69 25 nya
935 1926 334 36 pensionsbeloppen
1275 1919 19 50 i
1319 1929 41 28 de
1377 1929 71 34 fall,
1468 1928 42 30 då
1528 1938 81 27 pen-

104 1964 219 35 sionsfrågan
351 1966 250 29 underställdes
625 1966 204 35 riksdagens
857 1967 178 36 prövning.
1064 1968 198 31 Emellertid
1292 1970 85 35 ägde
1407 1970 203 36 spörsmålet

104 2016 57 20 om
183 2007 40 29 de
245 2016 67 25 nya
332 2007 391 36 pensionsunderlagens
745 2008 166 31 inverkan
933 2009 45 36 på
1000 2011 172 29 storleken
1192 2022 41 19 av
1254 2012 355 36 riksdagspensioner-

104 2058 45 20 na
165 2052 46 26 ett
227 2049 85 29 nära
330 2050 171 29 samband
518 2050 77 29 med
613 2049 122 36 frågan
753 2061 57 20 om
828 2051 183 31 reduktion
1028 2062 41 20 av
1086 2053 334 37 pensionsbeloppen
1439 2055 44 36 på
1499 2056 111 36 grund

104 2100 43 20 av
171 2094 48 26 att
242 2091 259 30 vederbörande
524 2092 74 29 icke
623 2092 143 30 inbetalt
792 2093 105 35 några
920 2094 311 36 pensionsavgifter
1256 2097 163 30 ävensom
1443 2099 78 29 med
1544 2100 65 28 den

105 2142 95 20 mera
221 2133 226 29 vittutseende
469 2132 122 36 frågan
612 2143 57 20 om
690 2144 42 20 en
753 2136 147 29 eventull
923 2136 171 36 övergång
1118 2137 77 30 från
1216 2142 44 26 ett
1283 2143 127 31 system
1433 2141 78 29 med
1532 2142 77 35 dyr-

106 2174 185 35 tidstillägg
309 2173 20 30 å
349 2174 117 36 dylika
486 2175 182 35 pensioner
688 2176 49 30 till
759 2186 42 20 en
820 2178 194 34 anordning
1035 2180 78 29 med
1136 2180 118 35 rörligt
1275 2181 124 36 tillägg.
1421 2183 109 29 Bland
1551 2193 58 20 an-

105 2220 59 25 nat
185 2217 79 29 med
284 2217 136 34 hänsyn
438 2217 115 30 härtill
574 2217 123 36 ansågs
719 2217 121 36 frågan
860 2229 56 20 om
937 2220 218 36 tillämpning
1176 2232 42 20 av
1237 2224 108 29 andra
1365 2225 44 29 än
1431 2225 42 29 de
1492 2225 117 30 dittills

105 2257 137 35 vanliga
265 2258 195 34 grunderna
484 2258 55 29 för
562 2259 509 38 riksdagspensionsbeloppens
1096 2263 262 33 bestämmande
1380 2266 76 30 icke
1479 2267 54 30 för
1555 2268 56 29 det

105 2298 200 31 dåvarande
327 2299 138 35 påkalla
488 2299 103 35 något
614 2301 338 36 ställningstagande.
978 2304 73 29 Vad
1076 2304 147 31 sålunda
1248 2307 162 30 anfördes
1434 2309 176 30 lämnades

106 2350 42 20 av
173 2340 184 35 riksdagen
382 2345 84 25 utan
490 2342 147 29 erinran.

153 2382 11 29 I
189 2383 214 35 proposition
425 2393 41 19 nr
488 2384 17 28 5
529 2383 47 29 till
597 2383 89 31 årets
711 2384 139 36 riksdag
871 2386 63 29 har
958 2387 128 35 förslag
1110 2388 180 36 framlagts
1312 2390 176 35 angående
1511 2401 100 26 grun-

107 2424 106 30 derna
234 2425 54 29 för
305 2425 227 34 omreglering
550 2435 42 20 av
612 2426 90 30 vissa
723 2426 317 37 tjänstepensioner.
1061 2430 128 29 Härvid
1210 2432 64 29 har
1293 2433 104 30 bland
1417 2439 106 25 annat
1543 2435 68 29 för-

107 2470 133 30 utsatts,
261 2469 48 27 att
334 2467 4 29 i
358 2468 172 29 samband
550 2468 77 29 med
651 2468 204 36 förbättring
874 2480 42 19 av
938 2471 89 30 vissa
1048 2471 103 36 enligt
1169 2473 95 30 äldre
1285 2475 257 32 bestämmelser
1562 2482 48 25 ut-

148 2522 111 31 Bihang
271 2523 42 24 till
324 2523 167 31 riksdagens
504 2524 145 30 protokoll
662 2525 73 24 1946.
757 2527 16 22 8
784 2526 78 24 saml.
888 2526 40 23 Nr
945 2527 38 22 30.
1567 2531 12 25 i
