1884 2826
587 172 230 28 Statsutskottets
841 173 146 27 utlåtande
1009 173 47 26 Nr
1082 171 66 30 170.
1583 171 37 31 87

119 245 137 32 talande
289 245 137 42 gjordes
461 246 73 31 icke
570 247 110 40 någon
715 246 135 31 erinran
885 258 39 19 av
958 246 191 40 riksdagen,
1175 258 72 19 som
1273 247 10 30 i
1308 246 151 41 enlighet
1482 248 139 31 härmed

118 296 157 32 lämnade
309 297 145 30 berörda
488 297 131 31 motion
654 299 81 29 utan
770 297 104 31 bifall.
922 297 79 31 Skäl
1035 298 52 30 för
1121 299 49 29 ett
1204 298 204 39 frångående
1443 310 39 19 av
1518 299 104 40 sagda

119 347 213 41 ståndpunkt
366 347 61 31 har
460 347 73 31 icke
569 349 97 40 synts
690 348 168 30 utskottet
883 348 170 40 föreligga.
1104 348 175 31 Utskottet
1303 348 101 41 hyser
1428 349 100 31 alltså
1551 349 70 31 allt-

117 398 85 40 jämt
225 397 66 31 den
315 398 274 41 uppfattningen,
618 400 50 28 att
692 400 111 28 staten
828 398 62 30 bör
914 398 90 41 sörja
1027 399 51 29 för
1101 398 43 30 all
1169 399 200 40 erforderlig
1392 400 229 30 anstaltsvård

118 450 44 38 på
186 448 345 40 sinnessjukvårdens
555 448 147 31 område.

168 498 18 30 I
220 498 92 40 fråga
340 509 54 19 om
419 498 94 31 tiden
538 498 52 30 för
612 498 66 30 den
702 509 46 19 nu
772 498 198 40 ifrågasatta
993 498 143 40 planens
1160 499 265 38 genomförande
1449 511 100 19 anser
1573 502 47 28 ut-

120 548 137 37 skottet,
294 550 49 29 att
366 548 77 30 med
466 548 133 41 hänsyn
624 548 52 30 till
699 548 58 30 det
781 548 186 40 trängande
991 548 146 31 behovet
1161 560 39 19 av
1224 549 79 30 ökat
1326 549 91 31 antal
1440 549 180 41 hospitals-

118 598 129 41 platser
281 598 259 41 anskaffningen
575 609 39 20 av
648 598 101 31 dessa
779 598 64 31 bör
866 599 58 30 ske
948 599 91 30 inom
1068 601 36 28 så
1131 599 77 30 kort
1232 599 200 41 tidsperiod,
1458 611 72 20 som
1555 611 65 20 om-

118 649 280 41 ständigheterna
421 649 58 31 det
502 649 163 41 medgiva.
713 649 125 30 Oaktat
861 649 41 31 de
927 651 93 30 stora
1042 649 195 38 kostnader,
1260 661 73 19 som
1350 650 156 31 åsamkas
1523 652 97 29 stats-

118 699 116 31 verket
267 700 52 31 för
352 699 144 42 planens
524 699 275 41 genomförande,
825 711 111 30 synes,
962 700 101 30 såvitt
1086 711 46 19 nu
1155 700 66 31 kan
1245 700 172 39 bedömas,
1443 701 178 42 tidsperio-

118 750 66 31 den
208 750 52 31 för
283 750 258 41 platsbehovets
564 751 150 41 fyllande
738 750 92 38 böra,
855 751 10 30 i
889 751 150 41 enlighet
1062 751 78 31 med
1162 750 64 32 vad
1244 751 376 41 departementschefen

116 801 161 38 förordat,
302 803 107 30 sättas
432 801 52 31 till
507 801 48 31 tio
579 803 44 30 år.

169 851 77 31 Mot
268 851 240 42 grunddragen
531 852 11 30 i
566 852 58 31 det
646 852 187 40 framlagda
855 852 162 41 förslaget
1038 852 144 31 rörande
1199 854 104 30 sättet
1319 853 51 31 för
1385 853 235 41 platsanskaff-

116 902 127 41 ningen
267 902 62 31 har
352 902 177 37 utskottet,
554 902 103 31 såvitt
679 902 53 31 för
755 902 209 31 närvarande
988 903 64 30 kan
1076 903 174 38 bedömas,
1275 903 73 32 icke
1372 903 114 32 funnit
1509 904 110 31 anled-

117 953 83 40 ning
233 952 52 31 till
314 952 143 32 erinran.
503 952 180 32 Utskottet
705 953 110 31 finner
849 953 51 41 sig
923 953 190 31 emellertid
1137 954 105 30 sakna
1269 954 186 42 anledning
1477 956 50 29 att
1549 956 71 29 när-

118 1014 91 21 mare
232 1003 79 41 ingå
334 1005 43 40 på
400 1004 64 30 vad
488 1003 376 41 departementschefen
887 1005 105 40 yttrat
1015 1003 10 31 i
1042 1003 220 32 förevarande
1279 1004 205 33 hänseende.

169 1054 76 32 Vad
268 1054 378 41 departementschefen
669 1054 114 31 anfört
805 1054 77 31 med
906 1054 167 31 avseende
1097 1056 18 29 å
1138 1055 191 32 ordnandet
1352 1067 39 20 av
1414 1055 126 32 vården
1564 1067 54 20 om

116 1105 148 31 asociala
286 1105 171 31 imbecilla
480 1105 61 30 har
564 1105 29 41 ej
618 1104 83 42 givit
724 1105 168 31 utskottet
915 1105 72 31 skäl
1010 1105 52 31 till
1087 1105 143 32 erinran.

170 1207 180 32 Utskottet
384 1209 141 40 övergår
557 1207 149 32 härefter
739 1208 53 31 till
826 1207 41 32 de
902 1208 11 31 i
946 1208 264 41 propositionen
1237 1208 187 42 framlagda
1446 1210 171 41 förslagen

115 1258 146 32 rörande
284 1258 320 42 byggnadsarbeten
628 1258 52 31 för
703 1258 220 32 anskaffande
947 1270 39 19 av
1010 1270 65 30 nya
1096 1259 215 41 vårdplatser
1333 1260 52 31 för
1401 1260 217 42 sinnessjuka

116 1310 64 31 och
203 1309 149 31 asociala
376 1309 194 31 sinnesslöa
586 1311 88 29 samt
690 1309 99 41 följer
805 1309 118 31 därvid
940 1309 65 31 den
1022 1309 155 42 ordning,
1194 1310 11 31 i
1222 1310 112 31 vilken
1351 1310 266 42 departements-

116 1360 120 32 chefen
258 1360 188 31 behandlat
469 1360 149 31 nämnda
640 1360 136 41 förslag.

168 1411 68 31 Till
270 1411 41 31 de
344 1411 136 41 förslag,
506 1421 73 21 som
603 1422 40 20 av
666 1411 126 40 Kungl.
817 1410 97 41 Maj:t
936 1411 175 41 framlagts
1134 1411 212 32 beträffande
1370 1412 66 31 den
1459 1412 159 32 framtida

114 1461 262 42 användningen
411 1473 39 20 av
483 1461 451 31 kasernetablissementena
966 1462 11 30 i
1012 1462 87 38 Sala,
1136 1456 132 38 Örebro
1302 1462 63 31 och
1389 1462 226 44 Vänersborg,

114 1513 59 31 vill
207 1513 169 31 utskottet
409 1512 76 42 giva
519 1512 53 31 sin
606 1512 207 40 anslutning.
859 1512 75 32 Vad
972 1513 137 31 särskilt
1142 1515 104 40 angår
1280 1513 294 34 etablissementet
1604 1515 12 31 i

115 1564 228 41 Vänersborg,
379 1575 100 20 anser
513 1563 52 42 sig
598 1563 169 32 utskottet
801 1563 83 32 böra
917 1564 186 38 framhålla,
1138 1566 50 29 att
1222 1565 85 31 efter
1334 1566 41 31 de
1399 1566 217 42 ändringar
1598 1559 21 53 i

113 1614 347 32 kasernkommitténs
493 1614 128 41 förslag
653 1614 212 31 beträffande
899 1614 253 41 dispositionen
1186 1627 41 20 av
1260 1617 94 31 mark
1387 1628 41 20 m.
1454 1628 52 27 m.,
1542 1628 73 21 som

114 1665 378 42 departementschefen
526 1665 161 38 förordat,
712 1665 42 31 de
777 1667 79 29 utav
880 1665 353 42 medicinalstyrelsen
1257 1668 152 31 uttalade
1431 1668 185 42 betänklig-

113 1718 144 30 heterna
280 1718 71 30 mot
374 1716 314 32 etablissementets
711 1716 201 41 lämplighet
935 1716 52 31 till
1012 1716 266 42 sinnessjukhus
1302 1729 102 31 synas
1420 1719 11 30 i
1448 1719 168 42 väsentlig

113 1770 78 29 mån
214 1767 86 32 hava
322 1767 140 31 förlorat
485 1767 54 32 sin
562 1766 187 42 betydelse.

164 1818 135 32 Jämväl
321 1817 65 32 vad
409 1819 104 40 angår
536 1818 124 41 planen
683 1818 53 31 för
759 1818 319 32 etablissementens
1102 1819 204 42 omändring
1327 1820 52 31 för
1402 1820 42 32 de
1468 1821 148 32 avsedda

112 1881 67 30 nya
212 1869 200 31 ändamålen
447 1869 62 31 har
542 1869 169 31 utskottet
744 1869 131 31 kunnat
897 1869 11 31 i
931 1869 61 31 allt
1013 1869 185 42 väsentligt
1220 1870 134 32 biträda
1376 1871 64 31 vad
1463 1872 151 41 departe-

112 1920 235 32 mentschefen
369 1919 162 32 förordat.
577 1920 134 31 Endast
733 1919 211 32 beträffande
967 1920 221 41 platsantalet
1210 1921 57 31 vid
1290 1921 42 32 de
1348 1922 198 42 ifrågasatta
1561 1935 54 19 an-

113 1971 164 32 stalterna
310 1971 61 31 har
403 1971 170 31 utskottet
606 1972 114 30 ansett
753 1971 92 31 vissa
875 1971 214 42 jämkningar
1111 1972 11 30 i
1146 1972 170 42 förslagen
1340 1973 84 31 böra
1446 1975 63 40 äga
1530 1985 84 20 rum.

112 2019 181 35 Utskottet
328 2022 66 31 kan
417 2022 207 31 härutinnan
647 2022 11 31 i
681 2022 180 31 huvudsak
884 2022 135 32 ansluta
1042 2022 52 42 sig
1116 2023 54 31 till
1193 2023 42 31 de
1260 2024 221 41 synpunkter,
1506 2036 73 20 som
1603 2025 10 31 i

111 2073 200 31 förberörda
334 2073 131 31 motion
488 2073 27 30 I:
529 2073 62 31 303
614 2073 174 31 framförts
810 2073 11 30 i
845 2073 94 31 detta
961 2073 205 32 hänseende.

163 2123 219 32 Beträffande
406 2124 210 31 anstalterna
638 2124 10 30 i
673 2123 80 32 Sala
776 2123 63 31 och
864 2117 131 38 Örebro
1018 2124 62 31 har
1102 2124 10 31 i
1136 2125 176 31 motionen
1335 2126 212 39 framhållits,
1564 2128 50 30 att

111 2174 42 32 de
175 2174 284 41 betänkligheter,
483 2174 90 31 vilka
597 2193 38 3 —
659 2176 43 40 på
726 2176 68 29 sätt
818 2174 374 42 departementschefen
1215 2176 124 41 jämväl
1363 2177 194 31 omförmält
1572 2197 40 3 —

110 2225 74 31 från
208 2225 205 31 medicinskt
436 2225 69 31 håll
529 2225 141 31 uttalats
694 2227 71 29 mot
789 2225 395 41 departementschefens
1207 2227 128 41 förslag
1357 2229 49 30 att
1429 2228 79 31 med
1529 2228 83 42 pati-

111 2278 96 29 enter
229 2276 142 41 belägga
393 2275 58 32 det
474 2287 64 20 ena
560 2278 80 29 utav
664 2276 41 31 de
728 2276 11 30 i
762 2276 346 32 kasernkommitténs
1125 2277 128 42 förslag
1268 2280 176 40 upptagna
1460 2279 152 42 dagrum-

110 2337 78 21 men
221 2326 11 31 i
265 2326 386 43 kasernbyggnadernas
681 2326 254 42 bottenvåning,
960 2327 164 41 grundats
1148 2328 114 42 därpå,
1287 2331 49 29 att
1358 2329 253 42 ifrågavarande

110 2379 56 29 två
198 2378 167 31 anstalter
397 2388 79 21 vore
504 2377 149 32 avsedda
675 2377 52 32 för
749 2377 272 42 huvudsakligen
1044 2378 191 33 arbetsföra
1257 2379 171 32 imbecilla
1452 2383 88 29 samt
1562 2383 50 29 att

110 2427 116 42 dylika
258 2428 171 42 patienter
451 2440 93 20 mera
567 2429 108 31 sällan
698 2428 156 32 behövde
877 2428 121 32 vårdas
1022 2430 253 41 sängliggande.
1322 2430 117 32 Skulle
1463 2432 148 31 emeller-

109 2478 51 32 tid
183 2478 95 32 detta
300 2479 12 30 i
334 2479 92 31 vissa
448 2479 58 31 fall
530 2479 132 31 behöva
685 2479 59 31 ske
767 2481 41 39 gå
830 2480 111 40 grund
964 2491 39 19 av
1026 2480 192 41 periodiskt
1240 2481 203 32 inträdande
1467 2482 144 32 orostill-
