1902 2840
359 180 100 27 Andra
481 181 188 26 kammarens
688 181 102 30 femte
810 180 148 35 tillfälliga
980 181 124 27 utskotts
1124 180 149 27 utlåtande
1292 179 43 28 Nr
1351 180 25 26 2.
1557 180 16 26 3

165 258 90 32 ””Till
273 259 242 32 förhindrande
535 270 40 21 av
596 263 47 28 att
665 260 274 46 landsfiskal
885 254 57 56 vid
960 261 266 38 restlängdernas
1247 261 208 31 utsändande
1477 260 51 31 till
1548 269 58 21 un-

119 312 203 40 derlydande
340 314 346 31 exekutionsbiträden
703 314 54 31 för
776 324 80 28 egen
874 314 54 32 del
945 315 200 31 förbehåller
1162 315 51 38 sig
1230 314 195 39 indrivning
1444 324 40 21 av
1502 315 105 30 större

118 367 268 38 restantieposter
404 368 9 30 i
431 368 89 38 syfte
538 371 48 28 att
604 368 193 39 därigenom
813 369 190 38 uppbringa
1022 369 63 31 den
1103 368 238 32 landsfiskalen
1359 367 247 32 tillkommande

118 421 183 32 inkomsten
326 432 41 21 av
392 422 412 39 indrivningsavgifterna,
829 423 62 31 har
916 423 267 32 lönekommittén
1209 427 107 28 ansett
1342 423 153 38 lämpligt
1521 426 51 28 att
1596 422 11 30 i

119 476 520 39 restindrivningsförordningen
666 477 14 38 $
708 478 18 29 3
750 477 111 32 införa
885 488 40 21 en
949 477 142 32 särskild
1114 477 174 32 föreskrift
1312 488 40 21 av
1376 477 156 38 innehåll,
1557 480 50 28 att

119 531 282 39 utmätningsman
424 531 19 31 å
465 531 114 32 landet
601 531 79 31 från
704 532 118 38 åtgärd
847 542 41 21 av
910 532 248 39 fjärdingsman
1182 532 78 31 eller
1284 531 323 38 exekutionsbetjänt

118 585 70 32 icke
213 585 60 31 bör
297 585 194 40 undantaga
517 585 105 33 andra
646 586 267 39 utskyldsposter
940 587 43 30 än
1009 586 132 39 sådana,
1169 586 214 32 beträffande
1408 586 90 31 vilka
1523 586 84 38 fjär-

118 638 174 40 dingsman
320 640 79 31 eller
426 640 324 39 exekutionsbetjänt
778 641 135 39 ansåges
941 641 70 31 icke
1037 641 115 31 kunna
1178 641 177 32 verkställa
1384 640 222 39 indrivnings-

119 693 158 39 åtgärd.”

159 748 74 31 Den
251 748 38 31 13
307 749 175 31 november
501 749 79 31 1931
599 748 196 32 utfärdades
812 759 47 29 ny
877 749 480 39 restindrivningsförordning
1381 750 70 38 (Sv.
1472 749 135 31 författ-

117 802 240 39 ningssamling
379 803 78 31 394:
481 804 95 38 1931)
605 803 122 31 avsedd
749 807 49 27 att
820 803 79 31 från
922 803 64 31 den
1009 806 17 28 1
1049 803 134 39 januari
1207 804 79 30 1932
1310 804 124 31 ersätta
1455 803 64 31 den
1540 803 67 31 för-

119 860 37 27 ut
175 857 152 38 gällande
346 867 40 21 av
406 857 64 31 den
491 858 39 30 14
549 857 169 32 december
739 859 88 30 1917.
868 858 124 32 Genom
1011 858 108 32 denna
1138 858 85 31 hava
1244 858 183 32 emellertid
1447 858 39 31 de
1506 858 101 31 fram-

117 910 121 33 ställda
258 912 207 31 önskemålen
487 912 31 38 ej
541 911 96 32 blivit
657 911 251 39 tillgodosedda.
953 913 16 29 TI
992 912 428 39 statsverkspropositionen
1442 912 54 31 för
1517 912 90 30 inne-

118 965 145 32 varande
279 966 38 30 år
332 965 134 39 angives
483 966 121 39 frågan
620 976 52 20 om
688 966 242 39 lönereglering
947 967 53 30 för
1018 967 204 30 landsstaten
1239 967 69 30 icke
1325 967 112 31 kunna
1457 967 54 30 för
1527 966 80 30 riks-

118 1018 106 40 dagen
247 1020 204 39 framläggas
475 1020 108 32 under
604 1020 194 32 nuvarande
822 1020 185 39 budgetära
1031 1021 241 31 förhållanden.

159 1073 168 32 Utskottet
350 1074 131 31 erinrar
504 1074 156 39 slutligen
684 1084 52 21 om
758 1074 205 32 motionerna
989 1075 52 31 II:
1066 1075 59 30 267
1150 1075 59 31 och
1233 1075 51 31 IT:
1310 1075 59 31 369
1395 1075 57 31 vid
1475 1075 131 31 inneva-

117 1127 103 32 rande
239 1128 54 31 års
311 1127 143 39 riksdag,
474 1127 90 32 vilka
582 1128 68 31 helt
668 1128 137 39 nyligen
823 1129 89 31 varit
930 1129 140 31 föremål
1090 1129 54 30 för
1162 1129 201 39 behandling
1383 1129 10 31 i
1413 1130 107 30 första
1540 1129 66 38 lag-

117 1182 161 32 utskottet
318 1182 74 39 (utl.
416 1192 44 21 nr
485 1183 54 38 13)
571 1183 59 31 och
654 1182 61 31 där
740 1183 177 38 avstyrkts.
967 1183 68 31 För
1061 1187 50 27 att
1136 1183 205 31 tillförsäkra
1368 1183 238 32 exekutionsbi-

117 1235 118 32 träden
251 1238 104 30 större
372 1236 137 32 andelar
524 1237 42 30 än
580 1236 76 31 med
669 1246 48 21 nu
734 1237 151 38 gällande
901 1237 217 39 lagstiftning
1132 1237 84 31 låter
1232 1238 49 38 sig
1297 1239 79 37 göra
1392 1238 85 31 hava
1494 1237 111 32 motio-

116 1291 143 31 närerna
294 1290 176 39 hemställt,
507 1294 48 29 att
592 1291 176 38 riksdagen
793 1291 103 32 måtte
922 1292 132 30 anhålla
1079 1292 57 30 hos
1163 1292 122 38 Kungl.
1311 1292 104 37 Maj:t
1441 1302 52 21 om
1517 1293 88 30 över-

116 1344 150 39 vägande
288 1355 41 21 av
351 1345 127 39 förslag
499 1345 54 31 till
575 1345 103 31 sådan
702 1345 145 40 ändring
870 1346 10 30 i
904 1345 153 39 gällande
1080 1346 221 38 lagstiftning,
1328 1350 50 27 att
1402 1346 203 31 exekutions-

116 1398 129 32 biträde
271 1399 59 31 och
357 1399 248 39 fjärdingsmän
631 1399 217 32 tillerkännas
873 1401 70 31 rätt
970 1404 50 28 att
1046 1400 57 31 vid
1129 1400 193 39 indrivning
1348 1411 41 21 av
1416 1400 189 32 resterande

116 1452 173 39 utskylder
312 1453 60 31 och
396 1453 168 32 allmänna
589 1453 146 38 avgifter
757 1453 150 32 meddela
930 1454 108 31 beslut
1063 1464 51 21 om
1139 1454 138 31 införsel
1301 1455 10 30 i
1337 1455 165 38 avlöning,
1528 1464 77 28 pen-

116 1507 71 30 sion
204 1506 79 32 eller
300 1507 154 31 livränta.
485 1507 223 31 Beträffande
725 1507 144 31 motiven
887 1508 54 30 till
958 1508 232 38 lagutskottets
1209 1508 222 39 avstyrkande
1450 1508 156 31 hänvisar

115 1561 160 31 utskottet
296 1561 54 32 till
369 1561 199 31 utlåtandet.
611 1561 206 31 Motionerna
840 1561 94 31 blevo
956 1572 39 20 av
1018 1562 103 31 andra
1144 1562 187 31 kammaren
1355 1563 165 38 avslagna.

156 1668 160 32 Rådande
335 1668 234 32 förhållanden
589 1670 56 30 äro
666 1669 103 39 enligt
790 1670 177 31 utskottets
986 1670 216 31 förmenande
1223 1670 10 30 i
1254 1670 119 39 många
1393 1670 63 31 fall
1477 1669 129 32 mindre

115 1721 318 34 tillfredsställande.
480 1723 161 32 Gällande
668 1724 212 31 föreskrifter
907 1724 125 32 erhålla
1061 1724 101 37 enligt
1191 1724 65 31 vad
1277 1724 162 32 utskottet
1467 1725 62 30 har
1555 1724 50 38 sig

115 1777 119 31 bekant
257 1777 43 38 på
321 1778 106 31 skilda
450 1778 124 37 platser
596 1778 86 31 olika
704 1778 222 38 tillämpning.
973 1779 64 30 Det
1060 1779 110 31 arbete
1192 1779 75 31 med
1288 1779 315 38 restindrivningen,

115 1840 68 21 som
208 1831 247 39 fjärdingsman
483 1832 79 31 eller
587 1832 323 38 exekutionsbetjänt
935 1833 102 37 utför,
1066 1821 63 42 blir
1154 1833 191 38 därigenom
1373 1836 103 28 ersatt
1501 1833 105 37 enligt

116 1885 194 31 varierande
333 1886 156 38 grunder.
535 1887 101 30 Detta
657 1886 102 31 måste
782 1896 93 21 anses
897 1886 130 32 mindre
1050 1887 138 38 lyckligt
1210 1887 59 30 och
1292 1888 102 37 ägnat
1417 1891 50 27 att
1491 1897 41 20 av
1553 1897 52 20 ve-

116 1938 204 32 derbörande
347 1940 178 37 uppfattas
554 1940 105 30 såsom
687 1949 40 21 en
757 1940 167 31 orättvisa.
977 1941 168 30 Utskottet
1173 1940 171 38 behjärtar
1384 1941 222 30 motionernas

115 1993 88 38 syfte
225 1993 59 30 och
305 1993 103 30 skulle
431 1993 75 31 med
527 1993 290 31 tillfredsställelse
840 2004 32 20 se
894 1994 157 36 åtgärder
1075 1994 148 38 vidtagas
1245 1995 55 30 för
1321 1999 50 27 att
1395 1995 32 31 åt
1453 1994 151 39 gällande

116 2047 211 31 föreskrifter
351 2047 72 38 giva
451 2057 40 21 en
516 2047 145 38 enhetlig
684 2048 153 38 tolkning
861 2049 57 30 och
946 2048 10 30 i
981 2049 99 37 högre
1108 2048 81 38 grad
1214 2049 39 30 än
1280 2059 47 21 nu
1352 2049 194 30 säkerställa
1571 2049 33 30 åt

115 2101 245 31 vederbörande
387 2101 40 31 de
454 2102 177 37 förmåner,
658 2102 113 30 vartill
800 2102 64 30 han
891 2103 65 29 kan
985 2112 93 21 anses
1104 2103 58 37 äga
1191 2103 76 30 rätt.
1315 2103 166 31 Utskottet
1507 2103 98 38 hyser

115 2155 94 30 också
227 2154 64 31 den
310 2155 279 37 förhoppningen,
610 2159 47 27 att
678 2156 35 30 så
733 2160 87 26 snart
844 2157 35 29 så
900 2156 178 38 lämpligen
1099 2156 61 31 kan
1182 2157 54 30 ske
1257 2158 57 29 och
1336 2158 8 28 i
1365 2158 94 37 varje
1480 2157 61 31 fall
1560 2167 44 20 sc-

115 2213 75 27 nast
215 2209 55 30 vid
296 2209 55 31 det
376 2210 136 36 slutliga
538 2209 186 31 ordnandet
749 2220 40 20 av
815 2210 39 31 de
880 2211 124 38 frågor,
1031 2221 67 20 som
1124 2211 90 30 ännu
1240 2212 56 30 äro
1323 2211 182 37 oavgjorda
1530 2221 72 20 men

116 2262 73 31 med
214 2272 45 20 nu
286 2263 220 31 förevarande
533 2264 61 36 äga
621 2263 166 37 samband,
818 2263 221 38 vederbörligt
1066 2264 181 31 beaktande
1274 2265 101 30 måtte
1404 2265 139 30 skänkas
1571 2265 28 29 åt

115 2316 73 31 med
207 2316 205 31 motionerna
432 2317 142 30 avsedda
594 2317 241 30 förhållanden.

157 2370 76 31 Med
256 2371 128 37 hänsyn
408 2370 54 31 till
485 2370 65 31 vad
572 2370 161 31 utskottet
758 2381 80 20 ovan
865 2371 114 31 anfört
1004 2371 213 31 beträffande
1241 2373 39 30 de
1304 2373 89 29 ännu
1419 2373 30 36 ej
1475 2373 123 36 slutligt

115 2424 140 32 utredda
282 2424 78 31 eller
388 2424 162 37 avgjorda
577 2425 158 35 frågorna
763 2435 47 19 om
840 2425 321 37 skatteuppbördens
1187 2426 170 31 ordnande
1385 2431 81 26 samt
1499 2426 104 31 lands-

114 2483 125 27 statens
264 2478 242 38 lönereglering
532 2479 57 29 och
616 2478 43 30 då
684 2488 45 27 ny
758 2479 478 37 restindrivningsförordning
1263 2480 170 31 utfärdats
1459 2480 35 30 så
1533 2484 65 26 sent

118 2541 65 21 som
225 2535 5 28 i
269 2532 98 31 slutet
405 2543 39 20 av
483 2531 150 32 nästlidet
675 2533 46 36 år,
749 2542 95 20 anser
870 2533 49 35 sig
946 2533 156 30 utskottet
1131 2534 178 30 emellertid
1340 2534 66 29 icke
1436 2534 74 30 höra
1540 2534 63 31 till-

1650 1679 148 28 Utskottet.
