2189 2610
457 179 18 29 2
910 175 253 32 Statsutskottets
1185 173 165 33 utlåtande
1374 173 52 31 Nr
1452 175 50 29 79.

414 262 63 36 vid
507 262 126 36 armén
662 261 122 48 enligt
815 262 95 35 1908
939 263 60 34 års
1028 264 117 33 stater
1173 260 71 36 och
1272 259 63 37 det
1362 258 130 37 visade
1520 257 60 49 sig
1608 256 66 37 allt
1693 259 165 45 svårare,
1878 261 55 32 att
1952 258 48 47 på

417 319 56 31 ett
500 313 351 37 tillfredsställande
880 317 76 32 sätt
984 313 195 47 rekrytera
1207 311 222 50 manskapet
1456 309 64 37 vid
1539 309 149 37 arméns
1708 308 291 49 truppförband.

415 365 53 37 På
496 365 144 48 förslag
666 365 42 36 af
733 365 75 36 den
834 365 59 36 för
920 364 208 48 utredning
1155 363 159 37 rörande
1342 363 129 48 frågor
1489 360 196 50 angående
1704 360 210 36 volontärs-
1931 360 71 36 och

414 416 541 49 underbefälsrekryteringen
983 429 50 23 m.
1062 429 47 23 m.
1139 415 156 36 tillsatta
1323 428 28 23 s.
1380 415 35 35 k.
1437 411 475 39 volontärkommissionen
1933 412 69 36 och

415 469 117 36 sedan
561 468 174 49 samtliga
764 467 359 49 arméfördelnings-
1152 467 70 36 och
1240 466 194 37 likställda
1453 465 128 37 chefer
1595 469 119 45 yttrat
1732 463 55 49 sig
1805 464 12 35 i
1832 464 170 47 ärendet,

415 520 157 49 medgaf
596 520 140 48 Kungl.
767 520 105 49 Maj:t
900 520 128 36 därför
1055 532 140 36 genom
1222 518 133 48 nådigt
1383 518 88 36 bref
1496 517 74 37 den
1599 519 19 34 6
1649 515 212 50 september
1892 517 110 45 1907,

416 578 53 30 att
510 574 60 35 för
609 571 290 37 underlättande
928 571 41 36 af
995 571 47 36 då
1068 571 195 49 pågående
1301 568 453 50 manskapsrekrytering
1781 567 64 37 vid
1874 567 129 36 armén

415 625 103 48 finge
555 628 92 45 utgå
684 629 54 32 ett
771 632 96 29 extra
895 622 411 50 rekryteringsbidrag.
1362 622 113 36 Detta
1502 620 135 48 bidrag
1666 619 120 37 skulle
1814 618 190 37 beräknas

416 677 96 36 efter
556 678 45 34 10
641 676 140 36 kronor
822 676 59 36 för
921 675 134 49 hvarje
1096 687 184 34 nummer,
1318 688 80 23 som
1435 673 57 36 till
1519 671 168 51 fyllande
1717 672 39 36 af
1781 671 219 48 manskaps-

416 733 225 32 numerären
670 750 47 3 —
747 717 447 58 distinktionskorprals-,
1237 726 189 48 korprals-
1468 725 72 36 och
1576 723 429 49 vicekorpralsnummer

417 780 81 36 däri
538 780 206 36 inräknade
772 802 49 4 —
850 778 120 49 enligt
1014 780 96 36 1908
1153 782 61 33 års
1257 782 116 34 stater
1414 777 123 36 skulle
1574 776 169 36 besättas
1772 774 86 37 med
1885 788 120 35 nyan-

418 832 146 37 skaffad
604 832 173 35 volontär
819 832 88 36 eller
939 830 264 49 rekapitulant.
1259 829 203 36 Dessutom
1491 827 120 37 skulle
1639 827 186 37 beräknas
1854 828 74 35 dels
1957 827 48 35 20

417 884 141 36 kronor
593 884 58 36 för
692 883 133 48 hvarje
868 883 141 48 rekryt,
1038 882 87 36 med
1152 881 154 37 hvilken
1334 880 117 38 redan
1480 879 146 37 träffats
1655 878 91 38 eller
1774 879 148 36 komme
1952 882 55 32 att

418 936 130 36 träffas
588 935 213 49 tjänstaftal
842 939 54 32 att
936 934 102 48 gälla
1074 934 83 36 från
1186 933 72 37 och
1286 932 82 37 med
1398 933 72 36 den
1502 933 16 35 1
1549 931 208 37 november
1787 931 96 35 1907
1913 929 93 36 eller

418 989 84 35 från
532 1000 132 24 senare
693 987 181 48 tidpunkt
901 986 12 36 i
941 986 140 36 sådana
1109 985 76 47 fall,
1216 998 81 24 som
1326 983 267 38 omförmäldes
1621 983 12 36 i
1661 982 213 49 punkterna
1893 983 21 34 3
1936 981 71 36 och

420 1039 72 48 8a)
526 1039 11 36 i
570 1039 138 48 nådiga
749 1038 151 36 brefvet
943 1038 72 36 den
1051 1040 44 34 27
1128 1037 160 36 oktober
1318 1037 110 46 1905,
1457 1034 197 49 angående
1683 1033 285 38 bestämmelser
1995 1033 13 35 i

419 1091 109 48 fråga
571 1104 60 22 om
670 1089 200 37 volontärs
912 1089 215 48 antagande
1169 1088 71 36 och
1282 1087 246 47 afskedande,
1558 1087 74 36 dels
1660 1087 60 35 ock
1747 1084 183 37 likaledes
1960 1085 47 35 20

420 1142 142 36 kronor
601 1143 60 36 för
700 1142 135 48 hvarje
873 1141 46 36 då
948 1140 165 37 anställd
1142 1140 183 45 volontär,
1354 1139 86 36 med
1468 1137 155 38 hvilken
1650 1137 120 36 under
1798 1149 143 24 samma
1970 1139 39 33 år

420 1194 189 49 utgående
651 1193 211 49 tjänstaftal
903 1192 220 49 förlängdes
1152 1191 85 37 med
1266 1191 114 36 minst
1406 1194 65 33 två
1500 1193 51 44 år,
1581 1195 96 31 samt
1708 1191 46 34 10
1782 1188 140 36 kronor
1951 1187 58 36 för

421 1246 105 49 dylik
555 1245 184 47 volontär,
770 1259 80 22 som
878 1244 160 49 inginge
1067 1243 91 37 aftal
1187 1256 59 23 om
1268 1243 161 36 allenast
1449 1247 54 31 ett
1524 1245 60 33 års
1603 1240 177 49 förlängd
1799 1239 208 50 tjänstetid.

421 1298 15 35 I
465 1311 143 23 samma
636 1297 138 49 nådiga
802 1296 86 37 bref
915 1296 208 36 föreskrefs
1152 1293 194 50 därjämte,
1367 1302 51 28 att
1435 1293 291 49 ifrågavarande
1746 1291 123 37 medel
1889 1290 120 38 skulle

422 1349 42 36 af
488 1348 389 48 arméförvaltningen
905 1347 259 46 förskottsvis,
1193 1352 80 31 mot
1301 1344 500 50 redovisningsskyldighet,
1821 1343 188 37 utbetalas

421 1401 58 35 till
498 1401 285 37 vederbörande
802 1404 237 44 regements-
1059 1399 70 35 och
1149 1398 209 48 kårchefer,
1374 1405 52 30 att
1440 1398 108 36 dessa
1564 1397 121 36 skulle
1700 1401 74 43 äga
1789 1401 55 31 att
1859 1395 152 47 förfoga

422 1454 109 35 öfver
560 1452 148 37 medlen
736 1452 60 36 för
824 1451 155 37 därmed
1008 1451 123 36 afsedt
1159 1450 173 37 ändamål
1359 1449 86 37 med
1473 1448 246 48 iakttagande
1744 1446 129 48 likväl,
1894 1451 55 31 att
1969 1449 42 33 så

422 1510 81 31 stor
545 1504 60 37 del
647 1518 81 22 som
770 1504 151 48 möjligt
950 1503 111 36 däraf
1084 1505 116 34 måtte
1228 1502 209 36 tillkomma
1467 1500 63 37 det
1559 1500 187 37 anställda
1774 1499 236 48 manskapet,

422 1564 92 28 samt
542 1564 60 39 att,
634 1556 115 36 sedan
780 1555 250 48 erforderliga
1059 1554 268 36 omkostnader
1355 1553 126 37 blifvit
1508 1552 204 47 bestridda,
1737 1551 218 36 återstoden
1974 1550 42 36 af

423 1609 64 36 det
528 1613 104 31 extra
672 1606 443 50 rekryteringsbidraget
1143 1605 133 48 skulle,
1312 1606 4 36 i
1345 1606 72 36 den
1445 1608 87 33 mån
1561 1604 64 36 det
1651 1603 207 49 lämpligen
1887 1601 125 37 kunde

424 1660 80 46 ske,
546 1660 164 36 fördelas
751 1661 48 47 på
840 1659 63 36 det
944 1663 87 40 sätt,
1074 1662 54 32 att
1164 1658 64 36 vid
1260 1670 142 24 samma
1430 1655 278 50 truppförband
1736 1655 175 49 rekryter
1941 1653 71 36 och

423 1711 307 49 rekapitulanter,
774 1724 80 23 som
891 1709 174 37 anställts
1092 1710 59 35 för
1178 1709 76 36 lika
1281 1710 89 47 lång
1398 1708 66 47 tid,
1494 1708 40 36 af
1560 1707 45 37 de
1633 1707 60 36 för
1720 1706 292 48 rekryteringen

424 1763 180 37 anvisade
647 1763 188 36 ordinarie
873 1761 282 49 anslagsmedel
1183 1761 69 36 och
1281 1760 40 37 af
1347 1760 63 36 det
1438 1764 107 32 extra
1572 1756 442 51 rekryteringsbidraget

424 1814 280 49 sammanlagdt
745 1813 143 37 erhölle
931 1812 243 38 sinsemellan
1201 1812 78 36 lika
1305 1813 152 48 belopp,
1486 1812 115 36 hvars
1630 1809 142 38 storlek
1801 1808 121 37 skulle
1951 1808 62 36 be-

425 1871 180 32 stämmas
632 1867 12 35 i
674 1865 237 37 förhållande
940 1865 57 36 till
1026 1864 380 49 anställningstidens
1434 1863 120 49 längd
1583 1862 69 37 och
1679 1861 12 36 i
1710 1861 97 36 intet
1826 1860 65 36 fall
1910 1860 103 48 finge

424 1918 209 49 öfverstiga
662 1920 47 34 90
737 1918 150 36 kronor.

526 2022 57 36 Då
612 2021 141 37 antalet
781 2021 187 36 vakanser
996 2020 11 36 i
1035 2019 434 50 manskapsnumerären
1498 2022 100 32 ännu
1618 2016 73 36 den
1713 2016 46 35 15
1780 2028 99 24 mars
1904 2017 109 46 1908,

425 2078 97 31 trots
564 2073 219 49 medgifven
825 2072 249 49 förlängning
1105 2072 12 36 i
1150 2072 73 36 den
1256 2071 111 49 eljest
1394 2069 198 38 bestämda
1619 2067 106 37 tiden
1752 2068 61 36 för
1840 2068 173 49 rekryte-

425 2125 150 48 ringen,
616 2125 169 50 uppgick
822 2124 57 36 till
909 2126 111 46 3,246
1052 2124 70 36 och
1151 2123 63 36 det
1241 2126 48 46 på
1315 2122 124 49 grund
1468 2120 106 38 däraf
1604 2124 130 44 syntes
1762 2119 252 49 nödvändigt,

427 2181 54 32 att
523 2176 61 36 för
625 2177 168 48 fyllande
836 2177 40 36 af
914 2176 435 48 manskapsnumerären
1391 2173 119 50 enligt
1545 2173 95 35 1909
1675 2174 60 34 års
1764 2176 117 32 stater
1910 2178 106 30 extra

424 2228 403 49 rekryteringsbidrag
850 2228 142 48 jämväl
1021 2227 102 49 finge
1151 2230 92 46 utgå
1270 2227 120 36 under
1418 2229 40 33 år
1490 2225 109 46 1908,
1628 2224 87 36 aflät
1734 2224 122 36 Eders
1872 2223 142 47 Kungl.

425 2281 117 49 Maj:t,
562 2283 47 46 på
638 2280 77 36 min
743 2279 236 47 hemställan,
1000 2279 235 50 proposition
1265 2278 55 36 till
1353 2280 96 35 1908
1478 2281 60 33 års
1567 2276 168 48 Riksdag
1764 2290 60 22 om
1853 2275 163 49 medgif-
