1874 2812
528 150 103 27 Andra
655 149 215 34 lagutskottets
893 148 158 28 utlåtande
1075 157 35 18 nr
1133 148 46 26 56.
1584 146 12 29 1

772 339 67 40 Nr
871 337 66 41 56.

669 454 113 25 Ankom
803 454 40 24 till
865 453 167 32 riksdagens
1054 451 92 26 kansli
1168 452 55 24 den
1245 451 16 24 6
1280 450 60 32 juni
1365 450 66 24 1944
1453 449 37 25 kl.
1512 449 16 24 2
1549 456 52 18 em.

311 554 181 32 Utlåtande
520 557 9 28 i
554 553 187 39 anledning
766 561 42 22 av
835 552 102 30 väckt
960 550 132 31 motion
1119 560 56 21 om
1202 547 147 41 ändring
1374 558 43 21 av
1443 546 159 40 gällande

510 616 257 31 bestämmelser
791 615 147 31 rörande
964 613 186 40 gäldandet
1175 623 42 21 av
1244 612 67 31 viss
1337 611 190 39 ersättning
1553 607 51 32 till

509 677 471 41 ägodelningsnämndemän.

155 781 14 30 I
190 790 42 21 en
250 780 95 31 inom
365 779 108 31 första
493 779 203 30 kammaren
717 777 102 30 väckt
835 776 143 35 motion,
1000 785 41 20 nr
1060 775 51 35 21,
1131 774 116 30 vilken
1265 772 178 31 hänvisats
1464 772 50 30 till
1534 771 67 38 lag-

111 834 132 30 utskott
263 834 65 29 och
348 832 205 31 behandlats
575 842 41 21 av
638 831 109 31 andra
769 830 232 39 lagutskottet,
1024 829 64 30 har
1108 828 81 30 herr
1210 827 191 39 Siljeström
1422 826 111 38 yrkat,
1556 826 49 30 att

111 887 185 40 riksdagen
318 886 76 31 ville
415 887 10 30 i
447 886 163 30 skrivelse
632 886 49 29 till
705 884 122 40 Kungl.
849 883 102 39 Maj:t
971 882 182 31 hemställa
1174 891 57 20 om
1251 879 184 40 utredning
1457 879 147 30 rörande

113 940 108 33 sådan
240 940 147 40 ändring
408 950 43 21 av
472 940 38 29 21
536 939 77 39 kap.
640 939 38 29 12
703 936 19 40 $
744 938 100 39 lagen
865 947 57 20 om
945 936 141 40 delning
1107 946 43 20 av
1169 934 78 39 jord
1268 933 45 40 på
1334 934 126 35 landet,
1484 935 48 29 att
1554 942 48 20 er-

112 994 152 40 sättning
282 994 52 31 till
356 992 531 41 ägodelningsnämndemännen
908 991 56 30 för
981 990 187 30 inställelse
1190 988 57 31 vid
1267 986 337 40 ägodelningsrätten

112 1049 88 30 skall
220 1048 10 31 i
252 1048 108 30 likhet
380 1048 78 30 med
482 1046 234 39 ersättningen
741 1046 46 30 till
810 1043 393 40 ägodelningsdomaren
1225 1042 116 39 gäldas
1363 1051 42 21 av
1427 1040 177 30 allmänna

111 1102 122 30 medel.

156 1199 227 32 Beträffande
400 1200 42 30 de
463 1199 85 35 skäl,
571 1207 73 22 som
665 1197 133 31 anförts
819 1196 50 31 till
892 1196 76 31 stöd
990 1195 56 31 för
1066 1195 92 31 detta
1177 1194 165 39 yrkande,
1364 1192 56 32 får
1440 1192 165 31 utskottet

111 1253 147 32 hänvisa
280 1253 50 31 till
351 1252 187 31 motionen.

159 1352 117 40 Enligt
297 1353 38 29 21
361 1352 78 39 kap.
465 1352 39 29 12
527 1349 20 41 8
569 1351 99 39 lagen
690 1350 67 31 den
780 1349 40 30 18
840 1349 76 39 juni
940 1348 84 31 1926
1048 1357 57 21 om
1124 1347 140 39 delning
1286 1356 42 21 av
1350 1346 79 39 jord
1449 1345 21 31 å
1492 1345 117 31 landet

113 1407 97 30 skola
234 1405 392 40 ägodelningsdomaren
649 1404 65 30 och
736 1401 532 41 ägodelningsnämndemännen
1291 1400 54 30 för
1367 1408 77 22 resa
1468 1399 50 30 till
1541 1397 65 31 och

114 1459 79 31 från
211 1460 56 30 det
286 1459 104 35 ställe,
411 1459 63 30 där
492 1457 338 39 ägodelningsrätten
848 1455 285 34 sammanträder,
1152 1456 90 29 samt
1261 1453 54 31 för
1332 1451 200 40 uppehållet
1549 1450 57 31 vid

113 1514 113 30 rätten
246 1513 81 30 med
347 1512 114 30 nedan
483 1511 137 39 angivet
640 1511 178 38 undantag
840 1508 136 39 åtnjuta
999 1507 190 40 ersättning
1211 1506 104 40 enligt
1337 1506 159 39 gällande
1519 1513 86 22 rese-

113 1566 216 39 reglemente.
367 1564 121 31 Denna
515 1564 189 39 ersättning
730 1563 86 30 skall
843 1563 118 39 gäldas
987 1561 51 31 till
1061 1559 392 40 ägodelningsdomaren
1479 1569 42 21 av
1547 1557 59 30 all-

113 1621 130 29 männa
266 1619 111 30 medel
401 1619 65 29 och
492 1618 50 30 till
565 1616 533 41 ägodelningsnämndemännen
1120 1624 42 21 av
1188 1614 202 39 sakägarna.
1429 1612 67 31 Om
1521 1612 85 30 flera

114 1672 70 31 mål
205 1672 218 31 förekomma
444 1672 58 30 vid
523 1674 46 28 ett
590 1670 266 36 sammanträde,
880 1670 87 30 skall
989 1669 68 30 den
1076 1668 20 31 å
1118 1667 166 39 sakägare
1302 1666 193 38 belöpande
1515 1665 91 30 kost-

114 1727 115 30 naden
250 1725 149 31 fördelas
421 1725 20 31 å
460 1726 68 30 alla
549 1724 115 31 målen
686 1725 86 30 efter
793 1724 66 30 vad
882 1733 74 21 som
978 1723 124 38 prövas
1124 1721 134 39 skäligt.
1293 1719 116 32 Hålles
1434 1728 172 22 samman-

114 1780 97 30 träde
231 1780 80 30 med
334 1778 293 40 ägodelningsrätt
652 1777 20 31 å
695 1777 141 40 lagtima
860 1777 73 39 ting
956 1777 81 30 eller
1060 1774 256 31 sammanträde
1339 1774 79 30 med
1441 1775 165 28 tremans-

114 1833 142 35 nämnd,
282 1833 64 29 och
369 1833 39 30 är
430 1832 260 30 häradsrättens
714 1830 211 31 ordförande
950 1831 87 29 även
1061 1827 377 40 ägodelningsdomare,
1465 1827 81 30 eller
1570 1826 38 30 är

114 1886 11 30 i
156 1886 242 30 häradsrätten
430 1885 260 38 tjänstgörande
723 1884 237 30 nämndeman
992 1882 110 30 tillika
1136 1880 470 40 ägodelningsnämndeman,

116 1939 87 31 skall
222 1938 189 40 ersättning
427 1938 31 39 ej
477 1938 51 31 till
547 1939 78 29 dem
643 1936 92 40 utgå.

160 2044 115 40 Enligt
301 2044 59 31 122
383 2043 20 40 $
428 2044 270 39 skiftesstadgan
723 2044 66 30 den
813 2044 20 29 9
857 2042 188 31 november
1069 2042 83 29 1866
1177 2040 110 31 skulle
1311 2039 297 39 dagtraktamente

116 2100 65 30 och
205 2099 222 31 resekostnad
453 2097 94 32 såväl
572 2098 50 30 till
647 2098 128 30 rättens
800 2096 211 30 ordförande
1036 2105 73 21 som
1136 2095 49 30 till
1210 2095 76 30 dess
1310 2094 190 30 ledamöter
1524 2096 84 36 gott-

117 2154 99 38 göras
242 2163 43 20 av
308 2155 170 36 parterna.

160 2206 15 30 I
199 2208 46 28 ett
270 2215 43 21 av
336 2206 66 29 den
428 2215 24 20 s.
479 2205 32 30 k.
536 2202 557 41 jordstyckningskommissionen
1116 2202 66 30 den
1209 2201 39 30 16
1273 2200 143 31 oktober
1443 2200 83 30 1920
1552 2209 55 21 av-

118 2259 89 39 givet
223 2259 220 30 betänkande
461 2259 79 28 med
560 2258 128 38 förslag
706 2258 45 29 bl.
771 2267 29 20 a.
820 2257 50 29 till
888 2257 56 38 lag
963 2265 58 21 om
1039 2255 140 39 delning
1194 2264 42 21 av
1255 2254 76 39 jord
1350 2253 20 31 å
1388 2254 117 29 landet
1523 2262 84 29 upp-

117 2315 74 35 togs
219 2312 5 30 i
249 2311 152 31 nämnda
425 2310 188 39 lagförslag
642 2310 53 38 (19
719 2310 78 38 kap.
824 2310 38 29 15
886 2307 32 40 $)
949 2307 249 36 bestämmelse,
1225 2310 48 28 att
1297 2305 234 39 ersättningen
1556 2305 54 30 för

117 2374 76 22 resa
214 2365 65 30 och
301 2364 184 39 uppehälle
507 2364 109 30 skulle
639 2363 129 39 gäldas,
792 2363 49 29 till
862 2361 394 40 ägodelningsdomaren
1277 2370 42 21 av
1341 2360 178 30 allmänna
1541 2367 67 22 me-

117 2418 54 31 del
195 2418 65 30 och
286 2417 49 31 till
360 2416 532 40 ägodelningsnämndemännen
917 2425 42 21 av
985 2414 202 38 sakägarna.
1224 2413 112 31 Sedan
1361 2413 154 30 nämnda
1540 2412 68 38 lag-

118 2471 130 40 förslag
268 2470 85 32 efter
372 2470 122 31 remiss
513 2471 48 30 till
581 2469 155 40 lagrådet
754 2469 232 31 överarbetats
1005 2468 95 30 inom
1119 2466 412 40 justitiedepartementet,
1553 2474 56 22 av-

160 2533 121 35 Bihang
302 2534 45 27 till
368 2532 181 35 riksdagens
567 2532 159 36 protokoll
749 2532 83 27 1944.
863 2531 18 27 9
904 2530 88 29 saml.
1025 2531 17 26 2
1063 2530 68 27 avd.
1164 2529 43 28 Nr
1229 2529 47 27 56.
