1914 2818
643 165 229 28 Statsutskottets
895 163 148 28 utlåtande
1066 162 49 28 Nr
1136 162 49 28 43.
1644 156 19 30 D

213 242 172 41 Slutligen
412 241 62 31 bör
501 241 11 30 i
540 239 163 33 samband
730 239 78 31 med
835 237 253 41 statsbidragen
1116 236 129 31 erinras
1273 246 54 20 om
1355 232 306 33 arbetsmarknads-

160 285 286 32 kommissionens
469 285 66 29 rätt
557 285 50 29 att
628 282 182 40 förknippa
831 280 93 41 varje
947 280 87 30 form
1055 290 39 20 av
1117 277 210 41 statsbidrag
1347 276 54 31 till
1423 276 138 31 arbeten
1586 274 75 31 med

160 328 126 31 sådana
312 327 123 30 villkor
460 324 215 33 beträffande
701 323 180 42 intagning
906 333 40 20 av
972 320 215 37 arbetskraft,
1214 322 49 28 att
1289 318 156 32 anmälda
1473 317 189 32 arbetslösa

161 371 11 30 i
194 371 109 30 första
322 369 91 31 hand
435 368 143 32 beredas
600 366 274 42 sysselsättning.

216 454 275 42 Tyngdpunkten
528 454 10 29 i
575 453 57 31 det
668 462 66 30 nya
769 451 307 40 bidragssystemet
1112 448 108 41 ligger
1256 447 145 41 givetvis
1439 446 82 37 däri,
1548 447 50 29 att
1623 455 41 21 en

163 499 134 30 översta
316 499 101 39 gräns
437 497 106 30 sättes
563 495 53 31 för
635 495 41 31 de
696 493 215 32 kommunala
932 489 487 34 arbetslöshetskostnaderna.
1451 487 148 32 Därmed
1618 487 35 30 in

163 541 91 31 föres
276 542 84 29 även
380 539 65 31 den
465 538 113 32 risken
598 538 53 30 för
670 539 48 29 ett
737 536 132 31 mindre
889 534 91 32 antal
1000 534 206 36 kommuner,
1227 534 49 29 att
1294 532 205 31 kommunen
1517 530 65 31 kan
1601 529 60 31 för:

162 583 72 31 lora
250 584 49 30 ett
315 593 92 20 mera
422 581 166 42 påtagligt
604 580 145 31 intresse
766 590 40 20 av
822 580 50 29 att
889 577 87 41 själv
991 576 168 41 begränsa
1176 572 486 34 arbetslöshetskostnaderna.

163 626 76 31 Den
258 625 115 31 risken
392 626 36 30 är
448 623 190 32 emellertid
657 633 41 20 en
718 620 227 41 ofrånkomlig
963 619 88 41 följd
1070 628 40 21 av
1129 618 58 31 det
1205 617 100 42 syfte,
1325 627 73 21 som
1417 616 108 41 ligger
1543 614 122 32 bakom

165 668 56 31 det
249 667 195 41 föreslagna
471 667 171 40 systemet.
684 663 196 42 Självfallet
906 664 106 29 måste
1040 660 92 41 varje
1159 660 161 31 kommun
1347 659 54 31 till
1428 658 114 31 vilken
1569 659 96 30 stats-

163 710 121 41 bidrag
305 711 100 40 utgår
425 709 117 31 ställas
565 707 107 32 under
693 707 71 30 viss
785 704 159 33 kontroll.
978 703 223 32 Beträffande
1224 702 41 31 de
1288 702 208 35 kommuner,
1520 700 59 31 där
1601 699 64 31 den

164 752 216 32 kommunala
403 751 144 31 andelen
571 750 11 30 i
604 749 230 32 kostnaderna
857 749 36 29 är
916 746 137 32 relativt
1075 745 96 41 ringa
1193 744 63 32 bör
1279 744 155 41 tydligen
1458 745 48 29 ett
1529 741 136 32 särskilt

166 795 158 32 effektivt
339 793 279 41 kontrollsystem
634 792 181 40 tillämpas.
858 790 122 31 Denna
994 787 150 33 kontroll
1160 787 62 31 bör
1238 786 74 32 dels
1331 786 151 41 försiggå
1497 785 12 30 i
1525 785 87 30 form
1628 794 38 20 av

166 849 42 20 en
225 837 209 42 granskning
451 847 39 20 av
507 832 530 41 arbetslöshetsräkenskaperna,
1056 841 73 21 som
1146 832 84 29 även
1248 831 60 39 går
1324 829 35 30 in
1377 830 43 40 på
1438 827 152 41 detaljer,
1609 826 58 31 där

166 883 37 30 så
225 880 159 32 befinnes
410 878 168 32 önskvärt.
604 876 211 42 Härigenom
839 875 98 31 torde
960 874 244 31 kommunerna
1227 871 115 31 kunna
1365 872 99 40 göras
1490 870 177 31 medvetna

167 934 53 21 om
238 925 50 29 att
305 921 206 42 exempelvis
529 922 111 39 någon
658 918 195 41 överföring
871 929 40 19 av
929 914 394 44 fattigvårdsunderstöd
1340 914 54 30 till
1412 911 253 33 arbetslöshets:

166 965 140 42 hjälpen
321 965 12 30 i
349 965 89 41 syfte
454 965 49 30 att
519 962 128 33 erhålla
661 960 210 41 statsbidrag
885 959 73 32 icke
973 958 150 31 kommer
1138 959 49 29 att
1202 957 174 31 tolereras.
1394 955 84 31 Dels
1494 965 101 31 synes
1613 953 55 32 det

167 1007 226 41 erforderligt,
417 1008 49 29 att
488 1005 194 32 kontrollen
705 1003 207 32 åtminstone
936 1002 11 30 i
969 1001 71 31 viss
1064 999 235 41 utsträckning
1312 1000 120 29 utövas
1446 1007 120 32 genom
1579 998 90 29 över-

163 1050 147 40 vakning
323 1061 40 20 av
378 1045 526 35 arbetslöshetskommittéernas
919 1042 135 43 dagliga
1068 1040 222 33 verksamhet.
1307 1040 123 31 Denna
1442 1037 227 42 övervakning

167 1094 65 30 kan
254 1092 251 32 åstadkommas
528 1088 205 42 exempelvis
758 1087 206 41 därigenom,
989 1088 49 29 att
1061 1084 125 32 ombud
1209 1084 53 30 för
1284 1081 386 33 arbetsmarknadskom-

168 1135 188 32 missionen
378 1135 91 30 inom
492 1135 49 29 ett
562 1132 88 31 visst
671 1130 137 32 område
831 1129 152 41 deltager
1004 1128 12 31 i
1039 1125 526 33 arbetslöshetskommittéernas
1588 1134 82 21 sam-

169 1177 199 32 manträden
394 1176 62 31 och
481 1174 120 33 därvid
624 1174 61 31 har
709 1172 180 42 möjlighet
914 1173 81 39 säga
1018 1170 99 37 ifrån,
1143 1171 49 29 att
1217 1179 41 21 en
1282 1168 72 31 viss
1379 1167 118 41 åtgärd
1522 1166 82 32 eller
1629 1176 39 21 en

169 1221 71 31 viss
256 1219 219 42 tillämpning
491 1229 40 20 av
550 1228 41 21 en
610 1215 118 43 åtgärd
745 1215 52 31 får
814 1214 60 32 ske
891 1215 43 40 på
951 1213 223 31 kommunens
1191 1222 84 30 egen
1293 1210 79 31 risk.
1401 1210 18 30 I
1437 1210 57 31 det
1510 1218 161 22 samman-

168 1264 126 41 hanget
330 1262 63 31 bör
430 1263 84 29 även
550 1259 149 48 påpekas
726 1258 66 31 den
818 1256 233 41 möjligheten,
1078 1256 50 30 att
1155 1255 108 30 större
1290 1252 216 31 kommunala
1531 1250 139 32 arbeten

170 1306 113 31 drivas
307 1304 12 31 i
343 1306 131 29 statens
498 1313 81 31 regi,
604 1301 121 31 medan
749 1300 224 31 kommunens
997 1297 109 31 insats
1130 1295 205 32 bestämmes
1360 1294 54 31 till
1438 1296 49 29 ett
1512 1294 159 40 engångs-

168 1348 136 42 belopp.
340 1347 78 31 Den
443 1345 123 32 tanken
591 1344 64 31 bör
678 1343 173 41 slutligen,
880 1341 106 41 enligt
1010 1338 287 33 kommissionens
1322 1336 230 42 uppfattning,
1577 1337 95 29 även-

170 1391 94 31 ledes
285 1391 133 40 prövas,
441 1390 48 29 att
510 1383 417 43 arbetslöshetspolitiken
949 1383 11 31 1
980 1382 208 36 kommuner,
1211 1381 60 30 där
1292 1382 112 29 staten
1425 1378 129 42 nödgas
1576 1388 96 21 svara

170 1434 53 31 för
258 1432 134 42 mycket
426 1429 194 42 betydande
644 1427 194 37 kostnader,
865 1426 73 31 helt
963 1424 165 41 dirigeras
1154 1434 40 20 av
1220 1420 453 33 arbetsmarknadskommis-

171 1476 129 32 sionen.

225 1534 131 31 Kontant
380 1530 389 34 understödsverksamhet.
812 1525 299 34 Kommissionens
1135 1524 130 41 förslag
1286 1523 54 31 till
1363 1533 67 31 nya
1452 1521 148 43 grunder
1622 1521 54 31 för

175 1584 65 32 den
267 1584 165 31 kontanta
460 1578 467 35 understödsverksamheten
955 1576 153 32 ansluter
1135 1575 53 41 sig
1215 1574 12 31 i
1256 1576 88 30 stort
1372 1575 68 30 sett
1466 1572 55 32 till
1548 1572 41 31 de
1618 1571 57 31 vid

174 1636 81 31 1940
278 1637 54 29 års
356 1633 140 42 lagtima
518 1631 138 42 riksdag
679 1632 147 39 antagna
848 1628 217 43 principerna
1088 1627 54 30 för
1164 1625 189 41 beräkning
1376 1635 40 20 av
1439 1622 235 43 krigsfamilje-

172 1686 130 41 bidrag.
332 1685 105 31 Detta
456 1683 150 36 innebär,
626 1681 105 32 bland
750 1682 112 35 annat,
883 1681 50 29 att
954 1678 58 32 det
1029 1677 145 41 tidigare
1194 1675 201 33 sambandet
1414 1674 123 32 mellan
1557 1673 117 32 under-

175 1735 288 42 stödsbeloppens
491 1732 128 33 storlek
647 1732 63 31 och
738 1731 66 31 den
833 1728 196 33 fastställda
1056 1726 334 33 reservarbetslönen
1419 1725 54 31 för
1500 1726 97 30 orten
1625 1734 50 21 av-

173 1786 160 42 kopplats
357 1787 88 29 samt
468 1786 50 30 att
540 1784 11 30 i
575 1783 116 32 stället
714 1782 125 30 införts
864 1780 57 31 det
945 1776 504 45 dyrortsgrupperingssystem,
1474 1786 72 20 som
1571 1773 105 42 gäller

175 1837 53 31 för
249 1835 369 43 folkpensioneringen.
652 1833 53 31 En
727 1830 196 43 jämförelse
946 1829 124 32 mellan
1091 1828 41 31 de
1156 1827 111 42 gamla
1288 1826 63 32 och
1373 1837 66 30 nya
1460 1824 216 33 understöds-

174 1887 171 41 beloppen
403 1885 86 41 gnligt
526 1883 286 32 kommissionens
851 1880 129 41 förslag
1006 1878 187 32 återfinnes
1220 1878 11 30 i
1258 1876 260 42 propositionen
1546 1875 63 32 sid.
1637 1874 39 31 38

180 1937 118 41 (tabell
319 1897 81 80 MÅ

227 1986 159 32 Rörande
410 1986 40 30 de
473 1987 152 29 närmare
650 1982 192 43 grunderna
865 1981 53 31 för
939 1978 398 41 understödsbeloppens
1360 1976 190 41 avvägning
1571 1977 107 40 yttrar

176 2037 278 32 kommissionen:

230 2087 69 31 Vid
326 2086 210 41 avvägandet
562 2096 39 20 av
628 2083 162 42 lämpliga
817 2079 402 44 dagunderstödsbelopp
1246 2080 107 29 måste
1380 2078 132 40 hänsyn
1539 2079 94 38 tagas
1661 2078 18 28 å

180 2141 62 20 ena
258 2129 99 32 sidan
373 2129 53 30 till
443 2131 49 28 att
508 2126 224 33 understödet
748 2124 174 41 medgiver
939 2135 41 20 en
997 2122 191 40 nödtorftig
1204 2120 212 41 försörjning
1432 2119 108 32 under
1555 2119 123 31 arbets-

179 2171 229 32 löshetstiden
429 2170 63 31 och
511 2172 20 29 å
551 2169 104 31 andra
674 2168 108 36 sidan,
804 2168 50 29 att
874 2166 187 31 detsamma
1079 2164 73 31 icke
1172 2165 106 30 sättes
1300 2165 38 29 så
1356 2163 92 40 högt,
1470 2163 49 30 att
1539 2161 57 31 det
1615 2161 63 30 kan

179 2214 93 31 bliva
295 2213 70 31 lika
390 2212 76 31 med
491 2212 83 31 eller
598 2211 53 30 till
677 2210 62 31 och
764 2209 78 31 med
866 2209 104 40 högre
996 2209 42 29 än
1065 2207 64 30 den
1155 2205 207 31 arbetslöses
1389 2203 288 32 normalinkomst.

178 2256 53 31 Då
253 2255 135 31 landets
412 2255 198 30 kommuner
632 2252 166 41 uppdelas
822 2252 44 39 på
890 2249 121 32 endast
1033 2249 18 31 3
1076 2251 221 37 ortsgrupper
1321 2248 106 29 måste
1451 2246 229 31 skillnaderna

181 2297 123 32 mellan
322 2295 463 42 ytterlighetskommunerna
801 2293 11 30 i
829 2292 93 40 varje
940 2302 109 30 grupp
1066 2290 49 31 bli
1132 2289 203 41 betydande.
1365 2289 105 30 Detta
1487 2290 37 28 är
1541 2288 140 30 framför

181 2340 62 30 allt
264 2338 97 32 fallet
383 2338 10 30 i
416 2347 191 31 grupperna
630 2337 15 29 1
670 2335 62 31 och
753 2336 28 29 2.
815 2334 69 31 För
905 2336 50 28 att
976 2333 11 30 i
1009 2332 193 40 möjligaste
1225 2333 76 28 mån
1324 2330 183 40 tillgodose
1531 2330 40 30 de
1593 2329 88 31 båda

181 2392 81 30 nyss
298 2380 147 31 nämnda
480 2379 165 30 villkoren
682 2376 144 32 föreslår
861 2374 277 36 kommissionen,
1165 2375 49 29 att
1240 2372 363 31 understödssatserna
1629 2371 52 30 för

183 2424 90 41 varje
298 2425 182 38 ortsgrupp
505 2422 143 39 avvägas
671 2421 46 34 så,
742 2421 50 28 att
815 2418 41 30 de
879 2419 150 29 närmast
1052 2418 169 28 motsvara
1243 2415 147 31 behovet
1413 2414 91 31 inom
1529 2413 41 31 de
1593 2413 87 30 kom-

183 2476 117 20 muner
322 2465 10 30 i
355 2464 91 41 varje
469 2474 118 30 grupp,
611 2472 72 21 som
704 2461 44 31 ha
770 2460 41 31 de
834 2460 109 40 lägsta
965 2457 379 32 levnadskostnaderna.
1378 2457 76 31 Den
1477 2456 143 41 höjning
1642 2466 38 19 av
