1856 2786
443 201 120 30 Andra
582 200 246 39 lagutskottets
848 199 178 29 utlåtande
1045 207 43 20 nr
1106 197 41 29 30
1166 197 39 29 år
1226 195 83 30 1957
1584 193 37 29 11

131 282 74 30 ofta
225 282 53 29 till
299 281 222 39 synnerligen
541 280 76 39 låga
636 279 126 39 belopp
784 278 64 29 och
868 277 203 38 tillräckligt
1091 275 223 30 ekonomiskt
1335 274 77 30 stöd
1433 273 80 30 från
1534 281 89 21 sam-

132 335 126 30 hällets
282 335 74 29 sida
377 335 71 28 kan
471 334 76 29 icke
570 332 108 30 heller
700 332 188 39 påräknas.
912 330 115 39 Några
1050 329 172 29 konkreta
1246 328 130 38 förslag
1400 327 53 29 till
1478 326 146 29 förbätt-

132 389 77 39 ring
235 398 42 20 av
302 388 40 29 de
367 388 122 38 bidrag
516 396 74 20 som
615 388 38 27 är
678 384 216 40 tillgängliga
920 384 55 29 för
1000 382 252 39 ofullständiga
1277 380 155 39 familjer
1458 379 83 30 eller
1566 387 57 20 om

132 441 141 31 bistånd
295 442 11 29 i
327 450 67 30 nya
416 440 131 29 former
570 439 210 39 framlägges
802 437 193 30 emellertid
1017 436 44 39 ej.

177 495 140 39 Frågan
342 504 57 20 om
425 494 114 30 stödet
565 493 34 30 åt
626 493 41 30 de
695 491 253 39 ofullständiga
975 489 202 39 familjerna
1203 487 192 31 behandlas
1422 487 12 29 i
1462 488 48 28 ett
1538 486 86 29 stort

134 549 95 29 antal
249 557 42 21 av
308 548 41 30 de
368 557 38 20 ca
424 547 63 30 250
507 545 324 40 remissyttranden,
851 554 75 20 som
945 544 38 29 år
1005 543 81 29 1955
1106 542 145 39 avgivits
1271 542 80 29 över
1371 538 254 40 familjeutred-

133 602 148 39 ningens
306 600 231 30 betänkande.
562 599 218 29 Yttrandena
805 599 38 28 är
868 596 258 40 genomgående
1151 594 143 40 positivt
1319 593 129 30 hållna.
1474 592 151 30 Behovet

133 665 42 20 av
199 655 84 30 ökat
308 653 232 39 samhälleligt
565 653 76 29 stöd
665 653 35 28 åt
724 652 101 29 dessa
850 650 166 39 familjer,
1042 650 12 29 i
1079 648 189 39 synnerhet
1293 648 40 29 de
1358 644 266 32 ensamstående

133 709 200 32 mödrarna,
351 708 63 28 har
433 706 148 30 sålunda
599 704 262 31 understrukits
879 713 41 20 av
938 705 49 28 ett
1004 703 138 38 mycket
1161 703 88 28 stort
1267 701 94 29 antal
1379 699 245 38 remissorgan.

134 761 50 30 Bl.
202 771 29 19 a.
250 760 204 30 framhåller
472 758 290 40 socialstyrelsen,
782 759 50 28 att
850 757 41 29 de
909 755 266 31 ensamstående
1193 754 189 29 mödrarna
1399 752 107 30 bland
1524 752 102 29 barn-

134 814 204 39 familjerna
361 813 135 39 intager
520 823 42 19 en
587 811 225 39 särställning
837 811 11 29 i
872 809 187 30 materiellt
1084 807 209 30 hänseende.
1319 805 307 40 Eftersläpningen

134 868 113 39 ifråga
272 877 57 20 om
354 867 163 29 ekonomi
542 866 64 29 och
630 864 315 30 levnadsstandard
970 863 64 29 har
1060 861 106 39 enligt
1192 860 169 39 styrelsen
1387 861 86 27 utan
1499 858 126 29 tvekan

135 921 146 30 hårdast
305 920 145 30 drabbat
473 920 115 29 denna
610 918 168 39 kategori.
803 917 66 29 Vid
893 926 43 20 en
960 914 203 30 diskussion
1186 923 58 20 om
1269 913 109 30 ökade
1403 910 224 40 familjepoli-

135 975 93 29 tiska
252 974 160 38 åtgärder
436 973 117 29 finner
578 972 170 39 styrelsen
771 970 120 30 därför
914 972 51 27 att
989 968 142 30 särskilt
1156 967 170 29 avseende
1349 966 62 29 bör
1436 965 110 30 fästas
1570 963 57 30 vid

136 1028 269 39 möjligheterna
425 1028 50 28 att
496 1026 170 29 förbättra
687 1023 270 30 förhållandena
978 1022 54 30 för
1053 1022 100 29 dessa
1173 1020 152 29 mödrar.
1346 1018 182 30 Liknande
1550 1026 78 30 syn-

136 1081 154 40 punkter
317 1080 162 38 anlägges
508 1089 41 19 av
576 1080 47 28 ett
649 1077 117 30 flertal
794 1076 109 29 andra
930 1075 245 38 remissorgan,
1204 1083 76 20 som
1307 1081 101 21 anser
1437 1073 50 28 att
1514 1070 114 39 hjälp-

137 1134 162 39 åtgärder
324 1133 55 30 för
403 1134 41 28 de
469 1131 267 30 ensamstående
762 1130 189 29 mödrarna
977 1130 38 28 är
1041 1128 57 29 det
1122 1126 186 39 viktigaste
1334 1135 42 20 av
1401 1134 48 20 nu
1475 1123 153 30 aktuella

138 1186 304 40 familjepolitiska
466 1185 128 39 frågor.
618 1184 184 38 Åtskilliga
826 1192 41 20 av
890 1182 80 29 dem
996 1180 146 31 föreslår
1166 1189 44 20 en
1233 1179 147 39 höjning
1405 1188 42 20 av
1471 1176 158 30 maximi-

137 1241 172 39 beloppen
326 1240 53 29 för
397 1239 173 30 särskilda
587 1237 211 39 barnbidrag
816 1236 64 30 och
897 1234 296 40 bidragsförskott
1211 1234 165 29 ävensom
1394 1232 110 29 andra
1521 1231 108 39 juste-

136 1295 119 38 ringar
278 1303 41 20 av
341 1293 100 30 dessa
463 1291 220 34 stödformer,
707 1289 209 40 exempelvis
940 1288 166 40 slopande
1127 1296 42 20 av
1190 1285 376 40 inkomstprövningen
1588 1292 41 20 av

138 1349 41 29 de
209 1347 173 30 särskilda
409 1345 267 38 barnbidragen.
705 1343 116 39 Några
849 1342 237 38 remissorgan
1113 1339 308 30 rekommenderar
1451 1338 179 29 dessutom

138 1411 43 20 en
202 1400 199 39 ytterligare
425 1399 150 39 generell
597 1397 148 39 höjning
768 1406 42 20 av
832 1396 40 29 de
896 1394 240 38 civilrättsliga
1159 1392 383 37 underhållsbidragen.

601 1507 417 47 Familjeberedningen
1045 1518 52 21 m.
1116 1517 52 22 m.

185 1586 403 40 Familjeutredningens
605 1584 222 30 betänkande
846 1584 91 29 samt
953 1582 42 29 de
1013 1582 144 29 däröver
1176 1580 147 39 avgivna
1339 1578 211 40 yttrandena
1567 1577 64 30 har

140 1642 198 30 bearbetats
366 1649 42 21 av
436 1649 43 20 en
508 1640 95 28 inom
632 1636 387 40 socialdepartementet
1049 1634 172 29 tillkallad
1251 1632 199 39 beredning,
1480 1630 151 40 familje-

143 1694 244 39 beredningen,
401 1693 119 29 vilken
535 1692 66 29 den
619 1691 13 29 1
650 1691 182 29 december
850 1689 83 29 1956
950 1688 178 30 avlämnat
1144 1696 42 20 en
1202 1686 236 40 promemoria
1454 1684 177 40 angående

143 1749 77 30 stöd
243 1748 35 29 åt
300 1746 251 39 ofullständiga
574 1745 154 38 familjer
758 1743 100 34 (SOU
885 1741 189 33 1956:47).
1099 1741 46 29 Ur
1168 1739 192 30 innehållet
1383 1739 11 29 i
1418 1739 115 29 denna
1555 1746 78 31 pro-

143 1801 170 30 memoria
334 1800 56 29 må
410 1800 64 29 här
495 1799 141 29 anföras
658 1797 169 39 följande.

143 1881 49 29 De
214 1879 250 41 ofullständiga
485 1878 222 39 familjernas
729 1874 229 31 ekonomiska
980 1874 167 29 situation

187 1941 388 40 Familjeberedningen
599 1940 137 28 lämnar
761 1947 43 20 en
830 1935 321 31 sammanfattande
1177 1933 217 39 redogörelse
1421 1933 54 29 för
1501 1941 42 20 en
1568 1932 67 28 sta-

1024 1989 40 29 56
1080 1988 202 30 verkställts
1299 1996 41 20 av
1357 1984 278 40 socialstyrelsen

144 2050 11 29 i
175 2049 90 39 syfte
287 2050 49 28 att
355 2048 118 38 belysa
493 2045 266 31 ensamstående
781 2044 159 29 mödrars
961 2042 129 30 sociala
1109 2042 63 29 och
1195 2040 229 30 ekonomiska
1445 2038 190 30 förhållan-

144 2103 77 28 den.
244 2102 160 29 Rörande
426 2100 181 29 resultatet
629 2109 41 19 av
692 2099 115 28 denna
829 2095 274 38 undersökning,
1125 2095 67 29 den
1216 2104 25 19 s.
1264 2094 33 28 k.
1320 2091 315 31 mödraundersök-

145 2155 138 37 ningen,
310 2164 72 18 som
407 2152 192 29 omfattade
626 2152 93 28 1500
745 2149 267 30 ensamstående
1037 2147 150 33 mödrar,
1213 2146 57 29 må
1296 2145 155 38 följande
1477 2144 157 28 nämnas.

145 1996 116 30 tistisk
280 1993 273 38 undersökning,
571 2003 74 19 som
662 1992 112 29 under
790 1991 83 29 åren
892 1990 82 29 1955

189 2208 140 29 Antalet
355 2207 107 38 ogifta
490 2207 63 28 och
581 2205 196 29 frånskilda
803 2204 150 29 kvinnor
981 2203 91 28 samt
1099 2201 110 29 änkor
1237 2200 78 28 med
1341 2197 293 31 hemmavarande

146 2262 86 28 barn
256 2261 108 28 under
388 2260 37 28 16
446 2260 38 28 år
506 2257 252 40 uppskattades
778 2256 57 30 vid
856 2254 308 38 undersökningen
1185 2253 50 29 till

394 2340 87 29 ogifta
805 2336 152 23 frånskilda
1309 2333 86 22 änkor

368 2384 39 28 25
423 2382 62 29 400
832 2380 40 28 23
888 2379 62 29 200
1299 2376 39 28 20
1353 2374 62 29 400

191 2465 64 28 Det
276 2464 69 29 kan
367 2464 8 28 i
396 2463 93 29 detta
512 2461 255 37 sammanhang
788 2460 158 32 nämnas,
969 2459 50 28 att
1040 2455 370 40 familjeutredningen
1433 2453 204 39 uppskattat

148 2519 57 29 det
223 2518 106 28 totala
345 2517 130 29 antalet
490 2513 267 31 ensamstående
773 2512 149 30 kvinnor
939 2511 78 29 med
1033 2511 84 28 barn
1136 2509 110 29 under
1265 2509 37 28 16
1319 2508 37 29 år
1372 2507 50 30 till
1441 2507 40 29 78
1496 2507 62 28 900
1574 2506 62 28 och
