1858 2786
439 185 118 30 Andra
576 183 245 40 lagutskottets
842 181 178 30 utlåtande
1039 190 42 19 nr
1100 179 42 29 30
1161 179 39 30 år
1220 177 82 30 1957
1599 174 17 30 17

125 267 66 30 och
208 267 48 29 år.
274 266 161 30 Ärenden
453 264 147 30 rörande
619 263 172 30 särskilda
807 261 212 38 barnbidrag
1036 258 213 39 handlägges
1267 266 42 21 av
1326 256 292 40 pensionsnämn-

126 321 108 29 derna
261 320 64 29 och
353 317 350 41 pensionsstyrelsen.
731 315 137 30 Jämväl
897 315 11 28 i
935 314 93 29 vissa
1056 312 111 30 andra
1195 310 195 30 avseenden
1419 310 37 28 är
1485 308 133 29 föreva-

126 374 107 29 rande
253 373 54 39 lag
328 373 183 29 anknuten
530 372 52 29 till
603 368 310 32 bestämmelserna
934 368 11 29 i
964 367 100 39 lagen
1084 375 58 20 om
1164 362 332 41 folkpensionering.
1517 361 101 29 Kost-

126 428 154 29 naderna
309 426 56 30 för
395 425 173 30 särskilda
597 423 210 39 barnbidrag
837 421 95 30 delas
963 420 129 29 mellan
1123 420 111 28 staten
1265 417 65 29 och
1359 413 259 33 vederbörande

125 482 186 33 kommun;
334 480 236 28 kommunens
592 477 102 30 andel
716 476 88 30 skall
826 477 177 28 motsvara
1023 474 51 36 2/2»
1095 473 144 39 procent
1260 471 54 29 för
1334 469 98 39 varje
1453 469 82 29 fullt
1555 467 64 30 tio-

126 535 48 30 tal
197 534 200 29 skatteören
420 542 61 30 per
502 532 168 29 invånare
692 531 11 29 i
725 530 218 29 kommunen
966 537 41 20 av
1028 526 198 30 kostnaden
1249 524 55 30 för
1327 523 177 39 bidragen,
1529 520 88 31 dock

123 589 103 38 högst
245 587 102 30 halva
366 586 207 30 kostnaden.

788 719 173 37 Historik

170 820 49 29 De
242 819 173 29 särskilda
436 817 258 39 barnbidragen
714 815 157 29 infördes
892 815 12 29 i
925 813 76 30 vårt
1023 812 83 30 land
1128 811 127 29 liksom
1277 807 341 40 bidragsförskotten

126 881 125 32 genom
268 873 115 29 beslut
400 872 58 30 vid
490 870 114 30 1937
636 870 79 29 års
743 868 210 38 riksdag
977 866 114 39 (prop.
1110 874 42 20 nr
1172 864 72 34 276,
1264 863 233 29 sammansatt
1517 860 102 29 stats-

127 928 65 29 och
208 927 109 29 andra
333 926 212 38 lagutskotts
562 924 62 30 utl.
640 933 42 20 nr
701 924 14 28 1
734 923 64 29 och
814 922 52 29 rd.
884 922 70 28 skr.
971 930 42 19 nr
1029 918 102 35 421);
1150 917 257 38 barnbidragen
1423 915 88 29 hade
1529 913 89 30 dock

125 981 168 38 föregåtts
315 989 42 21 av
378 980 94 29 vissa
492 977 287 40 pensionstillägg
801 975 108 39 enligt
932 970 454 42 folkpensioneringslagen.
1410 967 208 30 Barnbidra-

126 1042 66 32 gen
211 1034 117 38 utgick
348 1033 108 39 enligt
475 1032 100 39 lagen
594 1031 67 29 den
683 1030 39 30 18
740 1030 79 39 juni
841 1028 82 30 1937
945 1037 57 20 om
1021 1025 211 39 barnbidrag
1258 1023 270 38 (beteckningen
1548 1021 71 28 sär-

127 1088 114 29 skilda
255 1087 213 38 barnbidrag
482 1085 157 29 infördes
655 1084 54 29 för
725 1084 101 28 dessa
840 1082 122 38 bidrag
979 1081 89 29 först
1083 1079 39 30 år
1140 1078 81 30 1947
1239 1079 11 28 i
1267 1076 171 31 samband
1453 1075 80 30 med
1549 1075 70 37 lag-

127 1141 207 38 stiftningen
356 1149 58 20 om
436 1139 179 29 allmänna
636 1135 228 40 barnbidrag)
892 1135 55 30 för
968 1134 94 30 vissa
1084 1140 151 32 grupper
1258 1141 41 20 av
1321 1131 98 33 barn,
1443 1128 176 38 nämligen

126 1195 55 29 för
198 1195 87 29 barn
300 1203 80 20 vars
398 1193 174 29 föräldrar
589 1192 93 33 eller,
701 1190 43 30 då
760 1190 124 29 barnet
902 1188 210 39 adopterats,
1130 1195 80 20 vars
1228 1185 169 39 adoptant
1415 1183 81 30 eller
1514 1181 105 39 adop-

126 1248 225 30 tivföräldrar
370 1246 131 34 avlidit,
519 1246 80 29 med
618 1244 62 31 300
698 1245 131 28 kronor
847 1243 11 28 i
877 1243 187 38 ortsgrupp
1085 1240 28 33 1,
1133 1239 62 29 360
1214 1239 131 29 kronor
1363 1237 12 29 i
1394 1238 186 37 ortsgrupp
1600 1234 18 29 2

126 1303 66 28 och
208 1301 61 30 420
286 1302 132 28 kronor
434 1301 11 28 i
462 1301 186 37 ortsgrupp
665 1298 30 30 3.
712 1298 67 29 För
796 1296 119 39 övriga
930 1292 356 41 bidragsberättigade
1304 1299 152 31 grupper
1474 1299 41 19 av
1530 1289 89 29 barn

126 1356 119 38 utgick
259 1354 247 38 barnbidraget
521 1353 79 29 med
616 1351 156 39 följande
788 1350 110 39 årliga
912 1348 125 40 belopp
1052 1348 12 28 i
1079 1346 115 30 nedan
1209 1345 150 39 angivna
1375 1345 241 37 ortsgrupper:

943 1440 155 29 Ortsgrupp
1120 1438 13 23 1
1189 1437 155 29 Ortsgrupp
1365 1435 16 24 2
1429 1435 155 29 Ortsgrupp
1605 1432 15 24 3

126 1500 55 28 för
209 1501 48 27 ett
284 1498 88 29 Harm
410 1517 512 8 .s..cssmscosmes
699 1492 74 43 sMRE
796 1492 63 43 SR:
885 1492 41 43 KR
967 1490 62 30 240
1054 1490 54 28 kr.
1222 1487 62 30 300
1310 1487 53 29 kr.
1477 1484 62 30 360
1564 1484 54 28 kr.

125 1553 55 29 för
206 1552 57 29 två
287 1552 88 28 bar
409 1570 513 8 sococococes
629 1545 56 44 ses
695 1545 56 44 oss
761 1545 34 44 ss
805 1545 31 44 rr
849 1545 31 44 rr
891 1545 33 44 rs
966 1543 63 30 420
1068 1553 15 17 >
1222 1540 62 31 525
1323 1551 15 17 >»
1477 1537 63 30 630
1579 1548 15 17 >

126 1606 55 29 för
209 1608 50 27 tre
286 1605 88 29 bar
410 1624 512 8 sosooooooooos
695 1597 55 45 ses
760 1597 35 45 ss
805 1597 35 45 sr
850 1597 77 45 rss
967 1597 62 30 600
1069 1607 14 17 >
1223 1593 61 31 750
1323 1604 15 17 >
1477 1591 62 30 900
1579 1601 15 17 >

125 1660 65 29 och
211 1659 53 29 för
282 1658 97 38 varje
399 1658 87 29 barn
505 1656 146 29 däröver
669 1653 199 40 ytterligare
896 1678 25 3 ..
969 1650 59 30 120
1068 1660 15 18 >
1224 1647 60 30 150
1323 1657 15 17 >
1479 1644 60 30 180
1579 1654 14 17 >

171 1765 174 39 Beloppen
366 1774 42 19 av
428 1762 339 39 bidragsförskotten
787 1769 61 21 var
869 1758 107 39 enligt
996 1758 101 38 lagen
1118 1756 67 29 den
1208 1755 38 30 18
1266 1754 79 39 juni
1368 1753 81 29 1937
1472 1762 56 20 om
1550 1751 69 29 för-

127 1819 192 37 skottering
343 1827 43 20 av
408 1815 328 38 underhållsbidrag
758 1814 52 29 till
833 1813 89 29 barn
945 1812 127 28 liksom
1094 1808 258 39 barnbidragen
1375 1806 244 39 dyrortsgrup-

126 1872 127 39 perade
276 1872 64 28 och
364 1870 120 38 utgick
506 1869 79 29 med
610 1876 134 20 samma
768 1866 110 39 årliga
900 1865 124 38 belopp
1050 1872 75 20 som
1149 1862 54 29 för
1226 1862 41 28 de
1291 1868 152 30 grupper
1467 1868 42 20 av
1531 1858 89 29 barn

126 1926 80 29 med
234 1924 222 37 barnbidrag,
486 1923 54 28 för
568 1921 94 29 vilka
690 1918 303 40 bidragsbeloppet
1023 1915 150 39 angivits
1201 1916 11 28 i
1240 1912 286 41 uppställningen
1554 1911 65 28 här

126 1988 100 20 ovan.

172 2032 67 28 För
260 2031 95 29 tiden
377 2032 23 27 t.
423 2040 29 18 o.
475 2039 44 19 m.
542 2028 67 29 den
631 2027 138 32 månad,
792 2025 112 29 under
925 2024 117 29 vilken
1064 2023 123 28 barnet
1210 2020 106 40 fyllde
1338 2019 59 30 två
1418 2019 48 33 år,
1489 2017 130 30 ökades

128 2086 93 28 såväl
239 2084 247 37 barnbidraget
502 2092 75 19 som
593 2080 331 39 bidragsförskottet
940 2077 79 29 med
1036 2078 49 27 ett
1101 2075 103 38 årligt
1219 2074 125 39 belopp
1362 2082 41 20 av
1421 2072 40 29 60
1477 2072 141 28 kronor.

173 2138 96 29 Såväl
289 2136 257 37 barnbidragen
565 2144 75 20 som
657 2132 340 38 bidragsförskotten
1015 2138 61 21 var
1094 2128 107 38 enligt
1222 2127 80 29 1937
1323 2127 58 28 års
1400 2124 219 40 lagstiftning

126 2190 320 39 inkomstprövade.

172 2245 72 27 Den
263 2253 45 19 nu
325 2242 159 38 gällande
501 2238 415 39 bidragsförskottslagen
935 2237 134 28 tillkom
1086 2235 56 29 vid
1162 2234 114 28 19453
1305 2233 79 29 års
1411 2231 208 36 riksdag

133 2297 114 38 (prop.
270 2305 40 19 nr
337 2295 70 32 183,
432 2294 108 28 andra
564 2292 246 38 lagutskottets
833 2290 62 28 utl.
919 2298 40 20 nr
983 2288 40 29 28
1046 2287 65 29 och
1134 2287 50 28 rd.
1209 2286 69 28 skr.
1302 2294 41 19 nr
1368 2284 95 32 260).
1486 2282 134 29 Beträf-

128 2350 105 28 fande
267 2347 360 38 bidragsförskottens
662 2343 271 38 maximibelopp
968 2341 146 29 innebar
1149 2340 66 28 den
1251 2348 67 29 nya
1354 2336 266 38 lagstiftningen

127 2402 121 29 endast
270 2400 196 38 obetydliga
486 2398 227 39 jämkningar
732 2396 119 39 uppåt.

172 2456 51 28 Då
236 2455 40 29 de
291 2454 178 29 allmänna
485 2452 253 37 barnbidragen
754 2448 199 30 beslutades
968 2447 56 29 vid
1079 2445 80 29 1947
1185 2445 73 29 års
1282 2443 163 28 riksdag
1493 2441 68 29 fick
1578 2441 41 28 de

127 2508 145 38 tidigare
292 2507 266 37 barnbidragen,
579 2506 115 28 såsom
714 2513 87 20 ovan
821 2502 212 32 omnämnts,
1053 2498 252 38 beteckningen
1327 2495 172 31 särskilda
1518 2495 103 28 barn-
