2238 2616
705 162 293 34 Statsutskottets
1020 163 188 33 utlåtande
1228 164 53 32 Nr
1303 162 30 32 7.
1742 162 37 31 19

222 243 123 31 staten
388 238 158 37 allenast
587 239 239 47 därutinnan,
860 244 55 31 att
943 239 295 49 anslagsposten
1268 240 57 36 till
1355 239 272 37 kontrollrådet
1656 240 57 35 för
1741 244 83 31 när-

225 289 163 37 varande
416 295 41 31 är
485 296 196 43 upptagen
711 291 55 36 till
797 292 112 46 3,000
938 291 139 36 kronor
1103 292 58 35 för
1190 295 41 33 år
1259 292 145 37 räknat.

352 393 206 48 Utskottet,
588 407 78 23 som
698 393 82 36 icke
810 393 82 36 haft
921 397 117 45 något
1068 401 53 29 att
1149 395 124 36 erinra
1302 401 78 30 mot
1402 395 244 37 förevarande
1666 395 156 48 förslag,

224 444 227 47 hemställer,

752 536 56 30 att
836 531 206 47 riksdagen
1072 535 61 32 må

753 581 32 47 a)
814 582 206 48 godkänna
1064 582 165 49 följande
1266 589 73 30 stat
1367 583 56 35 för
1452 583 372 48 kontrollstyrelsens

623 632 249 49 avdelningar
913 633 58 36 för
1009 633 214 37 kontrollen
1266 639 90 31 över
1389 634 436 48 tillverkningsavgifter

623 690 98 31 samt
763 685 59 35 för
862 684 635 51 rusdrycksförsäljningsärenden,
1541 692 54 30 att
1635 686 189 48 tillämpas

621 737 83 35 från
733 736 70 36 och
832 736 85 37 med
946 737 72 36 den
1051 740 17 33 1
1094 738 73 49 juli
1200 740 114 34 1923:

1166 823 111 38 Stat.

622 891 236 48 Avlöningar
900 891 56 36 till
992 892 187 36 ordinarie
1207 893 243 48 tjänstemän,

669 944 295 46 fÖYSlAGSANSIAg
997 974 29 5 oo
1046 974 86 5 seerener
1173 974 274 6 rrsrrsrsrrsrarssrnar
1407 939 42 55 anna
1478 944 139 37 kronor
1647 945 163 46 106,000

622 994 458 48 Vikariatsersättningar,
1104 996 292 46 förslagsanslag
1417 1027 28 5 ...
1531 1008 17 24 »
1698 998 113 45 3,100

622 1046 240 48 Avlöningar
903 1047 57 35 till
997 1047 288 37 icke-ordinarie
1313 1047 137 37 befatt-

673 1098 257 48 NiNgshavare
958 1112 48 23 IM.
1038 1112 289 23 Messmer
1356 1131 88 5 rens
1530 1112 17 23 »
1698 1101 112 47 7,500

621 1150 282 37 Kontrollrådet
924 1182 521 5 -snmnmmmmsrssssrsssrssesrrsersnernerene
1425 1146 23 57 oa
1530 1164 18 23 »
1698 1153 112 40 1.500

1120 1205 9 1 -
1137 1205 686 63 Förslagsanslag
1476 1201 146 77 kronor
1645 1205 178 63 118,100;

751 1311 98 32 samt

750 1357 38 48 b)
818 1359 11 35 i
857 1358 201 37 riksstaten
1089 1359 162 49 uppföra
1274 1359 189 36 ordinarie
1484 1359 339 50 förslagsanslaget

619 1408 60 37 till
708 1410 349 46 kontrollstyrelsens
1085 1411 237 46 avdelningar
1342 1413 67 43 för
1428 1412 200 36 kontrollen
1648 1417 80 31 över
1748 1411 74 36 till-

620 1462 358 46 verkningsavgifter
1017 1467 93 32 samt
1128 1465 67 48 för
1221 1464 601 45 rusdrycksförsäljningsärenden

619 1512 85 38 med
735 1515 163 45 118,100
926 1514 150 37 kronor.

351 1633 99 50 24:0)
480 1633 142 50 Kungl.
652 1634 109 49 Maj:t
789 1634 68 38 har
885 1635 199 50 föreslagit
1111 1636 208 49 riksdagen
1345 1636 135 50 (punkt
1500 1636 62 49 27)
1582 1640 54 33 att
1651 1637 58 37 till
1728 1650 95 37 upp-
1848 1653 202 25 Verksamheten

218 1685 253 38 rätthållande
513 1700 46 23 av
599 1686 294 38 verksamheten
935 1690 21 34 å
997 1688 378 50 kontrollstyrelsens
1417 1688 205 50 avdelning
1659 1689 58 36 för
1744 1703 79 23 rus-
1843 1688 73 60 Be
1932 1684 119 68 förta

220 1737 560 50 drycksförsäljningsärenden
821 1739 58 37 för
920 1738 226 50 budgetåret
1188 1742 255 35 1923—1924
1477 1741 131 36 anvisa
1636 1746 54 32 ett
1718 1747 107 31 extra
1860 1732 108 59 "delning
1986 1760 47 31 för

221 1789 134 50 anslag
382 1804 48 22 av
459 1792 139 46 34,000
625 1790 151 37 kronor.
1843 1795 199 40 rusurycksför-

1879 1830 143 31 säljnings-

1886 1866 126 24 ärenden.

349 1895 75 37 För
464 1894 333 50 upprätthållande
840 1909 47 22 av
927 1895 292 38 verksamheten
1247 1899 21 34 å
1293 1895 374 50 kontrollstyrelsens
1696 1896 127 38 avdel-
1858 1890 16 61 =
1901 1900 96 47 [27.]

219 1947 97 49 ning
358 1947 57 37 för
454 1946 622 51 rusdrycksförsäljningsärenden
1106 1948 68 36 har
1202 1951 20 34 å
1250 1954 107 31 extra
1385 1953 75 32 stat
1487 1949 59 36 för
1573 1948 176 37 vartdera
1777 1962 47 24 av

219 2002 91 33 åren
355 2000 249 36 1919—1921
649 1999 170 37 anvisats
861 2000 314 49 förslagsanslag,
1209 2000 128 49 högst,
1378 2003 9 34 å
1417 2001 138 47 35,000
1583 2000 150 37 kronor.
1789 1992 34 45 Å

221 2052 99 35 1922
364 2054 59 34 års
465 2051 157 36 riksstat
661 2051 208 50 uppfördes
911 2051 59 37 för
998 2052 198 37 enahanda
1224 2052 174 37 ändamål
1426 2057 56 32 ett
1510 2052 311 50 förslagsanslag,

218 2102 127 49 högst,
374 2103 141 47 47,000
542 2103 151 36 kronor.

292 2179 3 3 «
348 2155 76 37 För
464 2154 118 37 första
622 2155 171 37 halvåret
837 2157 97 35 1923
977 2159 41 33 är
1052 2155 105 37 detta
1186 2156 136 48 anslag
1349 2155 184 38 beräknat
1560 2156 96 37 efter
1683 2160 55 33 ett
1764 2153 59 40 till

219 2208 141 45 42,000
402 2207 140 36 kronor
582 2220 60 23 om
673 2210 82 34 året
782 2207 149 38 nedsatt
958 2207 138 50 belopp
1125 2213 99 32 samt
1252 2208 103 50 förty
1382 2213 188 45 upptaget
1596 2208 58 37 till
1684 2207 139 49 21,000

219 2258 151 38 kronor:
1461 2284 2 2 |
