2245 2671
433 213 19 30 2
657 213 107 30 Andra
787 213 204 31 Kammarens
1018 212 177 41 Tillfälliga
1222 214 136 31 Utskotts
1380 213 61 40 (Nr
1462 214 35 37 2)
1523 214 163 31 Utlåtande
1708 215 47 30 Nr
1777 214 50 31 47.

539 294 201 45 Utskottet,
786 306 75 24 som
905 294 121 36 finner
1067 295 72 35 den
1181 294 12 36 i
1222 294 188 37 motionen
1439 296 153 53 anförda
1621 295 271 48 motiveringen
1921 296 111 47 högst

432 349 285 44 beaktansvärd,
762 350 68 34 har
871 362 132 34 genom
1048 349 152 36 anförda
1240 355 67 30 rön
1348 350 83 36 från
1471 337 99 50 olika
1599 349 222 46 landsdelar,
1853 350 177 37 särskildt

432 404 124 35 städer
584 404 69 35 och
682 378 269 70 industriorter,
983 404 70 36 fått
1081 404 217 48 ytterligare
1327 404 269 46 konstateradt,
1629 408 54 33 att
1712 405 63 35 det
1802 418 51 23 nu
1881 405 56 36 för
1957 406 72 35 alla

430 459 70 35 lätt
527 457 236 48 tillgängliga
792 458 68 36 och
889 433 129 73 billiga
1048 459 269 35 denaturerade
1345 459 235 45 brännvinet,
1602 459 71 36 hur
1691 459 140 48 vidrigt
1850 460 68 36 och
1945 472 84 24 ona-

430 513 132 46 turligt
590 517 54 31 att
673 512 136 37 förtära
839 513 62 35 det
930 518 47 30 än
1005 513 75 35 kan
1110 526 98 32 vara,
1238 513 160 37 faktiskt
1424 514 121 50 börjat
1574 517 53 33 att
1657 514 66 36 allt
1752 527 77 23 mer
1858 516 67 34 och
1953 527 76 23 mer

432 568 191 36 användas
663 579 76 24 som
775 567 357 47 berusningsmedel.
1189 568 272 36 Erfarenheten
1489 570 68 35 har
1586 569 111 35 också
1726 569 106 44 visat,
1865 572 54 33 att
1945 569 83 36 icke

430 622 94 36 blott
565 622 117 35 redan
725 622 106 48 djupt
863 622 161 48 sjunkna
1054 623 240 35 alkoholister
1326 629 92 30 utan
1447 624 109 37 äfven
1586 620 122 39 andra
1731 623 108 36 däraf
1863 623 167 48 förgiftat

431 677 57 45 sig
533 677 69 33 och
640 677 84 33 med
752 676 211 35 förfärande
992 677 189 45 hastighet
1208 677 70 36 fått
1306 678 57 35 sin
1392 678 105 36 hälsa
1526 677 236 48 fullständigt
1789 679 238 46 undergräfd,

433 730 68 35 och
531 732 53 33 att
613 730 157 34 sålunda
800 730 121 35 denna
949 730 92 35 form
1072 730 40 35 af
1137 730 333 47 spritkonsumtion
1503 732 107 35 hotar
1639 735 54 32 att
1720 732 52 34 bli
1793 744 46 22 en
1860 733 169 45 allvarlig

430 784 89 35 fara.
577 784 192 36 Utskottet
812 796 107 23 anser
953 784 167 45 sålunda,
1165 788 54 32 att
1262 786 172 46 åtgärder
1461 785 14 36 i
1500 785 206 37 motionens
1737 785 95 48 syfte
1861 785 89 37 böra
1980 808 46 3 —

431 838 79 35 lika
539 837 60 37 väl
629 850 76 23 som
736 838 218 48 skyddande
983 839 104 46 lagar
1115 842 76 32 mot
1219 839 185 36 missbruk
1434 841 39 34 af
1499 841 114 34 andra
1641 840 56 35 för
1724 840 137 36 folkets
1889 840 46 35 lif
1961 841 69 35 och

431 893 105 34 hälsa
566 892 171 46 skadliga
767 897 135 30 ämnen
931 914 47 3 —
1009 896 132 44 utgöra
1177 896 53 33 ett
1257 893 181 48 naturligt
1465 895 61 35 led
1554 894 14 35 i
1595 894 304 47 lagstiftningens
1926 895 103 35 sträf-

430 959 73 23 van
533 949 54 32 att
615 948 46 45 på
691 946 72 35 alla
793 947 175 35 områden
997 947 183 47 begränsa
1209 947 289 37 alkoholismens
1526 948 237 47 utbredning.

536 1000 69 44 Då,
651 1000 122 37 såvidt
814 1001 184 35 utskottet
1034 1001 68 35 har
1140 1001 56 47 sig
1225 1001 150 46 bekant,
1406 1005 114 45 något
1549 1002 408 47 denatureringsmedel
1986 1024 43 3 —

431 1058 47 44 på
508 1067 46 23 en
582 1057 100 44 gång
709 1055 86 35 fullt
824 1055 169 36 effektivt
1021 1056 69 35 och
1119 1055 168 48 omöjligt
1316 1059 54 33 att
1397 1069 44 23 ur
1468 1057 225 36 brännvinet
1712 1057 166 46 aflägsna
1897 1056 13 36 i
1931 1057 96 47 syfte

432 1112 53 32 att
527 1114 89 42 göra
653 1110 202 34 detsamma
883 1109 167 48 njutbart
1078 1112 119 34 såsom
1228 1111 117 47 dryck
1375 1133 47 3 —
1453 1111 82 36 icke
1566 1116 39 30 är
1632 1110 119 36 kändt
1780 1111 90 35 eller
1899 1111 129 35 åtmin-

430 1166 105 32 stone
577 1163 83 35 icke
703 1163 154 35 kommit
894 1164 13 34 i
949 1163 187 47 praktiskt
1177 1164 106 45 bruk,
1315 1167 39 33 så
1383 1166 120 35 finner
1531 1165 192 44 utskottet,
1755 1165 13 35 i
1795 1165 120 35 likhet
1944 1166 84 35 med

430 1217 101 36 hvad
560 1216 229 36 motionären
818 1218 222 44 framhåller,
1073 1221 53 33 att
1156 1219 221 46 åtgärderna
1405 1219 58 36 till
1491 1220 265 35 förhindrande
1786 1220 39 34 af
1841 1219 186 36 missbruk

429 1271 41 35 af
509 1271 72 35 den
624 1271 269 36 denaturerade
936 1272 140 47 spriten
1117 1276 165 32 närmast
1324 1275 116 33 måste
1473 1273 158 36 inriktas
1660 1275 46 45 på
1735 1273 161 36 kontroll
1926 1273 102 36 öfver

430 1325 83 35 dess
556 1325 220 48 försäljning
818 1325 13 35 i
874 1325 128 36 minut.
1060 1327 59 34 En
1159 1327 116 35 sådan
1304 1327 161 36 kontroll
1492 1328 76 35 kan
1596 1328 134 35 tänkas
1760 1328 192 35 anordnad
1980 1330 46 45 på

430 1382 136 44 många
609 1382 82 41 sätt,
737 1379 69 35 och
847 1380 183 36 utskottet
1072 1380 64 36 vill
1179 1380 94 36 blott
1315 1381 129 47 påvisa
1471 1384 131 45 några:
1633 1386 51 31 att
1712 1381 145 36 minska
1887 1382 141 35 antalet

428 1432 376 48 försäljningsställen
846 1434 57 35 till
946 1437 53 32 ett
1031 1434 91 36 fåtal
1150 1435 13 34 i
1192 1436 173 34 städerna
1394 1436 69 35 och
1491 1437 110 46 högst
1630 1439 53 33 ett
1710 1436 13 34 i
1751 1436 128 48 hvarje
1908 1436 119 35 landt-

429 1487 193 45 kommun;
660 1491 50 32 att
738 1488 137 46 köpare
904 1488 67 35 har
1000 1491 53 32 att
1080 1489 125 35 lämna
1233 1489 162 47 skriftlig
1423 1489 236 46 rekvisition;
1690 1494 51 32 att
1769 1489 132 48 säljare
1931 1490 96 36 skall

429 1553 88 23 vara
560 1541 150 47 skyldig
751 1542 78 34 föra
872 1554 46 22 en
960 1542 142 46 liggare
1139 1544 84 34 med
1251 1543 148 47 uppgift
1428 1545 193 45 angående
1650 1544 104 36 såväl
1781 1543 139 48 köpare
1949 1556 77 23 som

428 1593 129 49 hvarje
586 1597 99 44 gång
713 1595 139 35 försåld
880 1595 202 46 kvantitet;
1113 1600 51 32 att
1190 1596 56 36 för
1274 1597 270 47 försäljningen
1573 1610 46 23 en
1648 1597 76 36 viss
1744 1597 284 47 minimimängd

427 1648 240 43 bestämmes;
703 1653 50 31 att
780 1649 241 36 innehafvare
1051 1649 40 36 af
1115 1653 115 33 större
1259 1651 187 36 kvantitet
1469 1651 101 36 skall
1597 1651 64 37 vid
1689 1651 232 36 vitesansvar
1940 1664 87 24 vara

429 1702 151 47 skyldig
610 1706 53 31 att
691 1702 146 36 förvara
862 1703 141 46 spriten
1031 1704 120 35 under
1178 1705 70 44 lås;
1279 1708 95 32 samt
1403 1709 50 31 att
1479 1705 294 46 förvaringskärl
1802 1706 107 35 alltid
1929 1705 97 36 skall

429 1768 88 23 vara
546 1755 140 36 försedt
715 1757 82 34 med
826 1757 120 47 tydlig
976 1756 133 37 etikett
1138 1770 56 23 om
1225 1771 134 23 varans
1388 1762 111 32 natur
1527 1760 69 34 och
1626 1759 214 47 skadlighet
1870 1772 30 23 o.
1932 1772 28 23 s.
1991 1772 33 24 v.

535 1810 18 34 I
583 1809 192 48 Tyskland
804 1810 256 45 förekommer,
1093 1811 119 47 enligt
1239 1813 99 35 hvad
1366 1812 183 37 utskottet
1568 1813 195 43 inhämtat,
1789 1814 56 34 för
1864 1813 163 36 kontroll

430 1863 103 37 öfver
556 1864 220 48 försäljning
806 1865 40 35 af
871 1865 247 36 denaturerad
1147 1865 102 47 sprit,
1272 1867 72 35 den
1358 1866 297 45 bestämmelsen,
1672 1870 54 33 att
1742 1867 129 49 hvarje
1887 1867 138 48 köpare

428 1917 97 35 skall
552 1917 82 35 från
659 1920 124 45 någon
811 1919 231 47 myndighet,
1074 1921 260 35 motsvarande
1363 1921 194 47 magistrat
1584 1921 13 35 i
1617 1922 82 35 stad
1716 1922 68 35 och
1798 1922 229 35 kommunal-

427 1972 140 34 nämnd
609 1974 47 44 på
698 1972 138 44 landet,
872 1973 115 35 förete
1016 1973 108 48 intyg
1153 1986 57 23 om
1241 1975 57 35 sin
1326 1974 221 48 behörighet
1574 1976 57 35 för
1658 1976 76 35 viss
1762 1975 56 36 tid
1848 1979 54 33 att
1928 1976 98 47 köpa

427 2025 69 35 och
524 2026 214 35 handhafva
768 2039 46 22 en
843 2027 75 35 viss
948 2027 225 48 myckenhet
1197 2028 40 35 af
1261 2041 125 31 varan,
1417 2029 155 36 hvilken
1600 2029 260 36 bestämmelse
1880 2031 13 35 i
1911 2033 114 44 något

428 2079 216 36 modifierad
686 2080 92 35 form
822 2081 126 35 kunde
987 2081 134 36 tänkas
1164 2083 154 47 lämplig
1348 2082 14 36 i
1391 2085 80 34 vårt
1498 2083 90 36 land
1619 2086 55 34 att
1703 2084 93 36 efter
1828 2084 196 36 kommuns

428 2136 85 43 eget
541 2133 278 36 bestämmande
849 2135 98 35 inom
980 2136 213 35 densamma
1222 2137 115 36 blifva
1366 2137 184 46 gällande.

533 2186 20 36 I
589 2186 120 37 likhet
738 2189 83 35 med
852 2189 229 36 motionären
1111 2189 65 37 vill
1204 2191 183 35 utskottet
1414 2191 57 36 till
1501 2191 67 36 sist
1595 2191 207 45 framhålla,
1835 2195 53 32 att
1917 2193 107 35 dessa

426 2240 182 36 tänkbara
651 2243 171 45 åtgärder
863 2243 58 34 till
962 2243 162 36 kontroll
1157 2248 75 32 mot
1262 2244 187 37 missbruk
1478 2245 40 35 af
1544 2246 247 36 denaturerad
1821 2246 92 47 sprit
1940 2246 84 36 icke

425 2294 37 35 få
490 2295 164 36 försvåra
684 2296 209 35 åtkomsten
923 2297 40 35 af
988 2298 72 35 den
1088 2298 56 36 för
1172 2298 184 45 industri-,
1387 2299 244 37 handtverks-
1661 2300 68 35 och
1758 2300 267 36 hushållsbruk
