2238 2636
740 159 250 33 Statsutskottets
1012 155 163 33 utlåtande
1199 154 52 31 Nr
1274 155 30 30 2.
1746 148 36 30 11

362 241 129 38 Under
533 239 232 47 hänvisning
805 237 56 36 till
903 236 73 36 vad
1018 234 181 36 utskottet
1239 231 120 36 under
1399 228 123 50 punkt
1564 229 19 33 6
1623 227 66 36 här
1730 238 97 23 ovan

233 294 126 37 anfört
386 292 233 38 beträffande
647 291 199 48 ifrågasatt
874 287 163 48 höjning
1065 299 46 22 av
1140 282 198 38 enahanda
1366 281 135 45 anslag
1519 294 11 21 i
1552 278 95 36 Svea
1666 278 161 45 hovrätt,

234 346 55 36 får
316 345 186 37 utskottet
530 342 210 46 hemställa,

764 432 53 31 att
846 425 142 47 Kungl.
1018 423 128 46 Maj:ts
1176 419 247 38 förevarande
1449 416 280 47 framställning
1748 414 83 35 icke

634 483 60 32 må
722 492 46 22 av
796 477 203 47 riksdagen
1028 474 159 36 bifallas.

369 601 97 48 13:0)
521 600 64 37 Uti
625 599 121 49 punkt
790 599 43 33 13
876 596 68 35 har
986 594 140 47 Kungl.
1169 592 107 48 Maj:t
1318 588 196 49 föreslagit
1546 587 203 49 riksdagen
1777 590 55 31 att

366 654 74 35 dels
481 652 58 36 för
579 648 303 51 möjliggörande
911 660 46 22 av
986 645 156 48 delning
1170 657 47 23 av
1244 641 172 38 Villands
1444 640 72 36 och
1545 631 110 44 Östra
1684 637 149 48 Göinge

240 706 185 46 domsaga
466 702 168 46 sålunda,
677 707 56 30 att
775 699 169 50 Villands
993 696 115 37 härad
1148 695 123 36 bildar
1312 706 46 23 en
1404 692 193 47 domsaga,
1644 687 189 51 benämnd

238 756 170 37 Villands
449 755 192 47 domsaga,
684 753 68 36 och
795 750 111 37 Östra
947 748 152 48 Göinge
1126 747 116 36 härad
1270 759 46 23 en
1345 744 194 47 domsaga,
1568 741 123 37 kallad
1720 732 114 44 Östra

239 806 152 50 Göinge
428 807 193 46 domsaga,
663 805 73 35 öka
773 803 171 47 anslaget
971 801 57 36 till
1056 800 198 36 hovrätten
1284 802 90 31 över
1403 794 123 37 Skåne
1554 794 70 36 och
1652 792 182 47 Blekinge

240 859 83 37 med
352 859 189 36 därunder
569 856 163 50 lydande
756 854 222 50 justitiestat
1003 851 87 37 med
1117 850 114 47 4,500
1260 850 152 43 kronor,

368 912 76 34 dels
472 911 61 34 ock
558 907 182 37 fastställa
768 904 443 46 avlöningsförmånerna
1238 901 59 35 för
1326 896 405 48 häradshövdingarna
1759 894 11 36 i
1790 894 45 36 de

239 963 227 48 ifrågasatta
493 961 97 36 båda
618 959 251 47 domsagorna
897 955 174 36 sålunda:

370 1014 60 35 för
457 1010 361 47 häradshövdingen
845 1009 13 35 i
885 1006 173 38 Villands
1087 1006 201 46 domsaga:

240 1101 65 36 ÖN
316 1132 20 4 oe
348 1131 47 5 orena
403 1122 807 13 sasoronnannonnnnnnnnenan
726 1092 42 56 SSE
778 1092 155 56 SSEEENANSEDSIG
939 1092 22 56 AS
974 1092 43 56 NNSE
1037 1092 71 56 Nr
1139 1092 74 56 arr
1241 1090 114 47 4,500
1383 1089 140 35 kronor

242 1149 496 52 tjänstgöringspenningar
781 1174 434 9 —=.sseeeseeeeeeeeeee
1249 1142 111 55 1,100
1440 1152 18 23 -»
1546 1148 111 46 —-5,600
1685 1145 152 46 kronor,

372 1216 99 32 samt
499 1211 57 36 för
584 1207 360 47 häradshövdingen
972 1205 12 36 i
1012 1198 112 44 Östra
1153 1202 151 48 Göinge
1332 1201 203 47 domsaga:

242 1265 31 36 ÅÖ
286 1256 25 55 Dl
309 1286 904 14 sosransnnnsmensnsdsneerer
671 1256 80 55 anser
753 1256 173 55 inussnsnsanenne
939 1256 52 55 mona
1001 1256 35 55 se
1059 1256 156 55 BARA
1243 1254 113 46 4,500
1386 1253 139 35 kronor

243 1314 497 50 tjänstgöringspenningar
777 1338 435 8 .meeeeesseeseeeeemwww
1247 1306 110 44 1,000
1437 1316 18 23 =»
1547 1312 111 46 5.500
1690 1310 147 35 kronor.

374 1404 236 50 Beträffande
649 1391 253 63 utredningen
943 1404 12 35 i
997 1402 152 37 ärendet
1191 1401 57 35 får
1286 1400 186 36 utskottet
1500 1397 158 37 hänvisa
1685 1395 57 36 till
1770 1394 68 37 sid.

246 1463 149 36 35—37
426 1461 12 36 i
466 1457 425 51 statsrådsprotokollet.

376 1582 205 47 Utskottet,
624 1593 80 23 som
741 1579 125 36 funnit
903 1577 72 37 den
1005 1577 11 36 i
1045 1574 155 38 ärendet
1229 1572 217 48 förebragta
1474 1569 255 51 utredningen
1757 1567 85 50 tyd-

246 1636 105 48 ligen
379 1635 89 48 giva
494 1633 65 36 vid
587 1632 161 46 handen,
778 1636 52 31 att
858 1630 64 36 det
942 1626 288 39 domhavanden
1249 1625 12 36 i
1278 1623 174 38 Villands
1473 1623 70 36 och
1563 1612 111 46 Östra
1694 1619 149 47 Göinge

247 1687 185 48 domsaga
460 1684 204 50 åliggande
693 1683 143 36 arbetet
864 1687 42 30 är
934 1694 47 23 av
1009 1680 72 36 den
1109 1677 243 47 omfattning,
1382 1681 54 30 att
1456 1674 63 36 det
1536 1674 82 36 icke
1637 1672 207 49 lämpligen

247 1739 75 36 kan
349 1739 129 36 skötas
507 1750 46 23 av
581 1749 47 23 en
656 1735 164 45 domare,
850 1746 110 23 anser
988 1732 61 48 sig
1077 1731 91 36 böra
1195 1728 194 49 tillstyrka
1417 1727 72 36 den
1508 1739 46 23 av
1575 1724 140 48 Kungl.
1736 1723 109 49 Maj:t

248 1791 58 36 för
347 1788 292 38 arbetsbördans
681 1785 164 38 lättande
887 1785 215 47 föreslagna
1143 1780 205 49 delningen
1391 1791 46 23 av
1468 1777 221 49 domsagan,
1718 1775 127 36 vilken

249 1841 134 50 åtgärd
424 1841 135 36 vunnit
594 1838 218 48 anslutning
845 1836 103 37 såväl
975 1836 84 36 från
1086 1834 46 36 de
1159 1833 13 36 i
1200 1831 155 38 ärendet
1383 1830 119 36 hörda
1529 1823 316 58 myndigheterna

249 1907 81 24 som
360 1893 84 36 från
473 1898 160 31 orterna.

380 1945 79 36 Mot
500 1944 46 36 de
587 1943 59 36 för
685 1940 282 38 vederbörande
1001 1936 354 48 häradsbövdingar
1382 1934 215 47 föreslagna
1625 1930 220 49 avlönings-

249 1997 192 49 beloppen
469 1996 68 36 har
565 1995 184 36 utskottet
775 1993 83 36 icke
885 1992 82 36 haft
994 1994 118 45 något
1141 1994 54 31 att
1223 1988 133 36 erinra.

380 2048 197 38 Utskottet
604 2047 57 36 får
688 2045 158 38 sålunda
873 2043 210 43 hemställa,

781 2154 55 31 att
862 2147 208 48 riksdagen
1098 2148 61 34 må

762 2200 54 50 a)
856 2200 59 36 för
956 2196 305 51 möjliggörande
1303 2209 46 22 av
1394 2193 157 49 delning
1591 2206 45 22 av
1676 2190 173 37 Villands

653 2255 69 36 och
751 2253 110 37 Östra
890 2251 151 48 Göinge
1067 2250 183 47 domsaga
1274 2246 170 47 sålunda,
1468 2250 54 31 att
1543 2243 170 38 Villands
1732 2241 117 37 härad

1874 594 109 29 Delning
2002 600 31 16 av

1864 628 120 35 Villands
2002 628 46 23 och

1854 664 75 23 Östra
1961 662 97 31 Göinge

1891 698 126 30 domsaga.

1912 732 94 47 [13.]

1898 1584 138 24 Utskottets

1896 1619 131 31 yttrande.
