1844 2780
283 149 42 30 32
620 148 298 36 Statsutskottets
936 151 186 35 utlåtande
1141 165 44 21 nr
1203 156 66 38 124
1289 155 39 33 år
1347 157 90 31 1957

331 228 69 42 6:0)
429 228 199 35 Tekniska
646 229 222 44 högskolan
885 231 14 33 i
918 231 247 35 Stockholm:
1187 234 331 44 Nyanskaffning
1536 246 51 23 av
1605 246 167 34 appara-

285 281 62 32 ter
365 290 51 24 m.
436 291 51 24 m.
507 281 131 43 Kungl.
657 283 111 42 Maj:t
787 284 65 34 har
874 284 130 43 (punkt
1025 289 76 37 163,
1121 298 26 22 s.
1169 289 194 41 341-—343)
1387 288 178 43 föreslagit
1585 289 185 44 riksdagen

285 338 54 28 att
363 333 53 35 till
441 334 100 34 detta
565 336 164 34 ändamål
754 336 53 35 för
832 338 211 43 budgetåret
1069 340 156 43 1957/58
1251 341 123 34 anvisa
1398 347 53 28 ett
1476 343 294 34 reservationsan-

283 387 74 42 slag
378 399 46 22 av
447 391 98 31 1200
560 393 65 30 000
645 390 139 35 kronor.

328 493 18 33 I
368 494 173 35 samband
562 496 145 34 härmed
729 497 64 34 har
814 498 178 34 utskottet
1015 500 52 33 till
1089 500 214 44 behandling
1324 501 154 35 förehaft
1501 503 42 35 de
1565 503 10 33 i
1598 504 60 33 det
1681 503 87 35 före-

280 546 134 42 gående
441 548 110 33 under
576 550 161 41 punkten
765 554 19 30 3
811 551 153 42 angivna
990 553 221 34 motionerna
1237 555 29 32 I:
1284 558 61 30 121
1375 556 66 33 och
1468 556 49 34 II:
1534 560 76 36 130,
1636 557 11 33 i
1674 558 95 33 vilka

282 600 210 41 hemställts,
513 603 110 33 såvitt
644 604 65 33 här
729 607 38 31 är
788 606 10 33 i
820 605 110 43 fråga,
952 611 56 29 att
1028 607 186 43 riksdagen
1236 612 112 31 måtte
1371 609 123 34 anvisa
1516 610 52 34 till
1590 611 179 34 Tekniska

284 653 195 43 högskolan
505 655 11 33 i
542 655 215 36 Stockholm:
784 658 292 45 Nyanskaffning
1102 673 46 21 av
1175 667 189 37 apparater
1389 676 47 21 m.
1463 676 47 22 m.
1537 669 54 28 ett
1618 677 151 21 reserva-

283 706 217 45 tionsanslag
528 721 45 22 av
603 713 99 31 1200
715 714 65 31 000
809 712 140 41 kronor,
978 713 111 34 därav
1117 717 19 30 5
1152 718 65 30 000
1246 716 130 33 kronor
1404 721 56 29 att
1489 718 176 34 avräknas
1691 724 77 28 mot

282 761 465 37 automobilskattemedlen.

331 842 185 35 Utskottet
539 844 194 43 tillstyrker
754 845 98 34 bifall
878 846 53 34 till
954 846 131 43 Kungl.
1110 847 128 43 Maj:ts
1264 849 111 34 under
1398 849 230 35 förevarande
1652 852 116 42 punkt

282 895 222 35 framställda
523 896 129 44 förslag
670 903 92 29 samt
782 899 187 42 avstyrker
987 900 81 34 med
1086 901 213 44 hänvisning
1317 902 53 35 till
1391 903 69 34 vad
1480 905 178 33 utskottet
1678 905 10 33 i
1708 906 60 33 det

278 947 209 44 föregående
513 950 111 33 under
649 951 161 42 punkten
836 956 19 30 3
884 952 118 34 anfört
1028 954 148 34 rörande
1202 956 243 41 nyssnämnda
1469 957 174 35 motioner
1669 958 98 35 bifall

282 1002 52 33 till
354 1002 192 42 desamma,
565 1004 11 33 i
596 1005 69 33 vad
686 1005 42 34 de
747 1017 83 23 avse
850 1006 268 43 ifrågavarande
1138 1009 132 43 anslag.

325 1055 190 35 Utskottet
531 1057 201 35 hemställer
751 1059 114 40 alltså,

644 1116 56 29 att
722 1112 186 43 riksdagen
932 1114 70 39 må,
1025 1114 81 34 med
1130 1114 98 35 bifall
1254 1115 51 34 till
1329 1116 133 43 Kungl.
1486 1117 128 43 Maj:ts
1638 1118 129 44 förslag

598 1165 65 33 och
682 1165 80 33 med
781 1166 122 42 avslag
921 1167 20 33 å
960 1166 220 35 motionerna
1198 1168 29 33 I:
1244 1172 61 29 121
1327 1170 66 33 och
1412 1170 50 33 II:
1479 1174 75 38 130,
1574 1172 110 33 såvitt
1702 1172 64 34 här

598 1220 39 30 är
652 1218 10 33 i
680 1217 109 43 fråga,
806 1219 53 34 till
880 1219 176 35 Tekniska
1071 1220 194 42 högskolan
1282 1222 13 34 i
1309 1222 222 36 Stockholm:
1546 1224 218 44 Nyanskaff-

595 1270 83 42 ning
698 1282 45 22 av
763 1276 191 37 apparater
971 1285 107 21 m.m.
1098 1273 55 34 för
1172 1274 212 43 budgetåret
1405 1276 156 44 1957/58
1583 1279 110 33 under
1712 1280 52 33 åt-

594 1324 108 33 tonde
753 1324 229 36 huvudtiteln
1033 1327 124 36 anvisa
1206 1333 54 29 ett
1311 1330 357 45 reservationsanslag
1719 1345 46 22 av

597 1380 15 29 1
629 1380 66 31 200
710 1381 65 30 000
794 1379 141 34 kronor.

323 1446 70 42 7:0)
421 1447 200 35 Tekniska
651 1449 223 43 högskolan
904 1451 14 34 i
949 1451 247 36 Stockholm:
1230 1454 209 44 Bokinköp
1470 1456 74 34 och
1574 1457 189 35 bokbind-

278 1500 96 43 ning
399 1501 67 33 för
491 1501 242 43 högskolans
760 1503 204 36 bibliotek.
990 1505 18 33 I
1035 1506 153 43 enlighet
1214 1508 81 33 med
1321 1508 133 43 Kungl.
1481 1509 128 43 Maj:ts
1635 1506 129 52 förslag

280 1553 130 42 (punkt
434 1557 76 37 164,
532 1567 26 21 s.
582 1555 95 41 343),
699 1556 109 35 vilket
832 1558 146 34 innebär
1000 1571 42 21 en
1065 1560 287 44 anslagshöjning
1373 1563 81 33 med
1480 1566 40 30 10
1535 1567 65 30 000
1623 1564 139 41 kronor,

274 1606 203 34 hemställer
497 1608 189 41 utskottet,

638 1667 55 29 att
717 1662 186 44 riksdagen
927 1666 60 33 må
1010 1665 53 34 till
1090 1666 176 35 Tekniska
1290 1667 194 44 högskolan
1508 1670 13 34 i
1542 1670 219 36 Stockholm:

590 1715 188 43 Bolkinköp
809 1717 66 33 och
908 1717 241 44 bokbindning
1179 1720 56 41 för
1264 1720 213 43 högskolans
1508 1722 169 36 bibliotek
1706 1725 54 34 för

592 1768 210 43 budgetåret
828 1770 155 43 1957/58
1007 1772 110 34 under
1140 1774 148 34 åttonde
1310 1775 229 36 huvudtiteln
1563 1778 122 34 anvisa
1708 1784 52 29 ett

591 1822 358 45 reservationsanslag
969 1837 45 22 av
1039 1829 63 31 120
1117 1830 66 31 000
1203 1828 140 35 kronor.

319 1897 69 41 8:o)
417 1897 200 35 Tekniska
631 1898 223 44 högskolan
869 1901 14 33 i
900 1900 246 37 Stockholm:
1165 1904 247 45 Resebidrag
1428 1906 62 34 till
1506 1907 252 36 studerande.

273 1949 18 32 I
308 1949 154 43 enlighet
478 1952 80 33 med
576 1951 131 43 Kungl.
725 1952 128 42 Maj:ts
872 1953 129 44 förslag
1021 1955 131 43 (punkt
1171 1960 76 37 165,
1265 1969 26 24 s.
1310 1959 96 42 344),
1424 1959 110 34 vilket
1552 1960 147 35 innebär
1715 1973 43 22 en

273 2002 287 44 anslagshöjning
578 2005 81 33 med
679 2008 19 30 2
714 2009 64 30 000
798 2006 140 41 kronor,
958 2008 202 35 hemställer
1179 2011 189 41 utskottet,

634 2063 55 28 att
713 2059 187 43 riksdagen
923 2062 59 33 må
1006 2061 53 35 till
1086 2062 176 36 Tekniska
1286 2064 195 43 högskolan
1504 2067 13 33 i
1539 2067 219 36 Stockholm:

586 2111 216 43 Resebidrag
829 2113 52 33 till
907 2114 213 34 studerande
1147 2115 53 34 för
1226 2117 211 43 budgetåret
1465 2120 156 43 1957/58
1647 2122 111 34 under

588 2165 147 33 åttonde
760 2166 230 34 huvudtiteln
1017 2169 122 33 anvisa
1167 2174 53 29 ett
1247 2171 122 43 anslag
1395 2184 46 21 av
1470 2176 41 31 18
1525 2177 66 31 000
1617 2175 139 35 kronor.

314 2241 54 31 9:o
405 2239 200 35 Tekniska
627 2241 223 43 högskolan
873 2243 14 33 i
912 2242 246 37 Stockholm:
1185 2246 215 44 Inredning
1425 2248 74 34 och
1523 2251 232 44 utrustning

270 2301 51 23 av
338 2301 81 33 nya
436 2292 162 35 lokaler.
616 2294 19 33 I
653 2295 152 42 enlighet
823 2297 82 33 med
923 2297 131 43 Kungl.
1072 2298 130 43 Maj:ts
1220 2299 130 44 förslag
1370 2301 132 43 (punkt
1522 2306 75 38 166,
1616 2316 26 22 s.
1662 2306 94 40 344),

270 2344 110 34 vilket
407 2345 147 35 innebär
581 2359 42 22 en
652 2349 342 45 anslagsminskning
1020 2352 81 34 med
1131 2356 64 30 162
1211 2357 66 31 000
1303 2354 140 41 kronor,
1471 2356 202 35 hemställer
1700 2363 55 29 ut-

268 2394 147 69 skottet,
632 2423 56 30 att
711 2420 186 43 riksdagen
921 2423 60 33 må
1004 2422 52 34 till
1084 2423 177 35 Tekniska
1284 2425 196 43 högskolan
1503 2429 12 34 i
1536 2428 219 35 Stockholm:

587 2471 155 44 1957/538
760 2474 110 33 under
887 2475 147 33 åttonde
1050 2476 229 35 huvudtiteln
1296 2479 123 34 anvisa
1436 2484 53 29 ett
1507 2482 245 35 reservdtions-

584 2526 121 42 anslag
726 2538 45 21 av
796 2530 98 31 1338
909 2532 66 30 000
996 2529 139 35 kronor.
