2224 2630
493 125 118 32 Andra
634 126 200 32 kaommarens
854 125 95 41 femte
972 126 162 41 tillfälliga
1156 126 133 31 utskotts
1311 126 162 32 utlåtande
1497 126 52 32 Nr
1571 127 52 31 10.
1736 127 36 30 17

229 206 184 35 debatten
453 205 105 47 gifna
598 205 217 48 förklaring
856 206 125 47 afsågs
1023 206 157 36 därmed
1214 206 74 36 icke
1315 206 234 47 garanterad
1576 207 239 35 neutralitet.

228 258 200 37 Motionen
456 257 80 36 blef
560 258 213 36 emellertid
801 258 42 35 af
866 258 226 36 kammaren
1120 257 181 48 afslagen.

358 309 151 37 Samma
550 310 70 35 öde
648 312 111 33 rönte
789 322 47 23 en
864 310 42 35 af
928 310 90 35 herr
1045 310 43 36 A.
1118 310 123 36 Hedin
1269 322 49 24 m.
1347 310 36 35 fl.
1413 310 65 35 vid
1509 312 96 34 1899
1631 312 61 34 års
1719 310 98 35 riks-

229 361 75 47 dag
344 361 106 36 inom
490 362 130 35 Andra
647 362 226 35 kammaren
901 362 118 36 väckt
1045 362 161 45 motion,
1235 362 112 36 hvari
1375 361 98 37 efter
1500 374 46 23 en
1575 362 242 47 synnerligen

227 413 161 47 utförlig
430 413 72 36 och
542 413 188 36 värdefull
769 414 234 46 motivering
1041 413 258 46 hemställdes,
1329 416 60 33 att
1428 413 220 47 Riksdagen
1687 414 130 36 ville
1797 409 25 55 i

228 464 198 37 skrifvelse
459 465 62 36 till
546 465 139 47 Kungl.
714 465 112 47 Maj:t
854 465 165 45 anhålla,
1049 468 60 33 att
1137 465 137 47 Kungl.
1304 465 112 47 Maj:t
1443 465 197 47 behagade
1668 470 149 31 snarast

226 516 130 36 inleda
381 516 294 48 förhandlingar
703 517 197 47 angående
925 517 95 36 aftal
1039 517 141 36 mellan
1199 517 164 47 Sverige,
1383 518 127 46 Norge
1530 517 71 36 och
1620 518 197 35 Danmark

229 580 61 24 om
331 580 48 24 en
420 569 175 35 samfälld
635 568 247 37 deklaration
922 569 62 36 till
1026 569 124 47 öfriga
1189 569 165 45 makter,
1383 569 250 46 hvarigenom
1674 570 46 34 de
1757 573 59 32 tre

228 620 300 36 skandinaviska
569 624 172 32 staterna
782 620 220 36 förklarade
1044 621 58 46 sig
1137 621 61 35 för
1224 621 238 46 principiellt
1490 621 72 35 och
1589 625 228 42 permanent

226 672 188 36 neutrala.
470 674 56 34 Då
553 673 64 35 vid
645 672 199 36 motionen
872 673 112 35 äfven
1012 672 127 47 fogats
1167 685 46 23 en
1231 672 230 36 hemställan
1481 685 62 23 om
1563 675 58 33 ett
1639 673 177 46 förslags-

227 724 134 47 anslag
402 726 22 34 å
468 727 134 43 10,000
645 724 146 36 kronor
832 725 61 35 för
934 737 47 23 en
1017 724 204 36 konferens
1250 724 41 36 af
1316 725 226 46 delegerade
1569 724 86 36 från
1683 725 45 35 de
1757 729 59 31 tre

226 775 302 37 skandinaviska
568 776 196 46 länderna,
794 776 227 36 hänvisades
1061 777 220 35 densamma
1313 776 62 36 till
1403 776 303 46 statsutskottet,
1735 789 81 23 som

226 827 98 36 efter
364 840 47 23 en
452 828 238 46 folkrättslig
730 828 235 47 motivering
992 828 239 46 hemställde,
1260 831 59 33 att
1347 828 230 46 Riksdagen,
1607 829 122 35 under
1755 833 61 31 ut-

225 879 158 36 talande
411 879 43 36 af
477 882 60 34 att
564 880 158 35 svenska
751 880 142 35 folkets
921 880 199 36 bestämda
1149 880 72 35 och
1248 880 229 46 uppriktiga
1505 879 148 36 önskan
1682 885 53 41 är,
1756 884 60 32 att

226 930 300 48 Sverige-Norge
553 933 63 33 må
644 931 70 36 allt
740 931 196 47 framgent
962 931 101 36 lefva
1090 932 14 35 i
1131 931 93 43 fred,
1254 935 95 32 utan
1377 932 255 46 inblandning
1658 932 14 35 i
1696 933 120 35 andra

225 985 139 33 staters
402 983 324 47 angelägenheter
758 983 93 35 eller
878 984 149 45 tvister,
1056 986 99 33 samt
1183 986 59 33 att
1270 983 219 47 Riksdagen
1517 983 209 46 förväntar,
1757 987 59 32 att

224 1034 139 47 Kungl.
393 1035 129 46 Maj:ts
549 1035 179 47 regering
756 1035 71 36 allt
854 1035 239 36 fortfarande
1121 1035 85 36 icke
1234 1035 151 36 lämnar
1411 1037 122 45 något
1559 1034 159 48 tjänligt
1736 1036 79 35 till-

225 1086 88 35 fälle
356 1087 245 46 obegagnadt
641 1089 60 33 att
742 1087 94 36 söka
878 1087 201 47 öfvertyga
1116 1087 176 36 utlandet
1321 1099 62 23 om
1411 1089 60 34 att
1499 1086 316 48 Sverige-Norges

224 1138 171 36 sträfvan
428 1139 121 35 under
577 1151 45 23 en
650 1138 169 36 konflikt
846 1139 142 35 mellan
1015 1140 121 35 andra
1164 1142 121 33 stater
1311 1139 245 35 uteslutande
1575 1139 98 35 skall
1692 1139 123 36 riktas

223 1192 50 44 på
301 1193 60 32 att
389 1190 268 47 upprätthålla
685 1191 46 35 de
760 1191 196 35 Förenade
983 1191 155 36 rikenas
1166 1191 179 35 neutrala
1372 1190 196 48 ställning,
1588 1193 122 34 måtte
1738 1191 77 35 för-

222 1241 112 35 klara
361 1241 90 36 herr
477 1242 142 35 Hedins
646 1242 87 35 med
760 1242 109 35 feres
896 1242 251 36 förenämnda
1175 1242 149 36 motion
1351 1242 86 36 icke
1465 1242 62 35 till
1554 1245 128 44 någon
1705 1243 109 36 Riks-

223 1293 144 46 dagens
407 1293 131 35 vidare
580 1294 138 46 åtgärd
745 1293 211 36 föranleda.
1012 1295 59 34 En
1098 1294 97 47 liflig
1222 1294 147 45 debatt,
1398 1293 222 36 hvarunder
1647 1295 168 35 anfallen

222 1344 324 47 hufvudsakligen
573 1345 173 36 riktades
773 1348 84 32 mot
884 1345 214 36 utskottets
1125 1345 245 47 motivering,
1398 1344 117 47 följde
1545 1345 73 35 den
1648 1348 19 34 3
1697 1346 75 46 maj
1802 1347 13 34 i

221 1396 131 36 Andra
392 1396 235 46 kammaren,
657 1409 81 23 som
775 1397 87 35 med
894 1399 70 34 150
993 1400 124 33 röster
1144 1400 82 33 mot
1256 1400 45 33 62
1332 1396 109 37 biföll
1468 1397 214 36 utskottets
1709 1397 105 36 hem-

222 1447 151 37 ställan.

350 1491 54 44 År
443 1502 95 34 1902
568 1500 183 46 förnyade
780 1500 90 36 herr
897 1501 124 36 Hedin
1044 1501 122 46 jämte
1197 1503 44 33 39
1272 1501 121 35 andra
1422 1500 41 36 af
1485 1501 130 35 Andra
1642 1501 172 35 kamma-

221 1563 86 23 rens
348 1551 214 36 ledamöter
600 1552 58 36 sin
703 1552 454 46 »neutralitetsmotion»,
1199 1552 110 36 hvari
1351 1552 227 36 alternativt
1618 1552 195 47 föreslogs,

222 1603 185 46 antingen

351 1658 52 31 att
430 1655 218 46 Riksdagen
676 1655 89 36 ville
790 1656 12 34 i
822 1655 197 36 skrifvelse
1039 1656 61 35 till
1119 1656 138 46 Kungl.
1278 1655 112 47 Maj:t
1409 1656 165 45 anhålla,
1596 1658 59 33 att
1674 1656 138 45 Kungl.

220 1705 112 47 Maj:t
371 1706 198 47 behagade
607 1707 158 46 vidtaga
794 1707 182 46 åtgärder
1003 1707 60 35 för
1091 1707 94 35 aftal
1212 1707 141 35 mellan
1381 1708 46 34 de
1455 1707 195 35 Förenade
1678 1707 136 35 rikena

222 1757 72 35 och
334 1758 199 35 Danmark
574 1770 61 24 om
677 1758 182 46 samtidig
901 1758 72 35 och
1014 1759 81 35 lika
1136 1759 163 45 lydande
1328 1758 246 36 deklaration
1601 1758 61 36 till
1690 1758 124 47 öfriga

220 1808 164 46 makter,
414 1809 250 47 hvarigenom
692 1810 45 35 de
765 1813 60 32 tre
854 1810 299 35 skandinaviska
1173 1812 172 34 staterna
1363 1810 172 35 förklara
1555 1810 56 47 sig
1631 1809 59 36 för
1708 1811 106 46 prin-

220 1860 148 46 cipiellt
397 1861 72 35 och
498 1865 227 42 permanent
752 1861 193 45 neutrala;
976 1862 84 35 eller
1087 1862 70 45 ock,

349 1915 50 32 att
440 1912 217 47 Riksdagen
685 1913 69 35 hos
781 1913 140 47 Kungl.
951 1913 111 46 Maj:t
1090 1913 183 44 anhåller,
1305 1916 60 32 att
1392 1913 138 47 Kungl.
1560 1912 111 47 Maj:t
1697 1913 116 36 beha-

219 1963 108 46 gade,
369 1964 123 35 under
533 1965 242 45 åberopande
818 1964 42 35 af
896 1964 237 47 Riksdagens
1173 1965 174 35 uttalade
1389 1965 147 35 önskan
1575 1964 61 36 för
1663 1965 75 35 alla
1767 1966 45 34 de

218 2014 164 45 makter,
425 2016 88 34 med
539 2015 133 35 hvilka
701 2016 45 35 de
775 2016 198 35 Förenade
1000 2017 136 34 rikena
1164 2016 226 35 underhålla
1418 2016 275 46 diplomatiska
1718 2016 96 35 eller

218 2065 103 36 blott
354 2066 208 35 konsulära
590 2066 263 46 förbindelser,
883 2067 310 46 tillkännagifva,
1224 2071 60 31 att
1311 2070 68 32 vår
1406 2068 142 45 politik
1576 2068 236 35 fortfarande

217 2116 200 36 förblifver
444 2117 132 36 riktad
604 2121 50 43 på
681 2118 150 35 fredens
860 2119 216 34 bevarande
1106 2118 71 36 och
1205 2118 344 46 upprätthållande
1574 2118 40 35 af
1631 2131 46 22 en
1696 2119 115 34 sedan

219 2171 107 33 snart
353 2168 118 36 nittio
501 2171 42 32 år
571 2169 208 35 oafbruten
808 2169 239 46 neutralitet,
1078 2170 72 35 och
1178 2173 60 32 att
1266 2170 46 34 de
1341 2170 182 46 åtgärder
1550 2170 61 35 till
1630 2169 182 35 försvars-

217 2219 219 36 krafternas
465 2220 207 45 ordnande,
703 2233 81 23 som
812 2220 113 47 länge
954 2220 183 47 fördröjts
1167 2221 40 35 af
1231 2221 245 46 svårigheten
1496 2224 60 32 att
1575 2223 144 33 ersätta
1739 2221 73 35 den

304 2277 129 42 Bihang
457 2278 49 31 till
531 2278 109 31 Biksd.
662 2283 84 36 prot.
774 2280 97 30 1911.
899 2282 20 28 9
943 2279 96 31 Saml.
1065 2283 21 27 2
1110 2279 78 39 Afd.
1225 2281 10 28 2
1261 2279 103 31 Band.
1388 2282 19 29 5
1434 2279 65 31 Ser.
1525 2281 40 30 10
1588 2278 94 41 Häft.
1750 2279 20 30 3
