1866 2780
261 141 20 29 8
646 146 284 33 Statsutskottets
950 150 179 31 utlåtande
1146 161 42 20 nr
1207 154 15 28 7
1241 154 39 31 år
1302 155 82 29 195356

310 225 95 34 13:0)
439 227 198 31 Statistiska
666 231 256 36 centralbyrån:
952 234 324 33 Maskincentralen.
1307 239 12 29 I
1349 239 152 40 enlighet
1531 243 79 29 med
1638 244 126 40 Kungl.

260 275 125 39 Maj:ts
403 276 133 42 förslag
558 279 129 40 (punkt
708 280 49 36 18,
777 291 25 20 s.
821 282 73 37 35),
912 283 108 32 vilket
1038 285 145 32 innebär
1201 288 213 32 oförändrad
1433 288 329 51 medelsanvisning,

259 325 202 31 hemställer
481 328 181 36 utskottet,

615 382 49 28 att
693 381 187 41 riksdagen
912 385 56 30 må
1000 385 53 30 till
1082 386 203 32 Statistiska
1316 391 261 40 centralbyrån:
1608 394 155 30 Maskin-

569 431 177 30 centralen
765 432 54 30 för
837 433 204 40 budgetåret
1063 437 139 36 1956/57
1222 439 121 32 anvisa
1362 443 48 28 ett
1429 442 275 44 förslagsanslag
1720 455 43 21 av

571 480 61 30 100
650 480 140 33 kronor.

304 602 93 35 14:0)
420 604 335 39 Folkbokföringen:
776 609 238 38 Ersättningar
1031 613 54 30 till
1103 614 547 41 kyrkobokföringsinspektörer.
1671 622 13 29 I
1704 632 57 20 en-

255 650 108 41 lighet
381 654 78 30 med
477 654 124 39 Kungl.
621 656 119 38 Maj:ts
760 658 130 40 förslag
911 660 128 38 (punkt
1061 663 46 35 19,
1126 673 26 21 s.
1171 663 70 36 36),
1258 666 107 31 vilket
1384 667 145 32 innebär
1548 670 211 32 oförändrad

255 702 330 44 medelsanvisning,
604 707 201 32 hemställer
823 711 182 36 utskottet,

610 759 51 28 att
685 758 189 42 riksdagen
899 763 59 29 må
986 763 52 30 till
1065 764 338 43 Folkbokföringen:
1432 769 246 42 Ersättningar
1708 773 52 30 till

565 807 541 45 kyrkobokföringsinspektörer
1138 815 55 31 för
1225 817 204 40 budgetåret
1463 821 142 35 1956/57
1638 823 121 32 anvisa

563 859 48 29 ett
631 858 274 45 förslagsanslag
923 872 43 22 av
985 863 41 31 45
1042 864 63 32 000
1126 865 140 33 kronor.

299 980 94 35 15:0)
417 982 336 39 Folkbokföringen:
777 987 199 38 Ersättning
996 991 53 29 till
1071 991 187 38 Göteborgs
1280 996 75 28 stad
1378 996 55 29 för
1454 997 94 30 vissa
1569 999 187 30 kostnader

251 1030 57 29 för
326 1030 318 39 folkbokföringen.
664 1036 11 28 I
695 1036 152 40 enlighet
866 1039 79 30 med
965 1040 127 40 Kungl.
1113 1042 124 40 Maj:ts
1257 1043 131 41 förslag
1413 1046 132 39 (punkt
1564 1048 52 35 20,
1637 1057 25 21 s.
1683 1049 72 35 36),

250 1080 107 31 vilket
378 1081 145 32 innebär
544 1093 43 21 en
609 1086 272 42 anslagsökning
901 1090 79 31 med
1002 1091 20 30 6
1036 1091 64 31 000
1121 1092 140 37 kronor,
1283 1094 203 34 hemställer
1508 1094 181 49 utskottet,

603 1137 51 28 att
673 1137 188 41 riksdagen
880 1140 58 30 må
958 1140 54 31 till
1031 1141 339 43 Folkbokföringen:
1391 1146 206 43 Ersättning
1618 1149 53 30 till
1691 1149 63 31 Gö-

562 1186 135 40 teborgs
712 1188 80 30 stad
807 1189 56 39 för
881 1190 90 31 vissa
990 1191 190 32 kostnader
1194 1194 58 40 för
1267 1195 310 43 folkbokföringen
1596 1200 55 30 för
1669 1201 85 30 bud-

559 1236 129 39 getåret
715 1238 141 36 1956/57
883 1241 121 31 anvisa
1030 1244 48 29 ett
1102 1243 274 44 förslagsanslag
1401 1257 42 21 av
1468 1248 40 30 57
1524 1249 63 30 000
1613 1250 139 31 kronor.

295 1353 95 34 16:0)
420 1355 336 40 Folkbokföringen:
777 1361 198 38 Ersättning
993 1364 54 29 till
1066 1365 126 31 Malmö
1211 1368 76 29 stad
1307 1368 56 30 för
1380 1369 92 30 vissa
1491 1370 188 32 kostnader
1696 1373 56 29 för

247 1403 319 40 folkbokföringen.
588 1408 14 29 I
622 1409 150 39 enlighet
792 1413 77 29 med
890 1413 124 39 Kungl.
1034 1415 122 38 Maj:ts
1178 1416 131 40 förslag
1332 1419 127 37 (punkt
1479 1420 51 35 21,
1551 1431 27 21 s.
1598 1422 71 35 37),
1690 1423 62 30 vil-

244 1453 61 31 ket
325 1454 145 32 innebär
492 1465 41 22 en
556 1459 275 43 anslagsökning
851 1464 79 29 med
952 1464 19 29 4
987 1464 63 31 000
1073 1465 139 37 kronor,
1234 1467 204 34 hemställer
1459 1467 182 44 utskottet,

599 1511 50 28 att
682 1510 189 42 riksdagen
904 1514 57 31 må
997 1515 53 30 till
1083 1516 339 42 Folkbokföringen:
1457 1520 206 43 Ersättning
1699 1523 52 30 till

553 1558 130 32 Malmö
700 1562 81 30 stad
796 1562 57 40 för
871 1563 91 31 vissa
981 1564 189 32 kostnader
1187 1568 57 39 för
1261 1569 310 42 folkbokföringen
1592 1573 54 31 för
1664 1574 86 30 bud-

555 1610 131 39 getåret
713 1612 140 35 1956/57
880 1614 122 32 anvisa
1026 1618 48 28 ett
1098 1617 275 43 förslagsanslag
1396 1630 42 22 av
1463 1621 41 31 30
1519 1622 64 31 000
1607 1624 140 31 kronor.

290 1723 93 35 17:0)
412 1726 335 38 Folkbokföringen:
776 1730 78 31 Viss
878 1732 154 37 tillfällig
1056 1737 158 32 personal
1240 1737 56 29 vid
1323 1737 287 37 länsstyrelserna
1634 1751 43 20 m.
1703 1752 43 19 m.

241 1773 13 29 I
278 1773 152 40 enlighet
453 1777 80 30 med
557 1777 125 40 Kungl.
707 1780 124 39 Maj:ts
856 1781 131 43 förslag
1016 1784 131 40 (punkt
1170 1786 52 35 22,
1247 1796 26 20 s.
1299 1787 39 30 37
1364 1797 29 21 o.
1418 1788 74 36 38),
1516 1790 109 31 vilket
1648 1791 96 30 inne-

239 1823 64 31 bär
330 1833 43 21 en
400 1835 42 21 av
468 1828 238 31 automatiska
734 1830 420 44 kostnadsförändringar
1182 1837 151 30 orsakad
1363 1839 274 42 anslagsökning
1665 1843 78 29 med

241 1873 62 31 139
317 1874 63 31 000
400 1875 140 37 kronor,
560 1878 203 32 hemställer
782 1881 179 37 utskottet,

593 1931 51 28 att
667 1929 185 42 riksdagen
875 1933 57 30 må
954 1935 52 29 till
1028 1934 338 43 Folkbokföringen:
1393 1939 76 31 Viss
1494 1940 153 41 tillfällig
1667 1952 76 30 per-

548 1980 102 29 sonal
673 1980 56 31 vid
753 1981 290 41 länsstyrelserna
1068 1994 45 23 m.
1138 1995 44 21 m.
1208 1987 54 31 för
1286 1988 205 40 budgetåret
1518 1992 141 35 1956/57
1684 2003 59 21 an-

548 2029 74 31 visa
643 2032 48 28 ett
711 2031 275 44 förslagsanslag
1004 2044 44 22 av
1069 2036 94 31 1422
1178 2037 63 31 000
1262 2039 140 31 kronor.

284 2143 95 36 18:0)
406 2144 436 40 Riksräkenskapsverket:
869 2151 223 38 Avlöningar.
1118 2155 123 38 Kungl.
1267 2157 103 37 Maj:t
1394 2158 63 30 har
1486 2159 129 38 (punkt
1639 2161 50 35 23,
1715 2170 26 21 s.

235 2192 147 37 38—40)
410 2194 181 42 föreslagit
613 2197 189 42 riksdagen
824 2202 50 29 att
897 2201 73 31 dels
993 2203 210 41 bemyndiga
1225 2206 126 40 Kungl.
1375 2208 106 39 Maj:t
1504 2211 51 28 att
1577 2211 11 29 i
1611 2210 129 31 riksrä-

233 2243 318 42 kenskapsverkets
583 2249 386 43 personalförteckning
1000 2254 121 31 avföra
1154 2256 57 30 två
1243 2256 454 43 kontorsbiträdestjänster
1728 2261 11 29 i

233 2293 47 32 Ca
298 2294 30 35 8,
348 2295 73 31 dels
441 2297 187 39 godkänna
646 2308 42 22 av
706 2300 387 41 departementschefen
1113 2306 165 31 förordad
1299 2308 255 40 avlöningsstat
1575 2310 55 31 för
1649 2311 90 31 riks-

233 2344 350 43 räkenskapsverket,
601 2350 50 29 att
668 2349 176 42 tillämpas
862 2352 69 31 tills
948 2353 120 31 vidare
1086 2356 79 30 från
1182 2359 64 29 och
1264 2358 80 30 med
1360 2358 205 41 budgetåret
1585 2361 152 35 1956/57,

231 2394 74 30 dels
325 2395 65 31 ock
408 2397 52 30 till
479 2397 442 44 Riksräkenskapsverket:
943 2404 214 41 Avlöningar
1177 2407 54 30 för
1252 2409 155 30 nämnda
1426 2410 170 40 budgetår
1616 2412 119 30 anvisa

231 2446 49 29 ett
299 2446 275 44 förslagsanslag
593 2459 42 21 av
654 2450 19 31 2
687 2450 60 31 481
766 2452 62 30 000
847 2452 141 33 kronor.
