2240 2677
736 201 236 34 Statsutskottets
1001 199 163 34 Utlåtande
1185 201 62 32 N:o
1269 203 52 30 56.
1803 202 21 35 3

223 291 165 33 mentets
429 286 100 37 skol-
570 286 72 37 och
683 284 304 51 öfningslokaler
1023 290 98 32 samt
1148 284 381 50 förrådsbyggnader
1558 284 128 37 städse
1710 285 11 36 i
1748 285 78 49 hög

222 339 98 49 grad
348 338 189 37 försvårat
565 337 251 48 öfningarnas
846 336 327 50 ändamålsenliga
1201 336 259 37 bedrifvande.

359 390 53 36 Af
449 394 53 31 ett
543 389 86 36 utaf
667 388 135 36 chefen
830 388 59 36 för
915 393 92 44 göta
1035 388 380 48 artilleriregemente
1443 387 122 36 under
1593 387 165 36 sistlidet
1787 390 38 34 år

225 440 165 49 afgifvet
428 440 197 37 utlåtande
665 439 12 36 i
719 445 127 31 ämnet
884 439 98 37 hade
1020 439 223 49 ytterligare
1271 439 194 48 framgått,
1494 443 47 31 att
1568 438 190 37 kasernen
1787 441 39 34 år

227 493 95 34 1872
353 491 205 49 formligen
586 490 182 47 utdömts,
793 495 47 31 att
866 490 102 36 vissa
996 502 83 24 rum
1107 489 12 36 i
1148 490 221 36 densamma
1396 492 99 34 måst
1522 494 214 44 utrymmas
1769 493 57 33 så-

224 556 80 22 som
345 542 139 50 farliga
523 546 55 32 att
617 542 109 46 bebo,
756 546 47 32 att
829 541 276 49 lägenheterna
1133 540 81 37 deri
1243 554 89 23 vore
1361 543 41 34 så
1431 543 91 44 små,
1552 545 54 31 att
1635 545 190 44 sängarne

224 597 98 33 måst
350 593 131 37 ställas
509 593 11 35 i
548 596 64 33 två
639 593 112 36 rader
779 592 165 49 ofvanpå
971 592 228 47 hvarandra,
1227 596 47 32 att
1302 591 62 37 vid
1384 590 70 37 full
1473 591 239 49 beläggning
1727 592 95 36 före-

222 644 139 37 funnes
391 646 46 34 24
466 644 240 49 qvadratfots
735 643 148 50 golfyta
911 643 71 37 och
1010 645 72 35 240
1111 642 196 37 kubikfots
1336 642 264 49 luftutrymme
1628 655 69 36 per
1725 656 100 34 man,

222 696 123 36 under
387 696 65 36 det
493 701 53 30 att
580 695 120 49 enligt
727 694 178 50 gällande
932 694 118 37 tabell
1078 694 107 37 öfver
1213 699 206 44 utrymmet
1446 694 12 35 i
1485 693 341 37 kasernetablisse-

224 752 144 32 mentet
395 747 175 48 golfytan
599 746 124 37 skulle
751 751 138 44 utgöra
916 747 77 45 47,5
1024 745 219 49 qvadratfot
1271 745 70 36 och
1369 744 202 37 luftkuben
1599 746 72 35 570
1691 745 135 36 kubik-

223 798 66 47 fot,
318 803 48 32 att
393 799 46 36 de
467 798 110 36 flesta
604 811 174 23 rummen
805 796 256 50 uppvärmdes
1079 810 138 35 genom
1232 802 126 43 öppna
1372 795 156 38 murade
1543 796 230 49 tegelspisar
1789 797 41 36 af

224 849 116 47 äldre,
382 850 91 48 föga
502 848 315 49 värmegifvande
845 847 280 47 konstruktion,
1154 852 47 31 att
1230 861 46 22 en
1304 847 61 36 del
1394 848 40 35 af
1459 847 46 36 de
1530 847 168 36 öfversta
1725 861 102 22 rum-

224 914 82 23 men
348 900 126 50 fyldes
515 900 85 37 med
642 900 79 46 rök,
752 899 46 37 då
825 899 64 36 vid
917 899 129 36 starka
1073 898 164 49 vestliga
1264 898 135 37 vindar
1427 898 130 37 försök
1584 898 157 49 gjordes
1768 898 58 37 till

222 951 171 49 eldning,
423 956 47 32 att
497 951 158 48 golfven
684 950 11 36 i
725 950 207 36 allmänhet
959 963 92 23 voro
1080 954 113 42 otäta,
1223 952 41 34 så
1282 954 53 32 att
1354 949 242 36 skurvattnet
1615 949 210 46 nedrunne,

221 1002 252 49 hvarigenom
516 1002 120 36 under
665 1004 110 34 årens
803 1001 89 49 lopp
922 1001 73 36 den
1024 1000 207 50 olämpliga
1258 1000 320 49 underfyllnaden
1607 1000 125 36 blifvit
1758 1000 68 36 im-

222 1053 217 49 pregnerad
481 1053 87 36 med
594 1052 216 37 -allehanda
852 1052 147 36 osunda
1023 1056 148 42 ämnen,
1196 1056 47 32 att
1276 1051 201 49 sjukhuset
1506 1064 87 24 vore
1623 1051 203 49 obeqvämt

224 1105 70 36 och
337 1104 151 47 osundt,
530 1107 40 33 så
611 1108 54 31 att
704 1102 316 50 bröstpatienters
1062 1102 221 49 sjukdomar
1311 1102 66 36 der
1406 1102 79 36 ofta
1513 1102 226 49 öfverginge
1766 1102 59 36 till

223 1155 158 49 lungsot
421 1155 70 36 och
521 1159 54 32 att
604 1154 240 49 operationer
873 1153 206 50 omöjligen
1107 1153 127 36 kunde
1261 1153 12 36 i
1301 1153 211 37 detsamma
1541 1153 209 48 företagas,
1778 1158 48 32 att

223 1206 62 36 vid
315 1205 327 38 etablissementet
669 1205 145 36 lokaler
841 1205 59 36 för
923 1204 346 49 regementschefs-
1288 1204 71 37 och
1375 1204 450 48 divisionschefsexpedi-

224 1257 183 48 tionerna,
438 1257 58 36 för
523 1256 219 50 konstapel-
772 1256 70 36 och
870 1255 363 49 sergeantskolorna
1257 1256 71 36 och
1355 1255 59 36 för
1442 1254 383 49 förvaltningsdirek-

222 1308 131 37 tionen
381 1308 198 36 äfvensom
609 1307 270 48 samlingsrum
908 1307 59 36 för
996 1307 194 36 officerare
1215 1307 71 36 och
1312 1306 320 37 underofficerare
1655 1306 80 36 helt
1754 1306 71 37 och

223 1359 117 37 hållet
379 1359 201 46 saknades,
610 1364 47 31 att
684 1358 172 36 ridhuset
883 1371 90 24 vore
1002 1358 58 37 för
1088 1358 66 37 sitt
1180 1358 120 36 behof
1323 1357 258 49 otillräckligt,
1606 1362 99 32 samt
1733 1358 92 35 slut-

222 1410 103 49 ligen
354 1416 48 31 att
429 1415 240 44 regementet
696 1410 56 36 till
781 1409 218 37 ersättande
1028 1409 41 36 af
1093 1409 47 36 de
1168 1409 156 47 lokaler,
1353 1422 82 23 som
1454 1408 205 50 omöjligen
1679 1409 146 37 kunnat

222 1462 204 46 undvaras,
455 1461 165 49 nödgats
650 1461 41 36 af
715 1460 172 37 enskilde
916 1460 155 49 förhyra
1099 1474 95 34 rum,
1223 1460 128 37 derför
1378 1460 12 36 1
1419 1459 95 50 årlig
1542 1460 95 49 hyra
1663 1460 161 49 utginge

223 1512 177 48 omkring
430 1514 132 45 13,900
591 1512 150 36 kronor.

356 1564 151 48 Frågan
543 1577 59 22 om
634 1563 143 36 medels
806 1562 248 37 anskaffande
1083 1562 57 36 för
1165 1562 64 36 det
1256 1576 75 35 nya
1358 1562 328 37 etablissementet
1713 1562 110 45 hade,

224 1614 120 49 enligt
371 1614 100 36 hvad
500 1614 427 49 departementschefen
954 1613 130 36 vidare
1114 1613 136 47 anfört,
1274 1613 112 49 gifvit
1410 1613 208 48 anledning
1640 1612 57 36 till
1716 1612 108 49 lång-

225 1665 131 48 variga
394 1665 333 48 undersökningar
755 1664 71 37 och
852 1664 137 36 talrika
1017 1663 291 50 förhandlingar
1337 1664 85 36 med
1451 1664 134 35 staden
1614 1663 208 49 Göteborg.

222 1716 163 46 Började
425 1716 117 36 redan
584 1719 38 33 år
653 1718 107 43 1873,
788 1715 127 36 kunde
944 1715 46 36 de
1020 1720 113 43 sägas
1157 1715 115 36 hafva
1300 1715 83 36 från
1411 1714 166 37 nämnda
1603 1714 55 36 tid
1686 1720 137 31 nästan

223 1767 195 36 oafbrutet
442 1767 171 49 fortgått.
655 1766 225 37 Emellertid
908 1765 98 37 hade
1034 1765 206 50 uppslaget
1267 1765 58 37 till
1353 1766 46 36 de
1429 1765 190 48 åtgärder,
1644 1779 80 23 som
1745 1765 80 37 ledt

222 1817 56 36 till
313 1831 50 22 nu
389 1817 264 49 föreliggande
678 1818 171 46 resultat,
865 1816 132 50 gifvits
1012 1830 140 36 genom
1169 1817 141 49 Kongl.
1326 1816 137 49 Maj:ts,
1479 1817 11 35 1
1506 1816 207 48 anledning
1727 1817 41 36 af
1778 1829 53 24 en

222 1869 87 36 utaf
345 1868 495 49 generalfälttygmästaren
870 1868 70 36 och
969 1868 133 36 chefen
1132 1868 60 36 för
1220 1867 196 37 artilleriet
1443 1867 112 49 gjord
1583 1867 240 48 hemställan,

223 1919 75 37 den
337 1922 20 33 2
400 1920 208 36 november
651 1921 94 34 1883
786 1919 57 36 till
877 1918 389 49 arméförvaltningen
1295 1922 19 33 å
1342 1918 172 37 artilleri-
1543 1918 69 36 och
1641 1918 183 36 fortifika-

221 1970 420 49 tionsdepartementen
675 1969 175 37 lemnade
878 1969 178 49 uppdrag
1084 1974 53 32 att
1164 1975 175 43 uppgöra
1367 1969 70 37 och
1464 1968 57 37 till
1549 1969 139 47 Kongl.
1718 1969 107 48 Maj:t

221 2021 195 37 inkomma
444 2021 86 36 med
557 2021 250 48 fullständiga
834 2021 257 48 beräkningar
1119 2020 106 37 öfver
1253 2020 46 37 de
1325 2019 219 50 tillgångar,
1570 2020 139 46 hvilka,
1733 2034 90 23 vare

224 2072 60 49 sig
311 2086 141 35 genom
482 2073 227 48 försäljning
738 2073 41 35 af
798 2072 299 37 landtförsvaret
1123 2071 206 49 tillhöriga,
1360 2085 85 23 men
1472 2071 63 36 vid
1555 2072 269 48 genomföran-

225 2124 63 36 det
329 2123 42 37 af
405 2123 187 48 förslaget
633 2137 58 22 om
734 2128 85 44 nytt
854 2123 448 36 kasernetablissements
1341 2123 238 48 uppförande
1608 2122 216 50 obehöfliga

223 2180 138 31 tomter
399 2174 11 36 i
452 2174 200 49 Göteborg
693 2174 90 37 eller
812 2174 121 49 eljest,
960 2174 128 36 kunde
1116 2174 119 36 blifva
1261 2173 246 50 tillgängliga
1534 2177 122 33 såsom
1688 2173 136 50 bidrag

225 2225 56 36 till
309 2225 245 37 bestridande
584 2226 42 35 af
652 2231 144 31 statens
824 2225 160 49 utgifter
1010 2226 59 35 för
1096 2230 84 44 nytt
1209 2225 298 37 etablissement.

359 2276 73 36 Till
474 2276 182 50 åtlydnad
699 2277 40 36 af
778 2277 104 36 detta
920 2276 178 50 uppdrag
1135 2276 96 37 hade
1270 2276 389 49 arméförvaltningen
1687 2276 137 49 begärt
