1917 2829
286 172 19 30 6
569 171 124 31 Första
720 172 244 40 lagutskottets
993 175 178 31 utlåtande
1197 185 43 20 nr
1265 177 42 29 30
1332 177 39 30 år
1399 177 83 30 1970

284 252 181 38 synpunkt
488 262 75 21 som
586 254 92 40 regel
700 254 63 30 bör
784 264 84 22 vara
890 256 177 31 rationellt
1090 259 49 28 att
1162 258 257 30 kommunerna
1444 260 86 29 även
1554 260 214 41 ombesörjer

283 304 221 43 renhållning
519 317 43 20 av
575 308 211 41 gångbanor.

326 396 358 41 Byggnadsstyrelsen
706 399 205 32 framhåller
932 403 50 28 att
1004 402 57 30 det
1082 402 55 30 för
1159 404 170 39 styrelsen
1350 404 10 29 i
1383 405 174 40 egenskap
1580 415 43 20 av
1644 406 125 30 förval-

281 450 74 30 tare
375 460 44 22 av
437 454 48 28 ett
506 453 218 30 omfattande
745 454 332 41 fastighetsbestånd
1098 457 144 40 givetvis
1265 458 112 30 skulle
1397 468 84 20 vara
1502 459 53 30 till
1577 459 112 30 fördel
1711 470 57 20 om

280 503 258 34 kommunerna
563 507 118 31 kunde
707 508 140 41 åläggas
873 510 198 41 ombesörja
1096 512 222 41 renhållning
1344 523 42 20 av
1412 513 191 40 gångbana.
1630 515 138 40 Frågan

280 558 175 33 huruvida
481 561 56 30 det
563 563 39 29 är
626 563 128 40 skäligt
779 565 51 29 att
855 572 124 32 genom
1005 565 148 41 ändring
1178 567 11 29 i
1214 567 428 42 gaturenhållningslagen
1668 577 99 32 gene-

282 615 78 30 rellt
381 616 113 30 befria
515 616 289 42 fastighetsägare
827 619 80 30 från
930 623 161 27 ansvaret
1115 621 54 29 för
1190 621 222 41 renhållning
1436 632 42 20 av
1501 622 181 41 gångbana
1706 633 63 20 un-

281 667 153 32 dandrar
448 669 51 41 sig
513 670 192 31 emellertid
721 673 188 39 styrelsens
924 674 220 41 bedömning.

324 761 370 40 Kommunförbundet
725 763 241 41 (majoriteten
992 765 95 30 inom
1115 767 186 38 styrelsen)
1334 767 129 30 uttalar
1490 770 50 28 att
1567 767 104 31 såvitt
1698 768 69 31 för-

280 815 133 30 bundet
434 816 137 31 kunnat
594 817 101 30 finna
716 818 64 29 har
803 819 67 29 den
893 828 48 21 nu
965 820 158 39 gällande
1147 820 194 40 ordningen
1365 822 10 29 i
1401 823 87 29 stort
1514 824 66 28 sett
1604 822 163 40 fungerat

280 869 65 29 väl.
367 870 72 29 Mot
461 871 278 30 motionärernas
763 872 189 38 påstående
976 875 50 28 att
1049 874 57 29 det
1129 875 80 28 med
1233 875 202 29 nuvarande
1459 875 207 29 maskinella
1690 885 78 19 ren-

280 921 158 42 hållning
461 923 112 30 måste
596 933 84 21 vara
703 925 177 30 rationellt
903 926 65 30 och
992 926 11 30 i
1028 926 68 31 alla
1121 927 194 30 avseenden
1340 928 177 40 praktiskt
1542 930 50 29 att
1617 929 148 30 renhåll-

281 977 267 40 ningsbestyren
565 978 71 30 inte
653 979 169 39 uppdelas
839 980 44 38 på
899 980 94 30 olika
1010 981 141 40 subjekt
1168 982 168 39 åberopas
1352 984 51 29 att
1421 983 56 30 det
1494 982 75 39 just
1585 983 80 30 med
1681 984 85 29 hän-

281 1039 64 30 syn
376 1031 52 30 till
461 1032 304 40 mekaniseringen
797 1042 42 21 av
870 1034 351 40 gaturenhållningen
1253 1036 66 29 och
1352 1036 150 30 framför
1536 1036 61 30 allt
1632 1038 134 39 snöröj-

279 1084 129 41 ningen
432 1085 74 31 ofta
529 1086 71 30 kan
624 1086 119 31 finnas
767 1088 156 39 vägande
949 1088 75 31 skäl
1050 1090 50 29 att
1125 1089 80 30 från
1231 1090 203 30 samhällets
1461 1100 126 20 ansvar
1613 1092 154 29 utesluta

279 1139 459 41 gångbanerenhållningen.

322 1193 13 28 I
360 1192 204 41 anslutning
588 1193 119 31 härtill
732 1195 158 40 tillägger
914 1196 188 32 förbundet
1126 1200 51 28 att
1200 1199 93 30 vissa
1317 1201 185 39 praktiska
1526 1202 240 32 erfarenheter

276 1254 43 21 av
339 1246 42 30 de
401 1247 159 39 problem
581 1257 76 20 som
679 1249 294 41 sammanhänger
995 1252 79 29 med
1097 1253 252 40 snöröjningen
1372 1257 137 28 snarast
1531 1256 91 30 talar
1644 1257 55 30 för
1721 1267 43 20 en

274 1299 72 31 viss
372 1300 207 42 utvidgning
605 1312 43 20 av
673 1302 434 42 fastighetsägaransvaret
1133 1307 53 30 till
1213 1310 50 27 att
1288 1308 45 31 bl.
1360 1318 30 21 a.
1418 1310 149 30 omfatta
1593 1311 172 31 erforder-

275 1352 69 40 liga
367 1355 219 38 genombrott
611 1365 42 20 av
675 1357 195 39 upplogade
894 1359 184 30 snövallar.
1102 1360 202 31 Förbundet
1326 1362 165 40 beklagar
1515 1366 51 27 att
1590 1374 42 20 en
1657 1365 106 30 fram-

278 1409 166 40 ställning
467 1409 11 29 i
502 1409 95 30 detta
622 1410 90 40 syfte
736 1421 75 20 som
836 1412 41 30 de
900 1413 91 30 båda
1016 1413 197 32 dåvarande
1239 1416 381 37 kommunförbunden,
1648 1419 117 30 Stads-

277 1461 189 32 förbundet
485 1464 66 29 och
569 1464 378 37 Kommunförbundet,
969 1467 93 30 avlät
1082 1468 53 30 till
1156 1469 196 40 Konungen
1373 1470 172 31 3.10.1962
1568 1472 75 30 icke
1664 1473 100 30 ledde

275 1515 52 30 till
340 1515 106 40 något
460 1517 157 31 resultat.

319 1568 117 41 Enligt
459 1570 206 32 förbundets
686 1573 143 40 mening
852 1573 95 31 finns
970 1575 56 30 det
1047 1576 76 30 icke
1145 1585 48 21 nu
1216 1577 115 40 någon
1354 1579 188 41 anledning
1565 1582 51 29 att
1638 1589 125 32 genom

275 1622 148 42 ändring
455 1633 43 21 av
530 1626 427 42 gaturenhållningslagen
990 1630 165 38 generellt
1187 1631 111 31 befria
1332 1632 317 42 fastighetsägarna
1683 1635 80 31 från

274 1681 162 27 ansvaret
455 1679 55 29 för
530 1679 459 43 gångbanerenhållningen.
1010 1683 14 29 I
1043 1684 67 29 den
1129 1685 83 29 mån
1231 1694 83 21 man
1334 1686 109 31 lokalt
1463 1697 102 20 anser
1585 1689 57 29 det
1662 1690 100 29 moti-

272 1734 97 27 verat
396 1734 50 28 att
473 1742 43 20 ur
540 1734 175 34 tekniska,
742 1735 230 31 ekonomiska
998 1737 83 30 eller
1106 1739 298 38 organisatoriska
1432 1743 219 38 synpunkter
1679 1744 83 39 göra

274 1783 67 32 den
363 1795 43 21 av
428 1787 260 31 motionärerna
712 1788 159 40 åsyftade
895 1790 155 31 ändrade
1071 1792 393 42 ansvarsfördelningen
1487 1796 70 29 kan
1581 1797 94 30 detta
1700 1798 61 30 ske

272 1837 73 31 helt
366 1839 97 30 inom
483 1849 122 21 ramen
627 1841 54 30 för
704 1843 446 42 gaturenhållningslagens
1173 1848 203 29 nuvarande
1398 1849 273 31 bestämmelser.

318 1892 169 40 Slutligen
513 1894 140 31 anföres
678 1896 45 39 på
748 1896 157 40 följande
931 1898 76 30 skäl
1032 1901 50 28 att
1108 1900 67 29 den
1198 1902 106 29 reella
1329 1902 216 31 innebörden
1570 1913 43 21 av
1637 1906 122 29 motio-

274 1948 168 30 närernas
463 1948 132 40 förslag
616 1959 102 29 synes
739 1951 109 30 oklar.
879 1951 5 30 I
905 1952 221 31 motionerna
1146 1954 202 32 hemställes
1370 1958 50 28 att
1442 1957 188 39 riksdagen
1652 1959 108 30 måtte

270 1999 137 32 besluta
429 2003 50 28 att
502 2002 18 30 2
546 2002 15 38 $
584 2003 11 29 i
617 2003 428 43 gaturenhållningslagen
1068 2007 89 30 skall
1180 2008 160 40 upphöra
1362 2012 51 28 att
1435 2011 100 39 gälla.
1559 2012 123 30 Denna
1703 2013 55 30 be-

272 2053 200 32 stämmelse
505 2056 147 30 innebär
685 2058 192 30 emellertid
911 2060 123 30 endast
1068 2063 48 27 ett
1149 2062 228 40 medgivande
1412 2064 55 30 för
1500 2065 259 32 vederbörande

272 2108 169 30 samhälle
467 2112 51 27 att
543 2110 122 40 ålägga
691 2112 289 41 fastighetsägare
1005 2115 94 30 vissa
1124 2116 246 40 skyldigheter.
1397 2119 75 29 Vad
1498 2120 261 31 motionärerna

272 2169 102 31 synes
395 2172 80 21 avse
494 2164 99 30 torde
613 2175 84 20 vara
718 2168 50 28 att
789 2176 83 21 man
892 2168 144 30 därmed
1057 2170 113 29 skulle
1191 2171 164 39 upphäva
1376 2173 108 29 redan
1506 2173 133 31 fattade
1661 2175 97 29 kom-

271 2216 144 30 munala
427 2216 115 31 beslut
556 2226 58 21 om
628 2218 308 42 fastighetsägares
952 2222 451 43 renhållningsskyldighet.

313 2296 278 32 Reservanterna
614 2300 97 30 inom
734 2301 170 39 styrelsen
927 2302 206 32 framhåller
1155 2306 50 29 att
1229 2306 87 29 även
1340 2306 417 43 gångbanerenhållning-

270 2358 43 21 en
339 2351 79 30 sker
443 2353 11 29 i
479 2352 80 31 hela
585 2354 202 31 samhällets
813 2355 147 31 intresse
985 2357 66 30 och
1077 2358 120 30 därför
1222 2359 71 31 inte
1319 2360 62 30 bör
1406 2361 133 31 belasta
1566 2363 121 30 enbart
1714 2373 43 20 en

268 2404 72 30 viss
363 2405 156 40 kategori
541 2407 217 31 människor.
783 2409 115 40 Enligt
922 2414 265 28 reservanterna
1210 2413 184 41 föreligger
1418 2415 56 30 det
1498 2416 107 30 också
1629 2417 127 40 svårig-

268 2457 97 31 heter
384 2459 56 30 för
457 2460 290 41 fastighetsägare
765 2465 50 27 att
833 2464 78 29 med
930 2465 188 40 tillräcklig
1136 2468 170 29 snabbhet
1325 2469 65 29 och
1409 2469 210 31 effektivitet
1638 2472 118 30 utföra

268 2511 205 42 erforderlig
503 2514 232 41 renhållning.
767 2517 52 29 En
849 2518 264 41 centralisering
1143 2528 124 31 genom
1298 2524 50 28 att
1380 2523 159 30 överföra
1570 2525 78 29 hela
1679 2534 75 21 ren-
