1884 2796
289 168 39 29 12
659 170 119 30 Andra
798 170 245 40 lagutskottets
1064 170 178 31 utlåtande
1261 180 43 21 nr
1322 171 52 30 46.

331 248 94 30 inom
446 249 110 30 första
576 249 207 30 kammaren

331 311 41 20 nr
396 302 62 30 512
484 312 42 20 av
550 303 121 29 herrar
694 302 205 39 Söderquist
922 304 65 29 och
1010 303 139 39 Björck,
1175 306 91 28 samt

330 355 95 29 inom
448 355 110 30 andra
580 356 207 30 kammaren

330 417 41 20 nr
396 408 61 30 607
484 418 42 20 av
550 409 81 29 herr
657 408 130 31 Wedén
811 419 46 20 m.
880 409 38 39 fl.
942 410 65 29 och

331 470 41 20 nr
397 461 62 30 608
484 471 43 20 av
550 462 121 29 herrar
694 462 100 30 Ståhl
817 463 65 29 och
907 462 141 31 Wedén.

331 515 86 29 Före
440 515 280 39 propositionens
745 515 230 31 avlämnande
999 516 46 30 ha
1066 516 57 30 vid
1147 516 236 31 innevarande
1407 516 57 30 års
1487 516 142 39 riksdag
1653 516 122 30 väckts

287 567 222 40 likalydande
534 568 218 30 motionerna
776 578 43 20 nr
845 568 61 31 194
929 569 12 30 i
965 569 110 30 första
1098 570 209 29 kammaren
1329 579 42 20 av
1394 570 80 29 herr
1498 568 142 31 Andrén
1665 579 46 20 m.
1735 568 39 40 fl.

286 621 65 29 och
372 630 41 20 nr
435 621 63 30 244
519 621 12 30 i
551 621 111 30 andra
682 622 207 30 kammaren
911 631 42 21 av
973 622 81 30 herr
1073 621 228 40 Hjalmarson
1322 631 46 21 m.
1389 622 38 39 fl.

331 674 218 30 Motionerna
577 675 47 30 ha
651 675 183 30 hänvisats
861 675 52 30 till
942 676 192 39 lagutskott
1164 676 65 30 och
1258 676 208 30 behandlats
1496 685 42 21 av
1567 676 109 30 andra
1705 676 71 39 lag-

287 728 169 29 utskottet
477 728 11 29 i
510 728 169 30 samband
701 728 80 30 med
802 728 228 31 förevarande
1051 729 228 40 proposition.

332 780 13 30 I
367 780 223 40 likalydande
613 781 220 31 motionerna
856 781 29 31 I:
900 782 63 30 512
987 782 65 30 och
1074 782 45 30 II:
1135 782 62 30 607
1221 782 192 30 behandlas
1437 782 123 40 frågan
1583 791 57 21 om
1663 784 114 37 uttag-

287 834 84 39 ning
399 843 41 21 av
468 833 235 40 värnpliktiga
733 834 52 30 till
816 835 467 39 underofficersutbildning.
1313 835 179 30 Motionen
1521 835 45 30 II:
1583 835 62 30 608
1676 844 99 21 avser

287 886 134 40 frågan,
440 887 176 30 huruvida
634 896 47 21 nu
701 887 202 40 tillämpade
923 888 307 39 utbildningstider
1250 888 55 30 för
1323 888 236 40 värnpliktiga
1577 889 85 29 böra
1680 889 97 29 över-

287 940 96 30 föras
400 940 78 30 från
495 940 68 30 den
579 940 159 39 gällande
755 941 238 39 provisoriska
1009 941 252 40 förordningen
1278 942 52 29 till
1346 941 309 40 värnpliktslagen.
1674 941 103 30 Lika-

287 993 148 39 lydande
465 993 221 30 motionerna
718 994 28 29 I:
765 993 61 31 194
857 994 65 30 och
952 994 45 30 II:
1014 994 62 30 244
1106 1004 80 21 avse
1217 994 315 39 utbildningstiden
1564 995 55 29 för
1648 1002 129 32 grupp-

287 1046 127 30 chefer.
436 1047 68 29 För
527 1047 41 29 de
591 1047 12 29 i
625 1047 219 29 motionerna
867 1047 124 39 gjorda
1013 1047 302 30 hemställandena
1338 1057 45 20 m.
1407 1057 45 20 m.
1476 1048 185 39 redogöres
1683 1048 11 29 i
1719 1048 57 29 det

287 1099 155 40 följande
466 1100 11 29 i
503 1100 169 29 samband
697 1100 80 29 med
801 1100 256 39 behandlingen
1082 1110 41 21 av
1148 1101 41 29 de
1214 1100 96 30 delar
1336 1110 42 21 av
1401 1101 273 39 propositionen,
1701 1110 75 21 som

285 1153 220 30 motionerna
527 1162 91 21 avse.

332 1206 226 30 Beträffande
584 1206 41 30 de
651 1206 86 34 skäl,
764 1215 76 21 som
865 1206 90 40 ligga
980 1207 53 29 till
1058 1207 113 39 grund
1197 1207 55 30 för
1277 1207 42 30 de
1344 1207 10 29 i
1380 1207 263 40 propositionen
1669 1207 108 29 fram-

286 1259 102 39 lagda
410 1259 186 39 förslagen,
619 1260 164 29 ävensom
805 1259 12 29 i
839 1259 99 39 fråga
959 1269 58 20 om
1038 1259 41 30 de
1102 1260 87 35 skäl,
1210 1260 96 30 vilka
1327 1260 261 30 motionärerna
1610 1260 167 40 åberopat

287 1312 52 29 till
363 1312 76 30 stöd
463 1312 54 30 för
540 1312 75 29 sina
637 1312 193 39 yrkanden,
853 1312 54 30 får
930 1312 180 35 utskottet,
1132 1313 12 29 i
1165 1313 68 29 den
1254 1313 83 30 mån
1359 1313 217 39 redogörelse
1598 1313 122 30 därför
1742 1313 32 40 ej

287 1365 135 30 lämnas
441 1365 10 30 i
470 1365 58 30 det
547 1365 166 39 följande,
733 1365 148 30 hänvisa
899 1365 52 30 till
970 1365 262 40 propositionen
1250 1366 65 30 och
1334 1366 230 30 motionerna.

624 1493 303 49 Propositionens
953 1494 280 49 huvudsakliga
1261 1494 181 38 innehåll.

332 1578 13 29 I
374 1578 169 30 samband
572 1579 79 29 med
679 1588 43 20 en
751 1578 162 31 definitiv
941 1579 171 39 övergång
1140 1579 53 30 till
1222 1580 221 40 inskrivning
1471 1589 43 21 av
1541 1580 235 40 värnpliktiga

287 1631 111 29 under
423 1631 125 30 hösten
574 1631 64 30 och
664 1631 216 40 påbörjande
907 1641 42 21 av
974 1632 279 40 tjänstgöringen
1282 1633 54 30 för
1363 1633 152 30 flertalet
1540 1633 237 40 värnpliktiga

286 1683 59 30 det
367 1684 38 29 år
428 1684 41 30 de
492 1684 86 39 fylla
602 1684 40 30 20
666 1685 38 29 år
728 1684 158 35 föreslås,
909 1687 50 28 att
983 1686 125 29 svensk
1131 1695 85 20 man
1239 1686 89 29 skall
1352 1696 83 20 vara
1458 1686 213 40 värnpliktig
1695 1687 80 29 från

286 1737 66 29 och
376 1737 78 30 med
478 1737 58 30 det
560 1737 207 30 kalenderår
794 1737 110 30 under
928 1738 107 30 vilket
1059 1739 70 29 han
1155 1738 102 39 fyller
1284 1739 39 30 19
1349 1739 48 30 år.

332 1790 47 29 De
404 1799 47 20 nu
476 1790 55 29 för
555 1790 93 29 olika
671 1790 196 39 kategorier
890 1791 235 39 värnpliktiga
1148 1799 125 31 genom
1298 1792 151 30 särskild
1475 1792 205 39 förordning
1705 1792 71 30 tills

286 1842 117 30 vidare
422 1843 200 30 fastställda
639 1843 250 39 obligatoriska
907 1843 392 40 tjänstgöringstiderna
1319 1845 145 30 föreslås
1485 1846 97 30 skola
1600 1845 176 31 inskrivas

285 1895 12 29 i
317 1896 309 39 värnpliktslagen.
648 1896 52 29 En
721 1896 45 40 på
789 1896 157 40 frivilligt
967 1897 170 39 åtagande
1159 1898 160 39 grundad
1341 1898 223 40 förlängning
1586 1909 42 20 av
1649 1898 127 40 tjänst-

285 1948 238 39 göringstiden
547 1949 79 29 med
649 1949 18 29 3
691 1949 168 30 månader
883 1949 146 32 föreslås
1054 1950 54 30 för
1130 1950 94 31 vissa
1248 1951 127 29 flottan
1399 1951 175 30 tilldelade
1598 1952 179 39 värnplik-

285 2001 82 39 tiga.
395 2001 319 40 Utbildningstiden
743 2001 55 30 för
826 2002 232 39 gruppcehefer
1085 2003 147 30 föreslås
1260 2006 23 27 t.
1311 2014 30 20 v.
1371 2004 98 30 skola
1497 2005 191 30 bibehållas
1717 2005 58 30 vid

286 2053 19 30 9
324 2054 185 30 månaders
531 2054 110 30 första
661 2054 245 40 tjänstgöring.

330 2107 147 30 Arméns
509 2108 375 39 repetitionsövningar
915 2108 147 31 föreslås
1093 2110 98 30 skola
1222 2110 175 30 anordnas
1428 2111 11 29 i
1469 2111 259 38 krigsförband.
1761 2112 13 29 I

286 2160 169 30 samband
482 2161 147 29 härmed
656 2160 157 34 föreslås,
842 2163 50 28 att
919 2161 94 31 vissa
1040 2162 12 29 i
1078 2162 299 40 värnpliktslagen
1406 2164 149 38 angivna
1584 2164 191 31 tidsfrister

285 2212 56 30 för
358 2213 234 39 övningarnas
610 2213 218 39 fullgörande
847 2214 98 30 skola
962 2215 126 39 slopas.
1106 2215 386 40 Repetitionsövningar
1510 2217 146 30 föreslås
1676 2218 97 29 skola

286 2265 122 31 kunna
432 2265 171 40 fullgöras
631 2276 41 20 av
699 2266 202 40 flygvapnet
928 2268 175 30 tilldelade
1132 2269 358 40 befälsvärnpliktiga,
1521 2279 74 21 som
1624 2271 153 29 utbildas

285 2318 12 30 i
326 2318 408 41 luftbevakningstjänst.
766 2320 231 39 Tidsspärren
1028 2321 54 30 för
1112 2321 220 40 fullgörande
1362 2332 42 20 av
1433 2323 344 40 beredskapsövning

285 2371 147 31 föreslås
457 2372 99 30 skola
581 2373 124 39 slopas.

330 2425 188 39 Uttagning
544 2425 55 30 för
624 2425 196 40 utbildning
846 2426 51 30 till
921 2427 228 39 värnpliktigt
1173 2428 93 30 befäl
1297 2428 248 40 (gruppchefer
1570 2430 57 29 vid
1653 2431 120 29 armén

284 2478 66 29 och
374 2478 275 34 kustartilleriet,
675 2478 298 31 underofficerare
998 2480 58 30 vid
1081 2481 130 34 armén,
1237 2481 265 30 kustartilleriet
1529 2483 64 29 och
1619 2482 156 41 flygvap-
