1864 2794
479 134 123 29 Första
629 134 245 38 lagutskottets
900 133 179 30 utlåtande
1105 143 42 20 nr
1173 134 49 29 16.
1565 135 35 29 17

96 217 58 30 Ett
175 220 87 28 stort
283 219 94 28 antal
400 217 174 30 instanser
596 218 181 39 avstyrker
799 219 156 28 däremot
978 218 175 39 förslaget.
1177 219 100 31 Flera
1298 219 301 29 remissinstanser

95 267 65 30 har
182 269 86 28 även
292 268 116 30 berört
430 269 40 28 de
494 268 119 38 övriga
637 268 130 39 förslag
790 270 49 27 att
863 268 142 30 komma
1027 269 53 29 till
1104 270 91 29 rätta
1218 271 79 28 med
1321 270 279 30 missförhållan-

95 318 89 30 dena
212 318 94 29 inom
334 318 405 39 avbetalningshandeln,
767 319 94 30 vilka
888 319 214 29 diskuterats
1130 320 11 29 i
1167 320 246 30 betänkandet.
1442 322 51 29 En
1522 323 78 28 när-

97 377 94 21 mare
209 369 216 39 redogörelse
444 369 53 29 för
515 369 231 30 remissvaren
764 369 191 29 återfinnes
973 370 9 28 i
1002 370 262 39 propositionen
1282 371 20 29 å
1319 380 25 20 s.
1363 372 139 29 21—27.

139 462 265 38 Föredragande
422 462 385 39 departementschefen
825 463 63 29 har
906 463 8 28 i
930 463 103 29 dessa
1052 463 116 39 frågor
1186 464 118 30 anfört
1321 464 43 29 bl.
1383 474 28 20 a.
1431 464 167 39 följande.

142 512 376 40 »Avbetalningsköpet
534 513 113 39 spelar
664 522 41 20 en
723 513 263 31 framträdande
1003 514 65 29 roll
1084 514 95 29 inom
1197 516 94 28 stora
1307 515 94 29 delar
1418 525 41 20 av
1476 516 123 39 detalj-

95 561 160 31 handeln.
278 562 114 37 Enligt
411 572 42 20 en
473 563 38 29 år
535 563 78 29 1949
635 563 169 37 framlagd
825 563 260 38 undersökning
1109 564 51 34 (se
1183 564 83 31 SOU
1290 564 98 31 1949:
1405 565 40 30 38
1467 575 25 20 s.
1514 565 87 30 54—

94 612 58 34 62)
177 613 162 39 utgjorde
359 613 148 30 sålunda
526 613 38 30 år
587 613 82 30 1948
689 614 519 40 avbetalningsförsäljningens
1229 616 102 30 andel
1351 625 42 20 av
1412 617 40 29 de
1472 617 126 30 under-

94 663 101 31 sökta
215 664 198 39 företagens
433 664 79 30 hela
533 663 323 41 detaljförsäljning
877 665 39 30 65
937 667 145 37 procent
1103 665 55 31 för
1177 666 358 40 hushållsapparater,
1557 667 39 30 37

94 716 143 37 procent
263 714 55 30 för
343 714 296 40 radioapparater,
666 715 40 30 35
732 718 144 37 procent
902 715 55 30 för
983 716 377 35 lantbruksmaskiner,
1388 718 40 29 29
1454 719 144 38 procent

95 764 55 30 för
176 764 344 35 musikinstrument,
549 766 39 30 23
616 768 143 37 procent
787 765 54 31 för
867 766 99 34 bilar,
995 766 41 31 24
1063 769 144 37 procent
1235 767 55 31 för
1317 768 120 39 cyklar
1464 768 65 30 och
1559 768 39 30 19

94 817 143 36 procent
256 815 55 31 för
330 816 141 30 möbler.
491 816 66 30 Vid
576 816 215 31 bedömande
811 825 42 21 av
872 817 101 30 dessa
993 817 122 31 siffror
1135 818 110 29 måste
1265 818 89 30 dock
1372 819 155 34 beaktas,
1548 820 50 29 att

94 865 278 40 varutillgången
399 867 111 30 under
537 867 83 29 åren
647 868 157 29 närmast
831 867 87 30 efter
945 868 111 30 andra
1083 869 233 39 världskriget
1343 869 88 30 varit
1458 870 140 39 mycket

95 916 169 30 växlande
281 917 65 29 och
364 919 50 28 att
432 918 396 39 avbetalningshandeln
846 920 79 29 med
943 919 89 30 bilar
1050 919 178 31 sannolikt
1247 929 60 21 var
1325 920 143 30 särskilt
1486 920 55 40 låg
1559 920 39 30 år

96 966 83 30 1948
198 967 171 30 beroende
387 967 44 40 på
451 968 431 39 importrestriktionerna.
903 970 65 29 Det
989 969 155 39 framgår
1162 970 119 30 vidare
1301 980 42 20 av
1361 972 156 29 nämnda
1535 980 63 21 un-

94 1017 222 40 dersökning,
336 1020 50 28 att
404 1019 398 39 avbetalningshandeln
819 1019 11 29 i
849 1021 40 29 de
910 1020 215 30 undersökta
1145 1020 180 40 företagen
1343 1022 155 29 minskat
1518 1022 79 29 från

93 1067 68 34 48,2
184 1071 143 36 procent
351 1069 38 29 år
415 1069 84 30 1944
522 1069 54 30 till
599 1069 67 34 39,8
688 1072 144 37 procent
856 1070 38 30 år
921 1070 93 30 1948.
1040 1071 123 30 Denna
1187 1073 145 28 tendens
1357 1072 52 30 till
1433 1072 165 30 minskad

93 1118 371 40 avbetalningshandel
487 1119 212 31 framträder
722 1122 95 29 ännu
841 1121 170 39 tydligare
1034 1121 58 30 vid
1116 1132 42 19 en
1180 1122 204 39 jämförelse
1408 1124 79 30 med
1511 1125 87 27 mot-

94 1169 170 30 svarande
285 1170 121 30 siffror
427 1170 54 31 för
502 1170 38 30 år
563 1171 92 30 1932.
677 1172 82 29 Man
778 1172 97 29 torde
897 1172 89 29 dock
1006 1172 87 39 våga
1113 1175 137 37 antaga,
1272 1174 50 29 att
1343 1174 254 40 avbetalnings-

93 1219 153 31 handeln
268 1220 153 39 alltjämt
444 1221 276 40 genomsnittligt
743 1224 258 38 representerar
1025 1223 162 40 omkring
1210 1233 42 21 en
1275 1224 168 39 tredjedel
1467 1233 42 21 av
1531 1225 64 30 den

95 1270 106 30 totala
228 1271 265 39 detaljhandeln
520 1272 96 30 inom
643 1273 132 40 viktiga
801 1273 200 30 branscher.
1030 1274 75 29 Den
1132 1274 304 40 omständigheten
1464 1277 50 29 att
1542 1285 56 20 av-

94 1321 369 39 betalningshandelns
488 1323 103 29 andel
619 1333 42 20 av
683 1324 350 39 totalomsättningen
1057 1325 157 30 minskat
1238 1326 144 30 innebär
1408 1326 55 31 för
1488 1326 111 39 övrigt

90 1371 84 33 icke,
190 1373 50 28 att
256 1372 414 40 avbetalningshandelns
686 1374 116 39 volym
817 1374 151 39 nedgått.
986 1375 363 40 Totalomsättningen
1365 1376 95 29 inom
1475 1376 124 39 detalj-

93 1422 153 30 handeln
265 1424 38 28 är
322 1423 176 39 nämligen
517 1433 47 20 nu
584 1425 185 39 väsentligt
789 1426 109 29 större
918 1426 45 28 än
982 1425 10 29 i
1011 1425 127 39 början
1157 1435 42 20 av
1220 1427 193 29 1930-talet.

137 1472 424 40 Avbetalningshandelns
583 1474 153 39 alltjämt
756 1475 140 39 mycket
917 1476 95 30 stora
1034 1476 213 39 omfattning
1269 1477 64 29 och
1354 1477 143 31 särskilt
1519 1478 78 29 dess

93 1523 307 40 branschmässiga
430 1524 196 40 inriktning
656 1525 93 30 visar
781 1525 124 40 tydligt
937 1527 67 29 den
1037 1528 93 30 stora
1163 1527 129 30 sociala
1323 1527 201 39 betydelsen
1556 1536 41 21 av

94 1573 113 31 denna
228 1573 220 31 kreditform.
471 1575 179 34 Personer,
673 1576 95 30 vilka
790 1576 129 30 saknar
941 1577 57 30 det
1020 1576 134 40 kapital
1177 1586 76 21 som
1275 1577 137 31 fordras
1436 1578 54 30 för
1513 1579 84 29 kon-

94 1624 156 40 tantköp,
269 1626 85 29 sätts
372 1633 124 31 genom
512 1626 409 40 avbetalningssystemet
938 1628 10 28 i
965 1627 103 30 stånd
1084 1629 51 28 att
1150 1628 143 30 bedriva
1309 1638 42 20 en
1367 1637 84 31 egen
1468 1629 129 30 rörelse

93 1675 64 29 och
174 1676 66 29 den
257 1677 94 29 stora
368 1676 222 39 köparkåren
607 1677 53 30 får
677 1676 183 41 möjlighet
876 1679 51 29 att
943 1678 163 31 förvärva
1123 1678 158 35 föremål,
1299 1688 75 21 som
1391 1679 100 40 eljest
1507 1679 91 31 varit

92 1724 223 41 oåtkomliga.
340 1726 372 41 Avbetalningsköpets
737 1730 94 28 stora
854 1728 128 31 sociala
1005 1729 63 30 och
1092 1729 231 31 ekonomiska
1344 1730 175 39 betydelse
1543 1730 54 30 får

94 1775 106 31 likväl
218 1776 75 30 icke
313 1777 285 40 undanskymma
617 1779 56 29 det
693 1779 149 34 faktum,
863 1781 49 28 att
932 1780 115 29 denna
1066 1780 210 30 kreditform
1296 1782 37 28 är
1353 1781 146 30 förenad
1519 1781 77 30 med

91 1827 222 39 olägenheter
330 1838 42 20 av
386 1829 94 30 olika
497 1829 82 40 slag.
597 1830 164 30 Tvärtom
778 1831 106 38 ligger
901 1832 57 29 det
975 1832 9 28 i
1002 1832 126 29 sakens
1146 1834 113 32 natur,
1277 1833 49 29 att
1343 1832 256 41 avbetalnings-

93 1879 166 36 systemet
278 1879 71 28 kan
368 1878 229 30 missbrukas.
617 1880 185 29 Lättheten
821 1881 49 28 att
890 1881 78 29 med
988 1890 42 19 en
1049 1881 73 29 ofta
1142 1881 174 39 obetydlig
1335 1882 261 30 kontantinsats

93 1927 36 29 få
149 1928 324 39 förfoganderätten
493 1930 81 29 över
595 1939 41 21 en
657 1930 64 29 sak
740 1930 70 29 kan
832 1930 143 39 givetvis
997 1931 100 29 locka
1116 1941 44 20 en
1181 1931 222 30 ekonomiskt
1424 1932 173 30 oförstån-

93 1978 57 40 dig
171 1987 126 30 person
320 1979 51 29 till
392 1979 142 34 affärer,
556 1989 75 20 som
652 1980 70 30 han
744 1980 10 29 i
776 1981 56 28 det
854 1980 101 39 långa
978 1981 117 39 loppet
1117 1981 29 39 ej
1172 1981 132 30 förmår
1327 1982 165 39 fullfölja,
1515 1983 82 29 eller

93 2030 50 28 att
168 2029 91 39 köpa
285 2030 101 29 saker
411 2030 63 29 och
501 2030 83 40 ting,
610 2040 41 20 av
676 2030 94 30 vilka
794 2031 70 29 han
889 2031 75 29 icke
990 2032 64 29 har
1079 2032 104 39 något
1209 2033 164 39 egentligt
1398 2033 120 30 behov.
1545 2034 51 29 En

93 2079 135 30 mindre
249 2081 204 38 nogräknad
474 2081 128 39 säljare
622 2082 69 28 kan
712 2082 63 29 lätt
795 2082 156 39 utnyttja
971 2083 94 29 detta
1087 2082 219 31 förhållande
1327 2083 51 30 till
1399 2084 54 29 sin
1474 2083 122 31 fördel.

94 2129 117 30 Skulle
235 2130 220 31 avtalsfrihet
477 2131 45 39 på
544 2131 157 29 området
724 2132 95 33 råda,
843 2132 117 30 kunde
985 2132 153 40 säljaren
1162 2133 87 30 både
1272 2134 10 28 i
1306 2134 118 38 dylika
1447 2135 62 29 fall
1533 2135 64 29 och

92 2180 88 30 även
203 2180 58 30 vid
286 2180 80 30 fullt
391 2181 106 39 lojala
523 2182 375 39 avbetalningsaffärer
924 2183 63 29 lätt
1013 2183 200 31 missbruka
1239 2185 66 29 den
1330 2185 267 38 maktställning

94 2239 75 20 som
199 2231 435 38 äganderättsförbehållet
664 2240 57 31 ger
751 2233 131 29 honom
913 2241 125 30 genom
1069 2235 50 28 att
1150 2235 176 38 uppställa
1357 2235 53 29 för
1442 2235 155 39 köparen

93 2280 139 38 mycket
260 2282 142 37 stränga
429 2281 325 40 betalningsvillkor
783 2283 64 28 och
876 2283 418 30 förverkandeförbehåll.
1325 2286 108 28 Dessa
1461 2285 137 39 olägen-

93 2329 96 30 heter
211 2329 65 31 har
299 2340 80 20 man
403 2331 79 30 sökt
505 2333 50 28 att
578 2332 9 29 i
611 2332 183 38 görligaste
818 2333 81 29 mån
923 2334 181 30 motverka
1127 2342 125 31 genom
1274 2336 50 28 att
1349 2334 50 29 till
1423 2335 174 39 köparens

92 2379 114 39 skydd
227 2381 174 38 uppställa
421 2384 48 27 ett
489 2382 223 38 regelsystem
733 2392 41 20 av
795 2383 186 39 tvingande
1001 2384 178 30 karaktär.
1200 2385 102 29 Detta
1323 2385 129 29 skedde
1473 2393 124 30 genom

97 2430 80 30 1915
200 2430 56 29 års
280 2431 307 40 avbetalningslag.
611 2433 63 29 Det
696 2433 117 30 visade
836 2433 51 40 sig
908 2434 205 34 emellertid,
1136 2436 50 28 att
1208 2435 57 29 det
1288 2435 147 30 sålunda
1458 2436 139 29 införda

123 2497 16 24 2
181 2500 110 28 Bihang
305 2500 45 22 till
363 2500 168 30 riksdagens
544 2501 145 29 protokoll
705 2501 72 23 1953.
799 2502 14 22 9
825 2502 83 23 saml.
932 2503 9 21 1
956 2502 62 23 avd.
1035 2505 36 22 Nr
1091 2504 38 22 16.
