2242 2616
401 216 39 31 10

906 217 252 32 Statsutskottets
1179 218 169 31 utlåtande
1371 219 51 30 Nr
1443 222 50 28 42.

503 300 52 31 Av
588 299 93 31 detta
714 300 90 30 avtal
837 302 58 29 äro
929 300 205 41 upprättade
1167 303 55 29 två
1256 302 180 41 exemplar,
1471 303 102 32 därav
1596 304 288 34 kontrahenterna
1907 307 85 42 tagit

398 342 51 32 ett
470 341 168 32 vardera.»

499 418 17 37 I
543 418 168 50 enlighet
738 419 84 36 med
850 418 140 49 Kungl.
1020 418 127 51 Maj:ts
1175 420 142 49 förslag
1343 421 213 38 hemställer
1583 424 194 49 utskottet,

899 501 55 31 att
982 496 203 48 riksdagen
1212 500 60 33 må

897 547 34 48 a)
960 547 231 50 bemyndiga
1231 549 144 49 Kungi.
1417 551 107 48 Maj:t
1566 558 53 30 att
1654 553 207 48 godkänna
1888 554 100 37 det
1962 543 28 62 i

794 600 409 48 statsrådsprotokollet
1231 605 89 33 över
1339 602 329 38 försvarsärenden
1688 605 73 36 den
1783 608 21 33 9
1827 606 161 37 februari

796 653 97 34 1923
939 652 238 36 omförmälta
1216 652 213 50 bytesavtal
1470 655 137 36 mellan
1648 655 216 51 Göteborgs
1906 657 82 38 stad

792 713 138 38 gehom
972 703 85 37 dess
1099 703 342 50 drätselkammare,
1470 709 21 33 å
1519 720 80 34 ena,
1628 714 96 30 samt
1765 707 134 38 chefen
1931 710 58 36 för

794 753 100 38 Göta
933 755 367 49 artilleriregemente
1328 759 20 34 å
1375 756 141 50 Kungl.
1560 759 126 49 Maj:ts
1723 760 69 36 och
1821 759 166 38 kronans

792 811 157 44 vägnar,
978 810 21 33 å
1026 807 116 36 andra
1170 807 120 47 sidan,

895 857 38 49 b)
962 858 186 49 medgiva,
1193 865 56 30 att
1290 873 47 23 av
1379 860 61 37 det
1480 860 150 51 belopp,
1659 864 141 47 40,000
1837 864 149 45 kronor,

791 922 82 23 som
901 909 129 38 staden
1060 910 118 49 enligt
1204 911 122 50 punkt
1354 914 21 33 2
1394 912 12 36 i
1426 913 138 36 avtalet
1591 914 66 36 har
1680 920 55 31 att
1755 916 156 48 erlägga
1930 915 58 37 för

790 960 46 37 de
864 961 11 36 i
904 975 143 23 samma
1073 962 121 50 punkt
1221 963 248 37 omförmälda
1499 964 235 50 byggnader,
1764 967 113 46 3,000
1901 967 85 37 kro-

790 1026 69 23 nor
885 1016 60 33 må
973 1014 192 37 användas
1194 1015 59 36 för
1280 1015 204 37 inredande
1512 1029 47 24 av
1582 1030 47 23 en
1648 1018 336 38 snickeriverkstad

789 1064 71 37 och
894 1067 138 45 37,000
1062 1066 138 37 kronor
1227 1069 62 34 må
1315 1065 262 51 tillgodoföras
1605 1069 185 37 ordinarie
1817 1082 168 25 reserva-

789 1116 273 50 tionsanslaget
1081 1118 56 35 till
1159 1118 239 49 byggnader,
1418 1120 234 49 övningsfält
1672 1121 70 36 och
1762 1122 224 49 skjutbanor

789 1173 97 31 såmt
927 1168 151 37 särskilt
1105 1169 179 37 bokföras
1312 1170 58 36 för
1397 1176 53 31 att
1479 1171 199 38 framdeles
1705 1173 195 36 användas
1928 1173 56 37 till

788 1219 235 49 uppförande
1072 1233 48 23 av
1159 1234 45 23 en
1246 1221 183 50 byggnad
1471 1223 58 36 för
1569 1223 315 50 hästsjukvården
1921 1225 63 37 vid

788 1269 101 38 Göta
916 1272 381 49 artilleriregemente.

492 1335 218 39 Stockholm
739 1334 72 41 den
841 1339 47 36 10
916 1340 92 49 april
1039 1342 108 35 1923.

492 1681 258 31 Närvarande:

901 1443 53 36 På
981 1444 297 37 statsutskottets
1306 1450 160 44 vägnar:

927 1528 35 38 S,
994 1530 46 36 H.
1069 1530 370 39 KVARNZELIUS.

787 1694 33 19 se
842 1686 103 28 under
967 1686 182 29 utlåtandet
1171 1697 38 18 nr
1232 1688 48 28 38.

839 2335 174 30 Stockholm,
1031 2336 34 24 K.
1085 2337 30 23 L.
1134 2337 159 25 Beckmans
1312 2338 106 31 Boktr.,
1438 2340 77 24 1923.
