<?xml version="1.0" encoding="UTF-8"?>
<alto xmlns="http://www.loc.gov/standards/alto/ns-v3#" xmlns:xlink="http://www.w3.org/1999/xlink" xmlns:xsi="http://www.w3.org/2001/XMLSchema-instance" xsi:schemaLocation="http://www.loc.gov/standards/alto/ns-v3# http://www.loc.gov/alto/v3/alto-3-0.xsd">
	<Description>
		<MeasurementUnit>pixel</MeasurementUnit>
		<sourceImageInformation>
			<fileName>/tmp/tess_f8ct2jsn_input.PNG</fileName>
		</sourceImageInformation>
		<OCRProcessing ID="OCR_0">
			<ocrProcessingStep>
				<processingSoftware>
					<softwareName>tesseract 5.3.0</softwareName>
				</processingSoftware>
			</ocrProcessingStep>
		</OCRProcessing>
	</Description>
	<Layout>
		<Page WIDTH="1886" HEIGHT="2820" PHYSICAL_IMG_NR="0" ID="page_0">
			<PrintSpace HPOS="0" VPOS="0" WIDTH="1886" HEIGHT="2820">
				<ComposedBlock ID="cblock_0" HPOS="268" VPOS="188" WIDTH="1064" HEIGHT="34">
					<TextBlock ID="block_0" HPOS="268" VPOS="188" WIDTH="1064" HEIGHT="34">
						<TextLine ID="line_0" HPOS="268" VPOS="188" WIDTH="1064" HEIGHT="34">
							<String ID="string_0" HPOS="268" VPOS="188" WIDTH="17" HEIGHT="27" WC="0.96" CONTENT="2"/><SP WIDTH="414" VPOS="188" HPOS="285"/>
							<String ID="string_1" HPOS="699" VPOS="190" WIDTH="311" HEIGHT="30" WC="0.91" CONTENT="Bankoutskottets"/><SP WIDTH="24" VPOS="190" HPOS="1010"/>
							<String ID="string_2" HPOS="1034" VPOS="193" WIDTH="182" HEIGHT="28" WC="0.95" CONTENT="memorial"/><SP WIDTH="22" VPOS="193" HPOS="1216"/>
							<String ID="string_3" HPOS="1238" VPOS="202" WIDTH="42" HEIGHT="19" WC="0.95" CONTENT="nr"/><SP WIDTH="23" VPOS="202" HPOS="1280"/>
							<String ID="string_4" HPOS="1303" VPOS="194" WIDTH="29" HEIGHT="28" WC="0.96" CONTENT="2."/>
						</TextLine>
					</TextBlock>
				</ComposedBlock>
				<ComposedBlock ID="cblock_1" HPOS="309" VPOS="472" WIDTH="1416" HEIGHT="60">
					<TextBlock ID="block_1" HPOS="309" VPOS="472" WIDTH="1416" HEIGHT="60">
						<TextLine ID="line_1" HPOS="309" VPOS="472" WIDTH="1416" HEIGHT="60">
							<String ID="string_5" HPOS="309" VPOS="472" WIDTH="318" HEIGHT="53" WC="0.95" CONTENT="Fullmäktiges"/><SP WIDTH="19" VPOS="472" HPOS="627"/>
							<String ID="string_6" HPOS="646" VPOS="476" WIDTH="13" HEIGHT="37" WC="0.93" CONTENT="i"/><SP WIDTH="20" VPOS="476" HPOS="659"/>
							<String ID="string_7" HPOS="679" VPOS="476" WIDTH="432" HEIGHT="50" WC="0.91" CONTENT="riksgäldskontoret"/><SP WIDTH="20" VPOS="476" HPOS="1111"/>
							<String ID="string_8" HPOS="1131" VPOS="478" WIDTH="238" HEIGHT="40" WC="0.96" CONTENT="berättelse"/><SP WIDTH="20" VPOS="478" HPOS="1369"/>
							<String ID="string_9" HPOS="1389" VPOS="480" WIDTH="63" HEIGHT="39" WC="0.95" CONTENT="till"/><SP WIDTH="20" VPOS="480" HPOS="1452"/>
							<String ID="string_10" HPOS="1472" VPOS="481" WIDTH="253" HEIGHT="51" WC="0.96" CONTENT="riksdagen."/>
						</TextLine>
					</TextBlock>
				</ComposedBlock>
				<ComposedBlock ID="cblock_2" HPOS="266" VPOS="576" WIDTH="1504" HEIGHT="740">
					<TextBlock ID="block_2" HPOS="269" VPOS="576" WIDTH="1501" HEIGHT="193">
						<TextLine ID="line_2" HPOS="315" VPOS="576" WIDTH="1455" HEIGHT="44">
							<String ID="string_11" HPOS="315" VPOS="576" WIDTH="232" HEIGHT="39" WC="0.96" CONTENT="Fullmäktige"/><SP WIDTH="23" VPOS="576" HPOS="547"/>
							<String ID="string_12" HPOS="570" VPOS="578" WIDTH="10" HEIGHT="28" WC="0.93" CONTENT="i"/><SP WIDTH="21" VPOS="578" HPOS="580"/>
							<String ID="string_13" HPOS="601" VPOS="578" WIDTH="337" HEIGHT="39" WC="0.92" CONTENT="riksgäldskontoret"/><SP WIDTH="22" VPOS="578" HPOS="938"/>
							<String ID="string_14" HPOS="960" VPOS="580" WIDTH="35" HEIGHT="29" WC="0.96" CONTENT="få"/><SP WIDTH="19" VPOS="580" HPOS="995"/>
							<String ID="string_15" HPOS="1014" VPOS="581" WIDTH="146" HEIGHT="29" WC="0.96" CONTENT="härmed"/><SP WIDTH="18" VPOS="581" HPOS="1160"/>
							<String ID="string_16" HPOS="1178" VPOS="581" WIDTH="141" HEIGHT="39" WC="0.93" CONTENT="jämlikt"/><SP WIDTH="23" VPOS="581" HPOS="1319"/>
							<String ID="string_17" HPOS="1342" VPOS="583" WIDTH="15" HEIGHT="35" WC="0.93" CONTENT="$"/><SP WIDTH="22" VPOS="583" HPOS="1357"/>
							<String ID="string_18" HPOS="1379" VPOS="583" WIDTH="35" HEIGHT="29" WC="0.96" CONTENT="51"/><SP WIDTH="26" VPOS="583" HPOS="1414"/>
							<String ID="string_19" HPOS="1440" VPOS="593" WIDTH="41" HEIGHT="20" WC="0.96" CONTENT="av"/><SP WIDTH="20" VPOS="593" HPOS="1481"/>
							<String ID="string_20" HPOS="1501" VPOS="584" WIDTH="57" HEIGHT="30" WC="0.96" CONTENT="det"/><SP WIDTH="20" VPOS="584" HPOS="1558"/>
							<String ID="string_21" HPOS="1578" VPOS="584" WIDTH="55" HEIGHT="29" WC="0.96" CONTENT="för"/><SP WIDTH="19" VPOS="584" HPOS="1633"/>
							<String ID="string_22" HPOS="1652" VPOS="585" WIDTH="118" HEIGHT="29" WC="0.95" CONTENT="verket"/>
						</TextLine>
						<TextLine ID="line_3" HPOS="269" VPOS="626" WIDTH="1501" HEIGHT="48">
							<String ID="string_23" HPOS="269" VPOS="626" WIDTH="159" HEIGHT="38" WC="0.96" CONTENT="gällande"/><SP WIDTH="26" VPOS="626" HPOS="428"/>
							<String ID="string_24" HPOS="454" VPOS="628" WIDTH="224" HEIGHT="38" WC="0.93" CONTENT="reglementet"/><SP WIDTH="27" VPOS="628" HPOS="678"/>
							<String ID="string_25" HPOS="705" VPOS="630" WIDTH="119" HEIGHT="38" WC="0.92" CONTENT="avgiva"/><SP WIDTH="24" VPOS="630" HPOS="824"/>
							<String ID="string_26" HPOS="848" VPOS="630" WIDTH="182" HEIGHT="30" WC="0.96" CONTENT="berättelse"/><SP WIDTH="25" VPOS="630" HPOS="1030"/>
							<String ID="string_27" HPOS="1055" VPOS="641" WIDTH="57" HEIGHT="20" WC="0.92" CONTENT="om"/><SP WIDTH="25" VPOS="641" HPOS="1112"/>
							<String ID="string_28" HPOS="1137" VPOS="632" WIDTH="354" HEIGHT="39" WC="0.90" CONTENT="riksgäldskontorets"/><SP WIDTH="26" VPOS="632" HPOS="1491"/>
							<String ID="string_29" HPOS="1517" VPOS="635" WIDTH="166" HEIGHT="39" WC="0.96" CONTENT="ställning"/><SP WIDTH="23" VPOS="635" HPOS="1683"/>
							<String ID="string_30" HPOS="1706" VPOS="636" WIDTH="64" HEIGHT="29" WC="0.96" CONTENT="och"/>
						</TextLine>
						<TextLine ID="line_4" HPOS="271" VPOS="677" WIDTH="1497" HEIGHT="44">
							<String ID="string_31" HPOS="271" VPOS="677" WIDTH="212" HEIGHT="40" WC="0.96" CONTENT="förvaltning"/><SP WIDTH="26" VPOS="677" HPOS="483"/>
							<String ID="string_32" HPOS="509" VPOS="680" WIDTH="112" HEIGHT="28" WC="0.96" CONTENT="under"/><SP WIDTH="26" VPOS="680" HPOS="621"/>
							<String ID="string_33" HPOS="647" VPOS="680" WIDTH="65" HEIGHT="29" WC="0.96" CONTENT="den"/><SP WIDTH="28" VPOS="680" HPOS="712"/>
							<String ID="string_34" HPOS="740" VPOS="681" WIDTH="58" HEIGHT="33" WC="0.96" CONTENT="tid,"/><SP WIDTH="30" VPOS="681" HPOS="798"/>
							<String ID="string_35" HPOS="828" VPOS="690" WIDTH="74" HEIGHT="20" WC="0.96" CONTENT="som"/><SP WIDTH="26" VPOS="690" HPOS="902"/>
							<String ID="string_36" HPOS="928" VPOS="681" WIDTH="152" HEIGHT="31" WC="0.96" CONTENT="förflutit"/><SP WIDTH="31" VPOS="681" HPOS="1080"/>
							<String ID="string_37" HPOS="1111" VPOS="683" WIDTH="104" HEIGHT="29" WC="0.95" CONTENT="sedan"/><SP WIDTH="27" VPOS="683" HPOS="1215"/>
							<String ID="string_38" HPOS="1242" VPOS="684" WIDTH="238" HEIGHT="37" WC="0.96" CONTENT="fullmäktiges"/><SP WIDTH="27" VPOS="684" HPOS="1480"/>
							<String ID="string_39" HPOS="1507" VPOS="685" WIDTH="183" HEIGHT="30" WC="0.96" CONTENT="berättelse"/><SP WIDTH="27" VPOS="685" HPOS="1690"/>
							<String ID="string_40" HPOS="1717" VPOS="686" WIDTH="51" HEIGHT="29" WC="0.96" CONTENT="till"/>
						</TextLine>
						<TextLine ID="line_5" HPOS="272" VPOS="727" WIDTH="469" HEIGHT="42">
							<String ID="string_41" HPOS="272" VPOS="727" WIDTH="84" HEIGHT="29" WC="0.96" CONTENT="1948"/><SP WIDTH="18" VPOS="727" HPOS="356"/>
							<String ID="string_42" HPOS="374" VPOS="728" WIDTH="56" HEIGHT="29" WC="0.96" CONTENT="års"/><SP WIDTH="18" VPOS="728" HPOS="430"/>
							<String ID="string_43" HPOS="448" VPOS="729" WIDTH="142" HEIGHT="39" WC="0.96" CONTENT="riksdag"/><SP WIDTH="17" VPOS="729" HPOS="590"/>
							<String ID="string_44" HPOS="607" VPOS="738" WIDTH="134" HEIGHT="31" WC="0.96" CONTENT="avgavs."/>
						</TextLine>
					</TextBlock>
					<TextBlock ID="block_3" HPOS="266" VPOS="779" WIDTH="1503" HEIGHT="537">
						<TextLine ID="line_6" HPOS="314" VPOS="779" WIDTH="1455" HEIGHT="46">
							<String ID="string_45" HPOS="314" VPOS="779" WIDTH="131" HEIGHT="29" WC="0.95" CONTENT="Härvid"/><SP WIDTH="23" VPOS="779" HPOS="445"/>
							<String ID="string_46" HPOS="468" VPOS="779" WIDTH="84" HEIGHT="39" WC="0.95" CONTENT="vilja"/><SP WIDTH="27" VPOS="779" HPOS="552"/>
							<String ID="string_47" HPOS="579" VPOS="780" WIDTH="220" HEIGHT="40" WC="0.96" CONTENT="fullmäktige"/><SP WIDTH="25" VPOS="780" HPOS="799"/>
							<String ID="string_48" HPOS="824" VPOS="782" WIDTH="115" HEIGHT="30" WC="0.96" CONTENT="erinra"/><SP WIDTH="25" VPOS="782" HPOS="939"/>
							<String ID="string_49" HPOS="964" VPOS="792" WIDTH="55" HEIGHT="20" WC="0.96" CONTENT="om"/><SP WIDTH="28" VPOS="792" HPOS="1019"/>
							<String ID="string_50" HPOS="1047" VPOS="785" WIDTH="50" HEIGHT="28" WC="0.92" CONTENT="att"/><SP WIDTH="25" VPOS="785" HPOS="1097"/>
							<String ID="string_51" HPOS="1122" VPOS="784" WIDTH="336" HEIGHT="39" WC="0.91" CONTENT="riksgäldskontoret"/><SP WIDTH="25" VPOS="784" HPOS="1458"/>
							<String ID="string_52" HPOS="1483" VPOS="786" WIDTH="55" HEIGHT="29" WC="0.97" CONTENT="för"/><SP WIDTH="25" VPOS="786" HPOS="1538"/>
							<String ID="string_53" HPOS="1563" VPOS="787" WIDTH="96" HEIGHT="38" WC="0.93" CONTENT="varje"/><SP WIDTH="26" VPOS="787" HPOS="1659"/>
							<String ID="string_54" HPOS="1685" VPOS="787" WIDTH="84" HEIGHT="29" WC="0.92" CONTENT="bud-"/>
						</TextLine>
						<TextLine ID="line_7" HPOS="268" VPOS="829" WIDTH="1501" HEIGHT="44">
							<String ID="string_55" HPOS="268" VPOS="829" WIDTH="176" HEIGHT="39" WC="0.92" CONTENT="getperiod"/><SP WIDTH="22" VPOS="829" HPOS="444"/>
							<String ID="string_56" HPOS="466" VPOS="832" WIDTH="99" HEIGHT="36" WC="0.96" CONTENT="utger"/><SP WIDTH="25" VPOS="832" HPOS="565"/>
							<String ID="string_57" HPOS="590" VPOS="840" WIDTH="43" HEIGHT="19" WC="0.96" CONTENT="en"/><SP WIDTH="23" VPOS="840" HPOS="633"/>
							<String ID="string_58" HPOS="656" VPOS="831" WIDTH="135" HEIGHT="34" WC="0.96" CONTENT="årsbok,"/><SP WIDTH="25" VPOS="831" HPOS="791"/>
							<String ID="string_59" HPOS="816" VPOS="833" WIDTH="74" HEIGHT="29" WC="0.96" CONTENT="vari"/><SP WIDTH="24" VPOS="833" HPOS="890"/>
							<String ID="string_60" HPOS="914" VPOS="833" WIDTH="166" HEIGHT="39" WC="0.96" CONTENT="utförliga"/><SP WIDTH="23" VPOS="833" HPOS="1080"/>
							<String ID="string_61" HPOS="1103" VPOS="834" WIDTH="235" HEIGHT="39" WC="0.96" CONTENT="redogörelser"/><SP WIDTH="23" VPOS="834" HPOS="1338"/>
							<String ID="string_62" HPOS="1361" VPOS="836" WIDTH="134" HEIGHT="30" WC="0.96" CONTENT="lämnas"/><SP WIDTH="15" VPOS="836" HPOS="1495"/>
							<String ID="string_63" HPOS="1510" VPOS="837" WIDTH="55" HEIGHT="29" WC="0.96" CONTENT="för"/><SP WIDTH="13" VPOS="837" HPOS="1565"/>
							<String ID="string_64" HPOS="1578" VPOS="837" WIDTH="191" HEIGHT="30" WC="0.96" CONTENT="inträffade"/>
						</TextLine>
						<TextLine ID="line_8" HPOS="267" VPOS="879" WIDTH="1501" HEIGHT="48">
							<String ID="string_65" HPOS="267" VPOS="879" WIDTH="246" HEIGHT="40" WC="0.96" CONTENT="förändringar"/><SP WIDTH="28" VPOS="879" HPOS="513"/>
							<String ID="string_66" HPOS="541" VPOS="881" WIDTH="10" HEIGHT="28" WC="0.93" CONTENT="i"/><SP WIDTH="30" VPOS="881" HPOS="551"/>
							<String ID="string_67" HPOS="581" VPOS="882" WIDTH="356" HEIGHT="37" WC="0.91" CONTENT="riksgäldskontorets"/><SP WIDTH="29" VPOS="882" HPOS="937"/>
							<String ID="string_68" HPOS="966" VPOS="884" WIDTH="167" HEIGHT="39" WC="0.96" CONTENT="ställning"/><SP WIDTH="29" VPOS="884" HPOS="1133"/>
							<String ID="string_69" HPOS="1162" VPOS="886" WIDTH="62" HEIGHT="29" WC="0.96" CONTENT="och"/><SP WIDTH="14" VPOS="886" HPOS="1224"/>
							<String ID="string_70" HPOS="1238" VPOS="886" WIDTH="55" HEIGHT="29" WC="0.96" CONTENT="för"/><SP WIDTH="14" VPOS="886" HPOS="1293"/>
							<String ID="string_71" HPOS="1307" VPOS="887" WIDTH="42" HEIGHT="29" WC="0.93" CONTENT="de"/><SP WIDTH="15" VPOS="887" HPOS="1349"/>
							<String ID="string_72" HPOS="1364" VPOS="886" WIDTH="404" HEIGHT="41" WC="0.91" CONTENT="förvaltningsåtgärder,"/>
						</TextLine>
						<TextLine ID="line_9" HPOS="267" VPOS="930" WIDTH="1502" HEIGHT="44">
							<String ID="string_73" HPOS="267" VPOS="938" WIDTH="74" HEIGHT="21" WC="0.96" CONTENT="som"/><SP WIDTH="21" VPOS="938" HPOS="341"/>
							<String ID="string_74" HPOS="362" VPOS="940" WIDTH="42" HEIGHT="20" WC="0.96" CONTENT="av"/><SP WIDTH="17" VPOS="940" HPOS="404"/>
							<String ID="string_75" HPOS="421" VPOS="930" WIDTH="220" HEIGHT="40" WC="0.96" CONTENT="fullmäktige"/><SP WIDTH="12" VPOS="930" HPOS="641"/>
							<String ID="string_76" HPOS="653" VPOS="933" WIDTH="162" HEIGHT="38" WC="0.96" CONTENT="vidtagits"/><SP WIDTH="13" VPOS="933" HPOS="815"/>
							<String ID="string_77" HPOS="828" VPOS="934" WIDTH="95" HEIGHT="29" WC="0.93" CONTENT="inom"/><SP WIDTH="12" VPOS="934" HPOS="923"/>
							<String ID="string_78" HPOS="935" VPOS="934" WIDTH="355" HEIGHT="40" WC="0.92" CONTENT="riksgäldskontorets"/><SP WIDTH="15" VPOS="934" HPOS="1290"/>
							<String ID="string_79" HPOS="1305" VPOS="936" WIDTH="94" HEIGHT="30" WC="0.93" CONTENT="olika"/><SP WIDTH="13" VPOS="936" HPOS="1399"/>
							<String ID="string_80" HPOS="1412" VPOS="938" WIDTH="357" HEIGHT="30" WC="0.90" CONTENT="verksamhetsområ-"/>
						</TextLine>
						<TextLine ID="line_10" HPOS="267" VPOS="981" WIDTH="1501" HEIGHT="51">
							<String ID="string_81" HPOS="267" VPOS="981" WIDTH="77" HEIGHT="29" WC="0.95" CONTENT="den."/><SP WIDTH="34" VPOS="981" HPOS="344"/>
							<String ID="string_82" HPOS="378" VPOS="981" WIDTH="73" HEIGHT="29" WC="0.94" CONTENT="Den"/><SP WIDTH="22" VPOS="981" HPOS="451"/>
							<String ID="string_83" HPOS="473" VPOS="983" WIDTH="111" HEIGHT="28" WC="0.96" CONTENT="under"/><SP WIDTH="23" VPOS="983" HPOS="584"/>
							<String ID="string_84" HPOS="607" VPOS="984" WIDTH="192" HEIGHT="38" WC="0.96" CONTENT="september"/><SP WIDTH="26" VPOS="984" HPOS="799"/>
							<String ID="string_85" HPOS="825" VPOS="984" WIDTH="83" HEIGHT="30" WC="0.96" CONTENT="1948"/><SP WIDTH="22" VPOS="984" HPOS="908"/>
							<String ID="string_86" HPOS="930" VPOS="986" WIDTH="171" HEIGHT="30" WC="0.96" CONTENT="utkomna"/><SP WIDTH="22" VPOS="986" HPOS="1101"/>
							<String ID="string_87" HPOS="1123" VPOS="987" WIDTH="170" HEIGHT="30" WC="0.96" CONTENT="årsboken"/><SP WIDTH="22" VPOS="987" HPOS="1293"/>
							<String ID="string_88" HPOS="1315" VPOS="988" WIDTH="55" HEIGHT="29" WC="0.96" CONTENT="för"/><SP WIDTH="21" VPOS="988" HPOS="1370"/>
							<String ID="string_89" HPOS="1391" VPOS="989" WIDTH="204" HEIGHT="39" WC="0.96" CONTENT="budgetåret"/><SP WIDTH="25" VPOS="989" HPOS="1595"/>
							<String ID="string_90" HPOS="1620" VPOS="989" WIDTH="79" HEIGHT="30" WC="0.76" CONTENT="1947"/><SP WIDTH="9" VPOS="989" HPOS="1699"/>
							<String ID="string_91" HPOS="1708" VPOS="990" WIDTH="60" HEIGHT="42" WC="0.76" CONTENT="/48"/>
						</TextLine>
						<TextLine ID="line_11" HPOS="267" VPOS="1031" WIDTH="1501" HEIGHT="46">
							<String ID="string_92" HPOS="267" VPOS="1031" WIDTH="193" HEIGHT="30" WC="0.93" CONTENT="innehåller"/><SP WIDTH="18" VPOS="1031" HPOS="460"/>
							<String ID="string_93" HPOS="478" VPOS="1034" WIDTH="86" HEIGHT="28" WC="0.92" CONTENT="text-"/><SP WIDTH="21" VPOS="1034" HPOS="564"/>
							<String ID="string_94" HPOS="585" VPOS="1034" WIDTH="65" HEIGHT="28" WC="0.93" CONTENT="och"/><SP WIDTH="18" VPOS="1034" HPOS="650"/>
							<String ID="string_95" HPOS="668" VPOS="1034" WIDTH="266" HEIGHT="30" WC="0.92" CONTENT="tabellmaterial"/><SP WIDTH="20" VPOS="1034" HPOS="934"/>
							<String ID="string_96" HPOS="954" VPOS="1036" WIDTH="51" HEIGHT="29" WC="0.96" CONTENT="till"/><SP WIDTH="19" VPOS="1036" HPOS="1005"/>
							<String ID="string_97" HPOS="1024" VPOS="1037" WIDTH="187" HEIGHT="39" WC="0.96" CONTENT="belysande"/><SP WIDTH="20" VPOS="1037" HPOS="1211"/>
							<String ID="string_98" HPOS="1231" VPOS="1048" WIDTH="42" HEIGHT="20" WC="0.93" CONTENT="av"/><SP WIDTH="21" VPOS="1048" HPOS="1273"/>
							<String ID="string_99" HPOS="1294" VPOS="1039" WIDTH="357" HEIGHT="38" WC="0.91" CONTENT="riksgäldskontorets"/><SP WIDTH="20" VPOS="1039" HPOS="1651"/>
							<String ID="string_100" HPOS="1671" VPOS="1041" WIDTH="97" HEIGHT="29" WC="0.92" CONTENT="verk-"/>
						</TextLine>
						<TextLine ID="line_12" HPOS="269" VPOS="1082" WIDTH="1498" HEIGHT="47">
							<String ID="string_101" HPOS="269" VPOS="1082" WIDTH="146" HEIGHT="34" WC="0.95" CONTENT="samhet,"/><SP WIDTH="24" VPOS="1082" HPOS="415"/>
							<String ID="string_102" HPOS="439" VPOS="1083" WIDTH="119" HEIGHT="29" WC="0.96" CONTENT="varvid"/><SP WIDTH="24" VPOS="1083" HPOS="558"/>
							<String ID="string_103" HPOS="582" VPOS="1084" WIDTH="131" HEIGHT="38" WC="0.96" CONTENT="jämväl"/><SP WIDTH="25" VPOS="1084" HPOS="713"/>
							<String ID="string_104" HPOS="738" VPOS="1085" WIDTH="152" HEIGHT="30" WC="0.96" CONTENT="lämnats"/><SP WIDTH="24" VPOS="1085" HPOS="890"/>
							<String ID="string_105" HPOS="914" VPOS="1086" WIDTH="90" HEIGHT="30" WC="0.96" CONTENT="vissa"/><SP WIDTH="24" VPOS="1086" HPOS="1004"/>
							<String ID="string_106" HPOS="1028" VPOS="1088" WIDTH="178" HEIGHT="39" WC="0.96" CONTENT="uppgifter"/><SP WIDTH="25" VPOS="1088" HPOS="1206"/>
							<String ID="string_107" HPOS="1231" VPOS="1089" WIDTH="55" HEIGHT="29" WC="0.96" CONTENT="för"/><SP WIDTH="26" VPOS="1089" HPOS="1286"/>
							<String ID="string_108" HPOS="1312" VPOS="1089" WIDTH="96" HEIGHT="29" WC="0.96" CONTENT="tiden"/><SP WIDTH="26" VPOS="1089" HPOS="1408"/>
							<String ID="string_109" HPOS="1434" VPOS="1090" WIDTH="87" HEIGHT="29" WC="0.93" CONTENT="efter"/><SP WIDTH="25" VPOS="1090" HPOS="1521"/>
							<String ID="string_110" HPOS="1546" VPOS="1090" WIDTH="221" HEIGHT="39" WC="0.92" CONTENT="budgetårets"/>
						</TextLine>
						<TextLine ID="line_13" HPOS="266" VPOS="1131" WIDTH="1501" HEIGHT="53">
							<String ID="string_111" HPOS="266" VPOS="1131" WIDTH="140" HEIGHT="39" WC="0.96" CONTENT="utgång."/><SP WIDTH="25" VPOS="1131" HPOS="406"/>
							<String ID="string_112" HPOS="431" VPOS="1132" WIDTH="232" HEIGHT="40" WC="0.96" CONTENT="Fullmäktige"/><SP WIDTH="25" VPOS="1132" HPOS="663"/>
							<String ID="string_113" HPOS="688" VPOS="1143" WIDTH="81" HEIGHT="21" WC="0.96" CONTENT="anse"/><SP WIDTH="25" VPOS="1143" HPOS="769"/>
							<String ID="string_114" HPOS="794" VPOS="1136" WIDTH="51" HEIGHT="38" WC="0.96" CONTENT="sig"/><SP WIDTH="24" VPOS="1136" HPOS="845"/>
							<String ID="string_115" HPOS="869" VPOS="1136" WIDTH="118" HEIGHT="29" WC="0.96" CONTENT="därför"/><SP WIDTH="25" VPOS="1136" HPOS="987"/>
							<String ID="string_116" HPOS="1012" VPOS="1137" WIDTH="133" HEIGHT="34" WC="0.96" CONTENT="kunna,"/><SP WIDTH="26" VPOS="1137" HPOS="1145"/>
							<String ID="string_117" HPOS="1171" VPOS="1139" WIDTH="65" HEIGHT="29" WC="0.96" CONTENT="vad"/><SP WIDTH="26" VPOS="1139" HPOS="1236"/>
							<String ID="string_118" HPOS="1262" VPOS="1139" WIDTH="171" HEIGHT="30" WC="0.96" CONTENT="beträffar"/><SP WIDTH="25" VPOS="1139" HPOS="1433"/>
							<String ID="string_119" HPOS="1458" VPOS="1141" WIDTH="156" HEIGHT="29" WC="0.96" CONTENT="nämnda"/><SP WIDTH="25" VPOS="1141" HPOS="1614"/>
							<String ID="string_120" HPOS="1639" VPOS="1137" WIDTH="128" HEIGHT="47" WC="0.96" CONTENT="period,"/>
						</TextLine>
						<TextLine ID="line_14" HPOS="266" VPOS="1183" WIDTH="1500" HEIGHT="43">
							<String ID="string_121" HPOS="266" VPOS="1183" WIDTH="147" HEIGHT="30" WC="0.95" CONTENT="hänvisa"/><SP WIDTH="23" VPOS="1183" HPOS="413"/>
							<String ID="string_122" HPOS="436" VPOS="1184" WIDTH="50" HEIGHT="29" WC="0.95" CONTENT="till"/><SP WIDTH="23" VPOS="1184" HPOS="486"/>
							<String ID="string_123" HPOS="509" VPOS="1185" WIDTH="173" HEIGHT="29" WC="0.96" CONTENT="årsboken"/><SP WIDTH="22" VPOS="1185" HPOS="682"/>
							<String ID="string_124" HPOS="704" VPOS="1187" WIDTH="63" HEIGHT="28" WC="0.96" CONTENT="och"/><SP WIDTH="24" VPOS="1187" HPOS="767"/>
							<String ID="string_125" HPOS="791" VPOS="1187" WIDTH="193" HEIGHT="30" WC="0.96" CONTENT="inskränka"/><SP WIDTH="22" VPOS="1187" HPOS="984"/>
							<String ID="string_126" HPOS="1006" VPOS="1189" WIDTH="51" HEIGHT="37" WC="0.96" CONTENT="sig"/><SP WIDTH="25" VPOS="1189" HPOS="1057"/>
							<String ID="string_127" HPOS="1082" VPOS="1189" WIDTH="146" HEIGHT="30" WC="0.96" CONTENT="sålunda"/><SP WIDTH="20" VPOS="1189" HPOS="1228"/>
							<String ID="string_128" HPOS="1248" VPOS="1190" WIDTH="65" HEIGHT="30" WC="0.96" CONTENT="här"/><SP WIDTH="22" VPOS="1190" HPOS="1313"/>
							<String ID="string_129" HPOS="1335" VPOS="1191" WIDTH="112" HEIGHT="29" WC="0.96" CONTENT="nedan"/><SP WIDTH="23" VPOS="1191" HPOS="1447"/>
							<String ID="string_130" HPOS="1470" VPOS="1192" WIDTH="52" HEIGHT="28" WC="0.96" CONTENT="till"/><SP WIDTH="25" VPOS="1192" HPOS="1522"/>
							<String ID="string_131" HPOS="1547" VPOS="1194" WIDTH="49" HEIGHT="27" WC="0.92" CONTENT="att"/><SP WIDTH="25" VPOS="1194" HPOS="1596"/>
							<String ID="string_132" HPOS="1621" VPOS="1192" WIDTH="145" HEIGHT="30" WC="0.92" CONTENT="allenast"/>
						</TextLine>
						<TextLine ID="line_15" HPOS="267" VPOS="1233" WIDTH="1500" HEIGHT="45">
							<String ID="string_133" HPOS="267" VPOS="1233" WIDTH="119" HEIGHT="30" WC="0.96" CONTENT="lämna"/><SP WIDTH="29" VPOS="1233" HPOS="386"/>
							<String ID="string_134" HPOS="415" VPOS="1243" WIDTH="41" HEIGHT="20" WC="0.96" CONTENT="en"/><SP WIDTH="29" VPOS="1243" HPOS="456"/>
							<String ID="string_135" HPOS="485" VPOS="1235" WIDTH="300" HEIGHT="40" WC="0.96" CONTENT="kompletterande"/><SP WIDTH="32" VPOS="1235" HPOS="785"/>
							<String ID="string_136" HPOS="817" VPOS="1238" WIDTH="151" HEIGHT="29" WC="0.96" CONTENT="översikt"/><SP WIDTH="31" VPOS="1238" HPOS="968"/>
							<String ID="string_137" HPOS="999" VPOS="1240" WIDTH="81" HEIGHT="29" WC="0.93" CONTENT="över"/><SP WIDTH="31" VPOS="1240" HPOS="1080"/>
							<String ID="string_138" HPOS="1111" VPOS="1240" WIDTH="354" HEIGHT="38" WC="0.91" CONTENT="riksgäldskontorets"/><SP WIDTH="31" VPOS="1240" HPOS="1465"/>
							<String ID="string_139" HPOS="1496" VPOS="1242" WIDTH="129" HEIGHT="29" WC="0.96" CONTENT="rörelse"/><SP WIDTH="32" VPOS="1242" HPOS="1625"/>
							<String ID="string_140" HPOS="1657" VPOS="1243" WIDTH="110" HEIGHT="29" WC="0.96" CONTENT="under"/>
						</TextLine>
						<TextLine ID="line_16" HPOS="266" VPOS="1285" WIDTH="427" HEIGHT="31">
							<String ID="string_141" HPOS="266" VPOS="1292" WIDTH="122" HEIGHT="21" WC="0.95" CONTENT="senare"/><SP WIDTH="28" VPOS="1292" HPOS="388"/>
							<String ID="string_142" HPOS="416" VPOS="1285" WIDTH="155" HEIGHT="30" WC="0.96" CONTENT="halvåret"/><SP WIDTH="30" VPOS="1285" HPOS="571"/>
							<String ID="string_143" HPOS="601" VPOS="1286" WIDTH="92" HEIGHT="30" WC="0.95" CONTENT="1948."/>
						</TextLine>
					</TextBlock>
				</ComposedBlock>
				<ComposedBlock ID="cblock_3" HPOS="387" VPOS="1403" WIDTH="1254" HEIGHT="44">
					<TextBlock ID="block_4" HPOS="387" VPOS="1403" WIDTH="1254" HEIGHT="44">
						<TextLine ID="line_17" HPOS="387" VPOS="1403" WIDTH="1254" HEIGHT="44">
							<String ID="string_144" HPOS="387" VPOS="1403" WIDTH="422" HEIGHT="44" WC="0.91" CONTENT="Riksgäldskontorets"/><SP WIDTH="26" VPOS="1403" HPOS="809"/>
							<String ID="string_145" HPOS="835" VPOS="1407" WIDTH="154" HEIGHT="34" WC="0.96" CONTENT="rörelse"/><SP WIDTH="25" VPOS="1407" HPOS="989"/>
							<String ID="string_146" HPOS="1014" VPOS="1408" WIDTH="132" HEIGHT="33" WC="0.96" CONTENT="under"/><SP WIDTH="23" VPOS="1408" HPOS="1146"/>
							<String ID="string_147" HPOS="1169" VPOS="1419" WIDTH="143" HEIGHT="24" WC="0.96" CONTENT="senare"/><SP WIDTH="25" VPOS="1419" HPOS="1312"/>
							<String ID="string_148" HPOS="1337" VPOS="1409" WIDTH="181" HEIGHT="35" WC="0.96" CONTENT="halvåret"/><SP WIDTH="24" VPOS="1409" HPOS="1518"/>
							<String ID="string_149" HPOS="1542" VPOS="1412" WIDTH="99" HEIGHT="33" WC="0.96" CONTENT="1948."/>
						</TextLine>
					</TextBlock>
				</ComposedBlock>
				<ComposedBlock ID="cblock_4" HPOS="258" VPOS="1488" WIDTH="1507" HEIGHT="635">
					<TextBlock ID="block_5" HPOS="264" VPOS="1488" WIDTH="1501" HEIGHT="183">
						<TextLine ID="line_18" HPOS="310" VPOS="1488" WIDTH="1455" HEIGHT="48">
							<String ID="string_150" HPOS="310" VPOS="1488" WIDTH="84" HEIGHT="29" WC="0.96" CONTENT="1947"/><SP WIDTH="26" VPOS="1488" HPOS="394"/>
							<String ID="string_151" HPOS="420" VPOS="1488" WIDTH="55" HEIGHT="29" WC="0.93" CONTENT="års"/><SP WIDTH="23" VPOS="1488" HPOS="475"/>
							<String ID="string_152" HPOS="498" VPOS="1489" WIDTH="203" HEIGHT="39" WC="0.89" CONTENT="premielån."/><SP WIDTH="36" VPOS="1489" HPOS="701"/>
							<String ID="string_153" HPOS="737" VPOS="1491" WIDTH="94" HEIGHT="29" WC="0.94" CONTENT="Intill"/><SP WIDTH="27" VPOS="1491" HPOS="831"/>
							<String ID="string_154" HPOS="858" VPOS="1492" WIDTH="210" HEIGHT="40" WC="0.96" CONTENT="tidpunkten"/><SP WIDTH="26" VPOS="1492" HPOS="1068"/>
							<String ID="string_155" HPOS="1094" VPOS="1493" WIDTH="54" HEIGHT="29" WC="0.96" CONTENT="för"/><SP WIDTH="27" VPOS="1493" HPOS="1148"/>
							<String ID="string_156" HPOS="1175" VPOS="1494" WIDTH="107" HEIGHT="30" WC="0.96" CONTENT="andra"/><SP WIDTH="26" VPOS="1494" HPOS="1282"/>
							<String ID="string_157" HPOS="1308" VPOS="1495" WIDTH="215" HEIGHT="40" WC="0.93" CONTENT="dragningen"/><SP WIDTH="26" VPOS="1495" HPOS="1523"/>
							<String ID="string_158" HPOS="1549" VPOS="1496" WIDTH="19" HEIGHT="30" WC="0.91" CONTENT="å"/><SP WIDTH="28" VPOS="1496" HPOS="1568"/>
							<String ID="string_159" HPOS="1596" VPOS="1496" WIDTH="169" HEIGHT="40" WC="0.92" CONTENT="ifrågava-"/>
						</TextLine>
						<TextLine ID="line_19" HPOS="264" VPOS="1539" WIDTH="1500" HEIGHT="46">
							<String ID="string_160" HPOS="264" VPOS="1539" WIDTH="108" HEIGHT="28" WC="0.95" CONTENT="rande"/><SP WIDTH="24" VPOS="1539" HPOS="372"/>
							<String ID="string_161" HPOS="396" VPOS="1539" WIDTH="66" HEIGHT="34" WC="0.96" CONTENT="lån,"/><SP WIDTH="24" VPOS="1539" HPOS="462"/>
							<String ID="string_162" HPOS="486" VPOS="1549" WIDTH="74" HEIGHT="20" WC="0.96" CONTENT="som"/><SP WIDTH="24" VPOS="1549" HPOS="560"/>
							<String ID="string_163" HPOS="584" VPOS="1541" WIDTH="85" HEIGHT="38" WC="0.96" CONTENT="ägde"/><SP WIDTH="23" VPOS="1541" HPOS="669"/>
							<String ID="string_164" HPOS="692" VPOS="1550" WIDTH="77" HEIGHT="20" WC="0.96" CONTENT="rum"/><SP WIDTH="24" VPOS="1550" HPOS="769"/>
							<String ID="string_165" HPOS="793" VPOS="1542" WIDTH="67" HEIGHT="29" WC="0.96" CONTENT="den"/><SP WIDTH="23" VPOS="1542" HPOS="860"/>
							<String ID="string_166" HPOS="883" VPOS="1543" WIDTH="18" HEIGHT="29" WC="0.95" CONTENT="5"/><SP WIDTH="21" VPOS="1543" HPOS="901"/>
							<String ID="string_167" HPOS="922" VPOS="1543" WIDTH="66" HEIGHT="39" WC="0.96" CONTENT="juli"/><SP WIDTH="27" VPOS="1543" HPOS="988"/>
							<String ID="string_168" HPOS="1015" VPOS="1544" WIDTH="95" HEIGHT="34" WC="0.96" CONTENT="1948,"/><SP WIDTH="25" VPOS="1544" HPOS="1110"/>
							<String ID="string_169" HPOS="1135" VPOS="1545" WIDTH="87" HEIGHT="29" WC="0.96" CONTENT="hade"/><SP WIDTH="25" VPOS="1545" HPOS="1222"/>
							<String ID="string_170" HPOS="1247" VPOS="1545" WIDTH="84" HEIGHT="30" WC="0.96" CONTENT="sålts"/><SP WIDTH="24" VPOS="1545" HPOS="1331"/>
							<String ID="string_171" HPOS="1355" VPOS="1546" WIDTH="227" HEIGHT="39" WC="0.96" CONTENT="obligationer"/><SP WIDTH="25" VPOS="1546" HPOS="1582"/>
							<String ID="string_172" HPOS="1607" VPOS="1557" WIDTH="41" HEIGHT="20" WC="0.96" CONTENT="av"/><SP WIDTH="24" VPOS="1557" HPOS="1648"/>
							<String ID="string_173" HPOS="1672" VPOS="1547" WIDTH="92" HEIGHT="30" WC="0.96" CONTENT="lånet"/>
						</TextLine>
						<TextLine ID="line_20" HPOS="264" VPOS="1588" WIDTH="1500" HEIGHT="48">
							<String ID="string_174" HPOS="264" VPOS="1588" WIDTH="55" HEIGHT="29" WC="0.96" CONTENT="för"/><SP WIDTH="27" VPOS="1588" HPOS="319"/>
							<String ID="string_175" HPOS="346" VPOS="1590" WIDTH="231" HEIGHT="39" WC="0.96" CONTENT="sammanlagt"/><SP WIDTH="27" VPOS="1590" HPOS="577"/>
							<String ID="string_176" HPOS="604" VPOS="1591" WIDTH="88" HEIGHT="33" WC="0.79" CONTENT="279,2"/><SP WIDTH="24" VPOS="1591" HPOS="692"/>
							<String ID="string_177" HPOS="716" VPOS="1592" WIDTH="74" HEIGHT="39" WC="0.96" CONTENT="milj"/><SP WIDTH="28" VPOS="1592" HPOS="790"/>
							<String ID="string_178" HPOS="818" VPOS="1593" WIDTH="53" HEIGHT="29" WC="0.96" CONTENT="kr."/><SP WIDTH="27" VPOS="1593" HPOS="871"/>
							<String ID="string_179" HPOS="898" VPOS="1593" WIDTH="225" HEIGHT="31" WC="0.96" CONTENT="Återstående"/><SP WIDTH="26" VPOS="1593" HPOS="1123"/>
							<String ID="string_180" HPOS="1149" VPOS="1595" WIDTH="236" HEIGHT="39" WC="0.96" CONTENT="obligationer,"/><SP WIDTH="27" VPOS="1595" HPOS="1385"/>
							<String ID="string_181" HPOS="1412" VPOS="1597" WIDTH="65" HEIGHT="33" WC="0.70" CONTENT="20,8"/><SP WIDTH="24" VPOS="1597" HPOS="1477"/>
							<String ID="string_182" HPOS="1501" VPOS="1597" WIDTH="89" HEIGHT="39" WC="0.93" CONTENT="milj."/><SP WIDTH="27" VPOS="1597" HPOS="1590"/>
							<String ID="string_183" HPOS="1617" VPOS="1598" WIDTH="61" HEIGHT="33" WC="0.92" CONTENT="kr.,"/><SP WIDTH="27" VPOS="1598" HPOS="1678"/>
							<String ID="string_184" HPOS="1705" VPOS="1599" WIDTH="59" HEIGHT="28" WC="0.95" CONTENT="äro"/>
						</TextLine>
						<TextLine ID="line_21" HPOS="264" VPOS="1639" WIDTH="375" HEIGHT="32">
							<String ID="string_185" HPOS="264" VPOS="1639" WIDTH="218" HEIGHT="31" WC="0.96" CONTENT="fortfarande"/><SP WIDTH="25" VPOS="1639" HPOS="482"/>
							<String ID="string_186" HPOS="507" VPOS="1641" WIDTH="132" HEIGHT="30" WC="0.96" CONTENT="osålda."/>
						</TextLine>
					</TextBlock>
					<TextBlock ID="block_6" HPOS="263" VPOS="1690" WIDTH="1501" HEIGHT="131">
						<TextLine ID="line_22" HPOS="306" VPOS="1690" WIDTH="1457" HEIGHT="46">
							<String ID="string_187" HPOS="306" VPOS="1690" WIDTH="76" HEIGHT="28" WC="0.96" CONTENT="Den"/><SP WIDTH="23" VPOS="1690" HPOS="382"/>
							<String ID="string_188" HPOS="405" VPOS="1690" WIDTH="37" HEIGHT="29" WC="0.96" CONTENT="31"/><SP WIDTH="26" VPOS="1690" HPOS="442"/>
							<String ID="string_189" HPOS="468" VPOS="1691" WIDTH="181" HEIGHT="30" WC="0.96" CONTENT="december"/><SP WIDTH="25" VPOS="1691" HPOS="649"/>
							<String ID="string_190" HPOS="674" VPOS="1692" WIDTH="81" HEIGHT="30" WC="0.96" CONTENT="1948"/><SP WIDTH="23" VPOS="1692" HPOS="755"/>
							<String ID="string_191" HPOS="778" VPOS="1693" WIDTH="90" HEIGHT="30" WC="0.94" CONTENT="hade"/><SP WIDTH="23" VPOS="1693" HPOS="868"/>
							<String ID="string_192" HPOS="891" VPOS="1694" WIDTH="106" HEIGHT="30" WC="0.93" CONTENT="likvid"/><SP WIDTH="23" VPOS="1694" HPOS="997"/>
							<String ID="string_193" HPOS="1020" VPOS="1695" WIDTH="136" HEIGHT="30" WC="0.91" CONTENT="influtit"/><SP WIDTH="22" VPOS="1695" HPOS="1156"/>
							<String ID="string_194" HPOS="1178" VPOS="1696" WIDTH="51" HEIGHT="29" WC="0.93" CONTENT="till"/><SP WIDTH="26" VPOS="1696" HPOS="1229"/>
							<String ID="string_195" HPOS="1255" VPOS="1697" WIDTH="339" HEIGHT="39" WC="0.91" CONTENT="riksgäldskontoret"/><SP WIDTH="24" VPOS="1697" HPOS="1594"/>
							<String ID="string_196" HPOS="1618" VPOS="1698" WIDTH="53" HEIGHT="30" WC="0.93" CONTENT="för"/><SP WIDTH="24" VPOS="1698" HPOS="1671"/>
							<String ID="string_197" HPOS="1695" VPOS="1699" WIDTH="68" HEIGHT="30" WC="0.91" CONTENT="för-"/>
						</TextLine>
						<TextLine ID="line_23" HPOS="264" VPOS="1740" WIDTH="1500" HEIGHT="49">
							<String ID="string_198" HPOS="264" VPOS="1740" WIDTH="98" HEIGHT="29" WC="0.95" CONTENT="sålda"/><SP WIDTH="32" VPOS="1740" HPOS="362"/>
							<String ID="string_199" HPOS="394" VPOS="1741" WIDTH="227" HEIGHT="39" WC="0.95" CONTENT="obligationer"/><SP WIDTH="31" VPOS="1741" HPOS="621"/>
							<String ID="string_200" HPOS="652" VPOS="1752" WIDTH="41" HEIGHT="20" WC="0.95" CONTENT="av"/><SP WIDTH="32" VPOS="1752" HPOS="693"/>
							<String ID="string_201" HPOS="725" VPOS="1743" WIDTH="80" HEIGHT="30" WC="0.95" CONTENT="1947"/><SP WIDTH="33" VPOS="1743" HPOS="805"/>
							<String ID="string_202" HPOS="838" VPOS="1744" WIDTH="56" HEIGHT="29" WC="0.93" CONTENT="års"/><SP WIDTH="30" VPOS="1744" HPOS="894"/>
							<String ID="string_203" HPOS="924" VPOS="1746" WIDTH="191" HEIGHT="38" WC="0.92" CONTENT="premielån"/><SP WIDTH="29" VPOS="1746" HPOS="1115"/>
							<String ID="string_204" HPOS="1144" VPOS="1746" WIDTH="51" HEIGHT="29" WC="0.96" CONTENT="till"/><SP WIDTH="29" VPOS="1746" HPOS="1195"/>
							<String ID="string_205" HPOS="1224" VPOS="1749" WIDTH="47" HEIGHT="27" WC="0.95" CONTENT="ett"/><SP WIDTH="33" VPOS="1749" HPOS="1271"/>
							<String ID="string_206" HPOS="1304" VPOS="1748" WIDTH="232" HEIGHT="40" WC="0.95" CONTENT="sammanlagt"/><SP WIDTH="32" VPOS="1748" HPOS="1536"/>
							<String ID="string_207" HPOS="1568" VPOS="1749" WIDTH="124" HEIGHT="40" WC="0.96" CONTENT="belopp"/><SP WIDTH="29" VPOS="1749" HPOS="1692"/>
							<String ID="string_208" HPOS="1721" VPOS="1759" WIDTH="43" HEIGHT="20" WC="0.96" CONTENT="av"/>
						</TextLine>
						<TextLine ID="line_24" HPOS="263" VPOS="1791" WIDTH="291" HEIGHT="30">
							<String ID="string_209" HPOS="263" VPOS="1791" WIDTH="62" HEIGHT="28" WC="0.95" CONTENT="279"/><SP WIDTH="15" VPOS="1791" HPOS="325"/>
							<String ID="string_210" HPOS="340" VPOS="1791" WIDTH="62" HEIGHT="29" WC="0.95" CONTENT="215"/><SP WIDTH="16" VPOS="1791" HPOS="402"/>
							<String ID="string_211" HPOS="418" VPOS="1791" WIDTH="60" HEIGHT="30" WC="0.95" CONTENT="750"/><SP WIDTH="24" VPOS="1791" HPOS="478"/>
							<String ID="string_212" HPOS="502" VPOS="1793" WIDTH="52" HEIGHT="28" WC="0.96" CONTENT="kr."/>
						</TextLine>
					</TextBlock>
					<TextBlock ID="block_7" HPOS="258" VPOS="1841" WIDTH="1503" HEIGHT="282">
						<TextLine ID="line_25" HPOS="306" VPOS="1841" WIDTH="1455" HEIGHT="47">
							<String ID="string_213" HPOS="306" VPOS="1841" WIDTH="12" HEIGHT="28" WC="0.96" CONTENT="I"/><SP WIDTH="22" VPOS="1841" HPOS="318"/>
							<String ID="string_214" HPOS="340" VPOS="1842" WIDTH="167" HEIGHT="30" WC="0.96" CONTENT="samband"/><SP WIDTH="19" VPOS="1842" HPOS="507"/>
							<String ID="string_215" HPOS="526" VPOS="1844" WIDTH="81" HEIGHT="28" WC="0.96" CONTENT="med"/><SP WIDTH="19" VPOS="1844" HPOS="607"/>
							<String ID="string_216" HPOS="626" VPOS="1843" WIDTH="139" HEIGHT="31" WC="0.96" CONTENT="åttonde"/><SP WIDTH="20" VPOS="1843" HPOS="765"/>
							<String ID="string_217" HPOS="785" VPOS="1845" WIDTH="215" HEIGHT="40" WC="0.92" CONTENT="dragningen"/><SP WIDTH="19" VPOS="1845" HPOS="1000"/>
							<String ID="string_218" HPOS="1019" VPOS="1847" WIDTH="20" HEIGHT="29" WC="0.92" CONTENT="å"/><SP WIDTH="22" VPOS="1847" HPOS="1039"/>
							<String ID="string_219" HPOS="1061" VPOS="1847" WIDTH="84" HEIGHT="29" WC="0.96" CONTENT="1944"/><SP WIDTH="20" VPOS="1847" HPOS="1145"/>
							<String ID="string_220" HPOS="1165" VPOS="1848" WIDTH="55" HEIGHT="29" WC="0.93" CONTENT="års"/><SP WIDTH="21" VPOS="1848" HPOS="1220"/>
							<String ID="string_221" HPOS="1241" VPOS="1848" WIDTH="202" HEIGHT="40" WC="0.91" CONTENT="premielån,"/><SP WIDTH="20" VPOS="1848" HPOS="1443"/>
							<String ID="string_222" HPOS="1463" VPOS="1849" WIDTH="117" HEIGHT="30" WC="0.93" CONTENT="vilken"/><SP WIDTH="20" VPOS="1849" HPOS="1580"/>
							<String ID="string_223" HPOS="1600" VPOS="1850" WIDTH="161" HEIGHT="30" WC="0.92" CONTENT="förrätta-"/>
						</TextLine>
						<TextLine ID="line_26" HPOS="261" VPOS="1892" WIDTH="1499" HEIGHT="48">
							<String ID="string_224" HPOS="261" VPOS="1892" WIDTH="59" HEIGHT="29" WC="0.96" CONTENT="des"/><SP WIDTH="28" VPOS="1892" HPOS="320"/>
							<String ID="string_225" HPOS="348" VPOS="1892" WIDTH="11" HEIGHT="28" WC="0.96" CONTENT="i"/><SP WIDTH="26" VPOS="1892" HPOS="359"/>
							<String ID="string_226" HPOS="385" VPOS="1892" WIDTH="106" HEIGHT="30" WC="0.96" CONTENT="Umeå"/><SP WIDTH="26" VPOS="1892" HPOS="491"/>
							<String ID="string_227" HPOS="517" VPOS="1893" WIDTH="68" HEIGHT="29" WC="0.96" CONTENT="den"/><SP WIDTH="31" VPOS="1893" HPOS="585"/>
							<String ID="string_228" HPOS="616" VPOS="1895" WIDTH="36" HEIGHT="28" WC="0.96" CONTENT="11"/><SP WIDTH="31" VPOS="1895" HPOS="652"/>
							<String ID="string_229" HPOS="683" VPOS="1895" WIDTH="143" HEIGHT="29" WC="0.95" CONTENT="oktober"/><SP WIDTH="29" VPOS="1895" HPOS="826"/>
							<String ID="string_230" HPOS="855" VPOS="1896" WIDTH="92" HEIGHT="34" WC="0.96" CONTENT="1948,"/><SP WIDTH="26" VPOS="1896" HPOS="947"/>
							<String ID="string_231" HPOS="973" VPOS="1897" WIDTH="90" HEIGHT="30" WC="0.96" CONTENT="hölls"/><SP WIDTH="29" VPOS="1897" HPOS="1063"/>
							<String ID="string_232" HPOS="1092" VPOS="1907" WIDTH="43" HEIGHT="20" WC="0.96" CONTENT="en"/><SP WIDTH="26" VPOS="1907" HPOS="1135"/>
							<String ID="string_233" HPOS="1161" VPOS="1898" WIDTH="188" HEIGHT="30" WC="0.96" CONTENT="konferens"/><SP WIDTH="28" VPOS="1898" HPOS="1349"/>
							<String ID="string_234" HPOS="1377" VPOS="1900" WIDTH="180" HEIGHT="30" WC="0.96" CONTENT="därstädes"/><SP WIDTH="27" VPOS="1900" HPOS="1557"/>
							<String ID="string_235" HPOS="1584" VPOS="1900" WIDTH="176" HEIGHT="40" WC="0.96" CONTENT="angående"/>
						</TextLine>
						<TextLine ID="line_27" HPOS="261" VPOS="1942" WIDTH="1499" HEIGHT="48">
							<String ID="string_236" HPOS="261" VPOS="1942" WIDTH="156" HEIGHT="30" WC="0.95" CONTENT="aktuella"/><SP WIDTH="32" VPOS="1942" HPOS="417"/>
							<String ID="string_237" HPOS="449" VPOS="1944" WIDTH="172" HEIGHT="39" WC="0.95" CONTENT="spörsmål"/><SP WIDTH="32" VPOS="1944" HPOS="621"/>
							<String ID="string_238" HPOS="653" VPOS="1945" WIDTH="10" HEIGHT="28" WC="0.96" CONTENT="i"/><SP WIDTH="32" VPOS="1945" HPOS="663"/>
							<String ID="string_239" HPOS="695" VPOS="1946" WIDTH="170" HEIGHT="29" WC="0.95" CONTENT="samband"/><SP WIDTH="30" VPOS="1946" HPOS="865"/>
							<String ID="string_240" HPOS="895" VPOS="1948" WIDTH="78" HEIGHT="29" WC="0.96" CONTENT="med"/><SP WIDTH="31" VPOS="1948" HPOS="973"/>
							<String ID="string_241" HPOS="1004" VPOS="1950" WIDTH="133" HEIGHT="28" WC="0.93" CONTENT="statens"/><SP WIDTH="29" VPOS="1950" HPOS="1137"/>
							<String ID="string_242" HPOS="1166" VPOS="1949" WIDTH="191" HEIGHT="39" WC="0.92" CONTENT="premielån"/><SP WIDTH="33" VPOS="1949" HPOS="1357"/>
							<String ID="string_243" HPOS="1390" VPOS="1951" WIDTH="63" HEIGHT="29" WC="0.96" CONTENT="och"/><SP WIDTH="33" VPOS="1951" HPOS="1453"/>
							<String ID="string_244" HPOS="1486" VPOS="1951" WIDTH="67" HEIGHT="29" WC="0.96" CONTENT="den"/><SP WIDTH="31" VPOS="1951" HPOS="1553"/>
							<String ID="string_245" HPOS="1584" VPOS="1951" WIDTH="176" HEIGHT="39" WC="0.95" CONTENT="pågående"/>
						</TextLine>
						<TextLine ID="line_28" HPOS="262" VPOS="1994" WIDTH="1498" HEIGHT="47">
							<String ID="string_246" HPOS="262" VPOS="1994" WIDTH="333" HEIGHT="39" WC="0.89" CONTENT="sparpropagandan"/><SP WIDTH="32" VPOS="1994" HPOS="595"/>
							<String ID="string_247" HPOS="627" VPOS="2004" WIDTH="45" HEIGHT="20" WC="0.89" CONTENT="m."/><SP WIDTH="32" VPOS="2004" HPOS="672"/>
							<String ID="string_248" HPOS="704" VPOS="2005" WIDTH="44" HEIGHT="20" WC="0.90" CONTENT="m."/><SP WIDTH="43" VPOS="2005" HPOS="748"/>
							<String ID="string_249" HPOS="791" VPOS="1996" WIDTH="67" HEIGHT="29" WC="0.96" CONTENT="Till"/><SP WIDTH="33" VPOS="1996" HPOS="858"/>
							<String ID="string_250" HPOS="891" VPOS="1997" WIDTH="233" HEIGHT="31" WC="0.96" CONTENT="konferensen"/><SP WIDTH="32" VPOS="1997" HPOS="1124"/>
							<String ID="string_251" HPOS="1156" VPOS="1999" WIDTH="87" HEIGHT="30" WC="0.93" CONTENT="hade"/><SP WIDTH="32" VPOS="1999" HPOS="1243"/>
							<String ID="string_252" HPOS="1275" VPOS="2000" WIDTH="173" HEIGHT="39" WC="0.91" CONTENT="inbjudits"/><SP WIDTH="32" VPOS="2000" HPOS="1448"/>
							<String ID="string_253" HPOS="1480" VPOS="2003" WIDTH="280" HEIGHT="38" WC="0.95" CONTENT="representanter"/>
						</TextLine>
						<TextLine ID="line_29" HPOS="259" VPOS="2043" WIDTH="1500" HEIGHT="40">
							<String ID="string_254" HPOS="259" VPOS="2043" WIDTH="54" HEIGHT="30" WC="0.96" CONTENT="för"/><SP WIDTH="23" VPOS="2043" HPOS="313"/>
							<String ID="string_255" HPOS="336" VPOS="2044" WIDTH="176" HEIGHT="39" WC="0.96" CONTENT="tidningar"/><SP WIDTH="25" VPOS="2044" HPOS="512"/>
							<String ID="string_256" HPOS="537" VPOS="2045" WIDTH="65" HEIGHT="29" WC="0.96" CONTENT="och"/><SP WIDTH="24" VPOS="2045" HPOS="602"/>
							<String ID="string_257" HPOS="626" VPOS="2046" WIDTH="255" HEIGHT="30" WC="0.93" CONTENT="kreditinstitut"/><SP WIDTH="23" VPOS="2046" HPOS="881"/>
							<String ID="string_258" HPOS="904" VPOS="2057" WIDTH="44" HEIGHT="20" WC="0.91" CONTENT="m."/><SP WIDTH="26" VPOS="2057" HPOS="948"/>
							<String ID="string_259" HPOS="974" VPOS="2048" WIDTH="37" HEIGHT="30" WC="0.96" CONTENT="fl."/><SP WIDTH="26" VPOS="2048" HPOS="1011"/>
							<String ID="string_260" HPOS="1037" VPOS="2049" WIDTH="96" HEIGHT="29" WC="0.96" CONTENT="inom"/><SP WIDTH="26" VPOS="2049" HPOS="1133"/>
							<String ID="string_261" HPOS="1159" VPOS="2050" WIDTH="261" HEIGHT="30" WC="0.96" CONTENT="Västerbottens"/><SP WIDTH="23" VPOS="2050" HPOS="1420"/>
							<String ID="string_262" HPOS="1443" VPOS="2052" WIDTH="64" HEIGHT="29" WC="0.96" CONTENT="och"/><SP WIDTH="25" VPOS="2052" HPOS="1507"/>
							<String ID="string_263" HPOS="1532" VPOS="2052" WIDTH="227" HEIGHT="29" WC="0.96" CONTENT="Norrbottens"/>
						</TextLine>
						<TextLine ID="line_30" HPOS="258" VPOS="2093" WIDTH="69" HEIGHT="30">
							<String ID="string_264" HPOS="258" VPOS="2093" WIDTH="69" HEIGHT="30" WC="0.96" CONTENT="län."/>
						</TextLine>
					</TextBlock>
				</ComposedBlock>
				<ComposedBlock ID="cblock_5" HPOS="253" VPOS="2194" WIDTH="1505" HEIGHT="351">
					<TextBlock ID="block_8" HPOS="253" VPOS="2194" WIDTH="1505" HEIGHT="351">
						<TextLine ID="line_31" HPOS="300" VPOS="2194" WIDTH="1458" HEIGHT="51">
							<String ID="string_265" HPOS="300" VPOS="2194" WIDTH="320" HEIGHT="40" WC="0.91" CONTENT="Sparobligationer"/><SP WIDTH="29" VPOS="2194" HPOS="620"/>
							<String ID="string_266" HPOS="649" VPOS="2197" WIDTH="62" HEIGHT="29" WC="0.93" CONTENT="och"/><SP WIDTH="29" VPOS="2197" HPOS="711"/>
							<String ID="string_267" HPOS="740" VPOS="2197" WIDTH="220" HEIGHT="30" WC="0.91" CONTENT="rikskonton."/><SP WIDTH="42" VPOS="2197" HPOS="960"/>
							<String ID="string_268" HPOS="1002" VPOS="2199" WIDTH="65" HEIGHT="29" WC="0.96" CONTENT="Vid"/><SP WIDTH="31" VPOS="2199" HPOS="1067"/>
							<String ID="string_269" HPOS="1098" VPOS="2200" WIDTH="172" HEIGHT="40" WC="0.96" CONTENT="utgången"/><SP WIDTH="32" VPOS="2200" HPOS="1270"/>
							<String ID="string_270" HPOS="1302" VPOS="2211" WIDTH="41" HEIGHT="20" WC="0.96" CONTENT="av"/><SP WIDTH="30" VPOS="2211" HPOS="1343"/>
							<String ID="string_271" HPOS="1373" VPOS="2202" WIDTH="203" HEIGHT="39" WC="0.96" CONTENT="budgetåret"/><SP WIDTH="34" VPOS="2202" HPOS="1576"/>
							<String ID="string_272" HPOS="1610" VPOS="2203" WIDTH="78" HEIGHT="29" WC="0.85" CONTENT="1947"/><SP WIDTH="11" VPOS="2203" HPOS="1688"/>
							<String ID="string_273" HPOS="1699" VPOS="2203" WIDTH="59" HEIGHT="42" WC="0.85" CONTENT="/48"/>
						</TextLine>
						<TextLine ID="line_32" HPOS="257" VPOS="2244" WIDTH="1500" HEIGHT="49">
							<String ID="string_274" HPOS="257" VPOS="2244" WIDTH="87" HEIGHT="29" WC="0.96" CONTENT="hade"/><SP WIDTH="28" VPOS="2244" HPOS="344"/>
							<String ID="string_275" HPOS="372" VPOS="2245" WIDTH="112" HEIGHT="29" WC="0.93" CONTENT="såsom"/><SP WIDTH="29" VPOS="2245" HPOS="484"/>
							<String ID="string_276" HPOS="513" VPOS="2247" WIDTH="193" HEIGHT="30" WC="0.90" CONTENT="statsskuld"/><SP WIDTH="24" VPOS="2247" HPOS="706"/>
							<String ID="string_277" HPOS="730" VPOS="2248" WIDTH="54" HEIGHT="29" WC="0.93" CONTENT="för"/><SP WIDTH="24" VPOS="2248" HPOS="784"/>
							<String ID="string_278" HPOS="808" VPOS="2249" WIDTH="208" HEIGHT="39" WC="0.91" CONTENT="utelöpande"/><SP WIDTH="27" VPOS="2249" HPOS="1016"/>
							<String ID="string_279" HPOS="1043" VPOS="2250" WIDTH="312" HEIGHT="39" WC="0.90" CONTENT="sparobligationer"/><SP WIDTH="24" VPOS="2250" HPOS="1355"/>
							<String ID="string_280" HPOS="1379" VPOS="2252" WIDTH="158" HEIGHT="29" WC="0.96" CONTENT="bokförts"/><SP WIDTH="25" VPOS="2252" HPOS="1537"/>
							<String ID="string_281" HPOS="1562" VPOS="2255" WIDTH="49" HEIGHT="27" WC="0.96" CONTENT="ett"/><SP WIDTH="24" VPOS="2255" HPOS="1611"/>
							<String ID="string_282" HPOS="1635" VPOS="2253" WIDTH="122" HEIGHT="40" WC="0.96" CONTENT="belopp"/>
						</TextLine>
						<TextLine ID="line_33" HPOS="255" VPOS="2295" WIDTH="1502" HEIGHT="48">
							<String ID="string_283" HPOS="255" VPOS="2304" WIDTH="41" HEIGHT="19" WC="0.95" CONTENT="av"/><SP WIDTH="22" VPOS="2304" HPOS="296"/>
							<String ID="string_284" HPOS="318" VPOS="2295" WIDTH="51" HEIGHT="28" WC="0.95" CONTENT="kr."/><SP WIDTH="26" VPOS="2295" HPOS="369"/>
							<String ID="string_285" HPOS="395" VPOS="2296" WIDTH="134" HEIGHT="29" WC="0.76" CONTENT="138167"/><SP WIDTH="19" VPOS="2296" HPOS="529"/>
							<String ID="string_286" HPOS="548" VPOS="2296" WIDTH="77" HEIGHT="30" WC="0.96" CONTENT="145:"/><SP WIDTH="18" VPOS="2296" HPOS="625"/>
							<String ID="string_287" HPOS="643" VPOS="2298" WIDTH="50" HEIGHT="33" WC="0.96" CONTENT="60,"/><SP WIDTH="22" VPOS="2298" HPOS="693"/>
							<String ID="string_288" HPOS="715" VPOS="2300" WIDTH="245" HEIGHT="29" WC="0.96" CONTENT="motsvarande"/><SP WIDTH="22" VPOS="2300" HPOS="960"/>
							<String ID="string_289" HPOS="982" VPOS="2300" WIDTH="40" HEIGHT="29" WC="0.93" CONTENT="de"/><SP WIDTH="23" VPOS="2300" HPOS="1022"/>
							<String ID="string_290" HPOS="1045" VPOS="2301" WIDTH="311" HEIGHT="39" WC="0.91" CONTENT="sparobligationer"/><SP WIDTH="23" VPOS="2301" HPOS="1356"/>
							<String ID="string_291" HPOS="1379" VPOS="2312" WIDTH="72" HEIGHT="19" WC="0.96" CONTENT="som"/><SP WIDTH="21" VPOS="2312" HPOS="1451"/>
							<String ID="string_292" HPOS="1472" VPOS="2312" WIDTH="83" HEIGHT="20" WC="0.93" CONTENT="voro"/><SP WIDTH="24" VPOS="2312" HPOS="1555"/>
							<String ID="string_293" HPOS="1579" VPOS="2303" WIDTH="178" HEIGHT="40" WC="0.91" CONTENT="utelöpan-"/>
						</TextLine>
						<TextLine ID="line_34" HPOS="255" VPOS="2345" WIDTH="1503" HEIGHT="39">
							<String ID="string_294" HPOS="255" VPOS="2346" WIDTH="40" HEIGHT="28" WC="0.96" CONTENT="de"/><SP WIDTH="26" VPOS="2346" HPOS="295"/>
							<String ID="string_295" HPOS="321" VPOS="2345" WIDTH="67" HEIGHT="29" WC="0.96" CONTENT="den"/><SP WIDTH="24" VPOS="2345" HPOS="388"/>
							<String ID="string_296" HPOS="412" VPOS="2346" WIDTH="37" HEIGHT="29" WC="0.96" CONTENT="31"/><SP WIDTH="24" VPOS="2346" HPOS="449"/>
							<String ID="string_297" HPOS="473" VPOS="2356" WIDTH="94" HEIGHT="20" WC="0.95" CONTENT="mars"/><SP WIDTH="25" VPOS="2356" HPOS="567"/>
							<String ID="string_298" HPOS="592" VPOS="2347" WIDTH="93" HEIGHT="30" WC="0.95" CONTENT="1948."/><SP WIDTH="35" VPOS="2347" HPOS="685"/>
							<String ID="string_299" HPOS="720" VPOS="2349" WIDTH="64" HEIGHT="29" WC="0.96" CONTENT="Vid"/><SP WIDTH="24" VPOS="2349" HPOS="784"/>
							<String ID="string_300" HPOS="808" VPOS="2349" WIDTH="180" HEIGHT="31" WC="0.96" CONTENT="årsskiftet"/><SP WIDTH="23" VPOS="2349" HPOS="988"/>
							<String ID="string_301" HPOS="1011" VPOS="2351" WIDTH="67" HEIGHT="29" WC="0.96" CONTENT="den"/><SP WIDTH="25" VPOS="2351" HPOS="1078"/>
							<String ID="string_302" HPOS="1103" VPOS="2352" WIDTH="39" HEIGHT="29" WC="0.96" CONTENT="31"/><SP WIDTH="24" VPOS="2352" HPOS="1142"/>
							<String ID="string_303" HPOS="1166" VPOS="2352" WIDTH="180" HEIGHT="30" WC="0.96" CONTENT="december"/><SP WIDTH="26" VPOS="2352" HPOS="1346"/>
							<String ID="string_304" HPOS="1372" VPOS="2352" WIDTH="82" HEIGHT="30" WC="0.96" CONTENT="1948"/><SP WIDTH="21" VPOS="2352" HPOS="1454"/>
							<String ID="string_305" HPOS="1475" VPOS="2353" WIDTH="89" HEIGHT="30" WC="0.96" CONTENT="hade"/><SP WIDTH="24" VPOS="2353" HPOS="1564"/>
							<String ID="string_306" HPOS="1588" VPOS="2355" WIDTH="66" HEIGHT="29" WC="0.93" CONTENT="den"/><SP WIDTH="22" VPOS="2355" HPOS="1654"/>
							<String ID="string_307" HPOS="1676" VPOS="2354" WIDTH="82" HEIGHT="30" WC="0.92" CONTENT="bok-"/>
						</TextLine>
						<TextLine ID="line_35" HPOS="257" VPOS="2395" WIDTH="1499" HEIGHT="48">
							<String ID="string_308" HPOS="257" VPOS="2395" WIDTH="102" HEIGHT="29" WC="0.95" CONTENT="förda"/><SP WIDTH="48" VPOS="2395" HPOS="359"/>
							<String ID="string_309" HPOS="407" VPOS="2398" WIDTH="238" HEIGHT="29" WC="0.83" CONTENT="statsskulden"/><SP WIDTH="48" VPOS="2398" HPOS="645"/>
							<String ID="string_310" HPOS="693" VPOS="2398" WIDTH="54" HEIGHT="30" WC="0.91" CONTENT="för"/><SP WIDTH="48" VPOS="2398" HPOS="747"/>
							<String ID="string_311" HPOS="795" VPOS="2400" WIDTH="209" HEIGHT="39" WC="0.89" CONTENT="utelöpande"/><SP WIDTH="52" VPOS="2400" HPOS="1004"/>
							<String ID="string_312" HPOS="1056" VPOS="2402" WIDTH="311" HEIGHT="39" WC="0.82" CONTENT="sparobligationer"/><SP WIDTH="48" VPOS="2402" HPOS="1367"/>
							<String ID="string_313" HPOS="1415" VPOS="2404" WIDTH="141" HEIGHT="39" WC="0.91" CONTENT="nedgått"/><SP WIDTH="49" VPOS="2404" HPOS="1556"/>
							<String ID="string_314" HPOS="1605" VPOS="2405" WIDTH="52" HEIGHT="29" WC="0.84" CONTENT="till"/><SP WIDTH="47" VPOS="2405" HPOS="1657"/>
							<String ID="string_315" HPOS="1704" VPOS="2406" WIDTH="52" HEIGHT="29" WC="0.94" CONTENT="kr."/>
						</TextLine>
						<TextLine ID="line_36" HPOS="258" VPOS="2444" WIDTH="1498" HEIGHT="51">
							<String ID="string_316" HPOS="258" VPOS="2444" WIDTH="59" HEIGHT="31" WC="0.95" CONTENT="135"/><SP WIDTH="15" VPOS="2444" HPOS="317"/>
							<String ID="string_317" HPOS="332" VPOS="2446" WIDTH="63" HEIGHT="30" WC="0.96" CONTENT="655"/><SP WIDTH="16" VPOS="2446" HPOS="395"/>
							<String ID="string_318" HPOS="411" VPOS="2447" WIDTH="76" HEIGHT="30" WC="0.95" CONTENT="532:"/><SP WIDTH="18" VPOS="2447" HPOS="487"/>
							<String ID="string_319" HPOS="505" VPOS="2448" WIDTH="40" HEIGHT="29" WC="0.96" CONTENT="09"/><SP WIDTH="21" VPOS="2448" HPOS="545"/>
							<String ID="string_320" HPOS="566" VPOS="2449" WIDTH="169" HEIGHT="30" WC="0.95" CONTENT="beroende"/><SP WIDTH="20" VPOS="2449" HPOS="735"/>
							<String ID="string_321" HPOS="755" VPOS="2450" WIDTH="11" HEIGHT="29" WC="0.96" CONTENT="i"/><SP WIDTH="18" VPOS="2450" HPOS="766"/>
							<String ID="string_322" HPOS="784" VPOS="2451" WIDTH="188" HEIGHT="30" WC="0.95" CONTENT="huvudsak"/><SP WIDTH="18" VPOS="2451" HPOS="972"/>
							<String ID="string_323" HPOS="990" VPOS="2452" WIDTH="45" HEIGHT="39" WC="0.95" CONTENT="på"/><SP WIDTH="19" VPOS="2452" HPOS="1035"/>
							<String ID="string_324" HPOS="1054" VPOS="2452" WIDTH="137" HEIGHT="30" WC="0.96" CONTENT="inlösen"/><SP WIDTH="18" VPOS="2452" HPOS="1191"/>
							<String ID="string_325" HPOS="1209" VPOS="2453" WIDTH="11" HEIGHT="29" WC="0.96" CONTENT="i"/><SP WIDTH="22" VPOS="2453" HPOS="1220"/>
							<String ID="string_326" HPOS="1242" VPOS="2454" WIDTH="168" HEIGHT="29" WC="0.95" CONTENT="samband"/><SP WIDTH="21" VPOS="2454" HPOS="1410"/>
							<String ID="string_327" HPOS="1431" VPOS="2455" WIDTH="79" HEIGHT="29" WC="0.95" CONTENT="med"/><SP WIDTH="21" VPOS="2455" HPOS="1510"/>
							<String ID="string_328" HPOS="1531" VPOS="2457" WIDTH="51" HEIGHT="28" WC="0.93" CONTENT="att"/><SP WIDTH="20" VPOS="2457" HPOS="1582"/>
							<String ID="string_329" HPOS="1602" VPOS="2455" WIDTH="154" HEIGHT="40" WC="0.92" CONTENT="löptiden"/>
						</TextLine>
						<TextLine ID="line_37" HPOS="253" VPOS="2497" WIDTH="1372" HEIGHT="48">
							<String ID="string_330" HPOS="253" VPOS="2497" WIDTH="54" HEIGHT="29" WC="0.96" CONTENT="för"/><SP WIDTH="22" VPOS="2497" HPOS="307"/>
							<String ID="string_331" HPOS="329" VPOS="2497" WIDTH="41" HEIGHT="29" WC="0.96" CONTENT="de"/><SP WIDTH="21" VPOS="2497" HPOS="370"/>
							<String ID="string_332" HPOS="391" VPOS="2497" WIDTH="10" HEIGHT="29" WC="0.96" CONTENT="i"/><SP WIDTH="19" VPOS="2497" HPOS="401"/>
							<String ID="string_333" HPOS="420" VPOS="2498" WIDTH="110" HEIGHT="39" WC="0.93" CONTENT="tredje"/><SP WIDTH="23" VPOS="2498" HPOS="530"/>
							<String ID="string_334" HPOS="553" VPOS="2499" WIDTH="250" HEIGHT="31" WC="0.92" CONTENT="försvarslånet"/><SP WIDTH="21" VPOS="2499" HPOS="803"/>
							<String ID="string_335" HPOS="824" VPOS="2501" WIDTH="169" HEIGHT="39" WC="0.93" CONTENT="ingående"/><SP WIDTH="22" VPOS="2501" HPOS="993"/>
							<String ID="string_336" HPOS="1015" VPOS="2503" WIDTH="360" HEIGHT="39" WC="0.92" CONTENT="sparobligationerna"/><SP WIDTH="20" VPOS="2503" HPOS="1375"/>
							<String ID="string_337" HPOS="1395" VPOS="2504" WIDTH="114" HEIGHT="40" WC="0.96" CONTENT="börjat"/><SP WIDTH="23" VPOS="2504" HPOS="1509"/>
							<String ID="string_338" HPOS="1532" VPOS="2506" WIDTH="93" HEIGHT="39" WC="0.96" CONTENT="utgå."/>
						</TextLine>
					</TextBlock>
				</ComposedBlock>
			</PrintSpace>
		</Page>
	</Layout>
</alto>
