2214 2646
395 227 45 36 12
908 226 223 42 Lagutskottets
1160 224 163 34 Utlåtande
1345 224 65 33 N:o
1432 226 55 32 52.

1100 675 97 39 N:o
1221 673 87 42 ä2.

1085 826 71 26 Ank.
1175 826 41 25 till
1234 824 91 28 Riksd.
1343 824 86 26 kansli.
1448 823 49 27 den
1518 824 29 25 17
1567 823 68 33 april
1655 824 73 30 1894,
1747 822 35 26 kl.
1800 822 16 25 2
1834 829 22 18 e.
1875 830 34 17 m.

607 964 189 44 Utlåtande,
825 964 13 35 i
865 964 187 44 anledning
1078 963 46 44 af
1143 964 100 36 väckt
1268 963 127 35 motion
1422 973 53 24 om
1501 961 142 36 ändrad
1668 960 125 46 lydelse
1810 959 45 44 af
1870 961 50 34 18
1937 959 76 45 kap.

801 1024 45 34 15
873 1020 25 48 $
924 1021 216 46 strafflagen.

536 1172 64 38 Uti
628 1185 50 25 en
704 1171 103 38 inom
835 1170 134 38 Andra
995 1171 234 37 Kammaren
1258 1169 126 47 väckt,
1403 1168 59 38 till
1480 1167 278 51 lagutskottets
1777 1166 238 49 behandling

401 1222 189 38 hänvisad
631 1222 158 47 motion,
816 1235 63 24 n:o
909 1223 61 46 96,
997 1222 71 36 har
1094 1221 91 37 herr
1212 1223 38 35 J.
1279 1222 203 36 Andersson
1507 1218 13 38 i
1549 1209 150 47 Ölsund
1727 1217 184 50 framlagt
1938 1217 77 37 för-

404 1273 85 50 slag
516 1273 58 37 till
601 1274 67 49 lag
695 1286 61 24 om
785 1272 147 38 ändrad
960 1272 148 50 lydelse
1135 1271 44 38 iaf
1204 1273 46 36 18
1273 1271 87 49 kap.
1387 1271 46 36 15
1463 1267 21 50 $
1509 1268 240 50 strafflagen.

539 1323 129 38 Sedan
709 1323 238 38 motionären
980 1323 154 46 erinrat,
1164 1327 56 32 att
1243 1320 122 50 enligt
1390 1333 52 25 nu
1470 1319 181 51 gällande
1679 1318 176 49 strafflag
1876 1317 140 51 högsta

405 1374 148 38 straffet
579 1375 60 37 för
666 1373 129 51 fylleri
821 1387 93 24 vore
942 1373 164 38 allenast
1131 1372 113 50 tjugu
1272 1372 162 37 kronors
1463 1370 121 47 böter,
1612 1368 223 38 framhåller
1861 1368 77 37 han
1958 1371 59 34 så-

405 1438 83 24 som
517 1425 58 36 sin
603 1424 115 50 åsigt,
746 1429 56 33 att
828 1437 48 24 en
903 1423 225 50 förhöjning
1153 1423 13 37 i
1195 1423 147 38 straffet
1363 1422 13 36 i
1405 1422 111 49 fråga
1534 1433 93 25 vore
1646 1419 121 50 nödig
1785 1418 72 38 och
1871 1417 144 50 jemväl

405 1475 124 38 skulle
556 1475 83 38 visa
663 1475 62 49 sig
751 1475 136 50 nyttig.
942 1473 145 39 Härvid
1115 1474 103 37 fäste
1245 1473 62 50 sig
1334 1472 239 38 motionären
1591 1471 100 37 först
1707 1471 72 36 och
1797 1470 138 36 främst
1952 1468 65 37 vid

406 1526 275 50 nykterhetens
705 1527 182 36 intresse:
915 1525 198 37 vissheten
1141 1538 62 24 om
1232 1529 56 32 att
1315 1524 87 46 den,
1431 1536 82 24 som
1540 1522 8 36 i
1571 1520 256 39 öfverlastadt
1844 1519 173 37 tillstånd

407 1576 215 88 nyptrades
660 1580 22 34 å
723 1576 140 38 allmän
903 1576 115 50 plats,
1037 1575 247 49 derigenom
1317 1578 144 33 utsatte
1496 1573 62 50 sig
1585 1572 61 37 för
1674 1571 75 37 den
1773 1569 245 50 allvarligare

407 1627 330 50 tillrättavisning,
778 1640 82 24 som
888 1627 88 49 låge
1014 1626 10 37 i
1054 1631 56 32 ett
1136 1625 122 49 högre
1286 1624 232 47 bötesstraff,
1546 1623 126 37 skulle
1699 1620 81 38 helt
1807 1620 130 38 säkert
1964 1620 55 37 bi-

407 1679 122 49 draga
562 1678 58 38 till
654 1677 227 38 minskande
910 1678 42 37 af
977 1676 169 51 superiet
1174 1675 95 39 eller
1296 1675 230 37 åtminstone
1553 1673 59 38 till
1639 1671 266 50 hejdande:af
1929 1670 89 38 dess

407 1729 258 37 öfverdrifter.
720 1729 88 37 Men
849 1728 113 38 äfven
1003 1727 12 37 i
1052 1732 55 32 ett
1140 1731 118 33 annat
1290 1724 184 39 afseende
1501 1730 133 44 syntes
1663 1736 48 24 en
1739 1721 216 50 skärpning
1981 1721 44 37 af

407 1780 148 37 straffet
591 1793 95 25 vara
726 1779 43 37 af
803 1779 185 37 behofvet
1014 1777 192 50 påkallad.
1259 1776 74 37 Det
1361 1789 92 23 vore
1481 1781 55 31 ett
1563 1773 162 38 allmänt
1752 1771 164 39 erkändt
1943 1772 77 37 för-

407 1830 190 47 hållande,
626 1836 57 31 att
709 1829 48 38 de
785 1829 111 37 flesta
918 1829 103 37 brott
1049 1828 191 50 beginges
1261 1826 122 38 under
1401 1831 127 32 rusets
1547 1823 231 50 inflytande;
1800 1822 72 38 och
1890 1821 129 38 kunde

410 1894 49 23 en
486 1880 118 38 sådan
632 1880 178 50 ändring,
834 1893 82 24 som
945 1879 75 37 den
1040 1879 41 37 af
1096 1878 240 38 motionären
1356 1876 233 50 föreslagna,
1607 1874 90 38 leda
1714 1873 59 37 till
1793 1871 227 40 minskande

411 1931 44 37 af
490 1931 181 47 superiet,
712 1934 43 35 så
794 1930 125 38 skulle
959 1930 75 37 den
1073 1928 162 38 sålunda
1274 1928 12 36 i
1313 1927 60 37 sin
1399 1930 89 35 mån
1515 1926 163 49 bidraga
1704 1924 59 38 till
1790 1922 230 39 hämmande

405 1941 154 96 jomväl
577 1981 42 38 af
644 1995 128 24 annan
790 1981 260 49 brottslighet.
1092 1980 130 49 Något
1241 1978 137 39 hinder
1395 1978 61 37 för
1471 1976 299 49 förändringens
1785 1972 237 50 vidtagande

409 2032 110 38 torde
547 2032 34 49 ej
608 2032 111 50 ligga
746 2032 92 47 deri,
868 2037 55 32 att
950 2031 127 50 fylleri
1104 2030 205 37 straffades
1338 2029 138 37 endast
1503 2028 123 36 under
1638 2026 76 38 den
1731 2024 290 49 förutsättning,

411 2088 56 32 att
495 2083 74 37 den
595 2082 192 38 berusade
814 2082 218 50 uppträdde
1060 2084 21 34 å
1105 2080 142 38 allmän
1274 2079 113 50 plats.

545 2133 74 37 Till
647 2134 73 37 sist
747 2133 203 37 anmärker
976 2132 253 46 motionären,
1258 2135 55 32 att
1337 2129 66 38 det
1421 2142 51 24 nu
1493 2127 189 51 stadgade
1702 2124 319 40 bötesmaximum

412 2184 110 37 torde
549 2197 93 24 vara
670 2183 69 38 allt
766 2184 59 37 för
852 2183 112 49 ringa
991 2182 63 37 vid
1081 2180 260 39 bestraffande
1369 2180 42 38 af
1432 2178 225 51 upprepade
1677 2175 345 52 fylleriförseelser.

414 2233 127 39 Också
567 2234 100 38 hade
695 2247 89 24 man
811 2234 85 37 från
923 2233 100 38 både
1051 2231 210 39 domstolar
1288 2231 72 37 och
1388 2229 181 51 åklagare
1591 2229 171 48 försport
1779 2224 245 50 beklagande

416 2284 122 47 deraf,
567 2291 55 31 att
649 2284 140 51 fylleri,
817 2284 122 37 under
966 2283 130 37 hvilka
1116 2281 332 50 omständigheter
1467 2294 80 24 som
1568 2278 102 38 helst
1684 2278 72 38 och
1771 2277 97 37 huru
1883 2278 142 46 många
