1874 2756
420 162 119 31 Andra
555 162 247 36 lagutskottets
818 162 179 32 utlåtande
1012 172 42 21 nr
1068 164 42 29 22
1125 162 39 31 år
1181 163 84 30 1962
1546 163 36 29 11

147 250 66 32 Vid
230 251 96 31 detta
343 250 147 32 ärendes
508 250 212 38 behandling
737 250 66 31 har
819 251 157 30 närvarit

145 312 81 31 från
268 313 140 30 första
422 312 220 31 kammaren:
658 312 124 31 herrar
795 313 75 30 Nils
885 313 210 35 Elowsson"”,
1109 313 85 31 Axel
1209 313 185 35 Svensson,
1409 312 58 31 fru
1481 313 105 31 Ham-

103 366 223 35 rin-Thorell,
342 365 58 31 fru
417 365 182 39 Carlqvist,
615 366 82 30 herr
714 366 194 36 Edström",
926 365 57 32 fru
1000 366 150 36 Nilsson,
1167 366 124 31 herrar
1306 366 80 31 Eric
1402 366 178 31 Carlsson”

102 419 66 30 och
185 420 194 34 Enarsson;

150 474 80 31 från
295 475 121 30 andra
448 476 220 29 kammaren:
704 476 122 30 herrar
860 476 181 31 Anderson
1074 476 11 29 i
1118 476 196 35 Sundsvall,
1349 475 240 35 Rimmerfors,

105 527 110 37 Odhe,
231 528 58 30 fru
307 528 192 36 Ekendahl,
515 528 56 31 fru
588 528 133 37 Gunne,
738 529 122 30 herrar
875 529 241 36 Fredriksson,
1132 529 163 31 Carlsson
1312 530 11 29 i
1340 529 169 38 Göteborg
1524 529 66 30 och

103 581 135 32 Gomér.

151 715 31 37 ")
210 715 41 38 Ej
276 715 218 31 närvarande
516 716 55 30 vid
594 715 217 31 utlåtandets
832 716 175 38 justering

686 903 148 30 Särskilt
854 903 159 36 yttrande

105 974 42 21 av
166 965 57 30 fru
239 965 315 39 Hamrin-Thorell,
573 966 122 29 herrar
712 966 174 38 Edström,
905 966 182 30 Anderson
1106 966 10 30 i
1134 966 185 30 Sundsvall
1338 966 64 30 och
1420 965 169 30 Rimmer-

103 1019 86 37 fors,
205 1019 96 30 vilka
318 1019 133 30 anfört:

151 1073 71 29 »Av
243 1072 380 38 remissbehandlingen
645 1072 156 38 framgår
822 1075 50 28 att
892 1073 390 38 uppsägningsskyddet
1303 1073 94 29 ännu
1418 1073 72 29 inte
1511 1072 79 30 fun-

106 1126 52 30 nit
178 1135 43 21 en
241 1126 73 30 helt
332 1125 325 32 tillfredsställande
678 1126 148 38 lösning.
849 1126 100 30 Såväl
972 1126 154 30 Svenska
1148 1125 441 39 arbetsgivareföreningen

105 1188 75 21 som
197 1179 400 38 Landsorganisationen
614 1180 38 29 är
668 1180 165 30 inställda
849 1180 44 37 på
909 1181 51 29 att
976 1180 164 30 fortsatta
1157 1179 266 38 förhandlingar
1439 1179 11 30 i
1466 1178 124 39 frågan

105 1233 89 30 skall
213 1233 72 31 ske.
303 1233 319 37 Tjänstemännens
640 1234 385 37 centralorganisation,
1045 1242 73 21 som
1139 1235 116 28 ansett
1273 1234 58 30 det
1347 1242 84 21 vara
1450 1242 41 21 av
1511 1242 78 28 syn-

105 1286 127 38 nerligt
252 1287 106 30 värde
379 1295 57 21 om
459 1286 267 38 ifrågavarande
750 1286 320 38 problemkomplex
1093 1287 97 29 bleve
1213 1285 147 32 föremål
1385 1286 54 31 för
1463 1295 42 21 en
1529 1286 60 30 all-

106 1340 89 38 sidig
214 1340 198 37 utredning,
432 1340 65 30 har
517 1339 196 31 framhållit
733 1341 51 29 att
804 1341 43 29 de
866 1339 153 31 träffade
1040 1340 136 30 avtalen
1197 1340 77 30 icke
1293 1340 90 30 varit
1403 1340 11 29 i
1435 1339 96 30 kraft
1552 1339 38 30 så

107 1394 100 36 länge
225 1394 52 29 att
294 1393 210 37 tillräckliga
522 1393 239 30 erfarenheter
780 1394 143 29 vunnits
943 1402 41 21 av
1005 1394 41 29 de
1064 1393 203 30 nuvarande
1288 1393 174 37 reglernas
1482 1393 109 36 lämp-

106 1447 117 37 lighet.
243 1446 117 30 Under
380 1446 132 30 sådana
532 1445 246 31 förhållanden
798 1446 65 30 har
882 1446 33 29 vi
936 1446 119 30 funnit
1076 1447 50 29 att
1147 1446 125 38 frågan
1292 1455 57 21 om
1370 1445 220 38 lagstiftning

107 1500 69 30 kan
195 1499 101 31 anstå
315 1508 77 21 men
411 1499 63 30 bör
492 1501 53 28 tas
564 1508 70 29 upp
653 1508 57 21 om
729 1499 108 38 några
856 1499 49 35 år,
924 1509 56 20 om
999 1499 110 30 behov
1128 1508 42 21 av
1189 1498 220 39 lagstiftning
1426 1499 94 30 visar
1539 1499 52 37 sig

106 1554 173 30 kvarstå.»
