1870 2788
451 169 124 40 Tredje
597 171 246 39 lagutskottets
866 174 180 31 utlåtande
1067 185 42 20 nr
1130 177 41 30 44
1192 178 39 29 år
1254 179 83 29 1966
1621 183 16 28 7

151 244 100 31 förda
270 246 159 31 förordar
446 249 60 39 jag
524 250 40 29 de
582 260 42 20 av
641 252 231 40 utredningen
892 254 200 40 föreslagna
1109 256 300 42 benämningarna
1426 259 75 31 inre
1519 262 117 29 vatten

150 299 66 29 och
237 300 268 32 territorialhav.

195 352 64 40 Jag
276 353 64 30 har
355 355 71 29 viss
443 355 183 32 förståelse
644 358 56 30 för
716 359 67 31 den
799 360 216 42 invändning
1034 372 74 20 som
1126 365 110 29 under
1254 361 383 50 remissbehandlingen

151 404 110 40 gjorts
281 409 72 28 mot
373 409 50 29 att
443 409 112 30 under
572 410 186 41 begreppet
778 413 273 39 sjöterritorium
1071 417 179 41 inbegripa
1269 419 144 40 insjöar,
1434 422 205 40 vattendrag

152 458 65 30 och
235 459 154 32 kanaler.
410 461 138 32 Sådana
567 465 287 31 vattenområden
874 468 64 30 har
958 469 119 30 ibland
1096 471 10 29 i
1127 471 65 30 den
1213 471 235 42 folkrättsliga
1468 475 171 30 litteratu-

152 520 61 21 ren
234 513 160 31 hänförts
415 515 53 30 till
489 517 284 32 landterritoriet.
795 521 102 30 Detta
918 522 107 39 gäller
1047 523 105 31 också
1174 525 73 30 inre
1269 528 117 28 vatten
1408 528 128 30 utefter
1558 529 82 30 kus-

153 567 107 29 terna.
283 567 64 30 Det
368 569 98 30 torde
488 570 193 31 emellertid
701 582 83 20 vara
805 574 177 39 praktiskt
1004 578 50 28 att
1075 577 45 29 ha
1143 587 41 20 en
1206 586 199 31 gemensam
1427 581 213 41 benämning

153 618 54 30 för
226 620 60 30 allt
305 621 319 33 territorialvatten.
643 625 59 31 Att
721 626 71 30 låta
811 627 113 30 denna
943 628 212 42 benämning
1175 632 147 30 omfatta
1342 633 84 30 även
1447 637 193 29 vattenom-

151 672 108 30 råden
280 674 11 29 i
310 674 156 31 inlandet
487 676 104 40 följer
612 679 168 39 naturligt
801 689 42 21 av
864 683 49 28 att
935 683 175 39 uttrycket
1131 684 74 30 inre
1225 688 118 28 vatten
1365 687 168 31 omfattar
1552 689 88 30 både

155 725 130 31 sådana
312 729 290 30 vattenområden
630 732 64 29 och
722 734 288 31 vattenområden
1040 737 119 30 utmed
1187 738 178 31 kusterna.
1394 741 65 40 Jag
1486 742 154 31 biträder

153 779 121 31 därför
292 782 86 29 även
397 781 166 42 förslaget
582 787 50 27 att
651 794 75 20 som
746 794 201 31 gemensam
965 788 211 42 benämning
1195 792 45 39 på
1258 792 74 30 inre
1351 796 119 28 vatten
1490 796 65 29 och
1573 798 67 28 ter-

153 832 205 32 ritorialhav
372 836 162 31 använda
550 838 97 30 ordet
663 839 283 39 sjöterritorium.

198 890 256 42 Utredningens
481 894 363 43 författningsförslag
870 899 195 31 innehåller
1092 902 72 30 dels
1191 905 48 28 ett
1266 903 130 42 förslag
1423 906 52 30 till
1502 907 55 40 lag
1583 917 57 20 om

155 943 153 41 Sveriges
325 945 283 40 sjöterritorium,
626 949 73 30 dels
715 952 48 29 ett
780 951 130 41 förslag
926 953 52 30 till
995 954 207 40 kungörelse
1218 957 79 30 med
1313 958 163 31 närmare
1492 960 147 31 bestäm-

154 997 124 30 melser
298 1007 57 21 om
374 1000 313 32 territorialhavets
708 1003 203 41 beräkning.
933 1006 13 29 I
968 1006 165 41 förslaget
1154 1009 51 30 till
1226 1010 55 39 lag
1302 1019 104 32 anges
1429 1013 52 29 till
1502 1023 42 20 en
1564 1014 77 30 bör-

152 1050 72 39 jan,
247 1053 50 29 att
320 1052 154 40 Sveriges
498 1054 272 39 sjöterritorium
794 1058 166 30 omfattar
982 1060 109 31 rikets
1114 1061 74 31 inre
1210 1065 118 28 vatten
1351 1066 65 29 och
1437 1067 203 30 territorial-

154 1104 77 34 hav,
258 1105 65 30 och
348 1105 175 32 förklaras
549 1108 153 31 därefter
728 1111 65 29 vad
821 1121 74 20 som
921 1113 103 39 utgör
1049 1114 74 30 inre
1148 1117 118 29 vatten
1292 1118 65 29 och
1383 1120 257 31 territorialhav

154 1159 90 28 samt
266 1158 68 29 hur
355 1159 293 33 territorialhavet
671 1162 183 32 beräknas.
878 1165 75 30 Inte
975 1166 86 31 bara
1083 1168 51 29 till
1157 1169 190 32 innehållet
1371 1174 85 28 utan
1479 1173 86 31 även
1587 1175 53 29 till

154 1210 186 41 ordalagen
360 1213 314 32 överensstämmer
694 1216 67 30 den
781 1217 198 41 föreslagna
998 1220 100 39 lagen
1118 1222 85 30 nära
1223 1224 79 29 med
1321 1225 66 29 vad
1409 1235 74 21 som
1504 1236 47 21 nu
1572 1228 69 39 gäl-

153 1264 51 29 ler
226 1266 106 39 enligt
354 1266 41 30 de
417 1267 10 29 i
451 1267 57 30 det
532 1267 207 41 föregående
761 1270 147 31 berörda
932 1272 307 42 författningarna.
1263 1277 59 30 Att
1346 1278 75 31 inre
1442 1281 120 29 vatten
1584 1290 57 20 av-

154 1318 144 38 gränsas
316 1322 73 27 mot
407 1320 103 30 havet
530 1331 41 20 av
590 1323 75 29 räta
682 1323 170 40 baslinjer
870 1326 127 30 nämns
1016 1328 71 30 inte
1106 1329 10 29 i
1135 1329 65 30 den
1220 1330 198 41 föreslagna
1437 1333 99 40 lagen
1556 1337 85 28 utan

155 1371 77 39 sägs
252 1372 10 29 i
283 1371 165 41 förslaget
468 1374 53 29 till
541 1375 218 40 kungörelse.
780 1378 64 29 Det
865 1388 121 21 senare
1007 1380 193 32 innehåller
1218 1384 118 30 vidare
1357 1385 212 42 hänvisning
1588 1389 52 29 till

154 1433 43 20 en
215 1425 121 30 därvid
353 1426 103 39 fogad
476 1427 220 41 förteckning
714 1430 80 29 över
811 1431 305 40 baslinjepunkter
1134 1436 65 29 och
1217 1436 425 44 cirkelbågemedelpunk-

154 1479 62 28 ter.
243 1478 52 30 Av
319 1479 115 30 denna
459 1479 157 41 framgår
641 1482 162 31 närmare
828 1484 235 40 baslinjernas
1092 1488 211 41 sträckning.
1331 1490 117 41 Enligt
1475 1492 166 40 förslaget

155 1531 52 29 till
221 1531 207 40 kungörelse
443 1534 89 29 skall
546 1535 340 40 territorialgränsen
900 1539 65 29 och
978 1539 218 41 baslinjerna
1208 1543 134 31 införas
1357 1545 45 39 på
1416 1546 136 39 sjökort
1566 1556 75 21 som

156 1585 37 28 är
212 1585 215 40 tillgängliga
446 1586 55 30 för
520 1588 247 32 allmänheten.

200 1636 166 42 Samtliga
386 1639 304 33 remissinstanser
712 1646 97 27 utom
832 1654 41 20 en
896 1646 64 29 har
983 1647 153 40 godtagit
1159 1649 164 41 förslaget
1346 1654 50 28 att
1418 1653 159 31 meddela
1600 1655 41 30 de

157 1691 283 40 grundläggande
470 1693 311 33 bestämmelserna
811 1698 10 28 i
852 1707 41 21 en
924 1699 55 40 lag
1009 1701 65 29 och
1104 1710 86 31 ange
1220 1703 66 30 den
1316 1705 162 31 närmare
1509 1708 132 30 sträck-

155 1743 127 40 ningen
301 1755 43 20 av
360 1746 218 40 baslinjerna
596 1749 10 29 i
624 1758 43 20 en
686 1749 218 40 kungörelse.
925 1752 12 29 I
957 1755 48 28 ett
1023 1755 162 38 yttrande
1204 1756 65 30 har
1287 1758 136 31 anförts
1443 1762 50 28 att
1513 1761 55 30 det
1589 1771 53 30 sy-

155 1806 61 21 nes
229 1807 83 21 vara
327 1798 108 40 fråga,
451 1800 71 30 inte
537 1810 56 21 om
608 1803 325 31 normföreskrifter
949 1808 86 27 utan
1050 1816 56 20 om
1121 1818 41 19 en
1178 1808 148 41 förnyad
1342 1813 128 29 svensk
1484 1813 158 32 deklara-

155 1850 73 30 tion
247 1851 10 29 i
275 1851 93 30 vissa
387 1852 235 41 folkrättsliga
642 1857 287 38 statusspörsmål
950 1860 64 28 och
1033 1861 50 28 att
1103 1861 55 29 det
1178 1862 119 30 därför
1315 1864 71 29 kan
1405 1861 235 49 ifrågasättas,

155 1912 56 20 om
228 1904 56 29 det
301 1905 315 31 överensstämmer
631 1908 79 29 med
728 1911 202 29 nuvarande
947 1911 302 33 konstitutionella
1266 1916 176 40 principer
1459 1921 50 27 att
1526 1921 115 39 nyttja

156 1957 47 28 ett
220 1957 52 28 till
289 1966 101 30 synes
407 1961 78 27 rent
503 1959 152 31 formellt
673 1961 216 41 lagbegrepp.

198 2009 69 30 När
289 2010 56 30 det
366 2011 83 39 gällt
471 2014 50 28 att
544 2013 174 31 fastställa
740 2016 190 38 gränserna
953 2017 54 30 för
1029 2028 41 20 cen
1094 2021 86 29 stats
1203 2021 272 39 sjöterritorium
1499 2026 63 29 har
1584 2027 55 30 det

156 2062 220 39 lagtekniska
402 2064 359 42 tillvägagångssättet
787 2069 88 30 varit
902 2070 94 30 olika
1024 2072 10 29 i
1062 2072 113 31 skilda
1201 2074 130 31 länder.
1360 2077 13 29 I
1400 2077 149 32 Finland
1576 2080 64 30 har

154 2115 279 41 huvudreglerna
454 2119 192 30 meddelats
667 2120 10 29 i
698 2130 42 20 en
762 2122 150 30 särskild
933 2123 55 39 lag
1010 2124 38 30 år
1071 2125 92 30 1956.
1185 2126 126 41 Övriga
1330 2131 168 30 nordiska
1520 2133 119 30 länder

157 2168 129 31 saknar
312 2169 157 31 däremot
495 2171 95 39 lagar
616 2173 10 28 i
653 2173 127 30 ämnet.
807 2175 142 30 Liksom
977 2177 10 28 i
1015 2177 135 40 Sverige
1177 2180 38 28 är
1240 2180 311 34 bestämmelserna
1579 2186 61 29 där

157 2222 202 29 meddelade
385 2223 11 29 i
424 2223 280 32 administrativa
733 2226 260 41 författningar.
1023 2230 12 28 I
1064 2230 115 30 Irland
1207 2233 63 29 har
1298 2236 152 38 antagits
1478 2246 42 20 en
1548 2238 55 40 lag
1630 2239 9 29 i

155 2274 127 29 ämnet.
300 2275 12 28 I
329 2275 279 31 Storbritannien
625 2278 125 39 ansågs
767 2280 63 29 när
847 2280 122 40 frågan
986 2292 61 19 var
1063 2283 130 30 aktuell
1210 2285 38 29 år
1267 2287 92 34 1964,
1377 2290 50 28 att
1444 2289 123 40 frågan
1584 2300 56 21 om

155 2328 49 28 att
228 2327 62 29 dra
313 2328 169 39 baslinjer
506 2329 70 30 inte
600 2330 154 31 behövde
779 2333 233 31 underställas
1037 2336 240 38 parlamentet.
1303 2339 80 30 Som
1409 2342 230 41 utredningen

156 2379 192 31 framhållit
372 2381 72 30 står
466 2382 92 29 vissa
581 2383 219 39 lagtekniska
824 2385 152 30 fördelar
999 2389 50 28 att
1072 2389 105 30 vinna
1199 2391 78 29 med
1301 2401 41 20 en
1367 2393 211 43 författning
1599 2407 41 20 av

155 2432 72 39 lags
251 2435 113 27 natur.
387 2434 210 39 Därigenom
621 2437 127 30 erhålls
772 2438 182 40 möjlighet
977 2442 50 27 att
1051 2441 9 29 i
1084 2443 108 29 andra
1216 2446 256 40 sammanhang
1495 2449 145 31 hänvisa

157 2486 49 28 till
227 2495 41 20 en
288 2487 131 29 central
441 2487 208 41 författning
669 2490 8 28 i
699 2490 126 30 ämnet.
846 2492 63 29 Det
931 2495 50 27 ter
1001 2494 51 39 sig
1072 2495 105 30 också
1196 2498 167 40 naturligt
1383 2502 50 28 att
1453 2501 41 29 de
1514 2504 127 37 grund-
