2200 2571
750 147 99 29 Stais-
864 146 162 30 Utskottets
1055 146 169 31 Utlåtande
1249 146 60 30 N:o
1334 146 28 31 8.
1778 147 36 28 31

371 236 71 36 »På
470 235 125 48 grund
624 233 41 38 af
690 234 100 36 hvad
818 233 156 37 sålunda
1002 232 246 38 förekommit
1276 233 69 36 och
1375 232 48 36 då
1442 230 95 38 efter
1558 232 45 35 de
1623 231 236 38 omfattande

237 288 69 36 och
334 299 218 37 noggranna
582 285 336 48 undersökningar,
946 297 81 23 som
1056 284 124 36 under
1208 284 90 36 flere
1328 286 40 33 år
1395 282 211 49 företagits,
1637 282 64 36 det
1730 284 33 46 ej
1786 284 72 35 kan

236 345 156 41 antagas
421 343 55 31 att
505 343 54 30 ett
587 334 184 50 skjutfält,
801 341 167 30 närmast
997 334 123 37 afsedt
1149 334 58 37 för
1236 334 97 37 Svea
1361 334 382 47 artilleriregemente,
1773 347 84 23 men

236 390 111 36 äfven
389 388 184 35 brukbart
613 386 60 36 för
713 386 45 36 de
794 386 121 47 öfriga
943 386 445 47 artilleriregementenas
1417 384 184 48 öfningar,
1631 384 10 34 i
1672 383 69 36 den
1773 387 84 33 mån

237 441 106 35 desse
378 431 139 59 kräfva.
531 443 125 31 större
687 443 199 43 utrymme,
915 444 46 27 än
989 450 80 22 som
1099 440 20 32 å
1149 436 109 36 deras
1288 436 151 46 vanliga
1467 435 289 47 exercisplatser
1784 435 72 35 kan

235 490 171 42 beredas,
434 489 121 35 skulle
584 490 126 34 kunna
738 486 196 45 anskaffas,
964 487 143 36 hvilket
1137 487 83 36 med
1250 486 216 36 hänseende
1494 486 57 34 till
1580 485 277 47 utsträckning,

228 540 183 48 jordmån
452 540 68 35 och
556 540 80 46 läge
666 552 88 23 vore
783 551 100 23 mera
911 537 253 48 fördelaktigt
1192 545 44 28 än
1266 538 64 35 det
1357 550 50 22 nu
1437 536 229 49 ifrågasatta,
1696 535 66 36 har
1792 534 67 37 Ut-

233 593 145 35 skottet
405 596 122 30 ansett
554 591 56 46 sig
637 591 92 34 böra
758 589 212 43 hemställa,

555 656 37 46 a)
646 663 55 30 att
742 657 210 47 Riksdagen
996 660 58 32 må
1090 656 57 36 för
1176 655 212 36 ändamålet
1417 655 136 47 bevilja
1581 659 55 32 ett
1664 654 130 47 anslag
1821 654 40 35 af

641 709 157 42 161,476
841 708 141 35 kronor
1022 712 97 30 samt
1159 706 109 36 deraf
1294 709 46 45 på
1369 711 106 30 extra
1503 711 74 30 stat
1605 704 57 37 för
1690 708 40 32 år
1762 706 91 34 1881

641 760 127 34 anvisa
796 763 53 31 ett
877 758 140 48 belopp
1048 757 39 35 af
1113 758 135 43 84,428
1278 757 172 44 kronor;»

370 844 40 36 af
434 843 98 37 Herr
563 843 84 36 Liss
675 841 90 50 Olof
790 843 175 44 Larsson,
995 855 77 24 som
1101 842 168 50 yttrade:

367 911 71 36 »På
479 910 123 47 grund
646 909 39 36 af
722 910 46 35 de
802 910 90 41 skäl,
922 923 80 22 som
1032 910 8 34 i
1070 909 256 36 betänkandet
1354 910 122 34 finnas
1506 908 166 45 anförda,
1701 908 67 35 har
1792 908 66 48 jag

232 968 123 30 röstat
391 961 58 36 för
487 961 120 47 afslag
644 964 19 31 å
697 959 286 47 ifrågavarande
1018 961 142 45 anslag,
1188 960 157 35 likasom
1372 960 65 45 jag
1466 959 161 45 deltagit
1656 959 9 34 i
1695 959 162 35 beslutet

233 1020 55 29 att
317 1012 190 47 medgifva
538 1011 133 45 Kongl.
692 1010 104 48 Maj:t
824 1015 55 30 att
907 1009 59 36 för
995 1010 212 35 ändamålet
1236 1009 172 37 använda
1433 1009 46 36 de
1495 1010 259 47 besparingar,
1775 1021 81 23 som

233 1064 182 47 möjligen
444 1063 125 34 kunna
597 1068 111 40 göras
737 1064 20 32 å
785 1059 462 49 vapenöfningsanslaget;

369 1113 47 35 då
446 1113 64 47 jag
545 1111 209 36 emellertid
784 1123 110 23 anser
922 1110 180 36 behofvet
1130 1110 42 37 af
1197 1117 53 29 ett
1278 1109 175 47 skjutfält
1481 1123 89 22 vara
1600 1109 86 36 fullt
1715 1109 139 48 ådaga-

232 1164 119 47 lagdt,
381 1164 158 35 likasom
569 1168 55 29 att
651 1161 63 36 det
742 1174 50 22 nu
823 1160 218 48 ifrågasatta
1069 1161 112 35 fältet
1209 1168 41 28 är
1270 1160 55 35 för
1341 1159 213 36 ändamålet
1571 1159 86 36 fullt
1673 1160 184 46 lämpligt,

232 1227 84 23 men
342 1215 64 45 jag
435 1212 208 47 ingalunda
672 1219 41 28 är
741 1211 222 49 öfvertygad
994 1218 55 28 att
1077 1211 243 47 besparingar
1348 1211 56 34 till
1434 1210 62 36 det
1524 1210 148 48 belopp,
1698 1222 79 22 som
1799 1209 58 36 för

232 1265 219 35 ändamålet
490 1262 203 43 erfordras,
730 1262 127 35 kunna
896 1265 20 31 å
955 1262 163 34 nämnda
1155 1262 131 44 anslag
1323 1267 123 40 göras,
1479 1264 40 32 så
1547 1261 67 35 har
1637 1262 66 46 jag
1731 1266 124 29 ansett

232 1316 65 35 det
337 1315 194 36 Utskottet
572 1313 86 35 bort
691 1311 137 36 föreslå
862 1311 216 46 Riksdagen
1113 1317 56 30 att
1203 1312 127 35 anvisa
1358 1311 221 48 ytterligare
1609 1317 160 40 utvägar
1798 1310 57 35 för

231 1365 232 36 ändamålets
505 1363 199 36 vinnande.
760 1361 165 37 Sålunda
967 1375 110 22 anser
1109 1363 65 45 jag
1203 1368 55 29 att
1286 1361 215 48 Riksdagen
1531 1361 79 36 dels
1639 1361 86 35 bort
1754 1360 102 35 med-

231 1416 100 47 gifva
373 1415 134 44 Kongl.
537 1413 104 46 Maj:t
682 1419 54 29 att
776 1412 176 47 bortbyta
989 1412 140 35 sådana
1159 1412 106 36 delar
1294 1411 40 37 af
1358 1411 130 48 Tierps
1517 1411 227 47 kronopark,
1773 1423 79 23 som

228 1465 61 37 för
329 1464 207 49 skjutfältet
577 1464 80 35 icke
699 1470 65 28 äro
806 1462 197 46 behöfliga,
1046 1475 84 22 men
1168 1474 81 23 som
1278 1461 241 37 tvifvelsutan
1549 1462 124 35 kunde
1701 1474 91 22 vara
1820 1460 37 36 af

230 1516 114 35 värde
381 1515 59 36 för
477 1515 45 35 de
559 1514 316 44 hemmansegare,
909 1513 124 34 hvilka
1067 1512 142 47 nödgas
1239 1511 95 37 afstå
1362 1513 70 42 sin,
1461 1512 57 35 för
1545 1511 107 36 deras
1681 1512 172 34 hemman

231 1566 139 47 nödiga
398 1567 113 45 skog;
541 1564 81 36 dels
650 1563 155 35 hänvisa
832 1563 59 35 till
921 1562 45 36 de
995 1563 135 42 medel,
1159 1575 80 23 som
1270 1570 63 28 äro
1359 1562 120 36 stälda
1504 1563 58 34 till
1579 1561 134 48 Kongl.
1731 1559 122 49 Maj:ts

231 1616 224 48 förfogande
484 1615 60 36 för
572 1614 115 47 inköp
716 1613 40 35 af
786 1612 258 49 skogbärande
1079 1613 89 35 eller
1197 1613 54 35 till
1283 1612 245 47 skogsodling
1555 1613 133 47 tjenlig
1716 1612 136 36 mark.»

361 1919 186 47 Slutligen
589 1917 119 36 skulle
750 1917 65 37 här
848 1916 215 42 antecknas,
1092 1920 54 30 att
1176 1913 95 36 Herr
1301 1912 37 38 C.
1367 1913 146 36 Ekman
1540 1914 83 35 icke
1653 1913 155 46 deltagit
1838 1914 8 34 i

226 1970 223 48 afgörandet
489 1969 40 35 af
569 1970 44 34 23
656 1968 67 35 och
754 1969 45 33 24
828 1967 214 47 punkterna
1072 1966 66 34 här
1167 1963 109 36 ofvan
1307 1971 95 28 samt
1431 1970 53 30 att
1512 1964 97 36 Herr
1637 1961 136 38 Grefve
1804 1964 44 34 A.

226 2021 150 36 Mörner
404 2021 82 35 icke
516 2019 167 36 närvarit
711 2017 64 36 vid
804 2017 121 34 denna
954 2015 249 36 hufvudtitels
1232 2015 229 47 behandling
1487 2015 12 36 i
1529 2014 206 36 Utskottet.
