2184 2646
434 175 43 30 34
833 173 361 42 Bevillningsutskottets
1217 171 195 33 betänkande
1435 171 54 31 Nr
1513 171 50 32 18.

601 253 109 38 Kungl.
735 252 106 37 Maj:ts
863 252 121 38 förslag.
1446 249 157 30 Utskottets
1626 248 121 38 förslag.

1112 451 20 34 4
1161 449 115 36 KAP.

907 604 272 34 Gemensamma
1201 602 283 34 bestämmelser.

1031 734 64 35 Om
1123 734 237 35 deklaration.

1143 856 47 35 39
1219 853 31 50 g.

523 961 106 35 Inom
671 965 56 30 tre
768 959 191 47 månader,
989 960 94 35 efter
1111 958 64 36 det
1204 956 321 49 skattskyldighet
1554 955 122 48 enligt
1703 953 122 36 denna
1855 951 143 37 förord-

393 1013 95 49 ning
528 1013 143 46 inträtt,
714 1011 149 49 åligger
904 1010 62 37 det
1003 1009 261 49 skattskyldig
1292 1008 89 37 eller
1409 1008 85 47 den,
1524 1019 80 24 som
1633 1006 68 36 har
1729 1004 143 36 dödsbo
1902 1003 97 36 efter

393 1065 200 46 utlänning
634 1076 61 23 om
737 1062 153 47 händer,
933 1067 54 31 att
1023 1061 12 36 i
1063 1061 122 37 nedan
1225 1059 246 51 uppräknade
1507 1059 65 35 fall
1601 1057 137 48 avgiva
1766 1055 232 37 deklaration

393 1117 57 35 till
478 1116 159 47 ledning
664 1114 65 36 vid
757 1114 170 36 skattens
956 1112 294 38 bestämmande.
1310 1112 119 35 Dessa
1457 1110 66 36 fall
1551 1116 79 30 äro:

527 1168 72 46 1:0o)
629 1166 46 35 då
705 1165 179 36 arvfallen
914 1165 88 35 eller
1029 1163 293 37 testamenterad
1342 1162 187 49 egendom
1551 1166 155 43 utgöres
1722 1172 46 23 av
1787 1158 211 35 kvarlåten-

394 1219 95 48 skap
518 1218 95 36 efter
640 1216 219 47 utlänning;

524 1268 73 50 2:0)
628 1268 46 37 då
702 1267 187 50 egendom
916 1270 50 47 på
994 1266 123 50 grund
1146 1279 46 23 av
1220 1269 223 33 testamente
1470 1262 157 37 tillfallit
1655 1264 127 47 någon
1801 1260 63 36 vid
1884 1264 114 31 annat

394 1322 147 37 tillfälle
569 1326 47 31 än
646 1321 99 36 förre
777 1319 373 37 rättsinnehavarens
1183 1317 161 38 dödsfall
1365 1316 71 37 och
1456 1316 102 36 skatt
1578 1315 58 36 för
1663 1314 133 48 fånget
1822 1312 83 37 icke
1934 1311 63 37 be-

392 1375 156 35 räknats
571 1373 13 36 i
617 1372 238 37 arvsskatten
874 1372 59 35 för
964 1370 273 48 behållningen
1264 1369 13 36 i
1305 1367 402 48 testamentsgivarens
1736 1365 156 43 dödsbo;

524 1424 73 48 3:0)
626 1424 46 35 då
705 1423 188 48 egendom
934 1422 155 36 tillfallit
1130 1424 126 45 någon
1297 1433 138 34 genom
1473 1422 238 41 testamente,
1740 1429 93 33 som,
1880 1415 118 36 ehuru

392 1476 84 36 icke
513 1475 174 46 bevakat,
733 1474 107 36 blivit
868 1473 169 48 godkänt
1065 1486 45 22 av
1140 1473 228 46 arvingarna
1396 1470 71 36 och
1496 1470 56 35 till
1580 1469 118 35 vilket
1726 1468 149 47 hänsyn
1915 1465 83 36 icke

393 1527 118 49 tagits
551 1526 64 36 vid
658 1525 209 37 arvsskatts
912 1524 240 37 beräknande
1198 1523 57 36 för
1295 1522 270 48 behållningen
1607 1520 12 36 i
1665 1517 333 49 testamentsgiva-

392 1592 87 23 rens
508 1578 162 44 dödsbo;

523 1629 75 49 4:0)
633 1630 46 36 då
716 1628 186 50 egendom
945 1627 152 37 tillfallit
1137 1630 128 45 någon
1307 1628 48 46 på
1396 1624 125 49 grund
1558 1637 47 22 av
1641 1627 238 40 testamente,
1917 1633 80 23 som

394 1694 139 36 genom
575 1681 183 36 domstols
791 1680 125 36 beslut
957 1679 201 36 förklarats
1199 1678 79 35 helt
1320 1677 89 36 eller
1451 1676 119 36 delvis
1600 1674 121 49 ogillt,
1751 1673 71 35 och
1851 1672 72 36 den
1951 1673 48 46 på

394 1734 131 48 fånget
565 1731 210 50 belöpande
817 1730 202 47 arvsskatt,
1063 1743 60 23 om
1165 1729 149 48 hänsyn
1354 1728 82 36 icke
1477 1726 119 49 tagits
1640 1725 55 36 till
1723 1724 45 37 de
1796 1722 203 50 upphävda

394 1783 568 46 testamentsbestämmelserna,
1005 1781 123 37 skolat
1173 1782 129 49 uppgå
1346 1779 58 37 till
1445 1779 118 48 högre
1590 1778 139 48 belopp
1757 1781 48 31 än
1833 1788 80 24 som
1943 1787 55 24 er-

394 1837 118 48 lagts;
543 1841 97 32 samt

525 1887 73 49 5:0)
628 1888 46 35 då
703 1886 188 49 egendom
919 1885 160 36 tillfallit
1106 1888 128 45 någon
1262 1897 138 36 genom
1429 1885 110 46 gåva.

525 1939 240 36 Deklaration
794 1938 108 46 skall,
933 1937 46 36 då
1008 1937 72 36 den
1109 1949 110 23 avser
1247 1938 99 45 gåva
1366 1935 91 36 eller
1475 1931 295 38 testamenterad
1790 1930 208 49 egendoms

394 1994 199 45 övergång
633 1990 64 36 vid
740 1995 113 30 annat
895 1988 149 36 tillfälle
1085 1993 47 30 än
1174 1987 101 36 förre
1312 1985 373 37 rättsinnehavarens
1723 1982 174 47 dödsfall,
1935 1994 63 23 av-

395 2043 146 35 lämnas
584 2042 56 36 till
681 2041 143 48 Kungl.
859 2040 129 48 Maj:ts
1017 2037 407 49 befallningshavande
1452 2036 12 35 i
1492 2036 62 36 det
1581 2035 75 46 län,
1686 2034 67 36 där
1781 2033 73 37 den
1882 2033 117 36 skatt-

398 2093 176 50 skyldige
603 2098 40 31 är
671 2093 139 47 bosatt,
839 2092 101 46 eller,
961 2091 13 36 i
993 2091 111 48 fråga
1123 2103 61 23 om
1199 2089 166 50 juridisk
1383 2100 150 37 person,
1555 2087 67 36 där
1642 2086 184 48 styrelsen
1846 2084 67 37 har
1933 2084 65 36 sitt

396 2150 89 42 säte,
516 2149 108 43 samt,
654 2144 47 36 då
730 2143 282 37 deklarationen
1042 2155 106 23 avser
1177 2140 183 37 arvfallen
1388 2140 91 36 eller
1498 2137 293 38 testamenterad
1812 2136 186 49 egendom

396 2197 11 35 i
441 2197 139 48 övrigt,
610 2195 56 37 till
695 2195 142 47 Kungl.
867 2194 125 49 Maj:ts
1021 2192 407 49 befallningshavande
1456 2191 13 36 i
1498 2190 63 36 det
1588 2190 75 46 län,
1694 2189 67 35 där
1789 2188 209 36 arvlåtaren

396 2248 90 36 eller
513 2247 385 48 testamentsgivaren
931 2245 98 37 varit
1061 2244 134 48 bosatt,
1225 2243 101 48 eller,
1357 2243 125 36 därest
1510 2241 235 49 egendomen
1774 2243 156 45 utgöres
1952 2252 46 23 av
