2142 2624
418 174 40 31 10
907 172 251 33 Statsutskottets
1186 172 171 32 Utlåtande
1379 173 61 31 N:o
1463 175 17 30 8
1496 183 30 20 a.

374 255 83 34 sion
485 265 81 23 som
589 252 239 36 beträffande
856 251 193 36 villkoren
1076 251 60 36 för
1163 251 229 46 åtnjutande
1421 252 42 35 af
1486 252 170 47 aflöning
1684 252 124 36 under
1835 253 139 46 tjänst-

373 304 173 47 ledighet
586 304 235 36 underkasta
861 303 58 46 sig
959 303 47 35 de
1047 302 231 36 förändrade
1319 303 300 46 bestämmelser,
1661 315 81 24 som
1770 303 203 37 framdeles

373 357 133 34 kunna
546 357 119 34 varda
706 354 234 45 meddelade,
983 354 72 35 har
1081 354 195 36 utskottet
1305 357 127 32 ansett
1458 356 97 35 böra
1583 354 222 37 utsträckas
1826 355 148 46 jämväl

375 408 62 35 till
473 408 250 46 åtnjutandet
764 406 42 36 af
829 406 372 47 sportelinkomster,
1230 405 155 36 hvadan
1412 406 198 37 utskottet
1636 406 129 37 funnit
1793 407 59 46 sig
1877 408 95 35 böra

375 459 150 46 föreslå,
555 463 58 32 att
642 459 82 46 $:en
751 459 14 34 i
792 458 117 46 sagda
936 457 216 36 hänseende
1180 457 282 46 fullständigas.

502 511 52 36 På
581 511 127 47 grund
736 510 42 36 af
800 510 102 35 hvad
929 509 162 35 sålunda
1118 508 129 36 blifvit
1277 508 154 36 anfördt
1458 508 60 36 får
1543 509 195 37 utskottet
1756 509 216 46 hemställa,

902 614 27 34 I.
951 616 61 32 att
1031 612 220 47 Riksdagen
1269 615 75 42 må,
1364 612 14 35 i
1397 612 211 46 anledning
1627 612 43 35 af
1683 613 141 46 Kungl.
1844 612 128 47 Maj:ts

774 665 252 36 förevarande
1067 664 286 47 framställning
1394 666 99 33 samt
1535 663 92 36 herr
1665 664 148 47 Trapps
1841 664 132 36 ofvan-

773 717 166 36 nämnda
980 716 151 36 motion
1171 716 73 35 och
1284 716 91 35 herr
1401 715 201 36 Karlssons
1628 716 151 35 motion
1806 728 62 24 n:o
1901 719 68 33 152

774 772 99 33 samt
916 768 88 35 med
1052 767 121 47 afslag
1214 771 22 32 å
1277 767 91 36 herr
1407 767 112 35 Roos'
1563 766 113 36 ofvan
1718 766 252 37 omförmälda

773 821 160 44 motion,
961 819 210 47 godkänna
1198 818 169 47 följande
1396 819 13 35 i
1436 819 75 35 den
1539 819 65 34 vid
1632 819 109 35 detta
1769 819 203 36 utlåtande

774 872 137 47 fogade
938 872 133 46 bilaga
1097 873 33 34 A
1156 874 203 44 upptagna
1387 870 264 47 utgiftsstater
1676 870 60 36 för
1760 871 210 36 tullverket

774 927 61 33 att
861 923 197 47 tillämpas
1084 923 124 35 under
1235 925 43 32 år
1309 925 95 33 1905
1433 922 197 47 nämligen

824 975 46 45 A)
898 975 327 46 Aflöningsstaten

880 1027 71 45 1:0)
982 1026 254 37 Generaltull-

901 1079 186 46 styrelsen
1104 1109 4 4 .
1309 1079 171 44 123,000:
1498 1098 51 3 —

877 1131 75 44 2:0)
963 1129 277 37 Lokaltullför-

899 1182 229 46 valtningen
1140 1185 97 32 samt

899 1234 108 35 kust-
1024 1234 73 35 och
1110 1239 129 41 gräns-

898 1285 271 61 bevakningen
1206 1315 27 4 —
1266 1286 213 53 2,693,150:
1497 1305 52 3 —
1590 1293 56 35 kr.
1677 1295 214 43 2,816,150:
1910 1313 49 4 —

825 1346 44 44 B)
897 1332 425 64 Ålderstilläggsstaten
1354 1374 268 10 ME
1716 1346 175 42 250,000:
1908 1365 52 3 —

825 1397 41 45 C)
891 1372 571 76 Öfvergångsaflöningsstaten.
1601 1425 21 11 >
1766 1398 124 42 4,000:
1906 1416 52 4 —

825 1449 46 44 D)
900 1448 386 47 Indragningsstaten
1424 1478 25 4 co.
1601 1476 20 16 »
1768 1450 122 42 5,680:
1907 1468 51 4 —

824 1500 44 45 E)
896 1500 311 36 Pensionsstaten
1246 1500 60 35 för
1342 1478 206 57 afskedade

875 1551 234 46 tjänstemän
1137 1551 72 36 och
1235 1551 174 47 betjänte
1582 1551 58 35 kr.
1714 1553 173 43 -300,000:
1903 1572 51 3 —

824 1604 43 44 F)
895 1603 354 36 Pensionsstaterna
1304 1603 60 35 för
1413 1603 140 35 aflidna

875 1655 253 46 tjänstemäns
1148 1655 72 36 och
1233 1655 194 46 betjäntes
1441 1654 116 36 efter-

876 1707 179 35 lämnade
1084 1707 123 35 änkor
1234 1706 74 36 och
1335 1707 96 35 barn
1599 1735 20 13 -
1741 1708 148 43 35,000:
1907 1726 50 4 —

826 1759 43 44 G)
898 1758 389 37 Omkostnadsstaten
1316 1790 108 2 -....oo.c
1598 1786 21 16 ,”
1712 1760 245 42 438,170:
1924 1753 38 54 —

902 1813 100 33 samt
1043 1810 159 35 sålunda
1242 1810 61 35 för
1343 1812 94 33 1905
1465 1810 214 35 bestämma
1707 1809 174 46 anslaget
1910 1808 60 36 för

775 1862 208 35 tullverket
1026 1862 63 35 till
1115 1864 57 33 ett
1199 1864 82 33 mot
1311 1864 189 33 staternas
1528 1861 226 36 slutsumma
1782 1860 186 36 svarande

771 1914 141 46 belopp
953 1913 42 36 af
1028 1916 198 43 3,849,000
1255 1913 148 36 kronor
1430 1916 59 32 att
1518 1916 125 33 såsom
1670 1912 297 47 förslagsanslag

772 1969 94 42 utgå
906 1966 129 35 direkt
1078 1965 42 36 af
1154 1965 239 45 tullmedlen,
1428 1965 250 46 hvarigenom
1705 1964 167 36 nämnda
1900 1976 66 23 an-

772 2017 200 46 slagstitel,
993 2017 14 35 i
1026 2029 53 23 nu
1097 2017 179 47 gällande
1296 2017 161 35 riksstat
1471 2020 199 43 upptagen
1685 2016 62 35 till
1763 2017 201 43 2,982,.000

776 2069 156 44 kronor,
960 2069 155 35 komme
1143 2071 59 33 att
1229 2068 109 46 höjas
1365 2068 88 35 med
1482 2070 163 43 867,000
1673 2067 164 44 kronor;

902 2121 45 34 II.
977 2123 60 33 att
1065 2120 219 46 Riksdagen
1311 2122 62 33 må
1400 2119 206 47 medgifva,

902 2170 33 36 a'
958 2175 59 33 att
1033 2171 466 47 kustbevakningschefen
1513 2172 15 34 i
1542 2171 182 36 Hallands
1739 2172 98 34 samt
1853 2169 114 36 Göte-

773 2224 115 47 borgs
917 2223 72 37 och
1017 2223 127 36 Bohus
1170 2224 65 36 län
1255 2226 74 42 må,
1350 2224 14 34 i
1381 2223 124 36 likhet
1525 2223 88 36 med
1632 2223 100 35 hvad
1752 2234 81 24 som
1848 2222 119 35 redan
