1882 2808
280 156 18 29 6
723 163 275 31 Statsutskottets
1019 163 176 31 utlåtande
1216 174 41 20 nr
1283 165 70 29 141.

328 246 13 29 I
367 245 162 31 skrivelse
554 248 67 29 den
645 247 18 29 8
688 248 152 30 februari
868 248 82 29 1946
975 248 63 30 har
1064 248 353 37 medicinalstyrelsen
1442 250 183 35 hemställt,
1655 254 49 28 att
1728 251 56 29 för

284 297 194 30 beredande
503 306 41 21 av
574 297 166 37 sjukvård
767 297 10 30 i
806 298 135 36 Sverige
968 298 34 30 åt
1027 299 87 29 barn
1141 299 78 30 från
1246 300 41 29 de
1313 300 166 30 nordiska
1505 301 278 35 grannländerna

284 346 105 31 måtte
411 347 135 30 anvisas
571 347 193 36 ytterligare
788 348 95 29 1500
897 349 64 28 000
983 350 129 28 kronor
1135 350 120 29 utöver
1277 350 55 30 det
1355 350 135 35 belopp,
1514 351 19 28 6
1546 351 62 29 750
1620 350 63 30 000
1705 352 76 28 kro-

284 405 72 27 nor,
379 406 74 20 som
474 396 55 30 för
546 396 210 36 budgetåren
781 394 333 34 1941/42—1945/46
1135 399 150 30 anvisats
1306 399 49 29 till
1376 409 132 21 samma
1530 399 163 31 ändamål
1712 410 73 20 var-

284 445 108 36 jämte
412 447 233 30 kostnaderna
663 447 56 30 för
736 449 65 29 den
823 448 159 30 fortsatta
1001 449 263 30 verksamheten
1281 449 87 30 efter
1391 451 66 29 den
1478 451 10 28 1
1513 450 62 38 juli
1597 451 83 29 1946
1700 460 85 26 upp-

285 496 144 31 skattats
452 497 50 30 till
523 498 87 35 lägst
633 498 61 30 500
709 498 62 30 000
794 499 139 30 kronor.

327 548 387 39 Departementschefen
733 549 63 31 har
817 550 116 31 anfört
955 550 162 37 följande.

326 607 68 30 För
416 607 229 35 hjälparbetet
667 608 10 30 i
699 609 40 30 de
759 618 42 20 av
824 609 110 35 kriget
955 609 143 35 härjade
1119 611 165 29 länderna
1306 611 65 29 har
1391 610 80 31 från
1491 612 124 29 svensk
1637 612 73 30 sida
1732 611 48 30 bi-

283 649 101 30 stånd
408 651 148 29 lämnats
580 651 11 29 i
612 650 92 30 olika
728 651 139 30 former.
895 651 44 31 Så
961 652 63 30 har
1047 661 74 21 som
1144 653 127 29 bekant
1294 653 10 29 i
1329 653 194 35 betydande
1546 652 238 35 utsträckning

285 692 88 29 skett
389 692 45 33 på
451 692 112 34 privat
580 692 145 31 initiativ
742 694 65 29 och
825 695 80 29 med
923 693 95 36 hjälp
1038 704 41 20 av
1099 694 190 31 insamlade
1307 695 121 30 medel.
1449 695 92 30 Från
1562 699 127 27 statens
1709 696 74 30 sida

282 734 55 33 ha,
358 734 106 30 bland
485 738 114 31 annat,
621 735 229 34 organiserats
872 737 91 29 olika
984 736 221 31 humanitära
1226 737 258 36 hjälpaktioner
1504 739 67 29 och
1591 740 192 29 leveranser

283 785 41 20 av
352 777 267 30 förnödenheter
647 777 44 35 på
718 777 189 35 gåvobasis.
938 779 119 30 Denna
1085 780 218 30 verksamhet
1329 781 65 29 har
1420 781 9 29 i
1457 780 183 30 huvudsak
1671 781 110 29 finan-

283 818 119 32 sierats
422 818 77 31 från
519 822 47 27 ett
583 821 119 33 anslag
722 821 111 29 under
851 820 124 35 sjunde
994 822 217 30 huvudtiteln
1232 821 51 31 till
1303 821 121 37 bidrag
1444 823 50 29 till
1514 823 268 30 internationellt

285 860 451 36 återuppbyggnadsarbete.
765 862 129 31 Hittills
920 863 45 31 ha
990 864 110 30 under
1123 865 92 29 detta
1239 865 120 35 anslag
1383 866 151 30 anvisats
1558 866 42 29 90
1624 864 160 37 miljoner

283 904 138 28 kronor.
448 903 223 31 Beträffande
695 904 116 35 övriga
834 906 135 34 statliga
991 906 373 35 medelsdispositioner
1386 917 42 20 av
1450 907 254 36 gåvokaraktär
1726 907 57 32 må

285 945 64 30 här
369 946 130 30 erinras
521 955 58 20 om
600 950 48 27 att
669 946 183 35 riksdagen
874 947 132 31 anvisat
1028 949 62 29 200
1113 948 161 36 miljoner
1295 951 128 28 kronor
1446 951 55 29 för
1522 950 261 35 avskrivningar

285 987 20 30 å
329 987 90 30 vissa
442 988 50 30 till
514 989 154 30 utlandet
692 990 160 30 lämnade
877 990 157 30 krediter.

330 1029 241 34 Nyssnämnda
593 1032 262 35 anslagsbelopp
878 1032 19 30 å
919 1033 41 29 90
984 1033 160 35 miljoner
1164 1035 127 29 kronor
1312 1035 73 34 har,
1408 1044 75 21 som
1504 1035 204 31 kommittén
1729 1036 54 30 för

284 1071 254 32 internationell
558 1072 319 35 hjälpverksamhet
898 1075 10 29 i
930 1075 52 30 sin
1003 1072 232 55 promemoria
1255 1077 127 35 anfört,
1405 1087 142 21 numera
1569 1079 123 29 nästan
1713 1078 70 30 helt

284 1114 209 30 förbrukats.
521 1115 63 30 Det
609 1117 69 28 kan
702 1116 47 30 bli
772 1116 146 31 föremål
943 1118 53 29 för
1021 1117 68 30 viss
1112 1119 135 34 tvekan,
1272 1120 91 29 huru
1387 1120 66 30 den
1478 1122 146 28 svenska
1648 1120 134 36 statliga

284 1154 364 35 hjälpverksamheten
678 1158 184 31 framdeles
892 1159 63 30 bör
981 1160 180 30 utformas.
1191 1160 115 31 Under
1334 1162 67 30 alla
1430 1162 242 31 förhållanden
1699 1163 84 29 böra

284 1199 88 29 dock
392 1199 91 30 vissa
504 1201 110 29 under
635 1201 93 30 hand
749 1201 122 34 gjorda
892 1201 194 35 åtaganden
1108 1202 121 31 infrias
1251 1204 65 29 och
1338 1205 194 35 ytterligare
1554 1206 112 29 medel
1687 1206 94 29 anvi-

284 1250 54 22 sas
357 1241 55 30 för
428 1242 220 34 fullföljande
665 1252 41 20 av
724 1244 107 29 redan
849 1244 139 30 inledda
1008 1244 265 36 hjälpaktioner.
1293 1246 63 30 Det
1373 1256 42 20 av
1433 1247 204 30 kommittén
1655 1248 127 30 äskade

283 1283 169 35 beloppet,
478 1285 35 28 17
537 1284 161 35 miljoner
719 1286 138 34 kronor,
879 1287 63 29 har
963 1287 184 31 beräknats
1169 1287 78 31 från
1268 1289 99 30 dessa
1388 1288 304 37 utgångspunkter.
1715 1290 67 30 För

283 1326 222 31 kommitténs
529 1327 373 36 anslagsberäkningar
924 1330 65 29 har
1012 1329 143 35 tidigare
1180 1330 198 36 redogjorts.
1406 1332 73 30 Den
1503 1333 123 29 största
1650 1336 131 32 posten,

283 1368 19 28 6
320 1367 160 35 miljoner
500 1369 138 35 kronor,
659 1380 98 20 avser
774 1371 188 30 kostnader
979 1372 53 29 för
1051 1382 42 20 en
1113 1372 86 35 gåva
1218 1382 42 21 av
1278 1374 119 30 trähus
1417 1375 50 30 till
1487 1374 200 36 Frankrike,
1708 1385 73 21 var-

283 1419 57 21 om
364 1411 176 30 utfästelse
567 1412 106 30 redan
698 1413 157 30 lämnats.
883 1412 128 32 Chefen
1035 1415 55 29 för
1114 1415 378 35 socialdepartementet
1516 1418 157 29 kommer
1698 1421 48 27 att
1772 1416 10 30 i

283 1457 106 26 annat
411 1455 253 33 sammanhang
686 1456 112 29 denna
821 1456 66 35 dag
909 1458 138 29 anmäla
1071 1457 129 36 förslag
1221 1467 56 21 om
1300 1458 159 36 åtgärder
1484 1460 54 29 för
1561 1459 221 36 fullföljande

283 1505 42 20 av
347 1496 113 29 denna
484 1496 186 31 utfästelse.

328 1542 120 30 Såsom
450 1538 21 46 i
495 1543 55 29 det
566 1542 204 35 föregående
786 1543 145 30 erinrats
951 1544 61 29 bör
1029 1544 10 29 i
1056 1544 92 30 detta
1166 1544 252 35 sammanhang
1435 1544 166 36 reglering
1618 1546 62 29 ske
1695 1544 86 36 jäm-

284 1586 54 29 väl
359 1594 43 20 av
424 1586 232 29 kostnaderna
677 1585 10 30 i
709 1586 171 30 samband
901 1587 78 29 med
1001 1586 342 35 omhändertagande
1365 1586 11 31 i
1400 1586 134 36 Sverige
1560 1597 41 20 av
1626 1587 83 30 visst
1732 1587 49 30 in-

283 1629 230 29 ternationellt
531 1628 247 35 hjälpklientel.
799 1628 129 30 Härför
946 1629 173 30 erfordras
1136 1631 46 28 ett
1200 1629 124 36 belopp
1343 1639 43 20 av
1405 1630 40 28 22
1466 1628 160 37 miljoner
1644 1630 138 32 kronor,

282 1670 104 31 vilket
404 1671 96 30 torde
520 1671 84 30 böra
624 1671 10 30 i
654 1671 52 30 sin
726 1672 114 29 helhet
862 1672 174 29 överföras
1055 1671 51 31 till
1127 1673 152 33 anslaget
1297 1672 51 30 till
1366 1672 123 35 bidrag
1507 1672 50 30 till
1576 1672 205 36 flyktingars

282 1713 194 34 uppehälle,
498 1713 297 35 yrkesutbildning
817 1724 44 19 m.
883 1724 56 24 m.,
964 1713 78 31 från
1063 1714 104 30 vilket
1188 1714 185 35 utgifterna
1395 1715 11 29 i
1427 1713 98 36 fråga
1547 1714 233 30 förskotteras.

283 1755 62 30 Det
366 1756 106 29 totala
493 1755 145 30 behovet
658 1765 42 21 av
720 1738 375 53 anslagsförstärkning
1117 1758 70 28 kan
1208 1757 79 30 med
1309 1757 137 35 hänsyn
1467 1756 115 31 härtill
1607 1767 47 20 nu
1678 1765 103 28 anges

282 1797 50 30 till
354 1796 51 35 (17
425 1791 35 35 —
478 1798 40 29 22
531 1796 56 36 =)
606 1798 41 29 39
661 1798 160 35 miljoner
837 1800 138 29 kronor.

324 1840 14 29 I
360 1840 185 34 anledning
567 1850 42 20 av
630 1840 369 36 medicinalstyrelsens
1024 1841 254 36 framställning
1301 1841 55 31 får
1376 1841 58 37 jag
1456 1842 179 36 tillstyrka,
1659 1846 49 27 att
1730 1844 49 34 yt-

282 1883 157 33 terligare
460 1884 110 29 medel
590 1883 170 30 beräknas
780 1884 56 29 för
855 1884 219 30 bestridande
1096 1894 41 21 av
1158 1885 232 30 kostnaderna
1412 1885 53 30 för
1486 1884 167 35 sjukvård
1673 1885 10 30 i
1704 1885 76 29 Sve-

282 1925 70 33 rige
373 1924 35 31 åt
432 1925 86 30 barn
541 1925 78 30 från
643 1927 287 33 grannländerna.
955 1925 109 36 Något
1086 1926 138 30 särskilt
1246 1927 120 35 anslag
1389 1926 55 31 för
1466 1926 197 31 ändamålet
1685 1927 96 29 torde

282 1968 88 29 dock
392 1967 74 30 icke
485 1968 84 30 böra
592 1968 145 30 anvisas.
760 1967 78 31 Med
857 1969 136 34 hänsyn
1013 1970 50 29 till
1082 1971 49 28 att
1151 1970 56 29 det
1228 1978 43 20 av
1291 1969 205 30 kommittén
1517 1969 128 31 äskade
1666 1970 114 34 belop-

281 2013 56 30 pet
363 2009 19 30 å
409 2010 36 29 17
471 2010 160 34 miljoner
653 2011 127 29 kronor
803 2011 188 30 innefattar
1014 2021 42 20 en
1079 2020 113 21 reserv
1217 2011 20 30 å
1262 2012 48 34 3,3
1337 2010 161 37 miljoner
1521 2013 138 34 kronor,
1685 2011 96 30 torde

281 2051 264 34 ifrågavarande
566 2052 374 35 sjukvårdskostnader
961 2055 118 29 kunna
1103 2054 168 30 bestridas
1294 2053 78 31 från
1394 2054 385 36 återuppbyggnadsan-

281 2095 106 33 slaget
407 2097 84 27 utan
511 2097 48 28 att
579 2095 114 34 någon
716 2095 145 35 höjning
882 2106 42 20 av
944 2097 245 34 totalbeloppet
1210 2097 150 29 behöver
1382 2097 68 29 ske.

323 2135 147 32 Givetvis
485 2138 71 29 kan
573 2137 111 30 behov
699 2138 215 35 uppkomma
931 2148 42 20 av
988 2138 194 35 ytterligare
1198 2139 110 30 medel
1324 2139 55 30 för
1396 2139 253 30 internationell
1667 2139 110 36 hjälp-

281 2180 228 33 verksamhet,
537 2180 119 29 varvid
685 2180 10 29 i
722 2181 145 29 främsta
893 2185 148 26 rummet
1069 2182 96 29 torde
1194 2182 119 29 kunna
1340 2181 253 35 ifrågakomma
1622 2181 158 36 speciella

281 2220 266 35 hjälpaktioner.
573 2222 14 29 I
610 2222 37 30 så
674 2223 61 30 fall
757 2223 99 30 torde
878 2223 122 34 frågan
1024 2224 121 29 därom
1169 2223 35 30 få
1230 2225 156 28 anmälas
1411 2224 54 30 för
1488 2223 192 37 riksdagen,
1705 2233 74 21 var-

281 2264 56 29 vid
361 2263 59 34 jag
444 2265 208 34 förutsätter,
679 2268 48 27 att
753 2265 357 35 medelsanvisningen
1136 2267 88 29 skall
1248 2267 120 29 kunna
1395 2275 81 21 avse
1501 2267 147 30 konkret
1672 2267 107 29 utfor-

280 2306 101 30 made
406 2306 137 34 förslag,
570 2307 93 30 vilka
687 2308 118 29 kunna
830 2308 47 29 bli
902 2307 145 31 föremål
1072 2308 55 30 för
1152 2308 201 36 riksdagens
1377 2308 179 36 prövning.
1584 2308 194 30 Beträffan-

280 2349 42 29 de
344 2348 248 34 dispositionen
615 2359 42 20 av
683 2350 54 30 det
759 2360 47 19 nu
831 2351 129 30 äskade
982 2351 153 34 anslaget
1158 2351 96 30 torde
1280 2352 55 29 det
1358 2351 129 35 förslag
1511 2352 49 29 till
1585 2352 194 34 fördelning

280 2391 20 30 å
314 2391 94 31 olika
424 2391 172 35 ändamål,
614 2401 73 21 som
705 2392 154 34 framgår
873 2402 42 21 av
933 2393 66 30 den
1015 2392 143 36 tidigare
1174 2394 160 30 lämnade
1351 2394 247 35 redogörelsen,
1617 2394 10 30 i
1646 2393 132 30 huvud-

282 2434 61 29 sak
362 2433 84 31 böra
467 2434 103 30 vinna
589 2433 228 36 tillämpning.
