2231 2669
420 189 19 28 4
596 187 127 33 Första
745 190 227 31 Kammarens
1000 191 181 40 Tillfälliga
1211 192 139 31 Utskotts
1377 192 62 39 (Nr
1463 193 32 38 1)
1528 194 173 31 Utlåtande
1725 195 50 30 Nr
1799 197 52 29 22.

419 277 207 49 finningen
667 279 14 36 i
723 277 174 50 Sverige,
942 282 80 45 äro,
1067 280 122 51 enligt
1216 282 208 49 uppgifter
1452 283 14 36 i
1494 282 359 50 tidningspressen,
1883 285 14 37 i
1926 286 92 38 huf-

419 332 159 38 vudsak
606 332 196 51 följande:

532 405 12 16 »
552 387 306 39 Elektrometall
900 389 102 38 skall
1044 392 177 47 uppföra
1263 392 76 37 och
1367 392 287 38 kostnadsfritt
1681 393 135 38 lämna
1844 394 80 38 alla
1950 396 67 37 för

418 442 341 49 ugnsbyggnader
788 444 76 36 och
893 443 77 38 den
999 444 217 39 elektriska
1245 446 271 48 smältningen
1546 447 148 48 nödiga
1722 448 199 48 ritningar
1940 450 77 37 och

417 496 301 50 beskrifningar
747 500 104 36 samt
879 498 129 38 under
1036 500 173 38 arbetets
1237 503 105 46 gång
1370 500 136 39 lämna
1534 501 148 49 nödiga
1710 502 74 39 råd
1812 504 75 38 och
1915 517 100 36 upp-

416 551 221 49 lysningar.

525 606 291 38 Järnkontoret
845 610 93 45 äger
967 610 59 35 att
1055 609 97 49 själf
1179 610 144 37 utöfva
1353 610 95 38 eller
1475 610 83 37 låta
1586 611 127 38 andra
1741 613 143 37 utöfva
1903 613 113 38 inom

418 659 165 49 Sverige
612 661 184 48 samtliga
824 664 387 47 patenträttigheter,
1243 664 169 38 äfvenså
1440 665 182 48 begagna
1649 666 199 49 ritningar
1876 680 51 24 m.
1959 680 51 25 m.

417 717 86 34 mot
544 715 108 37 vissa
694 715 172 48 afgifter,
912 728 87 25 som
1028 719 96 46 utgå
1154 717 83 38 dels
1271 718 70 37 vid
1369 719 142 47 hvarje
1539 719 303 50 nyanläggning
1871 721 93 38 med
1992 721 22 37 2

417 767 151 39 kronor
599 780 72 37 per
705 769 190 39 elektrisk
924 770 204 39 hästkraft
1158 771 115 50 (dock
1303 772 142 38 endast
1474 784 48 26 en
1551 775 104 47 gång
1682 774 66 38 för
1777 775 143 50 hvarje
1949 788 65 25 an-

417 823 191 48 läggning
649 824 65 37 för
755 825 143 48 hvarje
941 825 173 38 särskild
1155 829 192 47 ugnstyp)
1392 827 83 38 dels
1517 828 14 36 i
1559 829 107 36 form
1695 829 44 36 af
1765 829 126 38 licens
1920 831 43 36 af
1992 832 22 35 1
2057 835 2 3 '

416 877 130 38 krona
575 877 50 38 25
656 881 67 34 öre
751 890 72 37 per
851 882 72 34 ton
951 880 103 47 järn,
1075 880 248 38 framställdt
1343 881 125 48 enligt
1487 881 328 40 Elektrometalls
1834 886 177 45 patent.»

523 931 112 39 Utan
677 935 59 35 att
777 935 53 45 på
871 935 122 47 något
1035 936 79 36 sätt
1156 947 98 26 vara
1296 935 275 39 motståndare
1604 936 63 38 till
1701 939 58 36 att
1788 940 133 36 staten
1962 941 54 47 på

415 985 186 50 lämpligt
643 989 79 35 sätt
755 987 238 38 medverkar
1035 988 62 38 till
1125 991 59 35 att
1211 990 282 47 järnkontoret
1522 990 165 39 beredes
1715 991 202 39 lättnader
1944 993 71 38 vid

417 1039 116 39 dessa
575 1041 88 37 sina
702 1041 435 50 försöksanläggningar,
1182 1047 44 34 är
1268 1044 67 38 det
1377 1044 102 38 dock
1522 1045 85 37 min
1648 1046 277 49 uppfattning,
1956 1050 59 35 att

416 1097 132 35 staten
589 1095 74 38 bör
703 1098 53 46 på
789 1096 144 38 sådant
966 1100 80 35 sätt
1073 1098 160 48 ingripa
1260 1099 66 37 för
1354 1099 278 48 fullföljandet
1661 1100 43 37 af
1732 1100 116 38 dessa
1876 1101 139 38 malm-

416 1148 396 49 smältningsplaner,
856 1153 58 35 att
957 1151 87 46 den,
1089 1153 102 36 efter
1231 1153 210 48 företagen
1473 1153 218 49 utredning
1733 1155 77 37 och
1852 1168 66 25 om
1949 1155 67 39 det

416 1202 145 38 därvid
588 1203 131 38 skulle
747 1204 182 38 befinnas
971 1205 264 48 realiserbart,
1267 1207 97 48 själf
1392 1207 96 37 eller
1516 1207 63 38 till
1607 1219 50 26 en
1687 1208 145 49 början
1859 1221 155 37 gemen-

415 1259 106 35 samt
563 1257 92 38 med
697 1258 127 38 andra
864 1259 267 39 intresserade
1173 1261 210 38 beslutade
1425 1262 61 48 sig
1527 1262 66 37 för
1635 1265 59 34 att
1723 1263 135 37 drifva
1887 1263 127 38 sådan

415 1311 259 38 verksamhet
702 1313 14 36 i
745 1315 84 35 stor
858 1313 77 37 stil.

523 1364 149 38 Skälen
714 1367 65 36 för
812 1369 58 35 att
899 1370 131 35 staten
1059 1368 110 38 inom
1200 1368 109 38 detta
1339 1369 163 39 område
1531 1370 222 48 uppträder
1782 1383 89 25 som
1900 1371 114 38 indu-

414 1418 213 38 stridkare
669 1433 122 36 synas
834 1421 83 48 mig
958 1424 147 46 många
1147 1423 77 37 och
1265 1425 119 46 tungt
1411 1424 192 48 vägande.
1662 1423 54 39 Så
1743 1425 63 37 till
1833 1425 183 49 exempel

415 1472 172 38 erhåller
628 1476 132 36 staten
803 1477 134 35 såsom
979 1476 63 38 sin
1084 1476 118 38 andel
1245 1477 43 37 af
1320 1478 174 47 vinsten,
1526 1491 88 25 som
1642 1481 173 46 uppstår
1841 1480 67 37 för
1936 1479 78 39 den

414 1528 261 46 exporterade
718 1528 187 48 malmen,
935 1530 142 47 hvarje
1107 1533 44 34 år
1179 1531 214 38 afsevärda
1421 1532 156 49 belopp.
1635 1532 81 38 Det
1743 1533 115 38 torde
1886 1534 129 37 under

414 1581 149 37 sådana
604 1582 285 38 förhållanden
929 1584 44 37 få
1015 1596 116 26 anses
1174 1597 97 25 vara
1313 1585 95 37 fullt
1449 1586 151 49 riktigt,
1637 1589 59 35 att
1724 1590 133 35 staten
1885 1588 14 36 i
1926 1591 87 45 gör-

412 1634 140 49 ligaste
594 1636 282 49 utsträckning
919 1637 132 38 direkt
1080 1639 206 38 använder
1315 1639 116 38 dessa
1460 1640 130 38 medel
1617 1641 67 38 för
1711 1642 302 48 uppammande

413 1689 44 37 af
498 1701 50 26 en
589 1690 413 49 förädlingsindustri,
1045 1693 168 37 hvilken
1245 1696 53 46 på
1332 1696 44 35 så
1404 1697 80 35 sätt
1511 1695 137 38 kunde
1676 1696 43 36 få
1747 1698 57 36 ett
1832 1696 179 38 välkom-

412 1746 83 34 met
538 1744 91 37 stöd
669 1745 66 37 för
776 1745 89 37 sina
906 1746 129 37 första
1078 1747 239 48 stapplande
1360 1750 85 47 steg
1487 1749 43 37 af
1557 1749 68 37 det
1653 1749 166 49 kapital,
1850 1762 89 26 som
1968 1754 44 34 är

413 1798 298 47 magasineradt
752 1799 14 36 i
808 1799 78 37 den
929 1802 44 35 så
1014 1800 97 48 godt
1152 1814 87 25 som
1268 1803 123 45 gratis
1420 1802 251 49 tillgängliga
1699 1806 184 35 råvaran.
1941 1804 72 38 Ett

411 1850 144 38 sådant
597 1852 267 38 användande
907 1854 42 37 af
981 1856 152 36 statens
1162 1855 118 38 andel
1309 1856 42 37 af
1380 1856 162 39 vinsten
1569 1858 43 37 af
1641 1857 78 38 den
1749 1858 262 48 exporterade

411 1905 177 38 malmen
631 1906 209 39 medförde
883 1908 122 38 också
1048 1908 66 39 det
1155 1909 105 49 goda
1292 1910 222 48 resultatet,
1550 1914 59 35 att
1636 1914 75 35 när
1739 1912 78 38 den
1844 1912 61 39 tid
1932 1914 78 36 för-

409 1959 118 49 lupit,
573 1961 102 37 efter
716 1962 169 37 hvilken
929 1965 132 35 staten
1104 1964 74 36 har
1212 1967 81 35 rätt
1321 1967 60 35 att
1407 1965 130 38 inlösa
1564 1966 179 48 bolagets
1771 1967 238 38 nuvarande

410 2013 64 37 del
515 2015 14 35 i
571 2014 505 49 Norrbottensgrufvorna,
1122 2020 44 34 så
1200 2030 98 25 vore
1327 2018 49 37 de
1405 2020 181 36 erhållna
1614 2020 311 49 utdelningarna
1952 2022 56 36 in-

409 2069 105 36 salta
556 2069 23 46 i,
624 2080 88 26 som
753 2082 94 25 man
890 2071 75 36 har
1005 2071 185 48 grundad
1232 2072 218 49 anledning
1477 2073 198 48 förmoda,
1705 2074 302 49 vinstgifvande

408 2121 249 48 produktiva
685 2124 168 48 företag,
885 2124 157 38 hvilket
1070 2125 180 49 tydligen
1280 2126 131 38 skulle
1438 2128 195 37 innebära
1652 2130 128 36 större
1799 2129 207 38 förutsätt-

408 2176 145 48 ningar
594 2177 65 37 för
701 2180 132 35 staten
875 2181 59 34 att
961 2179 71 37 vid
1060 2180 129 37 första
1217 2180 159 38 tillfälle
1404 2181 134 38 utlösa
1566 2182 171 49 bolaget,
1768 2185 121 46 något
1918 2194 88 27 som

409 2241 147 27 annars
585 2231 84 38 helt
698 2232 134 38 säkert
859 2233 184 37 kommer
1072 2236 59 35 att
1158 2234 170 48 erbjuda
1357 2238 109 35 stora
1495 2237 258 48 svårigheter,
1776 2236 51 38 då
1846 2237 160 38 medlen

408 2283 88 38 icke
525 2297 150 35 sparas,
705 2289 110 44 utan,
846 2289 133 35 såsom
1007 2300 68 33 nu,
1106 2288 188 48 indragas
1323 2289 14 37 i
1365 2289 361 50 statsregleringen.

514 2337 145 39 Ehuru
687 2339 132 39 denna
848 2340 87 38 sida
963 2342 43 37 af
1039 2342 126 37 saken
1192 2344 99 36 utan
1321 2343 145 38 tvifvel
1495 2347 45 34 är
1568 2344 44 38 af
1640 2345 162 49 mycket
1830 2347 85 36 stor
1943 2346 65 38 be-
