1842 2786
493 166 120 29 Första
637 163 239 37 lagutskottets
902 161 176 31 utlåtande
1102 169 42 21 nr
1170 154 52 30 25.
1560 149 40 32 43

94 251 73 28 mot
194 249 56 30 det
278 247 195 39 framlagda
500 246 164 38 förslaget
691 253 58 20 om
775 242 207 39 utvidgning
1008 251 41 20 av
1074 240 249 39 behörigheten
1350 239 54 29 för
1431 238 168 29 tremans-

96 300 132 29 nämnd
258 297 194 41 respektive
483 296 275 30 ensamdomare.
789 294 65 29 Det
885 295 37 28 är
953 291 191 30 emellertid
1176 290 99 40 givet,
1307 290 49 28 att
1387 289 57 29 det
1473 288 11 29 i
1515 287 84 30 sista

95 349 95 29 hand
210 347 67 30 blir
297 356 42 20 en
358 344 325 41 avvägningsfråga,
704 342 175 30 huruvida
899 350 82 20 man
1003 342 37 28 är
1060 340 128 30 beredd
1209 340 50 30 att
1280 339 179 38 acceptera
1480 338 40 29 de
1541 335 59 40 på-

96 400 119 30 visade
244 399 270 39 olägenheterna
541 398 11 30 i
580 397 93 39 hopp
704 405 57 20 om
790 395 50 30 att
870 394 202 38 därigenom
1101 393 121 28 kunna
1251 390 178 30 verksamt
1457 389 143 38 bidraga

96 450 53 30 till
173 449 249 40 avhjälpandet
446 458 42 20 av
510 447 125 30 brister
658 446 96 30 inom
777 443 378 41 rättegångsväsendet.
1180 441 14 30 I
1217 440 262 41 propositionen
1503 439 97 39 göres

97 499 170 39 gällande,
290 500 50 28 att
364 507 42 20 en
430 495 224 40 omvandling
678 505 42 21 av
744 492 344 31 tredomarbrottmål
1110 490 54 31 till
1187 486 413 34 ensamdomarbrottmål

99 552 38 29 är
156 550 199 40 nödvändig
375 550 54 30 för
450 550 50 30 att
520 548 163 30 avarbeta
704 548 40 29 de
766 546 190 29 avsevärda
975 544 288 34 arbetsbalanser,
1285 551 75 20 som
1381 539 221 41 uppkommit

98 601 11 29 i
134 600 94 31 vissa
255 601 200 33 domstolar,
483 600 125 29 främst
634 598 109 40 några
769 598 110 28 större
904 595 254 30 rådhusrätter.
1184 593 121 39 Någon
1330 591 187 39 utredning
1544 599 59 21 an-

99 650 132 39 gående
249 650 12 29 i
278 650 116 30 vilken
412 647 245 40 utsträckning
677 646 132 30 sådana
828 644 245 31 förhållanden
1093 642 184 39 föreligger
1296 641 135 29 lämnas
1452 638 152 30 emeller-

99 703 51 30 tid
175 702 30 40 ej
235 703 10 29 i
269 700 263 41 propositionen
557 700 62 29 och
645 698 172 30 utskottet
841 697 105 39 hyser
970 696 70 29 viss
1065 694 220 31 tveksamhet
1310 701 57 21 om
1392 691 144 30 behovet
1562 699 42 20 av

100 761 43 20 en
162 751 141 30 reform.
320 751 67 29 Det
404 750 65 30 bör
488 747 190 31 emellertid
698 746 150 30 framför
864 746 65 29 allt
948 743 263 39 understrykas,
1231 743 51 28 att
1302 743 86 28 även
1408 749 55 21 om
1483 739 44 40 på
1546 738 59 30 nå-

100 805 57 37 got
182 803 71 30 håll
276 820 43 3 —
342 802 118 29 såsom
483 801 125 29 främst
631 800 99 29 torde
754 807 84 21 vara
861 797 235 30 förhållandet
1121 796 10 29 i
1156 794 220 30 Stockholms
1401 791 203 31 rådhusrätt

99 871 44 4 —
164 852 222 41 uppkommit
407 862 43 20 en
472 851 166 30 avsevärd
659 848 251 34 arbetsbalans,
933 847 54 30 får
1009 847 93 30 detta
1123 845 77 30 icke
1221 846 97 37 tagas
1341 843 52 29 till
1414 842 114 30 intäkt
1550 841 54 30 för

101 912 43 21 en
165 901 229 41 lagstiftning,
417 910 76 21 som
515 900 53 30 för
589 899 79 29 hela
689 897 118 31 landet
828 896 138 30 medför
988 905 42 20 en
1052 893 213 40 försämring
1285 902 42 20 av
1349 891 158 40 gällande
1529 890 77 29 ord-

102 954 94 40 ning.
219 953 77 31 Med
317 954 138 38 hänsyn
478 952 52 30 till
551 952 56 30 det
628 951 152 29 anförda
800 948 168 31 framstår
989 947 145 30 behovet
1155 955 42 21 av
1218 954 42 20 en
1280 944 131 30 reform
1434 943 75 29 icke
1531 950 74 22 som

102 1005 37 30 så
165 1004 189 39 angeläget,
381 1005 49 29 att
455 1002 171 30 utskottet
650 1001 71 30 kan
746 999 177 40 tillstyrka
948 999 57 29 det
1030 996 198 40 framlagda
1252 995 176 39 förslaget.

147 1054 176 30 Utskottet
341 1053 60 29 vill
428 1052 4 29 i
453 1052 95 29 detta
568 1050 256 38 sammanhang
842 1046 202 41 ytterligare
1065 1045 151 39 tillägga,
1238 1045 50 28 att
1308 1043 42 30 de
1370 1041 237 39 betänklighe-

102 1107 52 29 ter
178 1107 73 28 mot
276 1113 41 21 en
340 1104 132 30 reform
496 1113 41 20 av
560 1101 380 38 domförhetsreglerna
964 1107 74 22 som
1062 1106 89 22 ovan
1175 1096 135 31 anförts
1334 1094 10 30 i
1368 1096 88 28 stort
1480 1094 65 30 sett
1568 1094 39 28 är

103 1165 43 21 en
165 1156 90 40 följd
276 1165 40 20 av
336 1156 50 29 att
405 1164 83 20 man
506 1154 54 29 för
579 1152 309 30 rådhusrätternas
908 1150 55 30 del
984 1149 116 31 ställes
1120 1147 96 30 inför
1234 1145 219 31 alternativet
1472 1152 135 22 ensam-

103 1206 143 30 domare
269 1206 81 29 eller
371 1202 309 41 juristkollegium.
702 1202 50 29 De
776 1200 172 41 spörsmål
972 1208 75 21 som
1069 1199 66 29 här
1156 1196 151 41 dryftats
1330 1195 113 31 skulle
1465 1194 143 30 komma

104 1256 10 30 i
141 1258 47 29 ett
213 1258 107 28 annat
344 1256 86 39 läge,
455 1264 57 20 om
536 1264 81 20 man
644 1254 86 29 även
754 1252 11 29 i
790 1252 40 30 de
855 1250 138 30 mindre
1017 1248 211 31 brottmålen
1253 1248 107 29 sätter
1385 1245 141 32 lekmän
1549 1244 58 30 vid

105 1306 104 30 sidan
232 1315 43 20 av
297 1305 67 30 den
389 1312 181 21 ensamme
592 1301 287 41 juristdomaren.
907 1300 122 28 Denna
1053 1298 108 29 tanke
1187 1298 38 29 är
1249 1296 77 29 icke
1351 1304 46 30 ny
1423 1296 85 28 utan
1534 1302 75 20 som

105 1357 157 40 framgår
285 1366 41 21 av
349 1357 57 30 det
430 1365 88 20 ovan
541 1354 151 30 citerade
716 1351 196 31 uttalandet
936 1351 10 29 i
970 1349 266 41 propositionen:
1256 1347 51 30 till
1332 1346 82 30 1931
1440 1346 56 29 års
1521 1344 88 31 riks-

106 1408 66 40 dag
196 1407 107 41 ansåg
327 1406 197 30 dåvarande
548 1401 397 43 departementschefen,
971 1402 49 28 att
1044 1409 41 21 en
1110 1398 204 39 minskning
1338 1406 41 21 av
1403 1397 57 30 det
1484 1395 126 40 lagfar-

105 1467 46 22 na
171 1458 183 29 elementet
374 1457 11 30 i
405 1452 509 41 rådhusrättsorganisationen
934 1451 186 30 förutsatte
1140 1449 185 29 införande
1346 1456 42 22 av
1407 1447 203 30 lekmanna-

106 1506 143 30 nämnd.
276 1507 13 29 I
314 1515 46 21 nu
387 1503 229 32 förevarande
638 1501 221 41 proposition
884 1499 214 34 framhålles,
1124 1499 52 29 att
1202 1497 124 38 frågan
1351 1504 56 21 om
1433 1495 82 29 ökat
1541 1493 71 30 lek-

107 1555 329 40 mannainflytande
461 1555 11 29 i
498 1553 289 31 rådhusrätterna
813 1551 63 30 bör
900 1551 171 38 upptagas
1098 1548 10 29 i
1135 1549 50 28 ett
1209 1548 110 28 större
1346 1544 264 38 sammanhang,

108 1607 177 40 nämligen
307 1607 10 29 i
340 1604 204 40 anslutning
566 1603 53 30 till
641 1612 43 21 en
706 1601 189 39 utredning
917 1609 56 21 om
997 1597 266 40 förstatligande
1283 1605 46 21 av
1349 1595 113 30 dessa.
1485 1594 64 30 Det
1574 1595 38 28 är

107 1659 136 40 tydligt,
265 1660 50 29 att
337 1666 41 22 en
399 1655 187 40 utredning
607 1656 124 29 härom
753 1654 159 30 kommer
933 1653 51 29 att
1004 1651 11 29 i
1036 1651 79 30 hela
1136 1650 79 30 dess
1236 1649 81 30 vidd
1338 1649 34 29 ta
1394 1656 71 31 upp
1487 1645 125 40 frågan

108 1719 57 20 om
185 1708 309 30 rådhusrätternas
515 1705 166 31 framtida
703 1702 239 41 organisation
962 1702 64 30 och
1046 1702 9 29 i
1077 1700 171 30 samband
1269 1699 142 30 därmed
1433 1698 86 29 även
1540 1705 72 21 om-

108 1759 109 39 pröva
248 1757 206 41 spörsmålet
484 1764 56 21 om
571 1751 402 40 lekmannainflytandet
1004 1750 11 29 i
1046 1749 182 30 städernas
1258 1746 265 40 rättsskipning.
1554 1745 59 29 Ut-

109 1810 140 34 skottet,
274 1818 74 21 som
372 1817 102 20 anser
499 1807 50 39 sig
572 1807 44 29 ha
641 1804 188 39 anledning
852 1804 93 32 anta,
971 1803 49 29 att
1044 1811 42 20 en
1110 1800 110 30 sådan
1243 1797 188 39 utredning
1453 1798 159 29 kommer

110 1862 50 28 att
179 1859 97 30 inom
295 1868 40 21 en
355 1867 83 21 snar
456 1857 144 30 framtid
619 1855 226 39 igångsättas,
866 1862 54 21 ser
939 1852 76 30 häri
1034 1850 200 40 ytterligare
1253 1850 47 29 ett
1319 1849 76 29 skäl
1415 1848 50 30 att
1484 1847 29 39 ej
1536 1846 23 30 f.
1578 1856 34 20 n.

111 1909 202 39 genomföra
334 1917 41 20 en
396 1906 131 30 reform
549 1914 74 21 som
643 1905 10 28 i
675 1904 38 30 så
733 1904 68 38 hög
822 1902 84 39 grad
925 1901 102 29 berör
1047 1898 283 40 organisationen
1348 1906 44 20 av
1412 1896 202 29 rådhusrät-

109 1962 110 27 terna.

155 2009 78 30 Med
253 2009 136 37 hänsyn
409 2006 52 31 till
481 2006 65 30 vad
567 2004 147 31 sålunda
734 2003 137 30 anförts
890 2002 71 29 kan
980 2000 172 29 utskottet
1171 1998 77 30 icke
1269 1997 176 39 tillstyrka
1465 1997 40 29 de
1526 1995 89 29 före-

112 2060 121 38 slagna
254 2058 235 38 ändringarna
510 2057 10 28 i
544 2056 13 29 1
581 2056 79 38 kap.
683 2055 17 29 5
722 2054 65 30 och
811 2053 34 29 11
873 2052 37 37 $$
934 2049 338 40 rättegångsbalken.
1294 2047 65 31 Vid
1380 2047 115 30 denna
1516 2045 100 41 pröv-

112 2109 84 40 ning
218 2110 62 29 bör
303 2109 84 29 även
412 2108 38 30 51
479 2107 15 36 8
518 2106 153 29 militära
694 2102 304 40 rättegångslagen
1022 2100 192 30 bibehållas
1237 2097 224 31 oförändrad.

159 2161 12 29 I
192 2159 262 40 propositionen
476 2156 145 31 föreslås
641 2155 112 30 under
774 2154 95 29 detta
890 2151 130 31 avsnitt
1041 2151 120 38 regler,
1184 2158 74 20 som
1280 2148 10 29 i
1313 2149 110 28 större
1444 2145 174 31 utsträck-

116 2209 85 39 ning
222 2211 46 28 än
289 2209 41 29 de
351 2217 47 20 nu
421 2207 158 40 gällande
600 2205 187 39 möjliggör
809 2204 50 29 att
882 2202 78 30 föra
982 2200 252 38 anteckningar
1256 2198 11 29 i
1290 2198 115 29 stället
1429 2197 54 29 för
1504 2197 115 38 proto-

113 2259 71 29 koll
207 2259 64 29 och
293 2261 48 27 att
363 2258 143 29 utfärda
528 2257 121 28 domar
671 2255 11 28 i
704 2254 185 29 förenklad
913 2252 102 29 form.
1038 2248 357 39 Förutsättningarna
1415 2247 120 28 härför
1557 2254 61 20 an-

115 2310 127 38 knyter
259 2309 10 28 i
288 2309 65 28 den
372 2307 197 38 framlagda
587 2306 174 38 lagtexten
779 2304 52 29 till
849 2304 51 28 att
918 2302 228 29 underrätten
1165 2301 38 28 är
1222 2297 138 31 domför
1379 2298 10 28 i
1409 2298 54 28 sin
1482 2295 136 30 mindre

116 2358 248 31 kvalificerade
388 2355 329 38 sammansättning.
752 2355 13 28 I
789 2353 114 29 denna
928 2350 219 38 utformning
1171 2350 158 28 kommer
1354 2347 42 29 de
1422 2345 197 38 föreslagna

117 2409 157 39 reglerna
292 2407 120 30 därför
430 2408 50 28 att
499 2405 139 30 förfalla
655 2404 58 30 vid
732 2403 117 38 avslag
867 2402 19 29 å
907 2400 262 41 propositionen
1189 2399 9 28 i
1217 2399 113 28 denna
1349 2397 66 29 del.
1434 2397 63 28 Det
1517 2404 101 30 synes

117 2458 193 32 emellertid
330 2458 168 29 önskvärt
518 2455 78 30 med
616 2464 43 20 en
680 2454 132 31 reform
830 2453 11 28 i
861 2452 68 29 den
949 2450 151 31 avsedda
1120 2448 202 39 riktningen
1343 2447 65 29 och
1429 2445 192 39 betänklig-
