1838 2780
244 148 38 30 32
632 150 122 30 Första
774 150 245 39 lagutskottets
1040 151 180 29 utlåtande
1240 160 41 20 nr
1307 152 53 31 25.

248 235 77 28 nast
347 234 111 39 dagen
481 234 94 30 förut
599 234 252 30 underrättelse
875 244 58 20 om
957 234 94 31 tiden
1075 235 56 30 för
1155 235 143 31 domens
1322 236 228 32 meddelande
1574 236 172 30 avsändas

247 284 51 29 till
318 285 166 39 parterna
503 284 64 30 och
589 284 117 30 anslås
726 284 11 29 i
757 285 133 29 rättens
910 284 126 31 kansli.
1058 285 122 30 Såsom
1200 285 209 31 kommittén
1430 286 196 31 framhållit
1645 288 101 38 utgör

250 333 112 30 denna
384 333 181 31 föreskrift
588 333 165 30 stundom
774 333 126 32 hinder
921 334 54 30 för
997 336 50 28 att
1069 334 72 31 mål
1163 336 140 39 avgöres
1327 335 39 30 så
1388 335 134 35 snabbt,
1546 345 77 21 som
1645 336 100 39 eljest

248 384 110 30 skulle
382 385 136 29 kunnat
542 385 61 30 ske
627 385 65 30 och
717 394 73 21 som
816 385 119 30 ibland
960 387 38 28 är
1022 386 178 30 önskvärt.
1236 386 118 39 Någon
1381 387 183 39 olägenhet
1590 388 97 29 torde
1712 388 29 39 ej

249 434 215 39 uppkomma
482 443 54 21 om
555 434 243 31 meddelandet
816 435 170 30 avsändes
1004 435 89 31 först
1112 445 135 21 samma
1265 436 65 39 dag
1350 445 74 21 som
1443 437 125 30 domen
1588 437 82 30 eller
1689 437 57 31 det

249 484 141 40 slutliga
411 484 148 31 beslutet
583 485 186 31 meddelas,
794 484 131 31 Genom
950 495 42 20 en
1016 485 109 31 sådan
1150 485 147 41 ändring
1319 486 123 31 vinnes
1465 505 44 4 —
1531 489 99 29 utom
1654 488 91 31 ökad

248 534 183 40 möjlighet
448 537 49 28 att
513 535 125 30 snabbt
656 536 125 39 avgöra
797 535 221 31 brådskande
1036 536 70 30 mål
1122 554 45 4 —
1183 538 49 29 att
1250 538 110 29 större
1378 537 211 40 enhetlighet
1607 538 137 41 uppnås

248 585 77 30 med
344 586 69 29 den
431 585 146 40 ordning
598 595 75 21 som
692 586 105 39 gäller
813 586 58 31 för
891 587 151 30 ärenden
1060 587 66 30 och
1145 587 308 40 lagsökningsmål.
1472 588 121 40 Någon
1612 589 133 39 verklig

248 635 139 40 uppgift
405 644 100 31 synes
524 637 166 38 systemet
706 638 51 29 att
773 638 11 29 i
802 638 133 29 rättens
954 637 115 30 kansli
1086 637 102 31 anslå
1204 638 278 31 underrättelsen
1499 648 58 21 om
1575 639 98 31 tiden
1689 639 55 31 för

248 686 211 39 avgörandet
486 687 175 40 knappast
689 687 94 39 fylla.
811 687 282 31 Föreskrifterna
1122 697 57 21 om
1204 689 121 39 anslag
1352 689 100 30 torde
1480 689 120 31 därför
1629 690 116 30 såsom

247 736 209 30 kommittén
481 737 157 30 förordat
663 737 120 30 kunna
808 739 86 28 utan
919 738 181 40 olägenhet
1126 739 191 40 upphävas.
1342 739 124 31 Denna
1490 739 132 31 reform
1646 740 98 31 torde

248 786 188 40 lämpligen
459 787 83 30 böra
568 788 197 30 utsträckas
789 789 51 29 att
864 788 91 40 gälla
980 790 86 29 även
1089 789 355 40 lagsökningsmålen,
1469 790 11 30 i
1503 790 96 31 vilka
1623 791 121 40 anslag

245 846 46 21 nu
315 838 90 29 skall
430 838 59 31 ske
512 838 221 32 beträffande
757 839 72 30 dels
853 839 94 31 vissa
970 840 271 39 förelägganden
1265 841 64 30 och
1353 841 74 30 dels
1451 841 228 31 meddelande
1704 852 42 20 av

244 887 114 40 utslag
378 888 65 30 och
461 888 123 30 beslut.

287 937 75 31 Vad
386 938 11 30 i
420 939 92 30 detta
534 938 133 32 avsnitt
690 938 174 32 förordats
889 939 197 31 föranleder
1110 940 189 41 ändringar
1322 941 12 30 i
1359 941 38 31 17
1422 942 80 41 kap.
1526 942 19 30 9
1572 941 16 38 8
1614 943 65 31 och
1703 942 40 31 30

244 987 77 41 kap.
347 988 16 30 7
390 988 16 37 8
430 989 326 40 rättegångsbalken
780 993 91 28 samt
893 991 12 29 i
926 990 359 41 lagsökningslagen.»

472 1125 103 33 Vissa
599 1125 130 40 frågor
751 1135 59 23 om
833 1126 260 34 domförheten
1116 1127 14 32 i
1154 1127 350 34 domstolsärenden.

245 1197 166 30 Gällande
425 1198 77 30 rätt.

287 1247 14 29 I
320 1247 102 40 lagen
439 1248 68 31 den
524 1248 41 31 20
584 1248 182 31 december
787 1248 84 32 1946
890 1258 58 22 om
965 1250 263 41 handläggning
1244 1260 44 22 av
1303 1250 329 33 domstolsärenden
1649 1253 95 31 med-

246 1297 93 31 delas
361 1297 263 32 bestämmelser
645 1299 13 29 i
682 1299 14 30 1
722 1299 15 37 8
761 1308 57 22 om
840 1299 96 31 vilka
958 1300 117 41 frågor
1099 1309 77 22 som
1197 1302 39 30 är
1255 1303 53 29 att
1329 1301 152 32 hänföra
1501 1302 55 31 till
1579 1304 164 30 ärenden.

246 1347 121 40 Regler
395 1352 57 27 om
476 1349 134 31 rättens
638 1349 199 32 domförhet
863 1350 58 32 vid
947 1351 262 41 handläggning
1234 1361 44 22 av
1304 1352 155 32 ärenden
1485 1352 173 32 återfinns
1685 1354 12 30 i
1723 1354 20 31 6

245 1399 63 30 och
329 1399 17 30 7
371 1398 51 38 88.

287 1449 111 31 Dessa
423 1449 109 40 regler
557 1450 157 35 innebär,
740 1453 50 29 att
816 1451 183 32 underrätt
1023 1452 57 31 vid
1106 1452 262 41 handläggning
1393 1463 43 22 av
1461 1453 128 32 ärende
1614 1455 13 30 i
1651 1455 93 41 regel

245 1499 37 29 är
300 1499 150 35 domför,
469 1500 202 32 häradsrätt
690 1502 84 29 utan
793 1502 133 31 nämnd
944 1502 65 31 och
1028 1502 205 33 rådhusrätt
1250 1505 81 30 med
1351 1513 44 22 en
1413 1505 157 39 lagfaren
1589 1506 153 31 domare.

244 1549 100 31 Flera
364 1550 179 41 undantag
565 1551 81 31 från
667 1551 116 32 denna
803 1552 215 41 huvudregel
1038 1553 98 31 finns
1157 1554 203 31 emellertid.
1383 1555 232 41 Undantagen
1636 1556 108 40 gäller

245 1599 74 31 icke
345 1600 272 42 handläggning,
644 1611 77 22 som
748 1603 37 29 är
811 1612 44 21 av
880 1603 139 31 formell
1046 1604 84 32 eller
1157 1604 253 33 förberedande
1435 1608 120 34 natur;
1584 1607 13 30 i
1624 1607 119 40 dylika

245 1650 62 31 fall
332 1652 39 30 är
397 1652 114 30 rätten
534 1652 102 31 alltid
663 1653 138 30 domför
826 1654 80 30 med
933 1664 42 21 en
999 1654 154 31 domare.
1180 1655 67 31 Vid
1270 1655 69 31 den
1366 1656 134 40 sakliga
1525 1657 217 41 prövningen

243 1702 157 32 däremot
421 1713 43 21 av
483 1703 92 31 vissa
596 1705 12 30 i
630 1704 19 30 6
673 1704 15 37 8
712 1706 108 30 andra
842 1706 137 39 stycket
999 1708 230 40 uppräknade
1250 1709 153 30 ärenden
1424 1709 124 31 kräves
1570 1710 56 30 för
1647 1710 95 31 dom-

244 1750 115 31 förhet
380 1751 11 30 i
413 1751 200 32 häradsrätt
635 1754 132 30 nämnd
789 1754 65 30 och
875 1754 12 30 i
908 1754 205 32 rådhusrätt
1134 1757 54 29 tre
1207 1756 201 32 ledamöter.
1430 1757 68 31 Till
1520 1758 103 31 dessa
1645 1759 98 30 ären-

245 1801 65 30 den
326 1802 66 30 hör
409 1803 45 30 bl.
472 1812 29 21 a.
520 1804 40 30 de
579 1812 77 22 som
673 1804 106 40 angår
796 1805 179 40 adoption,
992 1806 202 32 vårdnaden
1214 1816 57 21 om
1287 1807 98 35 barn,
1404 1808 238 31 förordnande
1661 1809 81 30 eller

244 1852 241 39 entledigande
509 1862 42 22 av
573 1853 226 41 förmyndare
822 1856 66 29 och
912 1855 66 41 god
1000 1866 84 21 man
1108 1857 106 40 enligt
1238 1857 284 32 föräldrabalken
1546 1860 80 30 med
1649 1859 93 31 vissa

239 1904 190 40 undantag,
446 1905 214 42 förvaltning
677 1907 104 38 enligt
796 1908 366 41 boutredningslagen,
1180 1910 235 31 förordnande
1430 1911 81 30 eller
1528 1912 213 40 entledigan-

244 1952 40 30 de
309 1961 44 22 av
378 1954 66 38 god
470 1963 81 21 man
578 1954 82 30 eller
685 1964 117 23 annan
829 1956 56 30 för
909 1956 237 41 fullgörandet
1173 1967 41 22 av
1240 1958 143 31 särskilt
1409 1960 158 40 uppdrag
1592 1960 12 30 i
1631 1961 110 30 andra

244 2002 61 30 fall
327 2004 45 29 än
394 2003 95 32 förut
510 2005 11 29 i
542 2005 212 40 paragrafen
776 2008 94 38 sagts
894 2009 90 28 samt
1007 2008 159 31 dödande
1188 2018 43 21 av
1252 2009 222 30 förkommen
1496 2010 180 41 handling.

286 2052 196 32 Härutöver
500 2055 58 30 må
579 2056 159 35 nämnas,
757 2059 52 28 att
829 2057 107 40 enligt
958 2058 16 29 7
998 2057 15 38 $
1035 2058 94 31 vissa
1150 2060 152 29 ärenden
1320 2078 44 3 —
1383 2060 44 31 bl.
1448 2070 30 21 a.
1499 2061 42 31 de
1561 2062 179 39 angående

242 2103 283 42 bouppteckning
549 2123 45 4 —
620 2106 91 30 skall
736 2106 215 42 handläggas
979 2117 42 22 av
1047 2110 66 30 den
1142 2118 75 22 som
1243 2110 64 30 har
1334 2112 51 29 att
1412 2113 153 39 upptaga
1590 2112 151 31 inskriv-

241 2153 268 40 ningsärenden.

283 2238 26 30 Ä
340 2248 26 21 s.
397 2239 127 31 74—76
552 2240 11 29 i
592 2242 263 39 propositionen
883 2243 135 30 lämnas
1046 2253 43 21 en
1118 2245 201 41 översiktlig
1346 2247 217 39 redogörelse
1592 2247 55 30 för
1675 2248 65 30 vad

240 2288 209 31 kommittén
469 2290 180 40 föreslagit
669 2291 12 30 i
701 2291 113 32 denna
835 2293 55 30 del
912 2294 64 30 och
997 2293 54 31 för
1072 2295 211 38 yttrandena
1302 2296 156 31 däröver.

239 2381 392 35 Departementschefen.

283 2432 65 30 Vid
375 2433 311 39 lagrådsremissen
711 2435 146 31 anförde
883 2436 254 40 föredragande
1165 2438 393 40 departementschefen.

284 2482 236 31 >Kommittén
540 2484 65 30 har
625 2484 179 41 föreslagit
825 2486 71 31 viss
916 2487 208 40 utvidgning
1146 2497 42 23 av
1208 2490 306 31 ensamdomarens
1536 2490 203 40 behörighet
