2234 2620
680 156 360 41 Bevillningsutskottets
1064 156 194 31 betänkande
1282 156 51 30 Nr
1357 157 51 29 20.
1756 155 41 29 43

414 424 128 38 Kungl.
567 423 112 41 Maj:ts
702 422 173 41 förslag”)

602 499 50 32 till

253 577 227 41 Förordning
504 577 181 41 angående
708 578 135 31 ändrad
869 578 131 40 lydelse

250 639 41 24 av
314 629 32 42 3,
370 629 30 42 7,
423 629 42 33 23
489 633 66 29 och
578 629 44 33 26
649 629 44 42 88
714 630 13 31 i
743 629 256 40 förordningen

279 682 68 33 den
372 682 18 32 7
416 683 148 40 augusti
590 681 84 33 1907
695 682 183 41 angående
898 682 73 32 till-

362 734 179 41 verkning
564 734 67 32 och
654 734 233 41 beskattning

464 796 42 23 av
530 785 254 41 maltdrycker.

313 882 235 48 Härigenom
583 882 208 46 förordnas,
827 888 55 30 att
911 884 34 44 3,
978 885 32 42 7,

236 936 48 34 23
314 935 63 36 och
408 935 46 35 26
485 933 45 50 $$
558 934 11 35 i
599 933 271 49 förordningen
894 933 72 36 den
989 936 18 32 7

235 986 152 48 augusti
419 986 94 36 1907
546 985 197 49 angående
762 985 249 50 tillverkning

235 1037 70 37 och
318 1036 244 50 beskattning
573 1050 47 24 av
631 1037 252 49 maltdrycker
892 1037 117 47 skola,

234 1092 35 42 3,
301 1092 53 34 23
391 1091 63 36 och
483 1091 47 35 26
565 1088 44 50 $$
637 1089 12 36 i
677 1088 124 37 nedan
842 1090 168 49 angivna

235 1141 115 48 delar,
393 1141 138 36 erhålla
561 1141 167 49 följande
755 1141 164 37 ändrade
954 1141 55 50 ly-

235 1192 116 38 delse:

1274 423 198 32 Utskottets
1499 423 135 37 förslag

1404 499 48 32 till

1058 577 223 42 Förordning
1305 578 181 41 angående
1514 578 133 32 ändrad
1670 579 133 39 lydelse

1074 640 42 24 av
1139 630 31 41 3,
1193 630 31 40 7,
1246 630 54 39 23,
1322 630 43 32 26
1389 633 65 30 och
1474 634 44 28 327
1541 630 44 41 $$
1610 630 13 31 i
1646 628 136 34 förord-

1095 683 131 40 ningen
1250 683 69 32 den
1343 682 17 33 7
1386 682 146 40 augusti
1556 682 83 32 1907
1663 680 103 43 angä-

1119 735 86 32 ende
1227 734 243 41 tillverkning
1493 734 66 33 och
1582 734 157 33 beskatt-

1213 788 90 39 ning
1327 796 40 23 av
1392 786 252 40 maltdrycker.

1144 882 231 49 Härigenom
1413 882 212 47 förordnas,
1656 887 55 31 att
1740 885 33 44 3,
1807 885 31 43 7,

1065 936 60 45 23,
1156 935 46 35 26
1246 935 63 35 och
1351 937 46 33 31
1442 932 84 50 $$
1510 928 24 59 i
1564 933 274 50 förordningen

1065 986 72 36 den
1177 989 18 33 7
1232 986 151 48 augusti
1415 987 95 35 1907
1542 986 195 48 angående
1765 986 76 35 till-

1064 1038 190 49 verkning
1282 1038 70 36 och
1381 1037 249 49 beskattning
1657 1051 47 23 av
1727 1038 109 36 malt-

1065 1089 159 50 drycker
1264 1090 117 46 skola,
1424 1092 47 34 26
1513 1091 26 46 $
1579 1090 12 35 i
1623 1089 123 37 nedan
1774 1103 65 23 an-

1063 1142 116 48 givna
1198 1142 114 47 delar,
1329 1142 141 36 erhålla
1491 1141 165 49 följande
1675 1141 165 36 ändrade

1065 1193 157 49 lydelse:

1386 1265 21 33 3
1437 1263 31 48 8.

1137 1336 33 31 1.
1214 1333 305 44 Maltdryckerna
1534 1334 140 34 indelus
1690 1334 10 33 i
1719 1333 118 35 nedan

1060 1386 159 43 angivna
1248 1384 147 46 klasser,
1429 1385 202 45 nämligen:

1115 1436 139 43 första
1284 1437 181 44 klassen,
1491 1436 224 44 omfattande
1735 1437 103 35 malt-

1064 1489 150 44 drycker
1239 1500 73 24 som
1342 1490 35 42 ej
1400 1488 187 37 innehålla
1620 1499 74 25 mer
1713 1493 48 30 än
1780 1490 56 33 två

1064 1541 63 35 och
1143 1551 42 25 en
1200 1540 204 45 fjärdedels
1417 1541 265 45 volymprocent
1697 1540 142 36 alkohol

1064 1592 62 36 och
1156 1598 62 30 äro
1247 1592 204 45 inbryggda
1480 1593 79 34 med
1587 1604 43 24 en
1657 1596 180 38 stamvört,

1067 1644 132 36 vilkens
1223 1644 217 36 extrakthalt
1464 1645 77 35 icke
1565 1645 193 44 överstiger
1776 1655 62 25 sex

1058 1699 159 42 procent,
1261 1701 165 31 ävensom
1468 1696 222 43 alkoholfria
1731 1697 106 34 malt-

1063 1748 161 46 drycker,
1258 1759 74 24 som
1360 1753 64 30 äro
1452 1748 202 45 inbryggda
1682 1749 80 49 med
1794 1760 42 24 en

1061 1803 173 33 stamvört
1262 1811 44 24 av
1335 1800 107 45 högre
1470 1800 237 46 extrakthalt;

1115 1852 133 35 andra
1278 1852 179 44 klassen,
1487 1852 226 44 omfattande
1731 1852 105 35 malt-

1063 1904 151 46 drycker
1239 1915 74 25 som
1342 1905 77 35 icke
1446 1910 63 30 äro
1539 1903 216 46 hänförliga
1780 1904 57 36 till

1056 1957 124 42 första
1209 1956 140 36 klassen
1377 1957 62 35 och
1466 1956 98 36 vilka
1593 1958 35 42 ej
1651 1956 185 35 innehålla

1064 2019 73 24 mer
1164 2013 48 30 än
1242 2011 53 33 tre
1322 2009 64 35 och
1421 2019 62 25 sex
1516 2008 153 35 tiondels
1700 2007 136 45 volym-

1056 2063 153 42 procent
1254 2060 142 36 alkohol
1436 2060 64 36 och
1538 2065 64 30 äro
1637 2060 199 45 inbryggda

364 2134 23 33 ”)
404 2133 55 27 Vid
487 2133 196 37 återgivandet
706 2144 34 16 av
759 2133 100 37 Kungl.
879 2135 96 61 Majets
995 2135 106 35 förslag
1120 2135 173 27 beträffande
1313 2135 92 27 denna
1424 2136 53 26 och
1496 2135 124 36 följande
1640 2135 198 62 förfallningar

233 2168 50 27 har
311 2168 156 27 detsamma
495 2168 43 28 för
565 2169 279 36 överskådlighetens
872 2169 75 28 skull
976 2170 212 37 fullständigats
1216 2170 64 27 med
1307 2170 109 28 sådana
1435 2170 77 28 delar
1530 2180 36 17 av
1585 2180 38 17 nu
1661 2170 112 27 gällande
1812 2180 24 16 be-

232 2202 240 28 stämmelser
426 2198 15 46 —
458 2198 15 46 i
491 2203 280 28 författningstexten
790 2205 163 27 inneslutna
971 2206 75 26 inom
1067 2206 134 27 klammer
1220 2204 9 36 [

233 2247 63 18 men
324 2238 76 27 vilka
422 2238 90 36 enligt
529 2234 103 71 Kungl.
683 2239 64 36 aj:ts
765 2239 107 37 förslag
890 2240 62 28 icke
965 2240 93 28 skulle
1076 2241 104 27 ändras
1200 2240 52 28 och
1270 2241 63 28 med
1353 2241 132 28 anlednin

631 2274 73 37 ungl.
725 2274 81 37 Maj:t
824 2276 161 35 uppställts,
1006 2276 134 36 antingen
1159 2278 204 26 transumerats
1381 2276 68 28 eller
1467 2277 54 26 alls
1539 2275 61 28 icke
1619 2275 126 36 intagits.

233 2273 112 36 förslag,
364 2273 102 28 sådant
485 2274 46 28 det
550 2283 36 18 av

1266 2206 8 35 ]
1296 2221 31 4 —
1347 2206 51 27 där
1415 2206 140 27 utskottet
1573 2206 117 26 föreslår
1708 2205 128 31 ändring,

1525 2241 88 27 härav
1632 2241 8 26 i
1659 2242 176 26 sistnämnda
