2222 2624
693 136 357 42 Bevillningsutskottets
1073 134 195 32 betänkande
1294 132 49 31 Nr
1366 133 51 30 29.
1796 128 19 30 3

1019 248 20 50 å
1068 251 33 34 5.

393 335 30 33 1.
479 329 255 51 Byteshandel
761 350 50 4 —
839 349 49 4 —
916 348 50 5 —
995 348 47 4 —
1071 338 98 23 vara.

391 387 33 33 2.
480 384 83 35 Den
594 405 43 4 —
668 402 51 5 —
748 401 46 5 —
824 401 47 3 —
901 378 207 47 betalning.

391 438 33 33 3.
480 433 233 37 Innehavare
742 445 45 22 av
814 436 74 30 rätt
916 430 57 36 till
1001 427 255 50 detaljhandel
1287 425 85 36 med
1400 425 141 48 pilsner
1564 425 62 34 må
1644 421 141 48 inköpa
1805 420 56 36 för

261 488 167 36 rörelsen
470 483 244 49 erforderligt
754 482 125 36 behov
921 494 46 22 av
1008 480 142 48 pilsner
1187 479 83 35 från
1298 489 83 23 vem
1412 488 80 23 som
1521 474 109 46 helst,
1659 485 82 23 som
1770 476 92 43 äger

261 538 153 50 försälja
441 538 123 36 denna
593 548 97 23 vara.
747 534 181 35 Häremot
947 530 193 38 stridande
1159 528 198 45 förbehåll,
1378 540 81 24 som
1479 525 176 48 betingas
1674 523 63 36 vid
1758 527 104 32 över-

261 590 128 37 låtelse
417 603 47 22 av
490 593 74 31 rätt
592 587 58 36 till
678 584 255 49 detaljhandel
962 583 83 36 med
1074 581 239 50 rusdrycker,
1342 591 89 24 vare
1459 584 91 29 utan
1579 576 154 36 verkan.

1024 670 20 46 8
1073 671 34 34 8.

398 754 32 33 1.
486 750 187 37 Tillstånd
701 771 49 4 —
778 771 49 4 —
856 770 49 4 —
934 744 420 50 befallningshavande.

394 806 33 34 2.
482 802 184 36 Ansökan
694 823 50 4 —
772 823 49 4 —
849 822 50 4 —
926 821 52 6 —
1005 798 256 48 tillämpning.

394 858 33 34 3,
483 854 79 36 Har
605 853 170 37 ansökan
817 852 110 36 blivit
968 853 21 33 å
1029 850 129 36 landet
1198 862 47 22 av
1281 847 94 36 både
1403 841 364 40 kommunalnämnd
1795 841 71 36 och

265 906 380 39 kommunalstämma
675 904 184 48 avstyrkt,
888 905 62 33 må
978 902 222 35 densamma
1228 899 32 48 ej
1291 897 160 37 bifallas.
1645 899 3 1 |

1021 987 20 49 g
1062 987 42 49 9.

395 1070 232 37 Tillverkare
656 1083 46 23 av
730 1068 141 49 pilsner
899 1073 179 31 ävensom
1099 1065 85 46 den,
1205 1076 81 24 som
1306 1062 107 49 eljest
1432 1066 91 43 äger
1542 1064 55 32 att
1616 1059 59 37 till
1693 1058 172 37 avhämt-

265 1124 96 47 ning
402 1123 154 48 försälja
595 1122 154 48 pilsner,
783 1133 87 24 vare
897 1118 215 48 berättigad
1142 1121 64 43 att,
1238 1116 72 36 den
1339 1115 101 35 förre
1468 1113 83 36 från
1580 1110 286 48 tillverknings-

266 1175 135 47 stället,
430 1174 72 37 den
530 1186 131 25 senare
690 1173 83 36 från
801 1169 387 51 försäljningsstället,
1217 1170 49 46 på
1292 1165 224 38 rekvisition
1545 1162 179 38 försända
1747 1161 117 37 sådan

265 1241 93 22 vara
385 1227 55 36 till
471 1226 153 49 köpare;
655 1224 95 37 dock
774 1226 60 34 må
856 1223 64 37 vid
940 1222 117 37 sådan
1077 1219 252 48 försändning
1346 1230 117 24 varan
1483 1216 32 48 ej
1538 1216 192 36 avlämnas
1750 1218 116 32 annat

267 1285 48 30 än
343 1278 175 38 inomhus
546 1277 57 37 till
632 1276 196 37 därstädes
855 1274 159 47 boende,
1042 1273 64 37 vid
1130 1269 327 52 järnvägsstation
1486 1268 89 36 eller
1603 1269 21 33 å
1652 1266 139 49 fartyg.

1015 1359 20 49 3
1067 1362 56 34 13.

402 1446 32 33 1.
489 1442 183 37 Tillstånd
702 1462 49 4 —
780 1462 49 4 —
858 1461 49 4 —
935 1460 50 5 —
1013 1437 170 37 oktober.

399 1498 33 33 2.
487 1494 77 50 Vill
590 1515 51 4 —
669 1515 49 4 —
746 1514 50 4 —
824 1513 50 5 —
901 1491 179 37 rörelsen.

400 1550 33 33 3.
490 1537 100 46 Över
621 1567 44 4 —
696 1566 50 5 —
774 1565 49 5 —
854 1568 44 4 —
928 1541 255 49 tillämpning.

399 1601 34 34 4.
489 1598 79 36 Har
596 1596 217 49 ansökning
841 1595 109 37 blivit
979 1593 182 50 avstyrkt,
1181 1592 13 36 i
1215 1591 219 37 Stockholm
1456 1603 45 23 av
1521 1585 350 48 stadsfullmäktige

270 1652 70 36 och
380 1653 49 47 på
470 1663 125 23 annan
624 1654 59 31 ort
711 1661 46 22 av
785 1647 97 37 båda
910 1647 46 37 de
983 1644 243 38 kommunala
1255 1642 278 49 myndigheter,
1562 1652 80 24 som
1675 1639 10 35 i
1715 1637 158 38 ärendet

269 1703 120 46 hörts,
418 1705 61 34 må
507 1702 220 36 densamma
755 1700 32 48 ej
818 1699 162 37 bifallas.

402 1756 32 35 5.
491 1753 76 37 Där
593 1774 50 4 —
670 1774 50 4 —
749 1773 50 4 —
827 1773 50 4 -——
905 1750 167 48 stadgas.

1020 1835 20 50 8
1071 1838 57 34 14.

403 1919 237 48 Konungens
672 1940 40 4 —
749 1938 47 4 —
825 1938 48 4 —
905 1937 43 4 —
980 1915 163 36 bestämt
1171 1911 159 38 tillfälle.

1022 2001 20 49 å
1074 2002 57 35 15.

406 2086 32 34 1.
494 2083 238 48 Konungens
761 2102 47 4 —
838 2102 49 4 —
915 2101 50 4 —
993 2100 50 5 —
1072 2078 110 36 föras.

404 2139 33 33 2.
492 2134 57 37 Då
577 2155 49 6 —
654 2155 50 4 —
733 2155 48 3 —
810 2154 50 4 —
890 2131 252 37 föreskrivits.

405 2191 33 33 3.
495 2178 100 46 Över
626 2208 43 4 —
700 2206 50 5 —
778 2206 50 4 —
856 2205 50 5 —
935 2182 219 38 meddelats.

403 2238 281 39 Underrättelse
727 2250 60 23 om
830 2235 105 49 varje
973 2248 46 23 av
1056 2234 239 47 Konungens
1325 2228 404 52 befallningshavande
1758 2226 121 50 enligt
