1848 2786
227 164 20 29 6
519 166 405 37 Bevillningsutskottets
940 167 218 30 betänkande
1173 176 43 21 nr
1232 168 39 30 72
1286 168 39 30 år
1341 169 81 29 1961

846 256 241 30 Närvarande:

274 307 79 30 från
384 307 164 31 första
578 308 221 30 kammaren:
820 309 121 29 herrar
959 309 92 29 John
1071 309 174 35 Ericsson,
1263 309 186 38 Hagberg”,
1469 309 106 30 Einar
1595 310 117 29 Eriks-

228 370 75 26 son,
320 362 164 34 Jansson,
503 362 109 36 Spetz,
630 361 126 31 Gustaf
774 362 173 35 Elofsson,
964 362 109 30 Oscar
1090 362 191 36 Carlsson”,
1299 363 115 37 Yngve
1432 363 150 35 Nilsson,
1599 363 111 30 Helle-

227 414 106 30 bladh
346 415 64 29 och
426 415 252 34 Kronstrand";
695 417 92 28 samt

273 467 79 30 från
416 468 122 29 andra
568 468 222 31 kammaren:
811 469 121 30 herrar
951 469 132 30 Brandt
1102 470 10 29 i
1132 469 196 37 Aspabruk,
1349 470 172 37 Kollberg,
1540 470 141 29 Nilsson
1699 470 11 29 i

229 521 150 35 Svalöv”,
398 521 188 37 Vigelsbo”,
605 522 170 29 Wiklund
794 522 10 30 i
822 521 145 38 Öjebyn,
986 522 187 30 Gustafson
1192 523 11 29 i
1221 522 179 38 Göteborg,
1418 524 82 36 Asp,
1518 523 56 30 fru
1592 523 118 30 Holm-

227 574 93 36 qvist
334 576 90 28 samt
438 575 122 30 herrar
574 575 210 30 Stiernstedt
797 576 64 29 och
875 576 162 30 Carlsson
1051 576 11 30 i
1076 576 175 30 Västerås.

259 637 15 16 +
294 636 63 24 Icke
372 637 181 24 närvarande
566 637 48 25 vid
628 638 147 28 justering
790 646 34 16 av
837 638 204 25 betänkandet.

859 766 216 31 Reservation

270 842 42 21 av
329 833 121 30 herrar
466 833 169 37 Hagberg,
654 833 125 38 Gustaf
795 834 174 37 Elofsson,
989 835 113 35 Yngve
1118 834 152 38 Nilsson,
1287 835 232 37 Kronstrand,
1535 834 174 37 Kollberg,

224 885 140 31 Nilsson
382 887 10 29 i
410 886 134 36 Svalöv,
564 886 169 38 Vigelsbo,
752 887 187 37 Gustafson
961 889 5 29 i
983 888 168 38 Göteborg
1167 889 66 29 och
1248 888 220 37 Stiernstedt,
1484 889 94 29 vilka
1595 890 114 28 ansett

271 939 72 30 dels
365 941 50 29 att
435 940 189 30 utskottets
643 941 165 37 yttrande
829 941 41 30 fr.
890 950 30 21 o.
941 950 45 21 m.
1007 942 57 30 det
1083 942 120 37 stycke
1223 941 19 30 å
1263 942 63 30 sid.
1347 942 27 35 5,
1397 951 74 20 som
1491 942 120 36 börjar
1630 942 78 29 med

224 993 107 30 orden
349 993 278 30 »Motionärerna
640 994 99 35 har»,
752 994 78 30 bort
843 995 44 29 ha
902 994 158 37 följande
1074 996 143 36 lydelse:

269 1046 260 30 Motionärerna
548 1047 64 29 har
631 1047 110 30 heller
761 1048 71 29 inte
852 1047 185 38 ifrågasatt
1057 1050 50 28 att
1126 1048 365 38 glassbeskattningen
1511 1048 55 30 för
1586 1049 123 29 närva-

226 1100 109 29 rande
354 1100 112 29 skulle
487 1100 180 30 avskaffas
688 1102 87 28 utan
795 1101 184 37 begränsat
999 1101 51 38 sig
1069 1101 51 30 till
1140 1103 51 28 att
1210 1102 88 37 yrka
1317 1103 51 29 att
1387 1102 140 30 skatten
1546 1102 19 30 å
1584 1102 124 37 grädd-

224 1152 93 37 glass
339 1152 107 31 måtte
466 1153 188 38 borttagas.
676 1154 177 30 Utskottet
873 1154 58 30 vill
954 1154 186 30 framhålla
1161 1157 51 28 att
1232 1163 43 21 en
1296 1155 143 37 svaghet
1460 1156 76 29 med
1557 1155 150 37 glassbe-

224 1206 225 37 skattningen
475 1206 11 29 i
514 1207 76 29 dess
617 1208 204 29 nuvarande
847 1208 248 29 konstruktion
1121 1209 38 29 är
1185 1210 51 28 att
1261 1208 93 31 vissa
1380 1208 213 37 svårigheter
1619 1208 89 31 före-

224 1259 107 37 ligger
350 1261 50 28 att
421 1260 104 29 utöva
545 1259 146 30 effektiv
711 1260 163 30 kontroll.
892 1260 93 30 även
1004 1270 57 21 om
1081 1261 267 31 förhållandena
1367 1262 215 30 härutinnan
1602 1262 106 37 något

224 1312 205 30 förbättrats
451 1313 112 29 under
584 1322 122 21 senare
727 1313 50 30 tid
799 1321 123 30 genom
943 1315 50 29 att
1013 1315 365 37 glasstillverkningen
1400 1315 137 30 alltmer
1558 1316 149 29 koncen-

223 1366 127 29 trerats
369 1365 63 30 hos
452 1367 95 28 stora
565 1367 243 36 producenter,
827 1367 161 30 kvarstår
1006 1368 88 29 dock
1112 1367 196 39 betydande
1327 1368 379 38 kontrollsvårigheter.

268 1418 176 31 Utskottet
461 1419 60 29 vill
538 1419 115 31 erinra
670 1429 58 20 om
746 1422 51 28 att
814 1420 123 38 Kungl.
956 1421 106 37 Maj:t
1079 1421 53 30 för
1148 1422 219 30 närvarande
1385 1422 54 30 för
1455 1422 171 38 prövning
1642 1422 65 30 har

221 1471 59 30 två
308 1471 300 39 framställningar
635 1474 150 29 rörande
811 1473 373 38 glassbeskattningen.
1212 1474 154 31 Sålunda
1391 1475 65 30 har
1482 1475 225 37 kontrollsty-

222 1525 113 30 relsen
355 1525 64 30 och
440 1527 133 29 statens
593 1526 325 37 jordbruksnämnd
938 1530 214 35 gemensamt
1173 1528 181 38 föreslagit
1374 1528 332 38 råvaruprisutjäm-

222 1578 85 37 ning
326 1578 54 30 för
398 1579 92 37 glass
510 1581 90 28 samt
617 1579 71 30 viss
707 1580 222 38 omläggning
948 1590 42 20 av
1008 1581 65 30 den
1092 1582 174 29 särskilda
1283 1582 227 30 varuskatten
1530 1582 55 30 för
1602 1583 103 37 glass.

220 1631 128 30 Vidare
373 1632 64 29 har
465 1632 154 38 Sveriges
646 1632 310 32 Glassindustriers
984 1634 226 30 riksförbund
1237 1635 148 30 anhållit
1411 1637 51 28 att
1487 1635 219 31 bestämmel-

222 1693 103 22 serna
343 1694 56 20 om
418 1685 151 30 särskild
587 1686 185 30 varuskatt
790 1686 19 30 å
826 1687 91 37 glass
936 1687 108 30 måtte
1060 1687 47 31 bli
1125 1687 146 31 föremål
1291 1688 54 30 för
1362 1697 42 21 en
1423 1689 192 37 skyndsam
1633 1690 72 30 tek-

221 1737 81 30 nisk
319 1738 159 30 revision.
495 1739 187 35 Utskottet,
699 1749 76 20 som
791 1740 10 29 i
818 1740 109 30 likhet
942 1741 78 29 med
1037 1741 260 30 motionärerna
1312 1741 116 31 finner
1444 1751 42 21 en
1503 1742 203 39 avveckling

221 1800 43 21 av
284 1791 65 30 den
370 1791 174 31 särskilda
563 1793 228 29 varuskatten
812 1793 19 29 å
849 1794 203 37 gräddglass
1072 1794 222 37 synnerligen
1314 1796 199 37 angelägen,
1533 1805 102 22 anser
1654 1798 51 28 att

221 1844 58 30 det
295 1844 11 30 i
324 1845 219 30 motionerna
559 1845 125 30 väckta
702 1846 207 37 spörsmålet
924 1847 63 30 bör
1004 1848 124 36 prövas
1145 1847 57 30 vid
1221 1848 125 37 Kungl.
1364 1849 123 37 Maj:ts
1505 1850 199 37 ställnings-

220 1898 173 36 taganden
415 1898 53 29 till
491 1898 146 30 berörda
659 1898 313 39 framställningar,
993 1900 94 30 vilka
1108 1910 99 21 avser
1229 1903 50 28 att
1301 1901 243 32 åstadkomma
1565 1911 139 29 genom-

220 1951 167 37 gripande
408 1950 245 39 förändringar
672 1952 11 29 i
703 1952 374 39 glassbeskattningen.
1096 1954 129 30 Härvid
1245 1954 102 38 utgår
1366 1956 169 30 utskottet
1554 1956 80 30 från
1654 1959 50 28 att

219 2003 268 38 ifrågavarande
508 2005 361 38 ställningstaganden
889 2006 80 30 sker
989 2006 95 31 inom
1104 2007 109 30 sådan
1234 2007 50 31 tid
1304 2010 51 29 att
1375 2008 130 39 förslag
1525 2009 178 38 angående

219 2056 230 38 borttagande
466 2066 43 21 av
526 2058 65 29 den
609 2058 175 31 särskilda
801 2059 227 31 varuskatten
1046 2060 19 30 å
1081 2061 203 37 gräddglass
1303 2061 69 30 kan
1391 2062 192 38 föreläggas
1601 2064 101 30 nästa

219 2109 57 30 års
292 2110 151 38 riksdag.

263 2180 72 31 dels
350 2180 65 31 ock
429 2183 51 28 att
494 2182 171 30 utskottet
679 2183 79 30 bort
773 2183 194 36 hemställa,

582 2237 50 29 att
651 2236 187 38 riksdagen
855 2254 45 4 —
917 2237 10 29 i
947 2238 187 37 anledning
1153 2247 42 21 av
1214 2238 41 30 de
1275 2238 222 38 likalydande
1517 2241 185 29 motioner-

538 2298 44 20 na
602 2290 28 28 I:
647 2289 41 30 30
710 2299 42 20 av
771 2290 80 29 herr
869 2290 173 30 Thorsten
1063 2291 150 30 Larsson
1233 2300 45 21 m.
1299 2292 36 30 fl.
1355 2293 64 29 och
1439 2293 46 30 II:
1501 2293 40 30 53
1561 2303 42 20 av
1621 2294 81 30 herr

537 2342 255 30 Wahrendorff
807 2352 44 20 m.
868 2343 36 30 fl.
919 2361 45 3 —
979 2343 107 31 måtte
1101 2345 10 29 i
1128 2344 168 31 skrivelse
1311 2345 51 30 till
1381 2346 124 37 Kungl.
1521 2347 106 37 Maj:t
1643 2357 59 20 an-

536 2394 93 31 hålla
646 2404 58 21 om
721 2396 186 38 utredning
923 2397 65 29 och
1005 2397 130 38 förslag
1151 2398 52 29 till
1222 2398 83 30 1962
1323 2398 55 30 års
1395 2399 141 38 riksdag
1553 2400 148 37 angåen-

536 2448 41 30 de
592 2449 233 36 upphävande
841 2459 41 20 av
896 2450 66 29 den
978 2450 172 31 särskilda
1164 2451 229 31 varuskatten
1409 2452 18 30 å
1442 2453 214 37 gräddglass.
