2221 2683
448 194 37 30 10
836 194 378 43 Bevillningsutskottets
1237 197 174 35 Memorial
1432 199 64 32 N:o
1519 202 47 30 21.

536 281 92 36 malt
656 283 46 35 10
731 281 200 51 kilogram,

535 333 270 50 maltdrycker,
835 334 73 37 alla
937 335 97 49 slag,
1064 336 252 40 tillsammans
1347 341 19 35 5
1391 339 97 51 liter,

534 384 153 51 risgryn
716 387 20 35 5
766 385 201 51 kilogram,

535 437 134 37 socker
698 437 70 38 och
797 437 113 50 sirap,
940 439 74 38 alla
1043 440 95 48 slag,
1163 442 253 39 tillsammans
1446 448 19 34 5
1494 446 201 49 kilogram,

534 489 212 47 spannmål,
777 490 161 47 omalen,
967 492 48 35 40
1043 491 201 50 kilogram,

635 551 17 22 »
769 540 138 48 malen,
936 543 46 36 25
1011 542 201 51 kilogram,

533 591 129 47 tobak,
691 592 183 38 oarbetad
903 594 71 36 och
1003 595 169 48 arbetad,
1202 597 75 37 alla
1305 598 96 49 slag,
1430 599 253 39 tillsammans
1715 603 17 34 1
1762 602 201 49 kilogram,

532 643 196 47 väfnader,
770 644 74 37 alla
881 644 97 50 slag,
1018 646 254 39 tillsammans
1304 651 43 35 15
1378 658 132 42 meter,
1540 652 96 37 dock
1660 652 84 38 icke
1772 654 152 37 utöfver
1952 659 54 32 ett

398 694 285 49 sammanlagdt
709 696 116 36 värde
855 696 41 36 af
920 698 46 35 25
994 697 152 49 kronor,
1176 705 98 31 samt

532 745 119 36 andra
678 758 111 23 varor
816 746 58 35 till
902 752 54 30 ett
984 750 284 49 sammanlagdt
1295 752 116 37 värde
1441 753 42 36 af
1507 755 47 36 20
1582 753 154 48 kronor;

531 793 36 49 b)
597 796 47 37 då
671 810 86 24 resa
782 797 87 37 sker
898 798 108 38 öfver
1034 800 73 37 den
1137 801 60 37 del
1226 802 42 37 af
1292 809 181 43 gränsen,
1502 818 81 24 som
1613 811 41 31 är
1682 806 162 49 belägen
1866 808 139 36 mellan

396 853 168 44 gränsen
594 848 139 36 mellan
761 849 210 38 Värmland
1000 852 71 36 och
1098 852 165 38 Dalarne
1294 864 98 27 samt
1419 855 584 52 Ljusnebäcken
1727 844 22 67 i
1769 855 234 52 Härjedalen,

396 898 93 37 eller
529 898 107 37 öfver
676 904 168 44 gränsen
888 906 78 32 mot
1007 902 250 39 Frostvikens
1294 906 141 38 socken
1463 906 11 37 i
1501 907 198 39 Jämtland
1727 909 72 38 och
1826 924 89 23 norr
1943 925 60 23 om

396 950 125 37 denna
550 950 164 49 belägna
743 957 116 31 orter:

530 1001 105 47 bröd,
661 1001 74 38 alla
763 1002 97 49 slag,
889 1003 254 39 tillsammans
1172 1008 46 35 20
1247 1007 201 50 kilogram,

529 1052 107 47 fläsk,
666 1053 74 37 alla
769 1054 95 50 slag,
893 1055 255 39 tillsammans
1180 1060 44 35 10
1252 1058 200 51 kilogram,

527 1118 109 34 garn,
667 1105 73 37 alla
769 1106 95 49 slag,
893 1107 253 38 tillsammans
1177 1111 19 35 5
1226 1110 200 50 kilogram,

527 1155 111 47 kaffe,
668 1155 74 38 alla
770 1157 96 49 slag,
896 1159 71 36 och
995 1159 292 51 kaffesurrogat,
1316 1162 254 38 tillsammans
1599 1166 20 34 5
1649 1165 200 49 kilogram,

526 1206 93 37 malt
647 1209 47 33 40
721 1207 202 49 kilogram,

527 1257 269 50 maltdrycker,
826 1259 75 37 alla
929 1260 95 50 slag,
1054 1261 252 40 tillsammans
1337 1266 45 35 10
1405 1265 98 49 liter,

526 1308 153 50 riseryn
709 1311 20 35 5
759 1310 200 49 kilogram,

528 1360 135 37 socker
691 1361 70 36 och
786 1361 115 50 sirap,
931 1363 74 37 alla
1034 1364 96 49 slag,
1158 1365 254 39 tillsammans
1444 1370 44 35 10
1517 1369 201 50 kilogram,

525 1411 212 49 spannmål,
767 1413 161 47 omalen,
960 1415 70 36 150
1059 1414 200 51 kilogram,

627 1474 17 21 »
764 1463 137 49 malen,
933 1466 70 35 100
1032 1466 202 49 kilogram,

523 1513 128 47 tobak,
693 1514 184 38 oarbetad
918 1516 70 37 och
1031 1517 169 48 arbetad,
1239 1519 73 37 alla
1341 1520 95 50 slag,
1465 1522 254 38 tillsammans
1750 1526 16 34 1
1797 1524 200 50 kilogram,

523 1564 199 46 väfnader,
765 1565 74 37 alla
880 1567 95 49 slag,
1009 1568 253 38 tillsammans
1294 1574 43 34 15
1368 1578 132 42 meter,
1530 1574 97 37 dock
1655 1574 83 38 icke
1766 1576 151 37 utöfver
1945 1583 53 31 ett

388 1615 117 36 värde
535 1615 40 36 af
599 1617 48 35 40
674 1615 153 50 kronor,
857 1623 99 31 samt

523 1666 119 37 andra
669 1680 113 24 varor
809 1668 57 36 till
895 1674 54 31 ett
974 1671 283 49 sammanlagdt
1285 1674 116 36 värde
1431 1675 41 36 af
1496 1678 47 34 30
1571 1676 150 38 kronor.

521 1717 77 36 Där
622 1731 92 24 vara
742 1719 42 36 af
807 1721 162 36 resande
1000 1721 191 37 medföres
1219 1723 11 35 i
1260 1729 120 32 större
1410 1727 240 48 myckenhet,
1681 1734 47 31 än
1757 1729 113 36 ofvan
1895 1730 102 36 stad-

386 1772 101 43 gats,
530 1768 96 36 skall
667 1769 69 36 tull
779 1770 82 47 och,
903 1771 100 37 hvad
1041 1772 179 38 beträffar
1247 1775 148 46 socker,
1419 1776 146 49 jämväl
1593 1779 253 48 sockerskatt,
1876 1781 121 49 enligt

387 1818 99 36 hvad
528 1819 111 47 eljest
678 1819 135 49 gäller,
843 1822 180 49 erläggas
1052 1824 58 36 för
1137 1824 88 37 hela
1253 1826 73 36 den
1355 1828 41 35 af
1419 1841 119 24 varan
1566 1829 151 38 införda
1745 1831 249 38 kvantiteten.

520 1870 276 48 Afgiftsfrihet,
839 1872 157 39 hvarom
1038 1874 10 35 i
1077 1875 126 36 denna
1231 1873 20 49 8
1281 1882 102 43 sägs,
1412 1879 123 48 gäller
1562 1880 83 37 icke
1674 1882 60 36 för
1761 1896 123 34 varor,
1914 1897 81 22 som

385 1919 11 35 i
437 1920 280 38 handelsafsikt
756 1922 144 38 införas
929 1938 90 23 vare
1050 1925 60 50 sig
1138 1927 59 36 för
1225 1932 55 31 att
1306 1928 10 36 i
1345 1930 131 47 vanlig
1504 1931 165 49 ordning
1698 1933 176 49 försäljas
1903 1934 93 37 eller

385 1970 58 36 för
485 1976 55 31 att
580 1972 191 38 utlämnas
810 1977 126 34 såsom
970 1977 216 50 ersättning
1213 1978 59 37 för
1298 1980 229 38 verkställdt
1554 1983 142 48 arbete,
1726 1983 34 49 ej
1788 1984 121 37 heller
1937 1986 58 36 för

384 2035 123 34 varor,
550 2036 81 23 som
674 2024 42 36 af
753 2025 218 38 handlande
1000 2028 93 37 eller
1121 2029 59 36 för
1203 2029 239 39 handlandes
1467 2033 165 50 räkning
1658 2034 157 48 införas,
1845 2039 42 34 så
1914 2036 81 37 vidt

385 2072 45 37 de
461 2078 63 32 äro
553 2074 43 36 af
620 2074 46 37 de
695 2074 96 51 slag,
821 2077 86 37 med
935 2078 130 38 hvilka
1092 2079 75 37 han
1194 2080 110 38 idkar
1332 2082 151 38 handel.

518 2125 176 37 Resande
731 2140 102 34 vare,
875 2141 60 23 om
963 2130 303 49 tulltjänsteman
1297 2133 93 36 eller
1417 2134 220 50 tullbetjänt
1666 2137 137 38 sådant
1830 2138 162 49 fordrar,

384 2174 154 50 skyldig
566 2181 66 42 att,
657 2177 120 48 jämte
805 2179 154 48 uppgift
988 2194 60 22 om
1076 2182 93 48 yrke
1199 2183 71 36 och
1298 2183 177 50 hemvist,
1505 2187 164 37 aflämna
1690 2202 45 23 en
1751 2189 122 37 under
1889 2190 104 49 edlig

382 2224 240 50 förpliktelse
665 2228 172 49 afgifven
867 2231 170 49 skriftlig
1064 2233 212 48 försäkran,
1306 2240 55 31 att
1389 2236 46 36 de
1463 2250 124 35 varor,
1617 2239 74 36 han
1721 2240 158 48 medför,
1909 2241 82 37 icke

381 2276 145 37 införas
566 2277 12 36 1
618 2278 292 52 handelsafsikt,
952 2285 48 46 på
1041 2288 76 33 sätt
1149 2285 115 37 ofvan
1293 2286 191 39 förmälegs.
1541 2289 148 38 Införas
1717 2305 164 24 varorna
1909 2292 83 37 icke
