1908 2856
323 147 38 30 16
505 151 107 27 Första
636 151 201 28 kammarens
861 149 128 32 första
1015 153 157 36 tillfälliga
1199 154 126 27 utskotts
1351 155 158 27 utlåtande
1533 156 46 27 Nr
1602 157 24 26 9.

366 230 49 30 De
438 230 207 40 frikyrkliga
667 231 211 32 samfunden
901 233 110 30 skulle
1033 234 71 30 helt
1125 233 83 32 visst
1232 235 47 30 bli
1304 236 137 38 mycket
1466 236 71 30 litet
1559 236 155 39 betjänta
1737 239 79 30 med

322 277 48 28 att
393 274 35 31 få
451 275 177 38 kyrkorna
650 275 50 31 till
723 277 222 38 regelbundet
967 277 89 30 bruk
1079 279 110 29 under
1211 280 172 38 söndagar
1406 280 65 30 och
1493 290 43 20 en
1558 281 54 29 del
1634 281 181 39 vardagar,

321 319 65 29 och
408 320 79 29 med
511 319 134 31 mindre
667 321 46 29 än
736 321 222 38 regelbundet
981 322 89 30 bruk
1095 323 62 30 äro
1180 323 43 30 de
1245 323 74 31 icke
1342 324 164 39 betjänta.

366 360 50 33 Än
442 362 118 32 vidare
584 364 165 31 förhåller
776 366 56 29 det
857 365 50 39 sig
934 366 47 35 så,
1008 369 48 27 att
1081 367 56 30 det
1163 366 76 32 icke
1263 368 86 30 blott
1375 368 10 30 i
1413 370 160 30 städerna
1600 373 84 27 utan
1711 371 104 30 också

320 410 56 27 ute
395 407 11 30 i
425 407 178 39 bygderna
624 416 56 31 ges
702 409 127 38 många
850 411 136 37 platser,
1007 420 74 20 som
1101 411 66 31 fått
1187 412 78 31 hela
1285 413 107 30 raden
1413 423 43 20 av
1476 413 337 39 frikyrkosamfund.

320 451 52 31 Då
392 462 46 20 nu
458 452 208 31 åtminstone
686 454 68 30 alla
775 455 41 29 de
837 456 107 29 större
965 454 370 39 frikyrkosamfunden
1356 457 109 31 måste
1485 458 36 30 få
1543 467 133 22 samma
1698 458 115 40 rättig-

320 496 94 30 heter
440 496 50 30 till
519 497 450 45 territorialförsamlingens
997 500 112 38 kyrka
1136 501 75 34 och,
1240 510 74 21 som
1342 502 106 30 redan
1477 505 101 36 sagts,
1606 502 76 31 sina
1709 504 105 37 regel-

321 540 140 31 bundna
485 542 88 30 tider
595 541 45 39 på
664 543 220 38 söndagarna
909 543 125 30 liksom
1058 545 64 29 ock
1147 544 46 39 på
1218 546 217 38 vardagarna
1462 546 55 31 för
1542 548 131 29 smärre
1697 548 117 30 möten

319 594 42 21 av
383 585 93 31 olika
498 586 82 38 slag,
604 586 38 30 så
663 587 111 29 skulle
797 588 177 38 kyrkorna
995 591 83 28 utan
1101 588 101 31 tvivel
1225 589 75 31 icke
1322 591 142 30 komma
1488 594 48 27 att
1558 592 104 30 räcka
1685 592 50 30 till
1759 592 55 30 för

320 630 58 29 allt
399 630 65 30 och
486 631 78 30 alla.

363 674 82 30 Man
466 683 54 21 ser
540 675 102 35 detta,
665 675 38 30 så
725 675 69 31 fort
815 686 83 20 man
920 677 129 30 lämnat
1073 678 57 31 det
1151 678 178 31 abstrakta
1351 683 271 35 resonemanget,
1645 680 61 39 går
1729 681 83 30 kon-

319 718 73 31 kret
411 718 141 40 tillväga
571 720 65 29 och
656 720 101 30 söker
777 721 155 38 uppgöra
953 731 42 20 en
1015 721 103 31 tablå.
1163 722 79 31 Med
1261 723 137 39 hänsyn
1419 727 101 35 tagen
1541 724 49 30 till
1611 724 91 32 vissa
1723 735 89 21 sam-

318 762 104 31 funds
444 773 110 21 vanor
575 764 65 30 och
660 764 177 31 förkärlek
859 765 55 30 för
935 766 124 30 kvälls-
1082 766 65 30 och
1167 768 194 30 nattmöten
1382 771 90 28 samt
1493 769 61 29 Ev.
1576 769 236 31 Fosterlands-

320 806 190 32 Stiftelsens
544 807 180 40 spridning
757 812 87 27 mest
875 810 63 29 hos
971 810 66 30 den
1069 811 232 31 norrländska
1335 812 365 40 bondebefolkningen
1733 814 79 30 med

318 850 105 40 tidiga
438 861 111 21 vanor
564 853 110 30 skulle
688 863 84 20 man
788 854 78 30 med
882 855 216 30 uteslutande
1113 865 43 20 av
1173 855 170 39 åtskilliga
1361 857 167 30 samfund
1544 858 132 30 kanske
1693 858 119 30 kunna

319 896 103 30 tänka
444 896 51 39 sig
516 896 156 40 följande
692 897 162 40 ordning:

583 977 153 31 Svenska
767 978 147 38 kyrkan.
957 978 164 39 Ottesång
1159 1003 162 7 ........
1356 981 45 29 kl.
1450 981 97 35 8—9,

581 1021 61 30 Ev.
669 1022 411 31 Fosterlands-Stiftelsen
1112 1048 207 7 ..........
1376 1038 11 14 »
1449 1026 119 35 9—11,

582 1066 154 31 Svenska
756 1067 146 38 kyrkan.
935 1067 193 39 Högmässa
1157 1092 162 7 ........
1376 1082 10 14 »
1430 1071 116 34 11—1,

580 1110 199 31 Metodister
803 1135 516 8 ........................
1453 1115 93 35 1—3,

581 1155 153 31 Svenska
754 1155 374 32 Missionsförbundare
1156 1181 163 6 ........
1375 1170 12 15 >
1448 1159 97 35 3—5,

578 1198 171 40 Baptister
802 1224 515 8 sossoososrsesser
1131 1194 38 49 sr
1180 1194 31 49 sr
1220 1194 59 49 ser
1287 1194 10 49 e
1305 1194 17 49 a
1374 1216 2 3 »
1448 1204 97 35 5—7,

578 1243 323 39 Frälsningsarmén
935 1268 383 8 ....osssossscs.os>s
1376 1259 10 14 »
1449 1248 96 35 -1—9,

579 1287 252 39 Pingstvänner
889 1312 428 8 ososssssosesseress
1264 1283 56 49 ers
1374 1314 2 4 »
1448 1291 118 31 99-12.

358 1366 53 31 Då
434 1366 188 31 emellertid
645 1369 18 28 2
687 1367 142 31 timmar
851 1369 98 30 torde
971 1368 48 31 bli
1042 1370 55 29 väl
1121 1370 79 30 kort
1223 1369 50 31 tid
1297 1370 56 31 för
1376 1371 145 39 somliga
1546 1372 262 39 frikyrkoguds-

315 1410 142 39 tjänster
476 1412 80 29 med
577 1411 85 31 flera
681 1411 223 39 predikanter
923 1412 58 32 vid
1001 1414 107 30 större
1128 1413 264 40 högtidligheter
1411 1416 66 29 och
1497 1415 115 40 någon
1631 1416 49 31 tid
1701 1417 109 30 måste

314 1455 170 31 beräknas
509 1455 55 31 för
586 1456 209 39 luftväxling
818 1459 89 28 samt
929 1457 324 39 Frälsningsarmén
1275 1459 65 30 och
1363 1459 11 30 i
1398 1461 186 37 synnerhet
1607 1460 201 39 Pingstvän-

314 1509 105 22 nerna
440 1499 239 40 ovillkorligen
699 1502 98 29 torde
816 1501 134 31 behöva
970 1511 94 22 mera
1084 1503 45 30 än
1149 1503 58 30 två
1227 1503 150 36 timmar,
1398 1505 91 29 lärer
1508 1505 56 30 det
1582 1505 48 31 bli
1650 1506 159 39 omöjligt

314 1547 48 27 att
383 1544 202 39 genomföra
607 1555 41 20 en
668 1544 72 32 lika
761 1546 64 29 och
845 1547 130 29 allmän
996 1547 66 30 rätt
1082 1547 56 30 för
1159 1547 99 31 dessa
1278 1548 328 39 frikyrkosamfund
1627 1553 48 28 att
1696 1551 112 30 bruka

314 1589 187 38 kyrkorna.
544 1585 53 34 Än
617 1589 140 31 svårare
777 1589 67 31 blir
863 1591 65 35 det,
949 1600 58 21 om
1027 1590 116 36 också,
1165 1591 115 31 såsom
1301 1593 260 31 konsekvensen
1582 1597 96 28 snart
1698 1596 111 29 skulle

313 1633 57 36 bli,
389 1634 88 30 även
495 1634 109 30 andra
623 1633 329 40 frikyrkosamfund
970 1639 89 28 samt
1076 1645 43 21 av
1138 1639 111 28 staten
1267 1637 154 31 erkända
1441 1638 220 31 främmande
1681 1639 126 38 kyrko-

313 1677 165 31 samfund
504 1687 42 21 av
572 1679 147 30 svenska
743 1679 227 39 medborgare
994 1680 110 30 skulle
1129 1680 109 31 kräva
1265 1690 132 22 samma
1424 1683 67 29 rätt
1516 1691 74 21 som
1615 1684 42 29 de
1682 1685 125 29 största

312 1721 381 39 frikyrkosamfunden.
744 1723 306 31 Konsekvenserna
1075 1725 76 30 leda
1175 1725 273 39 uppenbarligen
1473 1726 51 31 till
1549 1736 81 22 rena
1656 1727 150 39 orimlig-

312 1766 102 30 heter.
459 1767 101 30 Flera
580 1766 87 31 tider
686 1776 104 30 passa
809 1767 117 31 vidare
945 1768 58 31 illa
1024 1778 159 21 samman
1204 1770 79 30 med
1302 1770 265 39 befolkningens
1588 1771 218 32 måltidstim-

313 1819 84 27 mar,
413 1811 252 30 levnadsvanor
680 1812 65 29 och
759 1812 250 39 arbetsplikter,
1025 1816 36 36 ty
1076 1812 131 32 sådana
1223 1822 55 31 ges
1293 1815 55 30 det
1362 1815 38 38 ju
1414 1816 88 29 även
1517 1815 44 39 på
1576 1817 230 38 söndagarna,

312 1855 228 39 synnerligast
563 1855 55 31 för
641 1856 256 39 landsbygdens
921 1857 85 30 folk.

354 1900 68 30 För
439 1900 147 30 svenska
604 1900 154 39 kyrkans
776 1901 54 30 del
848 1902 110 30 skulle
975 1901 195 40 aftonsång,
1189 1912 133 30 vesper-
1341 1904 65 30 och
1424 1904 170 31 särskilda
1611 1906 193 30 nattvards-

312 1944 232 38 gudstjänster.
570 1947 88 28 samt
685 1945 136 39 bröllop
848 1946 64 29 och
939 1946 254 39 begravningar
1220 1947 45 39 på
1292 1948 173 39 söndagar
1492 1948 11 30 i
1531 1949 177 38 kyrkorna
1735 1951 70 29 helt

310 1988 113 30 enkelt
448 1988 255 39 omöjliggöras,
729 1990 111 29 under
863 1990 216 39 vardagarna
1105 1991 186 36 försvåras,
1318 1993 86 29 även
1429 1993 65 30 där
1517 1993 87 31 blott
1628 1994 57 31 två
1710 1996 20 29 å
1755 1998 51 26 tre

310 2032 407 40 frikyrkoförsamlingar
740 2033 125 31 finnas.
913 2035 13 29 I
951 2035 188 30 allmänhet
1163 2036 70 30 kan
1258 2037 108 38 sägas,
1391 2039 49 29 att
1464 2038 146 31 svenska
1634 2039 137 37 kyrkan
1794 2038 11 30 i

309 2079 46 28 ett
378 2080 85 27 stort
486 2078 93 30 antal
604 2077 246 40 församlingar
871 2078 186 40 omöjligen
1081 2080 110 30 skulle
1214 2081 119 30 kunna
1357 2082 79 30 med
1458 2082 86 30 blott
1567 2083 57 30 två
1648 2083 156 30 timmars

308 2120 143 40 tillgång
473 2121 51 30 till
548 2122 177 39 kyrkorna
748 2124 110 29 under
882 2124 76 29 sön-
983 2124 65 30 och
1071 2124 189 39 helgdagar
1282 2125 150 39 fullgöra
1455 2127 43 29 de
1520 2127 184 39 uppgifter,
1729 2137 74 20 som

309 2165 111 39 aligga
438 2167 114 29 henne
568 2166 104 39 enligt
692 2168 169 38 kyrkolag
880 2168 65 30 och
964 2169 291 38 kyrkohandbok,
1275 2170 115 31 vilken
1410 2171 106 30 också
1534 2172 62 29 har
1616 2172 186 39 kyrkolags

308 2213 111 28 natur.

352 2255 50 30 De
425 2254 254 37 förhållanden,
705 2265 75 21 som
804 2266 46 20 nu
875 2256 161 39 påvisats,
1061 2257 137 39 betyda,
1224 2261 49 28 att
1296 2259 56 30 det
1377 2259 158 40 religiösa
1560 2260 242 36 samfundsliv,

308 2309 74 21 som
403 2301 80 30 växt
504 2301 91 30 fram
616 2302 62 29 hos
700 2301 76 31 vårt
796 2302 73 30 folk
890 2303 111 30 under
1020 2303 41 30 de
1082 2302 81 32 sista
1183 2304 138 30 hundra
1342 2304 92 35 åren,
1455 2315 48 19 nu
1524 2304 73 31 nått
1617 2315 43 21 en
1680 2306 120 30 visser-

307 2344 89 39 ligen
414 2345 169 39 splittrad,
602 2355 78 21 men
698 2346 93 30 ändå
808 2346 38 30 så
863 2346 53 30 rik
935 2347 195 39 utveckling
1148 2351 72 27 mot
1238 2348 83 35 förr,
1341 2348 44 31 då
1405 2350 192 37 söndagens
1615 2350 186 38 högmässa

306 2398 61 21 var
392 2391 56 29 det
474 2390 88 31 enda
588 2391 81 29 över
695 2391 78 30 hela
799 2391 247 39 landsbygden,
1073 2393 47 29 att
1147 2391 495 40 territorialförsamlingarnas
1670 2395 131 38 kyrkor

306 2433 45 38 på
370 2437 46 27 ett
435 2434 115 30 flertal
570 2435 126 38 platser
716 2445 144 21 numera
881 2435 74 31 icke
976 2436 109 30 skulle
1105 2446 59 20 ens
1185 2437 80 30 med
1287 2438 55 31 det
1362 2439 124 29 största
1507 2437 294 40 tillmötesgående

307 2478 19 29 a
347 2478 153 38 kyrkans
522 2478 73 31 sida
615 2480 105 30 räcka
739 2479 50 30 till
811 2479 55 31 för
886 2480 84 30 allas
991 2480 120 30 behov.
