2224 2665
452 229 101 29 Andra
576 230 193 29 Kammarens
793 230 167 37 Tillfälliga
987 231 125 30 Utskotts
1135 232 59 34 (Nr
1218 233 31 34 3)
1278 230 153 32 Utlåtande
1453 234 47 29 Nr
1522 235 53 29 29.
1769 234 40 31 11

213 310 20 34 å
261 309 197 50 styrelsens
500 309 304 38 kammarkontor
845 309 57 38 för
943 311 123 50 hvarje
1109 311 130 38 månad
1269 326 182 36 upprepas
1479 316 130 35 största
1636 315 104 37 delen
1773 315 40 38 af

215 362 68 37 den
326 363 334 51 litterabokföring,
703 377 78 24 som
814 367 101 34 förut
943 366 206 37 verkställts
1176 366 21 37 å
1225 367 208 37 distriktens
1461 369 99 35 olika
1588 368 225 52 afdelningar

214 417 69 36 och
325 417 253 50 expeditioner
619 419 68 36 och
720 419 148 37 hvilken
896 420 119 48 ligger
1043 421 61 35 till
1128 421 121 49 grund
1277 420 58 37 för
1363 422 44 36 de
1436 423 374 49 bokslutsrapporter,

214 484 78 23 som
321 472 101 35 skola
451 472 48 47 på
525 473 96 35 vissa
649 473 95 35 tider
771 474 61 35 till
859 474 158 35 nämnda
1045 475 133 36 kontor
1201 476 173 35 insändas.
1430 476 128 37 Denna
1577 477 233 51 dubblering,

212 537 79 24 som
333 525 227 37 beträffande
602 526 301 47 administrativa,
944 528 86 36 ban-
1058 529 68 36 och
1154 529 393 50 trafikafdelningarna
1575 531 97 37 afser
1701 532 112 49 utgif-

213 590 105 25 terna
354 593 66 35 per
462 581 116 44 kassa,
620 580 139 38 utföres
801 580 311 52 hufvudsakligen
1141 582 57 37 för
1227 584 295 37 kontrollerande
1551 584 40 37 af
1617 600 43 22 en
1691 588 57 35 del
1775 586 39 37 af

214 632 241 37 förenämnda
499 640 203 43 rapporter,
748 637 185 48 nämligen
979 637 457 50 kassautgiftssummorna,
1475 639 67 36 och
1583 640 227 37 beträffande

213 687 383 50 maskinafdelningen
638 688 56 38 för
723 690 266 50 kontrollering
1016 690 39 37 af
1081 704 44 23 en
1154 692 59 36 del
1241 691 38 37 af
1305 693 325 37 debetsummorna
1657 695 13 35 i
1694 695 118 37 denna

215 742 208 49 afdelnings
466 743 320 51 bokslutsrapport
853 744 55 37 Då
951 744 277 51 ifrågavarande
1270 747 122 37 arbete
1435 747 141 50 årligen
1609 749 130 49 drager
1766 762 45 24 en

213 796 212 50 betydande
467 798 154 36 kostnad
650 801 91 34 utan
775 803 65 41 att,
869 798 37 37 så
936 800 79 35 vidt
1042 801 335 36 öfverrevisorerna
1405 802 141 36 kunnat
1572 803 110 45 finna,
1712 804 100 36 med-

213 849 80 37 föra
322 852 258 35 motsvarande
608 858 117 44 nytta,
754 865 86 24 anse
857 854 55 49 sig
932 854 329 36 öfverrevisorerna
1281 855 86 36 böra
1387 855 222 49 ifrågasätta,
1629 857 183 37 huruvida

212 904 81 37 icke
326 910 54 31 ett
407 907 237 47 upprepande
672 908 39 35 af
738 907 118 36 denna
884 907 321 50 litterabokföring
1232 909 98 36 inom
1359 911 188 48 styrelsen,
1576 911 94 36 hvad
1700 914 112 46 angår

213 958 213 37 distriktens
468 961 163 47 utgifter,
672 962 71 35 kan
777 974 102 24 anses
906 963 134 48 onödig
1068 963 67 35 och
1164 962 123 37 därför
1315 964 112 36 borde
1456 966 172 47 upphöra.
1684 965 128 50 Enligt

212 1013 100 36 hvad
343 1012 330 39 öfverrevisorerna
705 1016 194 46 inhämtat,
930 1017 93 35 lärer
1052 1016 132 37 hinder
1207 1017 81 36 icke
1315 1022 109 39 möta,
1453 1026 54 28 att
1539 1018 44 37 de
1608 1021 203 46 journaler,

213 1079 77 24 som
317 1068 13 34 i
358 1068 204 36 omskrifna
591 1069 227 37 hänseenden
846 1071 96 35 föras
970 1071 62 35 vid
1061 1071 204 44 distrikten,
1294 1072 167 36 insändas
1489 1072 119 49 någon
1637 1074 54 35 tid
1720 1075 92 35 efter

212 1121 348 50 redovisningsårets
592 1124 73 34 slut
696 1123 61 36 till
785 1124 339 36 kammarkontoret
1152 1129 54 32 att
1234 1126 63 35 där
1321 1127 115 47 jämte
1464 1127 224 36 tillhörande
1716 1129 95 35 veri-

212 1175 207 46 fikationer,
462 1189 77 23 som
572 1177 62 36 det
666 1176 140 51 åligger
839 1178 159 36 nämnda
1026 1179 130 36 kontor
1183 1184 54 31 att
1265 1180 223 49 månatligen
1516 1184 196 47 emottaga,
1742 1181 69 37 för-

212 1242 104 23 varas
355 1231 59 35 till
456 1230 80 37 dess
577 1232 292 48 räkenskaperna
897 1233 13 35 i
938 1234 55 34 sin
1033 1233 124 36 helhet
1189 1234 78 36 före
1291 1235 111 35 slutet
1431 1234 39 36 af
1497 1235 151 37 oktober
1676 1235 135 38 månad

212 1283 124 49 hvarje
365 1283 40 37 år
432 1285 60 35 till
521 1285 292 37 kammarrätten
841 1287 177 36 insändas.

319 1337 140 51 Frågan
493 1352 61 23 om
582 1338 211 51 förändring
822 1342 37 35 af
888 1341 60 35 det
975 1341 62 36 vid
1066 1341 242 49 bokföringen
1338 1343 210 48 tillämpade
1576 1344 236 48 littererings-

212 1395 174 46 systemet
415 1393 68 36 har
511 1392 111 38 äfven
650 1396 93 34 varit
770 1394 154 36 föremål
953 1396 57 35 för
1037 1396 348 37 öfverrevisorernas
1414 1398 181 48 pröfning.

319 1445 72 37 För
432 1448 270 36 verkställande
730 1449 37 36 af
795 1450 195 48 utredning
1018 1449 68 36 och
1114 1449 213 50 afgifvande
1355 1450 38 36 af
1419 1450 133 50 förslag
1580 1452 13 36 i
1618 1450 102 50 fråga
1750 1465 61 23 om

212 1513 49 35 ny
303 1501 210 48 litterering
554 1502 37 36 af
631 1502 204 37 inkomster
876 1503 68 36 och
986 1504 153 48 utgifter
1180 1505 60 35 vid
1279 1510 133 31 statens
1443 1506 196 49 järnvägar
1661 1507 151 35 tillsatte

211 1556 349 47 järnvägsstyrelsen
602 1556 70 36 den
717 1559 50 35 20
810 1557 151 36 oktober
1007 1559 97 35 1906
1146 1571 42 23 en
1218 1558 206 45 kommitté,
1452 1559 191 37 bestående
1672 1561 39 35 af
1738 1559 75 38 fem

213 1621 181 35 personer,
437 1610 220 36 tillhörande
699 1611 96 35 olika
837 1611 100 36 delar
974 1610 39 37 af
1043 1611 459 50 järnvägsförvaltningen.
1559 1613 130 49 Enligt
1716 1615 98 35 hvad

213 1663 322 36 öfverrevisorerna
576 1664 190 44 inhämtat,
809 1663 183 38 afslutade
1035 1666 205 36 emellertid
1282 1667 221 35 kommittén
1544 1671 87 33 utan
1660 1669 154 35 resultat

213 1717 79 34 sina
333 1716 148 37 arbeten
524 1718 109 35 redan
677 1731 140 23 samma
854 1718 39 37 år
922 1719 69 36 den
1019 1720 181 36 tillsattes.
1257 1720 126 49 Några
1411 1721 170 48 åtgärder
1608 1720 57 37 för
1694 1722 119 36 denna

212 1768 125 51 frågas
378 1771 199 48 bringande
618 1773 58 35 till
715 1773 142 48 lösning
899 1774 115 44 hafva,
1045 1773 119 36 såvidt
1187 1775 323 36 öfverrevisorerna
1534 1776 144 35 kunnat
1705 1777 110 43 finna,

212 1824 79 36 icke
320 1824 108 36 sedan
458 1825 78 36 dess
563 1825 41 36 af
625 1826 348 49 järnvägsstyrelsen
1003 1827 182 49 vidtagits.

320 1877 75 37 Vid
439 1880 101 36 1909
584 1878 56 38 ärs
668 1880 148 49 riksdag
844 1894 63 22 var
934 1879 127 51 frågan
1091 1895 60 22 om
1180 1895 44 23 en
1252 1882 214 49 förändring
1494 1884 37 34 af
1558 1888 134 31 statens
1717 1884 96 48 järn-

213 1937 131 43 vägars
387 1932 285 50 bokföringssätt
712 1933 152 37 föremål
905 1933 58 37 för
1004 1936 220 48 behandling
1251 1936 13 34 i
1292 1936 197 48 anledning
1530 1936 40 36 af
1600 1950 45 23 en
1673 1938 141 36 motion

211 1986 83 35 med
321 1986 159 36 nämnda
508 1987 104 49 syfte.
667 1989 190 35 Motionen
886 1988 67 48 gaf
978 1988 92 36 dock
1098 1990 32 46 ej
1161 1989 198 49 anledning
1378 1990 57 35 till
1454 1992 119 47 någon
1592 1991 224 49 Riksdagens

211 2041 137 47 åtgärd.
406 2039 17 36 I
451 2043 55 34 ett
547 2041 242 49 underdånigt
817 2042 186 36 utlåtande
1032 2043 38 35 af
1098 2043 69 36 den
1199 2045 46 36 19
1274 2044 150 47 januari
1451 2045 243 36 innevarande
1722 2045 50 46 år,
1802 2046 12 35 i

212 2094 200 49 anledning
440 2093 40 37 af
506 2108 46 23 en
580 2096 38 35 af
642 2096 222 49 Riksdagens
882 2097 175 35 revisorer
1082 2097 10 35 i
1113 2098 192 36 berättelse
1325 2097 103 36 öfver
1446 2099 201 36 verkställd
1667 2100 148 47 gransk-

211 2148 90 48 ning
342 2149 38 34 af
417 2152 136 33 statens
576 2150 283 49 järnvägstrafik
888 2150 116 36 under
1032 2150 39 37 år
1104 2152 98 36 1907
1233 2152 207 36 framställd
1469 2153 241 49 anmärkning
1738 2156 77 34 mot

210 2200 242 51 bokföringen
485 2203 157 36 rörande
675 2205 356 36 centralverkstaden
1060 2207 12 34 i
1102 2197 149 53 Örebro,
1280 2206 65 36 har
1369 2207 347 48 järnvägsstyrelsen
1745 2207 70 37 för-

211 2256 128 45 klarat,
380 2263 53 30 att
472 2270 43 23 en
559 2258 173 48 tidsenlig
774 2259 210 48 förändring
1012 2258 40 36 af
1079 2262 135 34 statens
1240 2260 210 50 järnvägars
1478 2261 79 36 hela
1586 2260 229 50 bokförings-

212 2316 134 43 system
374 2310 73 37 står
474 2310 47 50 på
549 2311 287 50 dagordningen.
