1880 2800
494 148 393 38 Bevillningsutskottets
907 149 217 32 betänkande
1144 160 41 20 nr
1212 152 48 30 57.
1584 146 38 29 21

115 228 78 37 Med
214 236 136 36 hänsyn
367 236 116 29 härtill
503 235 154 37 föreslås,
675 238 50 27 att
743 235 364 36 prövningsnämnden
1126 235 88 30 skall
1231 234 97 31 bestå
1347 244 43 20 av
1407 252 44 3 —
1468 234 153 30 förutom

115 286 236 30 ordföranden
378 303 44 3 —
449 286 105 30 minst
582 287 18 28 4
628 286 66 30 och
722 287 100 35 högst
851 287 19 29 8
898 276 188 39 ledamöter
1117 286 108 35 jämte
1254 285 245 30 motsvarande
1526 284 96 31 antal

116 337 221 36 suppleanter
359 340 90 27 samt
472 340 48 28 att
543 338 56 30 det
622 337 88 31 skall
735 337 190 30 ankomma
950 336 45 37 på
1019 336 122 36 Kungl.
1167 336 101 36 Maj:t
1293 338 48 28 att
1364 336 56 30 för
1445 336 96 36 varje
1564 336 57 29 län

115 388 194 31 bestämma
333 388 55 30 det
409 388 96 30 antal
527 388 198 36 ledamöter,
752 397 75 22 som
848 388 87 30 skall
960 386 79 38 ingå
1061 387 11 30 i
1095 387 376 37 prövningsnämnden.
1501 387 121 30 Därest

116 439 113 30 denna
246 438 116 31 består
378 448 42 21 av
437 439 86 31 blott
550 440 8 29 5
575 439 237 35 medlemmar,
830 440 85 29 böra
932 438 158 36 samtliga
1107 439 99 30 dessa
1224 438 83 30 eller
1324 438 97 30 deras
1438 438 183 36 supplean-

115 493 51 26 ter
185 499 83 21 vara
288 490 217 30 närvarande
527 490 54 30 för
604 493 47 27 att
673 490 176 30 nämnden
867 490 88 31 skall
975 499 81 21 vara
1077 489 179 31 beslutför.
1282 489 142 36 Utgöres
1446 489 175 29 nämnden

115 550 42 21 av
180 542 109 29 större
313 542 94 29 antal
429 542 234 33 medlemmar,
690 541 97 31 torde
809 541 54 30 för
885 541 227 30 beslutförhet
1135 541 76 30 icke
1235 540 119 30 kunna
1376 540 126 30 krävas
1527 548 94 21 mera

116 593 43 29 än
177 595 49 27 att
243 592 236 30 ordföranden
497 592 65 30 och
579 593 20 29 4
616 592 190 30 ledamöter
820 593 82 29 eller
921 592 220 36 suppleanter
1157 592 60 29 äro
1236 591 175 30 tillstädes.

160 643 13 30 I
199 644 40 29 97
268 643 18 37 8
313 643 64 30 har
405 643 138 36 intagits
569 653 43 20 en
638 643 242 30 bestämmelse
904 652 58 21 om
989 646 50 26 att
1065 643 87 29 efter
1179 642 257 35 framställning
1463 651 42 20 av
1531 642 89 29 läns-

116 694 322 36 prövningsnämnd
462 694 122 36 Kungl.
611 694 101 36 Maj:t
733 695 81 35 äger
837 693 167 37 medgiva,
1026 696 50 27 att
1098 695 10 29 i
1134 694 67 34 län,
1227 693 62 30 där
1310 693 80 30 med
1412 693 137 36 hänsyn
1571 692 51 29 till

116 745 191 31 ärendenas
333 745 94 30 antal
451 744 40 31 så
516 745 113 30 finnes
654 744 228 36 erforderligt,
909 745 175 29 nämnden
1111 744 276 30 sammanträder
1415 742 20 31 å
1463 744 18 28 2
1508 743 113 30 avdel-

114 795 133 37 ningar,
269 797 144 29 vardera
434 795 184 31 bestående
638 805 42 21 av
699 796 324 30 landskamreraren
1043 794 115 32 såsom
1177 794 212 31 ordförande
1407 794 66 30 och
1492 794 19 29 4
1530 794 91 30 leda-

115 848 119 29 möter.
263 847 244 30 Motsvarande
531 847 178 30 föreskrift
736 846 178 37 angående
939 846 504 36 fastighetsprövningsnämnd
1470 845 113 30 finnes
1611 844 12 33 i

117 899 39 29 72
183 899 18 36 8
224 900 18 28 2
268 907 104 21 mom.

160 949 12 29 I
192 949 177 30 motionen
389 950 27 29 I:
432 950 63 29 335
515 950 63 29 har
597 950 128 35 yrkats,
745 952 48 28 att
814 950 200 29 nuvarande
1033 950 129 29 antalet
1181 949 188 29 ledamöter
1391 949 10 29 i
1421 947 200 37 prövnings-

115 1000 176 29 nämnden
312 998 211 31 bibehålles..
546 999 65 30 Till
631 1000 77 30 stöd
730 999 120 30 härför
871 1000 63 29 har
955 998 210 32 framhållits
1186 999 107 31 bland
1315 1001 115 33 annat,
1453 1001 48 28 att
1522 999 99 35 pröv-

116 1050 278 36 ningsnämnden
412 1051 108 30 borde
539 1060 81 21 vara
638 1052 160 29 utrustad
817 1051 78 29 med
915 1053 47 27 ett
977 1050 111 31 starkt
1107 1050 67 31 och
1195 1049 209 37 mångsidigt
1421 1049 200 30 lekmanna-

115 1102 146 29 element
280 1104 89 27 samt
390 1104 49 27 att
458 1103 55 29 det
530 1102 12 32 i
561 1101 260 36 propositionen
841 1102 196 35 föreslagna
1055 1102 129 29 antalet
1201 1101 190 30 ledamöter
1410 1100 75 30 icke
1501 1101 11 29 i
1531 1100 91 30 detta

115 1152 199 30 hänseende
331 1152 117 31 kunde
467 1161 42 28 ge
525 1162 135 21 samma
680 1153 142 30 resultat
840 1162 77 21 som
935 1153 55 31 det
1010 1153 202 29 nuvarande
1234 1152 137 30 antalet.

161 1203 171 31 Utskottet
356 1203 116 30 finner
499 1203 11 30 i
535 1204 109 29 likhet
669 1205 80 29 med
777 1203 380 36 departementschefen
1185 1203 55 29 det
1267 1203 201 30 nuvarande
1495 1202 128 30 antalet

115 1253 189 32 ledamöter
331 1255 10 30 i
368 1255 365 36 prövningsnämnden
762 1255 118 30 alltför
908 1258 86 27 stort
1022 1254 54 30 för
1104 1257 49 27 att
1181 1254 176 29 nämnden
1388 1253 88 31 skall
1504 1253 118 30 kunna

116 1305 145 37 fungera
279 1305 182 31 rationellt.
483 1305 49 31 På
550 1307 112 35 grund
684 1306 108 30 härav
813 1306 67 30 kan
901 1306 164 30 utskottet
1085 1305 77 31 icke
1181 1305 172 36 tillstyrka
1373 1304 99 30 bifall
1495 1304 51 31 till
1568 1304 55 29 det

113 1357 12 31 i
153 1357 247 30 ovannämnda
426 1357 131 30 motion
582 1357 220 30 framställda
827 1357 179 36 yrkandet.
1033 1356 52 30 Då
1112 1357 56 30 det
1195 1355 190 31 emellertid
1411 1355 94 30 inom
1532 1355 91 30 vissa

117 1408 56 29 län
200 1408 71 29 kan
295 1407 84 31 råda
403 1408 93 30 olika
522 1407 244 31 förhållanden
793 1408 94 30 inom
913 1407 111 30 skilda
1048 1408 96 29 delar
1168 1417 43 20 av
1235 1408 102 34 länet,
1363 1406 66 30 har
1451 1406 95 29 inom
1570 1409 50 26 ut-

116 1459 125 29 skottet
271 1476 45 2 —
343 1459 79 29 med
450 1459 137 36 hänsyn
616 1458 49 30 till
694 1459 197 36 betydelsen
921 1468 41 20 av
990 1461 49 27 att
1067 1458 108 30 lokal-
1204 1458 65 29 och
1296 1456 326 37 personkännedom

118 1509 112 31 finnes
256 1509 178 30 företrädd
460 1510 95 29 inom
582 1509 375 37 prövningsnämnden,
985 1509 10 29 i
1022 1509 65 30 den
1113 1508 84 30 mån
1223 1507 37 31 så
1285 1508 87 30 låter
1396 1508 51 35 sig
1472 1508 82 35 göra
1579 1524 44 3 —

114 1559 208 37 ifrågasatts,
344 1560 172 31 huruvida
537 1561 74 29 icke
633 1560 180 39 möjlighet
835 1560 116 30 kunde
970 1560 143 31 beredas
1135 1559 56 30 för
1214 1559 122 36 Kungl.
1362 1558 101 36 Maj:t
1481 1560 58 33 att,
1560 1559 63 28 när

114 1610 39 31 så
182 1611 158 30 befinnes
370 1610 164 37 påkallat,
562 1611 85 30 efter
676 1611 129 36 förslag
832 1622 41 20 av
901 1611 245 37 länsstyrelsen
1173 1610 67 30 öka
1268 1609 128 31 antalet
1424 1609 197 30 ledamöter.

117 1662 171 30 Utskottet
309 1663 65 29 har
394 1662 55 31 vid
471 1663 239 35 övervägande
728 1663 109 30 härav
857 1663 106 29 likväl
984 1662 126 36 funnit,
1131 1664 50 27 att
1205 1661 55 30 det
1284 1661 173 35 knappast
1479 1661 38 29 är
1536 1659 86 38 möj-

116 1714 59 35 ligt
198 1717 49 26 att
268 1713 47 36 på
334 1715 113 29 denna
468 1715 64 35 väg
554 1714 130 30 tillföra
707 1713 364 37 prövningsnämnden
1092 1712 104 37 något
1217 1713 108 30 större
1345 1710 87 32 mått
1453 1721 42 20 av
1515 1711 106 30 lokal-

115 1764 65 30 och
201 1765 336 35 personkännedom.
558 1764 67 30 För
646 1765 173 30 vinnande
839 1774 41 20 av
903 1763 107 32 sådan
1032 1764 199 29 kännedom
1249 1772 101 27 synes
1368 1762 107 36 enligt
1492 1762 129 30 utskot-

117 1817 63 28 tets
205 1815 140 36 mening
368 1815 9 29 i
399 1816 114 29 stället
538 1816 84 30 böra
648 1816 171 35 begagnas
844 1816 65 29 den
934 1816 9 29 i
969 1815 260 36 propositionen
1257 1814 164 30 anvisade
1446 1812 176 39 möjlighe-

118 1869 65 31 ten,
214 1869 49 26 att
289 1866 148 29 medlem
469 1876 42 20 av
543 1866 258 30 vederbörande
830 1866 306 35 taxeringsnämnd
1166 1865 149 30 inkallas
1344 1864 49 29 till
1423 1863 201 36 prövnings-

116 1917 193 29 nämndens
333 1917 257 29 sammanträde
611 1916 54 30 för
687 1917 186 29 lämnande
895 1926 41 20 av
957 1916 223 35 erforderliga
1202 1915 261 36 upplysningar.
1488 1914 134 29 Utskot-

117 1969 43 26 tet
186 1966 183 35 tillstyrker
392 1966 129 29 således
545 1966 259 35 propositionen
827 1966 8 29 i
860 1966 112 29 denna
996 1966 62 29 del.

163 2058 120 31 Såsom
306 2069 89 20 ovan
417 2060 138 29 nämnts
577 2059 144 31 föreslås
746 2060 9 29 i
779 2059 268 36 propositionen,
1071 2062 47 27 att
1141 2059 190 30 ledamöter
1353 2059 65 29 och
1443 2058 181 36 supplean-

120 2111 48 27 ter
188 2111 8 28 i
218 2110 329 35 prövningsnämnd,
566 2120 76 20 som
664 2111 55 29 för
737 2111 216 29 närvarande
977 2111 180 29 förordnas
1178 2120 41 20 av
1244 2110 251 36 länsstyrelsen,
1518 2109 10 29 i
1545 2109 79 30 stäl-

117 2159 43 30 let
196 2160 97 29 skola
326 2163 91 26 utses
450 2170 42 19 av
525 2161 121 34 Kungl.
671 2160 109 36 Maj:t.
818 2162 9 28 I
851 2161 251 29 administrativ
1126 2161 148 35 ordning
1297 2169 96 21 avses
1415 2160 98 29 skola
1536 2160 86 29 före-

116 2210 145 33 skrivas,
287 2214 46 25 att
358 2211 217 36 länsstyrelse
601 2212 87 28 skall
715 2211 121 35 avgiva
860 2212 127 34 förslag
1011 2212 71 30 dels
1108 2211 177 35 angående
1308 2212 55 28 det
1390 2212 93 29 antal
1510 2220 114 26 perso-

118 2269 69 25 ner,
212 2270 105 20 varav
340 2261 364 35 prövningsnämnden
728 2262 85 29 skall
837 2261 105 35 bestå,
967 2262 70 29 dels
1060 2262 64 29 ock
1148 2261 19 30 å
1191 2271 173 25 personer,
1390 2262 163 35 lämpliga
1575 2264 49 27 alt

118 2309 113 30 såsom
257 2311 186 29 ledamöter
466 2312 65 29 och
555 2312 222 35 suppleanter
799 2312 132 35 deltaga
956 2312 8 29 i
989 2313 193 29 nämndens
1206 2313 125 28 arbete.
1358 2311 267 35 Ifrågavarande

117 2360 148 35 ändring
291 2362 64 28 har
379 2361 180 30 föranletts
581 2372 41 19 av
646 2372 41 20 en
713 2363 134 28 önskan
872 2365 47 27 att
944 2362 77 35 giva
1048 2363 576 35 prövningsnämndsledamöterna

116 2420 41 20 en
181 2420 94 20 mera
297 2411 225 36 självständig
543 2412 162 36 ställning
732 2414 6 28 i
764 2413 216 30 förhållande
1005 2413 45 29 till
1073 2413 336 34 landskamreraren,
1432 2413 114 29 vilken
1569 2413 55 29 det

117 2461 120 31 hiltills
259 2461 109 36 ålegat
392 2466 48 26 att
462 2463 62 29 hos
547 2463 240 36 länsstyrelsen
814 2464 177 34 föredraga
1016 2464 150 29 ärenden
1191 2463 177 36 angående
1390 2463 234 30 förordnande

117 2522 41 19 av
181 2512 188 30 ledamöter
392 2513 6 29 i
422 2514 375 35 prövningsnämnden.
