1860 2782
439 173 119 30 Andra
583 172 244 40 lagutskottets
853 171 179 30 utlåtande
1056 180 43 20 nr
1122 171 40 29 26
1186 170 39 30 år
1250 170 83 30 1957
1602 171 18 29 9

178 254 175 29 Utskottet
372 254 62 28 har
452 253 57 29 vid
529 253 53 29 sin
601 252 215 39 granskning
836 261 40 20 av
896 252 41 30 de
956 259 125 31 genom
1100 250 217 40 proposition
1337 250 195 39 framlagda
1551 250 69 39 lag-

134 307 175 38 förslagen
334 306 75 30 icke
433 306 119 29 funnit
576 305 187 39 anledning
787 305 49 29 till
864 305 140 29 erinran
1030 306 72 27 mot
1127 304 179 29 desamma
1331 304 64 29 och
1421 303 54 30 får
1500 303 120 30 därför

133 359 194 35 hemställa,

486 415 51 27 att
553 413 186 38 riksdagen
756 412 108 30 måtte
881 411 119 30 bifalla
1019 410 227 30 förevarande
1263 410 226 40 proposition,
1508 420 41 20 nr
1568 410 51 29 85.

177 467 202 30 Stockholm
401 467 66 29 den
490 467 39 29 25
553 467 87 39 april
666 466 80 30 1957

565 547 47 29 På
635 546 108 30 andra
767 546 246 39 lagutskottets
1037 546 145 38 vägnar:

671 626 137 29 EDVIN
827 625 250 30 JACOBSSON

179 833 63 29 Vid
265 833 95 29 detta
383 832 145 30 ärendes
554 830 210 40 behandling
785 830 66 30 har
873 830 156 30 närvarit

176 904 79 29 från
294 903 166 30 första
497 903 221 29 kammaren:
759 902 81 29 herr
879 902 84 29 Axel
991 901 37 29 E.
1058 901 182 33 Svensson,
1268 900 57 30 fru
1354 900 180 39 Carlqvist,
1563 900 57 29 fru

133 949 181 33 Svenson",
337 949 121 28 herrar
480 948 104 33 Huss,
607 947 281 33 Mannerskantz,
911 945 197 34 Grönkvist,
1131 945 58 30 fru
1212 945 320 30 Hamrin-Thorell”
1556 945 64 29 och

131 994 80 28 herr
232 993 86 30 Lars
341 993 166 34 Larsson;

177 1038 78 29 från
322 1037 122 30 andra
476 1037 222 29 kammaren:
722 1036 122 29 herrar
866 1036 193 29 Jacobsson
1081 1036 11 28 i
1115 1035 104 34 Tobo,
1243 1034 140 30 Nilsson
1407 1035 10 28 i
1440 1034 179 39 Göteborg,

134 1082 106 34 Odhe,
268 1082 164 30 Carlsson
457 1082 11 29 i
494 1081 169 34 Bakeröd,
691 1080 127 31 fröken
845 1080 117 39 Höjer,
990 1080 124 29 fröken
1144 1079 148 34 Sandell,
1321 1079 125 30 fröken
1473 1079 148 30 Wetter-

135 1128 124 28 ström”
282 1127 65 29 och
368 1127 80 29 herr
468 1126 200 30 Johansson
689 1126 10 29 i
720 1125 232 40 Norrköping.

176 1228 13 14 x
210 1228 33 29 Ej
266 1228 177 23 närvarande
463 1227 49 24 vid
532 1226 176 25 utlåtandets
726 1226 147 31 justering.

137 2375 35 28 2
168 2365 36 51 --
224 2374 135 38 Bihang
380 2373 51 29 till
451 2372 203 38 riksdagens
673 2371 177 39 protokoll
873 2370 92 30 1957.
986 2371 19 28 9
1025 2369 99 30 saml.
1146 2370 19 29 2
1185 2370 75 29 avd.
1281 2369 48 29 Nr
1348 2369 41 29 26

699 2522 54 13 IDUNS
765 2522 96 14 TRYCKERI,
875 2521 83 14 ESSELTE,
970 2521 60 13 STHLM
1043 2521 20 13 97

830 2555 77 15 704987
