2220 2632
405 204 18 29 2
892 203 213 38 Lagutskottets
1133 202 151 30 Utlåtande
1305 202 56 30 N:e
1384 202 50 30 31.

363 280 145 48 illoja!a
546 280 286 37 konkurrensen
876 279 60 37 för
968 278 306 49 tillgodoseende
1302 278 12 36 i
1341 278 221 38 hufvudsak
1590 278 41 37 af
1655 279 47 36 de
1733 279 231 49 önsknings-

364 331 87 48 mål,
481 344 82 23 som
592 330 225 37 framhållits
845 330 12 37 i
880 328 475 39 kommittébetänkandet.

499 381 83 36 Den
621 380 264 49 underdåniga
913 380 233 37 skrifvelsen
1174 379 267 38 remitterades
1469 379 57 37 till
1554 380 407 49 kommerskollegium

363 432 88 37 med
494 431 188 38 anmodan
725 437 66 42 att,
834 431 119 37 sedan
980 430 151 37 tillfälle
1158 430 166 37 lämnats
1353 430 182 49 Sveriges
1564 430 192 38 allmänna
1784 431 178 37 handels-

362 482 181 49 förening
584 487 54 32 att
673 487 104 45 yttra
817 482 62 48 sig
918 481 108 37 öfver
1057 480 347 49 framställningen,
1433 480 146 49 afgifva
1607 487 91 43 eget
1724 481 198 38 utlåtande
1950 482 13 37 i

363 533 172 37 ärendet.

498 583 178 37 Härefter
707 583 206 49 återgifver
932 582 241 38 motionären
1193 583 72 36 dels
1280 582 66 37 det
1360 581 42 38 af
1412 582 168 37 nämnda
1597 582 367 49 handelsförenings

364 634 405 49 förvaltningsutskott
796 635 12 35 i
837 634 116 37 slutet
981 633 41 37 af
1047 636 40 34 år
1116 635 97 35 1898
1237 633 12 37 i
1277 633 119 37 saken
1425 632 151 49 afgifna
1602 632 260 48 betänkande,
1890 635 73 36 dels

364 687 61 36 ock
452 685 354 48 kommerskollegii
835 684 75 38 den
938 687 46 34 27
1015 683 211 38 november
1257 685 95 35 1900
1379 684 11 36 i
1410 683 161 37 ärendet
1591 683 147 49 afgifna
1752 683 210 38 utlåtande.

496 736 241 37 Motionären
776 735 187 50 åberopar
1002 734 131 38 vidare
1175 739 55 31 ett
1270 734 12 36 i
1324 734 183 49 Sveriges
1549 734 194 37 allmänna
1783 734 181 37 handels-

363 787 198 48 förenings
600 786 271 38 årsberättelse
909 785 58 37 till
994 790 120 32 mötet
1146 784 6 37 i
1181 783 108 38 Gäfle
1319 787 94 35 1901
1444 784 43 37 af
1510 785 454 49 förvaltningsutskottet

362 838 12 36 i
402 838 210 47 anledning
639 837 42 37 af
705 836 361 46 kommerskollegii
1093 835 168 38 berörda
1287 835 196 37 utlåtande
1509 835 134 50 gjordt
1669 835 211 38 uttalande.

496 888 191 49 Slutligen
716 892 225 32 omnämner
964 886 253 45 motionären,
1246 891 55 32 att
1329 886 196 48 åtskilliga
1548 886 416 50 köpmansföreningar

362 940 13 36 i
416 938 224 38 Stockholm
680 939 12 36 i
727 938 211 37 november
967 939 95 35 1903
1090 937 73 37 hos
1191 936 142 49 Kungl.
1362 936 110 48 Maj:t
1497 937 250 49 petitionerat
1774 938 10 35 i
1814 937 147 49 frågan.

496 989 110 38 Efter
633 988 127 39 denna
787 988 250 50 redogörelse
1064 987 59 38 för
1150 987 103 37 hvad
1280 987 12 37 i
1311 988 163 36 ärendet
1492 987 137 37 hittills
1649 987 130 38 blifvit
1793 988 171 47 åtgjordt

362 1061 48 4 —
439 1041 13 36 i
492 1040 108 49 fråga
631 1053 62 23 om
721 1039 158 38 hvilken
905 1038 273 49 redogörelses
1207 1043 175 32 närmare
1410 1038 171 36 innehåll
1608 1038 191 37 utskottet
1821 1038 143 37 tillåter

362 1092 61 48 sig
469 1096 55 32 att
562 1091 57 36 till
642 1091 195 37 motionen
864 1090 162 36 hänvisa
1052 1108 51 5 —
1129 1089 179 48 öfvergår
1331 1088 240 37 motionären
1599 1089 60 36 till
1686 1089 278 37 framhållande

361 1144 42 35 af
439 1155 48 24 en
529 1141 63 38 del
628 1141 192 37 särskilda
852 1140 241 49 synpunkter
1120 1139 66 37 vid
1214 1139 262 37 bedömandet
1504 1139 41 36 af
1567 1139 233 49 spörsmålet
1828 1153 61 24 om
1915 1154 48 23 en

360 1192 245 49 lagstiftning
632 1197 80 32 mot
739 1191 121 49 illojal
876 1191 254 37 konkurrens.
1177 1190 18 36 I
1218 1189 135 37 sådant
1378 1189 183 37 afseende
1582 1190 109 37 anför
1705 1190 260 37 motionären:

493 1243 94 37 »Det
614 1243 75 36 kan
705 1242 186 49 möjligen
907 1254 117 37 synas
1041 1240 278 49 egendomligt,
1337 1245 56 32 att
1407 1240 147 37 motion
1566 1254 51 23 nu
1633 1241 138 37 väckts
1786 1241 13 36 i
1815 1241 148 48 frågan,

361 1294 48 36 då
450 1297 41 34 så
528 1293 160 49 nyligen
717 1306 83 24 som
830 1292 176 37 sistlidne
1035 1293 183 36 november
1245 1291 93 36 flera
1366 1291 417 49 köpmansföreningar
1810 1292 154 50 petitio-

359 1351 110 31 nerat
507 1345 69 36 hos
616 1344 144 48 Kungl.
793 1343 107 49 Maj:t
927 1343 12 36 i
968 1342 171 47 ärendet,
1165 1355 88 24 men
1281 1345 21 34 å
1330 1341 118 37 andra
1476 1341 110 37 sidan
1615 1341 56 37 får
1699 1342 65 37 det
1791 1342 172 47 beaktas,

360 1401 55 31 att
442 1410 46 23 en
517 1395 164 48 tidigare
709 1393 245 49 underdånig
981 1392 286 48 framställning
1294 1417 48 4 —
1366 1392 76 37 den
1459 1392 43 37 af
1513 1392 451 38 manufakturhandlare-

359 1446 230 48 föreningen
624 1449 40 33 år
698 1447 96 35 1898
823 1444 223 37 framburna
1072 1463 50 6 —
1144 1443 86 37 icke
1254 1443 98 37 efter
1383 1441 84 48 17!/,
1498 1446 60 34 års
1586 1443 282 38 förberedande
1898 1444 65 37 be-

359 1497 188 48 handling
575 1496 78 37 Jedt
681 1496 59 36 till
768 1499 120 44 något
915 1508 81 24 som
1026 1495 102 36 helst
1155 1494 172 46 resultat,
1356 1494 214 47 hvarjämte
1599 1493 65 38 det
1691 1494 63 37 väl
1774 1494 56 38 får
1845 1508 116 24 anses

359 1548 205 49 antagligt,
605 1552 67 42 att,
714 1547 131 36 därest
886 1545 74 37 den
987 1558 51 24 nu
1068 1550 133 32 senast
1227 1545 58 36 till
1309 1545 142 48 Kungl.
1481 1544 107 49 Maj:t
1614 1544 183 38 inkomna
1824 1545 138 37 under-

359 1598 142 49 dåniga
541 1597 229 37 hemställan
812 1596 215 37 remitteras
1068 1596 57 36 till
1159 1595 408 49 kommerskollegium
1595 1596 60 36 för
1681 1595 203 50 yttrandes
1909 1595 53 37 af-

358 1649 195 47 gifvande,
574 1649 224 36 densamma
818 1646 199 37 därstädes
1032 1646 77 37 kan
1126 1645 120 37 blifva
1260 1645 162 37 föremål
1439 1645 58 37 för
1512 1645 181 38 liknande
1709 1646 252 48 afstyrkande

359 1713 82 23 som
476 1700 73 36 den
577 1699 100 37 förra
705 1697 353 49 framställningen,
1087 1697 71 36 och
1189 1695 104 37 detta
1320 1696 191 37 måhända
1537 1696 112 37 desto
1678 1709 171 35 snarare,
1878 1709 82 24 som

358 1750 76 37 den
463 1750 71 37 sist
560 1750 149 48 ingifna
735 1749 213 50 petitionen
976 1761 80 35 nog
1083 1747 56 36 lär
1165 1746 12 37 1
1205 1746 104 37 vissa
1324 1746 161 49 detaljer
1498 1749 50 46 gå
1563 1747 147 48 längre,
1726 1752 50 31 än
1791 1760 87 24 man
1894 1747 69 36 har

357 1800 263 51 förhoppning
661 1814 62 23 om
764 1805 56 32 att
862 1799 129 36 kunna
1031 1799 37 35 få
1108 1797 172 49 inrymdt
1319 1797 13 36 i
1360 1810 48 24 en
1436 1797 247 49 lagstiftning
1711 1803 104 32 emot
1841 1798 120 47 illojal

358 1852 252 37 konkurrens.

492 1902 57 37 Då
576 1902 65 36 det
668 1901 198 37 dessutom
896 1901 70 36 bör
992 1905 111 43 tagas
1130 1898 59 38 för
1217 1898 134 50 gifvet,
1371 1903 56 32 att
1446 1898 142 49 Kungl.
1609 1899 109 49 Maj:t
1733 1899 88 37 med
1839 1905 122 31 större

357 1954 140 36 lätthet
524 1954 75 36 kan
626 1952 212 37 intressera
867 1951 61 49 sig
955 1951 60 36 för
1042 1949 82 37 dels
1152 1949 215 49 lagförslag
1394 1949 12 36 i
1434 1949 164 37 berörda
1626 1950 102 49 syfte
1757 1956 98 31 samt
1878 1950 85 37 dels

358 2006 59 35 för
445 2005 105 36 vissa
577 2003 158 37 därmed
763 2000 380 49 sammanhängande
1172 1999 289 49 lagändringar,
1490 2014 60 23 om
1570 2001 144 48 Kungl.
1732 2000 106 49 Maj:t
1854 2000 109 37 dess-

356 2055 180 37 förinnan
579 2055 57 36 får
675 2053 151 38 tillfälle
869 2057 55 32 att
963 2052 124 37 erfara
1128 2050 245 49 Riksdagens
1415 2051 138 37 tankar
1579 2051 13 36 1
1619 2051 150 48 frågan,
1798 2052 70 36 har
1895 2051 69 48 jag

354 2111 103 41 trott,
501 2111 56 32 att
597 2118 47 24 en
685 2104 148 38 motion
873 2103 129 36 kunde
1048 2115 91 24 vara
1172 2102 58 36 för
1257 2101 181 37 ärendets
1466 2100 132 38 vidare
1621 2102 240 47 behandling
1888 2101 74 37 och

353 2156 213 49 utredning
592 2155 200 49 gagnelig.
