1872 2782
233 200 18 29 8
532 197 119 30 Andra
674 196 245 40 lagutskottets
943 195 177 30 utlåtande
1142 204 44 20 nr
1207 195 41 29 48
1270 194 39 30 år
1333 194 83 29 1966

391 278 225 35 (Nuvarande
642 276 146 40 lydelse)

233 341 176 30 särskilda
439 339 289 41 befälsövningar,
758 347 105 21 envar
892 346 54 21 om

232 395 135 39 femton
388 394 116 39 dagar.

280 501 49 28 F.1
360 501 194 38 Konungen
585 500 82 38 äger
695 498 166 40 förordna
893 506 56 20 om

234 553 205 39 minskning
460 562 41 20 av
524 552 92 30 tiden
638 552 56 39 för
716 550 233 40 tjänstgöring

235 607 106 39 enligt
360 607 94 29 detta
472 607 156 28 moment
645 623 44 3 —
707 605 88 29 dock
814 604 75 29 icke
908 612 42 20 av

236 660 50 30 tid
313 660 56 39 för
397 658 375 41 repetitionsövningar
800 658 64 29 och
896 657 54 29 be-

239 712 236 39 fälsövningar
489 731 43 2 —
546 712 80 29 med
641 712 102 39 högst
757 711 58 39 sju
831 710 118 38 dagar,

235 766 106 30 såvitt
359 775 101 21 avser
478 775 104 20 envar
600 774 43 21 av
661 765 40 29 de
720 764 11 30 i
747 764 126 30 A.—D.
892 772 61 20 an-

235 819 103 40 givna
366 818 365 40 utbildningstiderna.
755 817 199 31 Härutöver

236 874 80 38 äger
336 873 196 39 Konungen
553 872 167 40 förordna
742 881 55 20 om
818 870 135 30 minsk-

236 927 84 39 ning
341 935 43 21 av
406 926 73 30 dels
503 926 93 29 tiden
617 925 58 40 för
694 925 110 40 första
828 924 125 39 tjänst-

236 979 123 40 göring
383 979 107 39 enligt
512 979 39 30 A.
575 979 38 34 a)
640 978 80 30 med
741 978 102 39 högst
866 977 88 40 fjor-

239 1035 58 28 ton
338 1033 117 39 dagar,
497 1032 72 30 dels
612 1032 94 29 tiden
746 1032 54 39 för
840 1031 112 40 första

238 1086 235 39 tjänstgöring
492 1086 55 39 för
566 1085 211 39 värnpliktig
798 1083 157 31 tilldelad

236 1139 132 37 armén,
386 1148 75 21 som
481 1139 143 39 uttagits
641 1139 55 39 för
714 1137 239 40 underbefäls-

239 1192 207 40 utbildning,
464 1193 80 29 med
559 1192 103 39 högst
678 1192 58 39 sju
753 1192 117 39 dagar.

280 1247 113 29 Sättet
421 1246 56 39 för
505 1245 220 40 fullgörande
755 1254 41 21 av
827 1244 126 39 tjänst-

237 1299 122 40 göring
383 1299 106 39 enligt
512 1299 93 29 detta
627 1300 156 28 moment
806 1298 149 30 bestäm-

237 1362 73 20 mes
336 1362 43 20 av
403 1353 206 38 Konungen.
635 1353 16 28 I
676 1351 277 40 tjänstgöringen

238 1406 100 30 skola
371 1406 167 30 inräknas
570 1405 89 30 tider
688 1405 56 40 för
773 1405 182 29 vederbör-

238 1459 90 39 ligen
378 1459 200 39 anbefallda
629 1458 325 39 övningsuppehåll.

235 1513 198 38 Konungen
451 1513 80 39 äger
549 1513 192 29 bestämma
759 1514 51 28 att
828 1512 126 38 tjänst-

236 1566 168 39 göringen
422 1566 91 30 skall
527 1566 171 39 fullgöras
715 1565 11 30 i
741 1574 117 21 annan
876 1564 77 30 ord-

236 1619 84 39 ning
340 1620 45 29 än
406 1620 10 28 i
434 1619 93 30 detta
545 1620 158 28 moment
720 1619 89 39 sägs.
828 1618 125 29 Första

240 1673 234 39 tjänstgöring
506 1672 63 30 och
603 1672 233 39 tjänstgöring
869 1672 10 29 i
911 1680 42 20 en

237 1725 91 40 följd
350 1726 101 30 skola
476 1728 76 37 taga
575 1727 55 28 sin
656 1726 122 38 början
802 1725 75 39 före
902 1726 52 27 ut-

236 1779 136 39 gången
396 1788 42 21 av
463 1779 109 39 tredje
596 1779 75 30 året
694 1779 87 39 efter
805 1777 149 30 inskriv-

237 1832 190 39 ningsåret.

281 1885 348 40 Repetitionsövning
650 1886 58 29 må
729 1885 84 37 icke,
836 1885 63 29 där
921 1885 34 37 ej

237 1939 197 39 Konungen
455 1939 116 39 finner
591 1938 121 40 nödigt
733 1940 51 28 att
804 1938 56 40 för
881 1937 73 29 sär-

237 1991 115 31 skilda
371 1992 65 39 fall
453 1991 221 31 annorlunda
692 1991 178 40 förordna,
889 1991 65 38 äga

237 2054 78 20 rum
336 2045 58 30 vid
412 2045 411 40 infanteriregementena
843 2044 112 30 under

239 2098 94 30 tiden
357 2098 81 40 från
464 2099 63 30 och
552 2099 81 29 med
656 2098 65 30 den
747 2099 37 29 11
809 2097 69 40 juli
903 2097 52 29 till

238 2152 63 29 och
325 2152 82 30 med
430 2152 65 29 den
519 2152 38 30 31
584 2151 150 40 augusti.

1163 274 225 39 (Föreslagen
1415 273 146 39 lydelse)

738 2276 32 30 3.
787 2274 167 31 Särskilda
969 2273 262 32 bestämmelser?

285 2356 38 29 A.
349 2356 136 34 Därest,
502 2355 44 40 på
795 2373 45 3 —

1030 2372 45 4 —
1090 2355 65 40 äga
1172 2363 89 21 rum.

284 2409 39 30 D.
349 2409 75 30 Har
444 2409 215 40 värnpliktig

255 2490 10 15 2
286 2491 131 23 Punkten
430 2490 22 24 F
465 2491 145 30 upphäves
623 2496 97 25 genom
734 2490 79 30 lagen

255 2535 10 14 2
283 2530 162 35 Ändringen
457 2535 115 24 innebär
586 2536 44 23 att
643 2535 127 30 punkten
783 2535 23 24 E
820 2535 146 30 upphäves

1056 2426 45 3 —
1111 2426 46 4 —
1169 2408 66 30 ock
1258 2408 206 39 Konungen.
