2198 2624
421 162 20 29 4
807 160 360 41 Bevillningsutskottets
1190 159 195 32 betänkande
1408 159 51 32 Nr
1482 161 51 30 55.

374 238 407 48 befallningshavande
822 238 95 36 låter
944 238 68 35 hos
1040 237 140 36 honom
1209 241 143 32 utmäta
1380 238 218 36 detsamma.
1655 236 116 37 Beror
1798 237 173 59 uppskov

375 294 47 46 på
462 263 312 93 olyckshändelse
820 289 90 36 eller
951 302 123 22 annan
1116 283 295 73 omständighet,
1453 294 157 31 varöver
1651 287 243 39 tillverkaren
1936 290 32 48 ej

376 344 143 34 kunnat
560 341 103 47 råda,
705 343 61 34 må
806 340 353 49 kontrollstyrelsen
1201 339 129 36 kunna
1370 343 48 45 på
1459 340 218 48 ansökning
1704 339 179 48 medgiva
1910 341 60 37 be-

376 394 124 36 frielse
531 393 82 36 från
641 366 232 79 skyldighet,
904 405 80 23 som
1013 391 156 49 stadgas
1198 392 11 35 i
1239 391 101 36 detta
1368 405 112 24 mom.

504 448 33 33 2.
594 445 79 35 Har
713 444 120 36 under
870 444 73 35 den
971 443 58 37 del
1058 457 46 22 av
1133 446 91 44 året,
1253 442 127 37 arbete
1407 443 12 35 i
1447 444 173 37 fabriken
1648 443 122 48 enligt
1797 445 174 35 anmälan

375 498 171 47 fortgått,
575 496 83 36 icke
687 496 63 36 vid
778 495 172 36 fabriken
974 495 212 36 tillverkats
1205 495 12 35 i
1237 495 173 36 medeltal
1430 495 187 38 femtusen
1638 495 185 49 kilogram
1843 495 129 37 socker

376 549 57 35 för
460 549 104 48 varje
593 547 176 49 helgfritt
796 547 117 49 dygn,
943 547 145 48 åligger
1117 547 63 35 det
1207 546 182 36 likaledes
1418 547 242 37 tillverkaren
1680 552 54 31 att
1752 546 58 36 till
1830 546 139 48 Kungl.

376 600 124 48 Maj:ts
534 599 405 48 befallningshavande
968 598 164 37 inbetala
1160 598 84 36 hela
1273 598 62 36 det
1364 597 115 37 förste
1506 598 208 37 kontrollör
1740 597 71 38 och
1840 598 133 48 övriga

377 651 251 37 kontrollörer
655 651 62 36 vid
748 650 172 37 fabriken
940 650 284 36 tillkommande
1244 649 150 46 arvode,
1415 649 64 36 vid
1503 655 172 44 äventyr,
1697 664 59 23 om
1777 649 196 48 betalning

375 704 32 49 ej
451 703 96 47 sker,
590 708 55 31 att
679 702 141 49 Kungl.
852 702 126 49 Maj:ts
1006 701 406 49 befallningshavande
1439 701 95 36 låter
1562 701 69 37 hos
1660 702 140 36 honom
1829 705 144 32 utmäta

375 755 217 36 detsamma.

1119 842 46 34 25
1200 839 30 49 8.

508 912 14 33 1.
593 903 295 43 Överinseendet
926 931 49 4 —
1011 931 49 4 —
1103 932 41 3 —
1185 931 49 4 —
1263 908 178 37 kontroll-
1470 908 69 36 och
1563 907 407 50 justeringsstyrelsen.

507 964 31 33 2.
595 961 134 48 Enligt
784 983 21 4 —
852 983 40 4 —
937 983 41 4 —
1023 983 40 4 —
1105 983 40 4 —
1187 982 50 4 —
1264 960 318 49 tillsyningsmän.

511 1016 15 33 3.
595 1013 134 36 Förste
788 1035 18 4 —
856 1035 37 4 —
938 1034 41 5 —
1020 1035 43 4 —
1105 1035 40 4 —
1187 1034 51 4 —
1265 1011 417 49 befallningshavande.

504 1067 34 34 4.
594 1064 227 49 Dagarvode
863 1067 112 46 utgår
1015 1078 44 22 av
1103 1064 218 36 statsmedel
1350 1063 119 36 under
1497 1063 247 48 tjänstetiden
1772 1062 57 36 till
1858 1063 116 36 förste

376 1117 209 36 kontrollör
626 1116 86 36 med
753 1117 80 35 tolv
875 1116 70 36 och
986 1116 56 36 till
1084 1130 125 22 annan
1246 1115 207 37 kontrollör
1480 1114 83 37 med
1594 1117 77 33 åtta
1699 1114 151 47 kronor,
1879 1114 95 36 dock

377 1174 65 41 att,
471 1168 66 36 där
565 1181 125 22 annan
717 1167 209 37 kontrollör
954 1172 47 31 än
1029 1168 118 36 förste
1175 1167 209 36 kontrollör
1409 1166 119 36 under
1547 1166 319 36 kalendermånad
1887 1166 88 36 eller

377 1220 58 36 del
476 1220 116 35 därav
633 1219 224 49 tjänstgjort
897 1220 131 47 längre
1059 1219 54 36 tid
1143 1224 47 31 än
1218 1219 12 36 i
1259 1218 174 37 medeltal
1461 1220 78 34 åtta
1567 1218 153 35 timmar
1748 1230 60 23 om
1838 1218 135 47 dagen,

376 1271 162 37 särskild
575 1270 214 49 ersättning
816 1271 59 36 för
903 1271 291 49 överskjutande
1224 1271 100 35 antal
1352 1269 150 37 timmar
1529 1273 114 45 utgår
1670 1269 84 36 med
1782 1282 47 22 en
1857 1269 118 36 krona

379 1324 57 36 för
476 1323 141 36 timme.
675 1322 131 37 Förste
846 1323 207 36 kontrollör
1085 1322 160 36 erhåller
1273 1322 204 47 dessutom,
1506 1334 60 23 om
1596 1334 86 23 resa
1709 1321 265 46 förekommer,

376 1375 300 48 reseersättning
704 1374 83 36 med
816 1374 143 37 femton
987 1375 140 35 kronor
1155 1374 58 36 för
1240 1374 105 48 varje
1373 1376 117 45 gång,
1520 1373 74 36 han
1622 1372 167 37 inträder
1812 1373 12 35 i
1843 1373 132 48 tjänst-

376 1426 141 49 göring
544 1426 91 36 eller
664 1426 83 36 från
775 1439 48 23 en
851 1426 58 36 till
938 1439 124 23 annan
1089 1425 126 37 fabrik
1244 1425 197 49 förflyttas.
1495 1424 213 36 Förordnas
1738 1424 117 36 förste
1882 1424 92 36 kon-

377 1478 133 36 trollör
551 1483 55 30 att
646 1478 204 36 verkställa
892 1478 231 47 förrättning
1164 1477 119 37 under
1319 1477 67 46 tid,
1416 1477 47 36 då
1490 1476 74 36 han
1593 1477 33 47 ej
1658 1481 40 31 är
1725 1476 164 35 inkallad
1919 1476 56 36 till

377 1530 271 57 tjänstgöring,
691 1529 158 37 erhåller
890 1530 76 35 han
1008 1529 79 37 dels
1130 1529 215 57 dagarvode
1386 1528 85 37 med
1508 1528 80 36 tolv
1616 1528 151 46 kronor,
1797 1528 80 36 dels
1906 1528 70 35 ock

378 1581 298 54 reseersättning
704 1581 120 48 enligt
852 1581 120 48 fjärde
999 1581 150 37 klassen
1177 1594 12 22 i
1217 1580 175 49 gällande
1418 1580 327 48 resereglemente.

508 1635 34 34 5.
598 1627 56 41 År
681 1610 124 59 fabrik
832 1632 162 50 belägen
1026 1639 104 30 utom
1160 1632 95 47 stad,
1284 1632 147 49 köping
1459 1632 89 36 eller
1577 1630 397 50 municipalsamhälle,

379 1698 89 23 vare
510 1684 240 37 tillverkaren
785 1684 139 49 pliktig
956 1689 53 31 att
1036 1687 48 46 på
1113 1661 187 59 anmodan
1330 1697 46 23 av
1406 1683 139 48 Kungl.
1574 1683 128 48 Maj:ts
1731 1682 245 48 befallnings-

379 1736 172 37 havande
594 1739 37 33 åt
672 1749 116 23 envar
829 1749 47 23 av
917 1736 71 36 den
1029 1736 63 36 vid
1135 1736 174 36 fabriken
1338 1735 184 36 anställda
1549 1734 343 49 kontrollpersonal
1920 1734 55 36 till

378 1788 78 49 pris
498 1802 46 22 av
575 1801 47 23 en
650 1788 119 35 krona
797 1800 61 23 om
888 1787 123 49 dagen
1039 1788 157 49 upplåta
1223 1792 53 31 ett
1304 1787 110 46 eldat,
1444 1786 123 36 städat
1595 1791 99 31 samt
1722 1785 84 37 med
1835 1785 142 49 nödiga

379 1840 142 36 möbler
561 1839 71 36 och
674 1839 230 49 sängkläder
941 1840 130 35 försett
1100 1839 260 48 boningsrum,
1389 1837 151 48 beläget
1567 1838 9 35 i
1608 1837 193 37 fabrikens
1828 1837 147 36 närhet.

380 1890 155 38 Oavsett
563 1890 192 37 fabrikens
784 1891 225 48 belägenhet
1031 1904 89 23 vare
1140 1890 216 37 tillverkare
1376 1890 69 36 ock
1465 1889 154 49 skyldig
1639 1894 65 42 att,
1723 1891 49 47 på
1790 1888 187 36 anmodan

380 1956 46 23 av
454 1943 140 47 Kungl.
624 1943 127 48 Maj:ts
779 1942 419 48 befallningshavande,
1218 1945 38 33 åt
1275 1955 114 23 envar
1409 1955 46 23 av
1474 1940 401 50 kontrollpersonalen,
1896 1953 80 23 som

380 1994 135 37 sådant
556 1994 150 47 önskar,
749 1994 172 36 anskaffa
963 1994 159 49 lämplig
1163 1994 86 36 kost
1285 2000 79 30 mot
1391 2006 45 24 en
1465 1993 214 47 ersättning
1706 2005 47 23 av
1781 2005 48 23 en
1857 1992 120 36 krona

381 2046 130 36 femtio
555 2051 63 31 öre
655 2059 61 22 om
745 2046 136 49 dagen.
931 2046 57 36 De
1015 2046 12 36 i
1056 2046 102 36 detta
1187 2058 111 23 mom.
1329 2044 246 37 omförmälda
1603 2043 346 49 ersättningsbelop

380 2097 184 48 avdragas
593 2097 85 37 från
707 2097 61 37 det
796 2097 283 37 vederbörande
1107 2096 286 37 tillkommande
1421 2096 136 36 arvode
1586 2096 70 36 och
1677 2095 301 36 tillhandahållas

380 2150 242 36 tillverkaren
650 2162 138 35 genom
816 2149 142 48 Kungl.
996 2149 127 48 Maj:ts
1160 2148 418 48 befallningshavande.

511 2203 32 34 6.
599 2200 69 48 Då,
712 2201 119 48 enligt
872 2201 72 36 vad
985 2201 12 35 i
1041 2202 44 35 19
1124 2199 21 50 &
1175 2205 101 44 sägs,
1305 2200 248 36 slutanmälan
1582 2199 110 36 blivit
1719 2198 124 49 gjord,
1873 2198 105 36 skola

381 2253 116 36 förste
539 2253 209 36 kontrollör
789 2252 69 37 och
896 2252 249 37 kontrollörer
1186 2252 209 36 återkallas.
1451 2251 72 36 Vid
1557 2251 202 36 fristående
1788 2250 191 36 råsocker-
