1890 2782
283 145 25 29 2
652 149 286 32 Statsutskottets
959 152 180 31 utlåtande
1158 163 42 20 nr
1218 154 42 30 38
1279 155 39 31 år
1338 156 84 30 1959

311 230 27 29 7.
363 231 190 30 Underhåll
575 233 63 29 och
659 233 86 30 drift
766 244 42 20 av
828 234 353 42 radioanläggningar
1208 262 72 6 ....
1331 239 95 31 4250
1440 240 63 30 000
1618 242 19 30 4
1651 243 62 30 650
1727 244 63 30 000

310 280 28 30 8.
363 281 191 30 Underhåll
573 283 64 29 och
656 283 84 30 drift
757 294 45 20 av
821 285 272 41 teleutrustning
1116 311 161 7 ........
1363 290 62 30 980
1440 291 62 29 000
1620 294 92 29 1270
1727 294 63 30 000

309 331 28 28 9.
361 331 151 39 Utgifter
536 332 54 30 för
613 334 295 40 väderlekstjänst
938 360 339 9 ................
1333 340 92 30 1975
1440 341 63 30 000
1618 343 94 31 2585
1727 344 62 30 000

289 381 48 29 10.
364 382 155 39 Sveriges
543 383 120 40 bidrag
684 384 52 30 till
760 385 102 31 ICAO
884 395 45 20 m.
951 396 46 20 m.
1027 411 249 8 ............
1363 390 62 30 700
1439 391 63 30 000
1649 393 63 30 670
1726 394 63 30 000

290 430 48 30 11.
364 431 362 33 Pensionskostnader
758 458 515 10 ....ssssssessrsesserss
1200 426 77 53 oroa
1362 440 61 30 130
1438 441 63 30 000
1649 443 60 30 130
1725 444 62 29 000

288 482 49 29 12.
362 483 143 31 Diverse:
536 484 145 40 Utgifter
717 509 560 10 ...ssasvs:sömssisentsdere
1178 478 104 53 runs
1367 491 60 30 120
1441 491 63 30 000
1649 493 62 30 202
1725 494 63 30 000

288 533 48 29 13.
363 533 209 41 Avsättning
600 535 51 30 till
682 536 442 41 värdeminskningskonto
1160 563 117 7 ......
1333 541 94 29 1400
1442 542 62 29 000
1616 544 94 29 1550
1725 544 63 30 000

288 583 48 29 14.
361 584 208 40 Utbyggnad
592 595 41 20 av
655 586 297 41 trafikledningen
982 612 295 8 ..............
1372 610 44 3 —
1648 593 63 30 410
1725 594 63 30 000

286 634 48 29 15.
359 635 197 30 'OfÖrUtsett
587 660 72 6 «sms
675 660 28 6 es
709 630 16 51 ie
734 630 14 51 ie
785 661 52 6 ers
853 661 5 6 e
894 661 75 6 RR
985 662 27 6 cc
1034 663 25 6 IR
1075 630 17 51 ör
1104 663 87 6 dö
1207 630 38 51 roar
1251 630 16 51 är
1273 664 6 6 a
1373 659 45 4 —
1648 644 61 31 355
1725 644 63 30 000

1132 707 143 30 Summa
1300 708 40 29 22
1355 708 62 30 530
1432 708 78 31 0001
1591 710 118 30 28200
1724 710 63 31 000

1065 765 213 30 Underskott
1325 765 95 31 9430
1436 766 62 31 000
1593 768 39 29 14
1647 768 62 30 000
1723 769 63 30 000

314 831 9 14 1
344 830 11 24 I
381 829 125 31 fjolårets
533 831 330 31 statsverksproposition
889 832 174 25 beräknades
1089 833 189 25 inkomsterna
1304 834 43 24 för
1372 834 114 32 1958/59
1506 836 47 23 till
1576 836 94 24 12200
1681 837 53 24 000
1754 837 32 24 kr

278 864 51 23 coh
347 864 154 31 utgifterna
519 865 46 23 till
584 865 95 24 22200
689 865 52 24 000
759 866 42 23 kr.

327 946 228 30 Beträffande
576 947 40 30 de
636 948 161 29 närmare
818 948 254 40 upplysningar
1092 949 178 39 angående
1289 950 240 40 beräkningen
1548 961 43 21 av
1610 952 41 30 de
1671 953 115 30 skilda

283 996 169 31 inkomst-
474 997 66 29 och
562 997 291 40 utgiftsposterna
876 1008 74 20 som
973 999 10 29 i
1007 999 203 40 anslutning
1232 1000 52 30 till
1306 1001 150 30 tabellen
1479 1002 137 31 lämnas
1638 1012 43 20 av
1702 1003 84 29 luft-

283 1047 263 40 fartsstyrelsen
564 1048 96 30 torde
681 1048 35 30 få
735 1048 165 31 hänvisas
919 1049 52 29 till
990 1049 264 40 propositionen
1278 1051 43 33 (s.
1341 1051 118 34 5—9).

327 1149 12 29 I
367 1147 263 40 propositionen
657 1148 177 30 redovisas
862 1148 118 30 vidare
1008 1158 44 20 en
1080 1159 41 19 av
1146 1149 335 41 luftfartsstyrelsen
1508 1151 81 30 med
1617 1152 167 30 skrivelse

282 1198 63 29 den
368 1199 37 29 21
428 1198 147 29 oktober
596 1199 81 29 1958
698 1199 225 29 överlämnad
943 1199 188 40 utredning
1151 1200 178 39 angående
1350 1200 318 41 trafikledningens
1687 1211 97 31 orga-

282 1248 153 29 nisation
457 1248 44 34 (s.
519 1249 19 29 9
557 1249 64 29 och
642 1249 71 34 10).

327 1300 12 28 I
377 1299 168 30 skrivelse
582 1300 65 29 den
686 1300 37 29 21
764 1300 145 29 oktober
937 1300 84 30 1958
1048 1300 64 29 har
1139 1300 331 40 luftfartsstyrelsen
1498 1302 164 39 slutligen
1691 1302 90 40 gjort

282 1349 263 40 framställning
565 1350 10 28 i
599 1359 41 21 en
661 1350 484 40 lönegradsplaceringsfråga
1172 1351 42 33 (s.
1239 1351 70 34 10).

327 1451 344 29 Remissutlåtanden
691 1459 45 22 av
757 1450 253 30 statskontoret
1032 1452 64 29 och
1120 1452 131 29 statens
1275 1452 213 29 lönenämnd
1510 1453 177 30 redovisas
1712 1453 19 29 å
1755 1462 25 20 s.

284 1501 38 29 10
341 1501 63 29 och
428 1501 36 29 11
487 1501 10 29 i
518 1501 272 40 propositionen.

324 1602 393 39 Departementschefen
742 1602 65 29 har
830 1602 117 30 anfört
971 1602 168 39 följande.

325 1661 12 29 I
365 1661 82 30 1958
473 1661 57 29 års
556 1660 411 40 statsverksproposition
991 1661 218 30 beräknades
1235 1661 311 30 luftfartsfondens
1573 1662 208 29 underskott

281 1703 54 29 för
355 1703 237 30 innevarande
612 1703 170 39 budgetår
802 1703 52 29 till
877 1703 37 29 10
930 1702 63 30 000
1007 1703 64 30 000
1092 1703 51 29 kr.
1165 1703 130 30 Genom
1315 1703 113 31 beslut
1450 1704 67 29 den
1539 1703 40 30 30
1600 1703 70 40 maj
1697 1704 83 30 1958

280 1745 196 30 fastställde
503 1745 125 39 Kungl.
655 1745 105 39 Maj:t
787 1744 330 31 driftkostnadsstat
1147 1745 55 29 för
1228 1745 281 30 luftfartsverket
1536 1746 65 28 och
1627 1746 11 28 i
1665 1746 114 30 denna

279 1789 148 38 upptogs
466 1787 326 30 driftkostnaderna
830 1787 52 29 till
921 1787 197 30 22530000
1157 1787 51 29 kr.
1249 1787 184 39 Samtidigt
1470 1788 218 29 beräknades
1728 1787 51 30 in-

279 1830 202 30 komsterna
501 1830 53 29 till
577 1830 37 30 13
631 1830 60 30 100
705 1830 63 29 000
789 1830 62 33 kr.,
872 1829 119 30 varför
1011 1831 49 29 ett
1080 1829 208 30 underskott
1308 1839 56 20 om
1385 1830 103 39 högst
1510 1830 39 29 10
1564 1829 62 30 000
1641 1829 63 31 000
1726 1831 69 29 kr.
1778 1825 20 49 .

279 1872 205 30 förutsattes
507 1872 55 29 för
582 1872 204 39 budgetåret
811 1871 157 40 1958/59.

322 1915 66 29 För
412 1915 102 29 nästa
538 1914 168 39 budgetår
732 1914 210 39 uppskattar
965 1913 333 39 luftfartsstyrelsen
1324 1913 149 30 fondens
1500 1913 278 30 driftkostnader

277 1957 53 29 till
351 1957 40 29 28
406 1956 63 30 200
484 1956 64 30 000
569 1957 62 33 kr.,
653 1956 236 30 innebärande
911 1965 43 20 en
975 1956 133 39 ökning
1128 1956 11 29 i
1161 1956 219 29 förhållande
1402 1956 53 29 till
1477 1955 300 30 luftfartsverkets

278 2000 69 28 stat
377 1999 55 29 för
461 1999 236 29 innevarande
728 1998 169 39 budgetår
927 1998 80 29 med
1038 1998 14 30 5
1072 1998 62 30 670
1148 1997 63 30 000
1245 1998 52 30 kr.
1329 1998 245 29 Inkomsterna
1604 1998 173 29 beräknas

277 2041 179 39 samtidigt
480 2041 68 30 öka
569 2041 80 29 med
671 2041 14 29 1
705 2041 60 30 100
780 2041 63 29 000
865 2043 51 28 kr.
939 2040 53 30 till
1017 2040 39 30 14
1071 2040 62 30 200
1147 2040 62 30 000
1231 2041 52 29 kr.
1306 2040 161 30 Fondens
1490 2040 209 29 underskott
1722 2039 54 31 för

276 2083 205 36 budgetåret
505 2083 148 40 1959/60
675 2083 113 29 skulle
810 2082 223 40 följaktligen
1055 2083 141 29 komma
1218 2084 52 27 att
1291 2082 115 40 uppgå
1429 2082 52 29 till
1506 2081 39 31 14
1560 2081 62 31 000
1638 2081 62 31 000
1724 2082 51 30 kr.

321 2125 50 30 Av
391 2125 304 40 utgiftsökningen
714 2125 129 30 hänför
863 2125 50 39 sig
935 2124 93 30 1742
1043 2124 62 30 000
1124 2125 51 29 kr.
1195 2125 53 29 till
1267 2124 190 30 kostnader
1475 2124 11 29 i
1507 2124 169 30 samband
1696 2124 79 29 med

276 2168 266 38 idrifttagandet
572 2177 42 21 av
643 2167 373 31 Stockholm-Arlanda
1047 2167 175 39 flygplats.
1253 2165 184 40 Ökningen
1466 2167 10 28 i
1506 2166 112 39 övrigt
1647 2166 129 30 hänför

276 2210 52 39 sig
345 2210 51 29 till
415 2210 39 30 så
472 2212 74 37 gott
564 2219 75 20 som
657 2209 162 39 samtliga
837 2209 223 39 utgiftstitlar
1079 2218 79 20 men
1176 2209 10 29 i
1206 2209 57 29 det
1280 2208 247 39 väsentligaste
1546 2208 53 30 till
1618 2208 157 39 följande

275 2253 126 38 poster,
421 2252 178 39 nämligen
615 2251 377 40 avlöningskostnader
1014 2252 13 29 1
1044 2251 62 29 283
1122 2251 62 30 000
1204 2251 62 34 kr.,
1287 2250 185 30 underhåll
1494 2260 46 20 m.
1561 2260 45 20 m.
1626 2260 42 20 av
1688 2250 86 39 flyg-

274 2294 130 40 platser
430 2295 95 29 1300
539 2295 63 29 000
626 2295 62 33 kr.,
712 2294 185 30 underhåll
921 2294 66 29 och
1011 2294 86 29 drift
1121 2302 42 21 av
1186 2292 352 40 radioanläggningar
1563 2293 65 29 och
1653 2292 121 29 teleut-

274 2337 162 39 rustning
460 2337 63 30 437
540 2337 62 30 000
627 2337 62 33 kr.,
715 2336 145 39 utgifter
885 2336 54 30 för
963 2335 298 39 väderlekstjänst
1286 2335 62 30 320
1362 2335 62 29 000
1451 2335 52 29 kr.
1530 2336 91 28 samt
1646 2335 128 29 avsätt-

274 2379 84 39 ning
381 2379 51 29 till
459 2378 451 39 värdeminskningskonto,
935 2386 80 22 vars
1040 2377 206 39 förändring
1271 2377 71 29 står
1366 2377 10 29 i
1402 2376 170 30 samband
1597 2376 80 30 med
1702 2384 71 21 om-

274 2420 197 39 fattningen
489 2430 43 21 av
548 2422 66 29 den
630 2420 178 40 pågående
827 2419 509 40 investeringsverksamheten,
1357 2419 60 29 150
1433 2418 62 30 000
1514 2418 52 29 kr.
1585 2419 187 29 Dessutom

273 2463 64 29 har
359 2463 179 39 upptagits
561 2472 42 21 en
624 2463 154 30 särskild
801 2464 78 38 post
902 2472 56 21 om
982 2462 63 30 355
1060 2461 63 31 000
1147 2462 51 29 kr.
1222 2461 55 30 för
1300 2461 227 30 oförutsedda
1551 2460 154 39 utgifter.
1729 2478 44 3 —
