2212 2656
685 142 215 37 Lagutskottets
929 141 154 30 Utlåtande
1111 141 56 28 N:o
1192 140 51 31 26.
1744 136 19 30 3

213 223 132 36 Denna
386 222 260 36 bestämmelse
692 220 69 36 blir
803 220 95 36 dock
939 218 216 46 säkerligen
1184 217 82 37 icke
1296 229 128 24 ensam
1453 214 354 49 tilltyllestgörande

212 275 59 35 för
299 273 140 37 sådana
468 273 232 46 kommuner,
731 284 61 24 om
821 271 127 37 hvilka
975 271 69 35 här
1072 275 40 31 är
1142 271 118 47 fråga.
1317 267 17 37 I
1362 267 130 48 kungl.
1523 266 284 49 propositionen

214 340 59 21 om
294 326 63 35 det
376 324 175 37 hvilande
570 324 364 46 rösträttsförslaget
955 322 212 36 anmärktes
1188 320 81 48 ock,
1288 325 53 31 att
1357 319 199 48 lösningen
1573 318 109 36 däraf
1692 317 116 37 borde

214 377 157 47 afbidas,
414 377 115 36 innan
571 376 175 48 åtgärder
787 375 179 46 vidtogos
1000 374 11 35 i
1047 374 62 36 det
1138 374 114 45 högst
1280 370 300 38 beaktansvärda
1609 369 117 49 syftet
1755 374 54 31 att

215 430 56 46 de,
302 442 79 23 som
411 429 41 36 af
476 429 65 36 sitt
567 428 92 48 yrke
689 427 89 36 eller
808 427 57 36 sin
893 427 117 48 tjänst
1038 431 63 30 äro
1122 424 182 36 hindrade
1324 428 54 31 att
1396 422 242 48 personligen
1658 421 152 48 deltaga

214 482 12 36 i
254 480 439 49 riksdagsmannavalen,
723 479 106 35 skola
857 483 72 42 äga
956 476 201 49 möjlighet
1186 480 54 31 att
1268 475 55 35 till
1343 474 290 35 valförrättaren
1653 473 158 36 insända

214 534 81 36 sina
336 532 216 36 röstsedlar.
608 530 209 36 Fnahanda
857 529 148 48 hänsyn
1046 528 80 46 bör,
1170 526 187 36 måhända
1385 525 84 35 med
1498 524 75 36 lika
1603 525 78 47 fog,
1711 525 99 35 visas

214 584 97 46 dem,
354 597 77 22 som
476 583 40 35 af
553 582 60 35 sin
646 581 226 48 boningsort
899 583 117 33 måste
1046 592 108 23 anses
1184 577 158 37 faktiskt
1370 576 180 36 hindrade
1578 582 54 30 att
1660 576 151 48 deltaga

214 637 12 35 i
254 636 109 36 valet.

344 687 110 36 Hvad
501 685 157 37 sålunda
705 685 220 48 ifrågasatts
972 683 57 35 för
1076 682 46 36 de
1170 681 134 37 enbart
1345 680 177 49 politiska
1558 679 121 46 valen,
1722 683 90 44 äger

215 739 182 50 giltighet
425 739 113 36 äfven
566 738 59 36 för
653 737 45 36 de
727 735 253 37 kommunala.
1038 734 17 37 I
1084 735 62 35 det
1174 733 176 36 hvilande
1371 732 183 47 förslaget
1574 731 56 36 till
1650 730 162 48 ändring

215 793 11 35 i
268 791 100 36 vissa
409 790 103 37 delar
553 790 40 35 af
619 788 273 47 förordningen
921 800 60 23 om
1010 786 196 47 landsting
1234 784 154 49 stadgas
1417 782 222 48 emellertid,
1670 787 54 31 att
1751 782 61 36 val

215 844 56 36 till
300 842 195 49 landsting
523 842 177 36 förrättas
728 841 12 35 i
768 840 164 36 valkrets
957 841 20 34 å
996 838 128 36 landet
1143 836 241 37 kommunvis
1404 835 63 36 vid
1488 835 117 36 första
1625 834 187 36 ordinarie

216 894 379 37 kommunalstämma
623 892 120 36 under
772 895 86 33 året.
914 890 79 36 Här
1021 890 124 47 gifves
1165 889 118 47 ingen
1304 887 201 47 anvisning
1524 887 57 35 till
1601 885 212 37 beredande

216 947 42 36 af
295 945 121 38 ökade
457 944 243 49 möjligheter
742 944 58 35 för
826 941 271 37 vidsträcktare
1126 941 242 35 kommuners
1396 939 178 35 invånare
1604 942 55 31 att
1686 937 129 35 kunna

215 999 177 48 begagna
434 997 60 47 sig
534 996 42 36 af
613 996 57 36 sin
711 999 165 33 rösträtt.
933 993 205 49 Meningen
1182 997 54 31 att
1269 991 107 36 dessa
1406 990 59 35 val
1494 989 106 36 skola
1628 989 106 49 gifva
1761 993 54 32 ett

215 1049 289 51 proportionellt
531 1047 153 49 uttryck
713 1047 59 36 för
801 1046 44 36 de
873 1044 317 50 valberättigades
1219 1042 288 50 uppfattningar
1533 1055 60 23 om
1614 1041 46 36 de
1680 1040 134 37 åskåd-

216 1102 203 47 ningssätt,
463 1114 81 23 som
586 1100 108 36 skola
734 1104 95 44 göra
871 1098 61 48 sig
973 1097 176 48 gällande
1184 1096 13 36 i
1224 1094 241 47 landstingen
1494 1093 70 36 och
1593 1092 221 49 därigenom

216 1153 208 37 medelbart
452 1153 12 36 i
483 1153 133 36 Första
637 1151 242 46 Kammaren,
899 1150 72 36 blir
986 1148 178 37 särskildt
1183 1149 57 35 för
1259 1150 141 44 många
1415 1145 41 37 af
1469 1145 107 37 dessa
1591 1146 224 35 kommuner

216 1205 240 48 väsentligen
499 1218 46 23 en
587 1205 64 48 lag
693 1206 48 46 på
781 1207 194 45 papperet.
1033 1200 184 37 WSärskildt
1258 1200 169 35 kommer
1469 1197 71 36 den
1568 1196 206 50 betryckta,
1804 1196 12 36 i

217 1257 220 49 obygderna
481 1257 148 36 bosatta
675 1254 379 47 landtbetolkningen
1102 1258 54 31 att
1197 1264 90 24 vara
1328 1250 188 36 utesluten
1557 1249 86 36 från
1685 1248 131 49 hvarje

217 1309 201 49 möjlighet
447 1313 56 31 att
529 1308 146 36 bevaka
704 1307 59 36 sin
791 1306 111 36 talan.
958 1305 93 36 Häri
1078 1305 70 36 bör
1175 1303 153 37 rättelse
1356 1301 230 37 omedelbart
1615 1301 76 36 ske.

346 1359 237 50 Afgörandet
620 1359 41 36 af
687 1359 139 36 sådana
854 1357 241 37 kommunala
1124 1356 175 45 ärenden,
1329 1367 80 23 som
1439 1354 82 35 icke
1549 1358 64 31 äro
1643 1358 54 30 att
1725 1352 92 36 hän-

218 1413 83 36 föra
329 1413 56 36 till
413 1412 72 47 val,
515 1412 127 35 kunna
672 1414 78 33 åter
778 1410 190 47 svårligen
997 1414 73 43 äga
1097 1421 84 23 rum
1201 1419 139 37 genom
1359 1410 192 31 rösternas
1570 1404 248 49 upptagande

217 1468 49 46 på
308 1464 99 37 olika
448 1464 141 36 lokaler
630 1463 92 37 eller
762 1460 234 38 insändande
1037 1461 57 35 till
1123 1457 427 39 kommunalstämmans
1579 1455 238 48 ordförande,

219 1517 118 37 ehuru
380 1516 62 36 det
482 1515 222 49 visserligen
745 1514 82 36 icke
869 1519 40 31 är
949 1513 180 48 ogörligt,
1159 1516 69 31 när
1256 1510 62 36 det
1346 1508 121 50 gäller
1494 1511 126 45 någon
1648 1507 78 37 viss
1755 1507 64 37 be-

217 1568 219 50 tydelsefull
466 1568 108 48 fråga
602 1567 230 49 exempelvis
861 1566 12 36 i
901 1562 461 50 beskattningsafseende,
1379 1567 53 30 att
1452 1560 156 37 insända
1628 1573 86 24 svar
1734 1559 85 38 med

213 1622 42 47 ja
297 1620 89 37 eller
423 1620 58 49 nej
524 1622 49 47 på
615 1633 47 23 en
703 1618 137 37 utsänd
880 1617 235 50 proposition
1156 1616 13 36 i
1211 1618 136 33 ämnet.
1403 1613 18 36 I
1463 1612 205 37 allmänhet
1701 1615 119 34 måste

218 1673 68 36 här
327 1673 248 36 kommunens
616 1671 246 37 medlemmar
899 1668 279 38 sammanträda
1206 1667 57 36 till
1290 1678 282 37 gemensamma
1601 1664 218 49 öfverlägg-

219 1725 147 48 ningar.
423 1724 65 36 Ett
529 1723 146 49 förslag
716 1723 57 36 till
813 1736 51 35 ny
904 1721 230 48 författning
1174 1720 13 36 i
1223 1719 104 36 detta
1354 1716 229 48 hänseende,
1613 1716 124 37 afsedt
1765 1718 55 34 åt-

219 1777 191 36 minstone
452 1776 59 36 för
551 1775 105 37 vissa
699 1774 42 37 af
777 1774 46 36 de
864 1772 232 38 vidsträckta
1123 1772 272 36 kommunerna
1422 1769 13 36 i
1463 1781 110 24 norra
1603 1768 152 37 delarna
1784 1768 41 36 af

218 1828 110 48 riket,
370 1828 78 47 har,
490 1831 49 46 på
580 1833 75 31 sätt
687 1826 153 49 bilagan
868 1825 57 37 till
954 1825 125 36 denna
1119 1824 143 36 motion
1290 1822 151 44 utvisar,
1480 1826 175 43 uppsatts
1684 1820 42 36 af
1750 1820 72 37 den

220 1880 114 37 ofvan
362 1879 209 50 åberopade
599 1878 308 51 lappmarksbon,
936 1877 154 36 hvilken
1114 1875 175 49 vidfogat
1308 1874 186 47 förslaget
1514 1885 46 24 en
1579 1872 241 49 motivering,

220 1945 80 24 som
328 1932 145 37 lämnar
502 1945 45 23 en
575 1931 206 50 belysande
808 1930 141 37 inblick
976 1929 12 36 i
1015 1925 494 53 lappmarksförhållanden.
1562 1924 16 36 I
1607 1924 98 36 hvad
1734 1927 88 34 mån

220 1984 102 37 detta
363 1985 144 48 förslag
546 1984 145 49 lämpar
731 1983 61 48 sig
820 1982 58 36 för
905 1982 89 36 flera
1036 1981 100 37 olika
1165 1984 100 32 orter
1293 1983 40 31 är
1361 1980 101 34 svårt
1491 1982 54 30 att
1573 1981 102 43 säga.
1732 1975 90 37 Men

219 2036 185 50 förslaget
446 2036 182 49 förtjänar
669 2035 12 36 i
720 2035 71 36 alla
820 2034 65 36 fall
912 2048 47 22 en
986 2032 205 49 utredning
1218 2031 13 36 i
1259 2029 181 38 samband
1468 2028 86 36 med
1583 2028 147 48 frågan,
1762 2041 60 24 om

220 2088 101 36 hvad
350 2102 80 23 som
459 2088 198 49 verkligen
685 2087 75 36 kan
787 2091 113 45 göras
929 2088 38 34 åt
994 2085 117 36 saken
1138 2084 13 36 i
1179 2083 58 36 sin
1266 2082 137 37 helhet.

349 2141 53 36 På
429 2140 125 49 grund
583 2140 41 36 af
648 2139 100 37 hvad
777 2138 156 37 sålunda
962 2137 145 37 anförts
1136 2135 231 38 hemställes:
1407 2138 54 31 att
1489 2132 218 49 Riksdagen
1734 2131 90 37 ville

221 2193 69 35 hos
318 2192 141 50 Kungl.
480 2192 107 49 Maj:t
616 2191 150 37 anhålla
785 2204 60 23 om
874 2188 287 50 framläggande
1190 2192 149 32 snarast
1366 2185 150 49 möjligt
1545 2185 40 35 af
1610 2189 54 32 ett
1692 2183 133 37 sådant

221 2244 139 50 tillägg
386 2244 55 37 till
469 2242 549 49 kommunalförfattningarne,
1049 2246 52 32 att
1136 2241 5 36 i
1170 2239 221 38 kommuner
1419 2237 42 36 af
1493 2241 118 32 större
1640 2236 184 37 utsträck-
