1876 2816
532 151 115 31 Andra
672 152 238 36 lagutskottets
937 153 174 30 utlåtande
1136 163 41 20 nr
1196 155 50 29 33.
1620 152 19 30 3

128 234 48 30 tal
200 233 210 33 femhundra
436 235 341 37 turbinhästkrafter,
802 237 87 29 skall
912 237 220 31 beträffande
1155 239 67 30 rätt
1249 241 48 28 att
1321 240 83 35 göra
1429 238 122 38 frågan
1574 250 59 21 an-

127 283 133 37 gående
278 285 41 30 de
338 285 133 36 villkor,
492 286 172 30 varunder
683 288 79 29 med
781 287 136 36 hänsyn
937 288 51 30 till
1008 288 176 32 allmänna
1205 289 166 32 intressen
1392 289 166 38 företaget
1576 289 59 33 må

128 335 65 35 äga
217 334 155 38 bestånd,
398 335 50 31 till
471 335 145 32 föremål
643 337 56 30 för
722 338 219 37 nyprövning
966 338 88 37 gälla
1079 340 66 30 vad
1171 340 11 29 i
1207 340 19 30 5
1251 340 18 37 8
1294 341 38 30 är
1356 340 56 31 för
1437 340 63 31 där
1525 344 110 28 avsett

128 384 62 31 fall
212 385 143 36 stadgat.

173 435 72 30 Där
263 435 50 31 till
330 453 45 4 —
393 453 45 3 —
454 453 45 4 —
516 437 97 30 blivit
632 438 102 31 ökad.

173 535 123 33 Denna
316 536 55 38 lag
392 538 116 30 träder
530 539 10 30 i
562 539 93 30 kraft
677 540 67 30 den
768 541 14 28 1
805 539 63 37 juli
893 541 94 29 1944.

172 587 74 31 Har
270 587 153 32 tillstånd
446 590 50 29 till
520 590 285 37 vattenreglering
828 591 190 32 meddelats
1040 601 125 28 genom
1189 593 121 36 beslut,
1335 603 75 21 som
1433 594 100 36 givits
1558 594 76 32 före

127 647 69 27 nya
224 638 116 36 lagens
371 639 286 37 ikraftträdande,
686 641 89 30 skall
802 650 69 27 nya
901 642 100 36 lagen
1029 643 174 37 tillämpas
1231 643 21 32 å
1280 644 176 37 företaget,
1489 644 144 32 såframt

126 689 213 36 regleringen
359 691 150 30 medfört
532 690 107 31 sådan
661 692 131 36 ökning
812 701 42 21 av
875 694 68 29 den
964 693 179 37 uttagbara
1164 695 256 31 vattenkraften
1443 696 10 29 i
1475 697 55 29 det
1551 697 82 30 eller

126 739 42 30 de
187 740 182 36 strömfall,
390 741 54 30 för
464 741 109 31 vilkas
593 741 147 37 räkning
760 742 210 37 regleringen
991 743 135 37 utförts,
1147 748 48 27 att
1209 744 107 38 enligt
1335 746 96 31 äldre
1452 747 53 36 lag
1524 747 108 36 avgift

125 789 115 31 skolat
258 789 93 37 utgå;
370 791 89 30 dock
477 795 48 27 att
543 792 19 28 4
580 792 79 36 kap.
682 792 38 29 14
740 792 18 37 8
777 802 66 27 nya
864 793 100 36 lagen
982 793 30 37 ej
1031 795 87 29 skall
1136 795 174 36 tillämpas
1329 797 77 29 med
1427 798 165 30 avseende
1610 796 21 32 å

126 839 67 30 den
216 839 150 37 tidrymd
388 850 42 21 av
453 841 97 36 tjugu
572 840 48 37 år,
642 841 56 31 för
719 842 114 31 vilken
855 844 329 32 vattendomstolens
1206 846 195 36 avgörande
1422 847 10 30 i
1456 846 97 38 fråga
1575 858 58 20 om

126 889 110 36 avgift
255 891 78 29 med
354 891 187 38 anledning
560 901 41 21 av
621 892 167 37 företaget
809 894 86 30 skall
915 895 101 36 gälla.

705 1049 33 38 2
782 1049 272 43 Förslag

856 1120 51 31 till

815 1183 132 50 Lag

123 1256 60 24 om
210 1248 139 33 ändrad
378 1250 142 39 lydelse
548 1260 41 22 av
609 1251 17 32 7
649 1248 22 42 $
695 1252 107 39 lagen
827 1252 69 32 den
921 1253 41 31 20
985 1254 156 32 oktober
1164 1255 85 32 1939
1271 1257 60 33 (nr
1354 1255 76 40 732)
1455 1258 79 32 med
1560 1261 75 30 sär-

290 1299 120 33 skilda
435 1301 282 33 bestämmelser
742 1303 187 40 angående
953 1304 175 41 tillfällig
1151 1307 327 41 vattenreglering.

169 1393 211 37 Härigenom
405 1395 193 38 förordnas,
624 1399 49 28 att
701 1398 17 29 7
746 1397 19 37 8
789 1398 99 36 lagen
916 1399 66 31 den
1007 1400 41 29 20
1073 1400 145 31 oktober
1248 1402 82 30 1939
1355 1404 79 30 med
1461 1404 170 31 särskilda

122 1443 260 32 bestämmelser
401 1445 177 36 angående
598 1446 151 38 tillfällig
769 1448 297 38 vattenreglering!
1088 1451 89 30 skall
1198 1451 129 32 erhålla
1349 1454 134 30 ändrad
1503 1455 128 36 lydelse

122 1493 46 36 på
187 1495 67 30 sätt
275 1495 113 30 nedan
407 1495 149 37 angives.

843 1566 71 36 78.

168 1628 77 30 Kan
270 1629 327 38 vattenregleringen
622 1634 143 35 antagas
791 1632 158 32 medföra
973 1637 155 29 avsevärt
1153 1645 80 22 men
1258 1638 54 30 för
1336 1639 66 30 den
1428 1640 100 36 bygd,
1554 1650 75 21 som

123 1679 138 31 beröres
281 1689 41 21 av
343 1680 174 37 företaget,
538 1681 80 31 eller
637 1683 38 29 är
695 1683 67 30 den
781 1682 140 38 båtnad,
942 1694 74 22 som
1035 1685 129 37 vinnes,
1184 1698 43 20 av
1247 1691 69 27 stor
1335 1689 183 37 betydelse,
1539 1690 90 31 skall

123 1730 54 30 för
197 1729 266 37 tillgodoseende
483 1741 41 21 av
545 1731 122 32 sådant
686 1733 144 31 allmänt
850 1735 163 31 ändamål
1033 1737 219 31 beträffande
1271 1740 145 36 bygden,
1437 1750 75 22 som
1531 1751 100 21 avses

124 1780 8 30 i
151 1780 20 29 4
192 1781 80 36 kap.
296 1781 37 30 15
354 1782 18 36 8
394 1783 225 36 vattenlagen,
641 1783 108 36 avgift
770 1785 78 35 utgå
868 1786 55 29 för
943 1786 164 37 företaget
1127 1790 78 29 med
1225 1789 123 37 skäligt
1368 1791 136 37 belopp,
1524 1793 105 30 minst

122 1830 56 31 två
199 1833 99 28 tusen
318 1833 63 29 och
402 1833 100 36 högst
520 1834 130 30 femton
673 1837 98 28 tusen
791 1836 128 30 kronor
938 1837 54 30 för
1011 1836 48 37 år,
1079 1837 78 31 från
1177 1840 65 29 och
1262 1842 77 29 med
1359 1841 55 31 det
1434 1842 129 36 halvår,
1583 1842 46 32 då

121 1880 189 31 tillståndet
337 1882 84 30 först
449 1886 91 33 tages
566 1884 10 29 i
602 1884 162 36 anspråk.
793 1885 66 31 Om
886 1886 197 39 indrivning
1111 1890 65 29 och
1203 1891 223 37 användning
1451 1903 42 20 av
1518 1893 109 31 sådan

120 1931 109 37 avgift
251 1932 174 30 meddelar
448 1933 189 37 Konungen
660 1936 160 30 närmare
841 1937 267 31 bestämmelser.

166 1981 14 30 I
202 1982 110 36 övrigt
331 1999 45 4 —
396 1999 45 5 —
460 2000 45 4 —
525 1985 63 36 äga
610 1984 229 38 tillämpning.

165 2099 123 32 Denna
308 2101 55 36 lag
385 2102 116 30 träder
520 2102 11 29 i
553 2103 94 30 kraft
671 2104 66 30 den
762 2105 14 28 1
799 2104 63 36 juli
887 2106 93 29 1944.

167 2250 14 29 I
204 2251 171 30 samband
399 2253 80 29 med
505 2253 258 35 propositionen
787 2255 63 30 har
875 2257 164 30 utskottet
1064 2257 48 29 till
1137 2258 211 37 behandling
1372 2261 152 30 förehaft
1547 2272 42 20 en
1614 2262 12 30 i

121 2300 188 35 anledning
333 2310 42 20 av
401 2302 201 30 densamma
627 2303 103 30 väckt
755 2304 141 36 motion,
923 2314 42 21 nr
988 2306 63 29 472
1077 2306 9 30 i
1114 2308 111 30 andra
1251 2309 203 31 kammaren
1480 2321 41 20 av
1545 2313 81 29 herr

121 2349 206 36 Ljungberg.
357 2350 67 30 För
451 2351 42 30 de
516 2351 11 29 i
553 2352 176 30 motionen
757 2353 217 31 framställda
1000 2356 202 34 yrkandena
1229 2358 155 30 kommer
1411 2361 214 35 redogörelse

121 2403 49 27 att
192 2400 135 30 lämnas
352 2400 9 29 i
386 2400 57 30 det
467 2400 164 36 följande.

162 2462 8 15 !
190 2464 110 24 Scnaste
319 2464 108 30 lydelse,
445 2471 26 17 se
490 2465 58 24 SFS
568 2463 75 25 1943:
662 2463 57 26 392.
