<?xml version="1.0" encoding="UTF-8"?>
<alto xmlns="http://www.loc.gov/standards/alto/ns-v3#" xmlns:xlink="http://www.w3.org/1999/xlink" xmlns:xsi="http://www.w3.org/2001/XMLSchema-instance" xsi:schemaLocation="http://www.loc.gov/standards/alto/ns-v3# http://www.loc.gov/alto/v3/alto-3-0.xsd">
	<Description>
		<MeasurementUnit>pixel</MeasurementUnit>
		<sourceImageInformation>
			<fileName>/tmp/tess_ubmcm_jb_input.PNG</fileName>
		</sourceImageInformation>
		<OCRProcessing ID="OCR_0">
			<ocrProcessingStep>
				<processingSoftware>
					<softwareName>tesseract 5.3.0</softwareName>
				</processingSoftware>
			</ocrProcessingStep>
		</OCRProcessing>
	</Description>
	<Layout>
		<Page WIDTH="1874" HEIGHT="2810" PHYSICAL_IMG_NR="0" ID="page_0">
			<PrintSpace HPOS="0" VPOS="0" WIDTH="1874" HEIGHT="2810">
				<ComposedBlock ID="cblock_0" HPOS="233" VPOS="139" WIDTH="1120" HEIGHT="45">
					<TextBlock ID="block_0" HPOS="233" VPOS="139" WIDTH="1120" HEIGHT="45">
						<TextLine ID="line_0" HPOS="233" VPOS="139" WIDTH="1120" HEIGHT="45">
							<String ID="string_0" HPOS="233" VPOS="139" WIDTH="27" HEIGHT="45" WC="0.38" CONTENT="Lol"/><SP WIDTH="380" VPOS="139" HPOS="260"/>
							<String ID="string_1" HPOS="640" VPOS="147" WIDTH="117" HEIGHT="31" WC="0.93" CONTENT="Andra"/><SP WIDTH="24" VPOS="147" HPOS="757"/>
							<String ID="string_2" HPOS="781" VPOS="148" WIDTH="237" HEIGHT="36" WC="0.92" CONTENT="lagutskottets"/><SP WIDTH="26" VPOS="148" HPOS="1018"/>
							<String ID="string_3" HPOS="1044" VPOS="148" WIDTH="175" HEIGHT="30" WC="0.96" CONTENT="utlåtande"/><SP WIDTH="25" VPOS="148" HPOS="1219"/>
							<String ID="string_4" HPOS="1244" VPOS="158" WIDTH="41" HEIGHT="20" WC="0.95" CONTENT="nr"/><SP WIDTH="19" VPOS="158" HPOS="1285"/>
							<String ID="string_5" HPOS="1304" VPOS="150" WIDTH="49" HEIGHT="30" WC="0.95" CONTENT="33."/>
						</TextLine>
					</TextBlock>
				</ComposedBlock>
				<ComposedBlock ID="cblock_1" HPOS="239" VPOS="231" WIDTH="1507" HEIGHT="391">
					<TextBlock ID="block_1" HPOS="239" VPOS="231" WIDTH="1507" HEIGHT="233">
						<TextLine ID="line_1" HPOS="288" VPOS="231" WIDTH="1457" HEIGHT="39">
							<String ID="string_6" HPOS="288" VPOS="232" WIDTH="53" HEIGHT="30" WC="0.96" CONTENT="En"/><SP WIDTH="21" VPOS="232" HPOS="341"/>
							<String ID="string_7" HPOS="362" VPOS="231" WIDTH="258" HEIGHT="37" WC="0.96" CONTENT="undersökning"/><SP WIDTH="24" VPOS="231" HPOS="620"/>
							<String ID="string_8" HPOS="644" VPOS="241" WIDTH="41" HEIGHT="20" WC="0.96" CONTENT="av"/><SP WIDTH="24" VPOS="241" HPOS="685"/>
							<String ID="string_9" HPOS="709" VPOS="232" WIDTH="40" HEIGHT="30" WC="0.96" CONTENT="de"/><SP WIDTH="23" VPOS="232" HPOS="749"/>
							<String ID="string_10" HPOS="772" VPOS="232" WIDTH="104" HEIGHT="36" WC="0.96" CONTENT="enligt"/><SP WIDTH="22" VPOS="232" HPOS="876"/>
							<String ID="string_11" HPOS="898" VPOS="233" WIDTH="216" HEIGHT="35" WC="0.96" CONTENT="vattenlagen"/><SP WIDTH="21" VPOS="233" HPOS="1114"/>
							<String ID="string_12" HPOS="1135" VPOS="232" WIDTH="225" HEIGHT="36" WC="0.93" CONTENT="genomförda"/><SP WIDTH="21" VPOS="232" HPOS="1360"/>
							<String ID="string_13" HPOS="1381" VPOS="233" WIDTH="364" HEIGHT="37" WC="0.92" CONTENT="regleringsföretagen"/>
						</TextLine>
						<TextLine ID="line_2" HPOS="243" VPOS="281" WIDTH="1501" HEIGHT="39">
							<String ID="string_14" HPOS="243" VPOS="281" WIDTH="101" HEIGHT="36" WC="0.96" CONTENT="visar,"/><SP WIDTH="24" VPOS="281" HPOS="344"/>
							<String ID="string_15" HPOS="368" VPOS="285" WIDTH="48" HEIGHT="27" WC="0.93" CONTENT="att"/><SP WIDTH="23" VPOS="285" HPOS="416"/>
							<String ID="string_16" HPOS="439" VPOS="282" WIDTH="295" HEIGHT="36" WC="0.91" CONTENT="regleringsavgift"/><SP WIDTH="21" VPOS="282" HPOS="734"/>
							<String ID="string_17" HPOS="755" VPOS="282" WIDTH="121" HEIGHT="30" WC="0.96" CONTENT="endast"/><SP WIDTH="25" VPOS="282" HPOS="876"/>
							<String ID="string_18" HPOS="901" VPOS="283" WIDTH="110" HEIGHT="31" WC="0.95" CONTENT="sällan"/><SP WIDTH="25" VPOS="283" HPOS="1011"/>
							<String ID="string_19" HPOS="1036" VPOS="283" WIDTH="178" HEIGHT="30" WC="0.95" CONTENT="fastställts"/><SP WIDTH="26" VPOS="283" HPOS="1214"/>
							<String ID="string_20" HPOS="1240" VPOS="283" WIDTH="50" HEIGHT="30" WC="0.96" CONTENT="till"/><SP WIDTH="22" VPOS="283" HPOS="1290"/>
							<String ID="string_21" HPOS="1312" VPOS="282" WIDTH="37" HEIGHT="31" WC="0.95" CONTENT="så"/><SP WIDTH="21" VPOS="282" HPOS="1349"/>
							<String ID="string_22" HPOS="1370" VPOS="283" WIDTH="82" HEIGHT="36" WC="0.96" CONTENT="högt"/><SP WIDTH="24" VPOS="283" HPOS="1452"/>
							<String ID="string_23" HPOS="1476" VPOS="284" WIDTH="123" HEIGHT="36" WC="0.96" CONTENT="belopp"/><SP WIDTH="26" VPOS="284" HPOS="1599"/>
							<String ID="string_24" HPOS="1625" VPOS="294" WIDTH="75" HEIGHT="20" WC="0.96" CONTENT="som"/><SP WIDTH="25" VPOS="294" HPOS="1700"/>
							<String ID="string_25" HPOS="1725" VPOS="286" WIDTH="19" HEIGHT="29" WC="0.95" CONTENT="2"/>
						</TextLine>
						<TextLine ID="line_3" HPOS="242" VPOS="332" WIDTH="1502" HEIGHT="37">
							<String ID="string_26" HPOS="242" VPOS="333" WIDTH="128" HEIGHT="29" WC="0.96" CONTENT="kronor"/><SP WIDTH="21" VPOS="333" HPOS="370"/>
							<String ID="string_27" HPOS="391" VPOS="333" WIDTH="79" HEIGHT="29" WC="0.96" CONTENT="eller"/><SP WIDTH="21" VPOS="333" HPOS="470"/>
							<String ID="string_28" HPOS="491" VPOS="333" WIDTH="184" HEIGHT="30" WC="0.96" CONTENT="därutöver"/><SP WIDTH="20" VPOS="333" HPOS="675"/>
							<String ID="string_29" HPOS="695" VPOS="333" WIDTH="55" HEIGHT="30" WC="0.96" CONTENT="för"/><SP WIDTH="20" VPOS="333" HPOS="750"/>
							<String ID="string_30" HPOS="770" VPOS="332" WIDTH="95" HEIGHT="37" WC="0.96" CONTENT="varje"/><SP WIDTH="25" VPOS="332" HPOS="865"/>
							<String ID="string_31" HPOS="890" VPOS="333" WIDTH="5" HEIGHT="30" WC="0.96" CONTENT="i"/><SP WIDTH="23" VPOS="333" HPOS="895"/>
							<String ID="string_32" HPOS="918" VPOS="334" WIDTH="161" HEIGHT="29" WC="0.96" CONTENT="medeltal"/><SP WIDTH="20" VPOS="334" HPOS="1079"/>
							<String ID="string_33" HPOS="1099" VPOS="343" WIDTH="138" HEIGHT="21" WC="0.92" CONTENT="vunnen"/><SP WIDTH="22" VPOS="343" HPOS="1237"/>
							<String ID="string_34" HPOS="1259" VPOS="334" WIDTH="299" HEIGHT="31" WC="0.90" CONTENT="turbinhästkraft."/><SP WIDTH="23" VPOS="334" HPOS="1558"/>
							<String ID="string_35" HPOS="1581" VPOS="335" WIDTH="13" HEIGHT="29" WC="0.96" CONTENT="I"/><SP WIDTH="20" VPOS="335" HPOS="1594"/>
							<String ID="string_36" HPOS="1614" VPOS="339" WIDTH="47" HEIGHT="27" WC="0.96" CONTENT="ett"/><SP WIDTH="21" VPOS="339" HPOS="1661"/>
							<String ID="string_37" HPOS="1682" VPOS="335" WIDTH="62" HEIGHT="31" WC="0.95" CONTENT="fall"/>
						</TextLine>
						<TextLine ID="line_4" HPOS="243" VPOS="381" WIDTH="1503" HEIGHT="40">
							<String ID="string_38" HPOS="243" VPOS="381" WIDTH="67" HEIGHT="30" WC="0.93" CONTENT="har"/><SP WIDTH="17" VPOS="381" HPOS="310"/>
							<String ID="string_39" HPOS="327" VPOS="382" WIDTH="150" HEIGHT="29" WC="0.92" CONTENT="utdömts"/><SP WIDTH="21" VPOS="382" HPOS="477"/>
							<String ID="string_40" HPOS="498" VPOS="383" WIDTH="18" HEIGHT="29" WC="0.96" CONTENT="2"/><SP WIDTH="19" VPOS="383" HPOS="516"/>
							<String ID="string_41" HPOS="535" VPOS="382" WIDTH="129" HEIGHT="30" WC="0.96" CONTENT="kronor"/><SP WIDTH="17" VPOS="382" HPOS="664"/>
							<String ID="string_42" HPOS="681" VPOS="383" WIDTH="41" HEIGHT="29" WC="0.96" CONTENT="50"/><SP WIDTH="20" VPOS="383" HPOS="722"/>
							<String ID="string_43" HPOS="742" VPOS="384" WIDTH="58" HEIGHT="29" WC="0.96" CONTENT="öre"/><SP WIDTH="16" VPOS="384" HPOS="800"/>
							<String ID="string_44" HPOS="816" VPOS="382" WIDTH="54" HEIGHT="31" WC="0.93" CONTENT="för"/><SP WIDTH="18" VPOS="382" HPOS="870"/>
							<String ID="string_45" HPOS="888" VPOS="383" WIDTH="301" HEIGHT="31" WC="0.91" CONTENT="turbinhästkraft."/><SP WIDTH="21" VPOS="383" HPOS="1189"/>
							<String ID="string_46" HPOS="1210" VPOS="384" WIDTH="101" HEIGHT="30" WC="0.96" CONTENT="Detta"/><SP WIDTH="18" VPOS="384" HPOS="1311"/>
							<String ID="string_47" HPOS="1329" VPOS="384" WIDTH="132" HEIGHT="37" WC="0.96" CONTENT="företag"/><SP WIDTH="15" VPOS="384" HPOS="1461"/>
							<String ID="string_48" HPOS="1476" VPOS="385" WIDTH="65" HEIGHT="30" WC="0.96" CONTENT="har"/><SP WIDTH="16" VPOS="385" HPOS="1541"/>
							<String ID="string_49" HPOS="1557" VPOS="386" WIDTH="189" HEIGHT="30" WC="0.95" CONTENT="emellertid"/>
						</TextLine>
						<TextLine ID="line_5" HPOS="239" VPOS="432" WIDTH="233" HEIGHT="32">
							<String ID="string_50" HPOS="239" VPOS="432" WIDTH="78" HEIGHT="31" WC="0.96" CONTENT="icke"/><SP WIDTH="22" VPOS="432" HPOS="317"/>
							<String ID="string_51" HPOS="339" VPOS="433" WIDTH="133" HEIGHT="31" WC="0.96" CONTENT="utförts."/>
						</TextLine>
					</TextBlock>
					<TextBlock ID="block_2" HPOS="241" VPOS="482" WIDTH="1504" HEIGHT="140">
						<TextLine ID="line_6" HPOS="288" VPOS="482" WIDTH="1456" HEIGHT="41">
							<String ID="string_52" HPOS="288" VPOS="482" WIDTH="118" HEIGHT="31" WC="0.96" CONTENT="Såsom"/><SP WIDTH="17" VPOS="482" HPOS="406"/>
							<String ID="string_53" HPOS="423" VPOS="482" WIDTH="153" HEIGHT="38" WC="0.96" CONTENT="framgår"/><SP WIDTH="16" VPOS="482" HPOS="576"/>
							<String ID="string_54" HPOS="592" VPOS="493" WIDTH="41" HEIGHT="21" WC="0.96" CONTENT="av"/><SP WIDTH="17" VPOS="493" HPOS="633"/>
							<String ID="string_55" HPOS="650" VPOS="485" WIDTH="56" HEIGHT="29" WC="0.96" CONTENT="det"/><SP WIDTH="16" VPOS="485" HPOS="706"/>
							<String ID="string_56" HPOS="722" VPOS="484" WIDTH="205" HEIGHT="37" WC="0.96" CONTENT="föregående"/><SP WIDTH="17" VPOS="484" HPOS="927"/>
							<String ID="string_57" HPOS="944" VPOS="486" WIDTH="38" HEIGHT="29" WC="0.96" CONTENT="är"/><SP WIDTH="17" VPOS="486" HPOS="982"/>
							<String ID="string_58" HPOS="999" VPOS="486" WIDTH="55" HEIGHT="30" WC="0.96" CONTENT="det"/><SP WIDTH="17" VPOS="486" HPOS="1054"/>
							<String ID="string_59" HPOS="1071" VPOS="485" WIDTH="120" HEIGHT="30" WC="0.96" CONTENT="endast"/><SP WIDTH="20" VPOS="485" HPOS="1191"/>
							<String ID="string_60" HPOS="1211" VPOS="486" WIDTH="5" HEIGHT="29" WC="0.96" CONTENT="i"/><SP WIDTH="20" VPOS="486" HPOS="1216"/>
							<String ID="string_61" HPOS="1236" VPOS="486" WIDTH="222" HEIGHT="31" WC="0.96" CONTENT="Norrbottens"/><SP WIDTH="18" VPOS="486" HPOS="1458"/>
							<String ID="string_62" HPOS="1476" VPOS="487" WIDTH="57" HEIGHT="30" WC="0.96" CONTENT="län"/><SP WIDTH="15" VPOS="487" HPOS="1533"/>
							<String ID="string_63" HPOS="1548" VPOS="496" WIDTH="75" HEIGHT="21" WC="0.93" CONTENT="som"/><SP WIDTH="16" VPOS="496" HPOS="1623"/>
							<String ID="string_64" HPOS="1639" VPOS="486" WIDTH="105" HEIGHT="37" WC="0.92" CONTENT="regle-"/>
						</TextLine>
						<TextLine ID="line_7" HPOS="241" VPOS="532" WIDTH="1504" HEIGHT="44">
							<String ID="string_65" HPOS="241" VPOS="532" WIDTH="289" HEIGHT="38" WC="0.82" CONTENT="ringsavgifterna"/><SP WIDTH="21" VPOS="532" HPOS="530"/>
							<String ID="string_66" HPOS="551" VPOS="534" WIDTH="146" HEIGHT="30" WC="0.95" CONTENT="kommit"/><SP WIDTH="23" VPOS="534" HPOS="697"/>
							<String ID="string_67" HPOS="720" VPOS="534" WIDTH="51" HEIGHT="30" WC="0.95" CONTENT="till"/><SP WIDTH="21" VPOS="534" HPOS="771"/>
							<String ID="string_68" HPOS="792" VPOS="534" WIDTH="231" HEIGHT="37" WC="0.95" CONTENT="användning."/><SP WIDTH="23" VPOS="534" HPOS="1023"/>
							<String ID="string_69" HPOS="1046" VPOS="535" WIDTH="70" HEIGHT="30" WC="0.96" CONTENT="Där"/><SP WIDTH="23" VPOS="535" HPOS="1116"/>
							<String ID="string_70" HPOS="1139" VPOS="536" WIDTH="63" HEIGHT="29" WC="0.96" CONTENT="har"/><SP WIDTH="23" VPOS="536" HPOS="1202"/>
							<String ID="string_71" HPOS="1225" VPOS="536" WIDTH="111" HEIGHT="29" WC="0.95" CONTENT="under"/><SP WIDTH="21" VPOS="536" HPOS="1336"/>
							<String ID="string_72" HPOS="1357" VPOS="536" WIDTH="93" HEIGHT="31" WC="0.95" CONTENT="tiden"/><SP WIDTH="26" VPOS="536" HPOS="1450"/>
							<String ID="string_73" HPOS="1476" VPOS="536" WIDTH="49" HEIGHT="30" WC="0.96" CONTENT="till"/><SP WIDTH="26" VPOS="536" HPOS="1525"/>
							<String ID="string_74" HPOS="1551" VPOS="536" WIDTH="65" HEIGHT="30" WC="0.96" CONTENT="den"/><SP WIDTH="26" VPOS="536" HPOS="1616"/>
							<String ID="string_75" HPOS="1642" VPOS="538" WIDTH="14" HEIGHT="29" WC="0.95" CONTENT="1"/><SP WIDTH="25" VPOS="538" HPOS="1656"/>
							<String ID="string_76" HPOS="1681" VPOS="536" WIDTH="64" HEIGHT="40" WC="0.95" CONTENT="juli"/>
						</TextLine>
						<TextLine ID="line_8" HPOS="246" VPOS="584" WIDTH="1311" HEIGHT="38">
							<String ID="string_77" HPOS="246" VPOS="584" WIDTH="83" HEIGHT="30" WC="0.96" CONTENT="1942"/><SP WIDTH="21" VPOS="584" HPOS="329"/>
							<String ID="string_78" HPOS="350" VPOS="584" WIDTH="183" HEIGHT="30" WC="0.96" CONTENT="utbetalats"/><SP WIDTH="19" VPOS="584" HPOS="533"/>
							<String ID="string_79" HPOS="552" VPOS="584" WIDTH="159" HEIGHT="37" WC="0.93" CONTENT="omkring"/><SP WIDTH="18" VPOS="584" HPOS="711"/>
							<String ID="string_80" HPOS="729" VPOS="585" WIDTH="139" HEIGHT="36" WC="0.90" CONTENT="250,000"/><SP WIDTH="21" VPOS="585" HPOS="868"/>
							<String ID="string_81" HPOS="889" VPOS="585" WIDTH="139" HEIGHT="36" WC="0.96" CONTENT="kronor,"/><SP WIDTH="20" VPOS="585" HPOS="1028"/>
							<String ID="string_82" HPOS="1048" VPOS="595" WIDTH="74" HEIGHT="20" WC="0.96" CONTENT="som"/><SP WIDTH="22" VPOS="595" HPOS="1122"/>
							<String ID="string_83" HPOS="1144" VPOS="584" WIDTH="71" HEIGHT="38" WC="0.95" CONTENT="gått"/><SP WIDTH="18" VPOS="584" HPOS="1215"/>
							<String ID="string_84" HPOS="1233" VPOS="586" WIDTH="50" HEIGHT="30" WC="0.93" CONTENT="till"/><SP WIDTH="19" VPOS="586" HPOS="1283"/>
							<String ID="string_85" HPOS="1302" VPOS="586" WIDTH="255" HEIGHT="36" WC="0.91" CONTENT="lappväsendet."/>
						</TextLine>
					</TextBlock>
				</ComposedBlock>
				<ComposedBlock ID="cblock_2" HPOS="235" VPOS="703" WIDTH="553" HEIGHT="35">
					<TextBlock ID="block_3" HPOS="235" VPOS="703" WIDTH="553" HEIGHT="35">
						<TextLine ID="line_9" HPOS="235" VPOS="703" WIDTH="553" HEIGHT="35">
							<String ID="string_86" HPOS="235" VPOS="703" WIDTH="276" HEIGHT="34" WC="0.95" CONTENT="Framställningar"/><SP WIDTH="19" VPOS="703" HPOS="511"/>
							<String ID="string_87" HPOS="530" VPOS="712" WIDTH="46" HEIGHT="19" WC="0.96" CONTENT="om"/><SP WIDTH="21" VPOS="712" HPOS="576"/>
							<String ID="string_88" HPOS="597" VPOS="705" WIDTH="191" HEIGHT="33" WC="0.96" CONTENT="lagändring."/>
						</TextLine>
					</TextBlock>
				</ComposedBlock>
				<ComposedBlock ID="cblock_3" HPOS="242" VPOS="759" WIDTH="1503" HEIGHT="191">
					<TextBlock ID="block_4" HPOS="242" VPOS="759" WIDTH="1503" HEIGHT="191">
						<TextLine ID="line_10" HPOS="289" VPOS="759" WIDTH="1455" HEIGHT="40">
							<String ID="string_89" HPOS="289" VPOS="759" WIDTH="258" HEIGHT="36" WC="0.96" CONTENT="Länsstyrelsen"/><SP WIDTH="16" VPOS="759" HPOS="547"/>
							<String ID="string_90" HPOS="563" VPOS="761" WIDTH="11" HEIGHT="29" WC="0.95" CONTENT="i"/><SP WIDTH="16" VPOS="761" HPOS="574"/>
							<String ID="string_91" HPOS="590" VPOS="760" WIDTH="195" HEIGHT="31" WC="0.96" CONTENT="Jämtlands"/><SP WIDTH="16" VPOS="760" HPOS="785"/>
							<String ID="string_92" HPOS="801" VPOS="761" WIDTH="56" HEIGHT="30" WC="0.96" CONTENT="län"/><SP WIDTH="17" VPOS="761" HPOS="857"/>
							<String ID="string_93" HPOS="874" VPOS="762" WIDTH="63" HEIGHT="29" WC="0.96" CONTENT="har"/><SP WIDTH="19" VPOS="762" HPOS="937"/>
							<String ID="string_94" HPOS="956" VPOS="762" WIDTH="11" HEIGHT="29" WC="0.96" CONTENT="i"/><SP WIDTH="17" VPOS="762" HPOS="967"/>
							<String ID="string_95" HPOS="984" VPOS="762" WIDTH="162" HEIGHT="30" WC="0.96" CONTENT="skrivelse"/><SP WIDTH="16" VPOS="762" HPOS="1146"/>
							<String ID="string_96" HPOS="1162" VPOS="762" WIDTH="67" HEIGHT="30" WC="0.96" CONTENT="den"/><SP WIDTH="18" VPOS="762" HPOS="1229"/>
							<String ID="string_97" HPOS="1247" VPOS="763" WIDTH="39" HEIGHT="29" WC="0.96" CONTENT="19"/><SP WIDTH="16" VPOS="763" HPOS="1286"/>
							<String ID="string_98" HPOS="1302" VPOS="762" WIDTH="137" HEIGHT="37" WC="0.96" CONTENT="januari"/><SP WIDTH="22" VPOS="762" HPOS="1439"/>
							<String ID="string_99" HPOS="1461" VPOS="763" WIDTH="82" HEIGHT="30" WC="0.93" CONTENT="1942"/><SP WIDTH="17" VPOS="763" HPOS="1543"/>
							<String ID="string_100" HPOS="1560" VPOS="763" WIDTH="184" HEIGHT="35" WC="0.92" CONTENT="hemställt,"/>
						</TextLine>
						<TextLine ID="line_11" HPOS="243" VPOS="809" WIDTH="1502" HEIGHT="40">
							<String ID="string_101" HPOS="243" VPOS="812" WIDTH="50" HEIGHT="27" WC="0.96" CONTENT="att"/><SP WIDTH="21" VPOS="812" HPOS="293"/>
							<String ID="string_102" HPOS="314" VPOS="810" WIDTH="120" HEIGHT="36" WC="0.92" CONTENT="Kungl."/><SP WIDTH="22" VPOS="810" HPOS="434"/>
							<String ID="string_103" HPOS="456" VPOS="809" WIDTH="104" HEIGHT="37" WC="0.95" CONTENT="Maj:t"/><SP WIDTH="16" VPOS="809" HPOS="560"/>
							<String ID="string_104" HPOS="576" VPOS="809" WIDTH="104" HEIGHT="32" WC="0.93" CONTENT="måtte"/><SP WIDTH="20" VPOS="809" HPOS="680"/>
							<String ID="string_105" HPOS="700" VPOS="811" WIDTH="136" HEIGHT="37" WC="0.96" CONTENT="vidtaga"/><SP WIDTH="19" VPOS="811" HPOS="836"/>
							<String ID="string_106" HPOS="855" VPOS="810" WIDTH="158" HEIGHT="38" WC="0.96" CONTENT="åtgärder"/><SP WIDTH="18" VPOS="810" HPOS="1013"/>
							<String ID="string_107" HPOS="1031" VPOS="813" WIDTH="9" HEIGHT="29" WC="0.96" CONTENT="i"/><SP WIDTH="19" VPOS="813" HPOS="1040"/>
							<String ID="string_108" HPOS="1059" VPOS="813" WIDTH="87" HEIGHT="36" WC="0.96" CONTENT="syfte"/><SP WIDTH="21" VPOS="813" HPOS="1146"/>
							<String ID="string_109" HPOS="1167" VPOS="815" WIDTH="49" HEIGHT="27" WC="0.96" CONTENT="att"/><SP WIDTH="21" VPOS="815" HPOS="1216"/>
							<String ID="string_110" HPOS="1237" VPOS="811" WIDTH="240" HEIGHT="33" WC="0.96" CONTENT="åstadkomma"/><SP WIDTH="20" VPOS="811" HPOS="1477"/>
							<String ID="string_111" HPOS="1497" VPOS="822" WIDTH="42" HEIGHT="21" WC="0.96" CONTENT="en"/><SP WIDTH="18" VPOS="822" HPOS="1539"/>
							<String ID="string_112" HPOS="1557" VPOS="813" WIDTH="102" HEIGHT="36" WC="0.96" CONTENT="riktig"/><SP WIDTH="19" VPOS="813" HPOS="1659"/>
							<String ID="string_113" HPOS="1678" VPOS="814" WIDTH="67" HEIGHT="29" WC="0.96" CONTENT="och"/>
						</TextLine>
						<TextLine ID="line_12" HPOS="242" VPOS="860" WIDTH="1502" HEIGHT="39">
							<String ID="string_114" HPOS="242" VPOS="860" WIDTH="120" HEIGHT="30" WC="0.96" CONTENT="rättvis"/><SP WIDTH="22" VPOS="860" HPOS="362"/>
							<String ID="string_115" HPOS="384" VPOS="861" WIDTH="169" HEIGHT="36" WC="0.96" CONTENT="reglering"/><SP WIDTH="17" VPOS="861" HPOS="553"/>
							<String ID="string_116" HPOS="570" VPOS="870" WIDTH="42" HEIGHT="21" WC="0.93" CONTENT="av"/><SP WIDTH="20" VPOS="870" HPOS="612"/>
							<String ID="string_117" HPOS="632" VPOS="861" WIDTH="323" HEIGHT="38" WC="0.91" CONTENT="ersättningsfrågor"/><SP WIDTH="20" VPOS="861" HPOS="955"/>
							<String ID="string_118" HPOS="975" VPOS="863" WIDTH="10" HEIGHT="29" WC="0.96" CONTENT="i"/><SP WIDTH="21" VPOS="863" HPOS="985"/>
							<String ID="string_119" HPOS="1006" VPOS="863" WIDTH="169" HEIGHT="30" WC="0.96" CONTENT="samband"/><SP WIDTH="21" VPOS="863" HPOS="1175"/>
							<String ID="string_120" HPOS="1196" VPOS="863" WIDTH="80" HEIGHT="30" WC="0.96" CONTENT="med"/><SP WIDTH="23" VPOS="863" HPOS="1276"/>
							<String ID="string_121" HPOS="1299" VPOS="863" WIDTH="40" HEIGHT="30" WC="0.96" CONTENT="de"/><SP WIDTH="23" VPOS="863" HPOS="1339"/>
							<String ID="string_122" HPOS="1362" VPOS="863" WIDTH="138" HEIGHT="30" WC="0.96" CONTENT="särskilt"/><SP WIDTH="20" VPOS="863" HPOS="1500"/>
							<String ID="string_123" HPOS="1520" VPOS="863" WIDTH="93" HEIGHT="30" WC="0.93" CONTENT="inom"/><SP WIDTH="23" VPOS="863" HPOS="1613"/>
							<String ID="string_124" HPOS="1636" VPOS="864" WIDTH="108" HEIGHT="30" WC="0.91" CONTENT="Jämt-"/>
						</TextLine>
						<TextLine ID="line_13" HPOS="242" VPOS="910" WIDTH="1252" HEIGHT="40">
							<String ID="string_125" HPOS="242" VPOS="910" WIDTH="101" HEIGHT="30" WC="0.96" CONTENT="lands"/><SP WIDTH="16" VPOS="910" HPOS="343"/>
							<String ID="string_126" HPOS="359" VPOS="911" WIDTH="57" HEIGHT="31" WC="0.96" CONTENT="län"/><SP WIDTH="18" VPOS="911" HPOS="416"/>
							<String ID="string_127" HPOS="434" VPOS="910" WIDTH="178" HEIGHT="37" WC="0.96" CONTENT="pågående"/><SP WIDTH="17" VPOS="910" HPOS="612"/>
							<String ID="string_128" HPOS="629" VPOS="915" WIDTH="92" HEIGHT="28" WC="0.93" CONTENT="stora"/><SP WIDTH="18" VPOS="915" HPOS="721"/>
							<String ID="string_129" HPOS="739" VPOS="911" WIDTH="252" HEIGHT="38" WC="0.91" CONTENT="sjöreglerings-"/><SP WIDTH="20" VPOS="911" HPOS="991"/>
							<String ID="string_130" HPOS="1011" VPOS="914" WIDTH="65" HEIGHT="29" WC="0.93" CONTENT="och"/><SP WIDTH="18" VPOS="914" HPOS="1076"/>
							<String ID="string_131" HPOS="1094" VPOS="913" WIDTH="400" HEIGHT="37" WC="0.92" CONTENT="kraftanläggningarna."/>
						</TextLine>
					</TextBlock>
				</ComposedBlock>
				<ComposedBlock ID="cblock_4" HPOS="238" VPOS="969" WIDTH="1508" HEIGHT="1133">
					<TextBlock ID="block_5" HPOS="238" VPOS="969" WIDTH="1508" HEIGHT="1133">
						<TextLine ID="line_14" HPOS="332" VPOS="969" WIDTH="1413" HEIGHT="40">
							<String ID="string_132" HPOS="332" VPOS="969" WIDTH="258" HEIGHT="38" WC="0.96" CONTENT="Länsstyrelsen"/><SP WIDTH="14" VPOS="969" HPOS="590"/>
							<String ID="string_133" HPOS="604" VPOS="970" WIDTH="146" HEIGHT="31" WC="0.96" CONTENT="anförde"/><SP WIDTH="15" VPOS="970" HPOS="750"/>
							<String ID="string_134" HPOS="765" VPOS="971" WIDTH="129" HEIGHT="35" WC="0.96" CONTENT="därvid,"/><SP WIDTH="18" VPOS="971" HPOS="894"/>
							<String ID="string_135" HPOS="912" VPOS="974" WIDTH="48" HEIGHT="27" WC="0.93" CONTENT="att"/><SP WIDTH="16" VPOS="974" HPOS="960"/>
							<String ID="string_136" HPOS="976" VPOS="971" WIDTH="373" HEIGHT="38" WC="0.91" CONTENT="sjöregleringsföretag"/><SP WIDTH="17" VPOS="971" HPOS="1349"/>
							<String ID="string_137" HPOS="1366" VPOS="972" WIDTH="119" HEIGHT="30" WC="0.96" CONTENT="dittills"/><SP WIDTH="17" VPOS="972" HPOS="1485"/>
							<String ID="string_138" HPOS="1502" VPOS="973" WIDTH="89" HEIGHT="30" WC="0.93" CONTENT="hade"/><SP WIDTH="16" VPOS="973" HPOS="1591"/>
							<String ID="string_139" HPOS="1607" VPOS="981" WIDTH="138" HEIGHT="28" WC="0.92" CONTENT="genom-"/>
						</TextLine>
						<TextLine ID="line_15" HPOS="241" VPOS="1010" WIDTH="1505" HEIGHT="41">
							<String ID="string_140" HPOS="241" VPOS="1010" WIDTH="87" HEIGHT="31" WC="0.96" CONTENT="förts"/><SP WIDTH="16" VPOS="1010" HPOS="328"/>
							<String ID="string_141" HPOS="344" VPOS="1012" WIDTH="9" HEIGHT="29" WC="0.96" CONTENT="i"/><SP WIDTH="17" VPOS="1012" HPOS="353"/>
							<String ID="string_142" HPOS="370" VPOS="1011" WIDTH="74" HEIGHT="37" WC="0.93" CONTENT="sjön"/><SP WIDTH="19" VPOS="1011" HPOS="444"/>
							<String ID="string_143" HPOS="463" VPOS="1013" WIDTH="133" HEIGHT="29" WC="0.91" CONTENT="Torrön"/><SP WIDTH="17" VPOS="1013" HPOS="596"/>
							<String ID="string_144" HPOS="613" VPOS="1014" WIDTH="63" HEIGHT="29" WC="0.92" CONTENT="och"/><SP WIDTH="21" VPOS="1014" HPOS="676"/>
							<String ID="string_145" HPOS="697" VPOS="1013" WIDTH="145" HEIGHT="38" WC="0.92" CONTENT="påginge"/><SP WIDTH="17" VPOS="1013" HPOS="842"/>
							<String ID="string_146" HPOS="859" VPOS="1015" WIDTH="80" HEIGHT="29" WC="0.96" CONTENT="eller"/><SP WIDTH="18" VPOS="1015" HPOS="939"/>
							<String ID="string_147" HPOS="957" VPOS="1015" WIDTH="212" HEIGHT="36" WC="0.95" CONTENT="planerades,"/><SP WIDTH="18" VPOS="1015" HPOS="1169"/>
							<String ID="string_148" HPOS="1187" VPOS="1015" WIDTH="68" HEIGHT="30" WC="0.96" CONTENT="tills"/><SP WIDTH="19" VPOS="1015" HPOS="1255"/>
							<String ID="string_149" HPOS="1274" VPOS="1016" WIDTH="114" HEIGHT="29" WC="0.95" CONTENT="vidare"/><SP WIDTH="18" VPOS="1016" HPOS="1388"/>
							<String ID="string_150" HPOS="1406" VPOS="1016" WIDTH="79" HEIGHT="30" WC="0.96" CONTENT="med"/><SP WIDTH="18" VPOS="1016" HPOS="1485"/>
							<String ID="string_151" HPOS="1503" VPOS="1017" WIDTH="75" HEIGHT="29" WC="0.96" CONTENT="stöd"/><SP WIDTH="20" VPOS="1017" HPOS="1578"/>
							<String ID="string_152" HPOS="1598" VPOS="1025" WIDTH="42" HEIGHT="21" WC="0.96" CONTENT="av"/><SP WIDTH="22" VPOS="1025" HPOS="1640"/>
							<String ID="string_153" HPOS="1662" VPOS="1016" WIDTH="84" HEIGHT="30" WC="0.96" CONTENT="1939"/>
						</TextLine>
						<TextLine ID="line_16" HPOS="240" VPOS="1052" WIDTH="1505" HEIGHT="42">
							<String ID="string_154" HPOS="240" VPOS="1052" WIDTH="57" HEIGHT="31" WC="0.96" CONTENT="års"/><SP WIDTH="39" VPOS="1052" HPOS="297"/>
							<String ID="string_155" HPOS="336" VPOS="1054" WIDTH="53" HEIGHT="37" WC="0.96" CONTENT="lag"/><SP WIDTH="36" VPOS="1054" HPOS="389"/>
							<String ID="string_156" HPOS="425" VPOS="1055" WIDTH="79" HEIGHT="29" WC="0.96" CONTENT="med"/><SP WIDTH="42" VPOS="1055" HPOS="504"/>
							<String ID="string_157" HPOS="546" VPOS="1056" WIDTH="169" HEIGHT="30" WC="0.96" CONTENT="särskilda"/><SP WIDTH="28" VPOS="1056" HPOS="715"/>
							<String ID="string_158" HPOS="743" VPOS="1057" WIDTH="256" HEIGHT="30" WC="0.96" CONTENT="bestämmelser"/><SP WIDTH="27" VPOS="1057" HPOS="999"/>
							<String ID="string_159" HPOS="1026" VPOS="1056" WIDTH="176" HEIGHT="37" WC="0.96" CONTENT="angående"/><SP WIDTH="28" VPOS="1056" HPOS="1202"/>
							<String ID="string_160" HPOS="1230" VPOS="1057" WIDTH="150" HEIGHT="37" WC="0.93" CONTENT="tillfällig"/><SP WIDTH="30" VPOS="1057" HPOS="1380"/>
							<String ID="string_161" HPOS="1410" VPOS="1058" WIDTH="294" HEIGHT="36" WC="0.90" CONTENT="vattenreglering,"/><SP WIDTH="32" VPOS="1058" HPOS="1704"/>
							<String ID="string_162" HPOS="1736" VPOS="1058" WIDTH="9" HEIGHT="30" WC="0.96" CONTENT="i"/>
						</TextLine>
						<TextLine ID="line_17" HPOS="241" VPOS="1094" WIDTH="1504" HEIGHT="42">
							<String ID="string_163" HPOS="241" VPOS="1094" WIDTH="140" HEIGHT="36" WC="0.89" CONTENT="sjöarna"/><SP WIDTH="39" VPOS="1094" HPOS="381"/>
							<String ID="string_164" HPOS="420" VPOS="1096" WIDTH="135" HEIGHT="36" WC="0.91" CONTENT="Juveln,"/><SP WIDTH="40" VPOS="1096" HPOS="555"/>
							<String ID="string_165" HPOS="595" VPOS="1097" WIDTH="229" HEIGHT="37" WC="0.91" CONTENT="Storrensjön,"/><SP WIDTH="29" VPOS="1097" HPOS="824"/>
							<String ID="string_166" HPOS="853" VPOS="1098" WIDTH="125" HEIGHT="37" WC="0.90" CONTENT="Anjan,"/><SP WIDTH="30" VPOS="1098" HPOS="978"/>
							<String ID="string_167" HPOS="1008" VPOS="1099" WIDTH="165" HEIGHT="36" WC="0.88" CONTENT="Kallsjön,"/><SP WIDTH="32" VPOS="1099" HPOS="1173"/>
							<String ID="string_168" HPOS="1205" VPOS="1100" WIDTH="164" HEIGHT="35" WC="0.88" CONTENT="Näckten,"/><SP WIDTH="33" VPOS="1100" HPOS="1369"/>
							<String ID="string_169" HPOS="1402" VPOS="1099" WIDTH="166" HEIGHT="36" WC="0.93" CONTENT="Storsjön,"/><SP WIDTH="34" VPOS="1099" HPOS="1568"/>
							<String ID="string_170" HPOS="1602" VPOS="1100" WIDTH="143" HEIGHT="36" WC="0.92" CONTENT="Hotags-"/>
						</TextLine>
						<TextLine ID="line_18" HPOS="241" VPOS="1136" WIDTH="1505" HEIGHT="43">
							<String ID="string_171" HPOS="241" VPOS="1136" WIDTH="78" HEIGHT="36" WC="0.96" CONTENT="sjön"/><SP WIDTH="34" VPOS="1136" HPOS="319"/>
							<String ID="string_172" HPOS="353" VPOS="1138" WIDTH="63" HEIGHT="30" WC="0.96" CONTENT="och"/><SP WIDTH="35" VPOS="1138" HPOS="416"/>
							<String ID="string_173" HPOS="451" VPOS="1138" WIDTH="192" HEIGHT="31" WC="0.95" CONTENT="Gesunden."/><SP WIDTH="36" VPOS="1138" HPOS="643"/>
							<String ID="string_174" HPOS="679" VPOS="1140" WIDTH="107" HEIGHT="30" WC="0.96" CONTENT="Dessa"/><SP WIDTH="33" VPOS="1140" HPOS="786"/>
							<String ID="string_175" HPOS="819" VPOS="1141" WIDTH="207" HEIGHT="36" WC="0.96" CONTENT="regleringar"/><SP WIDTH="35" VPOS="1141" HPOS="1026"/>
							<String ID="string_176" HPOS="1061" VPOS="1142" WIDTH="95" HEIGHT="30" WC="0.96" CONTENT="bleve"/><SP WIDTH="35" VPOS="1142" HPOS="1156"/>
							<String ID="string_177" HPOS="1191" VPOS="1151" WIDTH="43" HEIGHT="20" WC="0.96" CONTENT="av"/><SP WIDTH="40" VPOS="1151" HPOS="1234"/>
							<String ID="string_178" HPOS="1274" VPOS="1142" WIDTH="265" HEIGHT="36" WC="0.96" CONTENT="utomordentlig"/><SP WIDTH="33" VPOS="1142" HPOS="1539"/>
							<String ID="string_179" HPOS="1572" VPOS="1143" WIDTH="174" HEIGHT="36" WC="0.96" CONTENT="betydelse"/>
						</TextLine>
						<TextLine ID="line_19" HPOS="242" VPOS="1178" WIDTH="1503" HEIGHT="41">
							<String ID="string_180" HPOS="242" VPOS="1178" WIDTH="57" HEIGHT="31" WC="0.93" CONTENT="för"/><SP WIDTH="25" VPOS="1178" HPOS="299"/>
							<String ID="string_181" HPOS="324" VPOS="1180" WIDTH="360" HEIGHT="36" WC="0.90" CONTENT="kraftproduktionen."/><SP WIDTH="27" VPOS="1180" HPOS="684"/>
							<String ID="string_182" HPOS="711" VPOS="1181" WIDTH="292" HEIGHT="31" WC="0.96" CONTENT="Genomförandet"/><SP WIDTH="28" VPOS="1181" HPOS="1003"/>
							<String ID="string_183" HPOS="1031" VPOS="1192" WIDTH="42" HEIGHT="20" WC="0.96" CONTENT="av"/><SP WIDTH="26" VPOS="1192" HPOS="1073"/>
							<String ID="string_184" HPOS="1099" VPOS="1183" WIDTH="40" HEIGHT="30" WC="0.96" CONTENT="de"/><SP WIDTH="24" VPOS="1183" HPOS="1139"/>
							<String ID="string_185" HPOS="1163" VPOS="1193" WIDTH="47" HEIGHT="20" WC="0.96" CONTENT="nu"/><SP WIDTH="26" VPOS="1193" HPOS="1210"/>
							<String ID="string_186" HPOS="1236" VPOS="1182" WIDTH="189" HEIGHT="37" WC="0.96" CONTENT="påbörjade"/><SP WIDTH="27" VPOS="1182" HPOS="1425"/>
							<String ID="string_187" HPOS="1452" VPOS="1183" WIDTH="80" HEIGHT="30" WC="0.95" CONTENT="eller"/><SP WIDTH="27" VPOS="1183" HPOS="1532"/>
							<String ID="string_188" HPOS="1559" VPOS="1184" WIDTH="186" HEIGHT="35" WC="0.96" CONTENT="planerade"/>
						</TextLine>
						<TextLine ID="line_20" HPOS="242" VPOS="1221" WIDTH="1502" HEIGHT="40">
							<String ID="string_189" HPOS="242" VPOS="1221" WIDTH="255" HEIGHT="37" WC="0.92" CONTENT="regleringarna"/><SP WIDTH="16" VPOS="1221" HPOS="497"/>
							<String ID="string_190" HPOS="513" VPOS="1232" WIDTH="43" HEIGHT="20" WC="0.95" CONTENT="av"/><SP WIDTH="17" VPOS="1232" HPOS="556"/>
							<String ID="string_191" HPOS="573" VPOS="1223" WIDTH="156" HEIGHT="36" WC="0.95" CONTENT="samtliga"/><SP WIDTH="19" VPOS="1223" HPOS="729"/>
							<String ID="string_192" HPOS="748" VPOS="1224" WIDTH="97" HEIGHT="29" WC="0.96" CONTENT="dessa"/><SP WIDTH="17" VPOS="1224" HPOS="845"/>
							<String ID="string_193" HPOS="862" VPOS="1224" WIDTH="92" HEIGHT="37" WC="0.93" CONTENT="sjöar"/><SP WIDTH="14" VPOS="1224" HPOS="954"/>
							<String ID="string_194" HPOS="968" VPOS="1225" WIDTH="139" HEIGHT="30" WC="0.96" CONTENT="komme"/><SP WIDTH="18" VPOS="1225" HPOS="1107"/>
							<String ID="string_195" HPOS="1125" VPOS="1228" WIDTH="47" HEIGHT="27" WC="0.96" CONTENT="att"/><SP WIDTH="16" VPOS="1228" HPOS="1172"/>
							<String ID="string_196" HPOS="1188" VPOS="1225" WIDTH="77" HEIGHT="36" WC="0.96" CONTENT="giva"/><SP WIDTH="17" VPOS="1225" HPOS="1265"/>
							<String ID="string_197" HPOS="1282" VPOS="1234" WIDTH="40" HEIGHT="21" WC="0.93" CONTENT="en"/><SP WIDTH="17" VPOS="1234" HPOS="1322"/>
							<String ID="string_198" HPOS="1339" VPOS="1225" WIDTH="205" HEIGHT="36" WC="0.92" CONTENT="energivinst"/><SP WIDTH="16" VPOS="1225" HPOS="1544"/>
							<String ID="string_199" HPOS="1560" VPOS="1226" WIDTH="10" HEIGHT="29" WC="0.93" CONTENT="i"/><SP WIDTH="15" VPOS="1226" HPOS="1570"/>
							<String ID="string_200" HPOS="1585" VPOS="1226" WIDTH="159" HEIGHT="30" WC="0.92" CONTENT="storleks-"/>
						</TextLine>
						<TextLine ID="line_21" HPOS="242" VPOS="1263" WIDTH="1503" HEIGHT="40">
							<String ID="string_201" HPOS="242" VPOS="1263" WIDTH="190" HEIGHT="37" WC="0.96" CONTENT="ordningen"/><SP WIDTH="23" VPOS="1263" HPOS="432"/>
							<String ID="string_202" HPOS="455" VPOS="1266" WIDTH="14" HEIGHT="28" WC="0.93" CONTENT="1"/><SP WIDTH="17" VPOS="1266" HPOS="469"/>
							<String ID="string_203" HPOS="486" VPOS="1265" WIDTH="64" HEIGHT="30" WC="0.93" CONTENT="000"/><SP WIDTH="18" VPOS="1265" HPOS="550"/>
							<String ID="string_204" HPOS="568" VPOS="1264" WIDTH="160" HEIGHT="37" WC="0.93" CONTENT="miljoner"/><SP WIDTH="33" VPOS="1264" HPOS="728"/>
							<String ID="string_205" HPOS="761" VPOS="1266" WIDTH="8" HEIGHT="29" WC="0.90" CONTENT="k"/><SP WIDTH="3" VPOS="1266" HPOS="769"/>
							<String ID="string_206" HPOS="772" VPOS="1266" WIDTH="77" HEIGHT="30" WC="0.90" CONTENT="Wh."/><SP WIDTH="18" VPOS="1266" HPOS="849"/>
							<String ID="string_207" HPOS="867" VPOS="1266" WIDTH="431" HEIGHT="37" WC="0.90" CONTENT="Regleringskostnaderna"/><SP WIDTH="18" VPOS="1266" HPOS="1298"/>
							<String ID="string_208" HPOS="1316" VPOS="1268" WIDTH="94" HEIGHT="30" WC="0.95" CONTENT="bleve"/><SP WIDTH="19" VPOS="1268" HPOS="1410"/>
							<String ID="string_209" HPOS="1429" VPOS="1268" WIDTH="9" HEIGHT="29" WC="0.96" CONTENT="i"/><SP WIDTH="22" VPOS="1268" HPOS="1438"/>
							<String ID="string_210" HPOS="1460" VPOS="1267" WIDTH="217" HEIGHT="32" WC="0.95" CONTENT="förhållande"/><SP WIDTH="18" VPOS="1267" HPOS="1677"/>
							<String ID="string_211" HPOS="1695" VPOS="1268" WIDTH="50" HEIGHT="30" WC="0.83" CONTENT="till"/>
						</TextLine>
						<TextLine ID="line_22" HPOS="242" VPOS="1305" WIDTH="1503" HEIGHT="42">
							<String ID="string_212" HPOS="242" VPOS="1305" WIDTH="69" HEIGHT="32" WC="0.93" CONTENT="den"/><SP WIDTH="20" VPOS="1305" HPOS="311"/>
							<String ID="string_213" HPOS="331" VPOS="1306" WIDTH="206" HEIGHT="37" WC="0.90" CONTENT="energivinst"/><SP WIDTH="20" VPOS="1306" HPOS="537"/>
							<String ID="string_214" HPOS="557" VPOS="1317" WIDTH="73" HEIGHT="20" WC="0.91" CONTENT="som"/><SP WIDTH="22" VPOS="1317" HPOS="630"/>
							<String ID="string_215" HPOS="652" VPOS="1308" WIDTH="171" HEIGHT="36" WC="0.91" CONTENT="uppstode"/><SP WIDTH="23" VPOS="1308" HPOS="823"/>
							<String ID="string_216" HPOS="846" VPOS="1308" WIDTH="251" HEIGHT="37" WC="0.96" CONTENT="jämförelsevis"/><SP WIDTH="21" VPOS="1308" HPOS="1097"/>
							<String ID="string_217" HPOS="1118" VPOS="1309" WIDTH="205" HEIGHT="37" WC="0.96" CONTENT="obetydliga."/><SP WIDTH="25" VPOS="1309" HPOS="1323"/>
							<String ID="string_218" HPOS="1348" VPOS="1310" WIDTH="209" HEIGHT="32" WC="0.96" CONTENT="Fördelarna"/><SP WIDTH="22" VPOS="1310" HPOS="1557"/>
							<String ID="string_219" HPOS="1579" VPOS="1320" WIDTH="41" HEIGHT="21" WC="0.93" CONTENT="av"/><SP WIDTH="20" VPOS="1320" HPOS="1620"/>
							<String ID="string_220" HPOS="1640" VPOS="1311" WIDTH="105" HEIGHT="36" WC="0.92" CONTENT="regle-"/>
						</TextLine>
						<TextLine ID="line_23" HPOS="242" VPOS="1348" WIDTH="1502" HEIGHT="41">
							<String ID="string_221" HPOS="242" VPOS="1348" WIDTH="121" HEIGHT="36" WC="0.96" CONTENT="ringen"/><SP WIDTH="17" VPOS="1348" HPOS="363"/>
							<String ID="string_222" HPOS="380" VPOS="1358" WIDTH="80" HEIGHT="21" WC="0.95" CONTENT="vore"/><SP WIDTH="16" VPOS="1358" HPOS="460"/>
							<String ID="string_223" HPOS="476" VPOS="1349" WIDTH="55" HEIGHT="30" WC="0.95" CONTENT="för"/><SP WIDTH="16" VPOS="1349" HPOS="531"/>
							<String ID="string_224" HPOS="547" VPOS="1350" WIDTH="265" HEIGHT="31" WC="0.96" CONTENT="intressenterna"/><SP WIDTH="19" VPOS="1350" HPOS="812"/>
							<String ID="string_225" HPOS="831" VPOS="1350" WIDTH="37" HEIGHT="30" WC="0.96" CONTENT="så"/><SP WIDTH="15" VPOS="1350" HPOS="868"/>
							<String ID="string_226" HPOS="883" VPOS="1351" WIDTH="137" HEIGHT="37" WC="0.96" CONTENT="mycket"/><SP WIDTH="20" VPOS="1351" HPOS="1020"/>
							<String ID="string_227" HPOS="1040" VPOS="1353" WIDTH="107" HEIGHT="29" WC="0.96" CONTENT="större"/><SP WIDTH="19" VPOS="1353" HPOS="1147"/>
							<String ID="string_228" HPOS="1166" VPOS="1361" WIDTH="75" HEIGHT="21" WC="0.96" CONTENT="som"/><SP WIDTH="20" VPOS="1361" HPOS="1241"/>
							<String ID="string_229" HPOS="1261" VPOS="1352" WIDTH="65" HEIGHT="30" WC="0.96" CONTENT="den"/><SP WIDTH="19" VPOS="1352" HPOS="1326"/>
							<String ID="string_230" HPOS="1345" VPOS="1352" WIDTH="199" HEIGHT="37" WC="0.96" CONTENT="därigenom"/><SP WIDTH="18" VPOS="1352" HPOS="1544"/>
							<String ID="string_231" HPOS="1562" VPOS="1353" WIDTH="110" HEIGHT="30" WC="0.93" CONTENT="ökade"/><SP WIDTH="19" VPOS="1353" HPOS="1672"/>
							<String ID="string_232" HPOS="1691" VPOS="1352" WIDTH="53" HEIGHT="32" WC="0.92" CONTENT="rå-"/>
						</TextLine>
						<TextLine ID="line_24" HPOS="244" VPOS="1391" WIDTH="1501" HEIGHT="41">
							<String ID="string_233" HPOS="244" VPOS="1391" WIDTH="224" HEIGHT="30" WC="0.92" CONTENT="varukraften"/><SP WIDTH="22" VPOS="1391" HPOS="468"/>
							<String ID="string_234" HPOS="490" VPOS="1392" WIDTH="10" HEIGHT="29" WC="0.96" CONTENT="i"/><SP WIDTH="21" VPOS="1392" HPOS="500"/>
							<String ID="string_235" HPOS="521" VPOS="1393" WIDTH="89" HEIGHT="35" WC="0.94" CONTENT="regel"/><SP WIDTH="20" VPOS="1393" HPOS="610"/>
							<String ID="string_236" HPOS="630" VPOS="1392" WIDTH="74" HEIGHT="30" WC="0.94" CONTENT="icke"/><SP WIDTH="23" VPOS="1392" HPOS="704"/>
							<String ID="string_237" HPOS="727" VPOS="1396" WIDTH="114" HEIGHT="34" WC="0.96" CONTENT="syntes"/><SP WIDTH="21" VPOS="1396" HPOS="841"/>
							<String ID="string_238" HPOS="862" VPOS="1394" WIDTH="46" HEIGHT="29" WC="0.93" CONTENT="ha"/><SP WIDTH="22" VPOS="1394" HPOS="908"/>
							<String ID="string_239" HPOS="930" VPOS="1394" WIDTH="123" HEIGHT="30" WC="0.91" CONTENT="betalts"/><SP WIDTH="21" VPOS="1394" HPOS="1053"/>
							<String ID="string_240" HPOS="1074" VPOS="1394" WIDTH="10" HEIGHT="29" WC="0.96" CONTENT="i"/><SP WIDTH="20" VPOS="1394" HPOS="1084"/>
							<String ID="string_241" HPOS="1104" VPOS="1394" WIDTH="90" HEIGHT="30" WC="0.96" CONTENT="form"/><SP WIDTH="24" VPOS="1394" HPOS="1194"/>
							<String ID="string_242" HPOS="1218" VPOS="1403" WIDTH="42" HEIGHT="21" WC="0.96" CONTENT="av"/><SP WIDTH="21" VPOS="1403" HPOS="1260"/>
							<String ID="string_243" HPOS="1281" VPOS="1393" WIDTH="139" HEIGHT="37" WC="0.96" CONTENT="förhöjd"/><SP WIDTH="24" VPOS="1393" HPOS="1420"/>
							<String ID="string_244" HPOS="1444" VPOS="1395" WIDTH="229" HEIGHT="37" WC="0.95" CONTENT="köpeskilling"/><SP WIDTH="22" VPOS="1395" HPOS="1673"/>
							<String ID="string_245" HPOS="1695" VPOS="1395" WIDTH="50" HEIGHT="30" WC="0.96" CONTENT="till"/>
						</TextLine>
						<TextLine ID="line_25" HPOS="242" VPOS="1433" WIDTH="1503" HEIGHT="40">
							<String ID="string_246" HPOS="242" VPOS="1433" WIDTH="191" HEIGHT="36" WC="0.93" CONTENT="respektive"/><SP WIDTH="17" VPOS="1433" HPOS="433"/>
							<String ID="string_247" HPOS="450" VPOS="1434" WIDTH="164" HEIGHT="36" WC="0.91" CONTENT="fallägare"/><SP WIDTH="17" VPOS="1434" HPOS="614"/>
							<String ID="string_248" HPOS="631" VPOS="1435" WIDTH="79" HEIGHT="29" WC="0.96" CONTENT="eller"/><SP WIDTH="20" VPOS="1435" HPOS="710"/>
							<String ID="string_249" HPOS="730" VPOS="1434" WIDTH="45" HEIGHT="37" WC="0.96" CONTENT="på"/><SP WIDTH="16" VPOS="1434" HPOS="775"/>
							<String ID="string_250" HPOS="791" VPOS="1439" WIDTH="105" HEIGHT="26" WC="0.96" CONTENT="annat"/><SP WIDTH="17" VPOS="1439" HPOS="896"/>
							<String ID="string_251" HPOS="913" VPOS="1437" WIDTH="76" HEIGHT="29" WC="0.96" CONTENT="sätt."/><SP WIDTH="20" VPOS="1437" HPOS="989"/>
							<String ID="string_252" HPOS="1009" VPOS="1436" WIDTH="74" HEIGHT="30" WC="0.93" CONTENT="Den"/><SP WIDTH="18" VPOS="1436" HPOS="1083"/>
							<String ID="string_253" HPOS="1101" VPOS="1439" WIDTH="157" HEIGHT="28" WC="0.92" CONTENT="utvunna"/><SP WIDTH="19" VPOS="1439" HPOS="1258"/>
							<String ID="string_254" HPOS="1277" VPOS="1437" WIDTH="136" HEIGHT="30" WC="0.96" CONTENT="kraften"/><SP WIDTH="18" VPOS="1437" HPOS="1413"/>
							<String ID="string_255" HPOS="1431" VPOS="1447" WIDTH="79" HEIGHT="21" WC="0.96" CONTENT="vore"/><SP WIDTH="20" VPOS="1447" HPOS="1510"/>
							<String ID="string_256" HPOS="1530" VPOS="1436" WIDTH="36" HEIGHT="32" WC="0.96" CONTENT="så"/><SP WIDTH="16" VPOS="1436" HPOS="1566"/>
							<String ID="string_257" HPOS="1582" VPOS="1441" WIDTH="71" HEIGHT="32" WC="0.96" CONTENT="gott"/><SP WIDTH="17" VPOS="1441" HPOS="1653"/>
							<String ID="string_258" HPOS="1670" VPOS="1447" WIDTH="75" HEIGHT="21" WC="0.96" CONTENT="som"/>
						</TextLine>
						<TextLine ID="line_26" HPOS="242" VPOS="1475" WIDTH="1504" HEIGHT="41">
							<String ID="string_259" HPOS="242" VPOS="1475" WIDTH="216" HEIGHT="31" WC="0.96" CONTENT="uteslutande"/><SP WIDTH="22" VPOS="1475" HPOS="458"/>
							<String ID="string_260" HPOS="480" VPOS="1477" WIDTH="128" HEIGHT="30" WC="0.96" CONTENT="avsedd"/><SP WIDTH="21" VPOS="1477" HPOS="608"/>
							<String ID="string_261" HPOS="629" VPOS="1480" WIDTH="48" HEIGHT="27" WC="0.96" CONTENT="att"/><SP WIDTH="25" VPOS="1480" HPOS="677"/>
							<String ID="string_262" HPOS="702" VPOS="1480" WIDTH="250" HEIGHT="34" WC="0.95" CONTENT="transporteras"/><SP WIDTH="22" VPOS="1480" HPOS="952"/>
							<String ID="string_263" HPOS="974" VPOS="1478" WIDTH="49" HEIGHT="30" WC="0.96" CONTENT="till"/><SP WIDTH="25" VPOS="1478" HPOS="1023"/>
							<String ID="string_264" HPOS="1048" VPOS="1479" WIDTH="64" HEIGHT="30" WC="0.96" CONTENT="och"/><SP WIDTH="21" VPOS="1479" HPOS="1112"/>
							<String ID="string_265" HPOS="1133" VPOS="1479" WIDTH="168" HEIGHT="37" WC="0.95" CONTENT="utnyttjas"/><SP WIDTH="23" VPOS="1479" HPOS="1301"/>
							<String ID="string_266" HPOS="1324" VPOS="1479" WIDTH="9" HEIGHT="30" WC="0.96" CONTENT="i"/><SP WIDTH="25" VPOS="1479" HPOS="1333"/>
							<String ID="string_267" HPOS="1358" VPOS="1479" WIDTH="170" HEIGHT="37" WC="0.95" CONTENT="sydligare"/><SP WIDTH="23" VPOS="1479" HPOS="1528"/>
							<String ID="string_268" HPOS="1551" VPOS="1481" WIDTH="128" HEIGHT="29" WC="0.96" CONTENT="trakter"/><SP WIDTH="24" VPOS="1481" HPOS="1679"/>
							<String ID="string_269" HPOS="1703" VPOS="1489" WIDTH="43" HEIGHT="21" WC="0.93" CONTENT="av"/>
						</TextLine>
						<TextLine ID="line_27" HPOS="242" VPOS="1517" WIDTH="1503" HEIGHT="42">
							<String ID="string_270" HPOS="242" VPOS="1517" WIDTH="117" HEIGHT="30" WC="0.91" CONTENT="landet"/><SP WIDTH="24" VPOS="1517" HPOS="359"/>
							<String ID="string_271" HPOS="383" VPOS="1519" WIDTH="64" HEIGHT="29" WC="0.96" CONTENT="och"/><SP WIDTH="26" VPOS="1519" HPOS="447"/>
							<String ID="string_272" HPOS="473" VPOS="1519" WIDTH="121" HEIGHT="30" WC="0.96" CONTENT="endast"/><SP WIDTH="26" VPOS="1519" HPOS="594"/>
							<String ID="string_273" HPOS="620" VPOS="1528" WIDTH="41" HEIGHT="21" WC="0.96" CONTENT="en"/><SP WIDTH="25" VPOS="1528" HPOS="661"/>
							<String ID="string_274" HPOS="686" VPOS="1519" WIDTH="99" HEIGHT="36" WC="0.96" CONTENT="ringa"/><SP WIDTH="25" VPOS="1519" HPOS="785"/>
							<String ID="string_275" HPOS="810" VPOS="1520" WIDTH="52" HEIGHT="30" WC="0.96" CONTENT="del"/><SP WIDTH="29" VPOS="1520" HPOS="862"/>
							<String ID="string_276" HPOS="891" VPOS="1521" WIDTH="107" HEIGHT="29" WC="0.96" CONTENT="därav"/><SP WIDTH="25" VPOS="1521" HPOS="998"/>
							<String ID="string_277" HPOS="1023" VPOS="1521" WIDTH="109" HEIGHT="30" WC="0.96" CONTENT="skulle"/><SP WIDTH="27" VPOS="1521" HPOS="1132"/>
							<String ID="string_278" HPOS="1159" VPOS="1522" WIDTH="143" HEIGHT="29" WC="0.96" CONTENT="komma"/><SP WIDTH="28" VPOS="1522" HPOS="1302"/>
							<String ID="string_279" HPOS="1330" VPOS="1522" WIDTH="107" HEIGHT="30" WC="0.96" CONTENT="länets"/><SP WIDTH="28" VPOS="1522" HPOS="1437"/>
							<String ID="string_280" HPOS="1465" VPOS="1522" WIDTH="202" HEIGHT="37" WC="0.96" CONTENT="befolkning"/><SP WIDTH="28" VPOS="1522" HPOS="1667"/>
							<String ID="string_281" HPOS="1695" VPOS="1522" WIDTH="50" HEIGHT="31" WC="0.96" CONTENT="till"/>
						</TextLine>
						<TextLine ID="line_28" HPOS="242" VPOS="1560" WIDTH="1503" HEIGHT="40">
							<String ID="string_282" HPOS="242" VPOS="1560" WIDTH="99" HEIGHT="35" WC="0.96" CONTENT="godo."/><SP WIDTH="25" VPOS="1560" HPOS="341"/>
							<String ID="string_283" HPOS="366" VPOS="1560" WIDTH="48" HEIGHT="30" WC="0.96" CONTENT="De"/><SP WIDTH="26" VPOS="1560" HPOS="414"/>
							<String ID="string_284" HPOS="440" VPOS="1560" WIDTH="162" HEIGHT="37" WC="0.96" CONTENT="fördelar,"/><SP WIDTH="24" VPOS="1560" HPOS="602"/>
							<String ID="string_285" HPOS="626" VPOS="1571" WIDTH="74" HEIGHT="20" WC="0.93" CONTENT="som"/><SP WIDTH="23" VPOS="1571" HPOS="700"/>
							<String ID="string_286" HPOS="723" VPOS="1562" WIDTH="170" HEIGHT="36" WC="0.92" CONTENT="uppstode"/><SP WIDTH="25" VPOS="1562" HPOS="893"/>
							<String ID="string_287" HPOS="918" VPOS="1563" WIDTH="53" HEIGHT="29" WC="0.96" CONTENT="för"/><SP WIDTH="26" VPOS="1563" HPOS="971"/>
							<String ID="string_288" HPOS="997" VPOS="1563" WIDTH="65" HEIGHT="30" WC="0.96" CONTENT="den"/><SP WIDTH="28" VPOS="1563" HPOS="1062"/>
							<String ID="string_289" HPOS="1090" VPOS="1563" WIDTH="98" HEIGHT="37" WC="0.96" CONTENT="bygd,"/><SP WIDTH="26" VPOS="1563" HPOS="1188"/>
							<String ID="string_290" HPOS="1214" VPOS="1564" WIDTH="62" HEIGHT="29" WC="0.96" CONTENT="där"/><SP WIDTH="24" VPOS="1564" HPOS="1276"/>
							<String ID="string_291" HPOS="1300" VPOS="1564" WIDTH="96" HEIGHT="31" WC="0.96" CONTENT="dessa"/><SP WIDTH="26" VPOS="1564" HPOS="1396"/>
							<String ID="string_292" HPOS="1422" VPOS="1567" WIDTH="93" HEIGHT="28" WC="0.96" CONTENT="stora"/><SP WIDTH="23" VPOS="1567" HPOS="1515"/>
							<String ID="string_293" HPOS="1538" VPOS="1565" WIDTH="128" HEIGHT="30" WC="0.93" CONTENT="värden"/><SP WIDTH="26" VPOS="1565" HPOS="1666"/>
							<String ID="string_294" HPOS="1692" VPOS="1568" WIDTH="53" HEIGHT="27" WC="0.93" CONTENT="ut-"/>
						</TextLine>
						<TextLine ID="line_29" HPOS="243" VPOS="1602" WIDTH="1502" HEIGHT="37">
							<String ID="string_295" HPOS="243" VPOS="1604" WIDTH="103" HEIGHT="34" WC="0.91" CONTENT="toges,"/><SP WIDTH="22" VPOS="1604" HPOS="346"/>
							<String ID="string_296" HPOS="368" VPOS="1602" WIDTH="202" HEIGHT="31" WC="0.96" CONTENT="inskränkte"/><SP WIDTH="23" VPOS="1602" HPOS="570"/>
							<String ID="string_297" HPOS="593" VPOS="1603" WIDTH="49" HEIGHT="36" WC="0.96" CONTENT="sig"/><SP WIDTH="22" VPOS="1603" HPOS="642"/>
							<String ID="string_298" HPOS="664" VPOS="1604" WIDTH="10" HEIGHT="29" WC="0.96" CONTENT="i"/><SP WIDTH="25" VPOS="1604" HPOS="674"/>
							<String ID="string_299" HPOS="699" VPOS="1607" WIDTH="85" HEIGHT="27" WC="0.95" CONTENT="stort"/><SP WIDTH="24" VPOS="1607" HPOS="784"/>
							<String ID="string_300" HPOS="808" VPOS="1607" WIDTH="63" HEIGHT="28" WC="0.95" CONTENT="sett"/><SP WIDTH="24" VPOS="1607" HPOS="871"/>
							<String ID="string_301" HPOS="895" VPOS="1605" WIDTH="49" HEIGHT="29" WC="0.96" CONTENT="till"/><SP WIDTH="23" VPOS="1605" HPOS="944"/>
							<String ID="string_302" HPOS="967" VPOS="1605" WIDTH="40" HEIGHT="30" WC="0.96" CONTENT="de"/><SP WIDTH="25" VPOS="1605" HPOS="1007"/>
							<String ID="string_303" HPOS="1032" VPOS="1606" WIDTH="274" HEIGHT="30" WC="0.96" CONTENT="arbetstillfällen"/><SP WIDTH="22" VPOS="1606" HPOS="1306"/>
							<String ID="string_304" HPOS="1328" VPOS="1616" WIDTH="73" HEIGHT="20" WC="0.93" CONTENT="som"/><SP WIDTH="23" VPOS="1616" HPOS="1401"/>
							<String ID="string_305" HPOS="1424" VPOS="1607" WIDTH="164" HEIGHT="30" WC="0.91" CONTENT="bereddes"/><SP WIDTH="23" VPOS="1607" HPOS="1588"/>
							<String ID="string_306" HPOS="1611" VPOS="1607" WIDTH="134" HEIGHT="30" WC="0.92" CONTENT="befolk-"/>
						</TextLine>
						<TextLine ID="line_30" HPOS="241" VPOS="1644" WIDTH="1504" HEIGHT="42">
							<String ID="string_307" HPOS="241" VPOS="1644" WIDTH="125" HEIGHT="36" WC="0.96" CONTENT="ningen"/><SP WIDTH="18" VPOS="1644" HPOS="366"/>
							<String ID="string_308" HPOS="384" VPOS="1646" WIDTH="110" HEIGHT="29" WC="0.96" CONTENT="under"/><SP WIDTH="19" VPOS="1646" HPOS="494"/>
							<String ID="string_309" HPOS="513" VPOS="1655" WIDTH="42" HEIGHT="20" WC="0.96" CONTENT="en"/><SP WIDTH="17" VPOS="1655" HPOS="555"/>
							<String ID="string_310" HPOS="572" VPOS="1645" WIDTH="250" HEIGHT="37" WC="0.96" CONTENT="jämförelsevis"/><SP WIDTH="22" VPOS="1645" HPOS="822"/>
							<String ID="string_311" HPOS="844" VPOS="1648" WIDTH="76" HEIGHT="31" WC="0.96" CONTENT="kort"/><SP WIDTH="21" VPOS="1648" HPOS="920"/>
							<String ID="string_312" HPOS="941" VPOS="1649" WIDTH="229" HEIGHT="36" WC="0.96" CONTENT="byggnadstid"/><SP WIDTH="20" VPOS="1649" HPOS="1170"/>
							<String ID="string_313" HPOS="1190" VPOS="1652" WIDTH="90" HEIGHT="27" WC="0.96" CONTENT="samt"/><SP WIDTH="19" VPOS="1652" HPOS="1280"/>
							<String ID="string_314" HPOS="1299" VPOS="1650" WIDTH="48" HEIGHT="29" WC="0.96" CONTENT="till"/><SP WIDTH="20" VPOS="1650" HPOS="1347"/>
							<String ID="string_315" HPOS="1367" VPOS="1650" WIDTH="40" HEIGHT="30" WC="0.96" CONTENT="de"/><SP WIDTH="23" VPOS="1650" HPOS="1407"/>
							<String ID="string_316" HPOS="1430" VPOS="1650" WIDTH="9" HEIGHT="29" WC="0.96" CONTENT="i"/><SP WIDTH="20" VPOS="1650" HPOS="1439"/>
							<String ID="string_317" HPOS="1459" VPOS="1651" WIDTH="64" HEIGHT="29" WC="0.96" CONTENT="och"/><SP WIDTH="21" VPOS="1651" HPOS="1523"/>
							<String ID="string_318" HPOS="1544" VPOS="1650" WIDTH="53" HEIGHT="30" WC="0.96" CONTENT="för"/><SP WIDTH="22" VPOS="1650" HPOS="1597"/>
							<String ID="string_319" HPOS="1619" VPOS="1651" WIDTH="50" HEIGHT="35" WC="0.93" CONTENT="sig"/><SP WIDTH="20" VPOS="1651" HPOS="1669"/>
							<String ID="string_320" HPOS="1689" VPOS="1651" WIDTH="56" HEIGHT="29" WC="0.93" CONTENT="be-"/>
						</TextLine>
						<TextLine ID="line_31" HPOS="242" VPOS="1686" WIDTH="1502" HEIGHT="41">
							<String ID="string_321" HPOS="242" VPOS="1686" WIDTH="150" HEIGHT="36" WC="0.91" CONTENT="tydande"/><SP WIDTH="24" VPOS="1686" HPOS="392"/>
							<String ID="string_322" HPOS="416" VPOS="1687" WIDTH="230" HEIGHT="37" WC="0.90" CONTENT="skatteobjekt"/><SP WIDTH="24" VPOS="1687" HPOS="646"/>
							<String ID="string_323" HPOS="670" VPOS="1698" WIDTH="75" HEIGHT="20" WC="0.96" CONTENT="som"/><SP WIDTH="27" VPOS="1698" HPOS="745"/>
							<String ID="string_324" HPOS="772" VPOS="1689" WIDTH="41" HEIGHT="30" WC="0.96" CONTENT="de"/><SP WIDTH="23" VPOS="1689" HPOS="813"/>
							<String ID="string_325" HPOS="836" VPOS="1692" WIDTH="91" HEIGHT="28" WC="0.96" CONTENT="stora"/><SP WIDTH="23" VPOS="1692" HPOS="927"/>
							<String ID="string_326" HPOS="950" VPOS="1690" WIDTH="223" HEIGHT="30" WC="0.96" CONTENT="kraftverken"/><SP WIDTH="28" VPOS="1690" HPOS="1173"/>
							<String ID="string_327" HPOS="1201" VPOS="1692" WIDTH="66" HEIGHT="29" WC="0.96" CONTENT="och"/><SP WIDTH="28" VPOS="1692" HPOS="1267"/>
							<String ID="string_328" HPOS="1295" VPOS="1691" WIDTH="9" HEIGHT="29" WC="0.96" CONTENT="i"/><SP WIDTH="26" VPOS="1691" HPOS="1304"/>
							<String ID="string_329" HPOS="1330" VPOS="1691" WIDTH="66" HEIGHT="29" WC="0.96" CONTENT="viss"/><SP WIDTH="28" VPOS="1691" HPOS="1396"/>
							<String ID="string_330" HPOS="1424" VPOS="1690" WIDTH="82" HEIGHT="30" WC="0.96" CONTENT="mån"/><SP WIDTH="24" VPOS="1690" HPOS="1506"/>
							<String ID="string_331" HPOS="1530" VPOS="1692" WIDTH="85" HEIGHT="30" WC="0.93" CONTENT="även"/><SP WIDTH="25" VPOS="1692" HPOS="1615"/>
							<String ID="string_332" HPOS="1640" VPOS="1691" WIDTH="104" HEIGHT="36" WC="0.92" CONTENT="regle-"/>
						</TextLine>
						<TextLine ID="line_32" HPOS="241" VPOS="1728" WIDTH="1504" HEIGHT="39">
							<String ID="string_333" HPOS="241" VPOS="1728" WIDTH="303" HEIGHT="36" WC="0.91" CONTENT="ringsdammarna"/><SP WIDTH="28" VPOS="1728" HPOS="544"/>
							<String ID="string_334" HPOS="572" VPOS="1730" WIDTH="157" HEIGHT="37" WC="0.96" CONTENT="utgjorde"/><SP WIDTH="28" VPOS="1730" HPOS="729"/>
							<String ID="string_335" HPOS="757" VPOS="1731" WIDTH="54" HEIGHT="30" WC="0.96" CONTENT="för"/><SP WIDTH="29" VPOS="1731" HPOS="811"/>
							<String ID="string_336" HPOS="840" VPOS="1732" WIDTH="41" HEIGHT="29" WC="0.96" CONTENT="de"/><SP WIDTH="26" VPOS="1732" HPOS="881"/>
							<String ID="string_337" HPOS="907" VPOS="1732" WIDTH="169" HEIGHT="31" WC="0.95" CONTENT="särskilda"/><SP WIDTH="29" VPOS="1732" HPOS="1076"/>
							<String ID="string_338" HPOS="1105" VPOS="1733" WIDTH="207" HEIGHT="29" WC="0.96" CONTENT="kommuner"/><SP WIDTH="29" VPOS="1733" HPOS="1312"/>
							<String ID="string_339" HPOS="1341" VPOS="1733" WIDTH="47" HEIGHT="29" WC="0.96" CONTENT="dit"/><SP WIDTH="32" VPOS="1733" HPOS="1388"/>
							<String ID="string_340" HPOS="1420" VPOS="1733" WIDTH="40" HEIGHT="31" WC="0.96" CONTENT="de"/><SP WIDTH="30" VPOS="1733" HPOS="1460"/>
							<String ID="string_341" HPOS="1490" VPOS="1733" WIDTH="158" HEIGHT="31" WC="0.96" CONTENT="förlades."/><SP WIDTH="30" VPOS="1733" HPOS="1648"/>
							<String ID="string_342" HPOS="1678" VPOS="1734" WIDTH="67" HEIGHT="30" WC="0.96" CONTENT="För"/>
						</TextLine>
						<TextLine ID="line_33" HPOS="240" VPOS="1770" WIDTH="1505" HEIGHT="42">
							<String ID="string_343" HPOS="240" VPOS="1770" WIDTH="138" HEIGHT="37" WC="0.96" CONTENT="bygden"/><SP WIDTH="17" VPOS="1770" HPOS="378"/>
							<String ID="string_344" HPOS="395" VPOS="1772" WIDTH="65" HEIGHT="29" WC="0.96" CONTENT="och"/><SP WIDTH="22" VPOS="1772" HPOS="460"/>
							<String ID="string_345" HPOS="482" VPOS="1772" WIDTH="92" HEIGHT="30" WC="0.96" CONTENT="länet"/><SP WIDTH="21" VPOS="1772" HPOS="574"/>
							<String ID="string_346" HPOS="595" VPOS="1772" WIDTH="10" HEIGHT="29" WC="0.96" CONTENT="i"/><SP WIDTH="20" VPOS="1772" HPOS="605"/>
							<String ID="string_347" HPOS="625" VPOS="1772" WIDTH="109" HEIGHT="37" WC="0.96" CONTENT="övrigt"/><SP WIDTH="19" VPOS="1772" HPOS="734"/>
							<String ID="string_348" HPOS="753" VPOS="1773" WIDTH="116" HEIGHT="31" WC="0.96" CONTENT="kunde"/><SP WIDTH="17" VPOS="1773" HPOS="869"/>
							<String ID="string_349" HPOS="886" VPOS="1773" WIDTH="107" HEIGHT="37" WC="0.96" CONTENT="några"/><SP WIDTH="20" VPOS="1773" HPOS="993"/>
							<String ID="string_350" HPOS="1013" VPOS="1775" WIDTH="187" HEIGHT="35" WC="0.96" CONTENT="väsentliga"/><SP WIDTH="20" VPOS="1775" HPOS="1200"/>
							<String ID="string_351" HPOS="1220" VPOS="1775" WIDTH="150" HEIGHT="29" WC="0.96" CONTENT="fördelar"/><SP WIDTH="21" VPOS="1775" HPOS="1370"/>
							<String ID="string_352" HPOS="1391" VPOS="1785" WIDTH="42" HEIGHT="20" WC="0.96" CONTENT="av"/><SP WIDTH="20" VPOS="1785" HPOS="1433"/>
							<String ID="string_353" HPOS="1453" VPOS="1775" WIDTH="173" HEIGHT="36" WC="0.96" CONTENT="företagen"/><SP WIDTH="20" VPOS="1775" HPOS="1626"/>
							<String ID="string_354" HPOS="1646" VPOS="1776" WIDTH="99" HEIGHT="36" WC="0.96" CONTENT="eljest"/>
						</TextLine>
						<TextLine ID="line_34" HPOS="241" VPOS="1812" WIDTH="1503" HEIGHT="42">
							<String ID="string_355" HPOS="241" VPOS="1812" WIDTH="78" HEIGHT="31" WC="0.96" CONTENT="icke"/><SP WIDTH="20" VPOS="1812" HPOS="319"/>
							<String ID="string_356" HPOS="339" VPOS="1815" WIDTH="96" HEIGHT="34" WC="0.96" CONTENT="sägas"/><SP WIDTH="22" VPOS="1815" HPOS="435"/>
							<String ID="string_357" HPOS="457" VPOS="1813" WIDTH="137" HEIGHT="37" WC="0.96" CONTENT="uppstå."/><SP WIDTH="22" VPOS="1813" HPOS="594"/>
							<String ID="string_358" HPOS="616" VPOS="1814" WIDTH="164" HEIGHT="31" WC="0.96" CONTENT="Däremot"/><SP WIDTH="19" VPOS="1814" HPOS="780"/>
							<String ID="string_359" HPOS="799" VPOS="1816" WIDTH="114" HEIGHT="30" WC="0.96" CONTENT="kunde"/><SP WIDTH="23" VPOS="1816" HPOS="913"/>
							<String ID="string_360" HPOS="936" VPOS="1825" WIDTH="123" HEIGHT="27" WC="0.96" CONTENT="genom"/><SP WIDTH="21" VPOS="1825" HPOS="1059"/>
							<String ID="string_361" HPOS="1080" VPOS="1817" WIDTH="96" HEIGHT="29" WC="0.96" CONTENT="dessa"/><SP WIDTH="21" VPOS="1817" HPOS="1176"/>
							<String ID="string_362" HPOS="1197" VPOS="1817" WIDTH="247" HEIGHT="36" WC="0.96" CONTENT="anläggningar"/><SP WIDTH="23" VPOS="1817" HPOS="1444"/>
							<String ID="string_363" HPOS="1467" VPOS="1819" WIDTH="64" HEIGHT="29" WC="0.96" CONTENT="och"/><SP WIDTH="23" VPOS="1819" HPOS="1531"/>
							<String ID="string_364" HPOS="1554" VPOS="1817" WIDTH="159" HEIGHT="37" WC="0.96" CONTENT="åtgärder"/><SP WIDTH="21" VPOS="1817" HPOS="1713"/>
							<String ID="string_365" HPOS="1734" VPOS="1818" WIDTH="10" HEIGHT="30" WC="0.96" CONTENT="i"/>
						</TextLine>
						<TextLine ID="line_35" HPOS="243" VPOS="1854" WIDTH="1502" HEIGHT="41">
							<String ID="string_366" HPOS="243" VPOS="1854" WIDTH="90" HEIGHT="31" WC="0.96" CONTENT="vissa"/><SP WIDTH="18" VPOS="1854" HPOS="333"/>
							<String ID="string_367" HPOS="351" VPOS="1857" WIDTH="192" HEIGHT="30" WC="0.95" CONTENT="avseenden"/><SP WIDTH="16" VPOS="1857" HPOS="543"/>
							<String ID="string_368" HPOS="559" VPOS="1860" WIDTH="90" HEIGHT="27" WC="0.96" CONTENT="stora"/><SP WIDTH="17" VPOS="1860" HPOS="649"/>
							<String ID="string_369" HPOS="666" VPOS="1857" WIDTH="127" HEIGHT="30" WC="0.96" CONTENT="skador"/><SP WIDTH="19" VPOS="1857" HPOS="793"/>
							<String ID="string_370" HPOS="812" VPOS="1859" WIDTH="63" HEIGHT="29" WC="0.96" CONTENT="och"/><SP WIDTH="21" VPOS="1859" HPOS="875"/>
							<String ID="string_371" HPOS="896" VPOS="1859" WIDTH="218" HEIGHT="35" WC="0.96" CONTENT="olägenheter"/><SP WIDTH="19" VPOS="1859" HPOS="1114"/>
							<String ID="string_372" HPOS="1133" VPOS="1859" WIDTH="225" HEIGHT="36" WC="0.95" CONTENT="uppkomma,"/><SP WIDTH="20" VPOS="1859" HPOS="1358"/>
							<String ID="string_373" HPOS="1378" VPOS="1860" WIDTH="92" HEIGHT="31" WC="0.96" CONTENT="vilka"/><SP WIDTH="19" VPOS="1860" HPOS="1470"/>
							<String ID="string_374" HPOS="1489" VPOS="1861" WIDTH="142" HEIGHT="31" WC="0.96" CONTENT="berörde"/><SP WIDTH="18" VPOS="1861" HPOS="1631"/>
							<String ID="string_375" HPOS="1649" VPOS="1860" WIDTH="96" HEIGHT="31" WC="0.96" CONTENT="såväl"/>
						</TextLine>
						<TextLine ID="line_36" HPOS="240" VPOS="1897" WIDTH="1503" HEIGHT="42">
							<String ID="string_376" HPOS="240" VPOS="1897" WIDTH="157" HEIGHT="32" WC="0.93" CONTENT="enskilda"/><SP WIDTH="22" VPOS="1897" HPOS="397"/>
							<String ID="string_377" HPOS="419" VPOS="1899" WIDTH="189" HEIGHT="36" WC="0.91" CONTENT="rättsägare"/><SP WIDTH="23" VPOS="1899" HPOS="608"/>
							<String ID="string_378" HPOS="631" VPOS="1909" WIDTH="75" HEIGHT="20" WC="0.96" CONTENT="som"/><SP WIDTH="22" VPOS="1909" HPOS="706"/>
							<String ID="string_379" HPOS="728" VPOS="1909" WIDTH="94" HEIGHT="21" WC="0.96" CONTENT="mera"/><SP WIDTH="23" VPOS="1909" HPOS="822"/>
							<String ID="string_380" HPOS="845" VPOS="1901" WIDTH="176" HEIGHT="30" WC="0.96" CONTENT="allmänna"/><SP WIDTH="26" VPOS="1901" HPOS="1021"/>
							<String ID="string_381" HPOS="1047" VPOS="1901" WIDTH="166" HEIGHT="30" WC="0.95" CONTENT="intressen"/><SP WIDTH="24" VPOS="1901" HPOS="1213"/>
							<String ID="string_382" HPOS="1237" VPOS="1902" WIDTH="123" HEIGHT="30" WC="0.96" CONTENT="liksom"/><SP WIDTH="23" VPOS="1902" HPOS="1360"/>
							<String ID="string_383" HPOS="1383" VPOS="1904" WIDTH="86" HEIGHT="29" WC="0.96" CONTENT="även"/><SP WIDTH="26" VPOS="1904" HPOS="1469"/>
							<String ID="string_384" HPOS="1495" VPOS="1904" WIDTH="65" HEIGHT="30" WC="0.91" CONTENT="den"/><SP WIDTH="24" VPOS="1904" HPOS="1560"/>
							<String ID="string_385" HPOS="1584" VPOS="1902" WIDTH="159" HEIGHT="37" WC="0.91" CONTENT="jordbru-"/>
						</TextLine>
						<TextLine ID="line_37" HPOS="241" VPOS="1939" WIDTH="1502" HEIGHT="41">
							<String ID="string_386" HPOS="241" VPOS="1939" WIDTH="115" HEIGHT="32" WC="0.96" CONTENT="kande"/><SP WIDTH="19" VPOS="1939" HPOS="356"/>
							<String ID="string_387" HPOS="375" VPOS="1941" WIDTH="263" HEIGHT="36" WC="0.96" CONTENT="befolkningens"/><SP WIDTH="21" VPOS="1941" HPOS="638"/>
							<String ID="string_388" HPOS="659" VPOS="1943" WIDTH="64" HEIGHT="29" WC="0.96" CONTENT="och"/><SP WIDTH="22" VPOS="1943" HPOS="723"/>
							<String ID="string_389" HPOS="745" VPOS="1943" WIDTH="106" HEIGHT="30" WC="0.93" CONTENT="andra"/><SP WIDTH="21" VPOS="1943" HPOS="851"/>
							<String ID="string_390" HPOS="872" VPOS="1943" WIDTH="390" HEIGHT="37" WC="0.92" CONTENT="befolkningsgruppers"/><SP WIDTH="23" VPOS="1943" HPOS="1262"/>
							<String ID="string_391" HPOS="1285" VPOS="1945" WIDTH="141" HEIGHT="30" WC="0.96" CONTENT="trevnad"/><SP WIDTH="20" VPOS="1945" HPOS="1426"/>
							<String ID="string_392" HPOS="1446" VPOS="1946" WIDTH="64" HEIGHT="29" WC="0.93" CONTENT="och"/><SP WIDTH="21" VPOS="1946" HPOS="1510"/>
							<String ID="string_393" HPOS="1531" VPOS="1946" WIDTH="212" HEIGHT="30" WC="0.92" CONTENT="levnadsför-"/>
						</TextLine>
						<TextLine ID="line_38" HPOS="239" VPOS="1981" WIDTH="1506" HEIGHT="44">
							<String ID="string_394" HPOS="239" VPOS="1981" WIDTH="196" HEIGHT="34" WC="0.91" CONTENT="hållanden."/><SP WIDTH="26" VPOS="1981" HPOS="435"/>
							<String ID="string_395" HPOS="461" VPOS="1984" WIDTH="100" HEIGHT="30" WC="0.95" CONTENT="Inom"/><SP WIDTH="23" VPOS="1984" HPOS="561"/>
							<String ID="string_396" HPOS="584" VPOS="1985" WIDTH="92" HEIGHT="30" WC="0.95" CONTENT="länet"/><SP WIDTH="22" VPOS="1985" HPOS="676"/>
							<String ID="string_397" HPOS="698" VPOS="1986" WIDTH="90" HEIGHT="30" WC="0.96" CONTENT="hade"/><SP WIDTH="20" VPOS="1986" HPOS="788"/>
							<String ID="string_398" HPOS="808" VPOS="1986" WIDTH="107" HEIGHT="36" WC="0.96" CONTENT="gjorts"/><SP WIDTH="24" VPOS="1986" HPOS="915"/>
							<String ID="string_399" HPOS="939" VPOS="1988" WIDTH="167" HEIGHT="35" WC="0.95" CONTENT="gällande,"/><SP WIDTH="24" VPOS="1988" HPOS="1106"/>
							<String ID="string_400" HPOS="1130" VPOS="1990" WIDTH="48" HEIGHT="28" WC="0.95" CONTENT="att"/><SP WIDTH="13" VPOS="1990" HPOS="1178"/>
							<String ID="string_401" HPOS="1191" VPOS="1988" WIDTH="69" HEIGHT="30" WC="0.96" CONTENT="den"/><SP WIDTH="12" VPOS="1988" HPOS="1260"/>
							<String ID="string_402" HPOS="1272" VPOS="1990" WIDTH="200" HEIGHT="29" WC="0.96" CONTENT="nuvarande"/><SP WIDTH="14" VPOS="1990" HPOS="1472"/>
							<String ID="string_403" HPOS="1486" VPOS="1989" WIDTH="259" HEIGHT="36" WC="0.96" CONTENT="lagstiftningen"/>
						</TextLine>
						<TextLine ID="line_39" HPOS="238" VPOS="2025" WIDTH="1505" HEIGHT="42">
							<String ID="string_404" HPOS="238" VPOS="2025" WIDTH="77" HEIGHT="31" WC="0.93" CONTENT="icke"/><SP WIDTH="18" VPOS="2025" HPOS="315"/>
							<String ID="string_405" HPOS="333" VPOS="2025" WIDTH="85" HEIGHT="36" WC="0.93" CONTENT="gåve"/><SP WIDTH="17" VPOS="2025" HPOS="418"/>
							<String ID="string_406" HPOS="435" VPOS="2026" WIDTH="205" HEIGHT="38" WC="0.96" CONTENT="tillräckliga"/><SP WIDTH="19" VPOS="2026" HPOS="640"/>
							<String ID="string_407" HPOS="659" VPOS="2028" WIDTH="219" HEIGHT="36" WC="0.95" CONTENT="möjligheter"/><SP WIDTH="18" VPOS="2028" HPOS="878"/>
							<String ID="string_408" HPOS="896" VPOS="2030" WIDTH="50" HEIGHT="29" WC="0.96" CONTENT="till"/><SP WIDTH="19" VPOS="2030" HPOS="946"/>
							<String ID="string_409" HPOS="965" VPOS="2030" WIDTH="194" HEIGHT="30" WC="0.96" CONTENT="beredande"/><SP WIDTH="21" VPOS="2030" HPOS="1159"/>
							<String ID="string_410" HPOS="1180" VPOS="2040" WIDTH="43" HEIGHT="20" WC="0.96" CONTENT="av"/><SP WIDTH="22" VPOS="2040" HPOS="1223"/>
							<String ID="string_411" HPOS="1245" VPOS="2031" WIDTH="187" HEIGHT="36" WC="0.96" CONTENT="ersättning"/><SP WIDTH="20" VPOS="2031" HPOS="1432"/>
							<String ID="string_412" HPOS="1452" VPOS="2032" WIDTH="65" HEIGHT="29" WC="0.93" CONTENT="och"/><SP WIDTH="22" VPOS="2032" HPOS="1517"/>
							<String ID="string_413" HPOS="1539" VPOS="2032" WIDTH="204" HEIGHT="35" WC="0.91" CONTENT="kompensa-"/>
						</TextLine>
						<TextLine ID="line_40" HPOS="239" VPOS="2067" WIDTH="765" HEIGHT="35">
							<String ID="string_414" HPOS="239" VPOS="2067" WIDTH="73" HEIGHT="30" WC="0.96" CONTENT="tion"/><SP WIDTH="22" VPOS="2067" HPOS="312"/>
							<String ID="string_415" HPOS="334" VPOS="2068" WIDTH="55" HEIGHT="30" WC="0.96" CONTENT="för"/><SP WIDTH="21" VPOS="2068" HPOS="389"/>
							<String ID="string_416" HPOS="410" VPOS="2070" WIDTH="130" HEIGHT="30" WC="0.95" CONTENT="skador"/><SP WIDTH="20" VPOS="2070" HPOS="540"/>
							<String ID="string_417" HPOS="560" VPOS="2080" WIDTH="41" HEIGHT="20" WC="0.96" CONTENT="av"/><SP WIDTH="21" VPOS="2080" HPOS="601"/>
							<String ID="string_418" HPOS="622" VPOS="2080" WIDTH="96" HEIGHT="20" WC="0.96" CONTENT="mera"/><SP WIDTH="22" VPOS="2080" HPOS="718"/>
							<String ID="string_419" HPOS="740" VPOS="2071" WIDTH="131" HEIGHT="30" WC="0.96" CONTENT="allmän"/><SP WIDTH="21" VPOS="2071" HPOS="871"/>
							<String ID="string_420" HPOS="892" VPOS="2075" WIDTH="112" HEIGHT="27" WC="0.96" CONTENT="natur."/>
						</TextLine>
					</TextBlock>
				</ComposedBlock>
				<ComposedBlock ID="cblock_5" HPOS="240" VPOS="2135" WIDTH="1503" HEIGHT="341">
					<TextBlock ID="block_6" HPOS="240" VPOS="2135" WIDTH="1503" HEIGHT="291">
						<TextLine ID="line_41" HPOS="286" VPOS="2135" WIDTH="1456" HEIGHT="41">
							<String ID="string_421" HPOS="286" VPOS="2135" WIDTH="96" HEIGHT="30" WC="0.96" CONTENT="Efter"/><SP WIDTH="29" VPOS="2135" HPOS="382"/>
							<String ID="string_422" HPOS="411" VPOS="2146" WIDTH="41" HEIGHT="20" WC="0.96" CONTENT="en"/><SP WIDTH="31" VPOS="2146" HPOS="452"/>
							<String ID="string_423" HPOS="483" VPOS="2138" WIDTH="160" HEIGHT="30" WC="0.95" CONTENT="närmare"/><SP WIDTH="28" VPOS="2138" HPOS="643"/>
							<String ID="string_424" HPOS="671" VPOS="2139" WIDTH="215" HEIGHT="35" WC="0.95" CONTENT="redogörelse"/><SP WIDTH="28" VPOS="2139" HPOS="886"/>
							<String ID="string_425" HPOS="914" VPOS="2139" WIDTH="57" HEIGHT="30" WC="0.96" CONTENT="för"/><SP WIDTH="31" VPOS="2139" HPOS="971"/>
							<String ID="string_426" HPOS="1002" VPOS="2140" WIDTH="41" HEIGHT="29" WC="0.96" CONTENT="de"/><SP WIDTH="30" VPOS="2140" HPOS="1043"/>
							<String ID="string_427" HPOS="1073" VPOS="2139" WIDTH="315" HEIGHT="36" WC="0.96" CONTENT="skadeverkningar"/><SP WIDTH="29" VPOS="2139" HPOS="1388"/>
							<String ID="string_428" HPOS="1417" VPOS="2150" WIDTH="75" HEIGHT="20" WC="0.92" CONTENT="som"/><SP WIDTH="31" VPOS="2150" HPOS="1492"/>
							<String ID="string_429" HPOS="1523" VPOS="2141" WIDTH="219" HEIGHT="35" WC="0.92" CONTENT="vattenregle-"/>
						</TextLine>
						<TextLine ID="line_42" HPOS="240" VPOS="2185" WIDTH="1503" HEIGHT="41">
							<String ID="string_430" HPOS="240" VPOS="2185" WIDTH="273" HEIGHT="38" WC="0.92" CONTENT="ringsföretagen"/><SP WIDTH="21" VPOS="2185" HPOS="513"/>
							<String ID="string_431" HPOS="534" VPOS="2187" WIDTH="145" HEIGHT="37" WC="0.90" CONTENT="ansågos"/><SP WIDTH="22" VPOS="2187" HPOS="679"/>
							<String ID="string_432" HPOS="701" VPOS="2189" WIDTH="90" HEIGHT="30" WC="0.96" CONTENT="hava"/><SP WIDTH="20" VPOS="2189" HPOS="791"/>
							<String ID="string_433" HPOS="811" VPOS="2189" WIDTH="150" HEIGHT="31" WC="0.96" CONTENT="medfört"/><SP WIDTH="20" VPOS="2189" HPOS="961"/>
							<String ID="string_434" HPOS="981" VPOS="2189" WIDTH="164" HEIGHT="30" WC="0.95" CONTENT="framhöll"/><SP WIDTH="21" VPOS="2189" HPOS="1145"/>
							<String ID="string_435" HPOS="1166" VPOS="2190" WIDTH="252" HEIGHT="35" WC="0.96" CONTENT="länsstyrelsen,"/><SP WIDTH="24" VPOS="2190" HPOS="1418"/>
							<String ID="string_436" HPOS="1442" VPOS="2194" WIDTH="49" HEIGHT="26" WC="0.93" CONTENT="att"/><SP WIDTH="19" VPOS="2194" HPOS="1491"/>
							<String ID="string_437" HPOS="1510" VPOS="2191" WIDTH="233" HEIGHT="35" WC="0.90" CONTENT="vattenlagens"/>
						</TextLine>
						<TextLine ID="line_43" HPOS="241" VPOS="2236" WIDTH="1502" HEIGHT="40">
							<String ID="string_438" HPOS="241" VPOS="2236" WIDTH="258" HEIGHT="31" WC="0.95" CONTENT="bestämmelser"/><SP WIDTH="28" VPOS="2236" HPOS="499"/>
							<String ID="string_439" HPOS="527" VPOS="2247" WIDTH="57" HEIGHT="20" WC="0.93" CONTENT="om"/><SP WIDTH="27" VPOS="2247" HPOS="584"/>
							<String ID="string_440" HPOS="611" VPOS="2238" WIDTH="208" HEIGHT="36" WC="0.92" CONTENT="bygdekraft"/><SP WIDTH="28" VPOS="2238" HPOS="819"/>
							<String ID="string_441" HPOS="847" VPOS="2239" WIDTH="103" HEIGHT="36" WC="0.96" CONTENT="enligt"/><SP WIDTH="26" VPOS="2239" HPOS="950"/>
							<String ID="string_442" HPOS="976" VPOS="2239" WIDTH="262" HEIGHT="36" WC="0.95" CONTENT="länsstyrelsens"/><SP WIDTH="29" VPOS="2239" HPOS="1238"/>
							<String ID="string_443" HPOS="1267" VPOS="2240" WIDTH="223" HEIGHT="36" WC="0.96" CONTENT="uppfattning"/><SP WIDTH="27" VPOS="2240" HPOS="1490"/>
							<String ID="string_444" HPOS="1517" VPOS="2241" WIDTH="105" HEIGHT="29" WC="0.96" CONTENT="borde"/><SP WIDTH="28" VPOS="2241" HPOS="1622"/>
							<String ID="string_445" HPOS="1650" VPOS="2240" WIDTH="93" HEIGHT="30" WC="0.96" CONTENT="bliva"/>
						</TextLine>
						<TextLine ID="line_44" HPOS="241" VPOS="2285" WIDTH="1501" HEIGHT="41">
							<String ID="string_446" HPOS="241" VPOS="2285" WIDTH="146" HEIGHT="32" WC="0.96" CONTENT="föremål"/><SP WIDTH="23" VPOS="2285" HPOS="387"/>
							<String ID="string_447" HPOS="410" VPOS="2286" WIDTH="56" HEIGHT="31" WC="0.96" CONTENT="för"/><SP WIDTH="23" VPOS="2286" HPOS="466"/>
							<String ID="string_448" HPOS="489" VPOS="2297" WIDTH="42" HEIGHT="21" WC="0.96" CONTENT="en"/><SP WIDTH="24" VPOS="2297" HPOS="531"/>
							<String ID="string_449" HPOS="555" VPOS="2289" WIDTH="145" HEIGHT="35" WC="0.96" CONTENT="översyn"/><SP WIDTH="25" VPOS="2289" HPOS="700"/>
							<String ID="string_450" HPOS="725" VPOS="2288" WIDTH="56" HEIGHT="30" WC="0.96" CONTENT="för"/><SP WIDTH="23" VPOS="2288" HPOS="781"/>
							<String ID="string_451" HPOS="804" VPOS="2292" WIDTH="49" HEIGHT="27" WC="0.96" CONTENT="att"/><SP WIDTH="23" VPOS="2292" HPOS="853"/>
							<String ID="string_452" HPOS="876" VPOS="2289" WIDTH="127" HEIGHT="30" WC="0.96" CONTENT="bereda"/><SP WIDTH="26" VPOS="2289" HPOS="1003"/>
							<String ID="string_453" HPOS="1029" VPOS="2289" WIDTH="219" HEIGHT="36" WC="0.96" CONTENT="möjligheter"/><SP WIDTH="26" VPOS="2289" HPOS="1248"/>
							<String ID="string_454" HPOS="1274" VPOS="2290" WIDTH="48" HEIGHT="29" WC="0.96" CONTENT="till"/><SP WIDTH="22" VPOS="2290" HPOS="1322"/>
							<String ID="string_455" HPOS="1344" VPOS="2290" WIDTH="155" HEIGHT="36" WC="0.92" CONTENT="billigare"/><SP WIDTH="26" VPOS="2290" HPOS="1499"/>
							<String ID="string_456" HPOS="1525" VPOS="2290" WIDTH="217" HEIGHT="36" WC="0.92" CONTENT="bygdekraft,"/>
						</TextLine>
						<TextLine ID="line_45" HPOS="241" VPOS="2337" WIDTH="1501" HEIGHT="40">
							<String ID="string_457" HPOS="241" VPOS="2337" WIDTH="148" HEIGHT="30" WC="0.96" CONTENT="varefter"/><SP WIDTH="22" VPOS="2337" HPOS="389"/>
							<String ID="string_458" HPOS="411" VPOS="2338" WIDTH="244" HEIGHT="36" WC="0.96" CONTENT="länsstyrelsen"/><SP WIDTH="21" VPOS="2338" HPOS="655"/>
							<String ID="string_459" HPOS="676" VPOS="2338" WIDTH="120" HEIGHT="36" WC="0.96" CONTENT="gjorde"/><SP WIDTH="23" VPOS="2338" HPOS="796"/>
							<String ID="string_460" HPOS="819" VPOS="2339" WIDTH="167" HEIGHT="36" WC="0.96" CONTENT="gällande,"/><SP WIDTH="26" VPOS="2339" HPOS="986"/>
							<String ID="string_461" HPOS="1012" VPOS="2343" WIDTH="49" HEIGHT="26" WC="0.96" CONTENT="att"/><SP WIDTH="22" VPOS="2343" HPOS="1061"/>
							<String ID="string_462" HPOS="1083" VPOS="2339" WIDTH="85" HEIGHT="30" WC="0.95" CONTENT="även"/><SP WIDTH="24" VPOS="2339" HPOS="1168"/>
							<String ID="string_463" HPOS="1192" VPOS="2340" WIDTH="305" HEIGHT="30" WC="0.96" CONTENT="bestämmelserna"/><SP WIDTH="24" VPOS="2340" HPOS="1497"/>
							<String ID="string_464" HPOS="1521" VPOS="2340" WIDTH="9" HEIGHT="30" WC="0.96" CONTENT="i"/><SP WIDTH="25" VPOS="2340" HPOS="1530"/>
							<String ID="string_465" HPOS="1555" VPOS="2341" WIDTH="18" HEIGHT="29" WC="0.96" CONTENT="4"/><SP WIDTH="24" VPOS="2341" HPOS="1573"/>
							<String ID="string_466" HPOS="1597" VPOS="2342" WIDTH="79" HEIGHT="35" WC="0.94" CONTENT="kap."/><SP WIDTH="28" VPOS="2342" HPOS="1676"/>
							<String ID="string_467" HPOS="1704" VPOS="2341" WIDTH="38" HEIGHT="29" WC="0.96" CONTENT="14"/>
						</TextLine>
						<TextLine ID="line_46" HPOS="240" VPOS="2387" WIDTH="1351" HEIGHT="39">
							<String ID="string_468" HPOS="240" VPOS="2387" WIDTH="67" HEIGHT="29" WC="0.96" CONTENT="och"/><SP WIDTH="25" VPOS="2387" HPOS="307"/>
							<String ID="string_469" HPOS="332" VPOS="2388" WIDTH="36" HEIGHT="28" WC="0.96" CONTENT="15"/><SP WIDTH="21" VPOS="2388" HPOS="368"/>
							<String ID="string_470" HPOS="389" VPOS="2388" WIDTH="40" HEIGHT="36" WC="0.95" CONTENT="$$"/><SP WIDTH="22" VPOS="2388" HPOS="429"/>
							<String ID="string_471" HPOS="451" VPOS="2389" WIDTH="215" HEIGHT="35" WC="0.96" CONTENT="vattenlagen"/><SP WIDTH="20" VPOS="2389" HPOS="666"/>
							<String ID="string_472" HPOS="686" VPOS="2398" WIDTH="58" HEIGHT="20" WC="0.93" CONTENT="om"/><SP WIDTH="21" VPOS="2398" HPOS="744"/>
							<String ID="string_473" HPOS="765" VPOS="2389" WIDTH="332" HEIGHT="36" WC="0.91" CONTENT="regleringsavgifter"/><SP WIDTH="22" VPOS="2389" HPOS="1097"/>
							<String ID="string_474" HPOS="1119" VPOS="2393" WIDTH="114" HEIGHT="32" WC="0.92" CONTENT="syntes"/><SP WIDTH="21" VPOS="2393" HPOS="1233"/>
							<String ID="string_475" HPOS="1254" VPOS="2393" WIDTH="95" HEIGHT="27" WC="0.90" CONTENT="tarva"/><SP WIDTH="22" VPOS="2393" HPOS="1349"/>
							<String ID="string_476" HPOS="1371" VPOS="2390" WIDTH="220" HEIGHT="36" WC="0.95" CONTENT="granskning."/>
						</TextLine>
					</TextBlock>
					<TextBlock ID="block_7" HPOS="286" VPOS="2436" WIDTH="1457" HEIGHT="40">
						<TextLine ID="line_47" HPOS="286" VPOS="2436" WIDTH="1457" HEIGHT="40">
							<String ID="string_477" HPOS="286" VPOS="2436" WIDTH="110" HEIGHT="31" WC="0.96" CONTENT="Bland"/><SP WIDTH="20" VPOS="2436" HPOS="396"/>
							<String ID="string_478" HPOS="416" VPOS="2442" WIDTH="107" HEIGHT="26" WC="0.96" CONTENT="annat"/><SP WIDTH="22" VPOS="2442" HPOS="523"/>
							<String ID="string_479" HPOS="545" VPOS="2438" WIDTH="168" HEIGHT="30" WC="0.96" CONTENT="uttalades"/><SP WIDTH="22" VPOS="2438" HPOS="713"/>
							<String ID="string_480" HPOS="735" VPOS="2439" WIDTH="56" HEIGHT="29" WC="0.96" CONTENT="det"/><SP WIDTH="20" VPOS="2439" HPOS="791"/>
							<String ID="string_481" HPOS="811" VPOS="2438" WIDTH="222" HEIGHT="36" WC="0.96" CONTENT="önskemålet,"/><SP WIDTH="24" VPOS="2438" HPOS="1033"/>
							<String ID="string_482" HPOS="1057" VPOS="2442" WIDTH="48" HEIGHT="27" WC="0.96" CONTENT="att"/><SP WIDTH="19" VPOS="2442" HPOS="1105"/>
							<String ID="string_483" HPOS="1124" VPOS="2449" WIDTH="44" HEIGHT="20" WC="0.96" CONTENT="en"/><SP WIDTH="22" VPOS="2449" HPOS="1168"/>
							<String ID="string_484" HPOS="1190" VPOS="2440" WIDTH="228" HEIGHT="36" WC="0.96" CONTENT="omprövning"/><SP WIDTH="24" VPOS="2440" HPOS="1418"/>
							<String ID="string_485" HPOS="1442" VPOS="2450" WIDTH="42" HEIGHT="20" WC="0.96" CONTENT="av"/><SP WIDTH="23" VPOS="2450" HPOS="1484"/>
							<String ID="string_486" HPOS="1507" VPOS="2441" WIDTH="171" HEIGHT="30" WC="0.96" CONTENT="storleken"/><SP WIDTH="23" VPOS="2441" HPOS="1678"/>
							<String ID="string_487" HPOS="1701" VPOS="2450" WIDTH="42" HEIGHT="20" WC="0.96" CONTENT="av"/>
						</TextLine>
					</TextBlock>
				</ComposedBlock>
			</PrintSpace>
		</Page>
	</Layout>
</alto>
