1897 2829
526 162 313 31 Bankoutskottets
858 163 178 31 utlåtande
1055 172 42 21 nr
1114 164 41 30 39
1173 164 40 30 år
1232 164 83 31 1967
1623 164 39 31 23

225 246 79 30 Med
321 245 245 41 tillstyrkande
584 255 43 21 av
643 245 126 40 Kungl.
787 245 125 40 Maj:ts
930 246 111 29 under
1059 247 158 39 punkten
1236 246 40 30 26
1296 247 222 30 framställda
1537 247 129 39 förslag

179 300 204 30 hemställer
405 300 179 34 utskottet,

536 356 49 28 att
607 354 189 40 riksdagen
816 354 57 30 må
896 354 54 30 för
972 354 204 40 budgetåret
1200 354 140 34 1967/68
1364 355 121 31 anvisa
1507 355 53 30 till
1583 355 84 30 Nor-

492 408 100 30 diska
611 408 116 30 rådets
744 409 150 29 svenska
912 408 193 40 delegation
1124 409 64 29 och
1207 409 77 29 dess
1303 409 131 32 kansli;
1453 409 214 40 Avlöningar

491 464 47 28 ett
557 463 274 40 förslagsanslag
850 472 41 20 av
911 462 62 30 340
989 462 61 31 000
1070 464 51 29 kr.

221 570 94 33 25:0)
342 570 172 30 Nordiska
537 571 114 28 rådets
674 571 148 29 svenska
845 570 192 36 delegation
1060 571 63 29 och
1147 571 77 29 dess
1248 570 128 30 kansli:
1403 571 263 30 Omkostnader.

180 625 116 29 Under
316 626 160 38 punkten
496 625 39 29 27
557 625 64 29 har
640 625 126 39 Kungl.
787 625 105 39 Maj:t
913 625 178 39 föreslagit
1111 625 187 39 riksdagen
1318 627 49 28 att
1388 626 54 29 för
1462 625 203 40 budgetåret

183 678 140 34 1967/68
347 679 53 29 till
424 679 173 30 Nordiska
620 679 119 30 rådets
763 679 148 30 svenska
936 679 194 40 delegation
1154 680 65 29 och
1243 680 79 29 dess
1345 679 130 31 kansli:
1503 679 163 30 Omkost-

180 733 108 30 nader
308 733 122 30 anvisa
447 735 48 28 ett
514 733 272 40 förslagsanslag
805 743 42 20 av
866 733 60 30 201
943 733 62 30 000
1024 734 52 29 kr.

229 785 13 29 I
261 786 54 29 sin
333 786 67 29 den
418 786 18 29 9
454 786 186 30 november
662 786 81 30 1966
762 787 237 39 dagtecknade
1017 787 403 39 anslagsframställning
1440 786 227 30 sammanfat-

183 841 55 28 tar
255 840 240 39 delegationen
513 840 76 30 sina
606 840 131 40 förslag
754 840 168 30 avseende
940 841 387 39 omkostnadsanslaget
1345 840 45 40 på
1407 840 156 40 följande
1582 841 83 29 sätt:

185 929 260 30 Omkostnader

999 995 110 29 Budget
1425 995 111 29 Förslag

999 1030 116 30 1966/67
1424 1031 116 30 1967/68

345 1075 26 29 1.
399 1075 174 39 Sjukvård
593 1084 102 20 m.m,
723 1100 246 3 ..oooo000
916 1069 57 50 00.
1029 1075 93 29 1000
1470 1075 93 29 1000

343 1120 28 29 2.
397 1120 323 39 Reseersättningar
768 1145 201 3 ..........
1004 1119 40 30 90
1059 1119 62 30 000
1425 1120 60 29 110
1501 1120 61 29 000

342 1164 29 30 da
396 1165 177 39 IEXPEISEÉT
586 1160 13 49 +
616 1160 22 49 Vv
658 1190 311 4 sgmgexsies
834 1160 74 49 fras
932 1160 40 49 cs
1003 1164 41 29 48
1060 1164 61 30 000
1445 1165 40 29 60
1501 1164 61 30 000

342 1209 30 30 4.
398 1209 126 40 Övriga
547 1210 143 39 utgifter
724 1235 244 3 ........o....
1005 1209 39 30 20
1058 1209 61 30 000
1446 1209 40 30 30
1501 1210 61 29 000

789 1271 145 30 Summa
982 1271 59 29 159
1057 1271 61 30 000
1420 1271 60 30 201
1497 1271 62 30 000

228 1372 13 28 I
273 1372 98 39 fråga
402 1380 57 21 om
490 1371 265 40 anslagsposten
786 1371 53 30 till
869 1371 292 40 resersättningar
1192 1371 204 30 framhåller
1428 1371 240 40 delegationen

182 1417 173 39 följande:

227 1477 117 30 Under
367 1477 205 39 budgetåret
599 1477 139 33 1967/68
763 1477 168 34 kommer,
959 1477 102 29 såvitt
1085 1486 48 20 nu
1158 1477 70 30 kan
1251 1477 176 35 bedömas,
1451 1477 119 30 rådets
1595 1487 72 20 sex-

183 1523 105 29 tonde
309 1522 134 30 session
462 1523 50 29 att
531 1522 113 29 hållas
664 1522 79 29 med
762 1522 178 39 placering
959 1522 10 29 i
989 1522 122 39 Norge.
1132 1522 326 30 Resekostnaderna
1479 1522 54 30 för
1555 1522 114 30 denna

183 1568 123 29 kunna
325 1567 174 30 beräknas
519 1567 54 29 till
594 1567 97 29 cirka
712 1567 39 29 55
767 1567 62 29 000
851 1567 140 29 kronor.
1013 1567 126 29 Härtill
1161 1567 143 30 komma
1323 1567 267 30 resekostnader
1613 1568 54 29 för

184 1612 206 39 deltagande
407 1612 12 29 i
435 1612 169 29 utskotts-
622 1612 65 29 och
704 1611 270 40 presidiemöten
993 1614 89 27 samt
1101 1612 110 29 andra
1229 1612 327 35 sammankomster,
1574 1612 95 30 vilka

186 1658 122 29 kunna
325 1657 174 30 beräknas
516 1657 144 29 komma
677 1658 50 28 att
746 1656 117 40 uppgå
880 1657 53 29 till
952 1656 39 30 55
1008 1656 61 30 000
1088 1656 140 30 kronor.
1247 1657 117 30 Under
1383 1657 115 30 denna
1516 1659 77 38 post
1612 1657 56 30 be-

184 1703 132 29 räknas
338 1702 120 30 därför
479 1703 102 29 totalt
607 1702 59 29 110
681 1702 62 29 000
765 1702 140 29 kronor.

228 1768 13 29 I
262 1768 204 38 anslutning
485 1767 53 29 till
560 1767 58 29 sitt
639 1766 131 39 förslag
790 1766 80 29 med
890 1766 168 29 avseende
1079 1766 46 39 på
1144 1766 264 39 anslagsposten
1428 1767 52 29 till
1502 1776 166 30 expenser

181 1822 180 29 redovisar
376 1821 239 39 delegationen
629 1830 43 20 en
686 1820 104 30 tabeil
805 1820 79 29 över
900 1820 382 39 anslagsbelastningen
1296 1820 215 39 budgetåren
1528 1819 139 34 1964/65

181 1876 68 28 och
272 1875 151 33 1965/66.
447 1875 80 30 Som
548 1875 221 29 kommentar
791 1874 52 30 till
866 1874 76 30 sina
964 1873 131 40 förslag
1117 1874 101 30 anför
1241 1873 254 40 delegationen:

226 1939 49 29 De
299 1938 110 30 ökade
434 1937 421 40 städningskostnaderna
877 1937 111 29 under
1011 1937 203 39 budgetåret
1240 1936 139 33 1965/66
1402 1937 101 30 beror
1527 1937 73 30 dels
1623 1937 46 40 på

182 1993 45 20 en
246 1984 171 39 övergång
436 1983 53 29 till
508 1982 434 40 varannandagsstädning
967 1982 162 39 (tidigare
1150 1982 161 30 städades
1330 1982 87 30 blott
1437 1992 43 20 en
1499 1982 89 40 gång
1607 1992 62 30 per

183 2028 124 34 vecka)
338 2028 73 30 dels
438 2028 45 39 på
510 2027 278 40 »storstädning>
816 2028 11 29 i
855 2027 169 30 samband
1050 2027 79 29 med
1154 2027 169 30 kansliets
1350 2027 211 40 avflyttning
1588 2027 80 30 från

183 2073 267 39 riksdagshuset
468 2073 66 29 och
550 2072 206 40 inflyttning
773 2073 12 29 i
802 2082 69 30 nya
887 2073 143 29 lokaler.

228 2118 187 29 Beståndet
435 2127 43 20 av
498 2117 275 30 skrivmaskiner
794 2118 37 29 är
851 2117 11 29 i
882 2117 112 30 behov
1013 2127 43 20 av
1075 2117 183 39 förnyelse,
1279 2117 107 30 vilket
1406 2117 44 30 bl.
1463 2127 29 20 a.
1514 2117 154 40 framgår

185 2172 42 20 av
246 2162 40 30 de
306 2163 90 38 höga
414 2162 443 30 underhållskostnaderna
877 2162 53 30 för
949 2162 214 39 budgetåren
1186 2161 138 33 1964/65
1345 2162 64 29 och
1431 2161 151 34 1965/66.
1601 2162 68 29 För

183 2207 96 30 detta
301 2207 162 30 ändamål
485 2208 62 29 bör
570 2207 55 30 för
645 2207 204 39 budgetåret
873 2206 139 34 1966/67
1035 2207 173 30 beräknas
1231 2206 17 30 5
1264 2206 62 30 000
1349 2208 129 28 kronor
1501 2207 169 30 avseende

183 2252 110 39 inköp
314 2261 42 20 av
374 2252 59 29 två
452 2252 191 29 elektriska
663 2252 284 29 skrivmaskiner.

230 2297 355 39 Kostnadsökningen
604 2297 67 30 vad
693 2297 106 39 gäller
821 2297 179 39 delposten
1022 2297 52 30 till
1096 2297 210 30 inventarier
1328 2297 11 30 i
1361 2297 110 39 övrigt
1492 2297 100 30 beror
1614 2298 57 29 vä-

186 2342 172 39 sentligen
376 2342 45 39 på
439 2342 109 39 inköp
568 2351 42 20 av
629 2342 230 29 heltäckande
880 2344 128 27 mattor
1029 2342 54 29 för
1103 2342 169 29 kansliets
1293 2351 69 30 nya
1381 2342 142 29 lokaler.

232 2387 49 29 De
310 2389 93 27 stora
430 2387 238 29 kostnaderna
695 2387 111 29 under
835 2387 122 29 kontot
986 2387 179 39 bokinköp
1194 2396 45 20 m.
1253 2396 45 20 m.
1328 2386 112 30 under
1467 2386 204 40 budgetåret

188 2430 139 34 1964/65
351 2431 292 40 sammanhänger
663 2431 79 30 med
761 2431 214 40 produktion
995 2432 65 29 och
1078 2431 108 40 inköp
1207 2441 43 20 av
1268 2433 47 28 ett
1336 2431 166 30 bildband
1522 2431 149 30 rörande

186 2476 99 30 rådet
302 2477 65 28 och
383 2476 160 30 nordiskt
562 2477 193 29 samarbete
773 2479 110 27 avsett
901 2477 54 29 för
974 2477 178 29 skolbruk.
1170 2477 248 38 Delegationen
1435 2477 64 28 har
1516 2477 53 28 till
1587 2477 84 38 dags

185 2520 84 31 dato
293 2521 139 30 beställt
458 2521 65 29 och
547 2521 129 30 betalat
702 2520 61 31 235
789 2521 178 40 exemplar
991 2531 43 20 av
1058 2521 94 30 detta
1177 2520 176 35 bildband,
1381 2530 75 20 som
1483 2521 187 30 successivt

186 2566 165 40 försäljes
366 2566 53 30 till
437 2567 115 29 skolor
568 2567 11 29 i
594 2567 79 29 hela
687 2567 128 29 landet.
832 2566 116 30 Under
964 2567 204 39 budgetåret
1187 2565 139 34 1965/66
1344 2566 63 29 har
1424 2566 135 30 influtit
1575 2565 19 29 4
1610 2565 59 30 125
