1899 2830
518 152 312 31 Bankoutskottets
850 154 178 30 utlåtande
1047 163 42 21 nr
1106 156 41 28 39
1165 156 39 29 år
1224 155 83 31 1967
1617 156 37 29 11

174 232 55 30 för
256 234 51 29 att
334 233 42 30 de
403 233 190 31 kostnader
621 244 75 20 som
724 235 292 40 sammanhänger
1044 237 79 29 med
1150 237 373 39 riksdagsledamöters
1551 238 106 30 delta-

173 287 113 38 gande
302 287 12 29 i
331 287 260 40 Europarådets
608 288 222 31 verksamhet
848 290 11 29 i
878 289 272 41 fortsättningen
1168 291 62 29 bör
1247 291 172 31 bestridas
1439 292 80 29 från
1538 292 121 39 anslag

173 341 112 29 under
315 341 178 40 fjortonde
521 341 233 31 huvudtiteln.
784 343 362 41 Medelsanvisningen
1175 344 62 31 bör
1266 345 190 40 lämpligen
1486 346 64 39 äga
1577 355 81 20 rum

174 394 81 30 från
283 397 48 28 ett
360 396 141 30 särskilt
531 397 131 38 anslag.
691 397 93 29 Från
812 398 412 39 utrikesdepartementet
1252 399 65 30 har
1346 400 171 29 utskottet
1546 400 111 29 under

173 447 97 31 hand
294 449 173 30 inhämtat
493 452 50 28 att
567 450 193 39 utgifterna
785 451 54 30 för
864 452 57 29 det
945 451 64 30 här
1034 452 149 39 angivna
1209 453 199 30 ändamålet
1432 454 148 39 uppgått
1604 454 54 29 till

175 502 102 40 drygt
299 503 59 30 150
373 504 62 29 000
455 504 52 29 kr.
527 504 111 29 under
657 505 204 39 budgetåret
884 506 139 33 1965/66
1043 506 65 30 och
1127 509 50 27 att
1197 507 42 29 de
1259 507 71 30 kan
1348 507 174 31 beräknas
1542 508 117 39 uppgå

173 556 54 30 till
251 567 39 20 ca
316 557 60 30 160
391 557 63 31 000
479 558 52 30 kr.
556 559 111 29 under
691 559 204 40 budgetåret
923 559 149 34 1966/67.
1098 561 277 30 Medelsbehovet
1400 561 54 31 för
1479 562 178 30 nästkom-

176 611 125 29 mande
316 612 169 38 budgetår
502 612 98 29 torde
616 613 121 29 kunna
752 613 174 30 beräknas
941 614 54 29 till
1014 614 59 30 150
1089 615 61 29 000
1168 615 51 29 kr.

218 664 226 41 Åberopande
463 666 67 29 vad
547 666 65 30 här
632 666 135 30 anförts
787 666 201 31 hemställer
1008 668 180 35 utskottet,

529 722 49 28 att
598 720 188 39 riksdagen
806 721 57 30 må
883 721 54 30 för
957 722 204 39 budgetåret
1185 722 139 34 1967/68
1345 723 121 30 anvisa
1484 723 53 30 till
1556 723 102 30 Riks-

484 774 127 39 dagen:
629 775 384 39 Riksdagsledamöters
1032 776 205 40 deltagande
1256 776 11 29 i
1282 777 259 39 Europarådets
1560 777 98 30 verk-

484 827 137 31 samhet
639 830 47 28 ett
704 829 274 40 förslagsanslag
996 839 42 20 av
1058 829 60 30 150
1133 830 62 30 000
1214 830 52 30 kr.

211 935 74 33 8:0)
311 936 210 35 Riksdagen:
546 937 282 34 Representation
850 947 43 19 m.
906 947 43 19 m.
972 938 114 29 Under
1108 939 155 36 punkten
1284 939 18 29 8
1323 939 64 29 har
1409 939 122 37 Kungl.
1554 939 103 37 Maj:t

174 988 179 40 föreslagit
374 990 189 39 riksdagen
586 992 49 27 att
657 991 54 29 för
732 991 205 39 budgetåret
962 991 139 33 1967/68
1123 992 54 29 till
1200 992 213 39 Riksdagen:
1438 992 125 40 Övriga
1586 1001 72 21 om-

174 1042 190 31 kostnader
383 1044 121 29 anvisa
524 1046 47 27 ett
592 1044 273 39 förslagsanslag
884 1054 42 21 av
945 1045 62 30 200
1022 1045 62 30 000
1104 1045 52 30 kr.

217 1097 94 29 Från
338 1097 56 30 det
421 1098 44 39 på
491 1098 192 29 riksstaten
710 1098 54 29 för
791 1098 236 31 innevarande
1053 1099 169 39 budgetår
1249 1100 111 29 under
1389 1100 177 39 fjortonde
1593 1100 64 29 hu-

173 1151 173 29 vudtiteln
363 1151 176 39 uppförda
558 1152 307 39 förslagsanslaget
884 1153 52 29 till
955 1153 214 39 Riksdagen:
1191 1152 125 40 Övriga
1334 1154 248 29 omkostnader
1601 1154 56 29 be-

174 1204 106 30 strids
300 1205 45 29 bl.
368 1215 29 20 a.
420 1205 189 30 kostnader
632 1206 54 29 för
707 1207 287 38 representation.
1016 1207 176 29 Utskottet
1214 1207 65 30 har
1301 1216 88 21 ovan
1411 1208 111 29 under
1544 1208 113 39 punk-

173 1260 59 27 ten
250 1258 18 30 6
285 1259 116 29 berört
418 1269 43 19 en
478 1260 235 38 promemoria
729 1260 81 29 från
824 1260 207 39 riksdagens
1048 1261 447 40 organisationsutredning
1511 1262 11 29 i
1539 1262 118 29 vilken

173 1312 45 30 bl.
247 1322 29 20 a.
306 1313 197 39 föreslagits
531 1315 50 28 att
609 1313 193 39 utgifterna
829 1314 54 29 för
911 1315 285 38 representation,
1227 1315 280 39 gratifikationer
1535 1325 46 20 m.
1610 1325 46 20 m.

173 1366 43 30 fr.
238 1375 30 21 o.
289 1376 46 21 m.
355 1367 205 39 budgetåret
585 1367 139 34 1967/68
747 1368 88 30 skall
856 1368 171 30 bestridas
1049 1368 80 30 från
1150 1370 48 28 ett
1221 1369 141 30 särskilt
1384 1369 274 40 förslagsanslag

171 1420 168 31 benämnt
359 1421 215 39 Riksdagen:
597 1422 287 39 Representation
904 1432 45 20 m.
971 1432 44 20 m.

219 1529 175 30 Utskottet
414 1529 64 30 har
499 1530 111 29 under
631 1530 159 39 punkten
811 1530 19 30 6
851 1530 179 40 föreslagit
1049 1531 189 39 riksdagen
1259 1532 50 29 att
1329 1531 122 30 anvisa
1471 1531 113 30 medel
1604 1531 54 30 till

174 1582 199 32 utskottens
395 1583 212 30 studieresor
630 1584 80 29 från
731 1586 48 27 ett
802 1584 141 30 särskilt
966 1584 121 40 anslag
1108 1585 54 29 för
1185 1585 209 29 ändamålet.
1416 1585 165 39 Anslaget
1603 1585 55 29 för

172 1635 241 31 kvarvarande
437 1637 189 30 kostnader
650 1638 62 29 bör
737 1638 255 30 omrubriceras
1017 1638 107 39 enligt
1148 1639 510 39 organisationsutredningens

175 1690 141 39 förslag.
337 1691 72 29 Mot
429 1691 372 39 medelsberäkningen
821 1691 64 30 har
905 1692 171 29 utskottet
1097 1693 87 29 intet
1205 1694 50 28 att
1276 1692 125 30 erinra.

219 1743 225 40 Åberopande
463 1745 68 29 vad
547 1744 65 30 här
632 1745 136 29 anförts
787 1745 201 29 hemställer
1008 1745 180 35 utskottet,

529 1800 50 27 att
598 1798 189 39 riksdagen
806 1799 58 29 må
884 1799 53 29 för
957 1799 205 39 budgetåret
1185 1798 139 34 1967/68
1345 1799 120 30 anvisa
1484 1799 53 30 till
1557 1799 101 30 Riks-

485 1851 127 40 dagen:
628 1852 288 39 Representation
932 1862 102 20 m.m.
1051 1854 48 28 ett
1113 1853 275 40 förslagsanslag
1402 1863 43 20 av
1461 1853 61 30 100
1531 1853 63 30 000
1605 1853 52 30 kr.

210 1960 75 32 9:0)
316 1960 73 28 Den
416 1960 74 28 inre
516 1959 431 35 riksdagsförvaltningen:
978 1960 221 35 Avlöningar.
1226 1960 116 30 Under
1368 1961 154 37 punkten
1549 1961 18 30 9
1593 1961 64 30 har

169 2013 126 39 Kungl.
316 2013 106 39 Maj:t
444 2013 178 39 föreslagit
642 2013 188 39 riksdagen
851 2014 72 29 dels
945 2015 49 28 att
1014 2014 131 29 inrätta
1165 2023 43 20 en
1228 2014 111 39 tjänst
1361 2024 74 20 som
1456 2014 168 40 byråchef
1643 2015 11 29 i

170 2066 42 30 Cr
235 2068 14 28 1
272 2067 63 29 hos
355 2067 207 38 riksdagens
583 2067 369 39 förvaltningskontor,
975 2067 72 30 dels
1069 2069 49 28 att
1139 2068 54 29 för
1213 2068 204 39 budgetåret
1440 2068 140 33 1967/68
1600 2069 54 29 till

170 2120 74 30 Den
272 2121 74 29 inre
375 2121 438 38 riksdagsförvaltningen:
844 2121 212 39 Avlöningar
1086 2122 120 29 anvisa
1235 2124 47 27 ett
1312 2122 273 40 förslagsanslag
1614 2131 42 20 av

170 2174 19 29 6
203 2173 63 30 649
281 2174 62 30 000
364 2175 51 29 kr.

213 2228 201 30 Sedermera
445 2229 63 29 har
541 2229 206 38 riksdagens
779 2229 445 40 organisationsutredning
1257 2231 215 29 överlämnat
1505 2240 43 19 en
1580 2240 77 30 pro-

170 2283 170 29 memoria
362 2282 177 39 angående
563 2283 198 29 inrättande
785 2293 42 19 av
850 2285 47 27 ett
920 2283 275 29 internationellt
1221 2284 204 29 sekretariat
1449 2285 96 28 inom
1568 2285 89 28 riks-

170 2336 112 40 dagen
308 2337 52 34 (se
383 2336 112 40 bilaga
516 2337 52 33 2).

216 2391 13 28 I
244 2391 258 38 promemorian
517 2391 147 29 föreslås
680 2392 48 27 att
745 2400 42 20 en
803 2391 212 29 sekreterare
1031 2391 54 29 för
1100 2391 282 29 internationella
1397 2391 153 30 ärenden
1566 2392 89 29 skall

171 2444 168 30 anställas
357 2445 53 28 för
428 2446 49 27 att
494 2444 150 39 fullgöra
661 2445 93 28 olika
770 2444 176 39 uppgifter
965 2453 74 21 som
1055 2444 128 30 hänför
1201 2445 50 39 sig
1267 2445 53 29 till
1337 2445 316 34 utrikesutskottet,

169 2497 259 39 Europarådets
455 2497 212 39 rådgivande
696 2497 224 39 församlings
950 2498 148 29 svenska
1126 2498 203 38 delegation,
1358 2498 297 39 riksdagsutskot-
