1907 2835
233 163 41 30 42
571 163 312 30 Bankoutskottets
907 163 178 31 utlåtande
1106 173 43 20 nr
1170 163 42 30 39
1233 164 40 30 år
1295 162 83 31 1967

230 246 242 25 RIKSDAGENS

230 292 533 25 ORGANISATIONSUTREDNING

944 453 62 31 PM

493 525 171 42 angående
679 525 338 42 riksdagsutskottens
1034 526 196 31 studieresor
1245 525 52 31 till
1311 525 150 31 utlandet

228 608 23 26 I.
264 608 146 35 Inledning

273 672 13 29 I
308 672 165 30 skrivelse
492 672 53 30 till
565 672 389 30 talmanskonferensen
975 672 67 30 den
1062 671 41 31 24
1123 672 70 40 maj
1220 672 82 30 1966
1324 672 90 30 fäste
1434 672 107 30 andre
1561 672 72 30 vice
1653 672 64 30 tal-

228 735 153 20 mannen
402 727 12 29 i
436 726 111 30 andra
569 727 206 29 kammaren
797 727 37 29 L.
858 726 115 30 Cassel
996 727 253 29 konferensens
1271 726 314 40 uppmärksamhet
1607 726 45 40 på
1675 726 42 30 de

227 780 156 40 problem
400 790 43 21 av
459 781 207 29 ekonomisk
683 782 52 28 art
754 790 74 21 som
845 781 362 40 riksdagsutskottens
1224 781 69 30 rätt
1311 783 50 28 att
1380 781 111 40 själva
1507 781 136 30 besluta
1660 789 56 21 om

229 835 76 30 sina
323 844 106 26 resor,
451 836 141 29 särskilt
612 836 11 29 i
642 835 168 35 utlandet,
832 835 98 30 förde
951 835 79 30 med
1051 835 60 40 sig.
1131 836 67 29 Till
1219 836 192 29 skrivelsen
1430 835 90 30 hade
1540 835 114 39 fogats
1674 844 42 20 en

227 897 43 20 av
285 888 197 29 dåvarande
499 888 206 40 riksdagens
722 888 251 40 ekonomibyrå
988 889 176 39 uppgjord
1181 889 329 39 sammanställning
1527 889 79 29 över
1624 889 93 29 kost-

227 941 107 30 nader
358 942 54 30 för
435 942 198 30 utskottens
657 942 239 31 utlandsresor
919 942 84 30 åren
1029 942 225 31 1961—1966.
1279 942 13 30 I
1317 942 191 31 skrivelsen
1532 942 184 30 framhölls

227 998 50 27 att
294 996 111 30 under
423 996 56 30 det
496 997 169 39 budgetår
684 1006 74 20 som
776 997 144 39 började
938 997 66 29 den
1024 997 14 29 1
1057 997 67 39 juli
1144 997 83 30 1966
1246 999 47 27 ett
1312 997 115 29 flertal
1445 997 135 30 utskott
1600 998 117 38 syntes

227 1050 145 40 planera
396 1051 167 39 tämligen
588 1051 218 30 omfattande
831 1060 96 21 resor
953 1051 79 29 med
1058 1052 48 29 ett
1131 1051 138 30 relativt
1296 1053 87 28 stort
1409 1051 94 30 antal
1530 1051 185 39 deltagare.

226 1104 203 31 Kostnaden
445 1105 54 30 för
516 1105 161 40 samtliga
692 1105 101 30 dessa
808 1114 95 21 resor
920 1107 117 38 syntes
1053 1105 30 40 ej
1103 1106 121 29 kunna
1239 1115 157 30 rymmas
1411 1106 96 29 inom
1523 1105 56 30 det
1596 1105 121 39 anslag

226 1167 76 21 som
324 1159 178 39 upptagits
524 1159 12 29 i
559 1159 455 39 statsverkspropositionen
1037 1159 55 30 för
1114 1159 204 39 budgetåret
1343 1159 151 33 1966/67.
1520 1159 197 30 Skrivelsen

225 1212 216 40 utmynnade
461 1213 11 29 i
491 1213 87 30 krav
597 1213 45 39 på
661 1213 160 39 åtgärder
841 1213 55 30 för
915 1213 208 40 uppnående
1143 1223 43 20 av
1203 1214 114 29 bättre
1335 1213 124 30 balans
1478 1214 129 29 mellan
1626 1222 90 21 rese-

224 1266 190 30 kostnader
430 1267 64 29 och
510 1267 131 39 anslag.

269 1320 66 31 Vid
353 1321 59 29 sitt
431 1321 261 30 sammanträde
708 1321 68 30 den
794 1321 38 30 25
852 1321 69 40 maj
945 1321 82 30 1966
1045 1322 110 29 beslöt
1173 1321 389 30 talmanskonferensen
1580 1323 50 28 att
1649 1321 67 30 den

223 1374 127 30 väckta
366 1374 123 40 frågan
509 1375 111 29 skulle
637 1375 144 29 beredas
800 1384 42 20 av
857 1374 207 40 riksdagens
1081 1375 446 39 organisationsutredning
1544 1375 65 29 och
1627 1375 88 29 åter-

225 1429 128 38 upptas
377 1437 42 21 av
442 1428 235 30 konferensen
700 1428 58 30 vid
782 1428 79 30 dess
886 1428 111 30 första
1022 1428 260 30 sammanträde
1306 1428 111 30 under
1442 1429 271 29 höstsessionen.

225 1482 225 30 Sistnämnda
466 1482 106 30 tanke
589 1482 118 30 kunde
725 1482 192 30 emellertid
934 1483 71 29 inte
1023 1482 229 40 förverkligas
1269 1483 46 39 på
1332 1482 113 40 grund
1463 1492 42 21 av
1522 1484 49 28 att
1590 1483 123 39 frågan

223 1536 58 29 vid
298 1536 155 30 nämnda
469 1536 138 30 tillfälle
626 1537 94 29 ännu
739 1537 29 39 ej
790 1537 128 29 hunnit
935 1537 192 30 behandlas
1146 1546 41 21 av
1205 1537 242 39 utredningen.
1467 1537 113 30 Sedan
1597 1536 117 30 utred-

224 1590 129 39 ningen
376 1599 147 21 numera
548 1591 142 29 slutfört
716 1591 76 29 sina
816 1591 264 39 överväganden
1103 1592 12 29 i
1139 1592 117 29 ämnet
1281 1593 127 38 upptas
1433 1591 124 40 frågan
1580 1591 53 30 till
1657 1591 57 30 be-

223 1644 169 40 handling
405 1645 11 29 i
430 1644 228 30 förevarande
672 1645 244 39 promemoria.

266 1698 65 30 Det
348 1699 146 29 resultat
513 1708 42 20 av
572 1698 251 40 utredningens
841 1699 305 39 undersökningar
1165 1708 74 21 som
1257 1700 12 29 i
1286 1699 56 30 det
1361 1699 157 40 följande
1535 1699 178 30 redovisas

222 1761 99 21 avser
337 1752 222 30 uteslutande
574 1752 213 30 studieresor
805 1752 52 30 till
874 1752 167 31 utlandet.
1058 1752 238 41 Utredningen
1312 1753 65 30 har
1393 1753 176 40 nämligen
1586 1753 55 30 för
1659 1753 54 30 sin

222 1806 55 29 del
302 1806 118 29 funnit
444 1808 50 27 att
518 1807 104 39 något
645 1807 112 29 behov
779 1807 72 29 inte
875 1807 184 39 föreligger
1083 1816 42 21 av
1148 1816 43 20 en
1214 1807 264 39 undersökning
1502 1807 80 29 med
1606 1807 107 30 därav

223 1860 187 29 eventuellt
437 1860 206 29 föranledda
668 1860 132 39 förslag
824 1860 149 30 rörande
998 1861 199 29 utskottens
1224 1860 212 30 studieresor
1461 1861 96 29 inom
1583 1861 127 29 landet.

220 2013 37 25 II.
270 2013 165 26 Nuvarande
447 2013 193 26 förhållanden

264 2075 117 40 Enligt
403 2075 71 30 f.n.
495 2076 184 40 tillämpad
701 2076 148 40 ordning
870 2077 154 29 beslutar
1046 2077 181 29 utskotten
1249 2076 245 40 självständigt
1516 2085 56 21 om
1595 2076 43 30 de
1657 2077 54 29 ut-

222 2129 200 30 landsresor
448 2139 75 20 som
548 2130 181 29 utskotten
754 2139 102 21 anser
882 2130 227 40 erforderliga
1134 2130 54 30 för
1214 2130 235 40 fullgörandet
1476 2140 42 20 av
1544 2130 54 30 sin
1624 2139 87 31 upp-

219 2183 76 39 gift.
318 2183 128 39 Dylika
466 2192 96 21 resor
585 2184 130 29 företas
737 2184 11 29 i
770 2184 205 30 varierande
997 2184 245 40 utsträckning
1264 2193 42 21 av
1328 2184 176 40 praktiskt
1526 2185 93 39 taget
1642 2184 69 29 alla

218 2237 191 30 utskotten.

261 2291 89 30 Före
368 2291 204 40 budgetåret
593 2291 140 34 1964/65
752 2301 62 21 var
832 2292 132 29 antalet
982 2292 213 30 studieresor
1213 2293 53 29 till
1286 2292 158 30 utlandet
1463 2292 109 40 ringa.
1593 2292 116 30 Under

220 2345 155 30 nämnda
398 2345 169 40 budgetår
593 2346 152 39 företogs
770 2345 18 30 5
814 2355 105 26 resor,
945 2346 112 30 under
1081 2346 204 39 budgetåret
1313 2346 140 33 1965/66
1479 2345 19 30 8
1523 2355 97 21 resor
1644 2346 66 29 och

218 2399 112 29 under
349 2399 96 30 förra
464 2400 136 29 hälften
619 2409 43 21 av
680 2399 204 40 budgetåret
906 2400 139 34 1966/67
1067 2400 19 30 6
1105 2409 106 21 resor.
1232 2400 53 30 Då
1303 2409 145 21 resorna
1467 2409 148 21 numera
1634 2409 75 21 som

217 2453 92 39 regel
332 2454 39 28 är
393 2453 159 40 förlagda
573 2454 52 29 till
649 2453 97 30 förra
766 2454 136 29 hälften
925 2463 43 21 av
989 2456 47 27 ett
1058 2454 170 39 budgetår
1249 2454 91 29 talar
1363 2454 268 30 sannolikheten
1654 2454 54 30 för
