1888 2760
258 158 21 45 [3
623 165 277 33 Statsutskottets
919 168 172 31 utlåtande
1110 180 40 19 nr
1168 172 61 28 112
1248 169 37 31 år
1302 173 81 33 1964

261 244 42 38 på
320 244 103 39 grund
440 256 42 20 av
499 245 139 31 dödsfall
655 246 61 31 och
732 246 145 39 pension,
893 248 76 31 med
985 248 219 40 beräkningar
1220 261 42 20 av
1279 250 57 31 det
1351 251 309 40 ersättningsbehov
1677 264 70 21 som

260 297 118 31 hänför
395 297 48 40 sig
460 297 50 32 till
526 299 103 31 andra
646 300 280 39 avgångsorsaker
942 301 61 31 har
1019 301 112 32 vidare
1147 303 169 31 befunnits
1333 308 53 27 att
1401 305 346 40 ersättningsbehovet

261 350 50 31 för
332 350 154 39 perioden
511 354 203 29 1960—1970
737 356 37 28 är
796 357 119 27 500—1
930 357 61 28 000
1013 355 103 31 lärare
1140 359 103 28 större
1264 359 41 29 än
1329 368 69 20 som
1422 358 144 39 angivits
1588 359 9 31 i
1619 362 127 29 ämnes-

260 403 277 40 lärarprognosen.

300 457 50 30 En
374 457 244 41 undersökning
641 458 89 32 inom
755 460 473 40 ecklesiastikdepartementet
1251 475 42 19 av
1316 464 287 32 lärarsituationen
1627 466 119 32 hösten

261 513 77 28 1963
360 510 170 32 bekräftar
549 512 62 31 den
631 512 195 41 försämring
846 525 42 20 av
910 514 286 32 lärarsituationen
1219 527 69 20 som
1309 517 436 41 lärarutbildningssakkun-

258 563 75 40 niga
354 563 165 41 iakttagit.
541 563 93 33 Även
657 576 54 20 om
732 566 128 39 hänsyn
883 571 91 36 tages
997 568 48 31 till
1067 569 63 31 den
1153 569 101 40 något
1276 573 168 37 strängare
1465 571 215 33 definitionen
1702 585 43 20 av

257 616 177 40 begreppet
454 617 169 32 lärarbrist
643 618 9 32 i
672 619 282 39 departementets
974 621 244 41 undersökning
1239 626 36 28 är
1293 623 211 33 lärarbristen
1527 626 141 35 1963/64
1690 638 54 20 en-

257 669 59 40 ligt
335 672 423 37 60-procentsalternativet
776 673 99 40 drygt
896 677 88 28 1300
1003 674 264 40 heltidstjänster
1285 679 102 29 större
1407 680 42 28 än
1469 678 62 31 den
1549 679 51 31 för
1617 690 126 21 samma

256 723 85 31 läsår
367 723 205 32 beräknades
598 725 48 31 till
673 726 101 40 enligt
800 728 400 40 ämneslärarprognosens
1227 736 292 33 ogynnsammaste
1545 729 198 47 antagande.

256 775 104 32 Detta
384 776 204 33 förhållande
611 778 96 31 beror
728 779 69 31 dels
819 780 43 39 på
885 784 52 27 att
960 782 230 40 utgångsläget
1216 783 138 36 1960/61
1380 784 101 40 enligt
1505 785 41 31 de
1570 785 173 33 definitiva

256 828 150 33 siffrorna
424 829 88 33 visat
528 830 48 41 sig
592 834 106 29 sämre
715 835 42 28 än
773 832 172 39 beräknat,
961 834 68 31 dels
1047 835 41 39 på
1106 839 53 28 att
1176 836 143 32 behovet
1336 837 81 31 ökat
1433 849 71 20 mer
1520 841 42 28 än
1580 839 162 33 beräknat

255 887 87 27 samt
359 883 69 31 dels
446 884 42 38 på
506 888 53 27 att
575 885 264 32 lärartillskottet
858 886 86 32 varit
963 887 77 40 lågt.

295 936 17 31 I
332 936 245 39 propositionen
596 938 127 32 lämnas
742 939 144 31 härefter
905 951 39 20 en
966 941 200 40 redogörelse
1187 942 51 31 för
1257 943 153 39 åtgärder
1428 949 73 26 mot
1520 945 222 38 lärarbristen,

254 988 48 32 till
318 989 108 31 vilken
443 990 203 40 redogörelse
661 992 96 31 torde
769 992 33 32 få
816 992 156 33 hänvisas
988 994 39 39 (s.
1045 995 146 41 15—19).

294 1104 375 41 Departementschefen
689 1107 124 32 erinrar
832 1108 51 31 för
904 1109 49 31 sin
975 1110 52 31 del
1047 1121 53 20 om
1120 1115 53 27 att
1193 1110 115 41 frågan
1329 1123 54 20 om
1405 1113 58 31 det
1484 1115 151 31 växande
1656 1115 84 32 skol-

252 1158 175 31 väsendets
449 1158 197 42 försörjning
667 1161 76 31 med
766 1162 218 31 ämneslärare
1006 1162 8 31 i
1037 1163 103 31 skilda
1163 1165 239 40 sammanhang
1424 1166 87 32 varit
1533 1167 135 32 föremål
1690 1168 51 32 för

252 1210 157 40 ingående
429 1213 263 39 överväganden.
712 1213 52 32 De
784 1215 213 40 utredningar
1015 1227 69 20 som
1103 1217 173 40 företagits
1292 1220 139 30 rörande
1451 1220 288 33 lärarsituationen

250 1263 61 32 och
334 1264 73 31 dess
429 1265 191 40 utveckling
641 1266 62 31 har
724 1267 74 38 alla,
820 1268 147 38 påpekar
988 1269 363 39 departementschefen
1374 1272 210 33 beträffande
1604 1275 136 40 nuläget

249 1316 208 33 konstaterat
480 1318 288 33 förhandenvaron
792 1331 42 21 av
857 1332 40 20 en
919 1322 135 32 relativt
1075 1327 69 27 stor
1164 1323 171 33 lärarbrist
1354 1336 77 21 men
1453 1326 210 33 beträffande
1685 1333 53 27 ut-

249 1370 191 41 vecklingen
459 1372 43 38 på
521 1372 110 40 längre
651 1372 67 33 sikt
736 1373 111 32 funnit
865 1375 86 39 goda
969 1375 70 32 skäl
1058 1377 67 31 tala
1145 1376 51 32 för
1215 1382 51 27 ett
1284 1379 179 32 successivt
1479 1381 198 39 uppnående
1694 1393 44 21 av

248 1423 59 31 full
325 1423 293 43 behovstäckning.
637 1426 97 32 Inom
754 1430 261 38 ämnesgruppen
1033 1430 402 40 matematik-fysik-kemi
1454 1433 61 32 har
1531 1435 64 30 den
1615 1434 9 32 i
1642 1446 95 30 prog-

249 1487 136 21 noserna
408 1477 193 33 redovisade
622 1479 160 40 ingående
803 1481 209 32 lärarbristen
1034 1483 86 31 varit
1141 1483 132 33 särskilt
1294 1489 68 28 stor
1383 1487 61 31 och
1467 1486 9 32 i
1498 1487 91 41 fråga
1610 1499 54 21 om
1684 1494 52 27 ut-

248 1530 190 40 vecklingen
454 1531 43 39 på
513 1532 111 40 längre
640 1532 66 32 sikt
721 1533 69 37 har,
806 1537 83 28 även
906 1546 54 20 om
976 1546 40 20 en
1032 1535 200 42 förbättring
1247 1537 82 32 efter
1343 1539 90 32 hand
1448 1540 153 33 bedömts
1618 1553 117 21 sanno-

247 1582 54 38 lik,
317 1584 116 31 endast
449 1584 40 32 de
504 1591 269 33 gynnsammaste
788 1589 231 38 antagandena
1035 1600 53 20 om
1104 1590 281 34 lärartillskottets
1399 1594 123 31 storlek
1536 1595 174 33 resulterat
1726 1595 10 32 i

246 1635 114 33 balans
381 1637 119 32 mellan
522 1638 136 41 tillgång
677 1640 61 31 och
758 1640 108 32 behov
886 1641 56 32 vid
961 1643 314 39 prognosperiodens
1296 1645 75 33 slut.
1392 1646 83 32 Med
1496 1648 177 41 anledning
1691 1660 44 21 av

246 1690 65 31 vad
333 1701 68 20 som
422 1690 227 33 framkommit
670 1703 117 29 genom
808 1694 41 31 de
869 1694 171 41 företagna
1059 1697 258 40 utredningarna
1337 1699 61 32 har
1417 1701 246 33 extraordinära
1684 1702 50 32 åt-

247 1743 115 39 gärder
378 1755 42 19 av
439 1743 87 32 olika
545 1745 68 40 slag
629 1745 159 41 vidtagits
806 1747 10 31 i
832 1747 86 39 syfte
937 1753 53 27 att
1007 1750 63 31 öka
1087 1750 177 41 tillgången
1281 1753 42 38 på
1341 1753 113 39 lärare,
1474 1753 188 33 framhåller
1679 1757 55 31 de-

246 1797 330 37 partementschefen.
595 1798 106 32 Dessa
722 1800 153 39 åtgärder
891 1801 61 31 har
970 1801 9 32 i
999 1807 68 27 stor
1085 1805 231 40 utsträckning
1334 1806 157 32 inriktats
1509 1808 43 38 på
1570 1809 40 31 de
1628 1814 104 27 mate-

245 1849 486 43 matisk-naturvetenskapliga
754 1856 149 30 ämnena.
926 1855 374 39 Departementschefen
1323 1858 183 34 fortsätter:

290 1903 131 31 >Ehuru
435 1906 348 31 överensstämmande
794 1908 74 30 med
881 1909 162 31 avseende
1055 1910 42 38 på
1109 1910 252 41 beskrivningen
1374 1924 42 20 av
1430 1914 229 41 utgångsläget
1670 1917 61 31 och

242 1955 425 40 utvecklingstendenserna
688 1959 9 31 i
716 1963 85 28 stort
819 1960 121 32 företer
958 1973 112 20 senare
1090 1963 183 40 framlagda
1292 1965 238 42 bedömningar
1548 1970 182 31 avsevärda

243 2006 259 43 förskjutningar
519 2009 10 32 i
545 2010 205 33 förhållande
768 2012 47 32 till
833 2013 148 40 tidigare,
999 2015 84 32 både
1101 2016 56 32 vid
1175 2017 251 42 bestämningen
1443 2032 43 19 av
1504 2021 63 31 den
1584 2022 145 33 aktuella

242 2060 226 33 lärarbristens
491 2064 122 31 storlek
636 2065 61 31 och
722 2065 56 31 vid
802 2066 240 41 bedömningen
1065 2080 42 20 av
1131 2070 157 32 framtida
1311 2071 108 32 behov
1443 2074 61 31 och
1528 2074 136 41 tillgång
1687 2077 39 39 på

240 2116 113 33 lärare.
374 2118 18 31 I
412 2118 63 31 hur
496 2118 65 41 hög
582 2120 79 39 grad
683 2120 109 31 bilden
814 2120 83 32 efter
919 2121 89 32 hand
1030 2122 186 39 förskjutits
1238 2124 143 40 framgår
1402 2137 54 20 om
1478 2138 79 21 man
1578 2129 152 32 studerar

240 2170 195 39 exempelvis
458 2172 64 31 den
545 2172 177 40 utredning
744 2174 138 31 rörande
903 2174 193 32 lärarbehov
1119 2176 60 31 och
1204 2177 222 42 lärartillgång
1447 2181 106 31 under
1573 2182 156 38 perioden

241 2225 171 36 1955—565,
431 2234 71 21 som
522 2225 36 31 år
579 2228 78 28 1955
678 2225 175 32 framlades
872 2239 43 19 av
935 2228 63 31 den
1018 2229 190 31 dåvarande
1227 2232 387 42 realskoleutredningen.
1633 2235 18 31 I
1670 2236 58 31 det

238 2276 275 40 sammanhanget
527 2279 139 30 menade
681 2290 78 20 man
776 2279 47 40 sig
838 2280 112 32 kunna
965 2281 163 37 förvänta,
1145 2287 53 27 att
1213 2283 41 31 de
1268 2285 284 41 ansträngningar,
1568 2298 69 20 som
1653 2288 73 32 från

239 2328 57 32 det
312 2329 181 32 allmännas
511 2330 71 32 sida
599 2331 102 40 gjorts
719 2332 51 31 för
786 2337 52 27 att
854 2333 168 32 stimulera
1041 2334 274 42 tillströmningen
1333 2338 48 31 till
1398 2339 206 37 lärarbanan,
1623 2341 104 32 skulle

239 2381 132 32 komma
385 2386 53 27 att
453 2382 79 32 bära
548 2383 92 32 frukt
654 2385 61 31 och
731 2389 52 27 att
797 2385 62 31 den
875 2386 106 31 ökade
996 2387 264 33 examinationen
1275 2390 72 31 från
1361 2391 196 33 universitet
1571 2393 60 32 och
1647 2390 78 50 hög-

238 2435 107 31 skolor
368 2436 123 39 ganska
516 2441 90 27 snart
630 2437 103 32 skulle
756 2438 134 32 komma
912 2444 53 26 att
987 2440 72 31 leda
1081 2440 48 32 till
1153 2452 40 20 en
1216 2443 135 38 mycket
1374 2444 123 41 kraftig
1519 2446 143 42 stegring
1682 2459 42 21 av

237 2487 263 33 lärartillskottet
520 2490 104 31 under
643 2491 64 31 den
728 2502 112 20 senare
860 2492 93 31 delen
974 2504 43 20 av
1035 2495 307 39 prognosperioden.
