1868 2788
279 159 38 30 18
585 158 122 29 Första
731 156 244 40 lagutskottets
999 155 179 30 utlåtande
1202 164 43 21 nr
1267 155 39 29 12
1329 155 38 29 år
1391 155 83 29 1955

279 242 145 40 säkring
443 252 98 20 avses
559 251 44 21 en
623 241 258 39 livförsäkring,
901 240 62 29 där
982 239 387 39 försäkringssumman
1389 237 124 30 endast
1534 236 171 30 utbetalas
1725 245 56 20 om

281 292 366 40 försäkringstagaren
667 291 130 29 avlider
817 291 74 29 före
909 289 225 40 uppnåendet
1153 298 42 20 av
1211 289 71 29 viss
1302 289 104 29 ålder.

327 343 266 41 Livförsäkring
623 345 38 28 är
690 343 110 30 under
830 342 93 30 vissa
951 341 208 40 betingelser
1188 340 277 40 utmätningsfri.
1496 338 287 40 Utmätningsfri-

283 395 103 29 heten
414 393 127 30 hänför
570 394 50 39 sig
649 393 165 39 antingen
841 392 52 30 till
922 392 111 40 själva
1061 393 66 29 den
1155 392 43 39 på
1227 391 350 39 försäkringsavtalet
1605 390 178 40 grundade

281 445 115 29 rätten
416 444 83 30 eller
517 444 53 29 till
590 444 134 39 belopp,
745 452 76 21 som
842 442 140 31 utfaller
1004 441 87 31 efter
1112 441 328 40 försäkringsfallet.
1463 440 66 30 Om
1550 439 232 41 utmätnings-

281 493 107 30 frihet
408 493 12 29 i
441 492 247 31 förstnämnda
709 492 199 29 hänseende
931 491 140 39 stadgas
1093 490 11 29 i
1129 491 60 29 116
1215 490 15 36 $
1255 490 112 29 första
1389 490 136 38 stycket
1548 488 235 39 försäkrings-

284 545 222 39 avtalslagen.
534 544 136 40 Frågan
697 553 57 20 om
781 542 327 40 utmätningsfrihet
1135 543 54 29 för
1217 542 193 30 utfallande
1438 541 345 40 försäkringsbelopp

284 595 150 39 regleras
454 595 10 29 i
484 595 118 39 lagens
624 594 60 30 102
705 595 64 29 och
791 593 61 30 104
873 592 37 37 8$
932 595 90 28 samt
1042 594 11 29 i
1074 593 61 29 116
1157 591 17 37 $
1193 593 109 29 andra
1324 592 144 39 stycket.
1489 592 13 29 I
1524 591 59 30 117
1607 590 15 37 8
1645 592 139 39 stadgas

283 645 93 30 vissa
397 644 298 40 inskränkningar
718 644 11 29 i
752 644 66 31 den
841 644 44 40 på
909 644 60 29 116
995 642 15 36 8
1035 643 179 39 grundade
1237 642 384 40 utmätningsfriheten,
1645 651 139 21 avscen-

284 695 40 30 de
350 696 89 39 läget
464 695 56 31 vid
546 694 382 40 försäkringstagarens
953 694 169 29 konkurs.

327 745 13 29 I
367 746 60 29 116
451 745 15 35 8
491 745 109 31 första
624 745 134 39 stycket
780 745 139 39 stadgas
940 745 60 35 att,
1024 753 56 20 om
1103 744 200 39 försäkring
1325 745 37 29 är
1384 745 102 37 tagen
1508 744 20 29 å
1550 742 233 41 försäkrings-

283 798 161 38 tagarens
465 795 82 30 eller
568 796 89 30 hans
679 796 119 29 makes
820 795 56 35 liv,
897 796 69 29 rätt
988 804 74 21 som
1083 794 45 40 på
1149 795 112 38 grund
1283 804 41 20 av
1347 791 349 42 försäkringsavtalet
1716 793 68 29 till-

282 846 159 29 kommer
462 845 128 29 endera
611 854 42 21 av
673 844 78 29 dem
773 844 29 39 ej
827 844 57 29 må
903 845 98 37 tagas
1023 843 12 30 i
1055 844 73 30 mät
1152 843 53 29 för
1227 842 218 40 någonderas
1467 842 89 41 gäld,
1578 843 86 29 utan
1686 842 38 30 så
1746 843 37 29 är

284 898 50 28 att
353 897 106 39 enligt
477 897 128 29 avtalet
625 895 356 41 premiebetalningen
999 895 90 30 skall
1109 904 82 21 vara
1211 895 168 40 fullgjord
1398 895 111 30 under
1528 903 43 21 en
1590 894 50 31 tid
1659 895 125 29 under-

284 947 158 41 stigande
462 947 48 30 tio
531 947 38 30 år
591 947 81 29 eller
692 947 111 29 under
824 946 105 39 något
949 946 38 30 år
1008 946 127 39 erlagts
1156 945 141 40 premie,
1320 954 74 21 som
1416 945 134 40 uppgår
1572 944 52 30 till
1645 953 73 21 mer
1740 945 44 29 än

283 1007 42 20 en
350 996 162 31 femtedel
535 1006 44 21 av
604 996 263 40 sammanlagda
889 996 161 41 beloppet
1074 1005 42 20 av
1140 997 40 29 de
1203 995 160 40 premier,
1390 1004 74 21 som
1489 995 115 30 skolat
1629 995 155 40 erläggas

284 1048 116 30 därest
421 1046 358 42 premiebetalningen
800 1046 71 30 lika
895 1046 168 31 fördelats
1084 1046 45 41 på
1149 1046 47 30 tio
1218 1046 39 30 år
1278 1046 79 31 från
1380 1047 145 29 avtalets
1549 1046 171 30 slutande.

326 1097 53 29 Då
401 1097 107 39 syftet
531 1097 79 29 med
634 1095 372 40 utmätningsfriheten
1030 1096 39 30 är
1092 1096 50 28 att
1166 1095 200 30 underlätta
1389 1094 314 40 livförsäkringens
1727 1103 60 20 an-

281 1147 184 30 vändande
492 1146 118 31 såsom
637 1146 112 31 medel
775 1146 55 30 för
857 1145 420 40 familjeförsörjningens
1304 1145 191 35 ordnande,
1523 1145 108 39 gäller
1657 1145 67 29 den
1751 1144 31 39 ej

283 1198 55 29 för
366 1198 111 29 andra
506 1197 242 40 försäkringar
778 1198 45 29 än
852 1196 131 30 sådana
1013 1205 76 21 som
1117 1198 95 37 tages
1241 1195 20 30 å
1290 1195 385 40 försäkringstagarens
1704 1195 82 29 eller

281 1248 90 30 hans
391 1248 120 30 makes
532 1248 57 30 liv.
609 1248 53 29 En
682 1246 209 41 försäkring,
912 1255 76 21 som
1007 1246 105 40 tagits
1142 1247 8 30 å
1172 1246 114 40 någon
1306 1255 136 20 annans
1463 1245 56 35 liv,
1541 1246 38 29 är
1599 1245 103 30 alltså
1721 1254 64 20 un-

281 1298 189 30 derkastad
491 1298 200 39 utmätning
711 1297 107 40 enligt
836 1296 140 40 vanliga
995 1297 121 39 regler,
1139 1297 86 29 även
1246 1305 58 21 om
1324 1295 359 41 premiebetalningen
1704 1295 81 29 full-

283 1348 99 39 göres
402 1348 45 40 på
466 1349 70 29 sätt
555 1348 12 29 i
587 1348 210 39 paragrafen
817 1347 151 40 angives.
989 1347 204 30 Detsamma
1213 1347 107 39 gäller
1340 1347 10 29 i
1372 1346 132 31 sådana
1524 1346 64 30 fall
1609 1346 44 30 då
1672 1347 114 29 rätten

283 1398 45 40 på
347 1399 114 39 grund
481 1408 41 20 av
542 1408 44 20 en
607 1398 209 40 försäkring,
838 1407 75 21 som
932 1397 104 41 tagits
1057 1397 21 30 å
1097 1397 384 40 försäkringstagarens
1502 1397 83 30 eller
1605 1397 89 29 hans
1716 1406 71 20 ma-

281 1449 61 30 kes
366 1449 55 35 liv,
446 1457 126 32 genom
594 1449 202 30 överlåtelse
820 1449 83 30 eller
926 1448 207 30 annorledes
1157 1447 143 40 övergår
1323 1447 20 30 å
1367 1447 114 40 någon
1505 1456 119 21 annan
1647 1456 137 31 person.

325 1500 50 30 De
394 1500 11 29 i
423 1499 210 41 paragrafen
653 1500 161 29 använda
833 1499 188 39 ordalagen
1040 1498 181 30 utmärker
1238 1498 129 37 vidare,
1388 1500 51 28 att
1457 1497 328 40 utmätningsfrihe-

281 1552 59 28 ten
361 1550 76 30 icke
461 1559 99 21 avser
583 1552 109 28 annat
715 1551 45 29 än
783 1550 112 39 själva
918 1550 67 29 den
1007 1549 46 40 på
1075 1549 350 40 försäkringsavtalet
1449 1548 180 40 grundade
1653 1549 129 34 rätten;

281 1600 67 30 den
369 1600 106 40 gäller
496 1600 150 31 sålunda
664 1600 76 30 icke
762 1600 108 30 redan
890 1599 179 30 utbetalda
1090 1599 356 40 försäkringsbelopp.

326 1651 116 40 Enligt
468 1652 60 30 102
555 1651 14 37 8
595 1653 58 29 må
675 1652 374 39 försäkringstagaren,
1074 1660 57 21 om
1153 1651 70 29 han
1245 1651 60 29 vill
1329 1652 50 29 att
1402 1650 382 41 försäkringsbeloppet

285 1703 90 29 skall
403 1703 140 29 tillfalla
572 1711 127 26 annan,
728 1703 131 29 insätta
887 1703 111 29 denne
1027 1702 117 30 såsom
1173 1702 288 39 förmånstagare.
1493 1701 131 31 Sådant
1653 1702 132 30 förord-

283 1752 114 29 nande
421 1752 57 30 må
501 1761 42 20 av
567 1751 365 39 försäkringstagaren
954 1752 64 28 när
1043 1760 75 20 som
1142 1751 90 29 helst
1256 1750 198 34 återkallas,
1482 1750 149 30 såframt
1655 1751 71 29 han
1750 1750 30 39 ej

283 1805 81 38 gent
385 1805 91 28 emot
496 1803 304 40 förmånstagaren
821 1802 181 31 förbundit
1022 1802 51 40 sig
1094 1804 49 29 att
1163 1803 70 30 låta
1254 1802 252 31 förordnandet
1526 1802 53 31 stå
1599 1802 57 31 vid
1675 1803 108 29 makt.

327 1853 46 30 Är
402 1853 278 40 förmånstagare
707 1853 118 34 insatt,
856 1853 88 31 skall
973 1853 107 39 enligt
1110 1852 61 30 104
1201 1852 15 36 $
1247 1853 112 30 första
1387 1853 135 38 stycket
1551 1853 234 40 försäkrings-

282 1904 135 41 belopp,
446 1913 75 21 som
545 1903 141 31 utfaller
710 1904 87 29 efter
821 1903 383 39 försäkringstagarens
1229 1904 77 35 död,
1333 1904 29 39 ej
1389 1903 82 40 ingå
1494 1904 11 29 i
1530 1904 129 30 dennes
1684 1904 100 29 kvar-

282 1954 193 41 låtenskap.
498 1954 71 30 Har
592 1954 363 39 försäkringstagaren
974 1953 226 30 efterlämnat
1222 1954 112 33 make,
1356 1954 250 39 bröstarvinge,
1630 1954 154 40 adoptiv-

283 2005 87 29 barn
395 2005 82 30 eller
503 2004 78 31 dess
607 2003 249 40 bröstarvinge,
883 2004 99 35 skall,
1008 2004 62 29 där
1096 2003 251 31 förordnandet
1373 2004 88 30 hade
1487 2005 137 29 kunnat
1650 2013 40 21 av
1716 2004 69 30 för-

282 2055 310 40 säkringstagaren
617 2054 197 35 återkallas,
841 2053 391 41 försäkringsbeloppet,
1259 2054 38 30 så
1322 2053 64 30 vitt
1412 2054 98 40 fråga
1536 2056 39 28 är
1601 2064 56 20 om
1683 2054 101 30 efter-

283 2106 141 30 lämnad
453 2105 312 39 dödsbodelägares
795 2104 167 40 giftorätt,
991 2105 70 29 rätt
1094 2105 51 29 till
1173 2105 160 39 vederlag
1361 2105 83 29 eller
1471 2104 132 41 laglott,
1632 2105 152 30 behand-

281 2155 54 30 las
361 2155 38 29 så
427 2163 76 21 som
530 2163 60 21 om
615 2154 161 40 beloppet
803 2153 135 29 tillhört
964 2152 81 30 boet
1072 2153 65 29 och
1165 2153 131 39 tillagts
1324 2153 306 39 förmånstagaren
1658 2161 125 32 genom

282 2207 208 28 testamente
517 2205 128 33 (andra
665 2205 135 39 stycket
820 2205 10 29 i
852 2214 134 21 samma
1006 2204 196 41 paragraf).
1224 2205 127 39 Tredje
1372 2206 135 37 stycket
1526 2205 195 31 innehåller
1743 2215 41 20 en

280 2255 212 39 hänvisning
515 2254 53 30 till
595 2255 61 29 116
683 2253 15 38 $
724 2254 111 29 andra
860 2253 135 39 stycket
1020 2253 222 30 beträffande
1267 2253 125 40 frågan
1415 2254 93 29 huru
1534 2254 89 29 efter
1648 2254 136 30 försäk-

282 2307 260 39 ringstagarens
562 2307 68 29 död
649 2307 87 29 hans
755 2306 208 38 borgenärer
981 2306 11 29 i
1010 2305 87 30 visst
1116 2305 61 29 fall
1197 2306 79 39 äger
1295 2305 94 30 hålla
1407 2305 51 40 sig
1477 2306 53 31 till
1549 2306 234 40 försäkrings-

281 2356 170 40 beloppet.
479 2357 13 28 I
520 2355 221 31 sistnämnda
767 2356 136 38 lagrum
930 2355 140 39 stadgas
1095 2356 62 32 att,
1184 2364 56 21 om
1268 2355 279 40 förmånstagare
1572 2358 41 29 är
1639 2357 108 30 insatt
1773 2357 11 29 i

283 2406 61 31 fall
368 2406 44 30 då
435 2407 70 29 rätt
526 2407 45 39 på
594 2407 117 38 grund
729 2415 41 21 av
793 2405 313 40 försäkringsavtal
1129 2406 56 29 må
1208 2406 97 39 tagas
1328 2406 11 29 i
1361 2407 83 33 mät,
1467 2408 85 28 utan
1576 2408 50 29 att
1649 2407 135 30 försäk-

280 2455 243 40 ringstagaren
546 2457 82 38 gent
652 2456 92 29 emot
768 2455 131 29 honom
922 2453 183 31 förbundit
1129 2453 51 40 sig
1202 2455 51 28 att
1276 2454 70 30 låta
1370 2454 254 31 förordnandet
1649 2456 53 30 stå
1725 2455 58 30 vid
