1870 2788
269 130 39 29 20
571 132 123 30 Första
718 132 245 41 lagutskottets
987 136 179 32 utlåtande
1189 148 44 21 nr
1255 140 40 29 12
1316 140 39 30 år
1378 141 83 30 1955

268 213 245 41 försäkringen
537 216 180 30 utmärkes
742 217 116 36 därav,
883 221 51 27 att
959 220 382 43 försäkringsbeloppet
1364 224 124 31 endast
1513 225 172 31 utbetalas
1710 227 57 30 vid

267 263 162 31 dödsfall.
462 265 159 30 Premien
651 266 134 31 betalas
815 268 232 41 fortlöpande,
1078 271 64 30 och
1174 273 106 38 något
1311 277 239 36 sparmoment
1582 276 185 41 föreligger

266 312 76 31 icke
359 314 58 30 vid
436 314 101 31 dessa
557 315 252 42 försäkringar,
829 318 107 31 vilket
955 320 61 39 gör
1036 322 50 29 att
1105 322 199 39 premierna
1322 323 11 30 i
1352 324 92 40 regel
1463 327 38 29 är
1519 326 139 31 relativt
1678 327 87 40 låga.

265 362 116 41 Enligt
420 365 67 29 vad
528 365 376 43 livbolagsföreningen
945 370 158 40 uppgivit
1132 372 195 31 omfattade
1356 375 410 42 grupplivförsäkringen

264 412 56 30 vid
342 414 81 30 1953
444 415 57 30 års
519 416 129 40 utgång
666 417 99 30 cirka
782 418 63 31 300
860 418 62 31 000
940 429 180 31 personer;
1142 424 266 40 sammanlagda
1428 425 337 43 försäkringsbelop-

263 465 57 36 pet
343 463 152 40 uppgick
518 465 57 30 vid
599 475 136 21 samma
759 467 166 41 tidpunkt
948 470 53 29 till
1023 472 147 39 ungefär
1194 473 63 30 850
1281 474 164 40 miljoner
1469 476 140 31 kronor.

307 513 333 41 Utmätningsfrihet
671 517 55 30 för
756 518 414 43 dödsfallsförsäkringar
1200 523 184 41 föreligger
1412 526 11 29 i
1452 526 68 30 den
1549 527 83 30 mån
1661 529 102 30 dessa

262 561 242 42 försäkringar
528 566 176 39 uppfyller
727 568 41 29 de
790 568 11 29 i
826 570 60 29 116
912 570 16 36 8
952 570 112 31 första
1087 573 135 38 stycket
1246 575 165 39 stadgade
1434 576 172 31 villkoren
1629 579 132 31 härför.

261 612 67 29 För
349 614 326 40 utmätningsfrihet
696 617 138 31 fordras
855 619 150 31 sålunda
1025 621 73 30 dels
1119 624 51 28 att
1190 624 357 42 premiebetalningen
1569 628 91 30 skall
1681 629 81 30 full-

260 663 101 37 göras
384 664 112 29 under
518 665 108 30 minst
648 667 48 29 tio
719 668 39 30 år
780 669 65 29 och
868 669 73 31 dels
966 672 52 29 att
1040 671 76 31 icke
1139 673 113 30 under
1275 675 105 40 något
1404 676 38 30 år
1465 678 128 39 erlagts
1617 680 142 39 premie,

260 720 76 21 som
359 714 134 39 uppgår
516 715 52 29 till
590 725 75 21 mer
690 718 45 29 än
759 727 42 21 en
826 719 165 31 femtedel
1014 730 42 21 av
1080 724 266 40 sammanlagda
1368 726 161 41 beloppet
1552 737 43 21 av
1618 729 42 30 de
1684 739 76 31 pre-

259 761 86 30 mier
367 771 76 21 som
466 764 113 31 skolat
601 767 157 40 erläggas
780 768 117 31 därest
918 771 358 43 premiebetalningen
1299 775 167 31 fördelats
1490 778 71 30 lika
1584 780 44 39 på
1650 780 48 30 tio
1721 781 38 30 år

259 811 79 30 från
356 813 148 31 avtalets
521 815 175 37 slutande;
715 819 156 38 premien
890 820 55 30 får
962 822 79 30 med
1060 822 109 31 andra
1189 824 62 30 ord
1270 825 75 30 icke
1364 827 111 30 under
1493 828 104 40 något
1615 830 38 30 år
1672 840 86 31 upp-

259 862 41 37 gå
326 862 52 30 till
403 863 135 41 belopp,
566 875 74 21 som
668 869 101 38 utgör
795 878 73 22 mer
895 871 44 30 än
966 872 58 30 två
1050 873 127 40 gånger
1205 874 67 31 den
1299 877 129 39 premie
1458 878 55 31 för
1540 881 47 28 ett
1616 880 38 30 år
1682 890 75 21 som

258 912 111 30 skulle
387 913 45 31 ha
452 915 125 40 erlagts
598 917 116 31 därest
734 920 354 42 premiebetalningen
1108 924 71 30 lika
1200 925 167 33 fördelats
1385 928 45 39 på
1451 928 66 31 den
1537 939 83 30 nyss
1640 932 116 39 angiv-

256 970 44 21 na
323 963 105 30 tiden.

297 1013 65 30 Det
380 1016 37 29 är
436 1016 134 40 tydligt,
589 1020 50 28 att
658 1019 41 30 de
718 1029 85 21 rena
821 1021 464 44 dödsfallsförsäkringarna
1304 1027 10 29 i
1334 1028 177 40 åtskilliga
1530 1029 62 30 fall
1613 1031 30 39 ej
1667 1034 87 27 mot-

253 1070 119 22 svarar
400 1064 42 30 de
469 1068 199 38 uppställda
694 1069 131 31 kraven
852 1071 55 30 för
933 1074 338 40 utmätningsfrihet.
1299 1078 53 29 En
1379 1078 375 44 dödsfallsförsäkring

252 1112 63 31 där
343 1113 387 43 försäkringssumman
759 1120 140 31 utfaller
927 1123 124 30 endast
1079 1124 54 30 för
1161 1125 68 30 den
1256 1127 167 31 händelse
1450 1129 68 30 den
1546 1130 206 32 försäkrade

253 1164 131 30 avlider
402 1165 74 31 före
495 1168 174 40 utgången
688 1180 42 21 av
749 1173 40 29 de
808 1174 176 31 närmaste
1003 1175 47 31 tio
1068 1176 82 30 åren
1169 1178 88 30 efter
1276 1179 263 42 försäkringens
1559 1183 193 32 tecknande

251 1237 44 4 —
314 1223 48 28 ett
382 1223 44 38 på
450 1226 427 43 grupplivförsäkringens
899 1232 142 33 område
1064 1233 30 40 ej
1119 1235 155 40 ovanligt
1295 1236 62 30 fall
1377 1255 44 4 —
1442 1238 71 30 kan
1534 1239 148 32 sålunda
1704 1243 50 29 ta-

251 1278 60 31 gas
338 1272 10 28 i
374 1274 82 29 mät.
485 1275 211 41 Visserligen
722 1278 64 30 har
811 1280 75 31 icke
913 1291 43 20 en
982 1283 96 39 dylik
1104 1284 202 42 försäkring
1331 1287 74 30 före
1431 1288 321 42 försäkringsfallet

250 1321 104 40 något
373 1324 105 30 värde
498 1334 41 20 ur
557 1326 276 40 borgenärernas
853 1332 190 40 synpunkt,
1063 1335 118 32 varför
1203 1336 57 31 det
1281 1337 117 31 kunde
1419 1340 121 38 tyckas
1561 1350 83 21 vara
1665 1344 86 28 utan

249 1372 110 30 större
380 1373 75 31 vikt
476 1377 51 28 att
548 1376 246 43 försäkringen
816 1381 44 30 då
882 1383 38 29 är
942 1384 294 40 utmätningsbar.
1260 1388 78 29 Men
1361 1389 44 29 då
1430 1389 116 30 såsom
1568 1391 183 32 förutsätt-

249 1421 84 41 ning
362 1423 54 30 för
448 1427 328 40 utmätningsfrihet
807 1431 53 30 för
891 1433 195 31 utfallande
1117 1436 348 44 försäkringsbelopp
1497 1441 107 40 enligt
1638 1443 60 30 116
1732 1444 15 36 $8

247 1473 110 29 andra
380 1475 135 39 stycket
538 1477 436 45 försäkringsavtalslagen
996 1484 116 39 gäller,
1136 1488 51 28 att
1209 1487 246 42 försäkringen
1478 1491 89 30 skall
1590 1501 83 21 vara
1695 1496 54 27 ut-

247 1524 226 40 mätningsfri
510 1528 107 29 redan
655 1530 74 30 före
768 1531 328 42 försäkringsfallet,
1125 1538 38 28 är
1190 1537 58 30 det
1275 1539 105 30 likväl
1410 1540 54 30 för
1491 1541 257 40 borgenärerna

245 1575 276 40 uppenbarligen
545 1587 42 21 av
611 1581 72 30 stor
707 1582 161 38 praktisk
892 1583 176 41 betydelse
1093 1588 51 28 att
1169 1587 113 40 själva
1307 1589 68 30 den
1398 1590 44 40 på
1469 1591 278 42 försäkringsav-

245 1623 83 31 talet
350 1627 180 37 grundade
552 1630 114 29 rätten
689 1631 71 30 kan
783 1634 163 30 utmätas.
970 1635 46 30 Ur
1039 1635 383 44 försäkringstagarens
1446 1643 181 39 synpunkt
1650 1644 97 31 inne-

244 1674 62 30 bär
333 1675 115 31 denna
475 1678 182 41 möjlighet
684 1682 203 36 emellertid,
916 1686 50 29 att
994 1686 105 39 syftet
1127 1689 80 29 med
1236 1689 89 31 hans
1355 1691 200 42 försäkring
1582 1693 64 31 lätt
1674 1695 71 30 kan

243 1726 194 40 äventyras.

287 1776 119 31 Såsom
435 1779 373 43 livbolagsföreningen
837 1785 193 32 framhållit
1058 1788 85 30 vilar
1171 1789 66 30 den
1271 1791 9 28 i
1309 1791 432 44 försäkringsavtalslagen

242 1826 164 39 stadgade
433 1830 371 40 utmätningsfriheten
832 1835 54 31 för
911 1836 290 43 livförsäkringar
1227 1841 44 39 på
1297 1841 66 30 den
1388 1843 141 37 tanken,
1556 1846 51 28 att
1633 1848 48 27 ett
1707 1847 30 38 ej

239 1876 117 30 alltför
378 1878 245 33 koncentrerat
646 1885 172 37 sparande
841 1885 9 29 i
874 1886 90 39 syfte
988 1889 50 28 att
1062 1888 109 40 skapa
1194 1890 334 43 försäkringsskydd
1550 1895 75 31 icke
1650 1897 88 29 skall

238 1926 121 31 kunna
379 1928 46 30 bli
446 1939 43 20 en
510 1931 143 41 tillgång
675 1933 54 30 för
751 1935 381 42 försäkringstagarens
1156 1940 218 40 borgenärer.
1396 1943 65 30 Det
1483 1944 62 30 bör
1564 1945 45 30 då
1632 1947 106 39 enligt

240 1976 223 42 föreningens
491 1982 140 40 mening
657 1986 176 29 motsvara
859 1987 115 30 denna
1000 1989 104 30 tanke
1130 1992 52 28 att
1207 1993 199 39 temporära
1430 1994 310 33 dödsfallsförsäk-

237 2026 128 40 ringar,
389 2038 75 21 som
488 2031 30 39 ej
543 2032 193 32 innefattar
759 2035 104 40 något
885 2038 165 40 egentligt
1073 2042 173 38 sparande
1269 2042 64 29 och
1359 2053 75 20 som
1459 2045 222 41 följaktligen
1705 2049 30 39 ej

236 2076 64 31 har
319 2078 104 40 något
443 2082 186 31 nämnvärt
647 2085 106 30 värde
771 2087 111 30 under
901 2088 329 42 försäkringstiden,
1252 2093 89 29 skall
1361 2103 83 21 vara
1466 2095 179 40 skyddade
1665 2101 73 28 mot

235 2129 155 39 anspråk
417 2130 81 31 från
524 2132 275 41 borgenärernas
828 2137 86 35 sida,
942 2142 134 28 oavsett
1103 2142 118 29 vilken
1248 2144 383 42 premiebetalningstid
1661 2158 76 20 som

235 2179 158 30 avtalats.
419 2181 217 42 Föreningen
660 2185 65 30 har
749 2187 120 30 därför
892 2188 181 41 föreslagit
1097 2194 51 27 att
1174 2193 62 29 116
1263 2193 16 37 8
1307 2194 110 31 första
1441 2197 135 38 stycket
1600 2198 136 31 försäk-

234 2228 312 43 ringsavtalslagen
568 2235 129 30 ändras
720 2237 45 39 på
787 2237 37 30 så
847 2239 78 33 sätt,
948 2241 51 28 att
1022 2241 100 30 dessa
1147 2242 242 42 försäkringar
1411 2246 67 29 blir
1503 2249 232 40 utmätnings-

234 2278 68 30 fria
331 2280 193 32 oberoende
552 2293 42 21 av
622 2287 448 42 premiebetalningstidens
1100 2292 120 39 längd;
1253 2294 89 30 dock
1372 2296 113 30 skulle
1514 2298 122 31 därvid
1666 2300 67 29 den

232 2329 280 42 begränsningen
534 2335 89 38 gälla
646 2338 50 28 att
717 2338 131 38 premie
869 2339 31 39 ej
925 2340 111 30 under
1057 2342 104 39 något
1183 2343 38 30 år
1245 2344 94 40 finge
1359 2345 45 30 ha
1426 2347 127 40 erlagts
1577 2350 79 29 med
1677 2350 56 29 be-

231 2379 81 40 lopp
335 2381 241 41 överstigande
600 2386 64 30 vad
689 2396 76 21 som
789 2389 114 31 skolat
926 2391 167 39 erläggas,
1118 2393 118 31 därest
1259 2394 317 42 försäkringstiden
1599 2400 132 39 utgjort

231 2429 70 30 fem
322 2431 38 29 år
380 2432 64 30 och
465 2434 223 41 betalningen
710 2438 92 30 skett
821 2439 45 40 på
886 2449 42 21 en
949 2441 100 40 gång.
