1894 2850
553 185 228 29 Statsutskottets
804 184 149 28 utlåtande
975 184 48 27 Nr
1048 184 66 27 136.
1578 188 19 20 0)

97 261 231 43 tingsområde
363 261 59 31 där
456 260 300 32 centralanstalten
783 270 81 20 vore
897 258 142 41 belägen
1074 258 83 31 eller
1189 257 74 31 icke
1290 275 40 3 —
1354 256 135 41 erlägga
1511 255 86 41 lego-

97 304 209 42 sängsavgift
330 303 52 31 till
405 303 58 31 det
484 303 138 41 belopp,
646 313 73 20 som
742 312 81 21 vore
846 300 164 32 fastställt
1032 300 52 31 för
1099 299 133 42 patient
1247 298 78 32 med
1342 298 146 31 hemvist
1503 297 94 31 inom

97 346 358 42 landstingsområdet.
498 345 68 31 För
581 344 166 32 medellös
764 343 133 42 patient
921 342 109 32 skulle
1054 341 239 32 motsvarande
1317 340 104 42 avgift
1445 340 152 40 erläggas

97 402 39 19 av
159 388 257 33 vederbörande
439 386 377 43 fattigvårdssamhälle.

148 432 33 41 b)
205 430 203 42 Landsting,
432 432 160 30 ävensom
617 429 75 31 stad
715 430 96 30 utom
835 427 184 41 landsting,
1038 426 109 31 skulle
1169 425 143 41 bidraga
1336 425 52 31 till
1410 423 187 33 bestridan-

97 474 58 33 det
188 485 40 20 av
261 472 314 33 vårdkostnaderna
609 472 52 31 för
694 471 42 31 de
764 473 19 29 å
810 469 148 33 nämnda
985 469 213 41 vårdplatser
1220 468 141 40 intagna
1383 467 215 41 patienterna

97 517 77 32 med
198 528 41 20 en
263 527 133 20 summa
419 526 39 20 av
482 515 18 31 2
522 515 127 31 kronor
671 514 41 31 50
735 515 57 30 öre
816 524 62 31 per
900 511 266 40 underhållsdag
1189 509 212 33 beträffande
1424 520 173 31 personer,

98 571 73 21 som
196 559 84 42 ägde
303 559 222 31 hemortsrätt
546 557 94 31 inom
663 555 256 33 vederbörande
946 554 183 40 landsting,
1154 552 193 42 respektive
1372 551 84 32 stad.
1495 551 104 31 Detta

96 602 120 41 bidrag
251 601 110 32 skulle
384 602 120 40 utgöra
526 599 123 32 villkor
674 599 52 31 för
748 597 276 33 vederbörandes
1047 598 67 29 rätt
1136 597 50 30 att
1208 595 133 41 förfoga
1364 597 79 29 över
1466 594 91 42 plats
1580 595 20 29 å

95 643 357 42 vårdavdelningarna.

150 686 27 42 c)
201 686 120 32 Staten
353 685 110 32 skulle
486 684 153 32 bestrida
662 684 65 31 dels
750 681 305 33 den'återstående
1079 680 98 32 delen
1202 691 40 20 av
1265 678 258 42 dagkostnaden
1547 678 52 31 för

97 729 148 32 nämnda
267 728 179 42 patienter,
471 727 65 31 dels
558 726 192 31 kostnaden
774 726 53 30 för
848 723 358 43 röntgenbehandling
1229 722 63 32 och
1315 720 283 42 radiumapplika-

98 772 72 32 tion
193 772 11 30 i
227 770 321 32 centralanstaltens
571 767 371 42 behandlingsinstitut
963 765 211 32 beträffande
1198 776 129 20 samma
1349 763 178 42 patienter.

151 838 269 44 Dagkostnaden
454 837 109 32 skulle
597 836 119 32 därvid
743 836 162 31 uträknas
932 835 52 31 för
1005 834 201 31 kalenderår
1229 831 107 43 enligt
1358 831 114 42 regeln
1501 805 97 82 oh

98 909 116 32 varvid
237 919 19 20 a
277 906 211 33 betecknade
511 905 121 32 Lunds
655 905 159 31 lasaretts
842 903 157 41 samtliga
1022 901 269 32 driftkostnader
1314 900 106 41 enligt
1443 911 39 19 av
1498 898 101 32 medi-

99 950 260 42 cinalstyrelsen
392 948 157 32 bestämd
584 947 246 41 uppställning,
854 946 23 31 b
901 944 209 33 betecknade
1144 943 192 32 kostnaden
1371 943 51 31 för
1444 943 154 40 röntgen-

98 993 210 41 behandling
332 991 64 32 och
419 989 348 42 radiumapplikation
790 989 11 31 i
825 987 320 33 centralanstaltens
1161 984 370 42 behandlingsinstitut
1547 983 53 31 be-

99 1036 166 32 träffande
299 1034 42 31 de
365 1036 19 29 å
407 1032 319 33 centralanstaltens
754 1030 305 41 vårdavdelningar
1081 1029 140 41 intagna
1243 1028 224 41 patienterna,
1491 1025 64 32 och
1578 1037 20 19 n

97 1077 211 34 betecknade
331 1076 78 31 hela
431 1075 128 32 antalet
581 1073 307 42 underhållsdagar
910 1072 57 32 vid
989 1072 185 31 lasarettet.

150 1119 204 33 Kostnaden
378 1119 52 31 för
451 1116 358 42 röntgenbehandling
832 1115 64 32 och
916 1112 348 43 radiumapplikation
1288 1112 11 31 i
1323 1123 46 20 nu
1385 1111 144 42 angiven
1545 1110 55 31 del

100 1163 109 33 skulle
242 1162 169 31 beräknas
435 1162 46 35 så,
505 1162 49 29 att
578 1159 72 31 däri
673 1159 138 41 inginge
834 1157 218 41 vederbörlig
1074 1154 250 43 uppskattning
1346 1165 39 20 av
1408 1152 192 32 kostnaden

98 1207 53 31 för
180 1204 161 43 personal
375 1203 106 41 (utom
514 1201 133 42 läkare),
676 1201 290 41 materialåtgång,
990 1198 260 43 uppvärmning,
1275 1195 263 44 nyanskaffning
1561 1206 39 20 av

98 1247 207 33 inventarier
328 1247 88 31 samt
438 1244 189 32 underhåll.

152 1289 204 41 Ledningen
380 1288 62 31 och
466 1286 250 41 förvaltningen
740 1297 40 20 av
801 1285 171 32 anstalten
989 1283 110 32 skulle
1115 1282 198 32 handhavas
1329 1292 40 20 av
1386 1280 214 32 direktionen

99 1334 53 31 för
184 1331 122 33 Lunds
339 1332 149 30 lasarett.
534 1329 181 32 Anstalten
750 1328 110 32 skulle
895 1327 118 32 ställas
1047 1326 53 31 till
1130 1323 200 43 förfogande
1354 1324 52 31 för
1428 1322 173 32 undervis-

100 1376 124 41 ningen
248 1374 57 31 vid
329 1373 121 32 Lunds
474 1371 220 33 universitets
718 1370 213 32 medicinska
952 1369 151 31 fakultet.

151 1417 202 32 Ånstaltens
376 1415 116 31 vidare
514 1414 196 41 utveckling
733 1413 111 32 skulle
868 1411 212 41 ombesörjas
1103 1421 39 20 av
1166 1408 257 32 vederbörande
1447 1406 155 42 sjukhus-

100 1459 238 42 myndigheter
360 1458 93 31 inom
478 1457 181 31 distriktet.
705 1453 347 33 Jubileumsfondens
1077 1451 144 42 styrelse
1246 1451 110 31 skulle
1379 1449 143 32 beredas
1539 1449 64 30 till-

99 1503 79 31 fälle
212 1503 49 30 att
291 1503 91 39 yttra
406 1500 60 40 sig,
490 1499 104 31 innan
619 1497 126 42 åtgärd,
769 1495 234 33 innebärande
1027 1506 92 20 mera
1141 1493 203 41 ingripande
1369 1492 82 31 eller
1472 1492 131 30 väsent-

100 1546 67 40 liga
189 1543 236 40 förändringar
448 1542 83 31 eller
556 1540 242 41 utvidgningar
821 1550 39 20 av
884 1538 180 36 anstalten,
1088 1536 165 40 vidtoges.

152 1584 288 44 Uppkommande
474 1583 120 32 tvister
626 1582 145 32 rörande
805 1580 215 32 innebörden
1043 1591 40 19 av
1106 1590 46 20 nu
1175 1577 146 42 angivna
1344 1571 259 51 bestämmelser

101 1629 108 32 skulle
243 1628 155 41 biläggas
421 1638 39 19 av
484 1637 41 20 en
549 1623 333 38 femmannanämnd,
907 1634 40 20 av
970 1622 112 31 vilken
1110 1621 194 40 Konungen
1328 1619 110 31 skulle
1461 1620 77 28 utse
1562 1628 41 20 en

100 1671 150 32 ledamot
278 1672 89 30 samt
392 1667 334 43 jubileumsfondens
750 1666 145 42 styrelse
920 1665 63 32 och
1007 1663 215 32 direktionen
1245 1662 53 31 för
1321 1661 120 32 Lunds
1464 1661 140 31 lasarett

100 1714 140 32 vardera
262 1715 56 29 två
340 1712 196 31 ledamöter.
966 1727 4 3 :

156 1756 117 32 Skulle
307 1755 95 41 fråga
433 1754 121 31 väckas
579 1764 54 20 om
657 1751 230 42 nedläggning
911 1750 83 31 eller
1015 1747 199 41 förändring
1238 1758 39 20 av
1301 1746 189 31 anstaltens
1513 1744 90 31 verk-

102 1799 141 36 samhet,
268 1794 111 34 skulle
413 1796 111 32 denna
556 1796 94 40 fråga
682 1794 203 41 hänskjutas
918 1792 53 31 till
999 1803 41 20 en
1064 1790 147 32 särskild
1234 1789 137 38 nämnd,
1396 1799 73 21 som
1494 1787 110 31 skulle

103 1843 94 30 utses
221 1852 39 19 av
283 1840 205 40 Konungen.

155 1900 48 31 På
240 1898 166 42 grundval
443 1909 39 19 av
515 1896 148 31 nämnda
696 1893 334 43 organisationsplan
1065 1893 61 30 har
1159 1890 214 32 direktionen
1408 1890 52 30 för
1493 1888 114 32 Lamds

104 1952 134 30 lasarett
271 1959 122 31 genom
425 1948 53 31 sin
503 1945 365 41 beredningsdelegation
890 1943 159 41 företagit
1071 1942 197 42 ytterligare
1292 1940 156 40 åtgärder
1470 1940 51 30 för
1544 1939 62 31 för-

103 1999 194 33 beredande
332 2010 40 19 av
400 1996 245 43 upprättandet
677 2007 40 20 av
739 1993 257 43 ifrågavarande
1027 1991 265 33 centralanstalt.
1338 1990 129 31 Därvid
1490 1989 116 31 visade

106 2051 61 41 sig,
191 2051 49 30 att
273 2049 59 31 det
365 2049 127 40 belopp
526 2058 40 20 av
593 2046 135 39 600,000
761 2046 136 36 kronor,
922 2055 73 20 som
1018 2041 335 43 jubileumsfondens
1378 2040 143 42 styrelse
1544 2040 62 31 för-

105 2101 108 32 klarat
248 2100 52 41 sig
323 2099 95 41 villig
441 2100 48 30 att
513 2098 176 40 tillskjuta,
714 2096 115 31 kunde
851 2095 169 32 beräknas
1043 2094 106 31 förslå
1171 2093 51 30 till
1248 2091 192 32 inrättande
1463 2102 40 20 av
1526 2090 41 31 30
1589 2092 19 28 å

106 2152 40 31 35
169 2150 221 41 vårdplatser.
426 2150 52 30 Då
501 2149 57 31 det
582 2150 123 39 ansågs
729 2147 161 40 önskligt,
915 2147 49 30 att
987 2143 301 33 centralanstalten
1312 2143 135 30 komme
1470 2143 49 29 att
1542 2152 65 20 om-

107 2203 83 30 fatta
222 2202 41 30 50
295 2200 223 41 vårdplatser,
547 2198 200 32 utarbetade
781 2194 448 43 beredningsdelegationen
1265 2195 49 29 ett
1339 2192 138 41 förslag,
1502 2191 107 41 enligt

107 2252 103 31 vilket
243 2250 218 41 landstingen
496 2249 62 32 och
594 2248 159 32 städerna
786 2248 92 30 inom
904 2247 65 30 den
993 2245 159 32 blivande
1176 2243 320 32 centralanstaltens
1519 2242 89 31 verk-

109 2301 292 33 samhetsområde
436 2300 109 31 skulle
579 2298 281 32 överenskomma
894 2298 49 29 att
973 2298 43 38 på
1040 2306 83 30 egen
1147 2293 193 32 bekostnad
1362 2293 126 30 inrätta
1510 2294 99 39 ytter-

108 2352 104 40 ligare
236 2351 42 31 de
302 2350 221 41 vårdplatser,
549 2360 73 20 som
647 2347 215 32 erfordrades
886 2347 52 30 för
961 2347 49 29 att
1032 2344 121 41 bringa
1176 2344 171 31 anstalten
1373 2354 69 29 npp
1466 2342 53 30 till
1536 2341 73 31 sist

109 2402 148 32 niimnda
281 2401 137 31 storlek.
464 2400 117 40 Enligt
614 2399 164 40 förslaget
802 2397 111 31 skulle
936 2396 58 31 det
1016 2395 52 31 för
1091 2395 94 30 detta
1208 2393 157 31 ändamål
1389 2392 221 40 erforderliga

110 2452 295 41 kapitalbeloppet
421 2462 39 19 av
476 2449 195 32 Malmöhus
688 2449 75 30 läns
779 2447 185 40 landsting,
982 2457 72 20 som
1070 2445 109 31 skulle
1192 2444 92 31 bliva
1296 2445 98 39 ägare
1407 2443 53 30 till
1473 2442 137 31 central-

111 2503 169 33 anstalten
304 2502 10 31 i
340 2501 80 32 dess
444 2501 125 32 helhet.
583 2498 184 43 lämpligen
791 2498 116 32 kunna
924 2498 70 31 mot
1017 2497 97 31 ränta
1136 2495 170 42 upplånas
1322 2494 73 31 från
1414 2493 197 42 jubileums-
