1888 2802
512 166 379 33 Jordbruksutskottets
914 167 178 32 utlåtande
1116 176 41 22 nr
1183 167 49 29 ål.
1610 162 19 30 5

120 246 154 40 begripet
300 247 162 29 tillbehör
488 246 53 30 till
566 247 132 29 sådana
722 247 178 29 maskiner
924 246 66 29 och
1015 245 294 40 transportmedel
1334 245 55 30 för
1413 245 151 39 forsling
1587 254 41 21 av

118 297 228 30 maskinerna
368 297 80 30 från
469 297 65 30 och
555 298 52 29 till
627 297 399 40 uppställningsplatsen
1046 297 83 29 eller
1151 296 129 30 mellan
1304 296 93 29 olika
1419 296 210 38 bruknings-

120 349 96 29 delar
239 366 45 3 —
309 350 85 28 utan
421 349 87 29 även
534 348 55 30 för
616 348 221 30 bestridande
865 357 41 21 av
931 348 239 29 kostnaderna
1196 347 55 30 för
1277 347 171 39 byggnad,
1477 356 75 20 som
1578 355 51 21 er-

119 399 140 30 fordras
280 399 55 30 för
356 399 179 39 förvaring
556 399 82 30 eller
658 399 199 40 reparation
880 408 43 20 av
942 398 238 30 maskinerna.
1203 398 13 29 I
1237 398 151 29 kostnad
1410 398 55 29 för
1487 397 143 30 anskaf-

120 450 105 30 fande
247 450 83 30 eller
352 450 220 40 uppförande
595 460 42 20 av
659 450 160 39 byggnad
841 450 98 29 torde
961 450 12 29 i
998 449 290 30 förekommande
1312 448 62 30 fall
1398 448 37 31 få
1460 448 169 30 inräknas

119 501 151 30 kostnad
293 501 55 30 för
368 501 203 30 tomtmark.

165 552 117 39 Enligt
308 552 229 30 kommitténs
564 552 132 39 förslag
725 551 112 30 skulle
865 551 242 40 byggnadslån
1133 551 30 39 ej
1195 551 122 30 kunna
1344 550 137 30 lämnas
1508 550 53 30 till
1588 550 40 30 de

120 612 42 21 av
180 603 210 30 kommittén
411 603 151 30 avsedda
580 602 372 30 maskinecentralerna.
973 602 121 39 Någon
1115 602 152 30 skillnad
1285 601 97 30 torde
1404 601 90 30 dock
1513 601 31 39 ej
1565 601 63 29 här

120 654 84 29 böra
228 654 101 39 göras
354 653 129 30 mellan
509 653 94 30 olika
627 661 150 32 grupper
800 663 42 20 av
864 653 191 39 låntagare.

164 704 74 30 Lån
261 705 97 29 torde
380 704 11 29 i
415 704 152 39 enlighet
590 704 80 30 med
691 704 229 29 kommitténs
942 703 132 39 förslag
1095 703 84 30 böra
1202 703 82 39 utgå
1308 702 91 30 intill
1422 702 41 30 80
1485 703 144 39 procent

120 764 43 21 av
184 755 280 40 köpeskillingen
485 755 55 29 för
562 755 179 29 maskiner
763 754 81 30 eller
868 764 42 20 av
934 754 345 39 byggnadskostnad,
1302 753 90 30 dock
1416 755 51 28 att
1491 753 59 30 lån
1572 752 58 30 må

120 806 122 30 kunna
258 805 147 40 beviljas
421 806 92 29 intill
532 806 79 30 hela
629 805 279 40 köpeskillingen
926 805 55 30 för
998 805 180 30 maskiner
1194 804 55 30 för
1270 804 360 40 grundförbättrings-

120 857 153 29 arbeten.

165 908 52 29 En
237 907 245 39 minimigräns
504 907 61 29 bör
586 907 193 30 fastställas
800 907 54 29 för
874 906 269 39 ifrågavarande
1165 906 68 30 lån.
1255 906 123 29 Denna
1401 906 104 38 gräns
1527 914 102 30 synes

120 958 188 40 lämpligen
333 958 123 30 kunna
483 959 109 28 sättas
615 958 52 29 till
692 958 63 29 500
780 958 140 29 kronor.
947 957 376 39 Lantbruksstyrelsen
1350 956 62 30 bör
1436 955 192 31 emellertid

120 1009 121 30 kunna
260 1009 159 39 medgiva
439 1009 180 38 undantag
637 1008 81 30 från
739 1009 114 30 denna
873 1008 257 38 minimigräns.

165 1060 57 29 Ett
244 1059 245 30 fastställande
513 1069 42 20 av
576 1059 174 39 enhetliga
772 1058 324 40 amorteringstider
1119 1058 113 30 skulle
1255 1057 168 30 innebära
1444 1057 94 30 vissa
1560 1057 70 30 för-

120 1110 106 30 delar.
249 1110 75 29 Den
345 1110 199 38 föreslagna
564 1110 329 38 amorteringstiden
914 1119 42 20 av
974 1109 49 30 tio
1046 1109 38 30 år
1106 1118 102 30 synes
1229 1109 89 29 dock
1338 1108 105 39 något
1463 1108 56 29 för
1538 1108 90 38 lång,

122 1161 103 30 såvitt
250 1161 108 39 angår
383 1161 189 29 maskiner.
601 1160 339 39 Amorteringstiden
968 1160 55 29 för
1048 1160 180 29 maskiner
1254 1159 62 29 bör
1341 1159 11 29 i
1379 1159 115 29 stället
1520 1159 109 29 sättas

121 1212 47 34 så,
193 1214 50 28 att
266 1212 67 29 den
354 1212 160 29 kommer
537 1213 50 28 att
611 1211 248 30 sammanfalla
882 1211 80 29 med
984 1211 67 29 den
1075 1210 137 39 längsta
1235 1219 48 20 nu
1307 1209 185 40 medgivna
1516 1218 113 21 amor-

120 1262 240 39 teringstiden,
385 1262 32 30 d.
440 1272 30 20 v.
494 1271 25 20 s.
543 1262 73 30 åtta
640 1262 48 30 år.
715 1262 67 29 För
803 1261 242 40 byggnadslån
1068 1270 102 30 synes
1193 1261 158 29 däremot
1375 1261 67 29 den
1465 1269 42 21 av
1531 1260 98 29 kom-

120 1314 124 29 mittén
269 1313 198 39 föreslagna
491 1313 330 39 amorteringstiden
843 1322 42 20 av
908 1312 49 30 tio
982 1312 39 30 år
1043 1312 123 30 kunna
1190 1312 175 38 godtagas.

165 1365 122 38 Någon
308 1364 150 39 ändring
478 1364 11 29 i
511 1364 159 39 gällande
692 1363 263 30 bestämmelser
976 1372 57 21 om
1055 1363 103 29 ränta
1178 1362 21 30 å
1219 1362 59 30 lån
1299 1362 81 29 från
1399 1361 228 40 jordbrukets

120 1414 321 34 maskinlånefond,
462 1413 117 31 vilken
602 1413 316 30 överensstämmer
938 1413 80 29 med
1039 1413 128 29 räntan
1188 1412 20 30 å
1228 1412 59 29 lån
1307 1411 81 30 från
1410 1411 111 30 andra
1546 1412 82 29 stat-

121 1465 69 39 liga
208 1464 206 30 lånefonder
433 1464 56 30 för
511 1463 380 39 driftrationalisering,
915 1463 99 30 torde
1036 1463 30 39 ej
1090 1472 48 20 nu
1158 1463 84 29 böra
1267 1462 168 38 vidtagas.

163 1515 129 40 Bidrag
313 1515 62 30 bör
396 1515 11 29 i
429 1515 152 39 enlighet
604 1515 80 29 med
708 1514 229 30 kommitténs
960 1514 228 40 uppfattning
1211 1513 30 39 ej
1268 1513 83 39 utgå
1371 1513 54 29 till
1447 1512 183 31 återbetal-

120 1566 84 39 ning
230 1575 42 21 av
296 1566 250 39 byggnadslån.
571 1566 78 29 Med
672 1566 138 38 hänsyn
832 1565 53 30 till
912 1567 50 27 att
987 1564 202 30 maskinlån
1213 1564 11 29 i
1247 1564 274 38 fortsättningen
1545 1563 84 29 böra

119 1617 137 29 lämnas
280 1617 123 29 endast
428 1617 55 30 för
508 1616 278 40 nyuppsättning
809 1616 82 29 eller
915 1615 208 40 utvidgning
1149 1624 41 21 av
1213 1614 326 30 maskinbeståndet
1562 1613 67 30 till-

121 1668 136 39 styrkes
274 1667 166 39 förslaget
459 1677 56 21 om
532 1676 43 21 en
591 1667 149 39 höjning
756 1676 42 20 av
814 1667 333 39 bidragsprocenten
1164 1666 81 29 från
1262 1665 41 30 20
1320 1665 53 29 till
1391 1665 52 30 25.
1463 1665 166 30 Däremot

120 1719 70 29 kan
218 1718 387 40 departementschefen
635 1718 29 39 ej
695 1718 140 29 ansluta
863 1718 50 38 sig
940 1717 53 30 till
1022 1717 168 39 förslaget
1220 1718 50 28 att
1296 1716 332 39 bidragsprocenten

120 1769 56 30 för
195 1769 93 30 vissa
310 1769 179 39 låntagare
511 1769 112 29 skulle
643 1769 122 29 kunna
787 1768 102 39 höjas
911 1768 53 29 till
986 1767 41 30 50
1049 1769 154 38 procent.

165 1820 76 30 Den
262 1829 47 20 nu
332 1820 185 38 medgivna
538 1819 228 39 möjligheten
788 1821 50 27 att
860 1819 119 29 lämna
1000 1818 123 39 bidrag
1144 1818 52 29 till
1219 1817 255 39 återbetalning
1495 1826 42 21 av
1558 1816 68 34 lån,

121 1879 75 21 som
219 1870 178 39 upptagits
419 1870 10 29 i
451 1869 138 30 enskild
611 1869 323 38 kreditinrättning,
956 1868 100 29 torde
1078 1868 84 29 böra
1185 1867 202 30 bibehållas.
1413 1867 128 39 Bidrag
1565 1866 62 30 bör

120 1921 187 39 härjämte,
334 1921 115 29 såsom
475 1920 210 30 kommittén
710 1919 190 39 föreslagit,
925 1920 124 28 kunna
1074 1919 83 38 utgå
1183 1919 87 29 även
1294 1918 53 30 till
1372 1919 68 28 den
1467 1927 74 20 som
1569 1926 59 21 an-

123 1971 133 30 skaffat
275 1971 336 39 jordbruksmaskin
633 1972 85 28 utan
740 1970 178 30 anlitande
940 1979 42 20 av
1004 1969 69 34 lån,
1096 1978 57 21 om
1176 1969 131 29 sådana
1329 1968 298 39 omständigheter

121 2022 169 39 föreligga
311 2023 50 28 att
381 2021 71 30 han
475 2021 112 30 skulle
607 2021 46 30 ha
673 2021 137 29 kunnat
831 2020 133 30 erhålla
986 2020 69 30 lån.
1077 2020 53 29 En
1152 2019 255 39 förutsättning
1429 2019 55 30 för
1506 2019 122 38 bidrag

121 2073 62 29 bör
201 2072 117 30 vidare
336 2072 11 29 i
364 2072 95 30 detta
478 2071 61 30 fall
557 2081 94 24 vara,
670 2073 49 28 att
738 2071 259 30 vederbörande
1016 2071 127 29 ansökt
1162 2080 57 20 om
1238 2070 122 39 bidrag
1379 2070 108 29 redan
1507 2070 10 29 i
1539 2078 89 21 sam-

121 2123 93 30 band
233 2123 79 29 med
333 2123 252 29 anskaffandet
606 2131 42 21 av
667 2122 185 29 maskinen
873 2122 65 29 och
959 2122 231 28 underkastat
1213 2121 51 39 sig
1284 2121 67 29 den
1372 2120 154 30 kontroll
1548 2121 79 28 över

121 2173 279 33 verksamheten,
419 2181 74 20 som
511 2172 70 29 kan
599 2172 213 29 föreskrivas
829 2171 223 30 beträffande
1071 2171 189 38 låntagare.
1278 2170 162 39 Bidraget
1461 2170 62 29 bör
1541 2171 85 28 även

122 2223 10 29 i
148 2224 100 29 dessa
265 2223 61 29 fall
343 2223 82 39 utgå
441 2223 79 29 med
538 2223 39 29 25
594 2225 143 37 procent
754 2232 41 20 av
811 2223 56 29 det
884 2222 136 39 belopp,
1038 2231 74 20 som
1131 2222 111 29 skulle
1259 2222 46 29 ha
1322 2222 136 28 kunnat
1476 2221 151 29 erhållas

123 2274 115 29 såsom
264 2273 69 29 lån.

168 2324 52 29 En
241 2324 254 38 förutsättning
517 2324 54 29 för
593 2323 122 39 bidrag
735 2322 52 30 till
810 2322 256 39 återbetalning
1086 2332 42 20 av
1149 2321 201 30 maskinlån
1372 2322 38 28 är
1432 2322 55 28 för
1508 2322 123 28 närva-

123 2374 107 29 rande
251 2375 50 27 att
322 2382 41 20 av
383 2373 67 29 den
471 2372 190 34 åkerareal,
684 2382 74 19 som
779 2372 190 29 innehaves
991 2381 41 20 av
1053 2372 41 29 de
1114 2371 234 39 jordbrukare
1369 2371 94 29 vilka
1485 2370 142 39 deltagit

122 2424 10 29 i
158 2424 67 29 den
251 2431 260 31 gemensamma
537 2423 424 38 maskinanvändningen,
989 2422 108 29 minst
1124 2422 40 29 65
1191 2423 143 38 procent
1362 2422 97 29 skola
1486 2421 141 29 tillhöra

122 2474 294 39 brukningsdelar
442 2474 79 29 med
548 2474 100 38 högst
675 2474 41 29 20
742 2473 124 30 hektar
892 2473 95 30 åker.
1015 2472 127 39 Bidrag
1167 2473 58 29 må
1252 2473 88 29 dock
1368 2471 147 40 beviljas
1542 2473 85 28 utan
