1932 2854
531 145 114 29 Första
668 145 223 34 lagutskottets
914 145 164 29 utlåtande
1102 145 47 28 Nr
1174 150 48 26 35.
1607 145 20 30 5

117 231 193 33 skiftesmål
330 232 61 32 och
413 232 69 32 dels
504 232 67 32 mål
593 232 171 38 angående
786 232 159 32 förseelse
967 236 68 28 mot
1055 232 488 38 motorfordonsförordningen
1563 232 60 32 och

118 274 336 39 vägtrafikstadgan,
480 274 286 38 huvudsakligast
789 286 26 21 s.
840 274 33 34 k.
898 274 263 33 automobilmål.

162 340 101 33 Efter
282 344 51 29 att
351 341 44 32 ha
415 341 132 38 avgivit
564 341 87 32 visst
671 341 130 38 förslag
820 341 12 31 i
852 341 102 38 fråga
973 353 52 20 om
1044 341 234 32 skiftesmålen
1299 340 140 33 anförde
1460 340 163 32 nämnden

117 391 218 33 beträffande
359 392 303 39 automobilmålen,
684 391 45 34 bl.
752 403 45 21 a.:

160 450 50 32 På
230 450 110 39 grund
362 462 42 20 av
426 450 62 32 den
509 462 68 26 nya
597 450 375 38 trafiklagstiftningen
993 462 42 20 av
1056 450 61 32 den
1140 451 40 32 20
1201 450 73 38 juni
1297 451 84 31 1930
1403 449 113 32 vilken
1538 452 84 29 trätt

117 493 11 32 i
157 493 97 32 kraft
282 494 12 31 i
322 494 61 31 och
413 493 73 32 med
520 494 82 31 1931
633 494 55 31 års
719 493 127 38 ingång
887 493 112 32 kunde
1030 493 174 32 förväntas
1236 504 39 20 en
1305 492 199 39 ytterligare
1536 496 86 34 steg-

118 536 76 38 ring
231 547 42 20 av
309 535 129 32 antalet
475 547 42 20 av
555 535 39 32 de
631 535 55 32 till
723 536 121 37 högsta
882 535 183 32 domstolen
1104 535 177 38 fullföljda
1320 535 302 32 automobilmålen.

116 577 74 32 Den
221 590 68 26 nya
317 577 345 39 vägtrafikstadgans
696 579 39 31 16
769 578 17 38 $
817 577 114 32 vilken
961 578 164 31 innehölle
1146 577 403 33 straffbestämmelserna
1570 577 53 32 för

116 620 177 32 förseelser
315 623 70 29 mot
408 620 39 32 de
467 620 12 31 i
502 619 146 39 stadgan
670 620 103 38 givna
795 619 261 33 föreskrifterna
1077 620 165 32 innehölle
1264 620 45 33 bl.
1333 631 41 27 a.,
1398 623 51 28 att
1473 619 60 32 där
1556 631 65 20 om-

116 662 276 38 ständigheterna
413 674 78 20 vore
514 662 220 32 försvårande
757 663 59 31 och
840 662 182 32 förseelsen
1045 662 90 32 skett
1156 662 57 32 vid
1237 662 232 32 framförande
1492 673 42 20 av
1555 673 66 20 mo-

114 705 184 38 torfordon,
324 704 285 39 straffpåföljden
632 704 111 32 kunde
766 704 92 32 bliva
882 704 244 34 frihetsstraff.
1160 704 238 32 Motsvarande
1423 703 164 39 paragraf
1610 703 11 31 i

114 747 63 32 den
213 747 93 32 förut
340 747 160 38 gällande
534 746 326 39 vägtrafikstadgan
896 747 86 32 hade
1007 746 73 33 icke
1105 747 178 32 innehållit
1308 758 110 20 annan
1444 746 179 32 strafform

115 794 44 28 än
180 790 103 33 böter.
317 790 54 31 En
392 789 87 39 följd
503 801 42 20 av
567 789 62 32 den
652 789 142 32 sålunda
815 789 166 38 vidtagna
1004 789 184 38 ändringen
1211 789 11 31 i
1246 788 275 33 strafflatituden
1545 800 76 26 syn-

115 836 50 29 tes
187 832 101 38 bliva,
313 835 51 29 att
386 832 54 31 för
459 832 94 38 varje
576 832 74 38 fall,
674 832 42 32 då
736 843 40 20 en
798 832 151 32 tilltalad
970 831 100 32 blivit
1091 832 107 38 enligt
1217 833 43 31 16
1282 831 20 39 $
1323 831 12 32 i
1358 831 61 32 den
1442 843 68 26 nya
1532 830 89 33 stad-

114 886 68 27 gan
206 874 98 33 dömd
326 874 55 32 till
404 874 202 33 bötesstraff
631 874 54 32 för
709 874 158 32 förseelse
890 874 58 32 vid
973 874 232 32 framförande
1228 886 42 20 av
1295 874 237 39 motorfordon,
1560 873 62 32 den

116 917 127 39 dömde,
263 917 12 31 i
296 920 141 29 motsats
459 917 54 32 till
533 917 66 32 vad
621 916 93 33 förut
733 917 91 32 varit
845 917 109 38 fallet,
974 916 136 38 jämlikt
1130 916 295 33 bestämmelserna
1446 916 11 32 1
1480 918 40 31 30
1542 916 79 40 kap.

116 961 18 31 6
157 959 20 39 &
199 959 322 38 rättegångsbalken
543 959 86 38 ägde
650 959 153 38 fullfölja
825 959 95 32 talan
940 959 13 31 i
975 959 102 32 målet
1098 959 54 32 till
1174 959 121 38 högsta
1318 959 194 33 domstolen.

156 1052 120 39 Enligt
294 1052 182 33 nämndens
496 1052 133 39 mening
648 1064 77 20 vore
746 1052 54 32 det
819 1052 161 33 önskvärt
1000 1055 50 30 att
1068 1052 150 32 undvika
1240 1052 61 32 den
1321 1052 155 39 kraftiga
1497 1052 125 39 ökning

111 1096 12 31 i
148 1095 284 37 tillströmningen
459 1107 42 21 av
525 1095 193 32 kriminella
741 1094 206 33 besvärsmål
973 1094 53 32 till
1052 1094 119 38 högsta
1200 1095 183 32 domstolen
1412 1107 68 20 som
1507 1099 113 34 syntes

111 1138 92 32 bliva
227 1149 40 21 en
295 1136 86 40 följd
408 1150 42 20 av
475 1137 139 33 berörda
641 1137 143 39 ändring
812 1137 12 31 i
851 1136 227 34 straffskalan
1105 1137 53 31 för
1184 1136 264 39 ifrågavarande
1476 1137 76 39 slag
1579 1150 42 20 av

111 1181 91 32 brott
225 1180 60 33 och
312 1192 69 20 som
405 1180 110 32 kunde
539 1180 132 33 komma
696 1184 50 28 att
770 1179 150 33 medföra
944 1180 166 38 väsentlig
1135 1179 124 39 ökning
1284 1193 43 20 av
1351 1180 269 33 arbetsbalansen

111 1223 54 33 till
186 1235 73 20 men
281 1223 55 32 för
355 1222 301 39 rättsskipningen.
676 1222 71 32 Där
767 1222 143 33 allenast
929 1222 93 32 böter
1042 1222 139 38 ådömts,
1203 1222 93 33 torde
1317 1222 72 32 icke
1411 1223 103 32 heller
1536 1223 83 32 före-

111 1266 96 38 ligga
220 1266 103 38 något
339 1265 128 38 sakligt
486 1264 74 33 skäl
577 1265 54 32 för
646 1268 50 30 att
713 1265 68 31 låta
801 1264 108 33 målen
926 1264 12 32 i
955 1267 105 30 större
1076 1264 236 40 utsträckning
1330 1269 42 28 än
1389 1265 122 32 dittills
1530 1265 89 33 kom-

111 1321 54 21 ma
185 1308 104 33 under
309 1308 122 38 högsta
451 1306 200 35 domstolens
674 1307 212 33 bedömande.

155 1351 51 33 De
225 1351 158 38 åtgärder
403 1362 68 21 som
491 1350 99 33 borde
608 1350 158 38 vidtagas
787 1349 111 34 kunde
920 1349 121 34 tänkas
1063 1350 56 34 ske
1140 1362 116 27 genom
1277 1349 142 39 ändring
1440 1362 42 20 av
1502 1350 39 33 de
1560 1351 59 32 all-

111 1399 121 28 männa
257 1393 337 38 fullföljdsreglerna.
639 1392 130 33 Därvid
791 1393 93 32 torde
906 1393 13 31 i
944 1393 107 33 första
1074 1393 89 32 hand
1185 1393 79 33 böra
1288 1398 183 33 övervägas
1495 1397 51 29 att
1567 1393 52 32 be-

111 1441 125 34 gränsa
257 1436 284 38 fullföljdsrätten
564 1436 12 31 i
598 1435 183 33 allmänhet
805 1435 53 32 till
881 1436 38 32 de
943 1436 73 37 fall,
1041 1436 41 31 då
1105 1435 230 33 frihetsstraff
1357 1435 173 39 verkligen
1552 1435 67 33 till-

111 1481 156 37 lämpats.
309 1478 125 33 Därest
453 1490 38 20 en
513 1478 102 32 sådan
638 1478 121 37 åtgärd
780 1489 40 20 ur
840 1477 209 39 synpunkter
1069 1489 69 20 som
1159 1478 74 38 låge
1253 1481 92 29 utom
1366 1478 180 33 nämndens
1567 1478 52 32 be-

112 1521 159 33 dömande
291 1520 112 33 kunde
421 1532 83 21 vara
524 1520 110 38 ägnad
657 1524 51 28 att
727 1519 107 33 väcka
853 1520 278 38 betänkligheter,
1152 1520 111 32 kunde
1286 1532 38 20 en
1347 1520 150 39 stegring
1519 1532 42 21 av
1582 1521 38 32 de

112 1564 232 32 inkommande
371 1563 127 33 målens
527 1563 91 32 antal
647 1563 53 31 till
732 1563 27 37 ej
790 1562 187 38 oväsentlig
1007 1562 52 32 del
1089 1562 201 38 förhindras,
1321 1574 51 21 om
1403 1574 117 27 person
1551 1574 68 20 som

111 1607 128 33 ådömts
261 1606 93 32 böter
375 1605 215 33 tillerkändes
614 1604 244 39 fullföljdsrätt
881 1604 143 34 allenast
1047 1605 11 31 i
1081 1605 38 31 de
1142 1604 72 38 fall,
1238 1605 60 32 där
1320 1605 231 32 frihetsstraff
1572 1606 48 31 in-

112 1650 100 38 ginge
235 1649 12 32 i
273 1647 228 34 straffskalan
525 1650 129 30 oavsett
677 1659 50 21 om
752 1647 220 32 försvårande
999 1646 282 39 omständigheter
1306 1647 160 38 förelåge.

163 1716 125 33 Genom
307 1716 118 38 kungl.
446 1716 199 38 förordning
664 1716 62 32 den
747 1717 39 31 19
806 1715 72 39 juni
899 1716 83 32 1931
1004 1715 61 32 har
1083 1715 86 32 efter
1190 1715 431 38 organisationsnämndens

115 1768 172 33 uttalande
303 1768 70 33 viss
390 1767 128 32 mindre
536 1767 142 38 ändring
694 1779 41 20 av
753 1768 40 31 16
812 1766 18 38 $
847 1767 12 31 i
875 1766 323 38 vägtrafikstadgan
1216 1766 174 38 vidtagits.

160 1817 157 33 Rörande
339 1818 129 32 antalet
488 1817 53 32 till
562 1817 122 38 högsta
705 1817 184 32 domstolen
908 1817 106 31 under
1034 1817 79 31 åren
1136 1817 217 32 1923—1932
1376 1816 159 32 inkomna
1556 1817 67 31 mål

118 1872 88 29 samt
223 1868 200 32 domstolens
441 1868 231 32 arbetsbalans
690 1868 53 31 må
758 1867 159 32 hänvisas
935 1867 54 32 till
1005 1878 39 21 en
1060 1867 12 31 i
1088 1867 250 38 propositionen
1354 1867 138 38 intagen
1510 1867 113 32 tabell.

162 1919 56 32 Av
240 1919 144 32 tabellen
408 1919 162 38 framgår,
594 1921 51 28 att
666 1918 105 31 under
793 1918 39 31 de
855 1918 85 31 sista
962 1918 78 31 åren
1062 1917 128 32 antalet
1211 1917 159 31 inkomna
1392 1917 231 31 revisionsmål

118 1969 139 39 sjunkit,
277 1972 150 29 varemot
448 1968 128 32 antalet
596 1968 158 31 inkomna
773 1968 152 31 besvärs-
948 1968 59 31 och
1027 1967 358 38 underställningsmål
1406 1967 98 37 stigit
1524 1967 100 37 högst

118 2019 180 38 betydligt.
339 2019 73 31 Den
431 2019 106 31 totala
554 2018 170 39 balansen,
745 2030 68 19 som
831 2018 106 31 under
955 2018 78 31 åren
1053 2018 217 32 1928—1930
1289 2017 151 38 uppgick
1459 2017 53 32 till
1530 2017 94 32 cirka

120 2071 95 38 1,000
238 2070 66 31 mål
326 2081 73 20 men
419 2069 105 32 under
545 2069 37 31 år
603 2070 83 31 1931
710 2069 97 37 sjönk
827 2068 54 32 till
903 2069 63 31 920
988 2068 76 38 mål,
1086 2068 61 31 har
1167 2068 105 31 under
1293 2068 38 31 år
1350 2068 86 31 1932
1458 2068 71 31 åter
1550 2072 72 27 när-

119 2124 70 28 mat
213 2120 52 38 sig
291 2120 193 32 tusentalet.
531 2119 18 32 I
574 2119 248 39 propositionen
847 2118 176 33 anmärkes
1048 2123 93 33 även,
1168 2122 51 28 att
1244 2118 128 31 antalet
1397 2118 226 37 ansökningar

119 2171 60 32 och
198 2171 142 31 ärenden
364 2168 246 40 (ansökningar
628 2182 52 19 om
699 2170 154 31 tillstånd
872 2169 54 32 till
944 2169 110 32 talans
1075 2169 227 38 fullföljande,
1323 2181 51 19 om
1394 2168 74 39 nåd,
1489 2180 51 19 om
1559 2180 64 19 res-

120 2221 82 38 ning
227 2220 79 32 eller
333 2221 239 37 återbrytande
598 2232 42 19 av
667 2220 73 31 dom
766 2232 27 19 0.
820 2232 26 20 s.
871 2219 49 39 v.)
952 2231 98 26 synes
1076 2231 83 19 vara
1185 2222 83 28 statt
1293 2219 11 30 i
1329 2218 133 37 kraftig
1488 2218 135 36 ökning.

119 2271 142 31 Antalet
282 2271 159 31 inkomna
464 2270 227 37 ansökningar
715 2270 59 31 och
799 2270 143 31 ärenden
966 2270 155 37 utgjorde
1146 2270 77 30 åren
1249 2270 217 30 1923—1925
1493 2267 130 39 respek-

120 2321 68 32 tive
211 2322 73 38 541,
307 2322 63 30 526
393 2321 60 30 och
477 2321 62 30 514
562 2332 73 19 men
657 2320 150 37 uppgick
830 2321 78 30 åren
933 2320 216 31 1930—1932
1174 2319 53 31 till
1251 2318 188 38 respektive
1464 2319 72 36 743,
1561 2319 62 30 813

119 2371 60 31 och
204 2372 106 35 1,072.
356 2367 177 40 Ökningen
556 2369 146 32 kommer
727 2369 239 32 företrädesvis
991 2370 43 36 på
1057 2369 370 36 nådeansökningarna.
1476 2366 147 32 Statisti-

121 2421 62 32 ska
201 2421 254 36 centralbyråns
474 2420 177 38 uppgifter
670 2420 170 36 angående
860 2431 41 20 av
919 2420 121 36 högsta
1059 2419 181 31 domstolen
1259 2418 105 31 under
1383 2418 38 30 de
1440 2417 89 31 olika
1547 2417 76 31 åren

122 2471 193 37 handlagda
341 2470 316 37 nådeansökningar
682 2470 122 38 utvisa,
832 2473 51 28 att
909 2469 127 31 antalet
1061 2480 156 27 personer
1244 2469 52 30 för
1322 2468 94 31 vilka
1442 2467 91 31 sökts
1561 2467 64 30 nåd
