2224 2622
738 204 249 35 Statsutskottets
1016 204 176 34 Utlåtande
1215 206 60 32 N:o
1300 207 54 31 37.
1754 205 37 31 21

251 286 70 37 och
348 285 96 37 efter
473 288 21 35 9
523 288 41 35 år
597 286 87 37 med
716 284 227 51 ytterligare
973 286 72 36 300
1075 285 151 37 kronor.
1281 283 136 39 Dertill
1444 283 170 38 kommer
1641 284 198 37 förmånen

251 338 41 37 af
316 338 46 36 fri
389 338 136 37 bostad
543 337 92 38 eller
654 338 69 37 ock
742 337 500 50 inqvarteringsersättning
1260 336 86 37 med
1367 337 48 36 20
1430 340 154 46 procent
1599 335 42 38 af
1652 336 185 37 arfvodet.

377 390 381 49 Jernvägsstyrelsen
790 390 69 36 har
893 403 51 22 nu
980 389 200 48 meddelat,
1211 394 55 32 att
1294 389 44 36 de
1368 390 21 35 8
1419 387 421 50 maskiningeniörerna

250 441 97 37 varit
384 442 253 37 stationerade
672 444 22 35 2
723 442 13 36 i
764 441 223 38 Stockholm
1015 441 85 38 med
1129 440 248 50 Liljeholmen
1407 445 97 32 samt
1534 442 18 34 1
1582 440 65 36 vid
1672 453 47 24 en
1746 440 94 37 hvar

251 494 41 36 af
328 494 273 37 verkstäderna
642 494 12 37 i
688 493 210 49 Göteborg,
927 493 151 49 Malmö,
1108 484 221 56 Östersund,
1359 492 163 48 Bollnäs,
1550 491 290 38 Kristinehamn

250 545 68 37 och
364 545 141 38 Boden.
573 546 84 37 Den
701 546 13 36 i
754 545 287 37 Kristinehamn
1080 545 203 50 placerade
1325 544 379 49 maskiningeniören
1744 543 96 38 hade

250 597 210 37 emellertid
487 598 120 37 under
640 598 131 49 loppet
803 598 41 36 af
869 600 42 34 år
942 598 108 47 1900,
1078 597 65 37 vid
1172 597 63 37 det
1261 596 246 47 förhållande,
1536 601 56 31 att
1620 595 219 38 verkstads-

249 650 221 49 göromålen
511 650 193 37 derstädes
738 662 89 24 vore
862 649 146 37 mindre
1037 649 231 37 omfattande
1296 648 71 37 och
1395 647 144 38 således
1565 648 275 49 yttertjensten

250 702 276 48 hufvudsaken,
556 707 137 32 ersatts
722 702 86 36 med
836 715 48 23 en
912 700 348 51 maskininspektor
1288 700 71 38 och
1381 700 206 49 förflyttats
1606 699 60 37 till
1687 690 155 58 Örebro,

250 754 66 37 der
343 754 60 37 för
431 754 45 37 de
505 753 200 51 pågående
732 767 77 36 nya
836 753 548 49 verkstadsanläggningarna,
1413 752 160 36 likasom
1593 752 60 36 för
1672 752 170 37 skötseln

250 809 41 36 af
328 809 73 36 den
435 809 12 36 i
482 809 277 49 sammanhang
787 808 86 37 med
901 808 157 50 inköpet
1086 809 41 36 af
1151 800 437 46 Örebro—Frövibanan
1616 807 227 49 öfvertagna

250 860 147 37 mindre
425 861 240 48 verkstaden,
696 874 48 23 en
770 861 230 48 tjensteman
1029 861 41 36 af
1095 860 124 38 denna
1245 860 96 49 grad
1370 864 146 32 ansetts
1544 858 237 50 erforderlig.

378 913 57 36 Då
462 916 127 46 någon
618 912 330 49 maskiningeniör
974 912 82 37 icke
1084 918 144 44 syntes,
1258 915 40 34 så
1326 911 82 37 vidt
1431 924 49 23 nu
1499 911 126 36 kunde
1644 911 194 48 bedömas,

251 964 129 37 vidare
422 965 190 37 erfordras
653 965 13 36 i
707 964 296 48 Kristinehamn,
1046 969 92 32 enär
1171 963 227 38 verkstaden
1431 963 65 37 der
1522 976 157 24 numera
1707 967 132 45 syntes

250 1016 129 37 kunna
407 1016 128 38 skötas
564 1017 40 36 af
630 1030 48 24 en
707 1016 66 37 der
792 1016 176 50 placerad
987 1016 271 48 verkmästare,
1280 1016 126 36 kunde
1426 1015 188 49 styrelsen
1633 1014 207 37 inskränka

250 1068 60 49 sig
337 1068 58 37 till
424 1074 55 31 att
506 1083 51 22 nu
585 1069 137 37 endast
750 1069 142 48 begära
920 1081 43 24 en
989 1082 53 35 ny
1069 1068 478 49 maskiningeniörstjenst,
1568 1067 193 48 nemligen
1781 1066 60 37 för

250 1121 167 36 öfversta
446 1121 109 37 delen
584 1121 41 37 af
650 1121 309 37 statsbanenätet.
1014 1120 83 37 Den
1125 1120 191 38 intensiva
1343 1119 125 48 trafik,
1497 1132 81 24 som
1602 1118 237 38 beräknades

251 1175 138 47 uppstå
419 1176 20 33 å
467 1173 116 37 linien
611 1186 92 24 norr
731 1186 61 23 om
820 1172 203 48 Gellivare,
1052 1173 71 36 och
1151 1173 46 36 de
1219 1177 163 44 säregna
1400 1170 260 38 förhållanden
1679 1170 13 37 i
1711 1170 128 49 öfrigt,

250 1238 80 23 som
370 1224 127 37 kunde
539 1230 158 44 antagas
739 1224 117 37 blifva
897 1224 165 37 rådande
1098 1226 23 34 å
1148 1225 121 36 denna
1297 1223 163 44 sträcka,
1489 1227 131 44 syntes
1647 1222 193 49 nemligen

250 1281 93 43 göra
376 1276 63 37 det
468 1276 292 50 oundgängligt,
790 1280 56 32 att
875 1280 55 32 ett
957 1276 120 48 högre
1101 1275 253 38 maskinbefäl
1382 1275 86 36 med
1495 1274 346 49 maskiningeniörs

250 1328 304 48 qvalifikationer
582 1329 71 36 och
681 1328 223 49 kompetens
932 1327 220 50 placerades
1179 1328 12 36 i
1218 1327 158 37 Kiruna.

377 1380 175 37 Rörande
594 1379 441 50 maskininspektorerna
1063 1380 69 36 har
1166 1379 189 50 styrelsen
1387 1378 168 50 upplyst,
1586 1382 67 43 att,
1684 1377 116 51 sedan
1828 1378 13 36 i

251 1431 182 37 samband
461 1432 93 39 med.
573 1431 399 49 maskiningeniörens
999 1431 12 36 i
1038 1431 290 37 Kristinehamn
1349 1429 244 50 förflyttning
1616 1429 61 37 till
1697 1420 143 46 Örebro

249 1484 74 36 den
365 1486 21 34 å
419 1483 236 37 sistnämnda
689 1483 100 49 plats
817 1484 103 36 förut
949 1483 253 38 stationerade
1231 1482 397 50 maskininspektoren
1655 1481 186 50 placerats

250 1539 20 33 å
311 1535 260 38 förstnämnda
614 1535 121 48 ställe,
778 1535 46 37 de
857 1549 51 23 nu
945 1535 200 50 befintliga
1173 1536 83 48 fyra
1284 1534 438 49 maskininspektorerna
1750 1547 90 23 vore

250 1587 255 38 stationerade
534 1588 12 36 i
576 1588 234 47 Stockholm,
839 1587 299 48 Kristinehamn,
1167 1587 244 49 Norrköping
1439 1586 70 37 och
1536 1586 168 47 Vännäs,
1727 1585 113 36 hvar-

245 1640 120 48 jemte
394 1640 12 35 i
434 1639 260 50 Helsingborg
721 1640 139 36 funnes
889 1652 47 23 en
960 1639 13 36 i
993 1639 279 49 sammanhang
1292 1638 84 37 med
1397 1638 301 36 vestkustbanan
1718 1637 122 37 öfver-

249 1696 118 43 tagen
410 1692 244 48 tjensteman,
699 1704 81 23 som
817 1691 12 35 1
871 1695 125 32 staten
1027 1690 234 37 benämndes
1289 1690 269 47 verkmästare,
1589 1702 98 34 men,
1717 1691 123 34 såsom

251 1742 188 49 styrelsen
466 1743 117 36 redan
611 1743 12 35 i
651 1742 195 36 utlåtande
876 1742 74 36 den
979 1743 47 35 30
1050 1742 155 49 januari
1228 1743 95 35 1896
1345 1741 153 47 anmält,
1519 1740 323 48 hufvudsakligen

250 1794 97 37 hade
377 1799 54 31 att
458 1795 126 36 utföra
613 1794 140 37 sådana
780 1793 185 49 göromål,
996 1806 78 24 som
1104 1794 211 36 tillkomme
1345 1792 358 50 maskininspektor.

379 1845 683 51 Maskininspektorsbefattningarna
1103 1846 97 36 hade
1241 1867 49 5 —
1331 1845 194 36 fortsätter
1566 1844 191 49 styrelsen
1793 1865 50 5 —

250 1897 230 49 nyinrättats
522 1901 40 34 år
598 1899 95 35 1897
731 1900 47 47 på
805 1897 147 49 förslag
980 1897 40 36 af
1047 1899 97 35 1893
1174 1901 58 33 års
1256 1896 328 50 jernvägskomité
1613 1896 73 37 och
1712 1895 13 36 i
1752 1900 91 32 nära

251 1950 397 36 öfverensstämmelse
690 1949 86 36 med
808 1949 100 36 hvad
942 1949 187 48 styrelsen
1157 1949 12 36 i
1198 1949 57 36 sin
1284 1948 196 37 skrifvelse
1509 1948 73 37 den
1612 1949 47 35 26
1688 1960 153 24 novem-

250 2001 67 36 ber
349 2003 96 34 1892
474 2001 213 48 ifrågasatt,
718 2001 70 36 och
816 2001 97 35 hade
942 2014 87 22 man
1057 2000 56 36 till
1142 2014 46 23 en
1216 2001 135 47 början
1379 1999 111 36 tänkt
1518 1999 61 49 sig
1607 1999 109 36 deras
1735 1999 107 35 inne-

250 2053 157 35 hafvare
436 2052 199 49 placerade
660 2052 64 36 vid
745 2051 222 37 distriktens
987 2052 346 46 hufvudstationer,
1355 2064 86 23 men
1461 2050 266 37 erfarenheten
1747 2050 95 36 hade

251 2103 211 36 emellertid
490 2109 105 30 snart
623 2103 108 47 visat,
762 2108 56 31 att
845 2116 139 35 genom
1013 2103 220 36 distriktens
1262 2108 103 30 stora
1393 2101 267 49 utsträckning
1680 2101 70 36 och
1770 2101 73 36 den

251 2155 66 36 allt
362 2154 227 37 intensivare
623 2154 163 37 trafiken
815 2153 291 49 svårigheterna
1134 2159 56 31 att
1214 2155 83 35 från
1326 2167 47 23 en
1402 2153 96 37 enda
1525 2152 102 49 plats
1655 2153 105 35 inom
1788 2152 55 35 di-

251 2206 152 36 striktet
437 2206 164 48 dirigera
637 2206 414 47 maskinafdelningens
1086 2206 190 48 tågtjenst
1303 2205 12 36 i
1343 2208 41 33 så
1410 2204 78 49 hög
1515 2204 95 48 grad
1639 2204 118 47 ökats,
1788 2208 56 31 att

252 2257 439 49 maskininspektorerna
733 2260 130 45 måste,
905 2257 59 36 för
1005 2257 186 36 skötande
1233 2258 40 36 af
1311 2257 123 36 denna
1462 2256 117 48 tjenst
1611 2258 48 46 på
1688 2255 45 36 de
1762 2255 80 36 från

252 2309 218 37 distriktens
499 2310 250 36 hufvudorter
777 2308 109 50 långt
914 2308 159 49 aflägset
1102 2308 162 49 belägna
1292 2307 310 48 bansträckorna,
1631 2307 131 49 flyttas
1786 2306 56 37 till
