1896 2854
504 149 115 29 Första
645 148 222 35 lagutskottets
891 148 165 30 utlåtande
1082 148 49 29 Nr
1151 147 50 32 41.
1570 148 39 31 15

98 233 171 39 jämställa
291 234 74 32 med
386 233 230 40 tillställning,
639 234 54 32 till
714 234 112 32 vilken
847 234 226 32 allmänheten
1093 234 62 32 har
1176 233 161 34 tillträde.
1382 234 69 32 Till
1472 234 135 38 ledning

97 286 55 32 för
171 286 202 33 bedömande
395 298 41 21 av
458 286 107 33 denna
585 286 102 39 fråga
706 286 113 38 tjänar
838 285 238 39 iakttagandet
1096 297 43 21 av
1160 285 39 33 de
1220 284 295 40 omständigheter,
1538 296 68 22 som

96 334 105 39 enligt
225 335 394 39 författningsförslaget
641 335 238 33 företrädesvis
903 335 250 33 karakterisera
1177 335 55 32 det
1253 334 192 39 oegentliga
1468 334 75 39 slag
1565 346 43 21 av

96 385 232 41 föreningsliv,
370 398 69 21 som
480 386 147 40 åsyftas,
669 385 169 39 nämligen
878 389 52 29 att
971 385 261 39 tillställningen
1262 384 265 40 uppenbarligen
1556 388 51 29 ut-

95 442 61 32 gör
177 437 53 32 del
250 448 43 21 av
313 449 37 21 en
371 437 212 33 uteslutande
603 437 80 33 eller
702 436 210 39 väsentligen
934 436 54 33 för
1008 436 211 33 anordnande
1239 448 42 20 av
1302 435 118 39 dylika
1440 435 167 33 föreställ-

98 488 122 38 ningar
240 487 113 33 driven
375 488 121 32 rörelse
516 487 83 33 eller
617 491 50 29 att
687 487 149 33 tillträde
855 487 55 32 till
931 487 189 32 densamma
1140 487 129 32 lämnas
1288 486 13 33 i
1319 486 63 33 den
1402 486 206 38 omfattning

98 538 81 33 eller
199 539 105 33 under
325 539 40 33 de
386 538 134 41 villkor,
545 550 69 21 som
636 539 13 32 i
671 538 340 38 författningstexten
1034 549 107 21 avses.
1186 537 77 34 Men
1286 537 95 33 dessa
1404 537 203 39 omständig-

98 589 93 33 heter
209 594 57 29 äro
284 590 12 32 i
314 590 60 33 och
393 589 54 33 för
464 590 53 39 sig
535 589 74 34 icke
626 592 129 30 ensamt
772 589 190 38 avgörande
981 588 54 33 för
1053 588 123 39 frågan
1194 600 52 20 om
1263 587 285 40 tillämpligheten
1565 599 43 21 av

99 640 61 33 den
181 640 193 39 föreslagna
395 640 263 40 bestämmelsen,
680 640 111 32 därest
811 640 12 32 i
844 639 63 33 allt
928 639 65 33 fall
1014 639 232 32 förstnämnda
1267 638 249 39 förutsättning
1534 637 74 34 icke

99 691 113 34 tillika
231 692 193 40 föreligger,
443 692 31 32 d.
492 704 32 21 v.
544 703 27 22 s.
590 691 112 33 därest
719 690 73 34 icke
810 690 260 38 tillställningen
1088 690 13 32 i
1119 689 173 33 realiteten
1311 693 38 28 är
1366 692 52 29 att
1435 688 172 39 jämställa

96 744 75 33 med
192 744 230 39 tillställning,
445 744 55 32 till
521 743 114 33 vilken
657 742 223 34 allmänheten
902 742 63 33 har
986 741 183 34 tillträde.»
1381 740 3 2 |

142 836 174 34 Utskottet
332 837 112 32 finner
461 836 55 33 det
534 836 214 39 synnerligen
767 835 171 39 önskvärt,
958 837 52 30 att
1028 835 56 34 det
1100 833 229 40 kringgående
1348 845 42 21 av
1410 831 196 34 författnin-

98 899 71 27 gar,
190 887 147 33 avsedda
356 890 51 30 att
426 887 129 39 reglera
577 886 55 34 det
651 886 182 39 offentliga
853 885 186 39 nöjeslivet,
1060 896 69 21 som
1147 885 104 33 sedan
1270 884 82 39 lång
1372 883 50 34 tid
1443 887 60 35 ägt
1523 895 83 26 rum,

98 938 74 33 med
192 938 56 33 det
265 940 150 31 snaraste
433 937 136 39 bringas
589 940 52 30 att
658 937 162 39 upphöra.
860 936 65 39 Då,
944 936 46 39 på
1009 938 69 31 sätt
1098 935 365 39 departementschefen
1483 934 123 38 anfört,

99 989 90 32 olika
211 988 116 34 försök
348 992 52 29 att
420 988 101 33 ställa
542 988 248 32 vederbörande
809 986 54 33 till
882 998 125 21 ansvar
1029 987 54 32 för
1102 986 223 33 överträdelse
1346 998 43 20 av
1410 985 196 33 författnin-

98 1051 105 28 garna
222 1039 91 33 visat
330 1040 52 38 sig
402 1039 224 38 resultatlösa,
645 1038 94 33 torde
757 1038 55 33 det
828 1037 74 33 icke
920 1049 85 21 vara
1024 1037 54 33 för
1095 1037 105 38 tidigt
1218 1039 51 30 att
1286 1036 136 39 ingripa
1441 1036 76 33 med
1536 1036 70 39 lag-

99 1089 171 40 stiftning.

142 1140 225 33 Beträffande
388 1140 56 33 det
464 1144 154 28 närmare
638 1138 183 33 innehållet
841 1151 43 20 av
907 1138 105 32 denna
1035 1137 221 40 lagstiftning
1276 1137 68 33 kan
1366 1137 165 33 utskottet
1553 1137 54 33 till

97 1191 68 33 alla
199 1191 94 33 delar
324 1190 134 33 ansluta
492 1190 53 39 sig
577 1189 55 33 till
665 1190 39 32 de
725 1200 44 22 av
790 1189 364 39 departementschefen
1175 1188 62 33 här
1258 1200 86 21 ovan
1365 1188 143 33 anförda
1530 1199 76 27 syn-

100 1241 155 38 punkter.
297 1240 174 33 Utskottet
490 1239 93 33 delar
601 1239 127 32 således
748 1243 82 28 även
850 1237 382 40 departementschefens
1250 1249 84 21 ovan
1353 1237 150 33 uttalade
1523 1249 83 26 upp-

101 1292 161 39 fattning,
287 1294 52 30 att
364 1292 110 38 någon
499 1291 77 32 fara
599 1290 54 33 för
676 1293 50 30 att
751 1290 61 32 den
837 1289 193 39 föreslagna
1053 1289 253 32 bestämmelsen
1328 1288 131 33 komme
1483 1291 51 30 att
1558 1288 47 32 in-

99 1343 125 33 kräkta
243 1343 45 39 på
310 1343 55 32 det
385 1342 150 33 normala
557 1340 255 39 föreningslivet
831 1340 75 34 icke
926 1352 99 27 synes
1052 1339 178 39 föreligga,
1254 1339 42 33 då
1319 1339 287 38 förutsättningen

101 1394 53 32 för
171 1394 74 33 dess
261 1393 218 39 tillämpning
496 1393 114 32 städse
626 1397 38 28 är
678 1395 52 29 att
746 1392 61 32 den
822 1391 266 39 ifrågavarande
1103 1390 261 38 tillställningen
1382 1391 75 32 med
1473 1390 133 38 hänsyn

100 1445 54 32 till
173 1445 67 32 alla
258 1444 205 33 inverkande
481 1443 235 33 förhållanden
736 1442 88 33 skall
843 1454 82 21 vara
944 1445 52 29 att
1014 1441 173 39 jämställa
1206 1441 73 33 med
1297 1440 232 39 tillställning,
1552 1440 54 32 till

98 1496 113 32 vilken
232 1495 224 33 allmänheten
475 1495 63 32 har
555 1494 160 33 tillträde.

142 1547 50 33 På
215 1547 109 38 grund
347 1558 41 21 av
411 1547 67 32 vad
501 1545 143 33 sålunda
666 1545 130 33 anförts
820 1545 57 32 får
899 1544 166 32 utskottet
1088 1543 187 39 hemställa,

452 1628 50 40 A)
532 1632 51 30 att
602 1628 220 33 förevarande
841 1627 209 39 proposition
1069 1627 54 32 må
1143 1639 42 20 av
1205 1626 181 38 riksdagen
1406 1625 155 39 bifallas;

452 1678 46 41 B)
529 1682 51 29 att
607 1679 60 33 den
694 1679 12 31 i
734 1677 181 39 anledning
942 1690 43 20 av
1012 1677 249 39 propositionen
1288 1676 125 33 väckta
1440 1676 165 33 motionen

408 1731 103 32 måtte
535 1742 96 21 anses
654 1729 164 33 besvarad
841 1740 117 27 genom
981 1727 183 33 utskottets
1188 1726 201 34 hemställan
1412 1727 105 33 under
1540 1725 66 41 A).

143 1831 192 33 Stockholm
360 1832 61 32 den
444 1832 18 32 9
486 1831 67 38 maj
579 1832 95 31 1932.

545 1931 51 32 På
617 1931 107 32 första
745 1930 241 38 lagutskottets
1007 1935 144 32 vägnar:

694 1996 43 32 A.
756 1992 255 36 ÄKERMAN.

182 2173 63 28 Vid
268 2172 84 29 detta
375 2172 130 28 ärendes
526 2170 192 34 behandling
741 2170 39 28 ha
802 2170 158 28 närvarit:

138 2222 75 29 från
240 2222 151 28 första
419 2222 194 28 kammaren:
636 2221 110 28 herrar
765 2218 166 33 Åkerman,
950 2219 172 32 Bissmark,
1140 2219 165 33 Norling",
1326 2217 129 34 Öhman,
1478 2220 113 33 Wagns

99 2274 65 22 son,
186 2264 138 28 Jonsson
346 2264 9 28 i
381 2264 158 33 Lycksele,
561 2263 94 28 Julin
677 2263 56 28 och
754 2262 230 32 Halvarsson";

183 2315 74 28 från
302 2314 138 28 andra
484 2314 194 27 kammaren:
716 2311 111 29 herrar
862 2312 130 28 Nilsson
1027 2312 9 26 i
1072 2310 132 34 Antnäs,
1244 2311 110 29 Olsson
1388 2311 11 26 i
1434 2310 171 34 Rimforsa,

103 2355 205 30 Christenson
330 2356 56 28 och
409 2354 164 35 Sjögren",
597 2355 54 28 fru
677 2352 132 31 Östlund
833 2358 78 23 samt
934 2353 111 29 herrar
1072 2353 109 28 Olsson
1207 2353 10 27 i
1242 2352 166 34 Mellerud,
1433 2352 137 28 Jonsson
1594 2354 9 26 i

102 2398 132 33 Risinge
260 2397 56 29 och
344 2398 191 34 Grapenson.

138 2459 12 12 +
170 2458 30 32 Ej
220 2458 156 24 närvarande
394 2457 42 24 vid
455 2457 159 24 utlåtandets
629 2456 134 32 justering.

1650 835 152 28 Utskottet.
