1928 2790
302 139 39 29 24
701 141 117 31 Andra
839 140 237 37 lagutskottets
1099 139 175 32 utlåtande
1295 149 41 21 nr
1359 138 48 31 42.

438 225 143 38 (Kungl.
602 226 117 36 Maj:ts
739 224 161 38 förslag:)
1239 222 209 37 (Utskottets
1471 221 161 37 förslag:)

820 312 180 27 Särskilda
1019 311 278 27 bestämmelser.

631 378 40 30 29
697 378 28 37 $.
1395 375 43 29 30
1462 375 29 36 $.

352 439 83 35 Vite,
458 438 113 30 vartill
591 436 112 37 någon
725 436 98 31 blivit
843 436 86 30 fälld
948 436 56 29 för
1022 434 262 31 underlåtenhet
1302 437 49 27 att
1373 433 147 36 fullgöra
1542 432 267 31 arbetsdomsto-

310 490 70 30 lens
402 490 91 35 dom,
517 488 58 31 må
598 488 31 36 ej
652 487 211 31 förvandlas.

630 555 42 30 30
696 555 29 36 $.
1396 552 40 29 31
1463 552 29 36 $.

353 616 166 31 Parterna
544 616 64 35 äga
634 617 83 27 utan
743 613 108 37 avgift
878 612 129 31 erhålla
1033 611 141 31 utskrift
1201 621 42 20 av
1271 609 325 31 arbetsdomstolens
1623 608 80 31 dom
1729 608 82 30 eller

309 666 134 37 slutliga
466 666 115 30 beslut
605 669 88 27 samt
713 664 184 37 protokoll.

634 732 39 29 31
700 732 30 36 $.
1395 728 42 30 32
1462 728 29 37 &.

353 787 76 36 Åtal
451 795 73 28 mot
541 791 211 31 ordförande
772 790 83 31 eller
873 790 150 30 ledamot
1044 789 11 30 i
1076 788 307 31 arbetsdomstolen
1403 787 56 30 för
1478 786 226 31 ämbetsbrott
1723 783 89 32 skall

310 847 168 33 upptagas
497 852 43 22 av
557 843 122 36 högsta
698 841 203 31 domstolen.

355 946 121 31 Denna
494 947 55 35 lag
569 946 86 30 skall
676 944 98 31 träda
792 945 10 29 i
823 943 93 31 kraft
933 943 66 30 den
1021 944 14 28 1
1055 942 138 36 januari
1215 941 96 35 1948;
1334 939 121 31 därvid
1473 940 87 35 gälle
1581 939 10 30 i
1610 937 203 37 tillämpliga

311 997 95 32 delar
429 997 67 30 vad
518 997 11 29 i
552 997 97 35 lagen
671 1005 57 21 om
750 994 183 31 införande
955 1004 42 20 av
1022 1003 68 26 nya
1116 991 321 37 rättegångsbalken
1460 990 113 30 finnes
1598 988 213 31 föreskrivet.

666 1156 36 30 B.
739 1158 49 28 att
809 1155 182 36 riksdagen
1014 1154 106 31 måtte
1140 1157 124 34 antaga
1284 1153 155 37 följande
1460 1152 54 32 två
1536 1161 123 28 genom
1679 1151 135 31 föreva-

623 1206 105 30 rande
746 1205 213 37 proposition
978 1205 195 36 framlagda
1192 1205 128 36 förslag
1341 1204 49 31 till

1004 1310 133 50 Lag

353 1389 59 24 om
436 1379 479 41 betalningsföreläggande
939 1379 60 32 för
1024 1379 96 32 vissa
1144 1378 215 39 fordringar
1381 1378 45 40 på
1451 1377 188 32 arbetslön
1664 1385 46 22 m.
1736 1385 44 22 m.

357 1468 211 36 Härigenom
591 1467 182 30 förordnas
794 1475 74 21 som
890 1465 111 36 följer.

1029 1558 69 37 18.

359 1620 67 30 För
450 1619 145 31 fordran
623 1618 44 37 på
694 1618 173 30 arbetslön
895 1627 74 21 som
996 1617 151 36 grundas
1178 1616 43 36 på
1250 1615 241 31 bestämmelse
1518 1615 10 29 i
1558 1612 258 32 kollektivavtal

314 1670 58 31 må
397 1669 450 38 betalningsföreläggande,
874 1672 83 27 utan
982 1668 125 30 hinder
1133 1678 41 21 av
1200 1670 48 28 att
1276 1667 79 31 tvist
1380 1675 57 21 om
1463 1664 186 37 anspråket
1676 1664 64 30 hör
1766 1662 51 31 till

315 1721 319 35 arbetsdomstolen,
654 1721 101 29 sökas
773 1720 57 30 vid
850 1720 129 30 allmän
998 1719 188 30 underrätt.

358 1771 443 37 Betalningsföreläggande
823 1770 58 31 må
900 1771 65 30 ock
985 1771 102 30 sökas
1109 1770 56 30 vid
1186 1769 129 31 allmän
1335 1768 179 30 underrätt
1534 1767 54 30 för
1610 1766 142 30 fordran
1772 1764 45 38 på

315 1822 221 30 semesterlön
556 1822 81 30 eller
657 1819 351 38 semesterersättning
1030 1819 104 37 enligt
1154 1819 64 37 lag,
1242 1819 91 30 ändå
1354 1821 49 28 att
1424 1818 241 31 arbetsavtalet
1686 1818 39 29 är
1745 1825 71 26 reg-

317 1874 85 30 lerat
426 1881 43 22 av
493 1872 259 31 kollektivavtal
777 1872 66 30 och
870 1872 93 29 talan
990 1870 92 37 förty
1108 1869 96 37 eljest
1231 1869 111 30 skolat
1369 1869 126 31 väckas
1522 1867 57 31 vid
1607 1866 210 31 arbetsdom-

299 1940 3 2 -
314 1923 118 32 stolen.

1027 1971 71 36 28.

360 2031 173 31 Bestrider
546 2031 209 37 gäldenären
771 2029 238 37 ansökningen
1024 2030 67 30 och
1108 2030 63 30 har
1187 2029 105 31 målet
1308 2029 78 31 med
1404 2026 186 38 anledning
1606 2027 107 30 härav
1733 2026 84 30 hän-

316 2081 137 38 skjutits
471 2081 53 32 till
542 2081 186 37 rättegång,
748 2081 89 31 skall
854 2079 104 32 målet
976 2080 217 31 överlämnas
1211 2080 50 30 till
1280 2078 318 36 arbetsdomstolen,
1619 2087 56 21 om
1695 2075 124 31 tvisten

318 2131 111 33 finnes
450 2141 85 22 vara
554 2141 44 21 av
616 2131 242 31 beskaffenhet
880 2134 48 27 att
949 2130 96 31 skola
1066 2131 127 36 prövas
1215 2139 42 21 av
1278 2129 126 35 denna;
1427 2129 65 30 och
1513 2128 58 31 må
1592 2129 126 35 klagan
1737 2128 83 29 över

317 2183 110 31 beslut
442 2183 125 30 härom
583 2182 30 37 ej
631 2182 103 31 föras.

361 2233 317 31 Arbetsdomstolen
705 2232 88 31 skall
821 2231 173 36 förelägga
1021 2231 212 36 borgenären
1262 2232 49 28 att
1337 2228 83 37 visa,
1448 2227 173 32 huruvida
1651 2227 168 34 förening,

317 2293 75 22 som
411 2283 11 31 i
443 2283 40 30 13
503 2282 19 38 8
544 2282 109 31 första
671 2282 132 36 stycket
823 2282 98 36 lagen
941 2290 57 21 om
1019 2280 264 31 arbetsdomstol
1304 2280 86 36 sägs,
1412 2279 59 31 vill
1491 2278 77 31 föra
1588 2278 230 37 borgenärens

317 2334 95 31 talan
432 2333 82 32 eller
533 2332 244 36 undandrager
797 2333 51 36 sig
867 2331 101 31 detta.
991 2331 73 31 Har
1086 2331 11 31 i
1117 2330 104 32 målet
1241 2329 165 36 åberopat
1427 2327 260 33 kollektivavtal
1708 2324 112 33 slutits

318 2394 43 22 av
386 2384 169 37 förening,
578 2384 74 30 vari
675 2383 209 37 gäldenären
907 2383 39 29 är
968 2383 82 30 eller
1072 2380 89 32 varit
1182 2381 158 36 medlem,
1366 2380 88 30 skall
1479 2380 113 30 denna
1615 2379 205 31 instämmas

318 2437 50 28 att
386 2434 106 37 jämte
511 2433 208 38 gäldenären
739 2442 102 22 svara
861 2433 10 30 i
891 2431 103 32 målet
1016 2432 58 30 vid
1094 2429 317 33 arbetsdomstolen.
