2196 2686
431 230 104 29 Andra
559 230 194 29 Kammarens
780 230 167 37 Tillfälliga
974 229 123 30 Utskotts
1121 229 72 34 (N:o
1219 229 33 36 1)
1280 226 152 33 Utlåtande
1455 229 57 30 N:o
1538 230 52 29 19.
1802 228 18 31 3

220 310 74 36 Till
323 309 144 36 skilnad
495 308 83 37 från
607 309 83 35 dem
718 309 119 35 kallas
866 308 45 36 de
939 307 118 50 öfriga
1087 315 155 29 ämnena
1260 309 213 35 läroämnen
1503 307 146 51 (jemför
1669 310 154 35 elemen-

218 364 405 48 tarläroverksstadgan
665 363 38 49 $$
749 365 33 42 9,
829 363 70 48 10).
955 339 139 60 Mellan
1136 363 101 36 dessa
1265 362 63 37 två
1356 364 79 47 slag
1464 361 40 37 af
1529 363 293 49 undervisnings-

221 425 131 29 ämnen
394 430 85 36 eger
520 417 63 37 vid
625 417 412 36 elementarläroverket
1081 417 61 35 det
1169 416 231 36 förhållande
1429 430 95 31 rum,
1553 422 54 30 att
1634 416 189 37 föreskrift

219 474 114 33 finnes
363 471 213 49 (stadgan
557 465 27 59 $
608 471 64 49 49)
703 471 138 44 derom,
870 476 55 30 att
953 472 113 48 betyg
1096 469 102 37 öfver
1222 471 57 35 flit
1298 471 68 35 och
1384 471 152 64 insigter
1555 471 11 34 i
1587 472 236 35 läroämnena

219 526 97 36 skall
349 527 194 47 lärjungen
560 487 255 91 femntinlgen
850 524 196 45 meddelas,
1075 525 133 35 medan
1236 525 12 34 i
1277 523 192 37 afseende
1472 524 21 35 å
1521 523 302 50 öfningsämnena

219 580 110 61 ingen
372 579 110 36 sådan
523 578 189 37 föreskrift
739 579 250 64 uttryckligen
1017 577 126 50 gifves.
1199 577 119 37 Häraf
1340 573 128 71 följer,
1497 583 64 39 att,
1591 592 60 22 om
1681 592 44 22 en
1754 580 69 34 lär-

215 635 116 47 junge
360 640 39 29 är
428 633 235 48 underhaltig
691 634 12 34 i
730 632 112 49 något
870 631 262 50 öfningsämne,
1161 632 127 36 sådant
1316 633 31 47 ej
1378 633 126 48 lägger
1523 632 158 36 hinder
1671 627 23 59 i
1704 640 119 41 vägen

220 686 58 37 för
319 688 90 35 hans
451 658 253 82 uppflyttning
746 688 59 34 till
834 687 113 48 högre
974 687 98 35 klass
1101 687 91 35 eller
1220 684 199 51 afdelning,
1449 685 188 37 äfvensom
1667 692 55 30 att
1750 663 74 59 han

220 741 65 36 vid
314 740 134 50 afgång
477 740 82 36 från
588 742 208 35 läroverket
824 742 30 47 ej
883 715 132 75 undfår
1048 754 17 21 a
1048 739 266 66 afgångsbetyg
1342 741 11 34 i
1382 715 263 74 öfningsämne,
1675 741 68 35 och
1769 746 56 30 att

221 796 65 35 vid
313 771 435 85 mogenhetspröfningen
776 796 93 35 intet
897 793 168 37 afseende
1094 801 103 42 göres
1225 794 21 35 å
1274 794 70 36 den
1373 794 226 48 ståndpunkt
1627 793 90 37 af
1693 795 131 49 gjorda

221 848 187 50 framsteg,
443 850 73 34 han
550 850 143 47 intager
728 850 11 34 i
771 847 105 50 fråga
904 862 61 21 om
994 824 121 60 dessa
1124 855 140 28 ämnen.
1321 848 80 35 Vill
1429 861 87 22 man
1545 861 95 31 anse,
1669 854 55 30 att
1752 849 71 35 den

222 904 129 44 lärare,
388 916 77 23 som
497 903 68 36 har
594 908 54 30 att
676 901 102 51 gifva
806 903 195 48 lärjungen
1030 901 198 50 afgörande
1257 903 114 48 betyg
1400 901 104 37 öfver
1532 902 56 35 flit
1616 902 68 36 och
1712 902 112 36 fram-

222 963 79 43 steg
330 958 11 34 i
370 958 61 35 det
459 964 115 37 ämne,
603 957 103 36 hvari
737 957 73 35 han
838 957 223 44 undervisas,
1091 956 112 36 måste
1232 957 11 34 i
1273 956 286 48 disciplinariskt
1587 957 90 34 eller
1711 962 113 29 annat

222 1010 168 37 afseende
433 1024 77 22 mer
552 1009 112 37 hafva
706 1011 104 34 makt
847 1009 103 37 öfver
978 1011 54 35 sin
1060 1011 169 47 lärjunge
1259 1017 43 28 än
1333 1010 79 44 den,
1441 1023 78 22 som
1548 1010 79 35 icke
1656 1023 84 36 eger
1769 1015 56 30 att

223 1065 129 36 sådant
393 1066 112 48 betyg
535 1063 151 50 afgifva,
731 1071 38 29 är
798 1064 152 36 sålunda
979 1063 307 49 öfningslärarens
1315 1064 174 48 ställning
1518 1063 62 36 vid
1609 1064 215 35 elementar-

222 1120 207 35 läroverket
471 1131 44 23 en
553 1117 267 49 jemförelsevis
861 1118 142 35 mindre
1044 1117 208 48 förmånlig.
1323 1118 350 48 Teckningsläraren
1721 1118 103 35 delar

222 1172 298 37 beskaffenheten
562 1171 40 36 af
642 1172 117 36 denna
802 1172 173 48 ställning
1003 1172 85 35 med
1118 1171 43 36 de
1190 1170 116 50 öfrige
1335 1170 298 50 öfningslärarne.
1690 1170 134 50 Många

222 1226 261 36 förhållanden
526 1239 108 36 synas
676 1226 207 36 emellertid
917 1224 111 37 hafva
1056 1225 126 45 vållat,
1211 1230 55 30 att
1293 1224 105 49 fråga
1427 1238 60 22 om
1516 1225 155 48 ändring
1699 1226 125 34 härut-

221 1281 114 34 innan
384 1280 80 35 icke
505 1279 40 36 af
576 1281 53 47 sig
658 1279 85 49 sjelf
768 1279 166 49 uppstått
961 1280 68 35 och
1057 1280 79 34 icke
1165 1279 118 35 heller
1312 1278 40 35 af
1378 1279 358 47 omständigheterna
1764 1278 60 48 på-

223 1335 146 35 kallats.
424 1334 228 35 Motionären
694 1346 103 37 synes
839 1333 108 36 också
980 1334 79 35 icke
1088 1334 90 47 vilja
1205 1333 94 48 yrka
1326 1332 120 49 någon
1475 1332 155 49 ändring
1659 1332 41 35 af
1724 1333 100 35 hvad

223 1388 224 35 härutinnan
475 1400 84 36 eger
586 1401 95 22 rum.
737 1387 109 36 Hvad
874 1387 227 35 motionären
1130 1388 198 35 benämner
1352 1387 353 48 teckningslärarens
1725 1387 98 35 ställ-

223 1443 89 47 ning
340 1442 104 35 torde
474 1441 107 36 alltså
610 1442 89 35 böra
727 1440 111 36 fattas
865 1441 12 35 i
897 1454 44 22 en
961 1454 120 22 annan
1101 1441 158 48 mening.
1316 1440 55 35 Då
1389 1440 214 36 nuvarande
1623 1441 200 35 läroverks-

224 1496 129 49 stadga
395 1496 220 35 bestämmer
656 1494 58 37 för
746 1496 129 43 lektor,
903 1495 151 36 hvilken
1083 1495 79 35 icke
1191 1502 39 27 är
1259 1494 419 49 domkapitelsledamot,
1707 1494 117 36 såsom

224 1550 165 35 medium
431 1548 40 36 af
510 1550 241 47 obligatorisk
793 1549 335 48 undervisningstid
1168 1551 43 34 21
1259 1549 151 34 timmar
1450 1549 12 33 i
1491 1549 150 43 veckan,
1670 1549 68 34 och
1766 1547 58 37 för

225 1604 157 47 adjunkt
423 1604 90 34 eller
550 1604 148 48 kollega
726 1603 107 35 tretio
862 1603 161 44 timmar,
1052 1603 221 35 bestämmer
1300 1602 74 35 hon
1402 1601 57 36 för
1487 1602 338 48 teckningsläraren

223 1656 142 37 femton
406 1657 150 35 timmar
600 1656 32 50 (1
674 1658 12 34 i
714 1657 181 36 hvardera
924 1655 40 36 af
990 1657 43 35 de
1061 1661 55 30 tre
1144 1655 114 36 första
1285 1656 197 44 klasserna,
1513 1658 19 34 2
1563 1656 12 35 i
1603 1654 127 50 fjerde,
1761 1658 19 34 2
1812 1657 13 34 i

223 1710 125 46 femte,
384 1713 21 35 4
441 1711 12 34 i
488 1711 180 35 hvardera
698 1709 40 36 af
763 1711 103 47 sjette
895 1711 67 35 och
991 1710 128 49 sjunde
1152 1709 208 49 klasserna).
1416 1709 138 36 Härtill
1583 1710 167 35 kommer
1778 1709 47 49 på

224 1765 122 48 grund
374 1764 41 35 af
439 1764 133 49 Kongl.
602 1765 199 35 cirkuläret
828 1765 70 34 den
931 1766 44 35 19
1006 1764 89 36 Juni
1129 1766 97 35 1866
1257 1776 44 23 en
1328 1764 61 35 till
1417 1763 62 36 två
1506 1764 168 35 timmars
1694 1763 130 36 under-

223 1819 148 48 visning
397 1817 59 36 för
483 1817 123 46 femte,
636 1819 102 47 sjette
772 1818 68 35 och
869 1818 128 48 sjunde
1025 1818 186 35 klasserna
1239 1816 46 49 på
1303 1818 194 35 reallinien
1516 1818 12 34 i
1548 1817 172 48 teckning
1739 1817 86 35 med

224 1873 161 47 tillhjelp
415 1871 41 36 af
481 1873 229 43 instrument,
740 1877 94 30 samt
861 1872 262 48 undervisning
1151 1871 84 35 med
1265 1871 83 35 dem
1377 1870 21 36 å
1417 1871 69 35 den
1505 1871 177 35 klassiska
1702 1871 123 44 linien,

226 1925 127 36 hvilka
381 1925 155 36 åstunda
565 1925 127 49 öfning
720 1926 12 34 i
760 1926 183 48 teckning,
971 1926 118 34 under
1117 1924 38 37 så
1182 1924 133 49 många
1347 1926 152 34 timmar
1527 1925 12 35 1
1567 1925 150 44 veckan,
1747 1938 77 22 som

226 1980 359 47 omständigheterna
619 1978 141 37 kräfva.
816 1979 70 35 För
920 1979 260 35 undervisarne
1213 1980 12 33 i
1257 1979 236 35 läroämnena
1523 1985 39 29 är
1590 1978 154 36 sålunda
1773 1983 52 30 ett

225 2033 185 36 bestämdt
444 2034 101 34 antal
573 2033 263 49 obligatoriska
864 2033 431 48 undervisningstimmar
1324 2037 125 40 utsatt,
1477 2031 57 37 för
1563 2032 261 36 undervisarne

225 2087 13 35 i
271 2085 300 50 öfningsämnena
607 2086 77 37 åter
712 2087 68 35 och
809 2086 136 36 således
969 2088 78 47 just
1075 2087 11 34 i
1114 2087 315 45 teckningsämnet
1457 2091 52 31 ett
1536 2087 178 47 temligen
1742 2086 83 35 obe-

226 2141 174 48 gränsadt
433 2142 101 34 antal
569 2141 176 35 anvisadt.
801 2140 109 36 Hvad
939 2139 141 37 derföre
1109 2141 232 35 vidkommer
1370 2140 61 35 det
1458 2140 124 44 värde,
1611 2141 213 34 elementar-

226 2195 210 35 läroverket
465 2200 110 30 sätter
604 2194 47 49 på
678 2195 354 48 teckningslärarens
1060 2195 135 44 arbete,
1223 2195 113 48 yrkar
1363 2195 228 35 motionären
1615 2192 57 37 för
1691 2194 135 35 honom

225 2248 282 49 »förmånligare
549 2249 68 35 och
658 2249 13 35 i
708 2248 210 49 jemförelse
959 2249 85 35 med
1080 2249 115 35 andra
1224 2249 118 35 lärare
1370 2249 193 35 rättvisare
1591 2248 236 36 lönevilkor.»

224 2302 235 36 Beträffande
488 2302 119 36 denna
636 2303 63 35 sak
726 2303 104 35 torde
858 2301 163 50 följande
1048 2315 90 23 vara
1167 2308 54 30 att
1249 2303 127 35 erinra.
1432 2301 53 36 På
1503 2302 120 49 grund
1643 2300 41 37 af
1700 2302 127 36 Rikets
