2208 2652
727 204 225 43 Lagutskottets
980 208 166 33 Utlåtande
1170 210 66 32 N:o
1258 214 52 29 31.
1767 216 9 29 |

912 680 93 39 N:o
1031 679 85 40 31.

845 832 75 28 Ank.
945 832 47 28 till
1016 833 104 28 Riksd.
1144 834 95 29 kansli
1263 835 56 28 den
1343 837 18 27 3
1384 836 75 37 april
1484 837 90 35 1895,
1599 838 39 28 kl.
1666 838 36 28 12
1726 839 90 28 midd.

415 970 203 47 Utlåtande,
659 973 14 35 i
712 975 200 48 anledning
952 976 48 45 af
1035 977 102 36 väckt
1176 979 134 36 motion
1351 992 56 23 om
1435 981 161 49 ändring
1622 982 14 35 i
1662 983 44 35 11
1733 983 81 48 kap.

607 1040 48 36 15
681 1039 27 46 $
733 1043 224 48 strafflagen.

339 1188 17 35 I
387 1190 42 34 11
460 1189 86 49 kap.
578 1191 44 35 15
650 1187 21 50 $
699 1192 226 49 strafflagen
953 1194 173 49 stadgas:

341 1237 80 37 Gör
461 1253 87 23 man
576 1240 105 49 oljud
709 1242 96 37 eller
832 1245 210 46 oväsende,
1071 1245 95 37 eller
1192 1246 57 36 far
1277 1247 247 50 öfverdådigt
1551 1249 110 48 fram,
1690 1254 43 33 så
1760 1257 56 31 att

205 1300 126 23 annan
360 1288 113 37 deraf
496 1290 139 37 skadas
663 1292 87 45 kan,
778 1293 95 36 eller
900 1294 175 37 kommer
1102 1295 114 48 eljest
1242 1297 214 49 förargelse
1485 1300 120 47 åstad,
1634 1303 20 34 å
1674 1301 141 38 allmän

204 1342 87 44 väg,
320 1345 92 41 gata
440 1340 95 37 eller
561 1342 201 49 torgplats,
791 1343 95 37 eller
914 1345 69 36 der
1009 1345 142 37 allmän
1179 1348 185 37 marknad
1384 1349 95 37 eller
1498 1351 158 36 auktion
1675 1351 139 46 hålles;

205 1389 153 36 straffes
400 1390 89 36 med
515 1392 123 48 böter,
666 1393 118 48 högst
813 1395 207 37 etthundra
1046 1396 199 38 riksdaler.
1299 1398 203 38 Våldförer
1529 1414 87 24 man
1643 1415 126 24 annan
1794 1406 21 34 å

203 1439 138 36 sådant
368 1440 123 48 ställe,
521 1455 82 24 som
626 1457 50 22 nu
705 1444 116 49 sagdt
848 1450 57 41 är;
934 1446 47 36 då
1010 1446 98 38 skall
1136 1447 75 37 den
1240 1450 299 49 omständighet,
1559 1451 65 37 vid
1644 1454 168 36 straffets

202 1489 291 40 bestämmande
521 1492 60 37 för
607 1494 141 49 våldet,
777 1498 127 34 såsom
932 1496 247 39 försvårande
1208 1512 125 24 anses.

340 1543 45 35 18
414 1542 86 49 kap.
532 1545 44 35 15
606 1541 21 50 $
653 1545 13 36 i
694 1558 145 25 samma
866 1547 65 49 lag
957 1547 216 50 innehåller
1198 1549 169 50 följande
1396 1552 288 38 bestämmelse:

374 1592 201 38 fverlastar
615 1595 61 48 sig
706 1599 129 46 någon
863 1597 42 37 af
927 1599 129 36 starka
1084 1599 165 49 drycker
1277 1605 53 44 så,
1360 1607 55 31 att
1442 1602 42 37 af
1506 1603 96 37 hans
1631 1605 181 37 åtbörder

203 1640 95 37 eller
327 1643 157 48 orediga
512 1644 362 52 sinnesförfattning
902 1649 248 49 synbarligen
1179 1652 152 36 märkas
1359 1652 88 48 kan,
1467 1653 64 37 det
1547 1654 75 37 han
1640 1655 171 38 drucken

202 1695 53 43 är,
298 1693 75 36 och
413 1695 129 36 träffas
582 1695 76 37 han
685 1696 12 37 i
726 1697 136 37 sådant
902 1699 173 37 tillstånd
1104 1703 21 33 å
1152 1706 86 43 väg,
1267 1708 92 41 gata
1388 1703 94 37 eller
1509 1711 116 31 annat
1653 1706 159 37 allmänt

202 1741 129 47 ställe;
363 1745 163 47 straffes,
554 1745 60 37 för
639 1746 136 49 fylleri,
803 1748 90 36 med
920 1749 123 48 böter,
1071 1750 116 49 högst
1214 1752 110 48 tjugu
1352 1752 200 39 riksdaler.

335 1843 18 36 I
394 1857 48 23 en
479 1845 102 37 inom
610 1847 131 37 Andra
769 1848 231 38 Kammaren
1029 1851 126 48 väckt,
1183 1852 58 36 till
1269 1852 275 49 lagutskottets
1572 1855 239 51 behandling

201 1892 190 38 hänvisad
419 1896 156 47 motion,
603 1910 61 24 n:o
694 1900 59 45 30,
782 1899 107 37 anför
917 1900 89 36 herr
1032 1902 43 35 E.
1105 1904 44 34 A.
1178 1903 226 37 Zotterman:
1443 1905 267 39 Förevarande
1728 1908 81 49 lag-

199 1956 82 23 rum
311 1944 128 38 talade
468 1946 97 37 båda
594 1961 59 23 om
682 1953 76 44 väg
786 1950 72 36 och
885 1956 90 42 gata
1004 1954 125 34 såsom
1157 1953 159 48 platser,
1345 1954 69 37 der
1442 1955 129 49 dylika
1599 1957 210 38 förseelser

201 1993 128 37 kunde
360 2008 74 35 ega
461 2010 94 33 rum,
584 2011 87 23 men
700 1999 170 37 derefter
898 2001 124 36 skilde
1051 2002 47 36 de
1128 2003 61 48 sig
1216 2004 58 36 till
1294 2005 60 35 sin
1374 2006 256 48 ordalydelse.
1676 2008 132 37 Under

200 2043 66 37 det
294 2050 55 30 att
379 2048 43 33 11
452 2046 86 50 kap.
570 2050 44 34 15
644 2046 19 48 $
693 2051 230 36 omnämnde
953 2052 188 48 torgplats
1170 2060 100 29 samt
1297 2055 112 48 plats,
1431 2056 68 36 der
1513 2058 184 36 marknad
1713 2059 95 36 eller

198 2094 157 36 auktion
396 2096 133 47 hålles,
571 2101 41 33 så
651 2099 126 36 talade
807 2103 81 33 åter
923 2103 43 34 18
995 2102 87 48 kap.
1116 2104 43 35 15
1188 2100 21 49 $
1238 2118 106 22 mera
1372 2105 169 48 allmänt,
1570 2120 89 23 men
1687 2109 119 36 också

199 2157 104 23 mera
332 2145 233 38 omfattande
596 2161 59 23 om
684 2155 136 30 »annat
847 2150 157 36 allmänt
1032 2152 142 36 ställe».

335 2194 168 38 Oaktadt
535 2198 159 37 sålunda
721 2199 120 48 syftet
868 2201 88 35 med
984 2201 185 37 afseende
1199 2206 49 45 på
1276 2204 165 49 platsen,
1469 2205 68 37 der
1564 2207 46 36 de
1640 2208 166 37 nämnda

199 2242 258 40 förseelserna
497 2247 128 37 kunde
666 2251 136 34 tänkas
836 2263 74 35 ega
937 2264 94 33 rum,
1061 2253 209 48 onekligen
1298 2255 109 36 torde
1436 2269 89 23 vara
1553 2256 214 39 detsamma
1795 2259 10 36 i

332 2300 76 33 Bih.
433 2302 47 32 till
502 2303 111 33 Riksd.
639 2304 83 33 Prot.
749 2308 99 29 1895.
895 2309 20 29 7
940 2307 98 32 Saml.
1062 2311 43 28 17
1126 2308 94 40 Häft.
1267 2309 85 40 (N:o
1375 2312 68 40 31.)
