2212 2652
726 194 225 42 Lagutskottets
980 194 167 34 Utlåtande
1168 195 67 33 N:o
1257 198 53 30 31.
1763 200 20 30 3

209 276 128 34 såsom
379 277 57 32 ett
474 272 205 38 fridsbrott
712 273 73 37 och
825 278 215 33 motsvarar
1067 274 67 38 det
1161 274 105 38 äldre
1296 275 235 49 stadgandet
1558 289 61 24 om
1647 277 178 49 vägafrid

207 324 13 36 i
248 323 437 49 missgerningsbalken.

342 374 310 37 Bestämmelsen
691 375 13 36 i
745 376 44 35 18
829 375 88 50 kap.
949 377 45 36 15
1022 372 21 51 $
1072 376 227 49 strafflagen
1327 377 70 37 har
1425 380 82 34 åter
1534 377 59 37 sin
1620 378 164 37 förebild
1813 379 13 37 i

208 425 280 49 förordningen
531 431 104 31 emot
674 425 129 50 fylleri
843 426 74 37 och
957 426 272 51 dryckenskap
1269 427 76 37 den
1389 430 45 35 16
1472 429 213 37 november
1714 432 108 35 1841.

207 476 18 37 I
269 478 16 35 1
329 473 21 50 $
393 476 41 37 af
469 475 127 37 denna
623 475 227 50 förordning
877 477 157 48 stadgas
1062 491 139 23 ansvar
1228 478 60 37 för
1315 478 88 48 den,
1432 492 82 24 som
1542 492 143 36 genom
1713 481 112 36 miss-

207 527 99 37 bruk
346 527 43 36 af
426 527 131 36 starka
597 526 163 49 drycker
801 528 60 48 sig
901 528 241 47 öfverlastar,
1183 532 41 34 så
1252 534 56 31 att
1335 529 43 37 af
1400 529 97 37 hans
1525 531 179 37 åtbörder
1730 532 95 37 eller

208 578 162 48 orediga
410 577 365 49 sinnesförfattning
808 578 249 49 synbarligen
1085 579 152 37 märkas
1266 580 90 47 kan,
1384 585 55 31 att
1466 580 75 37 han
1569 581 172 38 drucken
1769 587 54 43 är,

208 629 73 37 och
322 628 13 37 i
377 628 137 37 sådant
552 628 172 37 tillstånd
764 629 131 36 träffas
937 633 21 33 å
997 634 87 44 väg,
1125 635 90 42 gata
1248 630 93 37 eller
1368 637 116 31 annat
1511 631 159 38 allmänt
1697 633 126 47 ställe,

208 680 73 36 och
323 681 127 34 såsom
492 679 180 49 exempel
705 682 21 33 å
758 686 138 30 »annat
923 680 159 37 allmänt
1110 681 131 37 ställe»
1269 681 177 49 angifves
1473 682 12 36 i
1514 685 18 33 7
1563 679 21 50 $
1612 683 42 37 af
1676 696 148 25 samma

206 729 227 49 förordning
472 729 221 46 »värdshus,
734 730 274 49 näringsställe
1051 731 74 37 och
1165 732 171 48 krogar»
1391 733 152 36 Ansvar
1581 733 59 37 för
1676 733 147 50 fylleri-

207 780 217 38 förseelsen
464 780 164 37 drabbar
669 780 76 37 den
784 781 262 37 öfverlastade
1088 782 247 49 följaktligen
1374 783 85 37 icke
1492 784 99 37 blott
1630 784 48 37 då
1705 785 117 37 han
1799 776 27 59 i

207 832 138 36 sådant
383 831 173 37 tillstånd
597 831 180 37 anträffas
820 835 21 33 å
879 838 92 42 gata
1012 832 72 37 och
1123 833 140 37 allmän
1291 838 88 44 väg,
1407 839 91 32 utan
1526 834 114 37 äfven
1669 835 48 37 då
1744 836 77 36 han

206 882 180 37 inomhus
415 885 20 33 å
462 882 273 48 näringsställe
764 883 179 36 anträffas
970 883 13 36 i
1011 883 162 37 drucket
1200 884 184 37 tillstånd.

342 932 84 36 Den
467 932 300 49 omständighet,
799 939 55 30 att
882 947 47 23 en
958 933 316 50 fylleriförseelse
1304 935 161 36 sålunda
1493 940 41 32 är
1561 936 143 49 belagd
1731 937 90 37 med

208 983 111 36 straff
336 983 148 48 jemväl
512 983 54 44 då
587 983 76 37 den
692 989 67 42 egt
785 997 82 23 rum
898 987 20 33 å
945 989 56 31 ett
1028 985 122 47 ställe,
1179 985 159 37 hvarest
1365 986 119 48 oljud,
1511 987 214 48 förargelse
1746 988 75 36 och

206 1033 251 37 våldförande
498 1034 42 36 af
577 1047 125 23 annan
742 1033 87 38 icke
870 1034 139 38 blifver
1047 1035 223 38 betraktadt
1308 1039 126 34 såsom
1464 1036 211 49 fridsbrott,
1704 1051 116 36 synes

207 1084 219 37 emellertid
465 1085 190 36 utskottet
693 1085 85 36 icke
818 1085 130 37 kunna
987 1099 115 23 anses
1131 1089 127 34 såsom
1286 1087 226 49 tillräckligt
1538 1088 85 36 skäl
1650 1093 56 32 att
1732 1089 89 37 med

207 1135 186 37 afseende
435 1138 21 33 å
497 1135 236 36 sistnämnda
766 1136 86 48 slag
880 1136 42 37 af
944 1136 104 37 brott
1074 1137 142 37 föreslå
1243 1137 76 37 den
1348 1137 41 37 af
1412 1138 237 37 motionären
1678 1139 143 49 ifråga-

207 1192 99 31 satta
345 1186 320 48 utsträckningen
705 1185 41 37 af
772 1189 43 34 11
846 1187 87 49 kap.
966 1189 44 34 15
1040 1184 32 51 $,
1100 1188 159 37 hvilken
1286 1189 272 49 utsträckning
1585 1190 123 36 skulle
1737 1190 83 37 helt

206 1237 71 36 och
318 1236 120 36 hållet
478 1237 118 35 strida
636 1243 80 30 mot
757 1236 73 37 den
874 1237 205 47 åtskilnad,
1121 1252 81 23 som
1242 1239 127 36 blifvit
1409 1239 115 48 gjord
1565 1240 164 37 emellan
1769 1241 49 37 de

204 1286 206 48 brottsliga
437 1287 242 48 handlingar,
708 1287 131 37 hvilka
868 1288 245 37 omförmälas
1141 1289 11 36 i
1184 1291 41 34 11
1257 1289 87 49 kap.
1375 1290 227 47 strafflagen
1630 1291 73 36 och
1731 1292 47 36 de
1806 1291 13 36 i

208 1339 46 34 14
282 1338 88 48 kap.
401 1350 144 23 samma
572 1337 66 48 lag
664 1343 200 43 upptagna
892 1338 428 38 misshandelsbrotten.

340 1387 76 37 Det
455 1387 297 49 hufvudsakliga
793 1388 136 47 skälet,
968 1402 84 23 som
1091 1390 42 36 af
1157 1390 240 37 motionären
1426 1391 129 37 blifvit
1582 1391 153 37 anfördt
1760 1392 59 36 till

205 1439 87 36 stöd
334 1438 59 37 för
432 1438 96 36 hans
568 1438 297 49 framställning,
908 1445 55 31 att
991 1453 48 23 en
1067 1453 143 36 person
1239 1444 21 33 å
1288 1447 56 30 ett
1371 1441 57 37 till
1450 1442 168 49 jernväg
1645 1442 172 37 hörande

206 1489 155 37 område
402 1488 76 37 fört
517 1489 118 49 oljud,
664 1495 92 31 utan
784 1496 56 31 att
868 1490 128 37 kunna
1024 1490 130 37 derför
1181 1492 162 47 straffas,
1373 1505 117 36 synes
1517 1493 189 36 utskottet
1732 1493 86 37 icke

204 1540 123 36 heller
358 1553 91 23 vara
477 1539 282 49 öfvertygande
788 1541 11 36 i
828 1540 107 48 fråga
964 1555 61 23 om
1053 1542 344 49 nödvändigheten
1426 1543 42 36 af
1491 1543 72 37 den
1591 1543 228 49 ifrågasatta

204 1590 291 49 lagändringen.
550 1590 74 36 Det
650 1590 109 37 torde
787 1591 195 48 nemligen
1010 1592 88 36 med
1125 1592 66 48 fog
1218 1594 131 36 kunna
1371 1593 258 49 ifrågasättas,
1650 1608 62 23 om
1731 1595 87 37 icke

198 1641 170 48 jernväg
408 1641 70 36 bör
518 1654 113 23 anses
674 1644 127 34 såsom
841 1642 140 37 allmän
1010 1647 77 44 väg
1115 1644 72 36 och
1216 1644 73 36 den
1320 1644 179 49 skyldige
1526 1645 12 36 i
1567 1644 157 49 angifna
1751 1645 67 37 fall

205 1691 163 37 sålunda
395 1705 90 22 vara
511 1691 264 37 underkastad
804 1693 112 35 straff
940 1693 123 48 enligt
1094 1696 42 33 11
1167 1694 86 49 kap.
1287 1696 44 35 15
1360 1685 21 56 $
1410 1695 238 48 strafflagen.

340 1741 52 37 På
419 1741 125 48 grund
572 1742 113 36 häraf
708 1742 208 36 föranlåtes
944 1743 191 37 utskottet
1161 1744 215 48 hemställa,

711 1847 54 31 att
805 1843 90 36 herr
933 1843 244 37 Zottermans
1218 1845 146 37 motion
1402 1846 85 37 icke
1516 1849 61 34 må
1604 1847 57 36 till
1688 1850 129 46 någon

609 1893 242 48 Riksdagens
881 1893 133 49 åtgärd
1043 1894 208 38 föranleda.

341 1993 225 37 Stockholm
595 1994 75 36 den
698 1997 21 33 2
749 1994 95 49 april
876 1997 106 34 1895.

735 2094 52 36 På
815 2094 276 48 lagutskottets
1120 2101 163 43 vägnar:

798 2194 42 37 L.
869 2194 353 38 ANNERSTEDT.
