2355 2762
552 238 21 31 4
1010 244 266 30 Banko-Utskottets
1300 247 182 28 Betänkande
1505 249 55 27 N:o
1586 251 27 26 6.

660 331 60 31 För
748 332 190 32 närvarande
967 334 126 40 utgöras
1122 334 186 40 styrelserna
1332 336 47 31 för
1398 336 146 33 kontoren
1564 338 10 31 i
1593 337 166 43 Göteborg,
1783 340 119 32 Malmö
1922 341 56 32 och
1998 342 111 42 Wisby

508 383 33 31 af
566 383 66 41 fyra
660 383 181 39 ledamöter,
872 385 90 31 deraf
985 386 176 41 Riksdagen
1189 388 84 30 utser
1300 389 46 30 tre
1375 389 56 30 och
1458 390 194 41 fullmäktige
1681 392 56 31 den
1764 392 106 41 fjerde,
1898 393 75 32 eller
1993 395 117 32 banko-

508 436 157 31 ombudet.
720 435 108 33 Såsom
868 437 95 32 redan
1006 441 33 28 är
1073 439 139 39 nämndt,
1246 440 94 32 hafva
1371 440 195 43 fullmäktige
1596 444 101 31 ansett
1725 445 117 31 antalet
1870 446 35 31 af
1928 446 67 41 fyra
2023 447 86 32 leda-

507 489 98 30 möter
633 489 74 31 böra
737 488 170 33 bibehållas
935 490 82 31 hvad
1044 491 145 32 beträffar
1218 492 146 32 kontoren
1392 493 10 31 i
1430 492 156 44 Göteborg
1614 496 56 31 och
1698 496 129 40 Malmö,
1850 498 51 31 der
1922 499 188 41 styrelserna

507 544 51 28 äro
601 541 139 41 skyldiga
777 542 46 30 att
850 543 234 31 sammanträda
1113 544 63 31 alla
1205 544 220 41 söcknedagar,
1455 556 70 22 men
1552 548 77 31 trott
1656 548 275 34 ledamotsantalet
1959 552 47 31 för
2034 552 75 32 kon-

505 594 80 30 toret
613 593 10 31 i
650 593 109 41 Wisby
787 594 102 32 kunna
917 595 136 32 minskas
1081 596 49 31 till
1159 606 121 22 samma
1309 598 96 38 antal,
1435 598 114 33 hvaraf
1573 600 155 32 kontorets
1757 602 8 30 i
1794 602 97 33 Luleå
1919 604 130 40 styrelse
2068 615 41 21 nu

506 645 114 40 består,
650 646 74 32 eller
750 647 58 38 tre,
838 647 250 33 bankoombudet
1114 648 214 34 inberäknadt.

659 699 158 32 Utskottet
844 699 87 35 delar
960 700 98 32 denna
1087 701 79 41 åsigt
1194 702 56 31 och
1277 702 181 33 hemställer
1485 704 206 33 fördenskull:

806 788 64 30 2:0.
913 789 46 29 att
994 788 177 41 Riksdagen
1207 789 52 31 må
1293 791 131 38 besluta,
1455 793 46 30 att
1528 793 150 39 styrelsen
1706 794 46 31 för
1780 795 168 32 hvartdera
1975 797 35 30 af
2034 797 75 31 kon-

912 840 87 30 toren
1027 839 10 31 i
1065 838 155 43 Göteborg
1247 841 55 31 och
1330 841 119 33 Malmö
1477 843 80 32 skall
1584 844 88 32 bestå
1699 845 34 32 af
1747 845 68 43 fyra
1834 846 182 42 ledamöter,
2038 858 71 23 men

915 892 150 40 styrelsen
1106 893 47 32 för
1188 893 166 33 hvartdera
1388 896 34 31 af
1446 895 145 33 kontoren
1620 897 10 31 i
1659 897 110 43 Wisby
1796 900 57 31 och
1880 900 97 32 Luleå
2004 901 35 32 af
2062 902 47 31 tre

914 943 184 33 ledamöter.

659 1047 206 41 Fullmäktige
898 1048 93 32 hafva
1020 1049 111 42 ansett,
1162 1050 56 39 att,
1249 1060 50 22 om
1326 1061 41 21 nu
1394 1052 177 43 föreslagna
1598 1055 148 40 rättighet
1774 1057 46 31 att
1847 1061 55 28 när
1931 1068 67 22 som
2026 1059 83 32 helst

506 1099 154 42 entlediga
687 1100 212 32 ledamöterna
926 1101 11 31 i
963 1101 315 42 kontorsstyrelserna
1306 1103 70 32 dem
1404 1105 210 41 meddelades,
1636 1107 170 41 stadgande
1828 1109 157 42 angående
2004 1112 105 32 omval

506 1153 77 32 efter
613 1152 62 32 viss
702 1153 45 31 tid
776 1153 35 31 af
835 1153 89 31 dessa
952 1154 145 40 styrelser
1124 1155 66 31 icke
1219 1165 70 22 vore
1317 1156 159 42 behöfligt.
1530 1159 71 31 Men
1631 1161 46 30 att
1705 1161 278 41 styrelseledamot,
2014 1164 95 32 sedan

505 1205 62 32 han
596 1214 35 22 en
659 1204 80 42 gång
765 1204 103 32 blifvit
894 1205 96 32 insatt
1017 1205 11 31 i
1055 1206 161 41 styrelsen,
1247 1207 98 33 skulle
1373 1209 116 40 dervid,
1520 1211 73 31 utan
1622 1212 46 31 att
1686 1213 202 33 underkastas
1908 1216 102 31 omval
2032 1216 77 32 efter

505 1257 100 41 någon
634 1257 62 31 viss
723 1257 56 38 tid,
810 1259 188 38 qvarstanna
1026 1258 153 32 intilldess
1207 1259 95 32 sådan
1331 1261 167 41 anledning
1516 1263 199 38 förekomme,
1738 1266 45 30 att
1801 1266 196 41 fullmäktige
2016 1269 92 30 funne

505 1309 48 40 sig
580 1310 75 30 böra
682 1308 145 31 särskildt
855 1309 120 31 besluta
1003 1309 77 32 hans
1109 1311 227 40 entledigande,
1365 1313 87 32 torde
1480 1314 65 32 icke
1565 1325 75 22 vara
1659 1316 62 31 rätt
1739 1316 155 43 lämpligt.
1928 1318 62 32 Det
2008 1319 100 42 ligger

504 1361 156 40 nämligen
702 1360 9 31 i
752 1360 109 32 sakens
894 1362 102 37 natur,
1027 1363 46 30 att
1101 1362 77 33 både
1206 1364 276 40 grannlagenhets-
1513 1367 56 31 och
1597 1368 96 31 andra
1722 1368 66 32 skäl
1815 1369 102 32 kunna
1945 1371 162 32 föranleda

505 1412 193 41 fullmäktige
741 1413 46 31 att
827 1412 65 32 icke
933 1414 74 30 utan
1042 1415 194 41 synnerligen
1266 1416 105 31 starka
1399 1418 202 42 anledningar
1628 1420 139 41 tillgripa
1796 1431 36 21 en
1860 1422 96 32 sådan
1984 1423 120 42 åtgärd,

505 1465 123 31 hvilken
660 1465 55 31 ock
741 1465 47 31 för
817 1464 68 39 den,
915 1474 67 22 som
1010 1466 91 31 deraf
1124 1467 117 38 träffas,
1270 1468 121 31 komme
1421 1471 45 30 att
1494 1470 116 33 kännas
1638 1473 71 31 vida
1737 1472 136 41 svårare,
1903 1478 37 27 än
1969 1484 50 22 om
2046 1476 61 32 han

505 1517 51 31 vid
597 1517 44 31 ett
677 1526 36 22 en
749 1516 81 41 gång
857 1517 46 31 för
931 1517 64 31 alla
1023 1518 157 32 bestämdt
1207 1520 103 31 omval
1338 1521 165 39 uteslutes;
1534 1523 56 32 och
1619 1524 51 31 det
1697 1528 33 27 är
1758 1526 120 32 derföre
1906 1526 64 32 icke
1999 1528 106 31 otänk-

504 1570 82 37 bart,
629 1569 46 31 att
715 1569 320 41 styrelse-ledamöter
1072 1571 109 38 skulle,
1225 1572 95 32 under
1361 1573 117 33 sådana
1519 1575 224 41 förhållanden,
1782 1578 125 32 komma
1945 1580 46 31 att
2018 1580 87 33 bibe-

503 1621 113 38 hållas,
647 1622 87 31 äfven
763 1621 94 31 sedan
886 1622 89 31 deras
1004 1623 160 40 duglighet
1191 1624 46 31 för
1265 1628 172 38 uppdraget
1463 1627 49 31 till
1540 1629 114 30 största
1683 1629 87 31 delen
1799 1631 182 32 försvunnit.

657 1673 158 31 Utskottet
843 1682 90 23 anser
961 1675 189 31 fördenskull
1179 1676 104 32 omval
1311 1677 33 31 af
1365 1677 212 34 ledamöterna
1596 1681 74 31 böra
1689 1680 40 41 på
1747 1682 83 31 vissa
1849 1683 78 32 tider
1947 1693 57 32 ega
2023 1694 80 22 rum.

504 1726 72 32 Men
610 1724 39 33 då
676 1725 51 32 det
754 1725 148 41 derjemte
931 1729 33 29 är
992 1727 34 31 af
1050 1727 66 40 vigt
1143 1728 46 31 att
1215 1727 184 34 kontinuitet
1425 1731 84 31 inom
1537 1732 150 40 styrelsen
1715 1734 138 39 beredes,
1883 1745 89 30 synes
2000 1737 105 32 omval

504 1779 10 30 i
548 1774 106 44 regeln
690 1777 64 31 icke
783 1777 74 32 böra
886 1778 52 31 ske
965 1778 39 41 på
1031 1789 35 21 en
1095 1779 81 41 gång
1203 1781 34 30 af
1262 1781 63 32 alla
1352 1782 224 41 ledamöterna,
1606 1785 73 31 utan
1708 1786 97 31 delvis
1833 1787 11 31 i
1872 1787 61 32 viss
1963 1788 139 42 ordning.

656 1829 119 32 Härvid
815 1839 90 31 synes
945 1830 95 32 likväl
1074 1831 48 31 för
1150 1841 35 22 en
1213 1832 95 33 bland
1336 1835 343 39 styrelseledamöterna
1708 1838 159 42 undantag
1893 1840 76 31 böra
1996 1844 104 37 göras.

503 1882 61 31 Det
591 1885 32 28 är
651 1881 155 41 nämligen
834 1882 123 40 tydligt,
988 1884 46 30 att
1062 1893 36 21 en
1126 1883 98 33 måste
1251 1885 110 40 finnas,
1390 1886 123 33 hvilken
1542 1889 51 31 det
1620 1888 118 42 åligger
1766 1891 45 31 att
1837 1893 141 30 närmast
2004 1893 98 31 hand-

502 1934 94 31 hafva
638 1933 56 32 den
735 1933 131 40 löpande
894 1934 226 42 förvaltningen
1150 1936 57 32 och
1234 1937 167 33 verkställa
1429 1940 166 40 styrelsens
1623 1941 115 39 beslut;
1768 1942 197 42 åligganden,
1995 1941 106 35 hvilka

503 1986 10 30 i
541 1986 36 31 de
605 1986 178 31 nuvarande
811 1986 186 40 styrelserna
1025 1987 126 32 tillhöra
1179 1989 58 31 den
1264 1990 149 39 ledamot,
1443 1991 193 42 fullmäktige
1665 1995 78 38 utse,
1764 1995 75 31 eller
1858 1995 53 32 det
1929 1996 33 31 så
1980 1996 123 32 kallade

502 2037 260 32 bankoombudet.
818 2037 120 32 Största
965 2039 66 41 vigt
1057 2039 99 42 ligger
1184 2041 102 40 derpå,
1317 2043 47 31 att
1391 2043 99 31 denna
1518 2045 267 40 styrelseledamot
1814 2047 156 42 verkligen
1998 2052 33 28 är
2050 2048 54 32 sitt

503 2090 140 41 uppdrag
683 2089 72 32 fullt
795 2099 107 29 vuxen;
945 2091 56 31 och
1041 2091 51 32 det
1119 2095 33 29 är
1181 2093 118 32 derföre
1327 2095 87 32 äfven
1444 2096 35 31 af
1502 2096 65 41 vigt
1595 2098 57 39 att,
1682 2107 50 23 om
1761 2109 36 22 en
1825 2099 119 33 mindre
1972 2100 132 43 lämplig

502 2152 110 30 person
653 2141 88 32 råkat
776 2141 97 32 blifva
909 2143 103 31 dertill
1039 2144 111 32 utsedd
1178 2145 76 32 eller
1282 2156 49 22 om
1360 2147 99 31 denna
1487 2148 152 33 ledamots
1668 2150 160 41 duglighet
1854 2152 50 31 till
1931 2153 172 41 uppdraget

503 2194 77 32 efter
607 2193 100 41 någon
734 2193 46 31 tid
808 2194 162 39 minskats,
1000 2196 151 40 följderna
1177 2197 92 32 häraf
1293 2198 65 33 icke
1386 2199 51 31 må
1464 2200 101 32 kunna
1593 2201 96 32 blifva
1717 2202 194 42 långvariga.
1966 2205 134 32 Förden-

503 2246 81 32 skull
620 2255 89 31 synes
746 2246 96 31 denne
874 2247 137 32 ledamot
1038 2248 75 31 böra
1142 2248 115 42 årligen
1285 2251 204 32 underkastas
1518 2254 115 39 omval,
1663 2255 47 31 för
1738 2256 57 38 att,
1825 2265 50 22 om
1904 2256 66 32 skäl
1998 2257 105 32 dertill

502 2298 108 39 finnes,
640 2298 102 32 kunna
770 2299 130 32 ersättas
929 2300 71 31 med
1028 2310 100 22 annan
1156 2301 184 43 lämpligare
1368 2313 119 31 person,
1517 2306 73 30 utan
1619 2306 46 32 att
1688 2307 193 41 fullmäktige
1901 2307 51 33 må
1970 2309 132 32 behöfva

503 2350 140 40 tillgripa
672 2350 146 40 åtgärden
847 2352 46 30 att
920 2352 146 32 särskildt
1092 2353 144 32 förordna
1264 2364 48 22 om
1341 2355 77 32 hans
1446 2356 224 42 entledigande,
