2212 2608
402 188 118 30 Andra
543 189 216 29 kammarens
785 185 125 40 tredje
936 186 172 38 tillfälliga
1131 186 141 29 ulskotts
1296 185 176 30 utlåtande
1496 184 50 29 Nr
1572 186 27 28 6.
1770 182 37 30 11

316 268 46 29 På
385 266 159 40 grundval
568 276 40 21 av
643 266 97 31 dessa
775 264 281 40 undersökningar
1084 265 58 30 har
1165 263 374 40 generalpoststyrelsen
1564 262 152 41 uppgjort
1740 262 69 30 full-

199 312 161 38 ständiga
382 311 142 40 grunder
549 312 49 29 för
621 310 163 39 reglering
807 320 40 20 av
872 309 224 39 ersättningen
1121 309 50 30 till
1197 308 224 31 föreståndare
1438 308 49 30 för
1503 306 308 41 lantpoststationer

207 357 73 30 från
307 357 84 29 1918
415 357 53 29 års
493 355 122 40 början.
663 355 106 30 Dessa
803 354 146 39 grunder
972 354 84 30 hava
1080 354 171 38 kungjorts
1274 362 117 29 genom
1415 351 395 40 generalpoststyrelsens

207 400 144 31 cirkulär
374 410 50 20 n:r
449 401 17 29 7
493 400 48 30 för
565 401 35 28 år
626 399 85 29 1918
736 408 99 21 varav
860 401 49 28 ett
932 399 89 29 antal
1046 398 169 39 exemplar
1241 397 124 39 bifogas
1389 396 90 31 detta
1505 396 181 31 utlåtande.

315 445 15 29 I
355 444 145 39 enlighet
535 443 73 30 med
644 443 42 30 de
711 443 186 30 fastställda
920 443 185 39 grunderna
1129 442 59 29 har
1211 441 375 39 generalpoststyrelsen
1609 440 102 31 sedan
1736 439 74 30 låtit

207 489 181 31 verkställa
411 488 120 30 allmän
556 487 162 39 reglering
741 497 40 20 av
806 485 710 41 poststationsföreståndareersättningarna
1539 487 49 28 att
1603 485 86 38 gälla
1706 484 104 30 under

209 532 264 39 treårsperioden
500 531 219 30 1918—1920
749 531 80 30 eller
854 540 124 21 samma
1002 530 122 40 period,
1150 540 71 20 som
1246 540 40 19 en
1311 529 169 38 samtidigt
1503 528 181 31 verkställd
1709 528 100 38 regle-

207 578 73 38 ring
302 577 50 29 för
383 575 437 39 järnvägspoststationerna
855 585 102 21 avser.
1007 575 89 29 Efter
1132 572 359 41 regleringsperiodens
1517 574 120 37 utgång
1661 573 149 29 kommer

206 632 46 29 ny
275 621 163 38 reglering
461 630 40 20 av
525 619 152 38 samtliga
700 619 161 30 stationer
883 622 49 28 att
952 619 69 35 ske,
1038 618 152 39 gällande
1208 618 49 30 för
1273 620 95 28 nästa
1384 616 295 40 regleringsperiod
1698 626 29 20 o.
1741 626 26 21 s.
1781 627 27 19 v.

313 665 16 30 I
353 665 89 39 fråga
466 674 53 20 om
543 663 202 31 innebörden
781 673 41 20 av
857 663 40 31 de
922 663 184 30 fastställda
1129 663 167 30 allmänna
1319 661 186 40 grunderna
1530 662 49 30 för
1602 660 206 40 regleringen

205 709 125 32 tillåter
353 709 49 39 sig
425 708 377 40 generalpoststyrelsen
827 708 171 30 framhålla
1022 707 153 39 följande.

313 754 47 30 På
382 753 104 40 grund
510 763 40 20 av
585 753 64 30 den
684 755 89 28 stora
808 753 169 30 olikheten
1006 752 120 31 mellan
1152 750 279 41 poststationerna
1455 750 10 30 i
1491 750 89 39 fråga
1604 760 52 20 om
1682 752 125 37 poströ-

205 799 127 31 relsens
348 798 133 37 storlek,
506 798 73 29 från
603 797 237 40 poststationer
864 797 74 31 med
963 797 95 39 högst
1082 796 167 40 obetydlig
1272 796 123 30 rörelse
1412 795 49 30 till
1481 794 235 41 poststationer
1733 794 75 31 med

206 854 42 20 en
283 843 132 37 rörelse,
451 842 112 30 vilken
588 846 35 26 är
657 841 68 31 lika
752 844 70 28 stor
848 851 71 21 som
944 841 80 31 eller
1049 841 49 30 till
1123 842 60 29 och
1210 840 74 31 med
1308 842 105 28 större
1438 844 42 26 än
1505 840 40 30 de
1570 839 127 30 mindre
1721 841 86 38 post-

206 889 190 35 kontorens,
421 890 35 26 är
479 886 57 30 det
557 886 141 39 givetvis
733 886 211 39 nödvändigt,
970 886 49 30 för
1054 885 312 31 åstadkommandet
1394 894 40 20 av
1459 894 41 20 en
1524 883 133 31 rättvist
1680 884 127 38 avvägd

206 931 184 39 ersättning
423 931 50 30 för
506 930 41 30 de
580 930 88 30 olika
702 931 213 36 stationerna,
941 932 49 28 att
1018 930 97 30 dessa
1138 929 130 31 indelas
1292 929 11 29 i
1328 931 49 28 ett
1400 930 84 29 stort
1507 927 91 31 antal
1622 927 185 40 avlönings-

207 977 136 30 klasser.
392 975 43 30 Så
459 974 58 30 har
540 975 62 29 ock
625 974 100 31 skett.

312 1019 64 31 Till
408 1019 105 40 grund
549 1018 49 31 för
632 1018 289 40 klassificeringen,
959 1018 30 30 d.
1023 1029 27 19 v.
1080 1028 26 21 s.
1132 1018 222 31 stationernas
1389 1016 203 31 hänförande
1628 1016 51 31 till
1715 1016 89 31 olika

204 1065 137 37 klasser,
365 1064 111 39 lägges
499 1063 239 40 poströrelsens
761 1063 212 39 omfatttning
996 1063 54 30 vid
1073 1072 85 31 resp.
1184 1062 159 31 stationer
1367 1062 104 30 under
1487 1063 72 29 året
1574 1063 147 29 närmast
1736 1062 70 30 före

203 1110 70 37 det,
298 1108 103 32 under
423 1108 104 31 vilket
550 1108 206 39 regleringen
780 1108 168 40 försiggår.

313 1153 63 31 Vid
398 1152 264 32 bestämmandet
684 1163 40 20 av
753 1153 196 39 avlöningen
972 1152 50 31 till
1047 1151 444 41 poststationsföreståndare
1517 1151 57 30 har
1597 1150 139 40 tidigare
1760 1153 46 28 ta-

203 1200 67 39 gits
304 1198 54 30 väl
392 1198 140 39 mycken
567 1198 127 39 hänsyn
729 1197 51 30 till
815 1196 468 40 frankoteckensuppbördens
1316 1196 125 31 storlek
1466 1196 11 30 i
1506 1195 190 40 jämförelse
1731 1195 75 31 med

206 1242 241 42 poströrelsens
470 1241 197 40 omfattning
690 1241 11 30 i
725 1241 114 40 övrigt.
887 1242 110 38 Enligt
1020 1241 41 31 de
1084 1252 45 20 nu
1154 1241 186 31 fastställda
1363 1240 366 40 regleringsgrunderna
1750 1240 58 30 har

205 1287 194 41 uppbörden
423 1286 73 31 icke
522 1286 130 31 erhållit
676 1287 107 38 någon
807 1286 234 31 dominerande
1066 1285 171 40 betydelse
1261 1286 54 30 vid
1339 1286 206 39 regleringen
1560 1287 79 28 utan
1657 1285 58 30 har
1731 1284 75 31 den-

205 1342 126 22 samma
368 1331 61 31 fått
461 1332 77 38 ingå
572 1333 109 29 såsom
718 1341 40 20 en
791 1331 118 36 faktor,
942 1330 104 40 jämte
1081 1332 118 38 många
1234 1330 111 38 andra,
1382 1329 55 31 vid
1460 1329 345 40 poängberäkningen.

205 1377 113 40 Själva
341 1376 144 30 rörelsen
510 1375 54 30 vid
588 1375 204 30 stationerna
820 1375 61 30 och
909 1376 128 30 arbetet
1060 1375 75 30 med
1159 1377 119 37 posten
1302 1375 59 30 har
1384 1374 170 39 härvidlag
1576 1376 127 28 ansetts
1728 1375 79 29 böra

207 1422 90 31 bliva
331 1419 263 39 huvudsakligen
628 1419 259 32 bestämmande,
935 1419 145 31 Sålunda
1112 1420 60 29 har
1206 1418 100 40 tagits
1341 1419 128 39 hänsyn
1493 1419 50 30 till
1566 1418 90 31 såväl
1681 1419 126 30 antalet

207 1463 284 45 postbehandlade
515 1463 222 32 försändelser
760 1473 41 21 av
825 1464 88 30 olika
936 1464 70 39 slag
1029 1474 71 21 som
1124 1464 61 30 ock
1212 1464 48 30 till
1284 1463 111 40 övriga
1417 1463 250 39 rörelsegrenar,
1693 1463 113 31 varvid

201 1512 46 30 de
271 1510 88 32 olika
381 1519 185 30 grupperna
600 1519 40 20 av
664 1508 146 31 faktorer
838 1510 104 30 åsatts
965 1509 84 31 visst
1071 1508 218 41 poängvärde,
1315 1508 59 31 allt
1398 1508 84 31 efter
1505 1508 57 31 det
1585 1508 123 38 arbete,
1734 1517 71 21 som

205 1558 66 30 kan
294 1563 78 22 vara
406 1554 128 30 förenat
567 1553 75 31 med
677 1553 243 40 behandlingen
954 1563 41 21 av
1029 1553 42 31 de
1095 1553 88 31 olika
1207 1553 113 39 slagen
1344 1563 41 20 av
1408 1552 221 32 försändelser
1652 1562 86 31 resp.
1763 1552 42 32 de

202 1602 92 31 olika
316 1598 205 40 göromålens
544 1598 214 39 fullgörande.

312 1643 50 31 De
385 1643 88 31 olika
496 1643 155 36 faktorer,
675 1643 51 30 till
749 1642 90 31 vilka
862 1642 128 40 hänsyn
1012 1642 100 41 tagits
1137 1641 54 31 vid
1215 1641 216 41 regleringen,
1457 1646 55 27 äro
1536 1641 159 41 följande:

315 1687 28 41 1)
367 1687 468 40 frankoteckensuppbördens
859 1687 134 39 storlek,

313 1732 31 38 2)
368 1732 90 31 antal
481 1733 170 39 avgångna
675 1732 129 39 vanliga
827 1731 233 41 portopliktiga
1083 1731 231 37 försändelser,

313 1778 31 37 3)
367 1777 90 30 antal
480 1778 170 38 avgångna
673 1777 61 30 och
758 1776 164 31 ankomna
945 1776 233 41 portopliktiga
1195 1776 331 38 värdeförsändelser,
1544 1776 129 40 vanliga
1690 1776 112 40 paket,

205 1819 131 42 vanliga
359 1821 299 40 brevpostförskott
681 1822 60 30 och
765 1821 295 40 postanvisningar,

313 1867 31 36 4)
368 1866 90 30 antal
481 1866 165 31 ankomna
669 1866 319 40 nummerexemplar
1010 1876 41 20 av
1071 1865 53 31 vid
1141 1865 243 41 poststationen
1401 1865 208 31 abonnerade
1626 1865 176 40 tidningar,

203 1910 91 31 vilka
317 1910 129 31 utdelas
470 1910 109 31 direkt
601 1920 118 30 genom
743 1911 251 39 poststationen,

311 1956 32 38 5)
366 1955 91 31 antal
479 1956 165 30 ankomna
667 1955 318 40 nummerexemplar
1007 1965 41 21 av
1068 1955 54 30 vid
1140 1954 240 40 poststationen
1398 1954 210 31 abonnerade
1626 1954 175 40 tidningar,

201 2000 92 30 vilka
316 2000 129 31 utdelas
468 2010 119 30 genom
610 2000 266 31 lantbrevbärare
901 2001 79 30 eller
1002 2000 262 36 lådbrevbärare,

311 2043 31 42 6)
366 2045 90 30 antal
479 2045 44 30 in-
548 2045 60 30 och
632 2045 243 39 utbetalningar
898 2045 50 30 för
970 2045 303 39 postsparbankens
1298 2044 59 31 och
1381 2054 118 30 genom
1516 2044 287 40 postsparbanken

201 2088 52 32 för
277 2089 455 40 riksförsäkringsanstaltens
756 2090 61 30 och
841 2089 337 40 pensionsstyrelsens
1201 2089 149 39 räkning.

310 2134 51 30 En
384 2144 57 21 var
464 2144 40 21 av
528 2134 97 31 dessa
648 2134 145 31 faktorer
817 2135 123 29 åsättes
964 2144 41 20 en
1029 2134 67 31 viss
1119 2133 199 40 poängsiffra
1342 2134 41 39 på
1406 2132 146 40 följande
1576 2135 80 28 sätt:

314 2180 29 36 1)
370 2180 15 28 1
411 2183 108 36 poäng
542 2179 50 30 för
614 2179 90 39 varje
728 2178 75 31 fullt
827 2179 100 30 20-tal
951 2179 128 39 kronor,

311 2224 32 38 2)
370 2224 15 29 1
452 2237 13 14 >»
556 2237 13 14 >
622 2224 96 37 1,000
742 2226 41 28 st.

1830 259 43 26 De
1895 259 149 26 allmänna

1854 294 163 33 grunderna

1860 330 52 32 för
1930 330 81 32 regle-

1883 366 105 32 ringen.
