2202 2664
377 215 21 30 2
904 216 230 30 Statsutskottets
1155 216 154 30 utlåtande
1331 217 50 29 Nr
1403 218 49 28 82.

376 294 247 49 ifrågasättas,
666 299 54 32 att
760 295 210 49 aflöningen
1005 295 114 36 borde
1150 298 116 46 något
1293 296 142 42 sänkas,
1464 308 85 23 men
1577 295 46 37 då
1649 295 164 36 hvarken
1840 295 72 37 den
1938 310 52 22 nu

376 345 256 51 föreliggande
669 346 323 50 framställningen
1031 347 90 36 eller
1162 346 269 37 ofvanberörda
1464 348 230 48 proposition
1721 346 120 50 gifver
1867 350 123 47 någon

376 399 105 36 säker
520 399 155 48 ledning
711 398 64 37 vid
815 398 246 37 bedömandet
1101 397 40 38 af
1169 398 132 49 frågan
1340 412 59 23 om
1440 399 68 36 och
1536 401 12 34 i
1578 399 94 37 hvad
1699 402 82 33 mån
1811 399 69 37 den
1911 412 79 24 om-

377 449 272 50 ständigheten,
686 455 54 31 att
767 450 161 36 nämnda
954 449 118 49 fjärde
1100 450 148 36 årskurs
1275 451 80 36 icke
1384 451 166 36 kommer
1576 452 57 35 till
1663 450 117 45 stånd,
1817 451 71 36 kan
1916 450 75 37 för-

378 501 132 37 anleda
552 515 45 23 en
638 502 215 49 minskning
888 503 12 35 i
937 502 62 36 det
1035 501 84 36 med
1154 503 163 47 tjänsten
1346 501 175 37 förenade
1548 502 137 45 arbete,
1714 503 66 35 har
1807 503 182 36 utskottet

376 554 81 36 icke
484 558 121 31 ansett
633 555 56 47 sig
715 554 127 35 kunna
868 552 135 38 föreslå
1029 557 120 45 någon
1178 553 112 37 sådan
1318 553 251 49 nedsättning.

478 604 79 37 Mot
584 605 229 36 inrättandet
840 604 40 37 af
904 604 71 37 den
1001 604 208 50 föreslagna
1227 618 73 36 nya
1317 606 390 48 vaktmästartjänsten
1725 606 67 36 har
1810 606 182 36 utskottet

378 658 94 35 intet
500 662 53 31 att
581 658 132 34 erinra.

479 707 191 36 Utskottet
696 706 58 36 får
781 708 107 34 alltså
914 708 204 43 hemställa,

882 814 55 30 att
963 809 209 49 Riksdagen
1201 813 60 32 må

883 858 48 47 a),
961 860 84 36 med
1072 860 234 36 uteslutande
1334 873 45 23 ur
1398 864 120 32 staten
1539 858 58 38 för
1616 859 189 38 Chalmers
1822 860 171 36 tekniska

781 911 219 37 läroanstalt
1040 910 40 37 af
1117 925 46 23 en
1194 911 310 49 lärarbefattning
1530 913 13 34 i
1569 911 239 37 landtmäteri
1834 910 85 37 med
1946 924 46 23 en

782 963 165 48 aflöning
987 962 40 36 af
1064 965 73 34 400
1177 963 146 42 kronor,
1364 963 13 36 i
1417 968 118 31 staten
1574 962 160 49 uppföra
1760 976 46 23 en
1833 963 158 35 lärare
1967 958 26 58 i

782 1013 149 49 geodesi
967 1014 84 36 med
1078 1027 44 23 en
1151 1015 166 48 aflöning
1343 1013 40 36 af
1409 1015 110 40 2,500
1546 1015 137 35 kronor
1710 1014 68 36 och
1805 1012 58 37 för
1889 1013 104 36 detta

782 1065 169 36 ändamål
980 1066 84 47 höja
1090 1065 213 36 nuvarande
1330 1066 166 48 anslaget
1523 1066 57 35 till
1609 1065 188 36 Chalmers
1823 1065 169 35 tekniska

780 1117 219 35 läroanstalt
1026 1116 82 36 med
1137 1122 53 31 ett
1217 1117 134 48 belopp
1379 1116 40 36 af
1444 1117 111 42 2,100
1583 1117 152 43 kronor;
1764 1121 95 31 samt

884 1164 38 46 b)
950 1168 12 34 i
1003 1174 121 29 staten
1166 1168 57 35 för
1254 1168 162 35 nämnda
1443 1169 216 34 läroanstalt
1688 1167 160 48 uppföra
1873 1171 119 44 ytter-

782 1218 116 48 ligare
938 1231 45 23 en
1023 1217 441 49 vaktmästarbefattning
1503 1217 86 37 med
1615 1216 192 38 enahanda
1832 1216 160 37 löneför-

784 1272 127 33 måner
952 1270 69 35 och
1061 1269 318 48 aflöningsvillkor
1409 1282 79 23 som
1515 1269 61 36 för
1602 1268 120 50 öfriga
1747 1269 245 35 vaktmästare

782 1320 61 36 vid
872 1321 181 35 anstalten
1082 1325 94 31 samt
1202 1320 60 37 för
1288 1320 102 36 detta
1417 1320 170 36 ändamål
1615 1321 87 47 höja
1728 1319 63 37 det
1806 1318 187 38 ordinarie

784 1372 168 48 anslaget
979 1372 58 35 till
1065 1371 213 36 densamma
1305 1371 85 36 med
1421 1372 108 44 1,050
1557 1372 147 36 kronor.

483 1437 211 38 Stockholm
723 1439 70 36 den
823 1441 19 34 7
872 1440 72 48 maj
978 1441 107 34 1912.

909 1540 53 37 På
989 1542 292 35 statsutskottets
1307 1549 154 40 vägnar:

1049 1641 43 38 G.
1120 1641 209 39 BILLING.

490 1823 63 33 Vid
578 1824 203 32 förestående
803 1825 131 31 ärendes
956 1825 263 43 slutbehandling
1241 1826 85 32 inom
1349 1826 158 32 utskottet
1528 1825 94 32 hafva
1643 1826 158 32 närvarit:

487 1883 111 32 herrar
619 1884 39 32 A.
682 1884 36 33 G.
740 1884 39 32 L.
806 1884 131 41 Billing,
960 1885 37 32 A.
1022 1885 142 38 Ekman,
1187 1886 109 34 grefve
1319 1886 38 32 F.
1389 1886 246 41 Wachtmeister,
1660 1886 33 33 0.
1717 1886 157 41 Jonsson,
1893 1886 40 33 A.
1948 1886 44 33 N.

382 1925 115 42 Hahn,
530 1925 132 32 friherre
692 1927 31 32 J.
757 1926 32 33 T.
816 1927 214 41 Gripenstedt,
1053 1930 109 32 urefve
1184 1928 38 32 P.
1248 1928 33 33 O.
1304 1928 39 32 L.
1369 1929 189 41 Klingspor,
1582 1929 44 33 H.
1651 1929 37 32 F.
1711 1929 127 38 Lamm,
1859 1929 135 32 friherre

381 1968 34 32 J.
449 1969 34 32 G.
509 1969 202 41 Beck-Fris,
733 1970 40 31 A.
798 1969 33 33 C.
854 1970 174 41 Lindblad,
1053 1970 32 33 C.
1113 1972 35 31 G.
1172 1971 143 40 Ekman,
1338 1971 33 32 J.
1395 1972 144 32 Nilsson.
1565 1973 40 30 A.
1637 1972 42 32 W.
1700 1972 120 38 Lindh,
1843 1971 39 34 A.
1912 1972 82 32 Wik-

382 2010 89 39 lund,
494 2011 38 33 F.
565 2011 41 33 W.
635 2012 177 40 Thorsson,
835 2012 38 32 P.
899 2013 125 40 Olsson,
1047 2013 43 32 K.
1122 2014 30 31 V.
1175 2014 130 41 Rydén,
1328 2014 32 32 J.
1376 2014 39 32 A.
1432 2013 65 43 Sjö,
1512 2014 43 33 N.
1571 2014 42 33 E.
1629 2014 175 43 Lindberg,
1826 2014 33 33 J.
1875 2014 119 40 Ström,

382 2052 41 33 E.
444 2054 39 32 A.
507 2054 120 33 Nilson
649 2054 58 32 och
728 2054 40 34 E.
791 2054 39 33 F.
853 2055 159 42 Hellberg.
