2230 2626
409 209 39 27 62
945 208 227 29 Statsutskottets
1201 209 153 29 Utlåtande
1377 210 57 28 N:o
1457 211 29 27 8.

507 283 134 49 Enligt
677 284 102 37 hvad
819 284 237 37 motionären
1097 284 131 38 vidare
1265 286 203 48 meddelat,
1505 286 98 38 hade
1632 287 382 50 kammarkollegium

406 333 71 37 hos
514 334 126 49 Kongl
674 334 107 49 Maj:t
807 335 102 49 gjort
936 335 282 49 framställning
1245 336 12 37 i
1285 336 108 49 fråga
1420 350 60 24 om
1510 338 196 37 ordnande
1735 339 71 36 och
1833 341 183 47 registre-

406 384 118 37 rande
552 384 41 38 af
616 385 342 37 kammararkivets
987 386 231 49 handlingar
1245 393 99 31 samt
1372 388 133 37 dervid
1533 389 126 36 anfört
1686 388 183 50 följande:

511 435 149 37 »Sedan
682 436 154 49 jemlikt
863 436 244 37 föreskriften
1134 437 11 36 i
1174 438 141 49 nådiga
1342 438 148 38 brefvet
1518 439 74 37 den
1620 441 21 35 9
1671 440 217 48 september
1919 442 95 35 1892

405 485 117 37 ökadt
561 491 190 44 utrymme
792 486 153 38 beredts
987 488 333 48 kammararkivet,
1362 492 41 34 så
1444 495 53 31 att
1529 490 46 36 de
1604 490 137 37 talrika
1769 490 242 49 handlingar,

405 535 131 38 hvilka
562 535 105 39 förut
694 540 98 34 måst
818 538 225 49 uppstaplas
1072 541 20 33 å
1110 538 149 49 golfvet
1278 540 90 36 eller
1387 540 11 36 i
1418 540 312 49 fönsternischer,
1751 541 145 37 kunnat
1914 555 96 35 upp-

404 591 119 32 sättas
556 590 20 33 å
604 587 138 49 hyllor,
770 588 68 36 har
866 588 64 37 det
957 588 125 37 blifvit
1109 590 153 48 möjligt
1289 595 54 32 att
1370 590 173 49 företaga
1571 592 215 37 ordnandet
1813 592 71 37 och
1912 591 100 49 regi-

404 638 215 36 strerandet
646 638 42 37 af
711 639 165 36 nämnda
903 639 128 37 arkivs
1060 640 181 49 samtliga
1269 641 239 49 handlingar.

503 688 107 37 Efter
637 689 115 48 gjord
779 689 215 50 beräkning
1020 691 122 36 finnas
1171 691 12 36 i
1211 692 319 38 kammararkivet
1557 692 58 37 för
1643 693 236 37 närvarande
1905 693 108 38 öfver

403 741 110 44 2,000
554 744 122 31 större
718 740 71 36 och
825 740 147 37 mindre
1009 740 166 38 bundtar
1203 742 86 36 med
1317 743 80 36 helt
1424 743 71 36 och
1523 743 118 37 hållet
1668 744 194 37 oordnade
1890 744 121 37 hand-

402 789 137 48 lingar,
568 789 47 37 de
643 790 111 37 flesta
781 803 82 24 som
892 791 64 36 det
984 791 65 36 vill
1077 805 117 35 synas
1223 793 41 36 af
1287 793 116 37 värde
1432 794 183 37 särskildt
1634 794 57 37 för
1711 794 74 37 den
1804 795 208 37 historiska

402 839 262 49 forskningen.
719 840 88 38 Men
841 841 112 37 äfven
986 842 168 37 arkivets
1188 843 123 49 öfriga
1338 844 230 48 handlingar
1596 848 120 33 måste
1745 845 87 37 med
1860 846 151 48 hänsyn

401 889 116 38 bland
545 896 116 32 annat
687 891 59 37 till
774 892 46 37 de
848 892 280 49 förändringar,
1157 894 131 37 hvilka
1307 895 121 36 under
1447 895 169 37 tidernas
1636 896 90 49 lopp
1747 909 139 35 genom
1909 897 102 36 bort-

400 940 225 50 flyttningar
659 942 94 37 eller
781 942 41 37 af
844 942 120 37 andra
992 943 252 49 anledningar
1272 950 65 43 egt
1363 959 83 23 rum
1474 946 11 36 i
1514 946 47 36 de
1590 946 101 37 olika
1718 946 292 45 arkivserierna,

400 991 57 37 till
486 996 121 33 större
636 992 113 37 delen
777 993 138 36 ordnas
944 1006 61 24 om
1034 993 11 36 i
1074 997 139 46 många
1240 995 64 37 fall
1333 995 95 37 efter
1455 996 80 37 helt
1560 1010 77 35 nya
1655 997 170 48 grunder
1845 997 92 37 eller
1957 1000 53 34 åt-

400 1041 190 38 minstone
624 1045 99 46 ånyo
750 1043 253 37 underkastas
1023 1044 266 50 registrering,
1310 1046 47 36 då
1376 1046 41 36 af
1430 1046 46 37 de
1495 1047 177 48 register,
1692 1048 130 37 hvilka
1842 1062 48 23 nu
1912 1048 97 37 före-

400 1093 134 47 finnas,
575 1093 164 37 flertalet
778 1096 125 35 såsom
944 1094 200 37 tillkomna
1184 1095 80 38 före
1297 1096 133 49 början
1458 1096 40 38 af
1522 1097 104 37 detta
1654 1098 106 38 sekel
1788 1099 33 49 ej
1852 1112 158 24 numera

399 1143 129 37 kunna
555 1148 116 44 sägas
701 1157 91 24 vara
818 1144 376 49 tillfyllestgörande.

499 1194 17 36 I
543 1194 324 37 kammararkivet
894 1199 42 32 är
962 1194 57 37 för
1047 1196 249 45 närvarande,
1320 1197 119 49 jemte
1460 1198 226 49 arkivarien,
1707 1200 150 37 anstäld
1873 1201 136 37 endast

398 1257 48 24 en
474 1257 221 35 amanuens,
729 1244 86 37 med
844 1250 54 32 ett
925 1245 155 37 arfvode
1108 1246 41 37 af
1174 1249 107 44 1,200
1310 1249 148 36 kronor.
1500 1249 123 38 Dessa
1651 1250 99 37 båda
1777 1251 232 49 tjenstemän

397 1294 115 37 hafva
549 1295 11 36 i
595 1296 109 47 regel
731 1295 68 37 full
827 1296 301 49 sysselsättning
1156 1298 87 36 med
1272 1298 46 37 de
1346 1299 336 50 undersökningar
1709 1315 47 22 m.
1787 1315 61 34 m.,
1876 1302 132 37 hvilka

399 1345 47 37 de
487 1350 64 32 äro
581 1346 182 49 skyldiga
791 1352 53 31 att
872 1346 207 38 verkställa
1107 1348 33 49 ej
1172 1348 135 37 endast
1334 1352 47 46 på
1409 1350 125 48 grund
1564 1351 41 36 af
1637 1352 157 48 kollegii
1827 1353 180 36 remisser

398 1401 91 32 utan
517 1396 112 37 äfven
658 1399 48 46 på
733 1397 171 48 begäran
932 1397 41 37 af
987 1397 176 39 enskilda
1182 1412 195 36 personer,
1396 1401 153 37 hvadan
1569 1402 138 37 endast
1725 1403 280 49 undantagsvis

396 1446 56 37 tid
480 1446 57 38 för
565 1447 86 37 dem
681 1447 137 37 blifver
845 1447 101 49 öfrig
973 1448 57 36 för
1058 1449 204 49 ordnings-
1291 1451 70 36 och
1389 1451 435 50 registreringsarbeten
1853 1457 20 34 å
1900 1454 106 38 äldre

395 1497 242 49 handlingar,
666 1498 183 37 särskildt
876 1499 154 48 sådana,
1051 1512 80 24 som
1162 1501 33 48 ej
1225 1501 239 49 nödvändigt
1490 1503 169 48 påkallas
1678 1503 58 38 för
1755 1505 73 37 den
1849 1505 159 49 dagliga

394 1548 326 49 tjenstgöringen.
774 1549 74 36 Det
884 1549 123 38 skulle
1036 1550 139 46 derför,
1204 1565 61 24 om
1294 1552 323 39 arbetskrafterna
1645 1556 11 35 i
1684 1555 322 38 kammararkivet

395 1599 33 48 ej
459 1598 127 37 blefve
614 1599 218 48 förstärkta,
861 1600 87 36 med
973 1601 179 37 säkerhet
1172 1602 108 49 dröja
1298 1602 91 38 flera
1407 1603 108 37 tiotal
1535 1604 40 36 af
1591 1607 50 45 år,
1661 1605 116 38 innan
1793 1606 213 38 detsamma

395 1649 127 37 blefve
562 1652 42 34 så
645 1649 175 49 ordnadt,
854 1656 54 31 att
941 1651 64 37 det
1031 1651 128 38 kunde
1188 1657 115 44 sägas
1332 1667 90 24 vara
1449 1654 12 36 i
1489 1655 89 36 dess
1607 1656 132 37 helhet
1764 1657 242 49 tillgängligt

394 1699 58 37 för
479 1699 264 50 forskningen.
1986 1719 2 2 |

495 1751 75 36 För
597 1751 324 37 kammararkivet
947 1752 124 37 skulle
1099 1753 66 37 det
1191 1753 231 50 visserligen
1451 1757 10 34 i
1480 1755 92 38 flera
1591 1756 209 39 afseenden
1819 1769 91 28 vara
1928 1760 75 37 för-

394 1800 198 50 delaktigt,
635 1815 61 23 om
738 1802 124 37 medel
890 1802 128 38 kunde
1051 1803 161 38 beredas
1241 1804 57 38 för
1325 1811 54 31 ett
1406 1807 266 48 systematiskt
1699 1809 203 50 ordnings-
1931 1812 72 36 och

393 1851 422 49 registreringsarbete,
843 1852 126 38 afsedt
996 1859 54 31 att
1076 1854 212 40 fullbordas
1316 1856 102 37 inom
1447 1870 46 24 en
1521 1857 152 39 kortare
1701 1860 223 49 tidsperiod.

493 1902 88 37 Men
609 1903 48 37 då
684 1903 58 37 för
770 1903 136 37 sådant
933 1904 174 38 ändamål
1136 1906 124 37 skulle
1280 1907 206 37 erfordrats
1502 1913 54 32 ett
1570 1909 34 49 ej
1622 1910 217 50 obetydligt
1854 1913 146 48 anslag,

392 1953 69 36 har
501 1953 210 49 kollegium
744 1953 57 37 för
837 1955 237 37 närvarande
1102 1962 127 32 ansett
1256 1957 61 49 sig
1345 1958 161 37 allenast
1533 1959 93 38 böra
1654 1960 11 36 i
1694 1962 309 49 underdånighet

392 2003 214 49 hemställa,
647 2004 65 37 det
751 2004 122 38 Eders
915 2006 139 49 Kongl.
1087 2006 117 50 Maj:t,
1233 2011 48 46 på
1309 2008 64 38 det
1400 2014 54 32 att
1481 2009 230 39 åtminstone
1739 2013 148 37 arbetet
1914 2014 87 37 med

392 2054 47 37 de
473 2054 283 38 ofvannämnda
787 2055 235 39 bundtarnas
1056 2058 196 37 ordnande
1285 2062 60 34 må
1371 2060 128 37 kunna
1527 2068 150 30 snarast
1705 2063 148 49 möjligt
1880 2069 120 33 sättas

391 2104 11 36 i
444 2105 145 48 verket,
625 2106 149 37 täcktes
815 2106 57 37 för
911 2120 47 24 en
993 2107 56 37 tid
1081 2108 41 37 af
1146 2114 54 32 ett
1227 2112 40 33 år
1294 2110 41 36 af
1357 2110 247 49 tillgängliga
1632 2113 126 37 medel
1784 2114 58 36 till
1870 2128 46 23 en
1945 2115 56 37 bi-

391 2155 186 38 trädande
597 2156 189 37 arkivarie
811 2157 6 36 i
836 2157 322 39 kammararkivet
1177 2159 133 38 anvisa
1330 2166 53 32 ett
1401 2161 154 50 belopp,
1576 2164 269 37 motsvarande
1864 2165 136 48 tjenst-

391 2205 431 50 göringspenningarna
849 2207 57 37 för
933 2209 227 48 arkivarien,
1189 2209 93 38 eller
1313 2213 106 44 1,500
1447 2212 172 37 kronor.»

492 2256 87 38 Med
608 2257 181 38 afseende
817 2261 20 34 å
865 2258 125 38 denna
1009 2259 283 50 framställning
1319 2261 68 37 har
1415 2263 236 37 motionären
1680 2266 135 46 anfört,
1831 2271 55 32 att
1913 2268 86 36 ord-
