2230 2632
745 208 230 28 Statsutskottets
1003 206 153 29 Utlåtande
1180 205 55 28 N:o
1260 205 28 27 8.
1781 200 40 29 49

210 286 160 37 sålunda
410 286 138 44 funnit,
577 290 56 32 att
660 285 73 36 den
761 285 139 36 minsta
927 284 258 45 förstärkning
1214 282 39 36 af
1277 277 501 51 tjenstemannapersonalen
1808 277 12 36 i

212 338 46 36 de
287 337 287 48 ifrågavarande
602 335 83 49 fyra
713 336 189 44 städerna,
931 348 80 23 som
1040 334 84 36 med
1154 332 177 37 afseende
1360 335 20 32 å
1406 330 60 36 för
1486 330 149 36 handen
1654 328 166 38 varande

211 388 120 37 behof
355 388 128 37 kunde
512 387 239 49 ifrågasättas
779 387 71 35 och
879 399 80 24 som
988 388 47 46 på
1060 398 141 24 samma
1222 387 100 44 gång
1341 382 127 36 kunde
1488 387 155 43 antagas
1659 380 12 36 i
1690 380 131 47 hvarje

211 439 66 36 fall
317 452 90 24 vara
449 438 111 38 äfven
601 438 60 36 för
688 437 206 37 framtiden
923 436 236 48 erforderlig,
1187 435 120 37 borde
1336 432 159 38 omfatta
1523 431 235 38 inrättandet
1786 429 41 37 af

211 489 168 50 följande
407 503 73 36 nya
508 488 413 49 tjenstebefattningar,
948 488 207 47 nemligen:

312 576 12 36 1
354 574 222 38 Stockholm:

365 643 25 36 å
415 642 294 37 tullkammaren:
738 654 46 23 en
812 639 355 38 kammarskrifvare
1197 638 151 38 utöfver
1376 637 67 37 der
1470 650 51 23 nu
1550 635 189 45 anstälde;

365 694 62 37 vid
448 692 426 50 packhusinspektionen:
900 691 224 50 ytterligare
1152 695 58 32 tre
1239 687 375 46 kammarskrifvare;

365 745 25 36 å
416 744 366 49 nederlagskontoret:
808 743 224 49 ytterligare
1061 755 46 23 en
1135 739 374 46 kammarskrifvare;

316 830 12 36 He

359 828 188 50 Göteborg:

367 898 25 36 å
419 897 298 37 tullkammaren:
742 896 225 49 ytterligare
996 897 64 34 två
1086 892 375 45 kammarskrifvare;

366 949 61 36 vid
447 947 430 50 packhusinspektionen:
902 946 225 49 ytterligare
1156 950 57 31 tre
1241 941 375 46 kammarskrifvare;

317 1017 11 35 i
356 1016 164 37 Malmö:
546 1016 225 49 ytterligare
799 1020 58 31 tre
885 1012 371 46 kammarskrifvare;
1285 1017 98 32 samt

317 1084 12 37 i
357 1084 256 48 Helsingborg:
639 1083 225 50 ytterligare
893 1085 63 34 två
984 1079 368 39 kammarskrifvare.

317 1152 111 37 Hvad
457 1151 222 38 Stockholm
706 1150 222 46 beträffade,
955 1149 179 48 utgjorde
1163 1148 72 36 den
1264 1147 160 37 sålunda
1452 1145 216 38 beräknade
1697 1144 132 36 öknin-

217 1217 73 34 gen
317 1204 12 35 i
358 1203 190 36 ordinarie
589 1201 285 44 arbetskrafter,
903 1201 119 47 enligt
1050 1199 98 37 hvad
1176 1197 418 49 generaltullstyrelsen
1623 1195 204 44 meddelat,

217 1254 193 48 betydligt
438 1254 159 44 mindre,
628 1261 46 28 än
704 1252 97 37 hvad
821 1251 286 51 vederbörande
1127 1248 569 48 tullförvaltningsafdelningar
1715 1246 114 36 fram-

218 1306 109 35 hållit
369 1308 124 33 såsom
537 1303 219 37 önskvärdt.
814 1302 128 36 Äfven
983 1301 83 36 från
1107 1299 401 48 tullförvaltningarna
1548 1301 49 44 på
1638 1297 192 47 åtskilliga

218 1356 117 36 andra
363 1356 141 47 platser
532 1354 96 36 hade
656 1354 59 36 till
742 1352 415 50 generaltullstyrelsen
1187 1351 202 36 inkommit
1416 1348 324 47 framställningar
1768 1360 61 23 om

219 1406 121 37 ökade
381 1405 284 45 arbetskrafter,
707 1405 128 35 hvilka
875 1403 323 47 framställningar
1239 1401 185 49 styrelsen
1463 1398 213 38 emellertid
1704 1397 127 37 funnit

219 1458 78 36 tills
326 1457 130 36 vidare
484 1457 83 35 icke
596 1456 92 36 böra
716 1454 196 37 föranleda
941 1467 122 23 annan
1092 1453 147 47 åtgärd,
1269 1459 46 29 än
1344 1457 68 39 att,
1441 1451 68 36 der
1536 1448 182 38 behofvet
1736 1449 95 35 kun-

219 1514 66 31 nat
312 1513 155 43 antagas
495 1520 89 24 vara
613 1506 39 37 af
677 1519 102 23 mera
807 1506 173 47 varaktig
1008 1503 274 45 beskaffenhet,
1311 1502 183 49 styrelsen
1521 1501 85 36 sökt
1625 1500 205 47 tillgodose

221 1560 208 35 detsamma
470 1571 138 35 genom
649 1558 129 47 anslag
818 1556 39 37 af
882 1557 46 35 de
956 1556 136 44 medel,
1122 1555 128 35 hvilka
1279 1553 40 36 af
1343 1553 187 49 styrelsen
1560 1551 271 49 disponerades

220 1611 59 35 till
306 1609 406 48 vikariatsersättning,
742 1613 109 31 extra
878 1607 176 36 biträden
1079 1619 47 23 m.
1156 1618 47 23 m.

320 1659 305 37 Vidkommande
664 1658 318 47 tullbetjeningen
1024 1657 95 35 hade
1162 1654 419 49 generaltullstyrelsen
1622 1652 126 37 funnit
1776 1652 57 48 sig

220 1711 58 36 för
306 1710 169 37 tillfället
504 1711 81 35 icke
615 1709 91 36 böra
734 1708 223 47 ifrågasätta
986 1710 123 44 någon
1140 1719 123 22 annan
1291 1704 259 47 förstärkning
1578 1702 108 37 deraf
1712 1710 45 28 än
1778 1703 54 35 in-

221 1762 195 36 rättandet
444 1760 39 36 af
507 1764 65 33 två
600 1773 72 33 nya
691 1758 417 47 vaktmästaretjenster
1126 1756 63 36 vid
1210 1755 438 49 packhusinspektionen
1668 1754 11 35 i
1700 1753 133 37 Stock-

222 1813 103 35 holm
368 1811 70 37 och
468 1824 45 23 en
542 1824 49 35 ny
619 1810 115 36 sådan
763 1810 116 47 tjenst
906 1809 64 36 vid
998 1807 336 47 tullbevakningen
1364 1806 12 35 i
1403 1804 210 37 Halmstad.
1667 1804 80 36 Den
1777 1817 57 22 se-

222 1876 90 23 nare
354 1862 240 36 erfordrades
636 1861 80 36 dels
757 1864 48 44 på
845 1860 124 47 grund
1010 1858 39 36 af
1083 1858 73 36 den
1185 1857 123 36 under
1336 1857 92 35 sista
1456 1856 106 36 tiden
1590 1855 243 47 synnerligen

223 1914 126 36 starka
378 1913 202 36 tillväxten
610 1912 11 35 i
648 1911 160 36 trafiken
843 1914 46 45 på
917 1909 196 37 Halmstad
1142 1931 48 4 —
1218 1911 123 33 såsom
1371 1907 104 36 bevis
1504 1909 47 45 på
1579 1906 153 36 hvilken
1760 1905 75 36 till-

222 1969 93 31 växt
343 1963 416 48 generaltullstyrelsen
788 1965 137 43 ansåge
954 1962 56 45 sig
1031 1960 133 36 endast
1183 1957 164 38 behöfva
1367 1957 142 43 anföra,
1530 1962 56 30 att
1605 1956 226 48 uppbörden

224 2015 39 36 af
288 2014 200 36 tullmedel
525 2014 107 46 stigit
667 2013 82 35 från
787 2014 159 42 260,934
984 2011 140 35 kronor
1153 2013 40 32 år
1224 2012 96 34 1894
1349 2009 58 35 till
1436 2009 159 41 405,573
1625 2007 141 35 kronor
1794 2009 41 32 år

226 2067 95 34 1895
349 2083 50 5 —
427 2064 79 35 dels
548 2063 70 36 ock
653 2063 84 34 med
767 2062 204 46 anledning
999 2060 40 35 af
1063 2060 188 47 åtgärder,
1280 2072 81 22 som
1390 2058 154 48 nyligen
1575 2058 99 34 inom
1703 2056 131 36 staden

224 2115 183 46 vidtagits
435 2113 58 36 för
521 2112 216 37 beredande
766 2111 40 36 af
830 2124 73 34 nya
918 2111 199 46 lossnings-
1138 2110 70 35 och
1226 2109 317 47 upplagsplatser.
1590 2106 243 36 Beträffande

225 2165 46 36 de
300 2166 11 34 i
339 2164 243 37 Stockholms
623 2163 169 47 packhus
826 2161 170 36 anstälde
1025 2160 180 48 betjente,
1234 2159 147 36 hvilkas
1409 2158 102 35 antal
1540 2157 81 35 icke
1650 2156 115 36 sedan
1795 2160 40 31 år

228 2218 94 34 1879
353 2216 108 35 ökats
494 2214 86 36 med
609 2226 102 23 mera
740 2217 46 31 än
816 2211 267 36 innehafvaren
1113 2210 39 36 af
1178 2223 45 22 en
1253 2212 20 33 å
1303 2211 93 34 1891
1428 2211 59 32 års
1515 2213 76 30 stat
1618 2207 217 47 nytillkom-

226 2279 86 23 men
352 2267 129 47 tjenst,
510 2277 90 24 vore
630 2264 70 35 den
731 2264 219 47 ifrågasatta
977 2261 304 48 förstärkningen
1312 2258 317 48 hufvudsakligen
1658 2257 179 48 betingad

326 2329 62 27 Bih.
408 2329 44 26 till
470 2328 96 28 Riksd.
587 2328 75 26 Prot.
688 2328 78 25 1897.
800 2327 17 25 4
835 2326 83 27 Saml.
955 2326 15 26 1
990 2325 66 33 Afd.
1093 2325 17 25 6
1129 2324 81 33 Häft.
1718 2320 14 26 7
