2230 2630
736 201 230 29 Statsutskottets
996 200 154 29 Utlåtande
1173 200 57 28 N:o
1253 200 29 27 8.
1768 197 38 28 53

199 295 81 23 som
308 281 59 45 de,
396 281 139 44 hvilka,
565 280 119 47 enligt
711 278 100 37 hvad
839 278 190 37 utskottet
1057 277 111 37 ofvan
1196 276 65 37 vid
1281 275 281 47 behandlingen
1583 273 39 37 af
1638 274 171 47 anslaget

199 333 57 36 till
284 331 297 49 telegrafverket
609 330 202 43 meddelat,
839 328 192 38 föranledt
1060 329 236 36 motionären
1325 331 57 32 att
1408 325 139 37 föreslå
1567 325 243 47 nedsättning

195 384 142 47 jemväl
364 384 11 35 i
404 382 234 37 sistnämnda
665 382 140 47 anslag.

301 484 241 37 Beträffande
572 484 73 36 den
674 482 39 37 af
737 482 136 46 Kongl.
902 481 105 49 Maj:t
1034 480 131 49 gjorda
1194 479 279 47 framställning
1501 490 61 23 om
1591 477 155 47 höjning
1774 475 40 37 af

200 535 430 48 reservationsanslaget
671 534 58 36 till
769 533 330 48 kronoskogarnes
1126 530 234 47 förvaltning
1388 530 70 35 och
1487 527 259 48 befrämjande
1775 526 40 36 af

200 586 299 48 skogsväsendet
528 586 10 35 i
567 584 208 37 allmänhet
803 584 188 37 inhemtas
1019 582 40 37 af
1083 580 434 49 statsrådsprotokollet,
1557 585 67 38 att,
1653 579 11 35 i
1693 577 119 37 öfver-

202 638 283 37 ensstämmelse
514 636 86 36 med
628 635 234 47 Riksdagens
891 638 47 44 på
966 634 134 47 Kongl.
1130 632 122 48 Maj:ts
1280 631 279 47 framställning
1586 628 143 37 fattade
1749 628 63 36 be-

201 690 88 44 slut,
317 701 137 36 genom
493 688 127 47 kongl.
649 686 86 37 bref
760 686 71 36 den
862 688 44 34 29
937 686 71 47 maj
1041 686 93 35 1896
1164 682 229 44 förordnats,
1422 687 56 31 att
1507 680 98 37 hvad
1634 693 92 31 som,
1756 684 56 32 ut-

203 739 107 38 öfver
355 740 47 35 de
449 739 84 36 med
580 736 468 49 kronojägarebefattning
1091 734 180 36 förenade
1313 731 499 50 tjenstgöringspenningar,

203 790 240 37 erfordrades
483 789 60 36 för
570 788 217 37 beredande
816 790 39 33 åt
882 787 86 44 den,
996 799 81 24 som
1105 784 249 37 förordnades
1382 789 55 31 att
1465 783 204 48 uppehålla
1696 782 117 36 sådan

202 841 215 48 befattning
458 840 121 36 under
629 839 67 44 tid,
743 839 47 35 då
838 837 281 46 befattningens
1166 834 243 38 innehafvare
1457 834 144 47 åtnjöte
1642 832 172 47 ledighet

202 893 59 36 för
289 892 190 48 sjukdom,
507 890 40 37 af
571 890 71 37 full
669 889 433 48 kronojägareaflöning,
1131 887 342 48 hyresersättnsng,
1495 885 67 35 der
1581 883 116 37 sådan
1717 883 97 36 före-

203 945 163 43 komme,
402 942 143 48 jemväl
573 941 82 36 deri
687 941 237 46 inbegripen,
953 939 122 36 skulle
1103 940 93 45 utgå
1223 936 40 37 af
1287 935 428 46 reservationsanslaget
1755 934 59 36 till

203 994 330 47 kronoskogarnes
561 992 232 46 förvaltning
822 991 71 36 och
913 989 257 48 befrämjande
1191 987 39 37 af
1246 986 298 49 skogsväsendet
1564 986 11 35 i
1595 984 218 37 allmänhet.

203 1045 16 37 I
247 1044 198 38 skrifvelse
485 1044 59 36 till
581 1042 135 48 Kongl.
753 1041 105 48 Maj:t
885 1041 73 36 den
989 1043 43 34 29
1063 1039 215 50 september
1308 1040 95 35 1896
1433 1037 109 47 hade,
1570 1036 119 48 enligt
1716 1035 98 36 hvad

204 1096 130 38 vidare
363 1095 206 44 meddelas,
598 1093 328 48 domänstyrelsen
954 1091 153 43 anmält,
1136 1096 55 30 att
1215 1090 65 36 det
1299 1099 90 27 vore
1409 1088 199 48 antagligt,
1628 1092 53 31 att
1699 1086 116 48 sagda

205 1147 141 48 anslag,
388 1146 120 36 ehuru
550 1145 59 36 för
650 1143 235 38 närvarande
922 1142 127 36 derför
1089 1141 225 47 tillräckligt
1354 1140 11 35 i
1401 1138 94 48 följd
1531 1138 41 36 af
1596 1138 220 48 uppkomna

205 1198 291 42 reservationer,
538 1196 116 35 likväl
696 1195 30 47 ej
762 1193 125 37 blefve
916 1193 66 36 det
1010 1192 108 37 äfven
1146 1191 58 37 för
1233 1195 40 31 år
1304 1192 95 35 1898
1429 1196 90 30 utan
1547 1188 268 37 motsvarande

207 1249 167 47 höjning.
428 1247 140 37 Vidare
608 1245 223 36 föranledde
873 1245 234 35 tillkomsten
1144 1242 40 36 af
1207 1241 218 47 betydande
1453 1253 72 35 nya
1554 1239 262 47 kronoparker

207 1313 45 23 en
282 1299 142 47 ökning
452 1299 11 35 i
491 1295 160 50 utgifter
679 1296 58 35 för
765 1294 248 49 skogsodling
1041 1294 71 36 och
1132 1292 116 37 andra
1268 1292 129 48 dylika
1418 1290 189 49 åtgärder,
1628 1289 58 36 för
1707 1295 109 30 extra

208 1350 216 46 bevakning
464 1349 69 36 och
576 1346 59 37 för
666 1346 309 48 kronoparkerna
1005 1343 199 50 åliggande
1232 1342 211 48 utskylder,
1472 1341 154 36 hvartill
1654 1340 162 43 komme,

207 1406 68 39 att,
325 1401 1 35 i
365 1400 73 36 den
479 1402 86 33 mån
606 1398 163 35 kronans
810 1396 106 37 virke
954 1396 11 35 i
993 1394 290 49 lappmarkerna
1312 1393 71 36 och
1412 1393 11 35 i
1451 1391 174 47 nordliga
1653 1390 163 36 Dalarne

207 1465 126 23 vunne
374 1454 123 33 större
535 1447 231 50 efterfrågan
809 1447 71 36 och
917 1445 316 48 afverkningarna
1262 1444 110 36 alltså
1400 1443 125 36 kunde
1554 1442 118 48 höjas,
1699 1446 118 44 ytter-

207 1504 119 46 ligare
355 1501 86 36 kraf
466 1504 47 45 på
542 1498 384 49 förvaltningsanslag
954 1497 202 48 uppstode.
1189 1495 189 47 Slutligen
1406 1499 129 43 syntes
1554 1492 263 37 sankmarkers

209 1553 204 46 utdikning
441 1555 20 33 å
489 1550 263 48 kronoparker
780 1550 11 35 i
820 1549 46 36 de
894 1561 112 23 norra
1035 1553 161 38 orterna,
1227 1546 97 36 efter
1353 1545 64 36 det
1445 1543 306 37 försöksarbeten
1772 1556 46 22 en

208 1604 55 37 tid
303 1606 143 45 pågått,
475 1614 157 24 numera
660 1601 93 36 böra
780 1599 192 37 bedrifvas
1001 1599 11 35 i
1040 1604 120 30 större
1188 1596 231 48 omfattning
1446 1603 46 28 än
1521 1594 115 37 förut.
1689 1593 53 36 Af
1766 1606 50 23 nu

209 1655 164 36 nämnda
418 1653 251 46 anledningar
708 1654 138 45 ansåge
885 1649 325 48 domänstyrelsen
1252 1660 46 23 en
1338 1646 219 48 förhöjning
1602 1644 39 37 af
1682 1647 136 42 30,000

210 1706 143 35 kronor
381 1703 239 47 erforderlig.

312 1755 76 36 För
416 1767 94 34 egen
539 1753 62 36 del
629 1753 67 35 har
724 1748 421 51 departementschefen
1173 1748 185 36 förklarat
1385 1747 57 48 sig
1470 1746 82 36 icke
1573 1744 111 37 hafva
1703 1748 116 44 något

211 1812 54 31 att
304 1806 125 35 erinra
456 1809 80 31 mot
564 1804 74 35 den
667 1802 38 37 af
730 1801 327 49 domänstyrelsen
1085 1799 158 36 sålunda
1271 1798 213 45 föreslagna
1512 1796 267 47 förhöjningen
1807 1796 11 34 i

211 1855 444 47 reservationsanslaget,
697 1852 153 37 hvilken
891 1851 242 36 föranleddes
1174 1849 39 37 af
1242 1848 237 48 Riksdagens
1513 1847 126 36 beslut
1668 1859 60 23 om
1757 1859 63 22 an-

212 1908 154 36 visande
409 1910 20 32 å
470 1906 106 36 detta
616 1905 129 47 anslag
785 1904 40 35 af
849 1903 99 36 vissa
975 1900 440 47 vikariatsersättningar
1443 1898 57 36 för
1529 1897 290 37 tillförordnade

212 1959 250 46 kronojägare
492 1956 193 36 äfvensom
715 1954 39 37 af
770 1954 176 47 stegrade
966 1950 461 47 förvaltningskostnader
1446 1949 59 36 för
1525 1948 294 47 statsskogarne.

212 2010 134 35 Denna
374 2008 168 47 stegring
570 2019 90 23 vore
689 2005 191 36 beroende
900 2007 48 44 på
967 2002 429 49 skogshushållningens
1416 2000 161 47 alltjemt
1596 1998 224 47 fortgående

213 2059 232 45 utveckling,
487 2057 153 35 hvilken
681 2054 266 43 betecknades,
989 2053 114 36 bland
1144 2058 124 37 annat,
1311 2049 118 48 deraf,
1457 2055 56 30 att
1549 2049 47 36 de
1625 2049 57 35 till
1711 2054 110 29 stats-

213 2111 181 34 kontoret
430 2106 260 37 inlevererade
723 2104 276 48 skogsmedlen,
1028 2116 80 22 som
1136 2102 58 35 för
1223 2105 40 32 år
1294 2102 93 34 1893
1418 2099 175 48 utgjorde
1624 2101 195 41 2,903,915

214 2161 141 34 kronor
388 2160 47 34 40
464 2164 76 37 öre,
574 2160 41 32 år
645 2158 94 35 1894
769 2155 194 47 uppgingo
994 2154 56 36 till
1079 2155 194 41 3,487,317
1304 2152 141 34 kronor
1474 2152 46 34 84
1549 2156 77 37 öre,
1656 2152 39 31 år
1727 2150 92 34 1895

214 2210 59 37 till
302 2211 197 43 4,209,306
529 2208 141 35 kronor
699 2209 45 34 22
774 2212 63 29 öre
867 2205 70 36 och
967 2207 40 33 år
1038 2206 92 34 1896
1161 2203 57 35 till
1260 2203 197 43 4,295,738
1500 2200 140 35 kronor
1669 2201 46 34 30
1744 2205 77 29 öre.
