1864 2770
223 152 20 30 8
427 154 187 30 Allmänna
631 155 399 40 beredningsutskottets
1049 158 178 31 utlåtande
1244 168 43 21 nr
1302 161 42 29 20
1360 160 39 30 år
1418 162 83 29 1965

877 432 65 40 Nr
964 433 58 40 20

421 539 185 30 Utlåtande
625 540 12 29 i
653 540 189 41 anledning
860 551 42 21 av
922 542 124 31 väckta
1065 544 172 30 motioner
1256 545 177 39 angående
1454 545 252 40 värnpliktigas

616 601 68 40 fria
705 611 107 29 resor,
833 604 179 39 angående
1033 607 133 29 statens
1187 607 206 39 järnvägars
1415 608 215 30 rabattresor
1650 609 56 39 för

618 664 233 40 värnpliktiga
878 666 64 29 och
968 667 178 39 angående
1170 668 71 39 fria
1268 678 95 20 resor
1388 669 56 40 för
1471 670 234 40 värnpliktiga

616 734 104 21 m.m.

263 828 66 30 Till
349 829 178 31 allmänna
545 831 381 41 beredningsutskottet
944 834 65 30 har
1027 835 180 31 hänvisats
1227 836 159 40 följande
1404 838 187 31 motioner:

265 881 35 34 1)
324 881 50 30 De
392 882 225 40 likalydande
635 885 221 31 motionerna
874 886 32 31 I:
922 888 60 29 101
1005 897 43 20 av
1067 887 122 31 herrar
1207 889 212 41 Strandberg
1440 891 66 29 och
1525 892 179 29 Enarsson

219 936 93 28 samt
333 935 45 30 II:
397 935 60 31 130
479 945 43 21 av
543 937 121 30 herrar
684 938 186 32 Petersson
892 940 65 30 och
977 940 212 39 Krönmark,
1211 943 74 29 vari
1308 943 212 36 hemställes,
1544 946 50 28 att
1617 945 88 29 riks-

219 987 112 39 dagen
352 987 11 30 i
385 988 168 31 skrivelse
574 990 51 29 till
647 990 126 41 Kungl.
795 992 105 40 Maj:t
922 993 109 30 måtte
1053 994 141 31 anhålla
1215 998 51 27 att
1288 996 130 30 sådana
1440 997 264 30 bestämmelser

218 1039 179 39 angående
419 1041 253 41 värnpliktigas
695 1043 70 31 fria
787 1054 96 21 resor
905 1046 171 35 utfärdas,
1100 1049 51 28 att
1173 1048 67 30 den
1264 1048 220 32 färdsträcka
1509 1049 56 31 för
1586 1050 118 30 vilken

217 1092 248 41 militärbiljett
487 1095 110 39 gäller
617 1096 56 30 får
693 1097 275 39 tillgodoräknas
992 1108 76 21 som
1091 1101 120 39 resväg
1232 1101 58 30 vid
1314 1103 236 39 taxesättning
1572 1113 43 20 av
1636 1103 68 30 till-

217 1145 216 41 läggsbiljett
457 1147 75 34 (vid
553 1147 162 41 förlängd
735 1150 109 35 resa).

262 1198 37 33 2)
324 1199 132 30 Motion
476 1200 46 30 II:
538 1200 42 31 94
600 1211 42 20 av
660 1202 122 30 herrar
801 1203 201 31 Andersson
1022 1206 13 29 i
1055 1205 130 31 Örebro
1205 1207 65 29 och
1288 1207 205 40 Hyltander,
1514 1210 74 28 vari
1608 1209 96 29 hem-

218 1251 130 35 ställes,
367 1254 50 29 att
436 1253 189 40 riksdagen
642 1255 11 29 i
673 1255 167 31 skrivelse
859 1257 51 29 till
931 1258 126 39 Kungl.
1078 1259 104 39 Maj:t
1202 1259 109 31 måtte
1330 1268 41 31 ge
1390 1261 51 30 till
1461 1262 119 30 känna
1599 1262 104 30 önsk-

217 1304 192 30 värdheten
424 1315 42 20 av
481 1308 51 28 att
548 1307 42 29 de
605 1308 153 30 rabatter
774 1318 74 21 som
864 1310 215 41 värnpliktig
1094 1313 161 38 personal
1272 1322 47 20 nu
1336 1313 158 40 åtnjuter
1508 1315 46 39 på
1570 1317 132 28 statens

215 1356 208 41 järnvägars
442 1359 274 41 järnvägslinjer
737 1362 89 29 skall
847 1364 200 30 utsträckas
1067 1366 51 28 att
1137 1365 91 39 gälla
1250 1366 85 29 även
1356 1366 45 40 på
1422 1366 79 31 färd
1523 1368 80 30 med
1622 1368 80 30 SJ:s

217 1409 201 41 busslinjer.

262 1463 36 33 3)
324 1463 61 30 Del
405 1474 42 19 av
467 1465 43 30 de
528 1465 225 40 likalydande
771 1468 221 31 motionerna
1013 1470 28 30 I:
1058 1470 62 30 343
1141 1480 43 20 av
1204 1470 58 30 fru
1285 1472 124 29 Olsson
1430 1474 66 29 och
1516 1474 82 29 herr
1617 1474 86 29 Azel

214 1515 241 31 Kristiansson
483 1520 91 28 samt
598 1518 47 30 II:
660 1519 64 30 410
749 1529 43 20 av
815 1519 123 32 herrar
962 1522 202 31 Antonsson
1190 1524 67 30 och
1280 1524 198 31 Johansson
1505 1526 11 30 i
1543 1526 122 39 Växjö,
1691 1527 11 28 i

215 1568 120 30 vilken
355 1569 52 30 del
428 1570 213 36 hemställes,
662 1574 51 28 att
734 1573 189 40 riksdagen
941 1575 12 30 i
975 1576 166 30 skrivelse
1163 1577 51 30 till
1237 1578 125 39 Kungl.
1385 1579 106 39 Maj:t
1511 1579 110 30 måtte
1642 1589 60 20 an-

216 1621 97 30 hålla
330 1631 57 21 om
407 1623 193 39 skyndsam
620 1626 186 39 utredning
826 1636 43 20 av
888 1627 125 41 frågan
1033 1638 57 20 om
1110 1630 246 40 utsträckning
1375 1641 43 20 av
1436 1632 41 29 de
1498 1632 45 39 på
1562 1633 140 39 järnvä-

215 1681 111 32 garna
344 1675 160 39 gällande
524 1677 199 31 rabatterna
744 1679 55 30 för
818 1680 245 41 värnpliktiga,
1085 1683 227 38 pensionärer
1331 1685 66 29 och
1416 1685 214 30 studerande
1648 1686 53 29 till

215 1728 52 28 att
286 1728 91 38 gälla
395 1729 57 29 vid
471 1739 98 20 resor
588 1731 80 29 med
685 1732 111 30 andra
816 1733 73 39 slag
908 1743 44 20 av
970 1734 451 33 kommunikationsmedel.

260 1781 177 30 Utskottet
463 1782 65 30 har
556 1784 158 39 upptagit
742 1786 235 30 ovanstående
1004 1788 171 30 motioner
1203 1789 67 30 och
1297 1790 52 29 del
1379 1800 40 19 av
1448 1791 173 30 motioner
1648 1792 52 29 till

216 1834 165 39 samtidig
399 1834 223 42 behandling.

259 1886 13 29 I
296 1887 220 31 motionerna
541 1889 27 29 I:
588 1889 56 30 101
671 1891 66 29 och
760 1891 46 30 II:
825 1892 59 30 130
909 1891 215 37 framhålles,
1149 1896 50 28 att
1222 1896 236 39 värnpliktiga
1482 1897 150 30 erhåller
1656 1897 44 29 fri

215 1948 78 20 resa
320 1940 59 29 vid
405 1940 152 40 ledighet
585 1945 245 29 motsvarande
859 1946 141 30 sträcka
1027 1955 75 21 som
1131 1947 147 30 emellan
1307 1949 394 40 tjänstgöringsplatsen

215 1992 66 29 och
302 1992 192 32 hemorten.
516 1995 67 29 Vill
604 1995 72 30 han
695 2005 77 21 resa
793 1997 119 40 längre
933 1999 113 30 måste
1067 1999 66 30 den
1154 2001 235 39 värnpliktiga
1412 2002 140 40 erlägga
1571 2003 129 39 biljett-

215 2044 73 39 pris
309 2054 74 21 som
402 2055 57 21 om
477 2047 58 29 det
552 2057 80 20 vore
650 2057 43 21 en
711 2059 48 29 ny
776 2059 77 21 resa
872 2050 79 31 från
971 2052 68 29 den
1057 2053 139 34 station,
1216 2054 62 29 där
1297 2054 66 30 den
1382 2055 155 30 militära
1554 2056 146 39 tjänste-

213 2097 162 39 biljetten
395 2100 139 39 upphör
552 2101 53 29 till
626 2102 257 31 slutstationen.
905 2104 52 30 Då
977 2105 67 29 den
1063 2105 251 40 värnpliktiges
1336 2107 112 40 familj
1473 2109 144 30 särskilt
1638 2118 63 20 un-

215 2150 62 30 der
302 2160 198 22 sommaren
525 2153 108 31 vistas
659 2154 45 40 på
730 2157 257 30 sommarställe
1012 2158 83 29 eller
1120 2168 117 20 annan
1264 2162 54 27 ort
1343 2161 138 30 medför
1505 2162 96 29 detta
1627 2162 72 30 ofta

214 2203 111 40 dryga
344 2204 272 32 färdkostnader
635 2207 55 30 för
709 2208 68 30 den
795 2210 245 39 värnpliktige.
1061 2211 64 29 Det
1147 2221 102 29 synes
1272 2212 118 31 därför
1411 2214 138 39 skäligt,
1572 2217 50 27 att
1642 2215 58 29 vid

214 2256 276 41 prissättningen
509 2268 43 20 av
568 2260 254 40 tilläggsbiljett
841 2262 137 39 hänsyn
996 2265 96 37 tages
1110 2264 51 29 till
1181 2265 85 29 även
1286 2266 67 30 den
1370 2267 122 39 resväg
1510 2267 56 29 för
1583 2267 117 30 vilken

214 2309 249 40 militärbiljett
481 2312 118 38 gäller.

258 2362 13 29 I
294 2363 132 29 motion
448 2364 45 30 II:
510 2365 42 29 94
574 2366 182 39 redogöres
780 2367 55 30 för
856 2368 159 39 gällande
1037 2370 264 30 bestämmelser
1322 2372 106 39 enligt
1449 2372 95 30 vilka
1567 2375 132 28 statens

213 2414 191 41 järnvägar
420 2416 45 39 på
482 2417 78 30 sina
576 2418 274 41 järnvägslinjer
867 2421 140 40 medger
1025 2422 107 30 fram-
1149 2424 64 29 och
1233 2423 154 31 återresa
1403 2425 45 39 på
1465 2426 101 29 enkel
1585 2426 114 39 biljett

213 2468 83 29 med
311 2468 229 40 giltighetstid
558 2471 38 30 15
614 2472 107 39 dagar
737 2472 56 30 för
808 2473 132 31 militär
955 2476 161 37 personal
1133 2485 42 20 av
1190 2476 102 39 högst
1309 2477 159 39 korprals
1486 2479 95 38 grad,
1598 2480 101 28 värn-
