2142 2665
321 211 18 30 2
760 210 267 42 Lag-Utskottets
1056 210 177 33 Utlåtande
1255 211 65 32 N:o
1344 213 52 30 35.

274 291 276 49 förordningen
576 291 122 37 förses
728 291 87 37 med
841 291 229 49 ytterligare
1100 305 48 23 en
1177 291 169 48 kolumn,
1392 291 246 50 upptagande
1681 292 64 36 det
1778 293 102 36 antal

274 343 141 49 fyrkar,
444 342 57 37 för
528 343 129 36 hvilka
684 348 157 31 rösträtt
868 346 61 33 må
960 342 181 37 utöfvas>.

406 548 158 38 Bifölles
605 548 249 37 förevarande
884 548 200 48 motioner,
1114 548 121 37 skulle
1265 548 118 47 deraf,
1412 551 125 34 såsom
1566 548 217 37 Utskottets
1811 549 60 36 vid

272 600 101 37 förra
399 600 210 49 riksdagen
635 600 12 36 i
676 599 207 49 anledning
911 599 41 38 af
971 599 47 38 då
1042 600 137 37 väckta
1206 599 186 37 likartade
1422 599 188 37 motioner
1638 599 144 50 afgifna
1808 600 67 37 Ut-

270 652 153 36 låtande
463 652 72 36 N:o
578 653 45 35 52
664 652 156 46 utvisar,
861 651 217 37 föranledas
1119 651 388 49 redaktionsändring
1541 651 145 49 jemväl
1718 651 8 36 i
1767 648 20 50 $
1829 653 44 35 59

271 715 112 23 mom.
401 705 21 33 2
439 702 41 36 af
489 702 276 48 förordningen
781 715 59 22 om
858 702 385 48 kommunalstyrelse
1264 706 44 45 på
1317 703 141 35 landet.
1479 702 395 37 Utskottetharemel-

271 753 113 37 lertid
411 753 130 48 redan,
569 756 50 47 på
645 752 124 50 grund
797 752 42 37 af
861 752 140 50 Kongl.
1031 753 125 50 Maj:ts
1184 753 240 50 proposition
1451 752 71 37 N:o
1545 754 57 46 11,
1626 753 11 35 i
1652 752 223 37 Utlåtandet

270 805 71 36 N:o
384 807 46 34 32
471 804 182 38 hemstält
694 818 60 23 om
796 804 144 37 ändrad
967 804 148 50 lydelse
1149 804 41 37 af
1212 804 165 37 nämnda
1404 801 31 50 $.
1492 803 149 38 Genom
1673 803 106 37 bifall
1818 804 58 37 till

266 856 241 37 motionerna
547 856 122 36 skulle
712 855 158 37 sålunda
911 856 56 36 till
1008 856 47 36 de
1097 856 64 36 vid
1193 856 258 36 innevarande
1485 855 158 49 riksdag
1683 854 192 38 förekom-

267 907 136 37 mande
438 912 102 32 stora
571 907 129 49 frågor
731 907 139 48 knytas
899 907 227 49 ytterligare
1156 920 48 24 en
1232 906 41 37 af
1290 906 287 49 jemförelsevis
1605 906 270 37 underordnad

267 958 93 49 vigt,
389 958 89 37 med
505 959 114 36 hvars
646 958 155 49 lösning
827 958 63 36 väl
920 958 75 36 kan
1024 962 119 33 anstå.

401 1010 141 36 Fastän
583 1009 200 38 Utskottet
821 1009 86 37 icke
952 1009 135 36 ändrat
1127 1010 57 35 sin
1226 1009 64 37 vid
1319 1009 173 36 sistlidne
1521 1008 158 49 riksdag
1706 1009 168 36 uttalade

269 1062 99 47 åsigt
408 1074 61 23 om
509 1061 278 49 lämpligheten
828 1060 73 37 och
939 1061 229 48 billigheten
1197 1060 40 37 af
1262 1074 48 23 en
1336 1060 264 49 begränsning
1627 1060 12 36 i
1667 1059 75 38 den
1769 1060 107 36 kom-

267 1112 153 36 munala
459 1117 208 31 rösträtten
707 1114 49 47 på
795 1111 144 48 landet,
972 1111 58 37 får
1063 1111 200 38 Utskottet
1289 1111 129 48 likväl,
1446 1114 50 46 på
1522 1124 50 23 nu
1601 1110 151 37 anfördt
1781 1111 94 48 skäl,

266 1163 214 46 hemställa,

772 1269 54 31 att
864 1264 241 36 motionerna
1158 1263 59 37 för
1259 1263 237 37 närvarande
1537 1263 85 37 icke
1664 1267 60 33 må
1765 1264 114 36 vinna

670 1315 241 49 Riksdagens
939 1314 117 38 bifall.

404 1417 223 37 Stockholm
656 1418 74 36 den
762 1420 43 34 19
834 1417 107 50 April
972 1419 106 34 1883.

780 1519 50 37 På
857 1519 319 49 Lag-Utskottets
1205 1524 159 43 vägnar:

829 1621 137 36 AXEL
994 1609 316 48 BERGSTRÖM.

397 1825 143 37 Herrar
580 1824 143 38 Grefve
756 1826 151 35 Mörner
941 1823 73 37 och
1048 1822 142 37 Grefve
1222 1823 187 50 Strömfelt
1436 1822 114 37 hafva
1577 1824 137 48 begärt
1740 1823 37 36 få
1804 1823 69 36 här

264 1876 248 47 antecknadt,
545 1881 55 31 att
631 1876 46 36 de
710 1879 49 45 på
785 1874 125 50 grund
939 1874 41 36 af
1003 1874 173 37 erhållen
1203 1873 179 49 ledighet
1407 1873 83 37 från
1517 1874 355 49 riksdagsgöromå-

262 1927 63 37 len
352 1927 86 37 icke
467 1927 161 48 deltagit
654 1927 12 35 i
694 1925 179 37 ärendets
902 1925 238 48 behandling
1166 1925 106 36 inom
1300 1924 209 37 Utskottet.

676 2279 203 52 STOCKHOLM,
900 2282 36 36 Pr.
963 2298 27 19 A.
1015 2296 128 21 NYMANS
1168 2296 167 27 TRYCKERLN
1364 2297 86 21 1883.
