1885 2839
266 162 19 30 2
555 160 405 39 Bevillningsutskottets
975 159 219 31 betänkande
1208 169 43 21 nr
1268 160 39 30 14
1321 160 39 30 år
1376 160 84 30 1970

427 240 225 37 (Nuvarande
672 241 147 41 lydelse)

266 305 103 31 lande
394 305 140 40 stadgar
557 306 60 30 äro
643 305 159 41 skyldiga
826 307 49 29 att
898 314 84 22 vara

266 351 237 35 medlemmar,
520 351 236 40 sjömanshus,
771 351 132 40 kyrkor
917 350 65 31 och

267 396 242 31 trossamfund
525 406 74 20 som
614 406 98 21 avses
726 397 11 30 i
752 397 40 30 53
809 396 16 37 8
852 397 6 29 I
875 405 105 21 mom.

265 441 48 35 e),
328 440 417 39 sjukvårdsinrättningar
758 441 112 31 vilkas
884 441 97 31 verk-

265 486 134 30 samhet
414 486 30 41 ej
460 486 158 31 bedrives
632 487 11 30 i
657 487 196 40 vinstsyfte,
867 487 115 30 barm-

266 531 431 41 härtighetsinrättningar
728 534 90 28 samt
851 531 131 31 sådana

268 576 165 31 stiftelser
452 577 65 30 och
536 577 201 40 föreningar
758 586 74 22 som
853 586 98 21 avses
968 577 12 30 i

265 622 241 39 nyssnämnda
543 623 146 39 lagrum,
728 623 115 30 därest
877 623 104 39 bygg-

266 667 155 30 naderna
440 668 60 30 äro
518 668 151 30 avsedda
685 668 56 30 för
756 668 157 30 nämnda
929 668 52 30 in-

267 712 217 31 stitutioners
502 713 224 30 verksamhet
746 713 115 31 såsom
883 713 97 30 såda-

266 767 54 25 na,
339 758 164 30 ävensom
521 758 119 40 dylika
656 759 240 29 institutioner
912 758 68 30 till-

266 802 121 41 höriga
403 803 179 30 allmänna
597 804 145 40 platser;

1203 242 224 39 (Föreslagen
1448 241 146 40 lydelse)

1041 305 159 40 gällande
1237 306 139 40 stadgar
1412 306 61 31 äro
1509 305 160 41 skyldiga
1704 306 49 30 att

1038 360 84 21 vara
1142 351 229 31 medlemmar
1392 352 92 29 samt
1505 351 250 30 samarbetsor-

1038 405 67 29 gan
1138 396 57 39 för
1227 396 132 30 sådana
1393 396 361 39 sammanslutningar

1037 441 80 30 med
1140 440 165 31 ändamål
1328 442 51 29 att
1402 441 151 40 fullgöra
1577 440 178 41 uppgifter

1038 495 74 21 som
1138 486 105 39 enligt
1266 486 154 30 nämnda
1445 486 142 40 stadgar
1608 486 146 30 ankom-

1038 541 57 20 ma
1137 531 46 40 på
1223 531 417 40 sammanslutningarna,
1685 532 69 40 sjö-

1038 577 180 35 manshus,
1251 577 132 40 kyrkor
1415 577 64 30 och
1509 577 242 31 trossamfund

1040 631 73 21 som
1139 632 97 21 avses
1259 623 12 29 i
1296 622 40 30 53
1363 622 16 37 $
1408 622 14 30 I
1449 631 105 22 mom.
1580 622 48 36 e),
1655 623 98 40 sjuk-

1037 667 342 40 vårdsinrättningar
1396 667 114 31 vilkas
1529 667 223 31 verksamhet

1038 713 30 40 ej
1092 713 158 30 bedrives
1270 713 11 30 i
1303 713 196 40 vinstsyfte,
1521 713 232 40 barmhärtig-

1037 758 315 39 hetsinrättningar
1370 760 89 28 samt
1479 758 132 30 sådana
1630 758 122 30 stiftel-

1039 812 55 21 ser
1111 803 64 30 och
1194 803 202 40 föreningar
1415 812 73 22 som
1508 812 98 22 avses
1623 804 11 30 i
1654 813 98 31 nyss-

1037 848 155 30 nämnda
1208 849 147 38 lagrum,
1373 848 116 30 därest
1505 849 248 39 byggnaderna

1037 893 60 28 äro
1124 893 151 28 avsedda
1300 893 56 29 för
1381 893 155 29 nämnda
1561 893 192 29 institutio-

1034 946 80 21 ners
1127 936 223 31 verksamhet
1365 936 114 31 såsom
1495 936 141 36 sådana,
1651 937 102 30 även-

1039 991 74 21 som
1148 982 120 39 dylika
1300 982 242 30 institutioner
1575 982 177 40 tillhöriga

1039 1027 178 29 allmänna
1230 1027 145 40 platser;

309 1071 30 34 f)
369 1073 249 38 regementens,
633 1071 266 30 officerskårers
912 1089 44 3 —
966 1089 45 4 —
1022 1089 45 4 —
1080 1071 151 31 avsedda
1244 1071 209 41 byggnader.

308 1116 123 30 Därest
446 1117 112 29 under
568 1134 46 4 —
623 1134 46 4 —
680 1134 45 4 —
738 1116 229 40 fastighetens
980 1117 116 30 värde.

307 1161 93 30 Från
416 1160 203 42 skatteplikt
632 1179 44 3 —
689 1179 44 3 —
745 1179 44 3 —
803 1161 221 30 ecklesiastik
1036 1161 307 40 boställsordning.

961 1259 41 31 53
1029 1259 28 38 8.

309 1314 16 29 1
352 1323 35 20 m
401 1315 93 29 om.!
521 1313 203 40 Skyldighet
739 1315 49 28 att
801 1331 45 4 —
856 1331 45 4 —
911 1331 46 3 —
970 1323 42 21 av
1025 1314 143 35 rörelse;

307 1359 38 34 d)
369 1359 207 34 akademier,
595 1358 282 30 Nobelstiftelsen
891 1360 88 28 samt

264 1403 172 30 stiftelsen
461 1404 74 38 Dag
560 1403 306 40 Hammarskjölds
891 1403 88 29 Min-

263 1448 159 35 nesfond,
448 1448 37 30 så
508 1449 65 29 ock
598 1448 179 30 allmänna
799 1448 180 30 undervis-

259 1493 198 39 ningsverk,
474 1493 131 30 sådana
621 1492 358 40 sammanslutningar

264 1547 42 20 av
338 1538 211 29 studerande
579 1537 59 31 vid
669 1537 109 30 rikets
809 1537 170 30 universi-

262 1584 49 28 tet
337 1582 65 30 och
427 1582 188 40 högskolor
640 1582 11 30 i
675 1582 96 31 vilka
796 1582 42 30 de
864 1582 114 30 stude-

264 1627 109 30 rande
406 1627 107 39 enligt
548 1627 160 39 gällande
744 1628 140 39 stadgar
918 1627 60 30 äro

264 1672 159 39 skyldiga
452 1673 49 28 att
529 1681 85 21 vara
641 1671 238 36 medlemmar,
910 1672 69 39 sjö-

262 1716 181 35 manshus,
479 1717 149 29 svenska
663 1716 316 40 skeppshypoteks-

262 1761 140 35 kassan,
424 1761 263 40 skeppsfartens
708 1761 271 30 sekundärlåne-

262 1806 114 34 kassa,
392 1806 329 34 norrlandsfonden,
737 1806 241 31 malmfonden

262 1850 56 30 för
344 1850 218 39 forsknings-
589 1850 65 30 och
680 1851 299 39 utvecklingarbe-

262 1897 42 32 te,
329 1895 255 40 järnkontoret,
612 1895 38 30 så
672 1896 101 38 länge
797 1896 180 29 kontorets

261 1940 207 30 vinstmedel
483 1940 179 30 användas
675 1940 53 30 till
743 1941 145 29 allmänt
902 1941 76 39 nyt-

261 1984 71 40 tiga
351 1984 164 30 ändamål
534 1985 65 30 och
617 1985 161 30 kontoret
797 1986 77 29 icke
892 1986 85 29 läm-

262 2038 64 21 nar
351 2030 183 39 utdelning
559 2029 34 30 åt
621 2030 76 30 sina
723 2030 167 39 delägare,
918 2030 60 30 ak-

261 2074 184 40 tiebolaget
479 2074 193 41 tipstjänst,
712 2075 148 30 svenska
896 2084 82 31 pen-

261 2119 236 39 ninglotteriet
545 2119 205 40 aktiebolag,
800 2120 177 30 allmänna

261 2163 309 40 pensionsfonden,
609 2164 178 30 allmänna
823 2165 155 39 sjukför-

263 2208 303 40 säkringsfonden,
643 2209 336 40 <pensionsstiftelser

263 2262 74 21 som
362 2262 98 21 avses
483 2254 10 28 i
517 2254 101 38 lagen
642 2263 55 20 om
721 2255 191 38 tryggande
936 2264 42 20 av

261 2298 351 40 pensionsutfästelse
639 2308 46 20 m.
713 2308 56 25 m.,
800 2299 178 30 allmänna

263 2342 354 40 försäkringskassor,
696 2343 283 30 :understödsför-

263 2387 153 39 eningar,
438 2396 74 21 som
531 2387 77 30 icke
626 2388 142 29 bedriva
786 2388 54 29 till
858 2388 120 30 livför-

263 2432 143 39 säkring
433 2431 178 40 hänförlig
639 2432 233 36 verksamhet,
902 2442 75 31 per-

263 2476 267 30 sonalstiftelser
552 2485 74 21 som
649 2486 97 20 avses
766 2477 11 29 i
798 2478 100 38 lagen
919 2487 57 20 om

295 2542 8 13 1
324 2542 114 23 Senaste
451 2541 103 30 lydelse
569 2541 75 24 1969:
659 2542 58 24 749,

1081 1359 38 35 d)
1140 1359 207 35 akademier,
1364 1359 283 30 Nobelstiftelsen
1664 1361 88 28 samt

1037 1403 172 30 stiftelsen
1234 1404 74 39 Dag
1332 1403 307 41 Hammarskjölds
1664 1404 88 30 Min-

1036 1448 159 35 nesfond,
1221 1448 37 30 så
1282 1448 66 31 ock
1371 1449 178 30 allmänna
1572 1448 180 31 undervis-

1036 1493 198 39 ningsverk,
1262 1493 131 30 sådana
1419 1494 333 39 sammanslutning-

1037 1547 38 20 ar
1099 1547 42 20 av
1166 1538 209 30 studerande
1399 1539 59 29 vid
1481 1539 109 29 rikets
1616 1538 135 30 univer-

1038 1582 77 30 sitet
1137 1582 65 31 och
1221 1582 188 40 högskolor
1428 1583 11 30 i
1458 1583 97 31 vilka
1574 1583 42 30 de
1637 1583 114 30 stude-

1037 1628 108 29 rande
1180 1628 105 38 enligt
1320 1628 161 39 gällande
1515 1628 141 40 stadgar
1691 1629 60 29 äro

1037 1671 159 40 skyldiga
1221 1674 49 28 att
1295 1682 86 20 vara
1404 1673 230 30 medlemmar
1660 1674 90 28 samt

1036 1716 303 39 samarbetsorgan
1356 1716 56 40 för
1427 1716 132 31 sådana
1576 1726 175 21 samman-

1036 1760 198 40 slutningar
1250 1761 80 29 med
1348 1761 166 30 ändamål
1531 1763 51 29 att
1599 1761 151 40 fullgöra

1037 1805 177 40 uppgifter
1240 1815 74 21 som
1344 1806 106 39 enligt
1475 1806 156 30 nämnda
1658 1806 93 31 stad-

1035 1858 61 31 gar
1125 1850 189 30 ankomma
1343 1850 45 41 på
1417 1850 334 40 sammanslutning-

1035 1904 96 27 arna,
1162 1896 236 39 sjömanshus,
1430 1897 150 29 svenska
1609 1897 141 40 skepps-

1035 1940 313 40 hypotekskassan,
1394 1941 263 40 skeppsfartens
1701 1951 49 21 se-

1036 1985 335 35 kundärlånekassa,
1420 1986 329 36 norrlandsfonden,

1035 2030 242 30 malmfonden
1298 2031 55 30 för
1373 2030 218 40 forsknings-
1612 2032 65 29 och
1698 2033 52 28 ut-

1035 2075 305 40 vecklingsarbete,
1398 2075 254 40 järnkontoret,
1713 2075 36 31 så

1035 2120 101 39 länge
1150 2121 181 29 kontorets
1346 2120 208 31 vinstmedel
1571 2121 178 30 användas

1033 2165 53 29 till
1102 2165 144 29 allmänt
1261 2165 134 39 nyttiga
1409 2165 164 30 ändamål
1587 2166 64 30 och
1665 2167 85 29 kon-

1035 2210 88 29 toret
1147 2209 77 30 icke
1248 2209 137 30 lämnar
1409 2210 183 40 utdelning
1615 2210 33 30 åt
1674 2210 76 30 sina

1035 2254 169 39 delägare,
1266 2255 230 39 aktiebolaget
1556 2256 192 39 tipstjänst,

1037 2299 149 29 svenska
1211 2299 305 39 penninglotteriet
1545 2300 204 39 aktiebolag,

1036 2343 178 30 allmänna
1237 2343 308 40 pensionsfonden,
1573 2345 177 29 allmänna

1036 2388 446 39 sjukförsäkringsfonden,
1506 2389 244 39 pensionsstif-

1035 2433 104 29 telser
1169 2442 73 20 som
1274 2442 97 21 avses
1400 2433 11 30 i
1442 2434 100 39 lagen
1571 2442 56 22 om
1656 2436 93 38 tryg-

1035 2478 110 38 gande
1174 2487 40 20 av
1241 2478 350 39 pensionsutfästelse
1618 2488 45 20 m.
1692 2489 57 24 m.,
