2183 2660
665 131 233 43 Lagutskottets
920 132 163 32 utlåtande
1105 133 53 31 Nr
1180 134 54 31 23.
1688 137 17 29 7

270 221 119 37 Sedan
430 221 137 48 Kungl.
609 220 107 49 Maj:t
755 221 71 37 den
868 223 19 34 5
924 222 148 47 januari
1106 224 94 35 1906
1235 226 38 32 åt
1301 222 172 37 cheferna
1500 222 57 37 för
1583 225 165 47 general-

137 273 127 36 staben
304 273 68 36 och
412 272 59 36 för
511 273 149 35 flottans
702 273 79 36 stab
816 273 200 49 uppdragit
1043 278 55 31 att
1124 275 13 34 i
1165 273 144 36 samråd
1338 275 168 35 utarbeta
1533 279 53 31 ett
1610 273 139 51 förslag

136 325 59 35 till
236 324 171 36 samfälld
447 325 87 47 plan
574 323 58 37 för
671 325 113 35 rikets
812 324 152 45 försvar,
993 324 147 49 afgåfvo
1168 325 161 35 nämnda
1357 324 124 37 chefer
1509 326 70 35 den
1609 328 44 34 18
1682 327 66 35 ok-

136 376 106 35 tober
275 377 104 42 1906,
409 374 164 37 förutom
601 374 140 49 förslag
767 375 58 36 till
853 376 113 35 sådan
994 375 170 36 samfälld
1191 377 98 47 plan,
1318 377 120 35 tillika
1461 382 53 31 ett
1532 376 140 50 förslag
1689 378 59 35 till

135 429 71 45 lag
236 440 60 22 om
326 426 138 35 ändrad
495 427 141 48 lydelse
663 427 40 35 af
731 427 99 35 vissa
857 427 102 35 delar
986 426 39 36 af
1049 428 327 47 värnpliktslagen,
1406 429 11 34 i
1446 428 137 35 hvilket
1610 428 139 48 förslag

135 477 59 37 för
234 477 188 36 ordnande
463 476 40 37 af
539 475 241 38 förevarande
808 477 267 48 angelägenhet
1102 477 176 49 föreslogs
1307 483 54 30 att
1388 491 85 23 man
1501 480 119 34 skulle
1647 481 100 34 inom

137 529 69 35 den
248 527 222 37 föreskrifna
510 529 145 46 längsta
690 528 375 49 tjänstgöringstiden
1105 529 143 48 reglera
1288 529 43 35 de
1359 530 79 35 icke
1465 529 218 48 vapenföras
1711 530 40 37 af

136 581 99 34 olika
262 580 205 47 kategorier
494 580 250 47 tjänstgöring
769 591 134 34 genom
932 584 62 38 att,
1024 580 66 35 där
1110 581 203 46 tillgången
1337 579 205 50 öfverstege
1563 580 185 46 behofvet,

136 631 14 35 i
178 630 258 36 motsvarande
463 630 92 47 grad
583 631 144 34 afkorta
754 631 309 48 tjänstgöringen.

276 683 92 34 1907
399 684 57 33 års
483 682 424 48 generalskommission,
935 682 109 35 hvars
1071 681 228 49 behandling
1327 682 119 36 denna
1466 681 104 50 fråga
1589 682 160 37 därefter

138 732 280 44 underställdes,
461 732 148 50 yttrade
648 732 228 37 beträffande
917 732 120 36 denna
1072 732 114 49 fråga,
1216 738 52 30 att
1300 733 296 49 tjänstgöringen
1624 734 124 45 borde,

139 784 118 37 såvidt
296 785 160 47 anginge
497 784 343 44 militärarbetarna,
870 784 132 35 ordnas
1035 784 13 35 i
1075 784 265 47 hufvudsaklig
1367 784 382 37 öfverensstämmelse

139 835 84 36 med
250 835 62 35 det
338 835 151 48 förslag,
519 847 77 23 som
626 834 168 49 afgifvits
822 834 40 36 af
878 835 220 35 kommittén
1117 835 188 46 angående
1323 836 80 35 icke
1422 836 200 47 vapenföra
1644 844 106 28 värn-

139 887 173 47 pliktigas
338 886 200 48 uttagning
557 886 68 35 och
645 887 258 47 tjänstgöring.
946 885 281 36 Yrkesmännen
1250 887 67 35 och
1338 886 287 37 skrifbiträdena
1639 887 111 36 bland

139 937 45 36 de
210 938 78 35 icke
317 937 199 48 vapenföra
543 938 250 47 värnpliktiga
820 937 113 35 borde
961 937 164 36 däremot
1149 937 137 35 erhålla
1304 938 75 35 lika
1397 939 87 46 lång
1501 938 250 49 tjänstgöring

139 1001 77 23 som
245 989 44 35 de
318 987 201 50 vapenföra
544 990 88 33 eller
656 989 115 47 enligt
799 989 473 47 generalskommissionens
1301 988 140 47 förslag
1469 990 70 34 365
1569 989 124 48 dagar.

275 1039 15 35 I
335 1052 140 22 samma
519 1039 167 47 riktning
727 1039 163 35 uttalade
930 1040 56 46 sig
1029 1040 93 34 1907
1165 1042 58 32 års
1264 1038 364 45 försvarskommitté,
1672 1053 77 22 som

139 1089 206 36 emellertid
398 1088 172 49 föreslog,
625 1094 53 31 att
733 1090 139 35 antalet
923 1090 385 48 tjänstgöringsdagar
1347 1089 58 36 för
1445 1091 305 35 militärarbetare

140 1141 117 35 skulle
298 1145 110 31 sättas
448 1141 58 34 till
551 1142 68 34 182
662 1145 93 31 samt
795 1145 63 39 att,
900 1139 59 36 för
989 1140 206 35 beredande
1224 1140 39 36 af
1288 1141 194 48 möjlighet
1510 1146 53 30 att
1589 1142 12 34 i
1629 1145 121 43 någon

139 1195 86 32 mån
253 1192 167 47 utjämna
448 1192 138 34 antalet
613 1191 308 36 militärarbetare
948 1192 135 34 mellan
1112 1192 98 34 olika
1237 1195 50 40 år,
1316 1192 291 47 tjänstgöringen
1633 1193 118 35 skulle

138 1243 127 35 kunna
305 1241 181 49 fullgöras
527 1243 177 47 antingen
730 1243 13 34 i
772 1255 45 22 en
844 1241 92 48 följd
964 1242 84 36 med
1079 1243 130 46 början
1237 1242 118 36 under
1382 1241 115 37 första
1524 1244 89 35 eller
1636 1243 116 36 andra

141 1297 78 32 året
259 1294 90 35 eller
389 1293 83 35 med
513 1306 45 22 en
594 1292 116 37 första
742 1294 68 34 och
842 1306 44 22 en
919 1293 115 35 andra
1062 1294 247 48 tjänstgöring
1338 1294 116 35 under
1482 1294 45 35 de
1555 1299 55 30 tre
1637 1293 115 36 första

139 1348 100 41 åren,
282 1344 150 36 hvarvid
464 1344 44 35 de
536 1345 265 47 värnpliktigas
830 1356 92 35 egna
949 1345 224 45 önskningar
1201 1344 112 36 borde
1341 1347 38 33 så
1405 1346 105 46 långt
1538 1346 63 34 ske
1629 1345 122 35 kunde

141 1403 89 28 röna
269 1395 330 47 tillmötesgående.
671 1395 14 36 I
725 1396 116 34 likhet
881 1395 84 36 med
1006 1396 457 47 generalskommissionen
1505 1399 112 42 ansåg
1649 1397 102 34 kom-

141 1447 140 37 mittén,
324 1451 52 30 att
403 1447 198 48 yrkesmän
627 1446 67 36 och
723 1445 265 37 skrifbiträden
1016 1446 112 36 borde
1156 1447 166 47 undergå
1348 1447 127 48 längre
1502 1447 250 48 tjänstgöring

140 1506 46 28 än
214 1498 333 35 militärarbetarna
574 1497 67 36 och
670 1496 194 38 förordade
892 1511 45 22 en
956 1497 328 48 tjänstgöringstid
1304 1497 56 36 för
1378 1498 105 35 dessa
1502 1498 250 48 värnpliktiga

141 1549 39 36 af
205 1551 71 34 365
306 1549 123 47 dagar.

276 1600 51 35 På
367 1599 230 48 grundvalen
624 1598 40 36 af
690 1598 229 37 sistnämnda
945 1598 139 49 förslag
1111 1599 86 35 aflät
1225 1598 135 49 Kungl.
1390 1598 105 48 Maj:t
1523 1600 230 47 proposition

141 1651 58 35 till
246 1652 93 34 1911
383 1653 57 32 års
484 1650 161 48 riksdag,
687 1650 80 35 däri
807 1649 177 49 föreslogs
1028 1650 114 35 bland
1187 1655 120 38 annat,
1354 1655 52 30 att
1446 1651 306 35 militärarbetare

142 1702 118 35 skulle
300 1702 205 47 tjänstgöra
544 1702 13 34 i
597 1701 271 48 sammanlagdt
910 1703 68 34 182
1020 1701 124 48 dagar,
1185 1701 150 36 hvilken
1363 1702 246 47 tjänstgöring
1637 1702 115 35 skulle

140 1752 181 48 fullgöras
358 1753 177 47 antingen
567 1753 13 34 i
621 1765 44 22 en
706 1751 93 48 följd
839 1752 83 35 med
962 1752 130 47 början
1121 1752 118 35 under
1266 1751 114 36 första
1408 1754 88 33 eller
1523 1752 113 35 andra
1676 1755 77 32 året

143 1804 89 34 eller
272 1802 82 36 med
396 1815 45 22 en
482 1802 116 36 första
625 1802 66 35 och
721 1816 44 22 en
793 1802 113 36 andra
932 1803 250 47 tjänstgöring
1209 1802 117 36 under
1353 1803 45 35 de
1425 1809 56 29 tre
1510 1802 114 36 första
1650 1806 101 40 åren;

143 1859 95 30 samt
265 1859 55 30 att
348 1866 119 23 annan
494 1854 80 35 icke
601 1852 177 50 vapenför
806 1854 116 35 skulle
950 1854 206 47 tjänstgöra
1181 1854 13 35 i
1222 1853 60 36 det
1303 1854 99 35 antal
1432 1853 123 48 dagar,
1585 1866 79 23 som
1691 1866 62 23 en-

143 1906 70 47 ligt
252 1917 52 23 nu
344 1904 172 48 gällande
557 1905 275 35 bestämmelser
863 1917 87 23 vore
982 1904 232 36 föreskrifvet
1241 1904 58 36 för
1325 1904 178 49 vapenför
1530 1905 224 47 värnpliktig

143 1955 64 36 vid
233 1955 249 48 vederbörligt
514 1957 196 46 truppslag
741 1954 40 36 af
809 1956 113 34 hären
953 1956 87 34 eller
1071 1956 62 35 vid
1160 1956 142 43 flottan,
1331 1955 149 36 hvilken
1506 1956 248 47 tjänstgöring

144 2007 118 36 skulle
290 2005 180 48 fullgöras
498 2007 12 34 i
539 2019 44 23 en
611 2005 94 48 följd
734 2006 84 36 med
836 2006 130 48 början
994 2006 118 35 under
1140 2005 115 37 första
1283 2007 89 35 eller
1391 2006 114 36 andra
1524 2009 86 33 året.
1637 2006 116 35 Värn-

143 2058 146 47 pliktig,
331 2070 77 23 som
439 2056 210 37 inskrifvits
678 2060 118 32 såsom
823 2056 179 49 vapenför
1032 2070 83 22 men
1143 2057 208 36 sedermera
1379 2057 189 35 befunnits
1596 2057 79 35 icke
1693 2070 61 22 va-

144 2108 143 49 penför,
329 2109 119 34 skulle
487 2121 87 23 vara
613 2108 147 49 skyldig
791 2113 54 43 att
872 2108 203 48 tjänstgöra
1102 2108 118 35 under
1248 2107 69 36 den
1346 2108 65 44 tid,
1441 2121 77 23 som
1547 2107 207 49 föreslagits

143 2158 231 37 beträffande
398 2159 305 36 militärarbetare
723 2159 89 36 eller
835 2159 114 35 andra
967 2159 79 36 icke
1064 2158 211 50 vapenföra,
1295 2158 244 37 allteftersom
1559 2159 71 35 den
1648 2166 106 29 värn-

144 2211 154 48 pliktige
338 2211 145 35 komme
524 2215 53 31 att
608 2209 173 37 hänföras
810 2211 58 35 till
896 2210 70 36 den
994 2223 68 23 ena
1089 2212 88 34 eller
1204 2210 116 35 andra
1346 2209 39 36 af
1407 2210 104 36 dessa
1536 2211 217 46 kategorier.
