2218 2689
207 2101 133 24 Utskottet.

410 160 19 32 2
813 155 340 35 Jordbruksutskottets
1175 153 163 34 utlåtande
1362 152 51 33 Nr
1437 153 72 32 112.

386 246 54 32 att
468 239 194 38 förhindra
690 244 54 31 att
772 241 41 34 så
841 238 97 47 sker,
968 251 61 23 om
1058 238 118 48 några
1205 238 40 34 år
1273 248 91 24 vara
1393 241 53 30 ett
1475 234 77 37 helt
1580 233 146 49 vanligt
1754 231 222 51 byggnads-

386 294 152 37 kvarter
565 293 12 36 i
606 291 152 39 stadens
785 290 146 38 utkant.

515 347 58 36 Av
614 359 46 24 en
701 343 228 39 intresserad
956 343 152 50 geolog,
1136 342 127 37 rektor
1292 341 42 38 O.
1364 341 151 37 Bobeck
1542 339 63 37 vid
1633 338 139 38 Eslövs
1801 337 175 50 folkhög-

387 400 117 48 skola,
534 405 96 31 samt
660 412 45 22 av
733 398 191 49 professor
952 399 43 33 A.
1025 395 166 49 Hennig,
1234 408 81 24 som
1355 393 205 37 undersökt
1587 392 160 50 platsen,
1775 390 202 50 uppmärk-

387 452 196 50 samgjord
623 454 48 46 på
703 451 117 47 faran,
850 450 68 36 har
945 463 51 23 nu
1026 448 143 37 Skånes
1196 445 448 51 Naturskyddsförening
1672 445 12 35 i
1712 443 181 38 skrivelse
1920 442 58 37 till

387 505 136 37 Eslövs
552 503 342 49 stadsfullmäktige
922 501 193 38 hemställt
1143 506 55 32 att
1225 498 290 52 ifrågavarande
1544 497 150 38 område
1722 499 116 34 måtte
1862 508 116 25 reser-

387 572 107 23 veras
537 571 79 23 som
655 555 309 51 skyddsområde,
1005 554 158 37 likställt
1199 553 83 37 med
1316 551 274 50 nationalpark.
1646 549 138 38 Oaktat
1812 548 167 37 området

387 614 48 47 på
463 610 124 51 grund
616 624 45 23 av
691 610 45 36 de
765 614 72 31 tätt
864 608 96 37 intill
987 607 186 37 varandra
1201 605 181 50 liggande
1409 602 295 39 moränblocken
1727 601 84 38 icke
1835 601 145 49 lämpar

388 664 60 49 sig
476 677 81 24 som
585 661 307 52 promenadplats
922 661 70 37 och
1020 660 157 37 sålunda
1204 659 82 37 icke
1314 658 75 37 kan
1416 657 135 37 tänkas
1580 656 92 49 fylla
1691 657 118 46 något
1829 654 151 37 stadens

386 717 125 36 behov
552 730 47 21 av
637 729 46 22 en
710 715 95 48 park
832 715 13 34 i
872 713 131 48 vanlig
1032 712 243 47 bemärkelse,
1305 714 40 33 så
1372 711 67 35 har
1469 709 95 36 dock
1593 706 347 48 stadsfullmäktige
1969 706 12 35 i

387 767 116 38 Eslöv
532 767 85 37 med
645 765 306 38 erkännansvärd
979 764 117 51 pietet
1124 764 58 36 för
1211 762 119 51 själva
1358 760 224 48 ändamålet,
1611 758 231 38 bevarandet
1862 771 46 23 av
1928 763 53 31 ett

388 819 391 38 naturminnesmärke
810 832 56 40 av
907 817 214 49 oersättligt
1161 816 127 47 värde,
1319 815 163 48 anslagit
1511 814 111 47 6,000
1651 812 139 37 kronor
1818 810 55 38 till
1903 823 77 24 om-

388 873 126 36 rådets
542 871 227 51 inköpande.
798 873 153 47 Ågarne
980 875 63 31 äro
1073 868 205 38 emellertid
1306 868 82 36 icke
1416 866 132 48 villiga
1569 870 55 32 att
1644 867 105 34 avstå
1770 864 211 36 detsamma

388 926 61 37 för
476 925 107 49 lägre
611 924 138 50 belopp
779 928 47 32 än
857 924 135 47 18,000
1020 922 152 47 kronor,
1201 921 57 36 för
1286 920 118 36 vilket
1432 919 78 49 pris
1539 918 62 37 det
1627 918 161 36 lämnats
1811 918 49 48 på
1879 914 101 37 hand

389 978 120 36 under
537 983 53 31 ett
618 978 106 35 halvt
753 979 50 34 år.
858 967 174 45 Återstår
1061 974 107 37 alltså
1199 974 136 48 12,000
1366 972 148 36 kronor.

519 1031 61 36 Nu
604 1030 167 48 framgår
792 1043 45 23 av
855 1027 181 50 bifogade
1055 1028 111 48 intyg
1187 1050 45 5 —
1252 1026 128 36 rektor
1401 1023 168 38 Bobecks
1590 1021 196 49 skrivelse,
1808 1020 173 37 Skånska

389 1082 512 51 Naturskyddsföreningens
929 1080 181 38 skrivelse
1139 1085 98 31 samt
1265 1077 219 38 utlåtanden
1513 1089 46 23 av
1579 1076 56 36 d:r
1654 1074 172 37 Leonard
1850 1073 131 37 Holm-

391 1141 115 31 ström
548 1138 20 33 å
608 1135 112 36 Vilan
762 1134 71 37 och
873 1132 283 52 professorerna
1198 1130 173 38 Gerhard
1408 1129 54 37 De
1492 1128 109 47 Geer,
1631 1128 45 36 A.
1708 1126 46 37 G.
1784 1126 196 46 Nathorst,

392 1188 157 37 Gunnar
577 1187 222 37 Andersson
827 1188 70 34 och
923 1186 87 36 Joh.
1042 1185 86 36 Chr.
1159 1183 160 48 Moberg
1333 1204 50 5 —
1399 1187 53 31 att
1471 1182 63 35 det
1552 1180 59 36 till
1630 1180 115 51 inköp
1766 1178 216 48 föreslagna

391 1240 170 37 området
602 1240 163 36 förutom
803 1239 66 36 sitt
896 1238 116 37 värde
1041 1250 79 23 som
1151 1233 389 39 naturminnesmärke
1568 1237 109 41 även,
1705 1234 49 46 på
1782 1229 124 51 grund
1936 1243 47 23 av

392 1293 58 36 sin
490 1292 228 37 instruktiva
758 1290 263 38 beskaffenhet
1062 1289 70 37 och
1173 1288 65 37 sitt
1265 1287 85 36 från
1377 1285 108 37 Lund
1514 1285 69 37 lätt
1612 1283 246 49 tillgängliga
1884 1282 97 49 läge,

392 1351 41 30 är
462 1358 46 23 av
536 1351 78 30 stor
642 1344 192 49 betydelse
862 1344 58 36 för
948 1343 72 36 den
1039 1340 225 51 geologiska
1281 1338 325 48 undervisningen
1625 1337 64 36 vid
1710 1335 271 37 universitetet.

391 1397 78 36 Här
497 1397 206 48 föreligger
731 1396 107 36 alltså
868 1401 52 31 ett
947 1394 170 49 verkligt
1140 1392 258 37 statsintresse
1418 1391 12 35 i
1451 1396 53 30 att
1522 1388 291 49 ifrågavarande
1833 1386 151 37 område

392 1449 71 37 blir
501 1449 137 37 avskilt
670 1448 71 37 och
776 1448 174 50 skyddat,
980 1446 71 37 och
1080 1445 46 37 då
1154 1445 73 37 den
1255 1443 170 38 enskilda
1453 1440 318 50 offervilligheten
1799 1440 82 36 icke
1909 1439 75 36 kan

392 1501 136 37 tänkas
556 1501 55 37 till
640 1504 127 46 någon
795 1505 120 32 större
945 1499 59 37 del
1033 1498 158 49 bidraga
1219 1496 136 47 härtill,
1385 1499 40 33 så
1444 1495 119 36 finnes
1583 1494 119 48 ingen
1722 1505 124 24 annan
1865 1495 119 45 utväg

394 1559 48 31 än
470 1560 55 30 att
553 1558 123 32 staten
704 1553 127 36 träder
860 1553 158 36 emellan
1046 1551 56 36 till
1131 1549 167 50 fyllande
1327 1562 46 22 av
1401 1548 189 49 beloppet.

521 1606 17 36 I
567 1605 223 49 anslutning
817 1604 57 37 till
903 1603 252 37 ovanstående
1184 1602 71 36 och
1283 1600 85 36 med
1389 1600 84 36 stöd
1493 1613 46 22 av
1559 1599 67 35 här
1644 1597 183 49 bifogade
1846 1596 140 47 utdrag

394 1673 45 21 av
480 1658 135 37 Eslövs
657 1657 363 48 stadsfullmäktiges
1051 1654 188 50 protokoll
1268 1658 97 31 samt
1393 1651 265 37 förutnämnda
1689 1649 198 37 skrivelser
1915 1648 70 36 och

392 1710 217 37 utlåtanden
639 1710 55 36 får
716 1710 71 48 jag
815 1708 108 37 alltså
950 1707 209 47 hemställa,
1190 1711 55 31 att
1272 1705 219 48 Riksdagen
1519 1703 88 36 ville
1634 1702 145 37 besluta
1808 1706 53 31 att
1881 1701 104 36 anslå

393 1768 53 31 ett
474 1763 137 49 belopp
641 1776 45 23 av
718 1763 136 46 12,000
882 1761 140 36 kronor
1050 1760 56 35 till
1133 1759 115 48 inköp
1279 1771 46 22 av
1357 1757 63 36 det
1448 1756 103 36 inom
1580 1755 117 36 Eslöv
1725 1753 174 49 belägna,
1930 1755 56 34 så-

393 1828 82 23 som
503 1814 389 37 naturminnesmärke
919 1811 232 38 betecknade
1180 1810 166 36 området
1375 1813 97 32 samt
1497 1807 160 48 avskilja
1676 1807 211 36 detsamma
1906 1817 80 24 som

392 1867 297 49 nationalpark.»

522 1918 240 38 Beträffande
801 1932 45 23 av
876 1917 277 37 motionärerna
1181 1914 210 50 åberopade
1418 1912 229 48 handlingar
1675 1911 139 36 tillåter
1843 1910 60 48 sig
1931 1914 57 30 ut-

395 1972 140 36 skottet
563 1971 158 37 hänvisa
749 1971 57 35 till
834 1970 45 37 de
906 1969 63 37 vid
998 1969 190 36 motionen
1219 1967 136 49 fogade
1382 1966 210 48 bilagorna.

526 2075 194 38 Utskottet
748 2075 184 37 erkänner
960 2073 58 37 för
1046 2073 57 36 sin
1132 2072 59 37 del
1219 2071 56 37 till
1296 2071 90 36 fullo
1406 2068 222 51 betydelsen
1649 2081 46 23 av
1716 2072 54 32 att
1788 2067 101 36 vissa
1909 2079 78 24 om-

394 2128 127 44 råden,
564 2128 122 36 vilkas
730 2126 209 37 bevarande
972 2126 12 36 i
1013 2125 108 37 deras
1148 2123 217 38 nuvarande
1394 2121 110 38 skick
1532 2126 41 31 är
1602 2134 48 22 av
1679 2119 153 37 särskilt
1859 2124 127 30 natur-

394 2180 199 37 historiskt
622 2180 89 36 eller
738 2177 395 49 naturvetenskapligt
1162 2177 171 45 intresse,
1363 2173 181 50 avskiljas
1573 2173 60 36 för
1657 2177 56 31 att
1738 2172 117 48 enligt
1874 2170 46 37 de
1941 2184 46 22 av

394 2232 276 37 motionärerna
698 2231 209 49 åberopade
933 2230 320 48 författningarna
1273 2227 165 50 skyddas
1453 2226 59 37 för
1535 2224 178 37 åverkan.
1742 2223 83 38 Vad
1845 2228 142 32 statens
