2200 2590
644 234 106 34 Stats-
769 232 170 33 Utskottets
969 233 174 32 Utlåtande
1169 233 60 32 N:o
1252 237 44 29 12
1316 246 27 20 a.
1740 238 39 28 59

191 322 94 44 ligen
328 321 85 44 deri,
457 324 54 32 att
551 321 254 44 byggnaderna
837 317 101 46 måst,
973 320 77 33 med
1078 320 138 43 hänsyn
1244 321 55 33 till
1326 320 118 35 derför
1473 322 119 35 endast
1626 324 110 33 delvis
1768 327 50 31 be-

191 372 133 45 viljade
366 373 135 43 anslag,
543 372 213 35 verkställas
789 381 126 34 genom
942 370 88 34 fera
1059 371 173 33 särskilda
1262 372 276 43 entreprenader
1566 374 8 33 i
1605 375 120 33 stället
1752 375 65 43 för,

192 421 112 36 såsom
346 424 166 43 vanligen
552 423 149 43 plägade
744 432 64 33 ega
837 431 87 33 rum,
955 421 11 34 i
995 423 51 32 ett
1074 422 265 44 sammanhang,
1369 433 122 33 genom
1521 424 145 34 hvilken
1696 403 121 56 anord-

190 475 86 43 ning
305 475 139 34 arbetet
471 473 189 44 fördyrats.

321 524 115 35 Sedan
478 524 368 42 Medicinalstyrelsen
888 523 90 34 efter
1019 524 183 33 verkstäld
1243 524 203 44 besigtning
1479 527 186 42 emottagit
1694 527 40 33 de
1763 527 52 34 till

190 577 174 42 styrelsen
406 575 193 34 aflemnade
640 575 332 47 byggnadsdelarna
1014 574 63 34 och
1117 572 45 45 på
1202 576 114 42 grund
1349 575 39 34 af
1412 551 42 58 de
1482 576 60 34 vid
1570 577 245 44 besigtningen

189 628 206 52 förekomna
436 623 243 37 förhållanden
720 625 61 33 hos
823 600 470 59 Öfvertntenden(sembetet
1320 626 168 34 hemstält
1516 637 54 23 om
1598 606 217 65 vidtagande

191 678 40 34 af
250 673 103 39 vissa
387 676 316 44 ändringsarbeten
732 676 64 33 och
824 675 259 44 förbättringar
1111 676 8 33 i
1149 677 152 33 nämnda
1329 678 297 43 byggnadsdelar,
1657 679 66 33 har
1751 690 64 22 em-

189 730 98 33 betet
313 738 48 24 nu
389 728 11 33 i
427 725 282 45 underdånighet
749 726 185 43 Tföreslagit
966 726 274 44 verkställighet
1273 727 40 33 af
1336 727 156 44 följande
1509 725 131 37 sådana
1657 730 157 42 arbeten,

190 780 117 34 derest
334 778 55 34 för
417 778 74 34 dem
522 777 230 44 erforderliga
779 777 113 33 medel
919 777 113 34 varda
1059 776 180 45 anvisade,
1268 778 188 44 nemligen:

192 846 244 43 anbringande
465 845 39 35 af
529 856 41 24 en
599 845 192 34 innandörr
818 844 12 34 i
850 844 312 44 cellafdelningens

239 897 161 34 KOLPICOT
411 927 82 5 mössan
513 893 70 53 ummenmn
602 927 106 5 JSLSIN
726 926 95 7 Bo
920 927 15 3 1
970 927 56 4 SER
1063 927 1 4 3
1083 926 11 5 dä
1097 923 53 8 ....
1194 896 131 33 kronor
1462 898 56 31 65:
1550 916 46 2 —

188 947 228 35 anordnande
445 947 39 34 af
509 957 42 24 en
579 947 54 33 del
660 946 194 43 invändiga
883 945 203 43 celldörrar,
1116 943 38 36 så

240 1001 54 31 att
323 997 176 34 desamma
528 994 55 37 må
610 994 46 46 gå
683 993 79 37 utåt
777 996 371 33 korridoren
992 989 18 55 i
1026 996 122 33 stället

240 1049 65 42 för,
349 1048 109 44 enligt
498 1048 96 34 förut
634 1047 181 34 meddelad
849 1046 199 43 anvisning,
1077 1043 75 37 inåt

239 1078 154 55 cellerna
459 1131 71 3 söt
546 1096 7 52 4
562 1096 10 52 6
591 1130 110 3 noen
760 1128 21 5 AN
789 1128 15 5 ÄR
812 1128 26 5 NR
891 1128 37 4 ns
971 1128 36 4 at
1027 1128 117 4 non
1283 1112 10 10 >
1432 1098 82 33 320:
1548 1117 45 2 —

188 1150 228 43 upptagande
458 1149 39 34 af
533 1147 112 45 nagra
685 1129 199 52 matluckor
924 1146 64 34 och
1029 1144 119 36 titthål
1284 1165 10 8 »
1436 1148 79 32 115:
1547 1167 47 2 —

188 1200 249 44 igensättande
478 1200 77 33 med
592 1196 157 47 jernplåt
790 1197 39 34 af
857 1197 184 43 befintliga
1070 1200 77 40 öpp-

237 1251 129 43 ningar
406 1250 148 34 emellan
583 1248 389 43 värmeledningsrören
1003 1248 63 33 och
1095 1251 49 30 ta-

239 1302 69 33 ken
340 1301 11 34 i
385 1301 152 33 CellelMå
572 1329 572 7 ssessssmsssssrsrsresirerer
993 1297 21 53 sr
1026 1297 44 53 rese
1073 1297 73 53 isenena
1283 1313 10 13 »
1431 1300 82 31 00:
1547 1318 45 2 —

188 1352 267 43 signalapparat
482 1351 59 34 vid
570 1351 244 34 Vattentornet
850 1379 298 5 meesm.eeceeeeec
1285 1364 12 12 »
1437 1350 79 32 100:
1548 1368 46 2 —

187 1405 91 31 samt
297 1398 462 47 kompletteringsätgärder
773 1398 221 35 beträffande
1015 1402 134 30 värme-

236 1455 196 41 apparaten
473 1453 9 32 i
524 1452 94 35 hvad
661 1450 153 44 anginge
854 1449 292 43 uppvärmnings-

237 1506 121 31 rörens
387 1502 222 43 omklädnad,
629 1502 138 42 platsen
787 1500 55 33 för
862 1502 290 40 matarepumpen

238 1554 54 34 till
320 1551 254 45 åNgPannorna
602 1563 43 22 IM.
675 1562 44 23 Mi
743 1581 403 6 oosmessnssnssmnsssn
1284 1563 7 13 ;
1394 1551 120 41 2,000:
1547 1569 46 3 —
1611 1560 20 31 4
1640 1559 92 38 000:
1751 1578 59 12 —

318 1636 221 44 Ytterligare
580 1637 64 33 och
685 1635 107 34 sedan
827 1634 72 33 dels
926 1632 371 44 Medicinalstyrelsen
1322 1633 134 44 jemväl
1483 1634 167 33 hemstält
1679 1644 52 22 om
1760 1636 51 30 ut-

185 1687 173 44 vidgning
398 1687 39 34 af
475 1688 65 33 den
580 1687 55 33 för
667 1685 250 34 korridorerna
949 1684 94 33 inom
1071 1683 269 44 afdelningarne
1368 1683 57 34 III
1453 1685 64 33 och
1545 1683 55 35 VI
1629 1684 182 34 bestämda

186 1738 155 34 bredden
378 1738 76 33 med
497 1748 41 23 en
568 1738 84 33 eller
679 1733 63 37 två
770 1735 63 43 fot,
863 1735 72 33 dels
963 1734 394 43 hospitalsdirektionen
1386 1732 161 43 anhållit,
1578 1737 54 31 att
1659 1735 153 33 nämnda

186 1788 242 44 afdelningars
468 1788 109 34 bredd
608 1785 110 36 måtte
746 1786 86 33 ökas
860 1785 77 33 med
965 1784 69 34 fem
1062 1784 62 41 fot,
1154 1785 231 58 hvarigenom
1413 1785 252 34 korridorerna
1693 1785 118 33 kunde

187 1837 54 35 för
268 1839 243 43 inrymmande
544 1838 39 34 af
608 1837 109 35 ökadt
745 1836 99 33 antal
872 1835 102 44 sjuke
1002 1838 104 40 göras
1134 1833 62 36 två
1224 1835 52 34 fot
1303 1836 148 33 bredare
1480 1836 61 33 och
1570 1846 158 23 rummen
1757 1838 55 31 tre

183 1889 52 34 fot
262 1875 160 58 djupare,
451 1890 66 33 har
545 1860 477 63 Ötverintendentsembetet
1040 1886 198 34 understält
1253 1886 99 33 dessa
1368 1883 168 47 åtgärder
1551 1885 112 34 Eders
1678 1885 132 44 Kongl.

190 1939 128 44 Maj:ts
346 1937 130 46 nådiga
504 1940 166 43 pröfning
695 1938 78 34 med
802 1937 176 42 anmälan,
1008 1938 54 31 att
1089 1937 329 33 kostnadssumman
1446 1937 202 43 derigenom
1668 1937 37 33 ök
1703 1913 107 66 cades,

186 1990 110 43 enligt
336 1989 388 44 Medicinalstyrelsens
763 1987 135 43 förslag
939 1997 53 23 om
1034 1984 63 37 två
1125 1987 70 34 fots
1223 1987 190 43 tillökning
1440 1987 11 33 i
1480 1963 330 67 korridorbredden,

184 2041 78 34 med
290 2042 111 41 4,000
429 2041 131 33 kronor
588 2041 75 42 och,
693 2038 110 44 enligt
831 2036 415 44 hospitalsdirektionens
1273 2037 275 44 framställning,
1579 2038 78 33 med
1676 2040 134 41 10,000

185 2093 141 32 kronor.

313 2140 176 45 Slutligen
516 2142 65 33 har
608 2141 371 44 Medicinalstyrelsen
1006 2142 53 33 uti
1086 2142 54 34 sin
1168 2142 66 34 den
1264 2143 46 33 22
1341 2140 206 45 September
1566 2144 94 32 1882
1678 2139 134 36 aflåtna

185 2192 186 35 skrifvelse
400 2170 182 66 angående
610 2192 125 44 anslag
761 2192 55 34 för
843 2192 332 35 medicinalverkets
1203 2192 108 35 behof
1336 2192 129 43 anfört,
1495 2194 151 32 rörande
1674 2192 137 43 Upsala

185 2243 163 44 hospital,
391 2245 53 32 att
486 2243 107 33 sedan
632 2243 61 34 vid
720 2243 200 43 inspektion
947 2241 21 35 å
995 2243 192 44 hospitalet
1216 2243 237 44 anmärkning
1479 2243 119 35 blifvit
1626 2243 186 34 framstäld

184 2294 168 38 deremot,
382 2296 54 31 att
463 2293 208 43 hospitalets
699 2296 107 32 tvätt-
836 2294 64 33 och
928 2294 294 41 torkinrättning,
1253 2304 71 24 som
1352 2293 55 34 för
1435 2295 207 32 nuvarande
1661 2294 149 41 patient-
