2192 2591
674 217 104 32 Stats-
789 216 179 34 Utskottets
999 218 177 33 Utlåtande
1200 220 63 31 N:o
1285 223 45 28 12
1350 232 29 20 a.
1763 225 37 28 19

208 303 273 44 lönereglering,
525 314 54 24 om
621 302 315 46 åvägabringande
977 305 133 36 hvaraf
1147 306 189 35 skrifvelse
1377 309 100 34 torde
1518 311 87 33 böra
1633 309 126 36 aflåtas
1787 312 55 34 till

207 352 132 45 Kongl.
370 353 120 45 Maj:t,
522 355 131 34 bereda
682 356 77 33 dem
787 355 160 44 tillfällig
973 355 218 46 förbättring
1215 357 13 34 i
1254 360 210 33 nuvarande
1492 360 133 46 vilkor;
1661 363 64 34 och
1752 362 88 35 före-

206 404 123 34 ställer
370 405 54 44 sig
464 404 201 45 Utskottet,
696 408 54 32 att
778 406 59 34 det
874 407 161 34 enklaste
1076 410 111 32 sättet
1226 408 125 35 härför
1381 420 86 24 vore
1496 413 55 33 att
1578 412 56 34 för
1660 414 178 34 nästkom-

204 456 127 33 mande
359 453 40 37 år
427 453 100 37 anslå
555 458 53 32 ett
635 457 136 43 belopp,
800 457 252 44 hvarmedelst,
1081 459 113 34 under
1221 459 261 46 förutsättning
1499 465 55 32 att
1573 464 266 35 vederbörande

205 506 207 34 kommuner
453 504 104 46 åtoge
586 507 54 44 sig
667 510 65 40 att,
762 518 54 24 om
843 509 118 33 lärare
990 510 85 33 eller
1101 510 185 34 lärarinna
1315 511 200 45 oförvitligt
1541 513 12 34 i
1581 514 69 34 fem
1679 512 40 37 år
1739 516 98 34 skött

207 557 53 34 sin
300 557 121 44 tjenst,
468 558 68 33 öka
575 558 105 34 lönen
719 558 55 34 till
819 561 71 33 700
931 560 141 43 kronor,
1115 563 118 32 staten
1261 562 118 34 kunde
1407 563 56 34 till
1492 564 114 35 denna
1634 565 206 46 förhöjning

205 608 149 43 bidraga
382 608 78 33 med
487 605 64 38 två
578 608 226 44 tredjedelar.

339 657 221 45 Härigenom
601 659 113 34 skulle
747 661 42 33 de
816 662 90 32 mest
933 662 199 43 trängande
1161 663 64 33 och
1254 663 158 34 erkända
1440 664 175 36 behofven
1645 666 189 45 afhjelpas,

207 708 64 34 och
298 719 126 33 genom
452 709 220 35 afvaktande
701 710 40 34 af
765 721 43 24 en
836 711 38 34 aft
899 710 132 45 Kongi.
1060 711 111 46 Maj:t
1197 712 240 36 föranstaltad
1451 716 192 44 utredning
1658 717 39 34 af
1708 715 129 47 frågan

201 759 12 34 i
241 759 77 34 dess
351 760 121 34 helhet
503 760 114 34 skulle
645 761 75 34 helt
751 762 89 34 visst
868 772 43 24 en
938 762 55 34 för
1020 760 38 36 så
1079 764 60 33 väl
1166 764 332 43 lärarepersonalen
1533 777 72 24 som
1633 767 205 47 folkskolan

204 810 11 33 i
244 810 78 34 dess
350 810 121 34 helhet
498 821 97 23 mera
624 811 331 35 tillfredsställande
982 813 139 44 lösning
1150 814 40 34 af
1215 815 66 33 den
1310 818 97 31 stora
1435 814 128 46 frågan
1592 818 137 35 vinnas.

329 860 87 35 Med
455 861 146 44 ledning
634 862 41 33 af
704 863 41 33 de
773 863 11 33 i
811 863 178 34 motionen
1029 864 162 35 lemnade
1231 866 184 43 uppgifter
1442 867 66 34 har
1535 867 191 37 Utskottet
1754 871 83 34 sökt

204 911 155 34 uträkna
387 912 61 34 det
479 913 136 42 belopp,
633 923 73 23 som
734 914 113 33 skulle
876 914 177 34 erfordras
1081 915 56 34 för
1164 913 315 38 åstadkommande
1507 919 40 33 af
1572 919 263 37 ofvanberörda

202 961 180 44 tillfälliga
423 962 310 45 löneförbättring,
780 961 38 36 så
858 964 77 35 vidt
976 965 66 34 den
1074 965 95 34 afser
1202 969 136 32 statens
1376 967 127 45 bidrag
1534 969 54 34 till
1616 970 152 44 höjande
1798 973 40 33 af

201 1011 95 35 vissa
336 1013 99 34 löner
475 1010 81 37 från
595 1015 72 33 600
708 1015 132 33 kronor
867 1015 55 34 till
953 1017 70 33 700
1051 1016 144 42 kronor,
1224 1018 66 33 och
1317 1018 67 34 har
1411 1018 192 37 Utskottet
1631 1021 119 35 funnit
1778 1026 56 31 att

201 1063 66 33 den
295 1073 134 24 summa
457 1074 73 24 som
557 1064 101 34 torde
687 1061 85 47 åtgå
799 1076 85 24 vore
911 1066 12 33 i
951 1067 106 33 rundt
1084 1068 52 33 tal
1168 1069 161 42 180,000
1357 1069 143 35 kronor.
1543 1070 290 46 Vanskligheten

203 1112 59 34 vid
304 1114 70 33 alla
415 1115 243 43 beräkningar
697 1115 218 35 härutinnan
955 1116 114 44 ligger
1109 1118 91 34 dock
1244 1118 56 34 för
1333 1122 113 41 öppen
1479 1122 80 43 dag,
1601 1123 143 34 hvadan
1773 1125 60 33 det

197 1164 129 34 varder
366 1165 231 44 nödvändigt,
641 1168 55 32 att
723 1167 163 43 anslaget
912 1167 12 33 i
951 1167 113 34 likhet
1096 1169 79 33 med
1202 1169 290 37 hittillsvarande
1520 1170 153 37 erhåller
1701 1174 129 35 karak-

199 1216 100 32 teren
327 1214 40 48 af
392 1215 293 44 förslagsanslag.

321 1264 238 45 Aberopande
599 1266 96 35 hvad
722 1277 48 24 nu
798 1267 119 36 blifvit
944 1268 154 44 anfördt,
1141 1266 57 37 får
1237 1271 79 34 med
1350 1272 191 45 anledning
1582 1274 39 34 af
1652 1273 97 36 Herr
1777 1274 47 36 A.

199 1314 216 37 Rundbäcks
442 1317 238 35 förevarande
708 1318 132 34 motion
867 1317 190 36 Utskottet
1083 1320 200 44 hemställa,

657 1420 56 32 att
740 1417 207 46 Riksdagen
973 1417 57 38 må
1057 1421 156 35 besluta:

656 1469 38 41 a)
722 1471 56 32 att
806 1490 47 3 —
881 1471 112 34 under
1020 1471 260 45 förutsättning
1308 1473 113 44 deraf,
1450 1477 55 32 att
1533 1476 224 36 skoldistrikt
1772 1479 56 33 för

605 1519 178 35 ordinarie
824 1520 292 36 folkskolelärare
1149 1523 86 34 eller
1261 1524 195 44 lärarinna,
1485 1536 71 24 som
1584 1527 12 33 i
1623 1528 107 34 minst
1757 1529 70 34 fem

603 1567 41 36 år
687 1569 12 34 i
727 1570 115 35 denna
870 1573 178 43 egenskap
1081 1572 230 45 oförvitligen
1337 1574 221 46 tjenstgjort,
1587 1578 157 35 kommer
1772 1582 55 31 att

601 1621 194 34 bestämma
823 1622 200 44 aflöningen
1051 1622 55 35 för
1132 1624 294 36 nästkommande
1453 1624 41 36 år
1512 1627 55 34 till
1590 1630 70 33 700
1681 1630 142 43 kronor,

601 1671 62 33 der
690 1671 67 34 den
784 1672 79 34 icke
890 1673 110 34 redan
1028 1671 138 46 uppgår
1193 1675 55 33 till
1276 1676 99 34 detta
1390 1677 125 44 belopp
1532 1698 47 3 —
1596 1682 117 31 staten
1733 1681 91 33 skall

600 1721 150 44 bidraga
792 1723 79 34 med
910 1724 103 43 högst
1048 1722 64 36 två
1138 1725 217 44 tredjedelar
1383 1728 40 33 af
1446 1728 81 34 hela
1554 1731 153 33 nämnda
1731 1732 93 33 löne-

600 1781 134 25 summa
775 1774 64 33 och
881 1773 54 35 för
974 1772 202 37 ändamålet
1203 1776 144 35 utöfver
1373 1778 95 34 hvad
1496 1780 110 34 redan
1634 1784 40 30 är
1701 1781 123 35 härtill

599 1823 163 44 anslaget
801 1822 46 45 på
888 1827 102 32 extra
1018 1827 72 32 stat
1117 1826 55 34 för
1200 1824 40 36 år
1272 1829 96 33 1884
1396 1830 150 42 uppföra
1579 1833 52 32 ett
1658 1831 164 46 förslags-

598 1874 126 43 anslag
751 1874 40 33 af
819 1876 158 42 180,000
1004 1876 146 44 kronor;
1180 1880 93 32 samt

651 1924 35 39 b)
731 1927 54 31 att
825 1926 63 34 hos
927 1925 131 46 Kongl.
1101 1926 112 45 Maj:t
1253 1927 144 36 anhålla
1439 1930 129 45 derom,
1604 1935 54 31 att
1685 1932 132 45 Kongl.

598 1974 112 45 Maj:t
750 1976 139 34 täcktes
930 1977 91 34 efter
1054 1978 166 43 ärendets
1252 1983 166 32 närmare
1449 1982 203 45 utredning,
1682 1981 38 36 så
1747 1984 73 34 fort

599 2025 63 34 ske
689 2026 83 43 kan,
801 2026 56 35 för
883 2026 206 46 Riksdagen
1117 2028 201 46 framlägga
1347 2031 135 45 förslag
1509 2033 55 34 till
1591 2034 116 44 skälig
1726 2035 91 33 löne-

596 2075 219 46 förbättring
854 2078 55 34 för
948 2079 117 35 lärare
1105 2080 66 34 och
1210 2081 202 35 lärarinnor
1444 2083 60 35 vid
1536 2084 240 36 folkskolorna
1805 2086 11 34 i

595 2126 106 35 riket.
