2245 2668
890 179 254 33 Stalsutskottets
1174 177 170 34 Utlåtande
1368 176 63 32 N:o
1454 177 54 30 39.

932 260 49 36 all
1011 259 106 37 mark
1147 259 58 37 för
1234 255 513 51 banbevakningsområden,
1776 252 223 51 hållplatser

804 313 70 37 och
902 312 235 49 bangårdar;

929 379 139 36 genom
1099 364 229 50 skogsmark
1358 377 47 23 en
1437 361 117 38 bredd
1583 361 41 37 af
1644 361 44 36 15
1711 359 154 36 meter
1846 352 22 67 å
1886 356 112 37 hvar-

806 418 90 37 dera
938 418 107 37 sidan
1087 418 41 36 af
1166 418 145 36 banans
1346 415 215 37 medellinie
1590 418 110 42 samt,
1730 412 66 36 der
1829 409 168 38 arbetets

805 471 267 37 beskaffenhet
1113 470 180 49 betingar
1334 482 46 24 en
1424 473 122 32 större
1583 465 129 47 bredd,
1745 463 102 38 hvad
1876 461 122 38 som
1968 457 34 66 i

806 525 136 36 sådant
984 523 221 37 hänseende
1235 522 202 47 erfordras,
1469 520 85 37 med
1585 520 49 36 all
1663 521 20 34 å
1713 517 72 37 den
1815 515 184 51 upplåtna

806 577 157 37 marken
993 576 175 37 växande
1198 576 113 48 skog;

935 629 48 37 all
1013 629 107 37 mark
1149 628 57 38 för
1234 628 59 37 till
1320 627 93 50 följd
1442 626 42 37 af
1507 621 419 54 jernvägsbyggnaden
1943 634 55 23 er-

807 682 183 48 forderlig
1006 681 243 49 anläggning
1269 681 42 36 af
1323 693 77 35 nya
1415 680 93 35 eller
1529 677 255 49 omläggning
1804 675 41 36 af
1861 673 136 49 gamla,

807 734 190 36 allmänna
1026 733 90 37 eller
1146 732 175 36 enskilda
1349 735 137 44 vägar;

1034 786 74 36 dels
1135 785 120 37 under
1284 784 169 37 arbetets
1483 782 196 49 fortgång:

939 838 49 37 all
1029 838 58 37 för
1128 836 377 48 sidoschaktningar,
1547 834 145 50 upplag
1731 832 41 37 af
1796 837 85 31 sten
1911 830 91 37 eller

803 891 89 49 jord
934 896 98 31 samt
1074 897 101 29 sten-
1213 890 70 36 och
1310 893 223 46 grustägter
1562 886 85 37 med
1677 885 126 37 dertill
1832 883 169 37 hörande

808 949 119 44 vägar
961 943 70 37 och
1074 943 175 48 sidospår
1289 941 173 48 behöflig
1492 940 118 48 mark,
1641 943 56 32 att
1743 937 63 37 vid
1835 935 166 38 arbetets

808 996 77 36 slut
913 996 183 36 aflemnas
1125 995 11 36 i
1167 995 46 36 då
1242 994 194 49 befintligt
1465 992 127 45 skick;

937 1056 51 29 att
1029 1047 241 50 upplåtelsen
1307 1046 145 50 jemväl
1496 1045 98 36 skall
1632 1042 185 37 innebära
1847 1039 155 51 förplig-

809 1101 93 36 telse
927 1107 55 30 att
997 1100 128 37 lemna
1153 1100 217 47 ersättning
1398 1099 59 36 för
1485 1096 249 49 olägenheter
1757 1094 58 37 till
1843 1093 94 49 följd
1967 1092 41 36 af

809 1152 198 38 förevårad
1049 1151 208 49 brukning,
1276 1150 202 48 förlängda
1508 1155 120 43 vägar
1656 1148 94 37 eller
1779 1146 118 38 andra
1927 1144 76 37 olä-

808 1205 191 48 genheter
1028 1205 41 35 af
1094 1203 100 37 hvad
1224 1217 114 23 namn
1369 1203 70 36 och
1470 1200 265 38 beskaffenhet
1753 1199 45 36 de
1815 1211 90 23 vara
1930 1199 72 44 må,

808 1270 80 23 som
933 1257 129 36 kunna
1104 1269 112 24 anses
1246 1256 163 48 härflyta
1442 1254 41 37 af
1507 1254 64 37 det
1599 1266 139 36 genom
1765 1252 237 49 jernvägens

808 1310 243 48 anläggning
1080 1308 189 37 orsakade
1298 1308 174 47 intrång;

939 1369 94 29 samt
1062 1367 52 30 att
1142 1360 198 49 landsting
1369 1360 93 36 eller
1479 1359 225 36 kommuner
1721 1359 113 46 åtaga
1859 1354 61 49 sig
1936 1358 67 42 att,

809 1419 68 32 när
920 1414 70 37 och
1033 1414 94 36 hvar
1170 1412 140 49 Kongl.
1357 1412 106 49 Maj:t
1505 1413 41 34 så
1574 1410 156 50 pröfvar
1758 1407 150 48 nödigt,
1939 1405 63 37 vid

810 1466 196 38 banlinien
1047 1465 58 37 till
1148 1465 11 36 i
1202 1471 107 30 orten
1356 1464 195 49 gångbart
1592 1462 78 50 pris
1712 1458 292 39 tillhandahålla

805 1518 424 50 jernvägsbyggnaden
1274 1517 223 49 sågtimmer
1538 1515 57 36 till
1638 1519 55 32 ett
1721 1511 284 48 sammanlagdt

810 1571 104 36 antal
957 1570 41 36 af
1036 1569 179 49 omkring
1244 1571 74 35 200
1348 1568 161 50 stycken
1540 1580 67 36 per
1648 1566 201 37 kilometer
1877 1564 41 37 af
1942 1564 63 37 ba-

812 1636 94 24 nans
936 1622 132 49 längd;

938 1675 68 36 allt
1044 1674 84 36 med
1164 1673 226 50 skyldighet
1418 1672 58 37 för
1506 1670 286 38 vederbörande
1822 1675 55 31 att
1905 1669 99 37 hålla

809 1733 125 31 staten
978 1726 200 37 skadeslös
1217 1726 57 36 för
1302 1725 103 36 hvad
1435 1724 10 36 i
1475 1730 53 31 ett
1556 1724 94 36 eller
1678 1727 118 32 annat
1825 1721 179 38 afseende

809 1779 234 37 härutinnan
1072 1778 261 48 tilläfventyrs
1364 1778 75 35 kan
1471 1776 151 37 komma
1652 1780 56 32 att
1739 1774 135 47 brista;

940 1831 36 49 by)
1006 1830 57 37 till
1088 1830 252 48 fortsättning
1370 1829 41 36 af
1436 1828 183 37 arbetena
1649 1831 20 33 å
1690 1827 226 37 stambanan
1946 1826 58 37 till

811 1884 157 36 Vännäs
1011 1883 71 36 och
1124 1881 249 37 anskaffande
1416 1881 41 36 af
1477 1880 119 49 rörlig
1626 1879 172 37 materiel
1827 1878 57 37 till
1912 1879 92 36 ban-

811 1936 180 37 sträckan
1034 1934 415 49 Anundsjö—Vännäs
1484 1938 99 31 samt
1615 1932 58 37 till
1701 1930 235 51 påbörjande
1966 1930 41 38 af

813 1988 181 37 arbetena
1035 1989 20 34 å
1096 1987 126 36 banan
1263 1999 89 23 norr
1380 1999 61 23 om
1470 1985 159 37 Vännäs
1658 1984 58 37 för
1744 1985 40 36 år
1815 1985 94 36 1891
1940 1983 64 37 be-

810 2041 93 49 vilja
933 2046 54 32 ett
1012 2039 136 49 anslag
1177 2039 40 36 af
1242 2039 204 48 4,665,000
1475 2038 152 36 kronor.
