2235 2677
430 175 40 30 22
905 173 246 33 Statsutskottets
1180 174 170 33 Utlåtande
1373 174 62 32 N:o
1458 176 51 31 39.

389 260 129 42 meter,
553 255 71 36 och
654 255 223 49 antagligen
906 256 224 49 ytterligare
1159 256 275 49 förbättringar
1462 256 11 35 i
1503 255 117 37 linien
1650 254 65 37 vid
1744 255 45 36 de
1815 254 158 49 slutliga

387 307 321 50 utstakningarna
749 308 110 37 stode
902 314 55 30 att
986 308 128 48 vinna,
1146 309 257 36 kostnaderna
1431 308 59 37 för
1517 307 86 37 hela
1625 308 214 49 jernvägen
1869 308 103 48 finge

386 366 174 43 antagas,
590 360 231 38 åtminstone
851 361 33 50 ej
914 361 12 37 i
955 361 259 50 väsentligare
1245 364 96 46 mån,
1373 361 108 37 skola
1510 360 239 38 öfverskrida
1773 360 102 37 hvad
1892 373 82 24 som

390 415 95 35 1886
531 414 247 46 beräknades,
814 414 110 37 äfven
955 427 57 23 om
1044 415 45 36 de
1119 417 47 47 på
1196 415 94 36 sista
1318 415 106 36 tiden
1449 414 146 49 hastigt
1624 412 179 51 stegrade
1832 412 140 50 prisen,

387 466 128 37 derest
544 466 46 37 de
623 466 190 37 bibehölle
842 467 72 49 sig,
943 467 151 37 komme
1123 472 55 32 att
1207 467 148 49 förhöja
1384 467 103 36 vissa
1516 466 158 49 utgifter
1702 466 151 37 utöfver
1873 465 101 37 hvad

384 520 12 35 i
422 519 380 50 kostnadsförslagen
832 520 185 50 uppförts.
1451 514 5 5 |

516 572 195 49 Härjemte
744 572 108 38 torde
881 573 110 47 dock,
1022 573 122 49 enligt
1173 572 445 50 departementschefens
1648 571 112 49 åsigt,
1790 570 66 38 vid
1885 570 89 37 ban-

386 625 256 50 byggnadens
684 625 250 38 fortsättande
977 639 88 24 norr
1106 639 59 24 om
1203 626 156 37 Vännäs
1388 626 94 37 böra
1505 631 113 43 tagas
1646 624 13 36 i
1688 623 286 50 öfvervägande

385 681 121 45 några
535 679 116 35 andra
681 679 343 47 omständigheter,
1056 693 81 23 som
1166 680 112 36 äfven
1307 679 129 36 kunde
1465 691 91 23 vara
1576 678 40 35 af
1632 677 268 37 beskaffenhet
1920 683 55 30 att

387 730 12 35 i
428 730 59 35 sin
529 732 87 33 mån
659 730 159 48 bidraga
860 730 57 36 till
958 731 285 47 förminskning
1275 731 13 35 i
1319 730 221 48 utgifterna.
1595 729 57 36 Då
1685 728 221 48 Riksdagen
1936 731 39 33 år

389 783 95 36 1886
527 782 189 49 beviljade
753 782 137 50 anslag
923 782 55 37 till
1009 783 224 38 stambanan
1263 783 82 36 från
1375 781 181 39 Sollefteå
1585 781 58 37 till
1676 781 168 48 Vännäs,
1878 780 97 37 fäste

385 835 220 48 Riksdagen
636 835 131 36 dervid
798 838 124 33 såsom
951 836 136 48 vilkor,
1117 842 54 30 att
1200 835 208 49 landsting,
1438 836 225 35 kommuner
1687 834 94 36 eller
1802 833 174 36 enskilde

385 888 184 48 antingen
599 887 271 37 kostnadsfritt
898 888 58 36 för
985 895 125 30 staten
1132 888 147 37 afstode
1300 887 49 37 all
1368 888 59 36 för
1442 886 292 50 anläggningen
1750 885 226 48 erforderlig

385 940 107 36 mark
522 940 91 36 eller
641 940 71 37 ock
740 940 174 37 lemnade
944 947 124 31 staten
1089 942 215 48 ersättning
1324 941 57 36 för
1402 940 74 37 den
1497 939 175 48 kostnad,
1689 938 287 37 förvärfvandet

386 992 42 37 af
452 992 67 37 full
550 992 266 50 dispositions-
846 993 70 37 och
946 994 226 48 eganderätt
1200 993 58 36 till
1287 993 116 37 sådan
1426 993 105 36 mark
1552 992 128 36 kunde
1700 991 183 48 medföra,
1905 990 70 37 och

384 1046 102 36 inom
529 1046 104 36 såväl
675 1045 342 38 Vesternorrlands
1059 1060 79 23 som
1184 1046 289 37 Vesterbottens
1503 1045 62 36 län
1594 1044 98 37 hade
1720 1044 104 36 detta
1852 1043 125 37 vilkor

384 1097 126 37 blifvit
538 1099 253 48 accepteradt.
848 1099 74 36 Det
951 1100 157 35 oaktadt
1137 1099 96 36 hade
1262 1099 110 46 dock,
1394 1098 120 48 enligt
1534 1098 101 35 hvad
1650 1095 326 51 jernvägsstyrel-

386 1164 65 23 sen
482 1151 204 48 meddelat,
717 1151 190 48 styrelsen
938 1155 98 33 måst
1064 1151 216 37 vidkännas
1310 1150 219 49 betydande
1559 1149 157 49 utgifter
1736 1149 59 37 för
1814 1148 162 37 förvärf-

384 1202 124 37 vande
550 1203 42 36 af
622 1203 86 48 jord
747 1203 58 36 till
852 1203 222 50 Långsele
1100 1203 304 37 Vännäs-banan.
1465 1202 83 36 Den
1582 1200 258 38 kostnadsfria
1881 1214 95 36 upp-

384 1255 160 36 låtelsen
580 1255 97 36 hade
719 1255 193 49 nemligen
951 1262 146 31 ansetts
1126 1256 86 37 icke
1237 1255 159 36 omfatta
1425 1255 117 46 mark,
1573 1267 79 23 som
1681 1253 98 37 varit
1807 1252 169 49 behöflig

384 1307 57 36 för
478 1307 220 37 erhållande
741 1309 41 35 af
810 1322 110 35 grus-
949 1309 70 35 och
1049 1313 226 44 stentägter,
1304 1312 318 44 transportvägar
1651 1320 46 22 m.
1728 1320 62 33 m.,
1820 1305 71 36 och
1919 1304 57 37 till

385 1359 92 50 följd
506 1360 113 36 häraf
644 1365 98 31 samt
770 1361 57 47 då,
859 1361 83 36 med
974 1361 46 36 de
1049 1360 12 37 i
1090 1361 190 36 Norrland
1309 1359 182 49 vanligen
1519 1358 169 38 särdeles
1717 1358 103 49 höga
1841 1370 135 37 expro-

385 1411 526 50 priationsomkostnaderna,
947 1413 237 37 tillkallande
1219 1412 41 37 af
1285 1412 140 37 nämnd
1453 1412 58 36 för
1540 1411 132 49 hvarje
1702 1409 181 38 särskildt
1911 1409 65 36 fall

385 1464 120 36 skulle
548 1465 119 36 blifva
708 1465 169 37 särdeles
913 1466 200 48 kostsamt,
1147 1466 97 36 hade
1282 1479 98 33 man,
1416 1465 47 35 då
1491 1463 130 50 dylika
1646 1463 119 36 behof
1789 1465 185 46 uppstått,

384 1531 80 22 som
508 1518 56 35 för
606 1517 168 37 arbetets
817 1518 258 37 obehindrade
1117 1521 105 46 gång
1260 1518 125 36 skolat
1418 1522 92 31 utan
1540 1516 173 49 uppskof
1735 1515 240 48 tillgodoses,

384 1572 98 33 måst
510 1569 101 50 köpa
641 1570 204 36 områdena
874 1570 126 37 direkt
1029 1570 41 36 af
1094 1570 239 49 jordegarne,
1363 1569 160 36 hvarvid
1554 1568 303 36 understundom
1879 1569 98 33 måst

385 1621 144 37 betalas
571 1622 272 50 ersättningar,
887 1623 88 36 vida
1018 1622 286 49 öfverstigande
1348 1621 175 49 verkliga
1567 1621 132 36 värdet
1736 1620 12 36 i
1778 1624 118 32 orten.
1926 1640 50 5 —

384 1674 140 36 Vidare
566 1675 98 35 hade
693 1675 346 49 jervägsstyrelsen
1069 1675 159 49 upplyst
1256 1680 55 31 att
1340 1674 118 36 sedan
1488 1677 39 32 år
1559 1676 94 34 1879
1684 1672 199 49 iakttagits
1914 1672 62 35 vid

385 1726 247 37 stambanans
667 1727 292 49 framdragande
989 1741 139 34 genom
1158 1727 231 48 skogsmark
1418 1731 66 41 att,
1510 1725 57 36 till
1596 1724 314 37 förekommande
1941 1724 41 35 af

384 1778 233 50 eldsolycka,
648 1779 55 36 till
727 1780 215 48 jernvägen
973 1779 160 49 intagits
1163 1779 117 37 minst
1313 1782 43 34 15
1387 1783 119 32 meter
1536 1780 20 34 å
1584 1777 187 37 hvardera
1801 1776 109 36 sidan
1941 1775 41 37 af

379 1831 235 48 jernvägens
645 1831 228 48 medellinie,
904 1845 86 23 men
1020 1837 55 31 att
1104 1832 62 36 vid
1197 1831 296 49 tillämpningen
1523 1830 41 36 af
1579 1830 245 48 Riksdagens
1846 1829 131 36 ofvan-

384 1883 250 36 omförmälda
662 1884 125 36 vilkor
816 1897 60 23 om
905 1884 235 36 kostnadsfri
1172 1883 215 50 upplåtelse
1417 1883 40 36 af
1483 1882 118 47 mark,
1632 1882 101 36 olika
1753 1881 223 47 tolkningar

384 1935 232 37 åtminstone
658 1936 103 36 inom
793 1936 339 37 Vesternorrlands
1161 1936 63 36 län
1253 1936 58 36 till
1340 1950 46 22 en
1415 1935 134 49 början
1577 1935 103 48 gjort
1709 1934 61 48 sig
1797 1933 179 49 gällande

383 1986 9 37 1
424 1987 178 37 afseende
631 1991 20 33 å
681 1989 72 35 den
783 1988 131 45 bredd,
944 2002 81 23 som
1054 1992 48 46 på
1131 1989 127 47 grund
1287 1989 41 35 af
1352 1986 251 38 omförmälda
1633 1986 124 36 vilkor
1782 1986 117 37 borde
1919 1985 57 37 till

378 2039 212 50 jernvägen
620 2041 163 48 intagas.
812 2063 50 3 —--
890 2041 192 49 Derjemte
1111 2041 92 36 hade
1219 2038 384 52 jernvägsstyrelsen
1623 2038 218 48 framhållit,
1864 2038 113 35 huru-

384 2105 79 23 som
491 2093 64 36 det
584 2092 98 37 varit
711 2093 178 36 förenadt
918 2094 88 35 med
1035 2094 241 47 svårigheter
1305 2099 56 30 att
1388 2093 102 35 inom
1521 2092 46 35 de
1596 2091 158 47 trakter,
1782 2091 65 36 der
1872 2091 104 48 jern-

383 2145 336 48 vägsbyggnaden
763 2159 50 22 nu
847 2145 181 49 påginge,
1063 2145 58 36 för
1163 2145 199 49 antagliga
1403 2144 79 49 pris
1523 2143 193 37 förvärfva
1758 2143 63 36 det
1851 2142 127 37 dertill

383 2196 251 51 erforderliga
662 2198 129 48 gröfre
822 2197 119 48 virke,
971 2198 195 36 äfvensom
1198 2202 55 32 att
1282 2198 65 37 det
1377 2196 122 38 skulle
1528 2195 159 50 bidraga
1715 2195 58 37 till
1801 2196 176 48 byggna-

383 2249 139 36 dernas
564 2250 181 50 fortgång
779 2251 11 35 1
820 2250 174 37 bestämd
1029 2250 177 49 ordning,
1242 2264 58 23 om
1330 2249 182 37 behofvet
1541 2253 54 31 att
1624 2248 151 36 komma
1804 2248 12 35 i
1845 2247 133 37 besitt-

384 2302 94 48 ning
507 2303 41 35 af
573 2303 74 35 den
677 2303 143 48 mängd
849 2302 108 38 virke
987 2303 41 36 af
1052 2302 147 37 mindre
1230 2302 272 45 dimensioner,
1532 2314 78 22 som
1642 2300 249 49 synnerligen
1921 2300 59 36 för

383 2354 47 37 de
464 2354 280 38 förberedande
776 2355 182 37 arbetena
988 2355 254 48 erfordrades,
1271 2355 126 37 kunde
1422 2353 238 37 underlättas
1690 2352 207 37 såmedelst
1926 2357 55 32 att
