1916 2794
496 156 121 31 Första
639 157 237 37 lagutskottets
900 159 176 30 utlåtande
1099 169 40 20 nr
1160 160 51 30 39.
1582 160 19 30 3

111 251 97 39 dylik
237 253 240 31 bestämmelse
506 255 127 30 saknas
662 255 54 30 för
746 255 66 30 den
841 256 169 39 egentliga
1038 258 248 38 landsbygden.
1330 259 270 31 Normalbrand-

112 306 192 39 ordningen
327 308 140 38 angiver
490 308 75 30 icke
590 309 67 30 den
679 309 202 39 kompetens
915 320 75 20 som
1022 320 100 21 anses
1154 312 85 30 böra
1272 312 124 31 krävas
1430 323 43 21 av
1504 314 97 38 dylik

112 359 294 40 skorstensfejare.
428 361 65 31 Det
511 363 126 29 uttalas
657 363 153 36 allenast,
831 366 47 28 att
898 364 247 39 kompetensen
1165 366 70 29 kan
1254 376 83 21 vara
1356 367 95 38 lägre
1469 368 45 29 än
1534 368 67 30 den

112 422 75 21 som
208 414 123 30 kräves
353 414 55 30 för
429 415 287 40 skorstensfejare
737 417 11 29 i
770 418 85 29 stad.

154 466 13 30 I
188 465 56 31 två
264 466 57 30 vid
342 466 84 30 1946
446 468 55 30 års
521 468 140 40 riksdag
681 470 124 30 väckta
825 471 171 30 motioner
1014 472 159 38 yrkades,
1194 476 49 27 att
1263 472 124 40 frågan
1407 483 57 21 om
1484 475 114 30 lands-

109 518 155 40 bygdens
283 519 219 32 brandväsen
521 522 110 31 skulle
652 526 95 36 tagas
768 533 71 29 upp
860 524 50 30 till
930 524 150 39 förnyad
1100 526 146 39 översyn
1266 527 11 29 i
1298 527 88 38 syfte
1406 531 49 27 att
1476 527 123 40 åväga-

108 572 123 40 bringa
254 583 42 20 en
318 574 136 31 mindre
474 575 219 39 betungande
715 578 235 37 organisation
972 582 90 27 samt
1083 582 50 27 att
1155 581 162 38 generellt
1338 581 159 39 uppskov
1521 582 79 30 med

108 626 279 40 brandordnings
410 630 195 37 antagande
629 630 110 30 skulle
762 638 57 31 ges
843 630 33 31 åt
900 632 67 30 alla
991 633 309 31 landskommuner
1323 634 68 31 tills
1415 635 185 39 riksdagen

109 679 102 31 fattat
232 683 75 35 nytt
326 681 110 31 beslut
456 682 11 30 i
488 681 133 40 frågan.
643 682 215 33 Motionerna
880 685 157 39 avslogos
1059 696 42 20 av
1121 686 186 40 riksdagen
1326 687 46 39 på
1392 688 208 31 hemställan

108 743 43 20 av
167 733 109 37 första
292 734 231 39 lagutskottet,
540 745 75 21 som
630 737 11 29 i
657 737 56 31 sitt
729 736 177 32 utlåtande
928 737 53 40 (nr
997 738 54 40 31)
1074 739 147 32 anförde
1236 740 157 39 följande
1407 742 191 30 beträffan-

108 788 43 30 de
160 788 463 41 normalbrandordningen.

154 840 63 32 Det
238 841 64 30 har
322 841 94 31 inom
438 843 165 31 utskottet
624 845 166 37 upplysts,
813 848 50 27 att
883 855 83 20 man
987 845 46 39 på
1055 847 74 30 sina
1151 846 71 31 håll
1243 848 76 30 icke
1339 852 111 27 ansett
1472 849 50 36 sig
1543 849 56 31 be-

108 886 149 39 rättigad
275 885 124 40 frångå
417 888 113 30 denna
548 889 401 39 normalbrandordning
967 891 120 30 oaktat
1105 892 305 32 bestämmelserna
1430 894 75 30 däri
1525 894 76 30 icke

108 931 10 29 i
136 930 68 30 allo
220 931 87 30 varit
324 932 161 38 lämpade
502 932 56 30 för
573 932 276 33 förhållandena.
869 934 171 32 Utskottet
1058 936 58 29 vill
1134 937 10 29 i
1163 937 185 37 anledning
1366 938 109 30 härav
1493 938 106 30 fram-

108 974 103 37 hålla,
231 979 49 26 att
298 976 443 40 normalbrandordningen
760 978 141 38 givetvis
920 980 77 30 icke
1016 980 214 31 oförändrad
1248 981 72 30 kan
1336 991 101 27 passa
1458 982 56 31 för
1533 984 68 30 alla

108 1019 72 36 fall,
203 1019 44 31 då
269 1019 266 33 förhållandena
557 1022 95 30 inom
675 1023 41 30 de
738 1023 93 30 olika
854 1023 255 32 kommunerna
1132 1026 60 29 äro
1215 1027 137 36 mycket
1376 1027 184 30 skiftande.
1586 1027 13 30 I

108 1064 90 31 vissa
219 1064 62 30 fall
301 1068 22 27 t.
345 1074 50 21 ex.
416 1066 11 29 i
447 1065 101 39 fråga
568 1076 57 20 om
646 1076 83 22 rena
749 1068 310 31 landskommuner
1079 1070 97 30 torde
1198 1069 145 32 sålunda
1365 1070 171 38 åtskilliga
1557 1081 43 21 av

106 1109 42 30 de
168 1109 11 30 i
199 1110 443 40 normalbrandordningen
663 1115 177 35 upptagna
860 1112 307 33 bestämmelserna
1187 1115 119 30 kunna
1327 1116 184 30 undvaras.

152 1179 137 40 Frågan
312 1190 58 21 om
394 1181 264 40 tillämpningen
683 1193 43 20 av
749 1184 266 30 bestämmelsen
1039 1185 12 29 i
1075 1186 443 40 normalbrandordningen
1544 1187 54 31 för

106 1234 310 31 Jandskommuner
434 1244 57 21 om
509 1236 213 31 halmstacks
740 1237 175 40 placering
933 1238 64 30 har
1017 1239 88 30 även
1122 1239 206 32 behandlats
1347 1241 10 30 i
1378 1250 43 21 en
1439 1241 159 39 interpel-

108 1287 243 31 lationsdebatt
369 1287 11 30 i
398 1288 110 31 andra
527 1289 204 31 kammaren
751 1290 65 31 den
838 1291 36 29 11
894 1291 75 39 juni
991 1292 84 30 1946
1100 1291 46 40 (se
1164 1293 59 29 AK
1241 1296 87 36 prot.
1347 1304 42 20 nr
1407 1295 41 28 24
1468 1304 24 20 s.
1515 1295 85 29 18—

109 1342 69 39 27).
214 1342 130 31 Chefen
366 1344 54 30 för
443 1344 596 40 kommunikationsdepartementet
1061 1345 200 32 förklarade
1283 1348 120 30 därvid
1426 1349 45 29 bl.
1486 1358 40 26 a.,
1551 1352 49 27 att

109 1397 72 30 han
202 1398 98 37 hyste
321 1398 68 30 den
408 1397 268 40 uppfattningen
699 1401 49 28 att
768 1398 108 39 några
897 1398 160 40 åtgärder
1079 1399 79 31 från
1179 1401 89 31 hans
1290 1402 74 30 sida
1385 1402 75 30 icke
1482 1402 118 30 kunde

109 1460 100 20 anses
230 1450 212 31 motiverade
461 1451 10 30 i
494 1451 91 39 syfte
605 1455 49 27 att
675 1452 9 30 i
707 1452 68 30 viss
796 1452 154 39 riktning
970 1452 152 39 påverka
1143 1453 254 32 kommunerna
1419 1456 65 29 och
1508 1456 90 29 läns-

110 1504 205 38 styrelserna
340 1505 57 30 vid
421 1505 100 30 deras
547 1505 329 39 ställningstagande
901 1506 50 30 till
977 1506 67 30 den
1068 1506 148 31 berörda
1241 1506 133 40 frågan.

745 1616 206 32 Yttranden.

152 1679 170 32 Utskottet
348 1680 63 30 har
437 1681 172 31 inhämtat
634 1683 159 37 yttrande
820 1684 80 29 över
926 1684 217 31 motionerna
1170 1684 79 31 från
1275 1686 285 39 länsstyrelserna
1587 1688 10 29 i

107 1732 196 32 Malmöhus
323 1735 65 29 och
408 1734 242 40 Kopparbergs
671 1736 66 37 län,
759 1736 79 30 från
857 1737 418 39 riksbrandinspektören,
1298 1739 153 32 Svenska
1471 1741 126 30 brand-

106 1787 335 39 skyddsföreningen
490 1789 66 29 och
606 1788 271 40 Landsbygdens
927 1790 450 41 brandförsäkringsbolags
1427 1793 169 40 förening.

106 1840 256 31 Förstnämnda
381 1841 219 38 länsstyrelse
620 1843 65 29 har
704 1843 57 30 vid
782 1843 57 30 sitt
858 1844 160 37 yttrande
1038 1845 44 29 bl.
1105 1854 29 20 a.
1156 1845 95 39 fogat
1272 1849 46 27 ett
1338 1856 42 20 av
1400 1848 196 37 länsstyrel-

105 1903 61 21 sen
185 1894 177 37 upprättat
382 1894 113 38 tryckt
516 1894 129 40 förslag
665 1896 48 29 till
733 1896 262 39 brandordning
1015 1897 55 29 för
1090 1898 309 31 landskommuner
1419 1900 11 29 i
1453 1900 143 30 Malmö-

106 1947 65 30 hus
188 1947 58 29 län
261 1946 107 39 jämte
384 1947 116 31 motiv.
519 1947 420 40 Riksbrandinspektören
956 1950 64 30 har
1038 1950 106 38 jämte
1162 1955 73 35 eget
1253 1953 159 37 yttrande
1429 1954 167 29 överläm-

106 2004 60 26 nat
188 2000 184 37 yttranden
394 2010 41 20 av
458 2000 264 32 föreståndaren
744 2002 55 30 för
822 2005 128 28 statens
972 2003 351 40 maskinprovningar
1345 2006 11 29 i
1380 2005 128 32 Ultuna
1531 2008 67 29 och

106 2062 42 21 av
172 2057 127 27 statens
323 2053 382 40 forskningskommitté
730 2055 54 30 för
808 2056 414 40 lantmannabyggnader.

151 2132 256 40 Länsstyrelsen
429 2135 10 29 i
459 2134 243 40 Kopparbergs
722 2136 57 29 län
799 2136 101 30 anför
921 2135 164 39 följande.

149 2195 13 29 I
182 2194 217 32 motionerna
416 2195 109 31 riktas
543 2197 274 38 anmärkningar
835 2201 72 27 mot
927 2198 263 38 tillämpningen
1210 2209 41 20 av
1272 2200 66 30 den
1357 2201 57 29 vid
1437 2202 82 28 1944
1540 2201 56 30 års

104 2239 140 38 riksdag
268 2242 150 35 antagna
441 2240 374 38 brandlagstiftningen
839 2242 65 29 och
929 2242 138 30 särskilt
1092 2247 71 27 mot
1188 2244 89 29 vissa
1302 2245 259 30 bestämmelser
1585 2247 11 28 i

106 2287 45 26 ett
175 2284 196 29 sedermera
396 2293 42 20 av
464 2284 171 30 särskilda
660 2284 221 38 sakkunniga
907 2284 163 39 uppgjort
1096 2285 130 39 förslag
1253 2286 49 30 till
1328 2288 265 30 normalbrand-

104 2328 147 37 ordning
274 2327 55 30 för
352 2328 318 31 landskommuner.
696 2329 49 29 Av
768 2330 66 29 den
858 2329 195 31 framförda
1077 2330 149 31 kritiken
1251 2341 100 28 synes
1375 2332 147 37 framgå,
1546 2337 50 27 att

104 2372 90 30 vissa
215 2372 236 37 länsstyrelser
472 2373 58 29 vid
551 2372 252 31 fastställandet
825 2383 41 20 av
888 2373 301 38 brandordningar
1211 2375 55 30 för
1287 2376 309 32 landskommuner

105 2416 99 30 strikt
224 2415 77 38 följt
321 2417 444 38 normalbrandordningen
784 2418 63 30 och
871 2418 130 30 således
1023 2418 74 30 icke
1118 2419 153 37 godkänt
1292 2420 135 31 mindre
1447 2422 148 30 avvikel-

105 2470 54 21 ser
178 2459 78 31 från
275 2461 122 35 denna,
417 2470 75 20 som
512 2461 222 31 förekommit
755 2462 8 29 i
784 2472 41 19 av
846 2462 253 31 kommunerna
1119 2463 138 37 ingivna
1279 2464 137 37 förslag.
1439 2465 156 31 Normal-
