1902 2792
297 147 19 46 Zz
439 152 120 30 Första
582 152 203 29 kammarens
805 150 147 30 andra
973 150 169 38 tillfälliga
1164 150 142 31 utskotts
1330 150 169 30 utlåtande
1520 160 42 19 nr
1583 153 28 27 7.

338 243 220 30 Beträffonde
584 243 177 36 Göteborgs
786 242 299 38 orkesterförening
1109 242 132 38 angives
1266 242 10 29 i
1301 242 173 36 motionen,
1499 245 46 27 att
1569 241 207 38 grundlönen

298 296 53 30 för
370 296 103 30 andra
495 297 155 29 stämmor
670 297 36 29 är
726 296 61 30 400
808 296 48 30 kr.
878 296 57 30 och
957 296 53 30 för
1028 295 171 38 harpisten
1220 306 40 20 m.
1283 296 47 36 fl.,
1352 296 59 30 500
1431 296 48 30 kr.
1501 296 15 29 I
1537 295 107 38 själva
1664 296 113 30 verket

298 352 37 28 är
357 350 206 36 grundlönen
588 351 52 30 för
663 352 37 29 15
725 352 157 29 stämmor
904 352 59 29 550
985 351 59 36 kr.,
1070 351 51 30 för
1144 351 18 30 7
1186 352 156 29 stämmor
1365 350 59 30 400
1447 350 59 37 kr.,
1531 350 53 30 för
1605 349 171 38 harpisten

298 404 60 30 500
382 404 58 37 kr.,
468 408 84 26 samt
578 404 53 31 för
656 404 112 38 övriga
795 406 156 28 stämmor
976 406 149 29 avsevärt
1151 404 162 31 växlande
1339 404 127 37 belopp.
1494 404 67 30 För
1588 404 105 30 första
1718 403 56 31 och

296 457 102 31 andra
418 457 273 31 konsertmästare
710 458 58 30 och
788 468 38 20 en
846 457 126 31 hornist
992 458 86 37 gälla
1096 461 152 34 separata
1268 457 334 31 överenskommelser.
1624 457 154 38 Dyrtids-

297 510 115 38 tillägg
433 512 100 37 utgår
554 511 9 30 i
586 511 142 38 enlighet
749 512 73 31 med
845 512 150 37 gällande
1017 511 189 31 indexavtal
1228 511 120 31 mellan
1372 511 148 38 Sveriges
1542 511 236 38 arbetsgivare-

298 566 152 38 förening
477 566 59 31 och
564 565 371 39 landsorganisationen.
964 566 182 30 Pensionen
1173 565 162 38 uppgives
1363 575 79 20 vara
1470 566 92 29 3.300
1589 565 58 37 kr.,
1677 565 100 30 vilket

299 619 57 31 bör
378 619 179 38 beriktigas
580 619 52 30 till
656 619 89 30 1.470
767 620 49 30 kr.
841 619 53 31 för
917 620 38 29 28
978 619 212 38 pensionärer
1213 620 42 37 på
1280 619 139 38 gammal
1442 622 66 27 stat
1531 619 58 31 och
1613 620 18 29 3
1644 619 60 30 000
1728 619 48 30 kr.

298 673 53 30 för
375 673 262 37 nytillträdande
662 673 222 38 pensionärer.

339 726 67 30 För
435 726 166 30 stiftelsen
631 726 121 30 Malmö
782 726 203 37 konserthus,
1016 736 75 21 vars
1123 727 39 30 56
1193 726 145 31 musiker
1367 726 84 30 blott
1482 726 42 30 ha
1555 727 18 29 7
1605 726 172 31 månaders

301 788 232 29 engagemang,
557 779 138 38 angivas
722 779 137 31 lönerna
886 780 52 30 till
965 780 61 30 340
1053 780 47 32 kr.
1129 780 53 30 för
1210 779 106 31 första
1342 780 58 30 och
1428 780 60 30 295
1516 780 48 30 kr.
1593 779 54 32 för
1673 780 103 31 andra

297 836 156 29 stämmor
474 834 108 31 under
604 834 54 31 det
682 837 50 28 att
754 834 136 30 lönerna
913 834 10 30 i
945 833 226 39 verkligheten
1192 834 96 30 växla
1313 833 76 31 från
1413 834 61 29 200
1496 834 48 30 kr.
1569 833 52 31 till
1645 834 60 30 800
1728 834 48 30 kr.

298 888 10 29 i
329 888 47 30 tio
397 887 86 31 olika
506 888 128 37 grader.
657 885 28 32 Å
707 887 137 31 lönerna
866 888 98 37 utgår
987 887 248 38 dyrtidstillägg
1258 888 72 30 med
1354 887 70 37 20,7
1451 887 34 37 96
1510 887 74 31 med
1606 888 173 37 undantag

297 941 54 30 för
368 941 283 31 konsertmästare.

339 994 67 30 För
430 994 201 38 Gävleborgs
656 994 71 31 läns
752 994 301 38 orkesterförening
1078 994 161 38 uppgives
1265 995 10 30 i
1301 994 165 31 motionen
1492 994 207 38 grundlönen
1725 995 57 45 för,

298 1050 151 38 samtliga
470 1051 156 29 stämmor
647 1060 79 21 vara
748 1051 61 29 350
830 1050 48 31 kr.
901 1051 11 29 i
932 1050 109 31 stället
1064 1051 52 30 för
1137 1051 60 29 320
1219 1051 47 30 kr.
1291 1050 53 30 för
1366 1051 104 30 första
1491 1051 59 30 och
1571 1052 61 29 290
1652 1051 48 32 kr.
1725 1051 54 31 för

294 1104 108 31 andra
423 1106 165 30 stämmor.

340 1163 16 30 I
379 1163 227 38 Norrköpings
630 1162 308 38 orkesterförening,
963 1172 75 21 vars
1062 1163 39 30 30
1125 1162 143 31 musiker
1291 1163 39 30 ha
1355 1162 341 39 helårsengagemang,
1722 1164 57 30 äro

298 1219 247 37 grundlönerna
567 1219 53 30 för
641 1219 102 30 första
766 1219 155 30 stämmor
943 1219 60 29 300
1023 1219 48 30 kr.
1099 1219 45 37 (ej
1168 1219 61 30 330
1251 1219 64 37 kr.)
1342 1219 58 30 och
1423 1219 53 30 för
1497 1219 104 30 andra
1622 1220 157 30 stämmor

297 1274 60 29 270
376 1274 47 31 kr.
450 1274 46 38 (ej
517 1274 60 30 285
595 1274 78 37 kr.).
696 1273 172 31 Slutlönen
888 1274 85 31 efter
992 1274 54 31 nio
1067 1275 51 30 års
1137 1275 226 38 tjänstgöring
1383 1276 97 36 utgör
1499 1275 72 31 med
1592 1275 187 38 kristillägg

299 1329 52 30 för
371 1329 104 31 första
495 1331 156 29 stämmor
670 1330 76 30 452:
761 1331 38 29 62
819 1330 48 30 kr.
889 1330 57 31 och
966 1330 54 31 för
1039 1330 104 31 andra
1163 1331 157 30 stämmor
1339 1331 75 30 416:
1429 1331 33 29 42
1487 1331 48 30 kr.

340 1384 66 31 För
432 1385 204 31 Nordvästra
665 1385 123 31 Skånes
815 1385 308 39 orkesterförening,
1152 1396 74 20 vars
1254 1386 40 30 30
1323 1385 142 31 musiker
1492 1387 56 30 äro
1575 1385 204 38 engagerade

299 1439 51 31 för
372 1441 17 29 7
410 1441 166 36 månader,
599 1441 131 38 angives
750 1442 178 37 pensionen
949 1442 52 29 till
1024 1443 13 28 1
1054 1442 59 29 200
1133 1442 48 30 kr.
1204 1451 72 21 men
1299 1443 37 29 är
1356 1442 10 29 i
1387 1442 106 37 själva
1514 1442 112 30 verket
1648 1442 61 30 250
1730 1441 48 31 kr.

297 1505 60 27 per
374 1496 45 30 år.
438 1496 195 31 Emellertid
649 1497 104 38 pågår
770 1497 180 38 utredning
967 1498 10 29 i
995 1497 106 31 avsikt
1119 1500 49 28 att
1185 1497 76 38 höja
1280 1497 153 38 beloppet
1450 1498 52 30 till
1521 1499 16 28 1
1551 1498 61 30 200
1629 1499 48 30 kr.

340 1550 204 31 Akademien
570 1550 97 31 anför
692 1550 123 38 vidare,
843 1550 101 31 bland
970 1554 111 33 annat,
1109 1554 45 27 att
1181 1551 191 31 akademien
1399 1551 11 30 i
1436 1551 72 31 sina
1534 1551 166 31 äskanden
1728 1562 49 20 om

298 1606 114 38 anslag
432 1606 53 32 till
508 1607 39 30 de
569 1606 308 31 statsunderstödda
899 1606 207 31 orkestrarna
1129 1607 86 38 gång
1238 1606 86 31 efter
1346 1617 109 20 annan
1476 1607 123 31 uttalat
1622 1607 157 38 farhågor

299 1654 53 37 för
375 1662 86 30 vissa
485 1661 308 32 statsunderstödda
817 1662 355 38 orkesterföreningars
1197 1662 207 31 fortbestånd
1429 1663 43 37 på
1496 1663 109 37 grund
1630 1673 40 20 av
1694 1662 85 31 otill-

298 1717 223 38 räckligheten
542 1718 10 29 i
572 1717 40 31 de
631 1718 114 38 anslag
765 1728 40 20 av
825 1721 65 27 stat
910 1718 58 30 och
988 1718 163 36 kommun,
1172 1728 68 21 som
1261 1719 50 30 stå
1331 1719 51 30 till
1403 1718 197 38 förfogande
1621 1719 54 31 för
1694 1730 84 27 upp-

298 1771 222 31 rätthållande
543 1782 41 20 av
606 1771 93 31 deras
721 1772 215 30 verksamhet.
960 1773 58 30 Att
1042 1772 106 31 denna
1171 1776 83 27 trots
1278 1772 193 39 otillbörligt
1494 1774 73 37 låga
1592 1774 90 30 löner
1705 1773 73 30 allt-

297 1826 83 37 jämt
402 1827 113 31 kunna
537 1827 159 37 bedrivas,
719 1828 95 30 torde
835 1828 52 31 till
910 1831 68 28 stor
1001 1828 52 31 del
1075 1829 77 30 böra
1176 1828 181 31 tillskrivas
1380 1829 202 31 musikernas
1605 1829 172 38 offervilja

298 1885 59 30 och
384 1884 94 31 deras
507 1885 264 37 förhoppningar
799 1895 51 20 om
877 1885 108 30 bättre
1013 1885 255 30 levnadsvillkor
1296 1895 114 28 genom
1438 1885 40 31 de
1507 1885 272 38 anslagsgivande

298 1940 291 38 myndigheternas
618 1940 100 31 ökade
747 1940 102 31 insikt
879 1951 51 20 om
958 1941 189 37 betydelsen
1178 1952 40 20 av
1247 1941 203 31 musikernas
1479 1942 103 30 insats
1612 1943 10 29 i
1651 1942 128 30 kultur-

296 1996 88 37 livet,
402 2006 68 20 som
487 1997 94 30 torde
598 1996 163 38 berättiga
777 1996 53 31 till
847 2006 121 21 samma
985 1997 128 38 hänsyn
1131 1997 58 30 och
1207 1997 203 32 omvårdnad
1429 1998 77 30 från
1524 1999 53 30 det
1596 1998 183 31 allmännas

297 2051 72 31 sida
392 2062 68 20 som
483 2052 114 38 övriga
620 2052 308 31 statsunderstödda
951 2053 179 30 kulturella
1154 2053 138 38 företag.

338 2108 205 30 Akademien
568 2107 183 38 tillstyrker
776 2107 180 31 motionens
980 2107 195 31 hemställan
1199 2119 51 19 om
1276 2118 39 21 en
1341 2108 180 38 utredning
1545 2120 40 19 av
1610 2109 85 30 löne-
1720 2109 57 30 och

296 2163 406 38 pensionsförhållandena
727 2164 54 30 för
804 2164 86 30 vissa
914 2163 306 31 statsunderstödda
1245 2164 356 37 orkesterföreningars
1625 2164 153 37 musiker,

296 2220 72 30 vari
385 2220 164 37 därjämte
566 2229 94 28 synes
675 2220 79 30 böra
770 2220 78 38 ingå
865 2223 43 27 ett
925 2220 224 37 övervägande
1166 2230 40 21 av
1222 2220 213 38 möjligheten
1452 2224 46 27 att
1513 2222 158 37 upprätta
1688 2222 90 29 ännu

297 2285 40 20 en
357 2275 301 39 orkesterförening
679 2276 72 30 med
774 2275 67 31 fast
862 2275 163 31 anställda
1046 2275 151 32 musiker.
1219 2276 67 31 Vid
1308 2287 40 20 en
1369 2277 92 37 dylik
1481 2276 181 39 utredning
1683 2287 96 22 anser

297 2331 191 31 akademien
518 2331 221 38 hovkapellets
771 2332 37 30 år
840 2332 79 29 1946
950 2332 213 37 genomförda
1194 2332 141 31 lönestat
1365 2332 178 38 lämpligen
1574 2332 78 31 böra
1683 2333 95 37 tjäna

295 2397 66 20 som
385 2387 152 38 ledning;
559 2387 225 30 minimilönen
805 2397 59 28 per
886 2387 118 30 månad
1025 2387 93 31 torde
1140 2387 81 31 dock
1242 2388 103 38 enligt
1367 2388 190 31 akademien
1578 2388 78 31 böra
1678 2390 100 30 sättas

296 2442 52 30 till
368 2443 59 29 500
446 2443 122 30 kronor
587 2442 10 30 i
617 2443 107 30 stället
745 2443 53 30 för
818 2444 60 29 475
897 2444 120 29 kronor
1036 2443 10 30 i
1066 2443 143 31 nämnda
1229 2444 148 32 lönestat.
1400 2444 74 31 Som
1496 2445 282 38 förläggningsort
