1876 2824
531 164 410 32 Konstitutionsutskottets
964 164 169 32 utlåtande
1157 175 40 21 nr
1222 166 31 30 2.
1623 167 11 30 1

840 581 59 40 NI
928 581 34 40 2.

615 691 109 23 Ankom
744 690 47 24 till
812 690 164 31 riksdagens
996 690 91 24 kansli
1108 691 53 24 den
1184 691 31 23 23
1238 690 121 24 februari
1382 690 66 25 1928
1470 691 36 23 kl.
1527 692 14 22 2
1562 698 22 17 e.
1606 698 35 17 m.

418 779 445 36 Konstitutionsutskottets
890 779 191 37 utlåtande
1109 779 14 36 i
1151 779 196 49 anledning
1376 791 44 25 av
1449 780 102 36 väckt
1572 792 72 24 mo-

473 851 73 35 tion
576 863 55 24 om
662 864 41 23 en
733 851 140 36 allmän
902 850 149 37 revision
1081 863 44 23 av
1149 851 299 49 folkförbundets
1476 852 71 35 akt.

195 955 16 31 I
247 965 41 22 en
324 954 94 32 mom
453 954 107 32 första
583 954 200 32 kammaren
808 954 99 32 väckt
931 955 139 40 motion,
1096 965 41 21 nr
1164 955 72 40 184,
1261 955 63 32 har
1347 955 78 33 herr
1449 956 194 41 Lindhagen

150 1008 182 40 hemställt,
373 1011 67 29 »att
476 1007 181 43 riksdagen
693 1008 78 32 ville
807 1008 62 33 hos
904 1008 127 42 Kungl.
1068 1008 97 42 Maj:t
1189 1008 125 42 begära
1338 1009 237 42 övervägande
1600 1020 43 22 av

151 1062 139 33 svenskt
325 1061 147 34 initiativ
507 1061 50 32 till
588 1072 42 22 en
655 1062 127 32 allmän
806 1062 146 32 revision
976 1072 44 23 av
1043 1062 276 33 folkförbundets
1355 1063 57 32 akt
1447 1063 10 31 i
1483 1064 87 41 syfte
1595 1067 47 28 att

151 1116 76 32 dess
251 1115 208 33 idéinnehåll
484 1117 56 30 må
563 1116 109 32 bättre
697 1120 173 29 motsvara
893 1116 201 32 förbundets
1118 1116 122 32 ideella
1263 1116 168 43 uppgift.»

196 1169 221 32 Beträffande
442 1169 249 42 motiveringen
716 1170 53 31 får
793 1170 162 32 utskottet
979 1170 144 32 hänvisa
1146 1170 51 32 till
1222 1170 181 33 motionen.

195 1366 121 32 Redan
339 1366 69 36 vid
426 1367 85 31 1924
535 1367 54 31 års
614 1366 137 42 riksdag
775 1366 186 33 framförde
986 1367 78 32 herr
1088 1366 203 43 Lindhagen
1315 1378 42 22 en
1374 1368 84 32 serie
1475 1368 166 33 motioner

150 1420 10 31 i
184 1420 108 32 första
315 1420 199 32 kammaren
539 1419 51 43 (nr
617 1419 185 43 146—155)
819 1420 78 32 med
914 1421 10 31 i
941 1420 183 33 huvudsak
1141 1431 131 22 samma
1289 1422 88 41 syfte
1394 1433 73 21 som
1483 1422 11 31 i
1511 1422 65 32 den
1593 1433 48 21 nu

150 1473 271 43 ifrågavarande,
457 1473 173 42 nämligen
665 1473 319 33 åstadkommandet
1019 1485 42 22 av
1086 1474 139 33 svenskt
1248 1475 147 32 initiativ
1418 1475 51 32 till
1493 1487 41 21 en
1559 1477 82 32 revi-

150 1527 72 33 sion
259 1538 44 22 av
322 1527 225 33 Nationernas
571 1527 169 33 förbunds
764 1528 66 40 akt,
857 1530 36 31 så
916 1532 48 28 att
989 1528 198 43 därigenom
1212 1528 75 33 dess
1311 1529 207 33 idéinnehåll
1536 1532 105 31 måtte

149 1582 109 32 bättre
295 1585 171 29 motsvara
500 1581 202 33 förbundets
738 1582 120 32 ideella
892 1582 146 43 uppgift.
1087 1582 50 33 De
1171 1582 177 43 riktlinjer,
1374 1583 85 33 efter
1483 1583 92 34 vilka
1599 1595 42 22 en

150 1635 107 32 sådan
292 1635 147 33 revision
475 1635 107 32 skulle
618 1635 68 40 ske,
717 1636 193 42 uppdragas
934 1636 11 31 1
968 1646 47 21 nu
1039 1636 223 33 förevarande
1288 1637 128 32 motion
1440 1638 49 31 uti
1515 1648 41 22 en
1580 1638 61 32 rad

149 1689 157 42 punkter,
332 1689 108 33 vilkas
464 1689 151 32 innehåll
638 1688 51 33 till
714 1689 56 32 det
794 1693 107 29 mesta
925 1694 189 29 motsvarar
1138 1690 67 33 vad
1229 1690 10 31 i
1264 1690 40 33 de
1323 1690 90 33 olika
1429 1691 213 33 motionerna

150 1742 57 33 vid
247 1743 85 32 1924
367 1744 53 31 års
457 1742 137 42 riksdag
618 1753 129 31 angavs
772 1745 112 30 såsom
908 1743 191 34 önskvärda
1123 1744 241 42 förändringar
1388 1745 10 31 i
1416 1744 225 34 Nationernas

149 1796 169 32 förbunds
342 1796 66 32 akt.

194 1849 171 33 Utskottet
389 1850 192 32 förklarade
608 1851 85 31 1924
717 1850 9 31 i
752 1850 57 33 sitt
832 1850 174 33 utlåtande
1030 1850 52 43 (nr
1109 1851 51 42 11)
1186 1856 80 28 över
1291 1852 96 33 dessa
1403 1853 175 40 motioner,
1594 1858 47 28 att

149 1904 163 32 utskottet
347 1904 10 31 i
393 1904 66 32 den
494 1903 263 43 framställning,
787 1915 74 22 som
884 1904 56 42 låg
963 1904 50 32 till
1036 1905 113 41 grund
1173 1906 54 31 för
1250 1906 229 33 motionärens
1503 1907 138 42 förslag,

150 1958 158 32 återfann
343 1958 137 42 mycket
515 1969 42 21 av
594 1958 66 32 den
687 1958 203 42 tankegång,
916 1969 74 22 som
1013 1958 88 33 varit
1126 1959 256 33 bestämmande
1407 1960 54 33 för
1486 1960 155 43 Sveriges

151 2011 162 43 ställning
336 2011 50 32 till
411 2012 64 32 och
498 2012 93 32 inom
616 2012 226 32 Nationernas
865 2012 161 32 förbund.
1067 2012 15 32 I
1107 2013 91 32 vissa
1222 2014 106 32 andra
1352 2014 93 32 delar
1469 2015 87 32 hade
1574 2026 68 22 mo-

149 2065 155 32 tionären
339 2066 114 31 berört
489 2065 174 33 önskemål
699 2066 217 32 beträffande
951 2066 196 40 förbundet,
1182 2078 56 21 om
1262 2068 92 31 vilka
1378 2068 180 42 riksdagen
1583 2069 58 33 vid

150 2118 108 32 andra
281 2118 155 33 tillfällen
461 2119 121 32 samlat
606 2119 60 42 sig.
692 2118 171 34 Utskottet
887 2119 115 33 kunde
1027 2119 116 33 därför
1166 2120 10 31 i
1201 2121 91 32 vissa
1316 2121 93 32 delar
1433 2123 134 32 ansluta
1591 2123 52 42 sig

149 2172 50 32 till
235 2172 42 32 de
301 2172 174 33 allmänna
499 2173 122 42 syften,
648 2184 74 21 som
746 2173 89 42 legat
858 2173 50 32 till
932 2173 111 42 grund
1067 2174 55 31 för
1146 2174 306 43 framställningen.
1477 2176 68 32 Vid
1569 2182 72 27 när-

150 2236 93 22 mare
279 2226 210 42 granskning
525 2237 42 22 av
603 2227 41 32 de
678 2226 89 33 olika
790 2227 171 42 förslagen
986 2227 85 32 fann
1096 2228 186 33 emellertid
1306 2229 162 33 utskottet
1491 2230 84 32 intet
1599 2241 41 23 av

150 2280 98 33 dessa
271 2291 82 22 vara
376 2291 44 22 av
445 2280 65 33 den
534 2280 250 40 beskaffenhet,
810 2285 48 28 att
882 2284 45 29 ett
951 2281 146 33 initiativ
1120 2282 78 32 från
1223 2282 198 43 riksdagens
1445 2284 73 32 sida
1541 2284 10 31 i
1576 2284 65 33 den

149 2334 101 40 form,
276 2334 210 33 motionären
511 2334 158 41 önskade,
694 2345 81 22 vore
798 2334 163 43 lämpligt.
1010 2335 15 31 I
1050 2335 66 32 den
1140 2338 81 30 mån
1245 2336 180 43 riksdagen
1449 2337 72 33 icke
1538 2338 102 33 redan

149 2387 84 42 givit
257 2388 133 42 uttryck
415 2390 33 31 åt
473 2388 52 33 sin
549 2388 221 42 uppfattning
794 2399 56 22 om
875 2388 40 33 de
940 2389 164 32 särskilda
1129 2390 219 42 spörsmålen,
1373 2402 80 22 vore
1478 2391 98 33 dessa
1599 2403 44 22 av

150 2441 64 33 den
251 2442 249 41 beskaffenhet,
525 2446 48 28 att
597 2446 46 29 ett
668 2443 138 32 svenskt
830 2442 144 33 initiativ
998 2443 169 42 knappast
1191 2444 113 33 kunde
1329 2445 126 43 främja
1479 2445 66 33 vad
1562 2457 80 21 man

150 2495 162 40 önskade;
338 2496 63 32 och
426 2496 56 32 det
505 2496 114 32 kunde
632 2496 185 39 förväntas,
832 2500 48 28 att
893 2496 126 42 Kungl.
1034 2497 106 42 Maj:t,
1155 2509 55 21 om
1225 2503 46 27 ett
1284 2498 107 42 dylikt
1405 2499 145 33 initiativ
1563 2511 79 22 vore

203 2556 109 34 Bihang
332 2557 44 27 till
393 2557 158 34 riksdagens
565 2558 136 33 protokoll
719 2559 79 27 1928.
837 2560 16 24 5
872 2558 76 28 saml.
986 2560 18 25 2
1023 2558 69 32 häft.
1112 2559 55 29 (Nr
1185 2561 89 31 2--3).
1565 2566 11 23 1
