2198 2630
742 151 277 32 Bankoutskottets
1042 153 163 31 utlåtande
1228 154 52 30 Nr
1308 155 48 30 12.
1761 155 40 31 37

376 229 98 46 45:0)
508 229 13 34 I
551 229 121 49 punkt
700 231 48 34 43
777 230 120 36 under
924 230 128 37 tionde
1081 230 237 36 huvudtiteln
1348 231 67 35 har
1444 231 138 47 Kungl.
1615 232 106 48 Maj:t
1751 232 95 36 före-

246 278 114 47 slagit
400 279 205 48 riksdagen
646 281 190 48 medgiva,
874 287 56 30 att
967 283 235 35 överläraren
1230 284 121 34 Johan
1384 284 110 34 Oscar
1521 284 199 45 Lindbergs
1748 284 99 36 änka

247 330 148 36 Andrea
437 332 187 35 Katarina
668 334 191 44 Lindberg,
904 333 87 36 född
1021 324 217 57 Örtenblad,
1268 334 69 36 och
1366 334 199 37 makarnas
1594 335 251 48 minderårige

246 393 68 23 son
361 382 139 44 Gustaf
533 385 118 34 Johan
693 387 60 33 må
791 384 83 36 från
903 385 70 36 och
1002 387 83 34 med
1115 386 73 35 den
1220 388 17 32 1
1269 385 96 50 april
1397 387 95 34 1916
1522 388 20 34 å
1571 386 188 37 allmänna
1788 388 56 35 in-

246 431 335 51 dragningsstaten
622 435 171 49 uppbära
835 436 122 48 årliga
999 437 214 46 understöd,
1257 437 123 35 änkan
1423 436 194 50 Lindberg
1657 438 83 36 med
1771 440 73 34 500

246 483 150 48 kronor,
439 488 40 33 så
519 486 113 47 länge
668 486 75 36 hon
772 487 181 36 förbliver
981 487 11 35 i
1020 488 65 35 sitt
1114 489 217 35 nuvarande
1359 489 221 45 änkestånd,
1610 489 70 36 och
1710 489 140 36 Gustat

245 535 126 36 Johan
399 536 195 49 Lindberg
622 537 83 36 med
738 539 72 34 100
838 538 140 36 kronor
1006 539 97 35 intill
1131 539 178 48 uppnådd
1340 539 100 36 ålder
1469 552 44 22 av
1545 542 45 33 18
1620 543 51 32 år.

376 638 204 47 Utskottet,
623 652 79 23 som
745 641 11 34 i
786 641 109 47 fråga
936 654 59 22 om
1026 642 72 35 den
1126 642 11 35 i
1167 642 155 36 ärendet
1350 642 210 48 framlagda
1592 643 253 46 utredningen

246 687 140 38 tillåter
427 689 60 49 sig
528 690 159 37 hänvisa
728 692 56 35 till
827 692 63 36 det
918 693 11 35 i
958 693 228 48 föregående
1215 694 162 47 punkter
1405 694 210 49 åberopade
1643 695 200 36 statsråds-

245 740 229 48 protokollet
501 746 91 32 över
620 742 404 39 ecklesiastikärenden
1053 745 62 36 (10
1144 745 35 36 h.
1210 752 25 28 t.
1265 745 68 36 sid.
1367 745 96 49 113),
1493 745 225 48 hemställer,

775 818 56 30 att
877 813 142 49 Kungl.
1068 814 127 47 Maj:ts
1233 814 291 47 ifrågavarande
1566 815 279 49 framställning

646 867 59 32 må
732 864 115 35 vinna
876 865 225 48 riksdagens
1129 865 115 36 bifall.

629 913 8 13 ,

374 981 100 49 46:0)
503 983 14 34 I
547 983 121 48 punkt
696 986 48 34 44
774 985 121 35 under
922 985 126 36 tionde
1077 985 238 36 huvudtiteln
1344 985 68 37 har
1439 986 142 49 Kungl.
1611 987 108 48 Maj:t
1747 988 96 36 före-

244 1034 116 48 slagit
395 1033 204 50 riksdagen
636 1035 188 49 medgiva,
860 1041 54 31 att
942 1036 362 37 verkstadsbiträdet
1332 1037 63 36 vid
1424 1038 171 37 tekniska
1623 1039 221 37 elementar-

244 1085 134 36 skolan
406 1086 11 35 i
447 1076 144 46 Örebro
636 1088 141 39 Gustaf
817 1089 114 35 Oskar
958 1090 150 35 Nilsson
1136 1091 60 34 må
1224 1089 82 36 från
1335 1089 70 37 och
1433 1090 85 36 med
1546 1091 187 36 månaden
1761 1096 84 31 näst

245 1137 96 36 efter
377 1138 84 46 den,
500 1138 46 36 då
574 1138 75 36 han
678 1140 158 35 erhåller
863 1140 266 49 entledigande
1158 1141 83 35 från
1271 1142 57 35 sin
1357 1141 215 49 befattning
1599 1142 64 37 vid
1692 1142 152 37 skolans

243 1189 191 48 verkstad,
464 1190 119 36 under
611 1191 56 35 sin
698 1192 237 36 återstående
963 1192 126 36 livstid
1117 1193 169 48 uppbära
1315 1207 20 22 å
1364 1193 188 37 allmänna
1575 1194 269 49 indragnings-

244 1246 123 31 staten
397 1255 45 22 en
472 1242 98 48 årlig
596 1243 160 47 pension
785 1257 47 21 av
862 1245 73 35 380
964 1244 148 36 kronor.

373 1344 72 36 Till
487 1345 62 35 det
576 1345 13 35 i
618 1346 315 48 nästföregående
974 1347 166 48 punkter
1182 1348 209 49 åberopade
1433 1349 410 48 statsrådsprotokollet

243 1400 91 31 över
375 1396 406 37 ecklesiastikärenden
822 1397 70 37 har
933 1398 413 49 departementschefen
1374 1400 12 35 i
1414 1400 102 36 detta
1553 1401 136 36 ärende
1718 1401 126 36 anfört

242 1447 184 49 följande:

373 1499 36 36 I
438 1512 46 23 en
517 1500 56 36 till
603 1500 139 49 Kungl.
772 1501 109 48 Maj:t
895 1502 125 47 ställd
1050 1502 218 49 ansökning
1296 1503 69 36 har
1391 1503 361 38 verkstadsbiträdet
1778 1505 64 36 vid

241 1551 175 36 tekniska
457 1552 339 37 elementarskolan
833 1554 12 35 1
884 1552 142 38 Örebro
1070 1554 140 37 Gustaf
1248 1554 122 37 Oskar
1409 1555 153 37 Nilsson
1592 1556 167 48 anhållit,
1790 1563 53 30 att

244 1602 139 37 honom
425 1606 115 34 måtte
586 1604 153 37 beredas
781 1606 159 48 pension
982 1606 63 36 vid
1088 1606 345 49 avskedstagandet
1473 1607 85 37 med
1600 1608 63 36 det
1692 1609 148 49 belopp,

243 1667 81 23 som
352 1655 126 36 kunde
506 1669 110 23 anses
645 1670 109 22 svara
782 1663 80 30 mot
890 1657 73 36 den
993 1658 192 48 avlöning,
1201 1658 75 36 han
1305 1659 12 35 i
1345 1659 60 36 sin
1424 1659 164 36 nämnda
1608 1660 234 49 anställning

242 1706 191 49 uppburit.

372 1758 16 35 I
417 1759 264 49 ansökningen
710 1760 68 35 har
804 1760 154 37 Nilsson
988 1761 138 36 anfört:

249 1855 14 5 -
372 1819 112 30 Under
505 1820 219 31 vårterminen
750 1821 81 30 1881
856 1821 84 31 hade
962 1821 131 31 Nilsson
1116 1822 150 31 anställts
1286 1822 54 30 vid
1358 1822 148 31 tekniska
1522 1823 319 32 elementarskolan
1822 1815 21 54 i

243 1862 122 31 Örebro
389 1864 108 29 såsom
520 1863 125 31 biträde
669 1865 34 29 åt
726 1865 246 30 verkmästaren
995 1865 54 31 vid
1065 1865 275 40 undervisningen
1356 1866 10 30 i
1383 1866 291 32 verkstadsarbete.
1710 1867 132 32 Nilsson

241 1905 84 31 hade
353 1906 102 31 sedan
477 1906 75 31 dess
575 1907 11 30 i
609 1907 142 31 nämnda
773 1909 164 40 egenskap
961 1910 171 30 oavbrutet
1155 1909 187 40 tjänstgjort
1364 1909 55 31 vid
1441 1910 114 31 skolan
1579 1910 74 31 med
1676 1911 167 39 undantag

242 1949 48 31 för
312 1949 55 31 vid
390 1960 76 30 pass
488 1952 50 29 tre
561 1951 155 31 månader
739 1952 104 31 under
866 1954 35 29 år
926 1953 92 37 1913,
1043 1953 41 30 då
1106 1953 65 30 han
1194 1955 42 38 på
1258 1953 105 40 grund
1379 1963 40 21 av
1438 1953 150 41 sjukdom
1604 1954 84 31 varit
1704 1955 137 31 hindrad

240 1996 50 28 att
323 1993 189 40 tjänstgöra.
559 1994 92 31 Hans
685 1994 215 41 tjänstgöring
933 1996 82 31 hade
1047 1997 151 31 omfattat
1229 1997 85 40 lägst
1336 1997 64 30 520
1423 1998 60 30 och
1506 1998 96 39 högst
1624 1999 64 30 945
1711 1999 131 30 timmar

241 2046 53 21 om
329 2039 78 29 året.
453 2037 113 32 Under
597 2040 35 29 år
664 2040 82 29 1916
769 2040 130 30 komme
924 2040 81 31 hans
1027 2040 216 40 tjänstgöring
1266 2041 101 39 enligt
1389 2042 178 39 beräkning
1589 2044 49 28 att
1659 2044 109 38 uppgå
1791 2043 50 30 till

240 2081 65 30 973
333 2081 139 30 timmar.
518 2081 92 31 Hans
640 2082 161 40 avlöning,
836 2093 71 21 som
930 2085 107 38 utgått
1060 2084 82 31 efter
1164 2084 204 40 timpenning
1390 2085 74 30 med
1487 2085 87 31 olika
1596 2085 118 41 belopp
1737 2086 104 31 under

240 2124 86 31 olika
361 2126 44 36 år,
435 2125 82 31 hade
540 2126 111 30 växlat
674 2126 71 31 från
768 2126 84 39 lägst
876 2127 64 30 330
964 2127 117 31 kronor
1103 2129 42 29 50
1168 2132 55 26 öre
1246 2130 36 28 år
1307 2129 83 29 1882
1413 2129 49 30 till
1485 2129 95 39 högst
1605 2130 93 37 1,142
1722 2129 119 32 kronor

242 2169 35 29 år
303 2169 92 30 1915.
441 2168 64 31 För
528 2170 36 29 år
589 2170 83 30 1916
696 2170 202 31 beräknades
921 2170 63 31 den
1008 2171 48 31 till
1082 2172 94 36 1,182
1199 2172 120 30 kronor
1342 2172 41 30 75
1407 2177 63 26 öre.

371 2211 63 31 Vid
456 2212 93 31 sidan
572 2222 42 21 av
629 2213 51 42 sin
695 2214 210 31 verksamhet
919 2216 108 29 såsom
1043 2215 297 31 verkstadsbiträde
1356 2215 83 31 hade
1455 2215 131 32 Nilsson
1602 2216 84 31 varit
1700 2217 140 31 anställd

240 2265 71 21 som
335 2255 187 40 slöjdlärare
546 2257 53 30 vid
623 2257 122 31 Örebro
768 2257 91 31 stads
882 2258 185 31 folkskolor.
1103 2259 84 31 Från
1211 2259 107 31 denna
1334 2259 183 40 befattning
1532 2260 84 31 hade
1632 2260 63 31 han
1713 2260 128 31 erhållit

1896 243 140 31 Angående

1895 277 109 30 pension
2022 277 27 23 åt

1886 312 168 23 överläraren

1882 347 25 23 J.
1929 347 28 25 O.
1977 347 81 23 Lind-

1888 383 72 30 bergs
1979 382 68 23 änka

1883 417 45 23 och
1946 417 112 23 minder-

1894 451 71 32 årige
1983 459 54 16 son.

1920 487 94 46 [43.]

1896 996 140 32 Angående

1888 1032 113 30 pension
2020 1032 27 23 åt

1895 1068 145 22 verkstads-

1912 1102 111 23 biträdet

1866 1136 28 24 G.
1910 1136 28 25 0.
1951 1137 115 24 Nilsson.

1917 1173 92 46 [44.,]

1861 1518 206 30 Departements-

1918 1553 96 31 chefen.
