2219 2696
725 219 249 33 Statsutskollets
997 221 170 32 Memorial
1191 221 62 32 N:o
1278 223 72 30 167.
1762 224 16 30 1

931 664 86 49 N:o
1047 664 93 48 167.

784 830 79 30 Ank.
888 831 48 28 till
959 831 110 30 Riksd.
1096 832 101 29 kansli
1222 832 59 29 den
1306 835 39 26 24
1369 832 59 38 maj
1456 836 92 34 1906,
1572 834 42 28 kl.
1641 835 17 26 2
1685 844 25 19 e.
1737 844 39 18 m.

423 978 197 36 Memorial
648 980 185 46 angående
860 980 316 46 stalsregleringen
1199 980 69 45 för
1296 982 43 34 år
1366 983 114 34 1907.

1572 1084 55 49 (RB.
1657 1084 60 49 A.)

355 1234 121 38 Sedan
518 1235 84 36 icke
631 1236 162 37 allenast
822 1236 191 50 beloppen
1042 1238 41 36 af
1108 1238 45 36 de
1181 1239 84 36 utaf
1289 1238 220 50 Riksdagen
1537 1239 190 49 beviljade
1756 1253 65 23 an-

225 1288 83 48 slag
348 1287 127 37 blifvit
517 1287 41 37 af
595 1287 221 50 Riksdagen
849 1288 210 50 bestämda,
1087 1295 92 32 utan
1209 1291 70 37 ock
1307 1291 45 37 de
1381 1304 165 24 summor
1572 1291 128 37 blifvit
1727 1292 93 36 fast-

225 1339 147 48 ställda,
414 1340 156 36 hvartill
611 1340 104 36 såväl
757 1341 249 37 statsverkets
1049 1342 189 37 ordinarie
1279 1343 210 37 inkomster
1525 1357 81 23 som
1634 1343 87 37 tull-
1750 1344 70 36 och

222 1391 253 50 postmedlen,
505 1391 446 51 bevillningsafgifterna
979 1394 61 36 för
1068 1395 185 36 särskilda
1280 1395 191 37 förmåner
1491 1396 70 36 och
1579 1395 240 49 rättigheter,

225 1444 326 49 stämpelmedlen,
597 1444 652 52 brännvinstillverkningsskatten,
1297 1447 295 49 sockerskatten,
1636 1448 184 37 inkomst-

226 1495 163 49 skatten,
432 1496 302 49 punschskatten
776 1497 70 36 och
887 1498 245 37 maltskatten
1175 1499 60 37 för
1276 1502 40 33 år
1358 1501 97 35 1907
1486 1500 107 36 skola
1621 1500 198 48 beräknas,

227 1547 195 37 äfvensom
453 1547 123 37 beslut
604 1548 132 37 fattats
765 1549 197 49 angående
992 1550 276 50 dispositionen
1297 1551 40 37 af
1360 1551 252 37 riksbankens
1639 1552 105 36 vinst
1761 1552 60 37 för

227 1602 41 33 år
312 1601 109 46 1905,
464 1600 59 36 får
564 1600 296 49 statsutskottet,
886 1602 156 48 jämlikt
1071 1605 46 34 39
1149 1602 21 50 &
1198 1603 398 49 riksdagsordningen
1624 1604 59 36 för
1710 1604 110 36 Riks-

227 1651 125 49 dagen
393 1652 219 48 framlägga
652 1652 200 37 resultatet
894 1653 41 36 af
973 1655 348 48 statsregleringen
1357 1656 120 48 jämte
1519 1656 73 36 den
1632 1656 191 36 utskottet

226 1702 206 49 åliggande
461 1703 209 49 utredning
699 1704 40 36 af
762 1704 392 49 riksgäldskontorets
1182 1707 124 37 behof.

354 1755 146 36 Härvid
541 1756 69 36 har
650 1756 189 37 utskottet
875 1757 98 37 dock
1001 1758 96 37 först
1126 1763 55 32 att
1209 1759 143 49 afgifva
1379 1759 177 49 yttrande
1585 1759 107 37 öfver
1719 1759 102 37 vissa

224 1806 150 48 väckta,
417 1811 101 32 ännu
561 1807 202 50 oafgjorda
792 1808 145 50 förslag
965 1815 98 31 samt
1092 1811 196 48 angående
1318 1815 115 32 sättet
1461 1811 58 36 för
1549 1811 205 37 anvisande
1783 1812 42 36 af

225 1858 103 36 vissa
357 1859 294 49 anslagsbelopp
681 1859 86 37 med
796 1873 115 35 mera,
939 1864 49 46 på
1016 1867 74 31 sätt
1117 1862 68 37 här
1213 1863 124 36 nedan
1366 1876 124 36 synes.

354 1963 18 36 I
391 1963 288 49 propositionen
700 1965 199 47 angående
919 1966 250 37 statsverkets
1188 1967 171 37 tillstånd
1379 1967 70 37 och
1464 1967 118 37 behof
1594 1968 68 36 har
1676 1966 142 51 Kungl.

224 2014 110 49 Maj:t
375 2016 211 48 föreslagit,
629 2020 55 32 att
721 2018 124 35 såsom
874 2017 167 50 tillgång
1069 2019 64 36 vid
1161 2019 248 37 förevarande
1438 2020 294 49 statsreglering
1760 2023 61 33 må

225 2067 185 36 beräknas
440 2069 75 36 dels
545 2068 41 36 af
609 2068 213 37 öfverskott
852 2072 20 33 å
904 2071 98 35 1904
1031 2073 60 34 års
1120 2071 292 50 statsreglering
1440 2074 202 46 3,463,000
1667 2072 152 48 kronor,

226 2120 74 36 dels
342 2121 62 35 ock
448 2120 41 36 af
525 2120 116 36 femte
683 2120 282 38 hbufvudtitelns
1008 2123 188 36 allmänna
1235 2123 250 50 besparingar
1525 2129 54 31 ett
1614 2124 139 50 belopp
1783 2124 42 36 af

227 2172 162 46 200,000
418 2171 151 37 kronor.

354 2223 85 36 Med
481 2223 178 37 afseende
700 2225 92 36 härå
832 2224 213 39 innehåller
1084 2227 415 50 statsrådsprotokollet
1539 2228 106 37 öfver
1681 2228 138 37 finans-

225 2274 168 37 ärenden
420 2275 60 37 för
508 2276 74 36 den
613 2278 44 36 13
682 2276 152 49 januari
864 2279 97 35 1906
991 2278 178 50 följande.

312 2336 74 31 Bih.
412 2336 51 32 till
487 2336 111 32 Biksd.
622 2336 89 33 Prot.
737 2339 94 31 1906.
867 2339 20 31 4
914 2339 98 33 Saml.
1059 2342 18 29 1
1103 2339 77 41 Afd.
1228 2340 63 34 108
1314 2339 95 40 Häöft.
1454 2340 79 40 (N:o
1562 2340 80 36 167.)
1758 2340 15 31 1
