2219 2694
750 215 250 32 Statsutskottets
1025 214 168 32 Memorial
1216 213 62 33 N:o
1302 215 72 31 167.
1782 214 19 31 3

1117 294 210 49 Transport
1355 294 142 38 kronor
1552 295 215 49 3,356,850:
1789 303 42 27 76

301 344 275 50 odisponerade
604 345 302 49 behållningar
894 340 23 59 å
933 359 47 23 en
1004 346 61 37 del
1085 352 107 32 extra
1213 351 111 32 stats-

251 397 146 49 anslag,
427 397 123 49 enligt
578 398 187 37 särskilda
794 397 239 38 föreskrifter
1054 430 237 6 ..............

301 457 154 37 hvadan
484 425 63 69 det
580 457 150 50 belopp,
761 471 81 24 som
869 459 104 48 finge
1001 459 212 37 öfverföras
1241 432 86 64 från

251 509 458 50 statsregleringsfonden
738 510 60 37 till
819 510 166 37 »fonden
1003 511 60 37 för
1081 512 245 37 reserverade

250 561 158 48 medel»,
437 562 179 49 utgjorde
638 594 84 4 ........
734 594 36 4 on
1267 596 14 4 .
1359 564 141 38 kronor
1554 566 213 46 3,462,703:
1788 574 56 27 23.

379 591 243 60 Beträffande
651 594 247 58 sistnämnda
915 594 111 69 fond,
1048 595 163 57 hvilken
1231 596 117 69 utgör
1376 630 47 23 en
1452 617 12 36 i
1492 594 355 60 rikshufvudboken

248 666 172 49 upplagd
437 666 163 37 särskild
615 666 169 49 räkning
812 667 108 37 öfver
940 645 213 60 öfverskott
1172 667 71 38 och
1261 667 168 38 brister
1411 641 22 81 i
1452 669 394 49 statsregleringarna,

250 718 97 36 hade
389 718 276 38 statskontoret
706 719 13 36 i
756 719 60 37 sin
844 719 250 38 omförmälda
1122 719 200 38 skrifvelse
1349 721 145 37 lämnat
1521 734 47 24 en
1595 717 251 73 redogörelse,

251 770 140 37 hvaraf
427 770 233 50 framginge,
692 777 56 31 att
776 767 275 97 behållningen
1079 776 21 33 å
1127 772 292 88 ifrågavarande
1447 773 92 37 fond
1567 774 63 36 vid
1661 775 98 35 1904
1788 776 59 34 års

1414 429 22 18 -
1593 401 174 45 105,852:
1787 409 43 26 47

250 822 136 49 början
414 823 180 49 utgjorde
646 856 60 4 .....
1358 825 141 37 kronor
1529 828 239 45 13,942,914:
1789 835 57 27 78.

377 874 53 36 Af
455 875 104 36 detta
586 856 146 69 belopp
752 856 224 57 anvisades
985 876 13 36 i
1008 856 129 57 1904
1153 879 61 34 års
1215 856 113 57 riks-

249 931 76 32 stat
354 932 55 31 att
438 926 85 37 från
552 927 141 37 fonden
720 931 94 46 Utgå
846 960 164 4 me.mmemme
1077 960 74 4 nee
1299 962 14 2 enn
1414 958 21 19 »
1553 931 214 46 6,752,000:
1783 951 61 15 —

381 986 71 37 Om
481 987 58 37 till
568 989 220 36 återstoden
810 1022 16 2 =
834 1022 293 2 secmm——mmvmmvv
1183 1022 96 4 svs
1299 1022 14 4 sc
1357 991 141 36 kronor
1555 993 212 46 7,190,914:
1789 1001 41 25 78

248 1039 104 37 lades
381 1039 248 38 förenämnda
682 1074 38 2 ...
890 1074 86 2 dr
1077 1074 96 4 rede
1229 1074 84 4 eine
1414 1072 21 18 »
1553 1045 215 46 3,462,703:
1789 1053 42 26 23

379 1101 230 49 uppkomme
639 1115 46 23 en
714 1115 146 23 summa
889 1074 73 64 af.
1309 1136 2 4 .
1355 1105 142 36 kronor
1530 1105 238 47 10,653,618:
1788 1114 58 37 01,

249 1152 155 37 hvartill
433 1153 121 58 enligt
582 1153 73 37 den
681 1153 188 38 afslutade
887 1135 366 56 rikshufvudboken
1261 1136 66 56 be-

249 1204 228 49 hållningen
505 1207 20 34 å
553 1205 143 37 fonden
724 1206 64 36 vid
819 1208 99 35 1904
939 1209 60 34 års
1020 1207 75 36 slut
1114 1208 212 49 uppginge.

379 1256 57 37 Då
456 1257 114 36 häraf
586 1258 122 48 enligt
729 1260 98 35 1906
849 1261 61 34 års
929 1258 158 37 riksstat
1106 1259 116 36 redan
1237 1273 90 23 vore

249 1308 249 50 disponerade
528 1342 98 2 .......
1415 1341 21 19 »
1553 1313 213 46 7,190,000:
1783 1333 51 5 —

301 1369 191 37 återstode
510 1375 53 31 att
578 1370 59 37 för
647 1344 201 63 NS
854 1344 341 116 statsregloringar
1202 1344 125 78 TT

250 1434 104 24 NETA
446 1454 38 2 jamen
1359 1425 140 36 kronor
1553 1426 215 47 3,463,618,
1788 1434 56 26 01.

376 1449 260 78 Beträffande
644 1456 380 68 statsregleringen
1032 1456 83 57 för
1132 1479 40 34 år
1202 1456 96 57 1905
1311 1456 86 57 har
1426 1453 420 82 departementschefen

250 1529 21 33 å
301 1526 68 36 sid.
403 1528 97 35 7—9
534 1527 12 35 i
575 1528 418 49 statsrådsprotokollet
1021 1528 192 37 meddelat
1242 1529 305 49 approximativa
1575 1529 271 48 beräkningar,

247 1578 140 36 hvaraf
423 1578 233 50 framginge,
700 1584 55 31 att
796 1579 362 38 nettoöfverskottet
1200 1583 20 34 å
1248 1581 124 36 denna
1401 1581 292 49 statsreglering
1721 1580 126 36 kunde

248 1630 189 37 beräknas
464 1634 130 46 uppgå
621 1631 58 36 till
707 1631 178 49 omkring
914 1633 202 47 6,000,000
1144 1632 151 37 kronor.

379 1733 16 37 I
424 1734 110 49 fråga
562 1748 62 23 om
653 1735 195 37 anlitande
876 1735 59 37 för
964 1735 343 50 statsregleringen
1336 1736 40 36 af
1399 1737 98 36 visst
1516 1736 139 50 belopp
1675 1736 43 36 af
1733 1736 116 36 femte

249 1786 282 37 hufvudtitelns
569 1787 190 37 allmänna
792 1788 253 49 besparingar
1072 1788 71 36 har
1171 1788 133 37 chefen
1333 1789 59 36 för
1418 1788 431 50 finansdepartementet

249 1837 59 37 till
336 1838 164 37 nämnda
528 1840 380 49 statsrådsprotokoll
937 1840 136 48 anfört,
1104 1845 66 44 att,
1200 1840 120 49 enligt
1348 1841 100 37 hvad
1472 1840 138 37 chefen
1630 1841 58 36 för
1712 1839 135 50 sjöför-

250 1890 416 50 svarsdepartementet
685 1892 200 47 meddelat,
908 1892 59 36 för
986 1869 315 60 nästkommande
1322 1895 59 34 års
1407 1893 295 48 statsreglering
1720 1892 128 36 kunde

250 1947 92 32 utan
371 1942 207 50 olägenhet
606 1943 222 50 disponeras
856 1957 48 23 en
933 1944 59 37 del
1021 1944 41 36 af
1086 1944 45 37 de
1159 1944 259 50 besparingar,
1449 1958 80 24 som
1556 1947 174 47 uppstått
1759 1947 20 34 å
1803 1944 46 37 de

249 1994 124 37 under
401 1995 116 36 femte
545 1995 260 38 hufvudtiteln
825 1996 187 50 uppförda
1033 1997 144 48 anslag.
1219 1997 56 36 De
1297 1997 187 36 allmänna
1508 1997 300 49 besparingarna
1827 1999 21 33 å

248 2046 168 37 nämnda
445 2047 135 49 anslag
607 2048 201 49 uppgingo
838 2048 195 49 nämligen
1062 2049 122 48 enligt
1208 2048 355 38 rikshufvudboken
1582 2049 66 36 vid
1671 2050 98 36 1904
1789 2051 59 34 års

251 2099 74 36 slut
344 2099 59 36 till
424 2101 164 46 632,426
610 2100 142 37 kronor
772 2102 45 34 37
841 2106 74 31 öre.
947 2100 121 37 Däraf
1082 2101 98 36 hade
1198 2101 122 36 under
1339 2103 41 34 år
1403 2102 97 36 1905
1521 2101 41 36 af
1577 2100 142 50 Kungl.
1741 2100 109 50 Maj:t

251 2150 59 36 för
351 2150 100 37 olika
493 2152 175 36 ändamål
710 2152 240 49 disponerats
979 2158 54 31 ett
1061 2152 137 50 belopp
1229 2152 41 37 af
1295 2154 162 46 379,532
1486 2153 141 36 kronor
1657 2155 44 34 17
1733 2158 75 42 öre,
1836 2153 13 35 i

251 2202 95 50 följd
387 2203 140 37 hvaraf
549 2204 65 36 vid
643 2204 236 37 sistnämnda
908 2207 60 34 års
997 2204 75 37 slut
1101 2205 42 36 af
1166 2205 176 48 nämnda,
1371 2205 65 36 vid
1467 2206 97 36 1904
1593 2208 60 34 års
1681 2205 75 37 slut
1783 2204 65 37 be-

251 2255 158 48 sparade
451 2255 123 37 medel
615 2257 167 36 återstod
824 2270 48 24 en
913 2270 147 23 summa
1103 2257 39 36 af
1181 2259 165 46 252,894
1383 2257 141 37 kronor
1552 2259 48 35 20
1630 2263 75 31 öre.
1762 2257 85 37 Med
