1874 2838
502 169 304 31 Bankoutskottets
832 169 177 31 utlåtande
1034 169 48 31 Nr
1109 169 48 30 25.
1565 165 14 29 I

753 507 60 40 Nr
841 507 62 41 20.

639 620 111 24 Ankom
768 620 43 23 till
830 620 155 29 riksdagens
1003 619 87 24 kansli
1108 620 52 23 den
1181 617 30 25 10
1230 619 70 30 april
1322 616 64 26 1942
1405 618 35 24 kl.
1462 616 31 26 12
1513 625 35 17 m.

293 714 182 31 Utlåtande
493 716 10 29 i
524 715 185 36 anledning
730 724 42 21 av
791 714 123 37 Kungl.
933 714 119 37 Maj:ts
1069 715 216 36 proposition
1305 713 177 37 angående
1503 713 77 37 dyr-

513 765 166 37 tidshjälp
701 765 35 31 åt
758 766 92 29 vissa
871 766 224 36 pensionärer
1117 764 56 30 vid
1196 774 42 20 av
1260 767 110 27 staten
1395 764 186 37 övertagna

513 816 158 30 enskilda
692 817 196 36 järnvägar.

114 918 14 29 I
152 927 42 20 en
219 917 68 30 den
311 918 20 29 6
354 926 92 21 mars
471 918 83 29 1942
578 917 217 36 dagtecknad
821 916 217 37 proposition
1062 926 41 20 nr
1129 917 71 35 125,
1228 925 75 21 som
1327 915 177 31 hänvisats
1530 915 50 30 till

69 967 302 31 bankoutskottets
399 967 252 30 förberedande
678 967 269 36 handläggning,
977 968 65 29 har
1070 967 122 36 Kungl.
1223 966 111 37 Maj:t,
1363 966 112 30 under
1502 964 77 32 åbe-

69 1019 154 34 ropande
242 1028 43 20 av
307 1017 261 37 propositionen
592 1018 106 36 bilagt
723 1018 124 36 utdrag
872 1027 42 20 av
941 1016 376 37 statsrådsprotokollet
1341 1017 80 30 över
1449 1016 130 30 finans-

69 1068 151 31 ärenden
243 1068 56 31 för
326 1077 134 21 samma
486 1068 77 36 dag,
587 1068 177 36 föreslagit
786 1068 185 36 riksdagen
994 1067 168 37 medgiva,
1189 1070 50 27 att
1265 1066 232 38 dyrtidshjälp
1524 1076 55 21 en-

69 1118 61 37 ligt
149 1119 10 30 i
182 1118 261 37 propositionen
466 1118 186 30 förordade
672 1118 151 36 grunder
845 1117 59 31 må
924 1118 112 30 under
1058 1116 201 38 budgetåret
1287 1114 137 42 1942/43
1446 1127 43 20 av
1514 1120 65 27 tra-

69 1168 165 31 fikmedel
254 1169 171 30 utbetalas
446 1169 52 30 till
523 1169 5 29 i
547 1168 261 37 propositionen
824 1168 148 36 angivna
994 1168 354 37 pensionärsgrupper
1370 1168 58 30 vid
1451 1177 42 21 av
1514 1170 65 28 sta-

71 1222 55 28 ten
145 1220 188 36 övertagna
353 1219 157 31 enskilda
534 1219 195 39 järnvägar.

115 1294 115 37 Enligt
251 1295 114 30 beslut
388 1304 42 20 av
457 1294 82 31 1941
564 1293 55 31 års
643 1294 142 37 riksdag
815 1293 109 39 (prop.
949 1304 43 20 nr
1018 1294 73 36 242,
1116 1294 103 30 skriv.
1247 1303 41 20 nr
1311 1292 75 39 358)
1419 1294 65 30 har
1511 1294 69 29 sär-

70 1336 90 31 skild
180 1336 234 38 dyrtidshjälp
436 1336 159 37 beviljats
617 1335 35 32 åt
668 1336 132 31 sådana
823 1336 140 37 tjänste-
988 1337 66 30 och
1079 1335 358 38 familjepensionärer
1458 1335 60 31 vid
1539 1345 43 21 av

69 1382 111 28 staten
203 1381 187 35 övertagna
415 1379 158 31 enskilda
598 1378 196 38 järnvägar,
823 1388 74 21 som
920 1379 77 30 icke
1022 1378 104 37 enligt
1148 1379 160 36 gällande
1334 1378 248 36 författningar

69 1422 56 36 ägt
147 1420 137 38 åtnjuta
307 1421 251 38 dyrtidstillägg
581 1431 42 20 av
643 1422 200 29 statsmedel
865 1421 21 30 å
909 1422 80 29 dem
1010 1421 263 30 tillkommande
1296 1420 182 36 pensioner
1500 1421 81 29 eller

69 1464 198 30 understöd.
289 1464 264 30 Bestämmelser
573 1463 11 30 i
603 1465 116 28 ämnet
733 1464 47 30 ha
797 1463 173 30 utfärdats
989 1471 123 28 genom
1130 1463 205 35 kungörelse
1357 1463 66 29 den
1442 1463 42 29 28
1505 1461 75 37 juni

73 1507 80 30 1941
181 1506 53 39 (nr
250 1505 77 39 648)
350 1505 178 37 angående
545 1505 231 38 dyrtidshjälp
795 1504 36 31 åt
848 1505 92 30 vissa
958 1504 223 37 pensionärer
1201 1503 80 31 från
1298 1513 42 21 av
1356 1507 111 27 staten
1486 1505 94 29 över-

72 1552 101 33 tagna
196 1549 159 30 enskilda
377 1548 196 38 järnvägar.

114 1590 287 37 Dyrtidshjälpen
420 1590 117 36 utgick
559 1590 109 30 under
690 1590 110 30 första
820 1588 157 31 halvåret
1001 1589 80 30 1941
1105 1588 80 30 med
1209 1589 38 29 10
1272 1591 143 34 procent
1439 1589 65 29 och
1529 1591 51 27 ut-

70 1632 59 37 går
153 1634 111 29 under
292 1633 149 36 löpande
468 1631 168 37 budgetår
662 1632 81 30 med
766 1633 39 29 15
831 1634 143 34 procent
999 1640 42 21 av
1067 1631 171 30 särskilda
1266 1630 314 36 tilläggsunderlag,

69 1676 198 30 beräknade
291 1675 11 30 i
328 1675 150 36 enlighet
503 1675 80 30 med
607 1674 264 30 föreskrifterna
897 1674 9 30 i
934 1673 270 37 kungörelserna
1232 1673 68 30 den
1328 1674 39 29 18
1393 1672 77 37 juni
1498 1673 83 30 1925

74 1718 53 37 (nr
149 1718 74 38 275)
252 1719 67 29 och
341 1719 66 29 den
432 1719 39 29 15
492 1718 76 35 juni
592 1718 82 29 1923
704 1717 54 37 (nr
780 1716 90 37 267).
895 1717 363 36 Tilläggsunderlagen
1279 1716 60 29 äro
1362 1715 37 31 så
1411 1715 168 30 utforma-

69 1761 52 35 de,
145 1764 48 27 att
214 1761 41 30 de
276 1762 108 28 sämst
405 1759 125 31 ställda
553 1758 130 32 erhålla
707 1769 43 20 en
773 1759 136 30 relativt
931 1760 108 28 större
1061 1757 208 36 förbättring
1290 1775 45 3 —
1358 1757 57 30 vid
1436 1766 42 21 en
1503 1757 77 36 dyr-

70 1802 165 37 tidshjälp
258 1801 171 38 utgående
452 1802 87 30 efter
563 1802 38 30 15
624 1804 142 34 procent
790 1800 118 37 uppgå
933 1799 147 31 sålunda
1104 1800 41 30 de
1169 1799 154 31 faktiska
1346 1799 162 36 tilläggen
1533 1798 48 30 till

69 1846 41 29 24
133 1848 141 33 procent
299 1855 42 20 av
364 1845 40 30 de
427 1845 111 35 lägsta
560 1844 176 36 pensions-
761 1844 81 30 eller
865 1843 381 35 understödsbeloppen
1269 1859 46 4 —
1339 1842 65 30 och
1429 1844 50 27 att
1503 1841 77 37 dyr-

70 1887 165 37 tidshjälp
257 1887 31 36 ej
311 1887 172 30 beräknas
508 1885 20 31 å
547 1889 48 27 ett
617 1887 105 34 högre
745 1885 291 36 pensionsbelopp
1059 1886 45 28 än
1127 1885 63 29 400
1213 1884 130 30 kronor
1364 1884 55 29 för
1440 1882 140 31 månad.

113 1929 217 36 Berättigade
349 1929 49 29 till
421 1928 155 30 nämnda
600 1927 232 37 dyrtidshjälp
858 1928 73 29 äro:
961 1926 29 38 1)
1022 1926 24 30 f.
1072 1927 31 29 d.
1128 1925 352 36 befattningshavare,
1506 1934 74 20 som

69 1972 79 29 med
174 1971 147 36 pension
345 1971 80 30 eller
453 1970 144 30 därmed
620 1969 193 36 jämförligt
837 1969 190 30 understöd
1051 1966 114 38 avgått
1189 1966 81 31 från
1300 1967 105 37 tjänst
1429 1967 59 29 vid
1515 1967 66 29 den

68 2013 157 31 enskilda
251 2012 201 37 järnvägen,
478 2012 108 29 innan
613 2012 113 29 denna
751 2010 184 37 övertagits
961 2019 42 21 av
1029 2013 120 32 staten,
1176 2010 82 29 eller
1285 2018 75 21 som
1388 2007 154 37 övergått
1570 2007 10 30 i

70 2058 126 28 statens
223 2055 204 36 järnvägars
455 2053 107 37 tjänst
587 2054 10 29 i
618 2054 171 29 samband
814 2053 80 30 med
918 2052 244 36 övertagandet
1189 2054 85 27 utan
1300 2054 49 27 att
1373 2051 46 29 ha
1444 2050 138 31 erhållit

69 2098 193 36 befattning
287 2096 21 31 å
335 2096 93 31 aktiv
454 2099 67 27 stat
548 2097 64 29 och
642 2096 195 29 sedermera
864 2095 81 29 med
971 2094 146 37 pension
1142 2094 81 30 eller
1251 2093 188 30 understöd
1465 2091 115 37 avgått

70 2139 79 30 från
167 2140 156 30 nämnda
345 2139 119 36 tjänst;
485 2137 31 39 2)
544 2139 119 34 änkor,
683 2138 89 29 barn
792 2138 65 29 och
877 2136 118 36 övriga
1017 2135 167 36 anhöriga
1204 2135 50 30 till
1276 2134 130 31 sådana
1423 2135 24 29 f.
1470 2135 32 30 d.
1523 2135 56 29 be-

68 2182 309 35 fattningshavare,
398 2181 11 29 i
427 2181 66 30 den
514 2179 82 31 mån
617 2180 98 30 dessa
736 2179 168 36 anhöriga
926 2180 65 34 äga
1013 2177 135 37 åtnjuta
1169 2177 146 36 pension
1334 2177 81 30 eller
1437 2176 144 30 därmed

69 2223 192 36 jämförligt
277 2223 189 30 understöd
484 2223 9 29 i
511 2222 186 35 anledning
710 2231 42 20 av
770 2221 255 35 anställningen
1041 2220 58 29 vid
1118 2220 65 29 den
1201 2219 157 30 enskilda
1375 2218 204 37 järnvägen;

70 2269 89 26 samt
181 2265 31 38 3)
246 2266 121 34 änkor,
392 2265 87 29 barn
507 2265 66 29 och
598 2263 116 36 övriga
741 2262 168 36 anhöriga
935 2262 50 29 till
1013 2261 349 35 befattningshavare,
1393 2269 75 21 som
1498 2260 81 29 avli-

70 2308 49 29 dit
143 2307 106 30 innan
273 2307 190 37 järnvägen
486 2305 182 35 övertagits
692 2314 41 20 av
759 2307 121 32 staten,
911 2304 2 29 i
937 2304 66 29 den
1029 2302 82 30 mån
1134 2303 99 29 dessa
1257 2301 167 36 anhöriga
1443 2303 64 34 äga
1531 2300 48 31 åt-

69 2348 99 37 njuta
190 2348 110 31 sådan
323 2348 144 36 pension
493 2348 80 29 eller
598 2346 122 30 sådant
744 2346 200 30 understöd.

115 2389 240 38 Dyrtidshjälp
383 2388 100 37 utgår
512 2389 88 29 dock
622 2388 75 30 icke
727 2388 49 29 till
805 2386 140 36 tjänste-
976 2387 66 29 och
1071 2385 369 36 familjepensionärer,
1470 2385 110 29 vilkas

69 2433 182 35 pensioner
275 2433 82 29 eller
377 2431 188 30 understöd
589 2429 116 37 uppgå
729 2430 50 29 till
803 2430 81 29 eller
907 2428 170 35 överstiga
1099 2428 41 29 de
1165 2427 262 34 sammanlagda
1451 2425 128 31 förmå-

69 2484 70 26 ner,
163 2484 74 21 som
258 2474 59 30 vid
339 2482 134 21 samma
499 2472 160 36 tidpunkt
685 2472 195 29 tillkomma
901 2470 243 30 motsvarande
1167 2469 223 37 pensionärer
1413 2467 78 31 från
1514 2471 65 27 stla-

113 2530 109 33 Bihang
233 2531 42 25 till
287 2531 167 31 riksdagens
466 2529 145 33 protokoll
624 2529 74 25 1942.
719 2529 17 24 8
747 2527 81 25 saml.
854 2527 37 23 Nr
908 2527 111 24 25—27.
1534 2524 13 23 1
