1920 2798
515 138 121 29 Första
657 135 242 37 lagutskottets
923 132 175 32 utlåtande
1120 143 41 20 nr
1184 133 52 29 27.

293 228 10 29 (
313 223 164 32 Gällande
501 220 154 38 lydelse.)

1609 124 19 29 ut

1086 216 226 37 (Föreslagen
1333 214 155 38 lydelse.)

832 321 20 29 6
877 320 28 36 S.

165 395 65 31 Om
255 393 195 37 delgivning
476 392 64 30 och
565 389 187 38 inkallelse,
778 396 74 22 som

119 448 9 29 i
156 447 21 30 3
201 447 21 37 $
251 446 88 37 sägs,
366 442 213 39 föranstalte,
605 440 145 38 såframt
775 449 77 27 par-

121 501 55 27 ten
205 496 122 31 därom
357 493 210 39 framställer
599 492 158 37 begäran,
788 491 66 29 rät-

119 550 55 28 ten
193 548 82 30 eller
293 546 76 31 dess
387 543 218 39 ordförande.

835 856 20 29 8

167 932 68 29 När
255 931 110 30 rätten
384 927 79 32 från
481 927 49 36 sig
549 924 118 37 skiljer
684 922 80 37 mål,
782 921 72 32 vari

122 985 77 34 part
223 980 142 37 åtnjutit
392 979 45 30 fri
463 976 186 37 rättegång,
675 974 88 31 skall
788 974 67 29 rät-

121 1037 67 32 ten,
208 1032 64 31 där
289 1034 122 34 parten
432 1028 139 37 jämlikt
590 1028 16 29 7
628 1027 19 37 $
668 1025 188 31 förklarats

122 1083 160 36 förlustig
305 1081 105 36 sagda
432 1077 150 38 förmån,
605 1076 168 37 förplikta
796 1075 59 30 ho-

123 1143 82 22 nom
234 1136 49 27 att
311 1132 125 30 ersätta
465 1128 202 32 statsverket
697 1125 159 33 kostnad,

123 1194 75 22 som
217 1183 107 37 enligt
340 1183 30 35 3,
391 1183 19 28 4
431 1181 82 31 eller
531 1180 18 30 5
569 1180 19 36 8
609 1178 113 31 skolat
738 1176 118 38 gäldas

124 1246 42 21 av
193 1235 178 31 allmänna
399 1231 125 35 medel;
556 1230 87 30 dock
671 1229 187 30 ankomme

123 1286 47 37 på
199 1286 112 30 rätten
340 1287 49 28 att
416 1284 118 35 pröva,
568 1290 57 21 om
654 1279 65 31 och
748 1279 11 29 i
791 1277 66 31 vad

124 1336 82 32 mån
228 1335 124 32 sådant
374 1332 190 38 åläggande
585 1332 63 30 bör
672 1330 59 32 ske
752 1329 11 30 i
785 1329 72 34 fall,

124 1387 44 32 då
189 1387 147 31 beslutet
355 1394 58 21 om
436 1382 201 33 förmånens
658 1380 199 37 upphöran-

125 1439 42 30 de
185 1437 168 38 grundats
375 1433 118 38 därpå,
518 1436 48 28 att
585 1433 57 30 det
663 1431 56 37 för
736 1433 123 34 parten

126 1489 135 37 funnits
292 1496 82 21 vara
401 1495 42 21 av
472 1485 97 36 ringa
600 1481 183 38 betydelse,
812 1482 48 29 att

126 1540 87 29 hans
228 1539 94 30 talan
341 1537 121 29 vinner
475 1533 178 38 prövning.

174 1740 74 30 Har
279 1740 87 35 part,
399 1747 75 20 som
510 1735 140 37 åtnjutit
681 1734 45 37 fri
760 1734 100 29 rätte-

127 1790 100 38 gång,
247 1791 33 36 ej
300 1788 187 39 förklarats
509 1783 354 39 ersättningsskyldig,

131 1850 79 21 men
238 1843 126 33 tappar
389 1840 207 35 motparten,
623 1835 104 31 varde
754 1834 108 31 sådan

129 1890 196 37 skyldighet
349 1889 110 31 denne
488 1887 111 38 ålagd,
625 1886 64 30 där
712 1886 70 29 han
808 1894 56 21 en-

129 1942 60 36 ligt
205 1941 56 36 lag
274 1941 39 29 är
327 1939 121 37 pliktig
464 1937 103 38 gälda
582 1936 172 31 vinnande
769 1937 93 35 parts

131 1988 354 39 rättegångskostnad.

176 2441 112 29 Vinna
312 2439 121 30 makar

936 388 91 36 Part,
1043 395 74 21 som
1134 385 153 36 åtnjuter
1303 384 46 38 fri
1363 381 188 38 rättegång,
1568 380 58 32 må

902 438 33 37 ej
956 439 5 30 i
976 436 102 31 målet
1094 435 185 39 förpliktas
1294 434 156 37 gottgöra
1464 434 159 29 statsver-

893 489 57 30 ket
967 488 187 36 ersättning
1172 486 51 31 till
1243 484 159 39 offentlig
1421 484 206 38 försvarare,

894 539 71 31 tolk
982 539 81 30 eller
1081 537 187 37 stenograf,
1286 536 82 31 eller
1384 534 148 31 kostnad
1551 543 75 22 som

894 590 103 37 enligt
1014 588 180 39 föreskrift
1212 589 12 29 i
1240 585 322 39 rättegångsbalken
1584 593 42 22 av

896 641 175 30 allmänna
1097 637 112 33 medel
1236 637 109 38 utgått
1368 636 56 38 för
1451 635 176 36 bevisning

893 701 118 21 varom
1026 691 110 30 rätten
1152 689 189 37 självmant
1354 685 228 40 föranstaltat.

941 923 70 30 När
1028 922 110 30 rätten
1160 919 79 32 från
1259 920 50 36 sig
1327 918 121 36 skiljer
1467 916 69 32 mål
1557 915 72 31 vari

896 976 77 34 part
998 972 140 37 åtnjutit
1165 971 45 31 fri
1236 969 186 37 rättegång,
1450 968 87 30 skall
1563 968 66 29 rät-

898 1028 64 32 ten,
980 1024 65 30 där
1063 1025 122 34 parten
1205 1021 140 37 jämlikt
1367 1022 16 28 7
1405 1020 18 37 $
1443 1018 187 32 förklarats

897 1074 158 37 förlustig
1079 1073 106 37 sagda
1208 1071 149 36 förmån,
1380 1069 167 37 förplikta
1570 1068 60 30 ho-

897 1135 82 21 nom
1010 1128 50 27 att
1089 1125 126 30 ersätta
1250 1122 203 31 statsverket
1482 1119 148 32 kostnad

898 1186 73 21 som
996 1175 104 37 enligt
1125 1175 29 36 3,
1180 1175 19 29 4
1222 1174 83 30 eller
1330 1173 19 30 5
1373 1172 18 38 8
1415 1171 113 31 skolat
1551 1169 80 38 utgå

898 1237 41 21 av
966 1227 178 30 allmänna
1174 1225 124 35 medel;
1328 1223 89 31 dock
1445 1222 187 31 ankomme

898 1277 44 38 på
958 1279 111 29 rätten
1087 1280 50 27 att
1154 1277 109 35 pröva
1280 1284 57 21 om
1354 1274 65 30 och
1438 1274 11 30 i
1466 1273 66 30 vad
1548 1271 82 31 mån

901 1327 123 32 sådant
1053 1326 191 38 åläggande
1270 1326 63 30 bör
1361 1325 60 30 ske
1448 1324 11 30 i
1488 1323 72 35 fall,
1588 1321 45 32 då

898 1380 146 30 beslutet
1076 1387 57 21 om
1166 1375 203 32 förmånens
1405 1372 229 38 upphörande

900 1430 164 36 grundats
1090 1426 119 38 därpå,
1236 1430 49 27 att
1312 1426 56 30 det
1393 1425 133 38 funnits
1551 1431 84 22 vara

901 1490 42 21 av
961 1481 97 35 ringa
1078 1476 174 39 betydelse
1269 1477 55 37 för
1344 1479 122 34 parten
1484 1477 48 28 att
1545 1474 89 30 hans

903 1532 90 29 talan
1019 1530 121 29 vinner
1165 1528 180 37 prövning.
1373 1526 180 36 Föreligga
1582 1523 53 31 så-

902 1582 91 30 dana
1017 1579 293 37 omständigheter
1334 1586 75 22 som
1435 1585 96 22 avses
1557 1577 10 30 i
1593 1575 40 30 31

904 1632 79 37 kap.
1007 1632 20 30 2
1050 1632 19 36 $
1094 1628 334 39 rättegångsbalken,
1452 1626 58 31 må
1533 1625 103 32 betal-

902 1681 298 38 ningsskyldighet
1215 1680 33 37 ej
1266 1679 137 37 åläggas
1422 1680 131 34 parten.

947 1733 71 30 Där
1040 1733 32 36 ej
1094 1734 88 35 part,
1204 1740 75 21 som
1304 1730 140 36 åtnjutit
1467 1728 45 37 fri
1534 1728 101 30 rätte-

902 1784 98 37 gång,
1025 1783 103 36 enligt
1157 1783 110 37 första
1293 1779 132 38 stycket
1449 1778 188 39 förklarats

903 1834 134 37 skyldig
1054 1834 48 29 att
1122 1831 176 38 återgälda
1314 1829 149 32 kostnad
1481 1839 74 20 som
1573 1828 64 31 där

905 1894 107 29 avses,
1035 1883 88 31 skall
1146 1882 110 31 sådan
1280 1880 195 37 skyldighet
1499 1879 138 37 åläggas

908 1937 150 34 motpart
1092 1933 81 30 eller
1208 1941 117 21 annan
1359 1940 74 21 som
1458 1931 103 35 enligt
1586 1929 54 35 lag

908 1984 109 31 skulle
1045 1984 87 30 varit
1158 1982 122 37 pliktig
1307 1984 50 28 att
1381 1981 156 36 gottgöra
1562 1988 77 28 par-

906 2039 56 26 ten
999 2033 202 31 kostnaden.
1242 2032 68 30 Rör
1351 2031 104 30 målet
1496 2029 144 30 allmänt

906 2086 78 37 åtal,
1009 2085 57 30 må
1091 2084 187 36 åklagaren
1305 2081 183 39 förpliktas
1513 2081 126 30 ersätta

908 2135 200 36 kostnaden,
1133 2144 58 20 om
1213 2134 70 29 han
1308 2132 102 31 väckt
1430 2131 103 31 åtalet
1557 2133 82 28 utan

901 2185 88 37 skäl;
1014 2186 64 29 har
1099 2182 221 38 målsägande
1344 2184 81 28 utan
1447 2181 76 30 skäl
1544 2181 89 36 giort

911 2235 170 37 angivelse
1108 2234 81 30 eller
1218 2233 97 39 eljest
1340 2232 163 37 föranlett
1529 2230 114 35 åtalet,

911 2285 55 30 må
985 2286 10 28 i
1013 2284 66 30 den
1098 2283 218 37 omfattning,
1336 2291 74 20 som
1431 2281 113 37 finnes
1564 2280 77 29 skä-

908 2336 55 37 lig,
987 2332 402 37 ersättningsskyldighet
1414 2330 64 30 ock
1503 2330 138 35 åläggas

912 2386 138 29 honom.

1268 2432 130 36 slycket
1419 2439 106 21 avses.
