2190 2711
434 203 39 32 20
876 202 83 41 Lag-
969 197 181 51 Utskottets
1165 201 174 34 Utlåtande
1364 202 61 33 N:o
1448 204 53 30 37.

520 282 118 37 Under
680 283 68 36 den
788 283 206 46 diskussion,
1036 296 73 23 som
1137 283 155 48 föregick
1321 283 93 36 detta
1443 282 123 37 Första
1595 283 233 36 Kammarens
1855 283 122 47 beslut,

388 336 165 48 uttalade,
596 336 112 36 under
749 336 225 36 erkännande
1004 336 38 36 af
1066 336 281 46 rättmätigheten
1378 336 39 35 af
1441 336 187 48 anspråket
1656 336 44 48 på
1728 349 43 23 en
1800 335 178 46 lagförän-

389 390 112 47 dring,
543 389 231 47 hvarigenom
816 390 134 35 bördan
992 389 37 36 af
1067 389 410 48 väghållningsbesväret
1520 389 50 35 till
1603 389 116 47 någon
1748 389 54 35 del
1830 389 149 47 lyftades

388 443 79 36 från
508 443 66 36 den
611 442 12 36 i
663 442 132 36 mantal
824 445 89 33 satta
941 442 130 47 jorden,
1101 443 41 34 de
1170 442 100 35 flesta
1298 442 132 35 talarne
1459 442 65 35 den
1553 442 152 47 mening,
1733 445 51 32 att
1813 442 53 45 då,
1895 441 86 35 efter

389 496 100 37 deras
517 494 101 49 åsigt,
645 495 204 48 byggandet
877 495 65 36 och
970 495 221 36 underhållet
1219 495 38 35 af
1282 499 152 41 vägarne
1462 495 77 36 icke
1567 507 81 23 vore
1677 498 50 31 att
1755 506 83 24 anse
1865 494 115 36 såsom

389 562 43 24 en
473 548 493 49 kommunal-angelägenhet,
1001 549 38 34 så
1067 549 116 34 kunde
1212 548 175 48 fyrktalet,
1417 547 66 35 den
1512 548 51 35 för
1593 547 223 35 kommunala
1845 547 135 48 utskyl-

389 603 62 37 der
478 602 12 36 i
519 601 194 36 allmänhet
740 602 166 48 gällande
934 601 124 46 grund,
1086 602 77 35 icke
1191 600 189 48 lämpligen
1412 601 90 46 tjena
1530 600 53 35 till
1611 600 143 47 ledning
1783 600 51 34 för
1849 600 132 46 ifråga-

390 655 154 37 varande
585 655 141 35 besvärs
758 654 210 36 förändrade
997 654 207 45 fördelning,
1234 658 83 31 utan
1348 652 106 36 borde
1485 653 118 35 dervid
1635 660 98 39 tagas
1762 652 134 48 hänsyn
1930 652 48 35 till

391 710 68 35 den
500 707 136 36 direkta
670 710 99 44 nytta
798 707 93 35 olika
920 706 390 36 samhällsmedlemmar
1339 718 123 33 genom
1494 709 172 42 vägarnes
1690 705 227 45 begagnande
1947 703 38 35 af

392 762 77 34 dem
498 760 117 34 kunde
645 770 101 23 anses
774 759 145 47 åtrjuta.

519 811 69 35 För
630 811 341 47 sammanjemkning
1012 810 37 35 af
1075 810 216 36 Kamrarnes
1319 809 93 36 olika
1438 809 192 44 meningar,
1660 808 113 46 ansåg
1802 807 182 37 Utskottet

391 866 54 46 sig
484 865 85 35 böra
609 864 193 44 hemställa,
841 869 50 29 att
935 863 205 41 Kamrarne,
1170 868 20 29 å
1224 867 93 30 ömse
1346 862 93 34 sidor
1469 861 75 34 med
1573 860 250 35 fränträdande
1852 861 10 33 1
1893 861 91 34 vissa

392 918 95 35 delar
515 915 38 35 af
578 916 73 35 sina
679 916 92 35 förut
798 917 11 33 i
837 920 117 30 ämnet
983 916 127 34 fattade
1140 915 121 44 beslut,
1293 914 77 34 ville
1400 914 148 45 besluta,
1578 918 49 29 att
1658 911 201 48 Riksdagen
1878 912 105 34 måtte

392 970 11 35 i
444 968 219 47 underdånig
696 968 181 36 skrifvelse
906 968 151 45 anhålla,
1086 967 58 35 det
1175 967 131 35 täcktes
1337 965 138 44 Kong].
1497 965 98 47 Maj:t
1623 965 68 34 låta
1722 965 130 42 utreda,
1878 964 105 35 huru-

393 1022 81 35 vida
515 1021 75 34 icke
624 1021 245 47 skyldigheten
902 1027 50 28 att
980 1020 137 40 deltaga
1145 1020 11 34 i
1186 1018 288 45 vägunderhållet
1503 1018 43 47 på
1574 1017 120 35 landet
1722 1017 112 34 skulle
1865 1017 119 34 kunna

393 1073 145 46 åläggas
575 1073 74 35 dels
678 1073 42 35 all
757 1072 70 36 fast
854 1074 170 41 egendom
1054 1072 61 34 och
1146 1071 220 47 följaktligen
1396 1071 100 34 äfven
1526 1070 119 45 sådan,
1676 1070 154 43 hvilken,
1871 1068 113 35 ehvad

392 1126 69 35 den
489 1125 161 35 tillhörde
679 1131 113 29 staten
820 1126 83 35 eller
932 1124 134 36 enskild
1096 1136 134 35 persun,
1259 1123 124 35 hittills
1414 1123 87 34 varit
1530 1122 77 35 från
1636 1121 349 47 väghållningsskyl-

395 1177 120 47 dighet
543 1177 142 42 befriad,
714 1177 71 35 dels
814 1179 75 42 ock,
918 1178 110 35 ehuru
1057 1177 8 34 i
1097 1176 115 47 någon
1243 1176 131 34 mindre
1404 1174 201 48 proportion
1634 1178 44 30 än
1709 1173 175 45 fastighet,
1909 1172 75 35 alla

395 1230 88 45 dem,
525 1241 74 23 som
639 1230 125 34 idkade
807 1231 125 42 näring
974 1229 83 34 eller
1087 1229 135 42 rörelse,
1252 1235 89 27 samt
1371 1227 148 34 derefter
1548 1227 69 34 låta
1646 1225 158 35 utarbeta
1834 1225 64 34 och
1926 1224 54 35 för

396 1282 203 45 Riksdagen
628 1282 196 46 tramlägga
852 1282 130 44 förslag
1011 1280 53 36 till
1092 1280 187 35 förändrad
1311 1279 220 47 lagstiftning
1559 1279 11 34 i
1602 1283 125 30 ämnet.

525 1333 123 36 Denna
689 1334 210 36 hemställan
940 1333 72 36 blef
1050 1332 191 37 emellertid
1271 1332 37 35 af
1338 1332 89 34 båda
1456 1330 197 36 Kamrarne
1682 1330 169 46 afslagen,
1881 1329 10 34 1
1920 1329 66 34 den

397 1389 126 35 Första
552 1387 85 35 efter
664 1387 216 45 omröstning
910 1387 73 34 med
1016 1387 44 34 36
1091 1389 109 31 röster
1230 1391 69 28 mot
1328 1386 47 33 24
1404 1384 62 34 och
1496 1384 10 34 i
1536 1384 63 34 den
1630 1382 134 41 Andra,
1795 1381 86 35 efter
1908 1380 78 35 hvad

396 1439 314 47 förhandlingarna
746 1438 179 37 derstädes
958 1437 140 48 antyda,
1127 1436 297 47 hufvudsakligen
1454 1435 74 36 med
1561 1435 187 46 anledning
1778 1433 38 35 af
1839 1433 67 35 den
1935 1440 52 27 ut-

397 1493 105 48 gång,
529 1491 123 47 frågan
679 1492 11 34 i
718 1491 124 36 Första
870 1489 218 37 Kammaren
1117 1489 150 35 erhållit.

525 1543 69 36 Det
635 1547 38 31 är
709 1544 140 45 bekant,
878 1547 51 31 att
957 1542 129 46 Kongl.
1115 1541 101 48 Maj:t
1243 1541 171 35 infordrat
1442 1539 307 48 länsstyrelsernas
1777 1537 64 36 och
1870 1537 115 35 lands-

397 1597 139 46 tingens
578 1595 161 48 yttrande
779 1597 11 34 i
830 1596 101 45 fråga
972 1607 56 22 om
1062 1594 188 35 förändrad
1279 1593 222 46 lagstiftning
1530 1592 182 45 angående
1741 1589 246 48 skyldigheten

398 1652 50 33 att
490 1648 116 48 bygga
644 1647 66 36 och
751 1647 209 36 underhålla
997 1650 109 32 större
1133 1646 105 35 broar
1266 1645 65 35 och
1359 1644 118 47 färjor,
1507 1644 10 35 i
1546 1643 156 48 syftning
1730 1648 51 29 att
1809 1641 180 35 utsträcka

398 1702 94 35 detta
519 1701 125 35 besvär
674 1699 52 35 till
755 1700 68 35 alla
851 1699 87 46 dem,
968 1711 72 23 som
1069 1698 141 45 erlägga
1232 1696 398 47 kommunalutskylder,
1647 1695 62 35 och
1728 1699 59 35 att,
1805 1694 53 35 för
1874 1693 114 35 åstad-

398 1753 209 36 kommande
648 1752 38 34 af
723 1763 42 23 en
806 1753 154 46 jemnare
1001 1750 64 36 och
1097 1750 160 46 billigare
1297 1749 200 45 fördeluing
1538 1748 38 34 af
1613 1747 203 44 kostnaden,
1859 1754 129 37 antaga

397 1803 360 50 landstingsområdet
797 1804 12 35 i
851 1803 117 36 stället
1009 1803 51 35 för
1089 1802 143 35 bäradet
1260 1801 53 35 till
1342 1800 273 47 gemensamhet.
1672 1799 73 35 Och
1775 1797 214 36 beträffande

398 1856 221 47 Riksdagens
647 1856 104 35 ofvan
781 1857 160 45 berörda,
970 1856 68 34 den
1074 1857 35 32 11
1144 1854 71 46 Maj
1251 1855 92 34 1869
1375 1852 128 36 aflåtna
1532 1851 242 46 underdåniga
1804 1849 184 36 skrifvelse

400 1922 54 23 om
495 1908 151 47 ändring
686 1908 12 34 i
725 1908 164 46 gällande
917 1907 215 36 föreskrifter
1162 1906 148 35 rörande
1339 1905 244 47 skyldigheten
1612 1909 50 30 att
1689 1903 95 34 hålla
1813 1902 176 35 allmänna

399 1965 108 43 vägar
546 1961 12 35 i
598 1960 143 47 fargildt
774 1960 102 36 stånd
914 1960 220 44 vintertiden,
1163 1958 173 35 inhemtas
1365 1956 39 35 af
1428 1955 480 37 Justitie-ombudsmannens
1936 1953 53 34 till

398 2013 240 37 innevarande
674 2012 157 47 Riksdag
860 2011 134 47 afgifna
1019 2011 192 44 berättelse,
1240 2016 50 29 att
1317 2009 94 35 detta
1439 2009 140 46 ärende,
1608 2012 64 31 när
1700 2007 208 35 berättelsen
1938 2004 51 36 af-

399 2066 89 48 gafs,
516 2069 95 32 ännu
638 2064 77 36 icke
743 2065 53 35 till
824 2064 119 46 slutlig
971 2063 216 47 behandling
1217 2062 174 35 förevarit.

527 2116 70 37 Det
633 2117 62 35 vill
736 2116 106 36 häraf
878 2128 116 36 synas,
1035 2116 115 35 såsom
1192 2126 55 24 om
1276 2113 130 46 Kongl.
1436 2112 101 48 Maj:t
1565 2112 70 35 tills
1665 2112 119 34 vidare
1812 2111 130 34 lemnat
1969 2110 21 34 å

400 2170 73 37 sido
500 2169 126 47 frågan
654 2181 52 24 om
737 2167 497 49 väghållningsskyldigheten
1262 2167 11 35 i
1302 2165 206 42 allmänhet;
1538 2164 63 36 och
1630 2168 82 31 enär
1741 2163 56 35 det
1812 2162 38 36 af
1863 2161 126 48 Kongl.

400 2222 102 49 Maj:t
541 2221 204 36 framstälda
785 2221 132 45 förslag
958 2232 55 23 om
1056 2219 193 36 ordnandet
1290 2218 37 35 af
1366 2216 390 47 vinterväghållningen
1791 2214 77 36 icke
1897 2226 93 22 vann

402 2273 221 47 Riksdagens
651 2273 110 46 bifall,
791 2274 97 34 torde
916 2273 11 34 i
956 2273 113 34 denna
1086 2270 258 44 omständighet
1358 2269 112 35 finnas
1486 2268 382 48 förklaringsgrunden,
1885 2266 104 35 hvar-

402 2327 53 35 för
482 2331 79 44 nytt
588 2324 130 49 förslag
745 2325 11 35 i
785 2329 118 31 ämnet
931 2324 77 36 icke
1037 2324 114 35 blifvit
1179 2322 156 46 afgifvet.
