2240 2675
445 207 36 33 14
896 210 248 32 Statsutskottets
1175 210 167 34 Utlåtande
1366 212 61 32 N:o
1452 215 50 30 35.

398 287 186 38 tecknade
625 288 330 51 tjenstemännens
996 291 417 39 verksamhetsområde
1455 293 82 38 icke
1573 294 108 38 torde
1709 309 90 23 vara
1829 300 55 33 att
1912 296 77 37 för-

398 345 126 33 vänta.
581 341 69 37 Att
690 345 127 47 någon
860 343 223 51 minskning
1110 345 12 36 i
1150 345 109 37 dessa
1300 346 251 50 tjenstemäns
1594 348 102 36 antal
1736 348 83 37 icke
1861 349 128 37 kunde

397 399 141 32 motses
580 408 90 24 vore
711 396 153 49 tydligt,
907 397 46 36 då
997 398 208 37 anstaltens
1233 400 171 48 göromål
1433 400 40 36 af
1498 400 70 36 lätt
1596 400 156 38 insedda
1781 402 83 37 skäl
1892 402 97 37 hade

398 460 48 24 en
473 447 174 37 bestämd
674 449 162 37 tendens
866 454 55 32 att
948 455 107 32 växa.

527 500 53 37 På
608 502 124 49 grund
762 502 41 37 af
827 502 104 38 detta
959 503 66 37 sitt
1047 504 208 37 anförande
1270 504 70 37 har
1355 505 419 50 departementschefen
1788 507 201 51 föreslagit

398 553 73 37 den
502 553 267 51 aflöningsstat
797 555 61 37 för
876 556 526 51 riksförsäkringsanstalten,
1420 572 79 23 som
1515 559 121 37 finnes
1652 559 160 50 intagen
1827 561 13 36 i
1854 561 135 50 början

398 606 41 36 af
464 606 105 37 detta
596 608 204 37 utlåtande.
844 609 107 37 Efter
981 615 54 31 att
1063 610 130 37 vidare
1221 611 115 36 hafva
1363 611 171 37 förordat
1562 612 45 37 de
1637 612 195 38 derstädes
1845 614 144 49 jemväl

397 659 223 38 meddelade
649 660 174 38 vilkoren
851 661 60 38 för
940 662 281 50 aflöningarnas
1250 664 223 49 åtnjutande
1488 665 68 37 har
1571 665 416 50 departementschefen

397 712 137 46 anfört,
578 717 56 31 att
675 713 109 36 dessa
816 714 124 36 vilkor
967 715 12 35 i
1007 715 217 36 hufvudsak
1252 716 328 37 öfverensstämde
1604 718 86 35 med
1718 717 46 38 de
1793 719 61 36 vid
1883 719 104 37 löne-

393 763 240 51 regleringar
674 765 183 51 vanligen
900 766 239 38 föreskrifna.
1196 768 145 37 Endast
1368 769 12 36 i
1408 772 65 33 två
1514 769 246 38 hänseenden
1801 785 90 23 vore
1934 772 53 37 af-

394 816 165 38 vikelser
587 818 235 49 ifrågasatta.
878 820 83 37 Den
990 834 70 23 ena
1088 834 89 23 vore
1206 821 305 49 bestämmelsen,
1543 827 55 32 att
1626 822 133 38 chefen
1788 825 70 36 och
1877 825 110 48 byrå-

393 869 96 49 chef,
532 870 134 37 chefen
710 871 97 37 efter
851 874 45 34 10
933 873 69 36 och
1032 873 184 50 byråchef
1242 874 94 36 efter
1365 876 47 34 20
1441 875 184 49 tjensteår
1654 875 122 38 skulle
1805 899 50 4 —
1883 877 105 37 alltid

394 922 120 37 under
542 923 277 50 förutsättning
848 929 54 32 att
930 925 75 37 han
1033 929 161 47 uppnått
1224 928 45 35 65
1295 926 193 38 lefnadsår
1508 950 47 3 —
1576 941 92 23 vara
1687 928 210 51 förpligtad
1918 930 69 37 och

395 974 147 38 således
584 976 69 36 ock
694 977 215 49 berättigad
952 983 55 32 att
1048 979 89 49 afgå
1179 979 85 37 med
1292 979 93 37 fulla
1413 980 113 36 lönen
1555 983 125 34 såsom
1708 982 179 49 pension;
1917 983 70 37 och

393 1027 69 37 har
504 1028 420 50 departementschefen
964 1031 58 36 till
1065 1031 84 37 stöd
1190 1031 129 38 härför
1347 1032 143 37 erinrat
1518 1046 61 23 om
1608 1033 45 37 de
1683 1034 91 49 skäl,
1804 1048 80 24 som
1912 1036 75 36 för-

394 1080 130 37 anledt
562 1081 136 50 Kongl.
730 1082 108 50 Maj:t
866 1088 53 31 att
946 1083 138 37 föreslå
1113 1084 70 36 och
1216 1086 94 36 1898
1341 1088 59 33 års
1430 1086 172 49 Riksdag
1631 1091 55 32 att
1713 1087 149 38 besluta
1890 1093 96 33 mot-

394 1133 187 37 svarande
610 1134 267 38 bestämmelse
906 1136 59 37 för
992 1136 135 38 chefen
1154 1137 11 36 i
1195 1137 402 51 medicinalstyrelsen,
1627 1139 195 51 nemligen
1851 1145 56 33 att
1923 1141 63 37 det

393 1185 65 37 vid
498 1186 104 37 valet
643 1188 40 35 af
707 1188 136 36 chefen
872 1189 126 36 kunde
1027 1189 120 36 blifva
1176 1189 237 50 nödvändigt
1442 1196 52 30 att
1521 1194 50 45 gå
1598 1196 104 32 utom
1732 1193 253 50 statstjenste-

394 1243 186 32 männens
608 1238 72 49 led,
712 1240 69 36 och
809 1239 12 37 i
851 1240 96 50 följd
976 1241 110 37 deraf
1109 1241 233 50 lindringare
1367 1243 217 49 fordringar
1602 1244 13 36 i
1633 1244 109 50 fråga
1763 1258 60 24 om
1844 1246 141 37 antalet

394 1290 41 37 af
473 1290 45 37 de
559 1291 59 37 för
657 1292 161 50 pension
859 1293 191 50 behöfliga
1082 1294 211 50 tjenståren
1320 1295 92 37 böra
1439 1295 222 50 uppställas,
1692 1297 93 49 skäl,
1815 1298 130 37 hvilka
1973 1299 12 36 i

392 1343 112 49 fråga
540 1357 60 23 om
638 1350 54 32 ett
721 1345 134 37 sådant
884 1346 92 36 verk
1006 1359 80 24 som
1114 1346 511 51 riksförsäkringsanstalten
1653 1349 127 38 kunde
1810 1364 72 36 ega
1909 1351 76 36 till-

393 1396 200 50 lämpning
634 1398 113 36 äfven
790 1398 233 37 beträffande
1059 1398 282 50 byråcheferna.
1399 1400 82 37 Den
1511 1401 117 37 andra
1656 1402 211 38 afvikelsen
1895 1416 90 25 vore

393 1448 181 50 tillägget
615 1463 61 23 om
705 1450 270 50 skyldigheten
1005 1456 54 32 att
1086 1465 93 23 vara
1207 1452 257 37 underkastad
1494 1454 45 36 de
1568 1454 224 38 förändrade
1820 1456 165 36 bestäm-

395 1500 137 38 melsger
559 1501 11 37 i
598 1502 110 50 fråga
736 1516 61 23 om
825 1503 171 50 pension,
1027 1517 79 24 som
1135 1505 128 36 kunde
1291 1505 117 37 varda
1437 1506 195 49 stadgade,
1663 1512 54 32 ett
1736 1507 150 51 tillägg,
1903 1522 81 24 som

394 1554 107 36 stode
537 1554 12 36 i
586 1555 397 38 öfverensstämmelse
1025 1556 85 37 med
1152 1557 289 37 föreskrifterna
1475 1558 12 36 i
1515 1558 129 50 kongl.
1684 1560 302 50 kungörelserna

393 1605 73 37 den
496 1608 45 35 31
572 1620 100 24 mars
700 1609 70 36 och
799 1608 73 37 den
902 1611 45 34 21
979 1609 198 37 december
1209 1611 108 36 1900.

522 1659 240 38 Beträffande
792 1661 72 36 den
894 1661 40 36 af
960 1661 230 37 komiterade
1219 1662 57 37 för
1305 1675 185 37 expenser
1517 1663 120 37 under
1657 1664 73 36 den
1746 1665 118 37 första
1879 1666 106 37 tiden

393 1710 39 36 af
470 1712 210 37 anstaltens
708 1713 245 37 verksamhet
981 1717 123 33 såsom
1134 1714 225 50 erforderlig
1387 1715 165 37 ansedda
1581 1729 171 24 summan
1781 1717 40 37 af
1848 1719 136 48 19,500

392 1763 152 49 kronor,
587 1765 97 37 hade
726 1766 420 49 departementschefen
1187 1767 97 37 intet
1314 1772 114 32 annat
1457 1772 55 32 att
1541 1769 181 37 anmärka
1751 1775 47 31 än
1828 1775 54 32 att
1911 1771 73 37 den

389 1828 94 24 vore
525 1816 62 38 väl
629 1818 135 37 osäker
806 1819 69 36 och
917 1819 189 36 måhända
1139 1819 113 37 äfven
1280 1820 59 36 för
1366 1820 147 50 knappt
1540 1821 189 50 tilltagen,
1760 1822 68 37 och
1857 1823 127 37 derför

392 1873 132 44 syntes
552 1869 92 38 böra
672 1874 94 46 utgå
794 1874 122 34 såsom
945 1871 313 50 förslagsanslag.
1297 1872 88 37 Men
1405 1872 57 49 då,
1485 1873 96 37 efter
1595 1874 206 37 hvad
1700 1865 20 64 i
1740 1874 56 37 det
1815 1875 168 50 följande

391 1922 198 48 angåfves,
626 1923 146 49 jemväl
808 1923 207 37 arfvodena
1043 1927 38 34 åt
1108 1924 260 37 ledamöterna
1397 1925 41 37 af
1463 1926 522 51 arbetareförsäkringsrådet

390 1972 58 37 till
489 1973 135 51 belopp
665 1976 41 36 af
744 1976 282 49 sammanlagdt
1065 1977 110 46 1,500
1204 1977 141 37 kronor
1374 1991 60 23 om
1464 1980 80 35 året
1572 1983 132 45 syntes
1733 1980 129 37 kunna
1889 1984 94 46 utgå

391 2025 85 37 från
513 2039 144 25 samma
691 2028 134 49 medel,
856 2032 141 46 ansåge
1026 2029 431 50 departementschefen,
1487 2035 56 32 att
1571 2031 129 37 siffran
1730 2032 116 37 borde
1875 2033 107 50 höjas

390 2077 59 37 till
479 2080 138 48 21,000
644 2080 150 38 kronor.

519 2289 431 50 Departementschefen
978 2292 68 37 har
1074 2291 166 38 härefter
1269 2292 193 49 öfvergått
1481 2291 56 37 till
1551 2292 242 49 redogörelse
1809 2292 58 37 för
1882 2292 98 37 huru

389 2342 75 38 han
492 2342 111 38 tänkt
632 2343 70 50 sig,
733 2348 55 32 att
816 2344 73 37 den
918 2344 197 51 egentliga
1143 2344 536 51 försäkringsverksamheten
1703 2344 120 38 skulle
1843 2344 138 39 ordnas
