2225 2659
764 271 252 34 Statsutskottets
1046 270 167 33 Utlåtande
1238 270 61 32 N:o
1322 271 51 31 35.
1759 268 39 31 37

777 351 37 50 b)
845 356 55 32 att
941 351 85 37 från
1068 351 70 36 och
1180 350 86 37 med
1302 349 118 49 sagda
1449 351 39 34 år
1516 351 59 34 må
1605 346 144 50 årligen
1777 360 66 23 an-

647 404 145 38 vändas
820 404 59 37 till
909 403 243 37 bestridande
1181 403 40 37 af
1244 401 214 38 kostnaden
1486 401 58 37 för
1573 399 269 38 ortsombuden

648 456 225 49 förslagsvis
902 456 139 48 25,000
1070 456 158 44 kronor;

777 508 32 50 c)
840 514 55 32 att
935 508 182 37 likaledes
1157 508 84 36 från
1284 507 70 37 och
1382 506 87 37 med
1498 509 40 33 år
1570 506 96 36 1903
1695 508 60 33 må
1783 505 59 36 till

649 561 258 50 ersättningar
937 564 37 33 åt
1001 559 332 52 postsparbanken
1361 559 59 37 för
1447 558 225 50 uppbörden
1702 558 45 58 af
1764 558 76 36 för-

649 614 386 50 säkringsafgifterna
1078 614 70 36 och
1189 610 294 51 utbetalningen
1528 611 40 36 af
1592 615 250 44 ersättnings-

646 667 190 49 beloppen
865 666 148 50 årligen
1041 665 195 37 användas
1265 663 227 50 förslagsvis
1522 664 137 47 20,000
1685 663 156 46 kronor;

777 718 36 51 d)
843 724 57 32 att
941 718 121 37 under
1104 721 41 34 år
1193 719 97 35 1902
1334 719 60 34 må
1435 716 58 37 till
1534 715 244 38 bestridande
1807 715 41 37 af

649 771 491 50 organisationskostnader
1180 771 59 36 för
1282 769 189 38 anstalten
1508 768 193 37 användas
1729 768 116 49 högst

650 826 139 47 37,400
818 825 158 46 kronor;
1005 828 99 32 samt

777 876 33 50 e)
840 881 56 32 att
924 876 45 37 de
997 875 150 51 belopp,
1178 889 80 23 som
1289 874 157 37 sålunda
1471 873 205 48 användas,
1702 876 61 34 må
1782 877 58 32 ut-

647 932 50 46 gå
725 930 86 36 från
839 927 578 51 arbetareförsäkringsfondens
1441 925 298 38 intressemedel.

378 1032 224 39 Stockholm
631 1034 73 37 den
733 1036 21 35 8
785 1033 97 50 april
913 1034 108 36 1902.

755 1139 51 36 På
837 1138 304 37 statsutskottets
1169 1142 160 45 vägnar:

811 1242 113 38 CHR.
954 1241 320 38 LUNDEBERG.

860 1504 375 41 Reservationer:

376 1607 43 37 af
456 1607 89 37 herr
585 1610 47 35 D.
674 1610 166 47 Persson,
883 1609 157 37 hvilken
1082 1614 135 48 ansett,
1248 1614 54 32 att
1328 1610 208 37 utskottets
1563 1610 179 49 yttrande
1771 1610 69 37 och

248 1659 148 49 förslag
424 1660 87 37 bort
539 1660 114 37 hafva
681 1661 169 48 följande
878 1661 162 50 lydelse:

376 1711 154 38 »Såsom
559 1712 113 38 ofvan
701 1718 152 33 nämnts
881 1737 49 3 —
958 1737 50 3 —
1036 1737 49 4 —
1116 1714 53 50 (se
1198 1715 68 37 här
1295 1715 113 37 ofvan
1436 1714 67 38 sid.
1535 1715 165 50 31—33)
1723 1737 43 4 —
1793 1737 45 4 —

247 1787 49 4 —
326 1786 49 5 —
403 1765 103 37 inom
535 1770 147 33 statens
710 1767 168 37 centrala
906 1767 252 37 embetsverk.

377 1818 226 37 Kostnaden
644 1818 60 37 för
740 1819 73 37 den
843 1819 165 37 centrala
1036 1820 287 49 förvaltningen
1350 1820 67 36 har
1445 1818 41 38 af
1510 1819 233 37 komiterade
1773 1833 65 23 an-

247 1869 135 50 slagits
422 1870 59 36 till
522 1871 279 49 sammanlagdt
844 1873 136 47 60,000
1023 1872 149 49 kronor,
1215 1872 109 37 deraf
1361 1872 59 37 för
1463 1872 210 49 aflöningar
1701 1873 139 47 40,500

247 1921 139 38 kronor
427 1923 70 36 och
537 1923 59 36 för
638 1936 183 36 expenser
866 1926 136 47 19,500
1044 1925 150 36 kronor.
1250 1925 18 36 I
1310 1925 170 48 enlighet
1521 1925 85 37 med
1634 1925 206 37 utskottets

247 1974 197 37 uttalande
486 1988 62 23 om
588 1975 250 50 nedsättning
878 1976 12 36 i
932 1977 72 36 den
1045 1977 57 36 för
1130 1977 134 37 chefen
1292 1977 216 49 föreslagna
1536 1977 172 49 aflöning
1734 1978 107 36 torde

249 2026 64 37 det
340 2027 60 36 för
428 2027 282 50 aflöningarnas
738 2028 242 37 bestridande
1009 2034 198 45 upptagna
1235 2029 178 50 beloppet
1432 2029 168 37 minskas
1620 2030 85 36 med
1727 2031 112 47 2,000

246 2079 153 48 kronor,
430 2080 70 36 och
529 2079 122 38 skulle
681 2080 157 37 sålunda
857 2081 256 37 kostnaderna
1130 2082 12 35 i
1163 2082 58 36 sin
1240 2081 129 37 helhet
1388 2081 135 50 belöpa
1543 2082 60 49 sig
1621 2082 59 36 till
1701 2083 137 46 58,000

247 2131 153 37 kronor.
455 2132 57 36 Då
539 2132 115 37 bland
691 2146 237 36 expenserna
957 2134 42 36 af
1022 2134 235 37 komiterade
1285 2134 196 37 inräknats
1505 2135 144 49 jemväl
1676 2135 163 49 utgifter

247 2184 61 36 för
352 2184 236 37 anställande
631 2184 38 37 af
700 2190 108 32 extra
835 2186 134 36 räkne-
999 2187 70 36 och
1097 2186 332 37 kontorsbiträden
1457 2187 70 36 och
1555 2187 47 36 då
1630 2186 120 50 enligt
1778 2192 59 31 ut-

248 2236 166 36 skottets
442 2236 144 50 förslag
614 2237 179 49 samtliga
820 2238 232 49 tjenstemän
1081 2238 120 37 skulle
1223 2239 179 37 anställas
1422 2242 48 47 på
1490 2244 106 32 extra
1616 2244 86 43 stat,
1724 2253 113 36 synes

247 2288 64 37 det
338 2288 86 38 icke
445 2303 91 23 vara
557 2289 209 50 anledning
786 2295 55 32 att
860 2290 64 37 vid
944 2291 214 49 beviljande
1180 2292 40 36 af
1235 2292 124 36 medel
1379 2292 177 49 särskilja
1576 2292 262 49 aflöningarna

247 2341 85 37 från
360 2341 125 50 öfriga
510 2342 85 37 med
614 2342 290 50 ifrågavarande
925 2343 237 50 förvaltning
1181 2343 180 38 förenade
1381 2345 217 48 kostnader,
1619 2350 91 32 utan
1729 2345 108 37 torde

334 2402 74 33 Bih.
434 2403 48 32 till
506 2403 111 32 Biksd.
642 2405 88 32 Prot.
759 2406 92 33 1902.
899 2406 20 31 4
942 2405 96 32 Saml.
1067 2408 17 29 1
1110 2404 76 42 Afd.
1211 2407 43 31 28
1276 2405 93 41 Häft.
1774 2407 18 30 6
