1910 2790
305 153 39 29 24

305 232 304 40 fordringsgångar
630 234 343 38 sammanhängande
996 235 69 29 fall.
1088 234 10 29 I
1123 233 96 39 fråga
1240 243 57 20 om
1318 234 53 30 för
1393 233 216 30 närvarande
1630 232 54 31 för
1705 232 88 30 vissa

304 278 353 38 personalkategorier
679 278 56 30 vid
759 278 211 30 riksbanken
995 279 63 29 och
1082 278 329 39 riksgäldskontoret
1436 277 199 39 tillämpade
1658 276 135 31 beford-

305 321 225 39 ringsgångar
549 332 99 29 synes
668 323 9 29 i
697 325 83 29 stort
798 327 62 26 sett
879 322 114 39 någon
1013 323 145 38 ändring
1179 323 73 29 icke
1272 323 8 29 i
1301 323 65 29 och
1386 322 55 30 för
1461 322 49 39 sig
1530 331 82 21 vara
1631 321 164 40 påkallad

304 376 43 20 av
363 367 300 38 löneregleringen.
683 368 11 28 I
715 367 94 39 dylik
826 367 308 39 befordringsgång
1154 367 167 38 ingående
1339 371 94 27 extra
1453 367 113 38 tjänst,
1586 376 73 20 som
1677 366 10 29 i
1706 376 87 20 sam-

304 411 92 30 band
416 412 78 29 med
512 412 290 38 löneregleringen
821 413 157 29 kommer
997 416 47 27 att
1064 413 184 29 betecknas
1269 411 113 31 såsom
1403 411 270 39 aspiranttjänst,
1695 419 98 30 synes

304 456 83 30 böra
406 455 128 31 åsättas
552 460 44 27 ett
613 457 351 38 lönegradsnummer,
983 467 73 20 som
1075 457 7 29 i
1103 456 96 39 fråga
1219 466 56 20 om
1293 459 94 27 extra
1405 457 143 38 tjänster
1566 456 9 29 i
1594 455 200 30 nuvarande

307 499 247 39 lönegraderna
585 502 103 29 1-—18
715 502 37 29 är
779 501 56 31 två
863 502 139 30 enheter
1028 502 105 38 högre
1159 502 63 29 och
1250 501 219 31 beträffande
1496 502 76 29 20:e
1598 501 64 30 och
1689 501 104 37 högre

306 543 202 39 lönegrader
533 545 37 30 är
596 554 41 21 en
664 545 101 30 enhet
791 546 106 37 högre
925 546 44 29 än
996 546 318 37 lönegradsnumret
1342 546 9 29 i
1381 546 65 29 den
1476 545 198 30 nuvarande
1698 548 93 27 extra

307 587 158 38 tjänsten.

350 632 13 28 I
384 632 92 30 detta
495 633 253 38 sammanhang
767 633 56 30 må
843 634 132 30 erinras
993 644 66 20 om.
1080 638 46 26 att
1148 635 109 30 beslut
1279 644 56 20 om
1356 634 183 30 införande
1557 643 41 21 av
1620 634 173 38 reglerade

305 674 348 40 befordringsgångar
681 676 53 31 för
762 677 66 30 viss
855 677 164 31 biträdes-
1047 678 63 30 och
1138 679 352 37 amanuenspersonal
1518 678 94 30 inom
1639 678 153 30 statsför-

305 718 198 39 valtningen
525 720 118 30 fattats
667 730 41 20 av
734 721 233 31 innevarande
991 722 54 30 års
1069 722 139 37 riksdag
1240 722 474 39 (Statsverkspropositionen,
1740 730 51 30 ge-

306 771 216 23 mensamma
541 763 116 39 frågor
678 774 23 21 s.
726 766 38 28 10
783 764 53 36 ff.;
858 766 174 30 statsutsk.
1053 767 59 29 utl.
1133 776 40 20 nr
1197 768 50 33 12;
1270 766 103 30 riksd.
1395 767 67 30 skr.
1482 776 42 21 nr
1542 766 68 39 56).
1643 767 73 29 Den
1735 767 56 29 be-

304 805 134 32 slutade
455 808 210 38 regleringen
682 818 42 20 av
739 809 495 38 anställningsförhållandena
1254 811 52 29 för
1325 811 153 29 nämnda
1496 810 192 39 kategorier
1706 810 86 31 skall

306 850 62 38 äga
388 850 219 40 tillämpning
624 851 77 31 från
722 853 63 30 och
806 854 79 29 med
903 855 65 29 den
990 856 10 28 1
1024 854 60 38 juli
1108 855 80 29 1947
1211 856 63 28 och
1294 855 259 30 bestämmelser
1571 855 9 29 i
1600 855 115 31 ämnet
1733 855 59 29 äro

305 893 54 31 för
378 895 217 31 närvarande
614 896 109 30 under
742 898 234 30 utarbetande.

349 940 66 31 För
430 940 203 39 riksdagens
647 942 81 29 verk
743 942 64 30 har
819 942 354 39 befordringsgången
1192 943 52 29 för
1259 943 312 39 biträdespersonal
1587 943 65 30 den
1669 944 122 29 största

304 984 234 36 aktualiteten,
564 985 126 30 medan
717 986 155 30 däremot
899 988 351 37 amanuenspersonal
1278 987 120 30 endast
1426 987 113 30 finnes
1567 987 57 30 vid
1650 987 141 38 justitie-

303 1027 319 32 ombudsmannens
638 1029 197 37 expedition
854 1031 64 29 och
938 1031 56 30 vid
1013 1030 368 38 riksdagsbiblioteket.
1415 1031 299 31 Lönekommittén
1733 1031 58 30 vill

304 1070 150 38 förorda,
486 1076 48 27 att
563 1073 493 38 anställningsförhållandena
1088 1075 53 30 för
1173 1076 150 29 nämnda
1354 1076 353 38 personalkategorier
1736 1076 56 29 vid

304 1113 201 40 riksdagens
523 1117 81 29 verk
621 1117 146 38 regleras
786 1118 9 29 i
813 1117 232 40 huvudsaklig
1063 1120 341 30 överensstämmelse
1421 1120 80 29 med
1518 1120 67 30 vad
1603 1130 74 20 som
1695 1121 95 29 kom-

304 1167 71 21 mer
392 1162 49 27 att
459 1160 88 37 gälla
565 1160 53 30 för
637 1162 243 30 motsvarande
898 1163 192 37 kategorier
1107 1163 93 30 inom
1220 1164 64 29 den
1303 1164 117 38 övriga
1440 1163 350 39 statsförvaltningen.

891 1251 18 29 5
935 1249 30 39 8.
997 1250 92 39 (SAR
1114 1253 18 28 5
1156 1250 43 39 $$.)

347 1308 300 33 Lönekommittén
674 1311 58 30 vill
761 1312 237 38 understryka,
1025 1316 49 27 att
1101 1313 89 31 vissa
1219 1314 176 38 undantag
1422 1314 79 30 från
1530 1314 261 40 tillämpningen

302 1360 42 22 av
368 1352 304 32 bestämmelserna
698 1355 178 38 angående
901 1357 99 29 sättet
1025 1357 53 29 för
1102 1358 225 30 meddelande
1352 1368 41 20 av
1418 1359 90 30 vissa
1532 1359 258 30 förordnanden

308 1394 527 43 (vikariatslöneförordnanden)
867 1400 121 30 kunna
1013 1401 90 30 bliva
1133 1402 222 38 erforderliga
1383 1402 57 30 vid
1467 1404 220 29 riksbanken.
1728 1404 63 29 Det

303 1442 8 29 i
343 1443 303 31 bestämmelserna
677 1445 214 30 föreskrivna
925 1446 421 38 kungörelseförfarandet
1379 1457 101 28 synes
1511 1448 174 37 nämligen
1717 1448 74 30 icke

302 1485 185 40 lämpligen
509 1488 116 30 kunna
652 1487 171 40 tillämpas
848 1489 9 29 i
882 1489 98 39 fråga
1003 1500 55 20 om
1083 1490 130 30 sådana
1238 1491 157 38 speciella
1418 1491 371 31 vikariatsförordnan-

301 1528 75 37 den,
400 1539 75 21 som
500 1532 273 39 sammanhänga
796 1534 79 29 med
898 1533 316 40 övergångsplanen
1239 1536 52 29 för
1314 1535 147 32 banken,

889 1624 15 28 7
933 1621 29 40 8.
994 1623 92 36 (SAR
1113 1625 15 28 7
1154 1623 42 38 8)

345 1683 232 39 Erforderliga
606 1684 461 39 tjänstgöringsföreskrifter
1095 1686 53 30 för
1176 1687 200 38 riksdagens
1406 1688 232 30 vaktmästare
1664 1688 9 29 i
1701 1697 87 20 sam-

301 1726 93 30 band
416 1728 80 29 med
518 1727 178 39 ifrågasatt
719 1728 172 39 övergång
914 1729 50 30 till
985 1729 325 40 helårsanställning
1335 1731 61 30 hos
1419 1731 184 39 riksdagen
1625 1731 77 31 från
1725 1732 62 30 och

301 1770 78 30 med
399 1770 173 39 ingången
595 1781 43 20 av
663 1773 82 29 1948
769 1772 57 30 års
847 1773 141 39 riksdag
1009 1774 202 30 förutsättas
1233 1775 81 29 böra
1340 1775 134 37 intagas
1497 1775 10 29 i
1531 1776 256 38 tjänstgörings-

300 1813 191 39 ordningen
514 1815 54 30 för
589 1816 201 38 riksdagens
811 1817 260 38 ekonomibyrå.

873 1904 38 28 16
937 1901 29 40 8.
999 1902 91 39 (SAR
1114 1904 37 29 15
1170 1903 43 38 8.)

343 1962 240 32 Förevarande
606 1963 238 31 bestämmelse
870 1965 65 30 har
960 1965 171 38 upptagits
1155 1969 82 26 utan
1263 1971 112 32 någon
1403 1965 156 39 ändring.
1597 1966 190 31 Lönekom-

300 2004 120 31 mittén
438 2006 58 30 vill
512 2007 188 30 emellertid
718 2008 230 38 understryka
965 2009 67 29 vad
1051 2010 8 29 i
1079 2010 168 29 samband
1268 2010 76 29 med
1367 2011 82 29 1939
1468 2009 57 31 års
1541 2010 246 39 lönereglering

301 2048 168 32 uttalades
487 2059 41 20 av
549 2049 196 32 dåvarande
765 2051 284 31 lönekommittén
1068 2053 54 30 för
1142 2053 202 38 riksdagens
1363 2055 80 29 verk
1463 2054 10 29 i
1494 2054 97 39 fråga
1610 2065 57 20 om
1685 2055 101 30 önsk-

299 2092 188 31 värdheten
509 2103 40 20 av
573 2094 145 32 kontakt
741 2096 126 29 mellan
890 2096 175 30 allmänna
1089 2098 253 30 lönenämnden
1367 2099 65 29 och
1455 2099 255 30 lönenämnden
1734 2099 53 30 för

299 2136 203 38 riksdagens
520 2139 89 29 verk.

343 2183 116 38 Enligt
488 2184 222 30 kommitténs
741 2184 223 39 uppfattning
993 2185 109 30 skulle
1133 2186 56 30 det
1220 2186 9 29 i
1258 2186 133 39 princip
1423 2196 82 21 vara
1535 2188 173 35 önskvärt,
1739 2190 47 27 att

299 2227 204 30 sambandet
521 2228 126 30 mellan
664 2229 44 30 de
728 2228 90 30 båda
838 2229 215 30 nämnderna
1073 2230 212 30 utformades
1308 2229 156 37 sålunda,
1485 2234 49 27 att
1553 2231 233 31 ordföranden

296 2287 44 3 —
362 2271 83 30 eller
471 2272 181 30 eventuellt
678 2272 73 30 vice
777 2272 210 31 ordförande
1012 2291 43 3 —
1082 2273 8 30 i
1118 2273 176 31 allmänna
1322 2273 255 32 lönenämnden
1605 2285 80 21 vore
1709 2276 76 30 ord-

295 2312 145 31 förande
460 2314 129 38 jämväl
610 2315 10 29 i
640 2315 254 30 lönenämnden
916 2316 55 30 för
990 2316 201 39 riksdagens
1214 2318 90 34 verk,
1327 2319 48 29 att
1397 2318 42 29 de
1459 2317 91 32 båda
1572 2319 214 30 nämnderna

297 2357 89 31 hade
407 2368 43 21 en
468 2358 150 32 ledamot
638 2367 196 31 gemensam
854 2365 89 26 samt
964 2364 48 27 att
1032 2362 231 31 sekreteraren
1285 2367 92 34 toges
1398 2363 78 31 från
1497 2365 176 31 allmänna
1694 2366 91 29 löne-

298 2402 195 31 nämndens
509 2403 122 30 kansli.
662 2404 63 30 Det
744 2413 101 29 synes
863 2404 85 31 böra
967 2406 196 38 övervägas,
1184 2410 49 26 att
1251 2407 56 30 vid
1326 2408 142 39 lämplig
1488 2409 162 39 tidpunkt
1670 2410 114 30 stärka

297 2444 190 32 kontakten
510 2447 125 30 mellan
659 2447 41 31 de
724 2447 89 31 båda
838 2448 215 31 nämnderna
1076 2449 44 38 på
1143 2451 65 30 sätt
1232 2452 123 37 prövas
1380 2452 164 39 lämpligt.
