1900 2798
480 139 406 41 Bevillningsutskottets
908 137 218 31 betänkande
1146 145 42 20 nr
1210 136 49 28 10.
1609 133 18 29 3

173 228 232 39 »Härigenom
426 227 64 29 har
510 225 108 39 enligt
639 225 190 30 utskottets
852 223 142 38 mening
1016 231 42 20 en
1080 220 194 40 betydande
1301 217 263 41 uppmjukning
1587 226 42 20 av

127 268 534 42 förmögenhetsbeskattningen
683 266 149 31 kommit
856 265 52 29 till
931 265 101 29 stånd
1055 264 57 30 för
1135 263 132 30 sådana
1290 260 256 39 skattskyldiga
1567 259 62 29 vil-

127 313 46 30 ka
192 313 128 29 inneha
340 310 253 40 förmögenhet,
614 319 75 20 som
708 309 138 29 lämnar
864 307 57 39 låg
941 306 220 38 avkastning.
1182 305 58 29 Att
1260 304 189 29 härutöver
1468 301 159 39 medgiva

126 356 72 29 rätt
218 354 52 30 till
291 352 304 32 skattereduktion
615 351 132 40 jämväl
771 351 20 30 å
810 349 403 39 förmögenhetsskatten
1234 354 106 23 anser
1362 345 171 30 utskottet
1552 344 77 29 icke

128 396 232 39 erforderligt.
381 395 176 30 Utskottet
577 395 72 29 kan
668 393 103 30 alltså
790 393 77 29 icke
888 391 176 39 tillstyrka
1086 391 58 29 det
1167 389 11 29 i
1200 389 221 30 motionerna
1440 386 190 31 framställ-

128 440 46 30 da
193 439 174 39 yrkandet
389 447 58 21 om
470 437 108 30 sådan
599 436 150 39 ändring
769 435 12 29 i
800 434 167 39 förslaget
989 433 52 30 till
1061 431 207 39 förordning
1289 430 81 30 med
1393 429 237 40 provisoriska

130 481 263 31 bestämmelser
429 489 56 20 om
521 478 236 40 begränsning
791 487 44 20 av
870 477 93 29 skatt
996 476 12 29 i
1035 475 93 30 vissa
1152 474 73 35 fall,
1249 475 51 28 att
1327 471 303 31 skattereduktion

130 523 113 30 skulle
268 523 122 29 kunna
414 521 176 39 medgivas
611 520 133 40 jämväl
766 520 20 29 å
807 518 414 39 förmögenhetsskatten.
1244 516 178 30 Utskottet
1445 514 58 30 vill
1527 513 104 30 emel-

131 565 103 30 lertid
263 565 11 29 i
303 565 96 30 detta
429 563 256 38 sammanhang
714 561 244 39 understryka,
991 562 50 29 att
1070 558 313 31 bestämmelserna
1413 566 56 21 om
1500 557 132 29 skatte-

133 608 100 40 spärr
253 607 12 29 i
286 607 67 30 vad
374 607 42 29 de
436 615 81 21 avse
541 606 135 29 skatter
696 604 149 41 påförda
867 603 57 30 vid
947 611 120 21 senare
1092 601 198 38 taxeringar
1313 601 47 28 än
1386 598 83 31 1948
1491 598 57 30 års
1571 599 62 28 äro

129 657 44 22 av
193 648 217 40 provisorisk
432 647 168 30 karaktär
622 647 65 29 och
709 647 60 33 att,
792 645 39 30 så
853 647 98 28 snart
973 643 189 39 tillräcklig
1184 642 201 30 erfarenhet
1407 641 141 29 vunnits
1573 649 60 20 an-

131 691 131 40 gående
284 690 258 39 verkningarna
561 698 44 21 av
627 689 57 29 det
705 697 68 30 nya
795 686 291 40 skattesystemet,
1111 685 125 39 frågan
1256 693 58 21 om
1339 683 217 40 spärregelns
1579 684 53 27 ut-

132 733 180 39 formning
331 732 206 30 förutsättes
557 731 99 30 skola
677 731 173 39 upptagas
866 729 54 30 till
939 728 149 39 förnyad
1108 727 202 40 prövning.»

177 801 14 29 I
211 810 43 21 en
273 800 57 30 vid
349 799 238 31 betänkandet
606 798 105 39 fogad
730 797 214 30 reservation
966 795 177 30 uttalades
1160 795 10 29 i
1189 793 207 41 anslutning
1414 792 52 30 till
1485 791 148 31 berörda

132 851 182 34 motioner,
338 851 51 29 att
411 850 169 30 utskottet
602 848 107 40 enligt
731 848 283 30 reservanternas
1038 845 144 39 mening
1202 845 76 30 bort
1300 843 141 35 föreslå,
1465 843 50 30 att
1539 843 95 29 skat-

132 901 269 31 tereduktionen
425 901 12 29 i
462 900 288 30 förekommande
779 899 63 29 fall
868 897 111 31 skulle
1005 897 38 30 få
1071 897 60 29 ske
1157 903 122 32 genom
1304 893 261 40 nedbringande
1592 902 43 20 av

132 951 414 40 förmögenhetsskatten.

180 1003 198 39 Riksdagen
403 1001 98 30 biföll
525 999 404 32 utskottsbetänkandet.

179 1109 14 29 I
212 1108 66 31 den
296 1105 237 41 föreliggande
551 1104 180 30 motionen
753 1103 64 30 har
839 1101 223 33 framhållits,
1083 1101 51 28 att
1158 1098 105 39 enligt
1284 1095 251 40 förordningen
1556 1095 79 29 med

134 1158 239 41 provisoriska
392 1155 263 31 bestämmelser
677 1163 57 21 om
753 1151 236 41 begränsning
1010 1160 42 20 av
1074 1151 94 29 skatt
1190 1149 11 29 i
1223 1148 93 30 vissa
1333 1147 63 30 fall
1420 1146 216 40 80-procent-

136 1210 144 39 spärren
298 1207 222 40 tillämpades
539 1206 19 30 å
576 1206 67 29 den
662 1204 106 39 enligt
788 1202 251 39 förordningen
1058 1210 57 20 om
1136 1199 117 39 statlig
1271 1197 252 31 inkomstskatt
1542 1198 95 28 taxe-

135 1260 83 30 rade
239 1259 213 33 inkomsten,
476 1257 91 30 ökad
587 1256 80 29 med
688 1256 58 29 det
768 1254 125 39 belopp
914 1252 140 31 varmed
1077 1252 130 38 avdrag
1226 1250 55 29 för
1302 1249 181 30 allmänna
1503 1248 134 29 skatter

134 1310 184 39 medgivits
340 1308 59 30 vid
421 1308 201 38 taxeringen
647 1308 89 28 samt
758 1307 50 28 att
830 1303 254 39 avkortningen
1108 1302 65 29 och
1194 1300 246 30 restitutionen
1462 1306 175 22 samman-

135 1361 72 39 lagt
227 1360 75 30 icke
322 1359 96 39 finge
437 1358 172 38 överstiga
631 1357 67 29 den
719 1356 138 38 statliga
877 1353 308 31 inkomstskatten.
1206 1352 75 28 Den
1303 1350 149 30 sålunda
1472 1348 165 39 stadgade

136 1411 306 37 inskränkningen
462 1409 11 29 i
492 1409 115 29 rätten
626 1407 54 29 till
701 1405 209 39 avkortning
932 1404 82 29 eller
1036 1402 201 30 restitulion
1256 1410 82 21 vore
1364 1399 141 31 särskilt
1526 1399 113 29 känn-

138 1461 62 29 bar
219 1460 55 30 för
291 1458 228 41 jordbrukets
539 1459 154 28 utövare.
714 1457 103 29 Detta
838 1454 298 38 sammanhängde
1158 1452 72 30 dels
1252 1451 79 30 med
1352 1452 62 32 att,
1435 1451 131 28 oavsett
1588 1449 51 28 in-

138 1513 181 28 komstens
352 1509 148 33 storlek,
532 1508 11 29 i
576 1507 303 30 kommunalskatt
914 1504 139 40 utginge
1086 1505 49 28 ett
1167 1501 264 39 minimibelopp
1471 1499 169 40 (garanti-

140 1561 110 34 skatt)
284 1562 11 29 i
325 1560 94 30 form
447 1569 41 20 av
515 1558 293 39 fastighetsskatt,
840 1556 73 29 dels
940 1555 79 29 med
1047 1556 50 28 att
1126 1552 280 31 förvärvskällan
1434 1550 206 40 jordbruks-

137 1612 166 38 fastighet
327 1610 152 30 normalt
500 1609 131 30 krävde
657 1609 109 28 större
790 1605 348 41 kapitalinvestering
1163 1605 44 28 än
1232 1603 111 30 andra
1365 1600 275 31 förvärvskällor

139 1663 79 28 med
237 1662 108 29 därav
365 1660 183 31 föranledd
571 1658 359 39 förmögenhetsskatt
953 1656 54 29 för
1028 1656 179 28 utövaren.
1228 1654 67 29 För
1315 1654 42 28 de
1376 1652 264 39 jordbrukande

141 1712 267 39 skattskyldiga,
431 1711 55 29 för
510 1710 94 30 vilka
628 1709 41 30 80
694 1707 276 42 procent-regeln
994 1706 96 30 bleve
1113 1705 195 39 tillämplig,
1334 1702 191 30 inträffade
1548 1702 94 29 häri-

141 1771 124 31 genom
291 1762 74 30 ofta
392 1763 51 28 att
467 1762 40 28 de
532 1760 112 30 måste
669 1760 136 38 erlägga
832 1759 141 32 skatter,
1001 1766 73 20 som
1102 1757 176 37 överstege
1302 1754 253 29 inkomsterna.
1583 1752 58 29 Ett

143 1813 267 39 undanröjande
432 1812 81 29 eller
535 1811 212 29 åtminstone
769 1808 196 30 mildrande
989 1817 40 20 av
1055 1808 115 29 denna
1195 1805 167 30 orättvisa
1387 1803 110 30 skulle
1519 1803 122 29 kunna

143 1864 60 29 ske
224 1871 124 31 genom
370 1864 50 28 att
442 1862 162 38 avdraget
626 1860 55 30 för
704 1860 179 29 allmänna
906 1859 130 29 skatter
1058 1858 77 28 icke
1158 1856 136 29 tillades
1316 1855 67 29 den
1405 1854 162 30 taxerade
1591 1853 52 29 in-

140 1915 173 28 komsten.
331 1912 126 30 Vidare
474 1912 117 38 syntes
609 1912 56 29 det
683 1910 261 29 motionärerna
959 1917 83 21 vara
1061 1906 132 39 rimligt
1212 1908 49 28 att
1279 1904 253 39 avkortningen
1551 1912 91 30 resp.

142 1963 246 31 restitutionen
412 1962 94 39 finge
531 1961 149 30 omfatta
702 1960 130 39 jämväl
856 1959 116 38 statlig
993 1957 369 39 förmögenhetsskatt.

183 2069 181 29 Utskottet.
386 2066 114 36 Enligt
521 2063 249 37 förordningen
791 2063 67 28 den
878 2061 39 29 26
938 2059 64 37 juli
1026 2058 76 29 1947
1130 2058 58 33 (ur
1209 2056 76 33 584)
1310 2056 78 29 med
1409 2054 235 37 provisoriska

139 2118 263 30 bestämmelser
423 2126 55 21 om
497 2114 235 40 begränsning
750 2123 42 20 av
812 2113 94 28 skalt
925 2111 11 28 i
954 2110 93 30 vissa
1065 2109 62 29 fall
1151 2110 79 37 äger
1249 2105 235 40 skattskyldig
1505 2104 140 39 åtnjuta

141 2169 209 38 avkortning
368 2167 82 30 eller
470 2165 200 31 restitution
688 2174 41 20 av
747 2163 119 38 statlig
882 2160 253 31 inkomstskatt
1154 2159 9 28 i
1182 2159 66 29 den
1265 2157 84 30 mån
1368 2157 113 29 denna
1501 2155 146 29 tillsam-

140 2229 101 20 mans
262 2220 80 28 med
364 2216 369 39 förmögenhetsskatt,
755 2214 131 29 allmän
908 2210 304 31 kommunalskatt
1234 2209 91 28 samt
1348 2205 209 39 landstings-
1581 2205 65 28 och

143 2268 277 39 tingshusmedel
437 2266 187 38 överstiger
644 2265 41 29 80
703 2265 144 39 procent
865 2272 41 20 av
923 2262 211 28 inkomsten.
1154 2259 76 29 Med
1249 2258 156 29 inkomst
1422 2256 128 29 förstås
1571 2256 78 28 där-

142 2320 58 30 vid
224 2320 66 29 den
313 2318 53 30 till
390 2316 117 39 statlig
529 2315 254 30 inkomstskatt
806 2312 162 31 taxerade
990 2311 202 29 inkomsten
1215 2308 90 30 ökad
1329 2307 79 29 med
1434 2307 55 28 det
1513 2305 135 39 belopp,

144 2369 141 31 varmed
315 2369 131 37 avdrag
473 2365 183 40 medgivits
684 2365 55 29 för
767 2362 230 31 kommunala
1023 2360 192 39 utskylder.
1244 2358 166 29 Däremot
1439 2356 53 29 får
1524 2355 126 29 reduk-

147 2422 72 29 tion
243 2421 75 29 icke
341 2419 60 29 ske
424 2428 41 20 av
487 2415 358 40 förmögenhetsskatt
869 2413 82 30 eller
973 2410 227 32 kommunala
1223 2410 143 29 skatter.
