1866 2784
287 149 20 28 4
475 147 106 27 Andra
595 148 200 27 kammarens
812 148 159 27 allmänna
988 149 321 34 beredningsutskotts
1326 150 158 27 utlåtande
1502 159 37 18 nr
1556 151 26 26 6.

288 237 189 30 mänheten
496 237 71 30 kan
585 238 114 30 vända
718 237 61 40 sig.
802 237 121 40 Någon
942 239 201 39 ytterligare
1163 238 124 41 åtgärd
1306 239 10 30 i
1336 240 94 30 detta
1450 240 201 30 hänseende
1669 250 104 30 synes

288 289 102 31 alltså
407 290 76 31 icke
501 291 216 39 erforderlig.

332 343 13 29 I
363 343 98 39 fråga
481 353 58 21 om
557 344 262 39 lämpligheten,
838 345 213 38 principiellt
1068 348 75 33 sett,
1161 354 43 22 av
1220 349 51 27 att
1288 346 99 38 intyg
1403 346 114 30 skulle
1533 346 162 33 utfärdas
1714 347 59 30 för

288 396 91 30 vissa
396 397 485 40 deklarationsmedhjälpare
899 399 97 30 delar
1013 399 170 30 utskottet
1200 400 42 29 de
1260 399 11 30 i
1288 399 170 31 inkomna
1475 400 189 38 yttranden
1682 403 91 28 utta-

288 450 77 30 lade
389 449 225 40 farhågorna.
641 451 65 30 Om
731 451 120 39 dylika
876 451 97 39 intyg
998 452 112 30 skulle
1134 452 171 35 utfärdas,
1332 462 101 29 synes
1459 454 57 29 det
1541 454 141 38 mycket
1708 455 64 29 lätt

288 503 120 30 kunna
428 504 78 29 leda
523 503 53 30 till
595 507 50 27 att
665 505 42 29 de
728 504 234 36 deklaranter,
984 514 76 21 som
1081 506 130 30 använt
1234 505 51 40 sig
1306 516 42 20 av
1370 516 42 20 en
1434 506 338 31 deklarationsmed-

287 556 160 39 hjälpare
466 557 79 30 med
564 556 124 31 sådant
708 557 107 39 intyg,
837 558 111 30 skulle
969 557 36 31 få
1025 559 66 29 den
1111 559 284 39 uppfattningen,
1416 562 51 27 att
1487 563 47 27 ett
1554 559 219 40 frångående

287 619 43 20 av
348 610 266 30 deklarationen
635 611 156 30 därefter
811 621 81 20 vore
912 612 174 30 uteslutet.
1110 612 64 30 Det
1196 612 113 30 skulle
1330 613 120 30 kunna
1472 613 190 30 framkalla
1683 617 89 27 mot-

287 662 195 40 sättningar
512 664 129 29 mellan
670 664 41 30 de
742 664 255 39 skattskyldiga
1028 665 66 30 och
1123 665 483 40 taxeringsmyndigheterna,
1637 667 94 30 vilka
1760 668 11 29 i

287 715 197 40 möjligaste
503 715 83 31 mån
605 717 63 29 bör
687 717 185 30 undvikas.

332 769 126 30 Härtill
479 770 160 29 kommer
660 773 50 27 att
732 771 58 29 det
813 780 101 29 synes
937 774 124 35 ytterst
1083 771 94 30 svårt
1199 772 57 30 för
1278 782 43 20 en
1344 772 204 39 myndighet
1570 776 50 27 att
1641 774 130 38 avgöra

286 831 58 20 om
367 831 41 21 en
431 832 128 29 person
583 824 39 29 är
644 823 145 40 lämplig
812 833 76 21 som
912 824 485 40 deklarationsmedhjälpare
1422 826 84 29 eller
1530 825 87 31 icke.
1645 827 126 38 Lämp-

286 875 152 39 ligheten
461 876 71 30 kan
555 877 176 39 nämligen
754 877 78 30 icke
855 878 100 38 göras
977 878 175 30 beroende
1174 879 224 29 uteslutande
1421 888 44 21 av
1484 888 192 30 personens
1700 880 71 29 for-

286 929 103 29 mella
409 929 220 39 skicklighet,
649 933 86 27 utan
754 930 132 38 jämväl
906 931 110 30 andra
1038 931 221 39 synpunkter
1278 941 102 29 synes
1401 932 86 30 böra
1508 932 176 39 anläggas.

332 981 174 31 Utskottet
528 982 56 30 får
605 983 122 30 därför
748 984 196 34 hemställa,

637 1066 50 27 att
708 1063 137 30 motion
865 1064 44 29 II:
927 1064 60 29 124
1010 1064 32 38 ej
1065 1063 107 31 måtte
1195 1064 52 30 till
1271 1063 114 40 någon
1409 1065 110 30 andra
1543 1065 227 30 kammarens

594 1115 122 40 åtgärd
737 1116 194 30 föranleda.

330 1221 204 30 Stockholm
552 1222 67 29 den
640 1223 38 28 10
696 1231 95 21 mars
812 1223 92 29 1953.

812 1328 48 30 På
879 1329 187 30 utskottets
1087 1330 144 38 vägnar:

811 1436 164 30 PATRIK
1000 1436 236 30 SVENSSON.

327 1540 237 30 Närvarande:
586 1541 81 29 herr
691 1541 173 30 Svensson
888 1541 10 29 i
922 1540 170 40 Alingsås,
1116 1542 58 29 fru
1198 1542 192 38 Sjöstrand,
1414 1543 123 30 herrar
1559 1543 208 30 Gustafsson

283 1584 10 29 i
312 1584 137 38 Bogla",
469 1584 186 36 Dickson",
675 1585 190 30 Nordkvist
888 1586 5 29 i
913 1586 152 35 Kalmar,
1084 1587 58 29 fru
1161 1587 183 38 Svedberg,
1364 1588 123 29 herrar
1504 1588 129 35 Allard,
1654 1587 114 31 Chris-

283 1632 124 26 tenson
428 1629 10 29 i
460 1629 139 35 Malmö,
623 1629 206 36 Sehlstedt”,
855 1630 138 30 Nilsson
1016 1631 10 29 i
1049 1631 198 35 Bästekille,
1273 1632 178 35 Hammar,
1477 1633 103 34 Bark,
1606 1633 161 38 Nestrup,

283 1673 178 39 Engkvist,
487 1674 163 30 Hansson
675 1674 10 29 i
712 1669 179 44 Önnarp”,
918 1675 200 30 Andersson
1146 1676 10 29 i
1183 1677 205 38 Ryggestad,
1418 1677 138 30 Nilsson
1584 1677 11 29 i
1623 1677 145 38 Göinge-

283 1717 161 39 gården”,
464 1718 194 30 Jacobsson
674 1719 11 29 i
704 1719 101 30 Sala”
824 1720 66 29 och
909 1720 151 30 Jansson
1078 1720 11 29 i
1107 1720 206 30 Benestad”.

324 1795 13 14 x
357 1792 32 28 Ej
407 1793 177 24 närvarande
601 1793 46 24 vid
665 1793 178 25 utlåtandets
859 1794 152 29 justering.
