1910 2808
282 162 235 32 Sammansatt
536 162 218 37 bevillnings-
772 161 65 32 och
855 162 111 36 första
982 162 204 37 lagutskotts
1206 161 177 32 utlåtande
1400 171 43 22 nr
1459 162 32 31 2.
1602 158 36 31 21

264 246 142 38 (Kungl.
423 246 122 38 Maj:ts
561 245 157 39 förslag.)
1079 245 210 37 (Utskottets
1303 245 158 39 förslag.)

835 305 41 31 43
902 305 29 38 8.

175 372 85 39 Den,
286 382 75 22 som
384 375 87 29 utan
496 373 210 37 Konungens
731 371 154 34 tillstånd
910 373 82 30 eller
1018 371 12 31 i
1055 371 84 32 strid
1165 375 73 28 mot
1262 373 43 31 de
1330 373 58 30 vid
1411 373 228 31 meddelande

130 433 43 22 av
199 422 153 33 tillstånd
378 424 102 37 givna
506 423 218 32 föreskrifter
749 423 101 31 idkar
876 423 231 38 tillverkning,
1134 432 74 22 som
1236 424 10 31 i
1273 424 17 30 7
1318 424 19 38 8
1363 433 108 27 avses,
1498 423 140 32 straffes

131 475 79 31 med
231 475 192 36 dagsböter.

833 551 42 30 44
900 551 30 37 8.

174 618 139 32 Bortför
339 617 115 38 någon
477 617 81 32 från
584 619 113 38 fartyg
723 619 81 30 eller
829 618 184 38 luftfartyg
1038 618 95 31 inom
1159 618 141 31 svenskt
1323 618 211 31 territorium
1560 619 77 30 obe-

134 672 158 30 skattade
312 670 237 36 tobaksvaror,
569 679 74 21 som
665 670 10 30 i
700 670 37 29 17
762 670 18 37 $
800 668 29 40 c)
857 678 109 27 avses,
987 669 140 30 straffes
1146 669 81 31 med
1246 669 192 37 dagsböter,
1461 669 66 31 och
1548 669 89 31 skall

134 732 108 22 varan
267 722 120 31 dömas
409 720 191 32 förbruten.

835 796 42 30 45
902 796 30 37 8.

178 865 228 37 Förskingrar
422 863 115 38 någon
556 873 92 27 vara,
668 873 74 21 som
760 863 103 37 enligt
883 864 114 30 denna
1015 863 55 37 lag
1090 863 112 32 skolat
1218 863 122 31 dömas
1357 863 192 37 förbruten,
1567 864 69 37 gäl-

134 916 43 31 de
198 917 78 30 dess
295 916 114 30 värde.

835 991 41 30 46
902 990 30 38 8.

175 1059 14 30 I
213 1060 114 30 denna
350 1059 55 36 lag
429 1059 129 30 avsedd
582 1058 177 37 egendom,
784 1067 75 23 som
881 1057 105 38 enligt
1009 1058 113 31 denna
1147 1059 56 36 lag
1225 1059 82 30 eller
1330 1060 99 35 lagen
1452 1067 58 22 om
1535 1057 104 32 straff

130 1109 55 31 för
213 1109 126 37 olovlig
365 1109 231 31 varuinförsel
624 1109 187 30 förklarats
839 1109 182 31 förbruten
1048 1109 80 30 eller
1155 1109 113 30 skolat
1294 1109 106 36 enligt
1427 1109 210 36 tullstadgan

130 1160 82 31 eller
242 1169 117 22 annan
389 1159 208 37 författning
626 1158 173 39 försäljas,
831 1160 88 30 skall
949 1160 192 30 behandlas
1172 1159 45 37 på
1247 1160 67 30 sätt
1345 1159 193 37 Konungen
1568 1160 69 30 för-

130 1211 139 31 ordnar.

835 1278 39 30 47
899 1278 30 37 8.

174 1345 69 31 För
260 1346 229 31 överträdelse
508 1355 43 21 av
570 1346 114 31 denna
704 1346 64 36 lag,
789 1355 75 21 som
883 1347 80 30 med
983 1345 199 31 husbondes
1202 1346 143 37 vetskap
1363 1344 103 38 begås
1486 1355 43 21 av
1549 1345 88 31 hans

129 1397 134 37 hustru,
282 1396 142 31 husfolk
444 1396 82 30 eller
544 1397 12 30 i
575 1397 88 30 hans
683 1397 116 30 arbete
818 1399 148 33 antagen
985 1405 134 28 person,
1140 1405 82 21 vare
1240 1396 206 30 husbonden
1466 1396 171 36 ansvarig,

132 1446 124 32 liksom
276 1456 80 22 vore
374 1447 255 30 överträdelsen
647 1446 177 37 begången
843 1456 43 21 av
904 1447 132 30 honom
1056 1446 97 38 själv.

834 1548 41 30 48
901 1547 29 37 8.

178 1616 111 36 Böter,
307 1625 74 22 som
401 1613 144 33 ådömas
564 1615 104 37 enligt
686 1615 113 31 denna
816 1615 64 37 lag,
902 1616 165 29 ävensom
1086 1615 120 30 värdet
1225 1623 43 22 av
1286 1615 177 37 egendom,
1485 1624 76 21 som
1580 1623 56 23 en-

133 1666 62 38 ligt
211 1667 113 30 denna
340 1667 55 36 lag
412 1666 119 31 dömes
550 1665 190 37 förbruten,
758 1665 133 31 tillfalle
907 1666 147 30 kronan.

834 1767 42 30 49
901 1767 30 37 8.

177 1833 185 39 Angående
384 1835 118 37 beslag
522 1835 106 37 gäller
652 1835 67 30 vad
743 1835 121 30 därom
888 1834 114 31 finnes
1025 1834 138 31 särskilt
1187 1834 145 37 stadgat,
1355 1834 89 31 dock
1467 1837 50 28 att
1541 1833 12 31 i
1575 1834 62 31 fall

135 1896 74 22 som
230 1887 10 30 i
261 1886 42 30 44
323 1884 21 41 8
365 1887 76 36 sägs
460 1885 132 37 jämväl
611 1884 275 38 tulltjänsteman
908 1887 80 35 äger
1008 1886 185 30 verkställa
1213 1886 127 36 beslag.

837 1985 41 31 50
901 1985 30 38 8.

177 2052 126 31 Finnes
327 2052 54 31 för
401 2053 231 30 överträdelse
654 2062 42 21 av
722 2052 113 31 denna
858 2053 56 36 lag
937 2052 144 37 stadgad
1105 2052 148 31 särskild
1275 2050 147 39 påföljd,
1444 2052 89 31 skall
1556 2052 79 31 den-

131 2111 134 22 samma
289 2102 173 37 tillämpas
487 2104 87 30 även
599 2104 11 30 i
634 2104 56 29 det
714 2104 72 35 fall,
812 2106 49 28 att
884 2103 66 30 den
977 2103 161 36 felaktige
1162 2102 55 31 för
1240 2103 254 31 överträdelsen
1518 2103 119 30 dömes

131 2153 49 31 till
206 2162 126 21 ansvar
357 2153 104 36 enligt
487 2154 129 30 allmän
642 2153 170 37 strafflag.

834 2237 38 30 51
900 2237 30 37 8.

174 2303 50 31 De
243 2303 259 30 bestämmelser
522 2302 177 38 angående
717 2303 257 36 behandlingen
993 2313 43 21 av
1054 2303 51 31 till
1124 2303 89 31 riket
1233 2303 248 31 inkommande
1499 2303 137 30 tobaks-

134 2364 112 27 varor,
269 2364 75 21 som
364 2355 120 30 utöver
505 2355 67 30 vad
594 2354 10 30 i
626 2355 113 30 denna
762 2355 55 36 lag
839 2355 138 36 stadgas
1000 2354 116 31 finnas
1138 2354 235 37 erforderliga,
1396 2354 176 31 meddelas
1595 2363 43 21 av

132 2403 200 37 Konungen.
