1916 2804
406 153 234 31 Sammansatt
660 154 217 37 bevillnings-
896 155 65 31 och
979 156 109 36 första
1106 156 203 36 lagutskotts
1329 156 176 31 utlåtande
1523 166 43 21 nr
1583 157 29 29 2.

393 237 141 37 (Kungl.
551 238 122 36 Maj:ts
689 237 157 38 förslag.)
1208 238 208 37 (Utskottets
1431 239 158 37 förslag.)

306 296 300 37 Inlösningspriset
629 296 55 31 för
705 298 178 36 egendom,
906 306 74 22 som
1002 298 10 30 i
1035 298 114 31 denna
1170 298 165 37 paragraf
1358 308 107 26 avses,
1487 299 209 30 bestämmes
1718 298 47 31 ef-

260 349 51 28 ter
325 347 67 30 vad
408 347 211 36 egendomen
636 357 43 21 av
694 347 272 31 kommissionen
980 349 127 35 prövas
1124 348 153 37 skäligen
1293 358 82 22 vara
1392 349 94 31 värd.
1503 349 65 30 Vid
1584 349 183 36 värdering

260 406 44 21 av
327 397 95 36 lager
447 406 43 22 av
515 397 228 31 tobaksvaror
768 398 175 32 användes
972 398 115 31 såsom
1113 398 261 37 utgångspunkt
1398 399 222 31 beträffande
1645 399 120 31 licens-

260 447 217 31 behandlade
505 457 103 21 varor
633 448 319 40 priskurantpriset,
982 449 223 30 beträffande
1232 449 95 30 inom
1354 449 90 31 riket
1470 449 191 38 befintliga,
1691 450 75 30 icke

260 497 324 32 licensbehandlade
610 508 104 20 varor
738 508 162 21 summan
925 508 43 22 av
992 499 234 36 inköpspriset
1250 500 66 30 och
1340 500 193 30 kostnaden
1559 500 57 30 för
1641 509 125 22 varans

260 547 142 31 införsel
425 548 50 30 till
497 548 88 30 riket
608 552 90 27 samt
719 548 222 31 beträffande
961 551 98 28 utom
1081 549 89 31 riket
1193 549 179 37 befintliga
1398 559 102 22 varor
1521 550 243 37 inköpspriset.

975 650 70 38 78.

304 707 327 37 Grossistimportör,
654 717 76 22 som
753 708 131 36 jämväl
906 709 159 30 bedriver
1086 709 301 38 partiförsäljning
1409 720 43 21 av
1478 720 24 21 s.
1526 711 33 31 k.
1584 711 183 30 kortvaror

260 759 65 29 och
352 757 57 31 vid
436 758 346 37 importmonopolets
810 759 279 32 ikraftträdande
1115 760 184 37 nedlägger
1325 761 79 30 hela
1432 761 52 30 sin
1510 761 139 36 rörelse,
1678 761 88 31 skall

259 809 64 35 äga
343 808 168 36 påfordra
531 808 134 32 inlösen
687 818 43 22 av
752 809 212 37 importören
986 810 167 37 tillhörigt
1173 811 94 36 lager
1287 820 43 21 av
1352 821 48 20 nu
1423 811 148 36 angivna
1593 821 104 21 varor
1717 811 48 31 ef-

258 861 52 27 ter
333 859 67 30 vad
424 859 212 36 egendomen
664 869 43 21 av
731 860 272 31 kommissionen
1027 861 128 36 prövas
1181 861 153 37 skäligen
1360 871 83 21 vara
1469 862 94 30 värd.

973 962 19 30 8
1015 961 28 37 8.

303 1016 327 38 Grossistimportör,
654 1027 75 22 som
750 1018 148 31 bedrivit
921 1019 52 31 sin
995 1020 128 32 rörelse
1145 1020 105 31 sedan
1273 1021 66 30 den
1365 1022 14 29 1
1405 1021 137 36 januari
1569 1022 94 34 1937,
1687 1022 81 36 äger

257 1066 131 32 erhålla
415 1068 189 37 ersättning
632 1068 56 31 för
713 1069 155 31 förlorad
896 1070 363 36 näringsverksamhet
1286 1071 81 31 med
1395 1071 127 37 belopp
1549 1074 213 28 motsvaran-

257 1117 41 31 de
323 1119 100 36 högst
444 1118 79 38 fyra
546 1118 130 38 gånger
698 1120 195 31 medeltalet
916 1129 44 21 av
983 1121 66 30 den
1071 1121 247 36 handelsvinst,
1342 1131 78 21 som
1442 1123 89 29 hans
1557 1122 128 31 rörelse
1707 1122 56 30 be-

259 1168 112 32 finnes
389 1170 90 30 hava
496 1170 81 36 givit
594 1170 57 30 för
667 1171 41 30 de
725 1171 127 31 mellan
867 1172 68 29 den
953 1172 39 30 31
1012 1172 183 30 december
1213 1172 82 30 1934
1314 1174 65 29 och
1399 1173 66 30 den
1485 1173 14 29 1
1519 1172 140 37 januari
1682 1174 83 30 1940

259 1219 152 31 fallande
436 1220 322 31 verksamhetsåren
784 1219 442 39 (imedelhandelsvinsten).

302 1269 121 31 Såsom
449 1270 239 31 handelsvinst
713 1272 193 36 respektive
933 1271 124 31 förlust
1084 1271 21 32 å
1130 1273 152 30 rörelsen
1310 1276 168 35 upptages
1505 1274 67 30 vad
1599 1274 165 30 kommis-

255 1319 121 31 sionen
394 1321 58 30 vid
467 1321 259 37 undersökning
742 1331 43 21 av
800 1321 155 32 affärens
971 1323 276 30 handelsböcker
1262 1323 116 31 finner
1393 1325 121 35 utgöra
1530 1323 235 33 årsresultatet

260 1379 43 23 av
318 1371 161 36 rörelsen,
497 1372 107 31 sedan
620 1371 148 36 affären,
788 1372 11 30 i
816 1373 67 30 den
901 1372 83 31 mån
1000 1373 57 30 det
1074 1372 78 32 icke
1168 1373 94 31 förut
1278 1374 99 36 skett,
1388 1374 164 31 belastats
1563 1375 80 30 med
1655 1375 19 30 5
1685 1384 77 28 pro-

257 1424 76 28 cent
357 1422 101 30 ränta
482 1421 21 31 å
526 1422 56 30 det
605 1430 88 28 egna
716 1422 143 38 kapital,
882 1432 77 21 som
981 1423 106 37 enligt
1110 1423 291 32 kommissionens
1426 1425 252 37 uppskattning
1702 1435 61 21 un-

257 1471 60 30 der
338 1470 73 32 året
431 1472 12 30 i
467 1472 234 37 verkligheten
724 1474 146 30 använts
892 1473 11 30 i
925 1473 147 31 affären.

302 1521 65 30 Vid
401 1521 191 38 beräkning
628 1532 43 21 av
709 1523 281 31 handelsvinsten

259 1571 87 31 skall
369 1572 169 31 rörelsens
560 1573 200 30 belastande
773 1574 80 30 med
864 1574 129 30 skatter

258 1623 61 29 ske
350 1623 81 30 med
460 1621 261 39 utgångspunkt
751 1623 80 31 från
860 1624 44 30 de
935 1624 56 37 för

259 1671 152 32 inkomst
431 1673 109 30 under
560 1673 40 31 år
621 1674 85 30 1939
723 1674 159 37 gällande
901 1675 90 29 skat-

259 1725 195 29 tesatserna.
484 1724 15 30 I
530 1724 111 37 övrigt
670 1724 148 31 förfares
850 1724 46 37 på
922 1726 69 30 sätt

257 1773 272 31 kommissionen
561 1775 80 30 med
669 1775 138 37 hänsyn
834 1775 52 30 till
916 1785 71 21 om-

259 1824 279 37 ständigheterna
566 1826 128 35 prövar
719 1825 134 37 skäligt.

1074 1524 67 30 Vid
1175 1524 191 37 beräkning
1402 1535 42 20 av
1482 1526 282 31 handelsvinsten

1029 1575 88 29 skall
1133 1575 168 30 rörelsens
1318 1576 201 30 belastande
1536 1577 81 30 med
1634 1577 129 30 skatter

1030 1625 61 30 ske
1113 1625 81 30 med
1217 1624 261 38 utgångspunkt
1502 1625 80 32 från
1607 1627 43 30 de
1672 1627 91 30 skat-

1030 1678 153 34 tesatser,
1202 1685 75 21 som
1294 1676 93 36 gälla
1403 1676 57 38 för
1478 1677 153 30 inkomst
1650 1677 113 38 åtnju-

1030 1728 57 28 ten
1112 1726 110 30 under
1244 1726 40 30 år
1306 1727 96 37 1939,
1427 1727 90 30 dock
1542 1731 49 27 att
1612 1728 151 30 rörelsen

1030 1776 75 31 icke
1134 1776 90 31 skall
1250 1776 147 32 belastas
1426 1778 81 30 med
1531 1778 189 32 värnskatt,
1749 1779 14 29 I

1031 1827 111 36 övrigt
1167 1827 147 31 förfares
1341 1827 46 37 på
1415 1829 67 29 sätt
1510 1828 254 31 kommisionen

1026 1877 82 30 med
1150 1878 136 37 hänsyn
1329 1878 51 30 till
1421 1879 340 36 omständigheterna

1027 1929 128 34 prövar
1174 1928 133 37 skäligt.

300 1974 64 31 Vid
385 1975 232 32 bedömandet
639 1986 43 21 av
704 1976 133 37 frågan,
860 1977 173 31 huruvida
1054 1978 189 37 ersättning
1267 1978 57 31 för
1343 1979 157 31 förlorad
1522 1979 240 37 näringsverk-

255 2025 133 30 samhet
404 2025 65 31 bör
483 2024 81 38 utgå
581 2026 81 30 med
681 2026 57 31 det
757 2026 11 30 i
783 2026 110 31 första
911 2027 132 37 stycket
1059 2028 150 36 angivna
1227 2029 121 36 högsta
1367 2029 171 37 beloppet,
1556 2029 89 31 skall
1663 2030 97 30 kom-

253 2074 188 32 missionen
460 2079 78 34 taga
558 2076 213 37 vederbörlig
791 2077 138 38 hänsyn
947 2077 50 31 till
1019 2079 169 30 rörelsens
1210 2080 155 30 struktur
1384 2080 66 30 och
1472 2080 288 37 utvecklingsten-

255 2125 83 31 dens
353 2129 90 28 samt
460 2126 117 38 övriga
592 2127 303 37 omständigheter,
913 2137 75 22 som
1004 2129 273 31 kommissionen
1295 2130 115 31 finner
1429 2130 155 37 skäligen
1600 2131 86 31 böra
1704 2132 56 30 be-

253 2176 109 31 aktas.

968 2248 20 29 9
1011 2247 29 38 8.

299 2303 328 38 Grossistimportör,
652 2314 77 21 som
752 2306 147 31 bedrivit
923 2306 52 31 sin
1000 2307 128 30 rörelse
1153 2308 105 30 sedan
1284 2308 65 30 den
1378 2309 14 29 1
1419 2308 139 37 januari
1587 2309 82 30 1937
1696 2308 65 31 och

255 2361 75 22 som
352 2354 219 37 personligen
592 2355 163 31 handhar
776 2356 68 31 den
866 2356 219 32 omedelbara
1109 2358 184 36 ledningen
1316 2368 42 21 av
1382 2359 160 35 rörelsen,
1568 2360 89 35 äger,
1683 2368 78 22 oav-

255 2406 64 28 sett
342 2414 58 21 om
424 2405 191 37 ersättning
639 2406 105 37 enligt
769 2407 20 30 8
816 2407 18 37 8
860 2407 223 31 tillerkännes
1109 2408 130 30 honom
1264 2409 83 30 eller
1371 2409 85 36 icke,
1484 2409 132 31 erhålla
1641 2410 119 30 ersätt-

255 2454 81 37 ning
359 2454 56 32 för
438 2455 155 32 förlorad
617 2457 362 36 näringsverksamhet
1003 2458 11 29 i
1038 2458 93 31 form
1154 2468 43 21 av
1221 2458 156 33 livränta.
