1900 2802
263 151 18 30 6
412 156 233 30 Sammansatt
665 155 216 37 bevillnings-
900 156 65 29 och
984 156 108 35 första
1109 155 203 36 lagutskotts
1331 155 177 30 utlåtande
1526 165 42 20 nr
1586 155 29 29 2.

263 241 41 28 22
325 239 18 37 8
366 241 15 28 I
402 249 106 21 mom.
527 240 10 29 i
556 239 249 36 förordningen
823 240 40 29 är
881 239 156 30 däremot
1055 238 142 31 införsel
1216 238 50 31 till
1285 238 89 31 riket
1394 248 42 21 av
1455 238 227 31 tobaksvaror
1702 238 64 30 till-

264 288 92 32 låten
375 289 58 31 för
452 289 76 35 den,
549 298 75 22 som
644 289 96 30 inom
761 289 88 30 riket
870 288 245 38 yrkesmässigt
1135 288 112 31 driver
1267 289 129 30 handel
1416 289 79 30 med
1516 288 119 37 dylika
1655 297 111 26 varor,

263 340 166 30 ävensom
449 349 114 21 annan
584 340 211 30 innehavare
814 349 43 21 av
876 339 205 37 registrerad
1100 339 113 37 firma,
1235 339 115 30 vilken
1372 338 235 37 ådagalägger,
1630 342 49 27 att
1697 339 71 30 han

263 391 123 29 ämnar
407 391 98 30 driva
526 389 107 32 sådan
654 390 136 30 handel.

307 491 15 29 I
344 501 44 21 en
409 492 66 29 den
495 492 19 29 5
535 492 180 29 december
738 492 82 29 1939
843 491 224 36 dagtecknad,
1090 491 52 30 till
1162 490 500 36 tobakshandelsutredningen
1683 490 84 36 ingi-

263 551 63 21 ven
352 542 106 30 skrift
484 542 163 30 framhöll
674 542 152 30 Svenska
853 541 412 37 tobaksengrossisternas
1292 541 159 39 förening
1479 541 42 30 de
1547 540 220 37 svårigheter,

264 593 141 30 varmed
425 592 252 36 importörerna
694 593 89 29 hade
800 595 48 27 att
865 592 139 36 kämpa.
1023 591 129 31 Därvid
1169 591 163 31 anfördes
1350 591 107 30 bland
1474 594 116 32 annat,
1610 593 49 29 att
1675 591 91 30 skat-

263 643 185 30 teskruven
466 643 118 30 undan
602 642 56 30 för
674 642 119 30 undan
811 642 129 36 dragits
957 641 35 31 åt
1009 641 148 31 hårdare
1173 641 177 36 samtidigt
1368 651 75 20 som
1460 640 180 37 prisnivån
1658 640 20 31 å
1695 650 71 21 mo-

263 693 211 36 nopolvaror
491 693 117 29 sänkts
626 693 66 30 och
707 692 243 36 grossisternas
968 691 170 37 marginal
1155 692 141 36 krympt
1313 701 169 21 samman.
1503 691 120 36 Någon
1632 691 135 37 garanti

265 742 126 30 funnes
422 742 76 30 icke
525 745 72 27 mot
625 751 70 27 nya
723 740 299 37 skattehöjningar
1050 742 65 29 och
1144 742 188 36 vetskapen
1362 751 57 20 om
1450 741 318 36 monopolbolagets

263 792 220 37 möjligheter
504 795 48 27 att
572 800 125 28 genom
720 792 211 36 sänkningar
954 802 42 20 av
1018 791 179 37 prisnivån
1220 791 194 37 ytterligare
1437 792 169 36 begränsa
1627 792 140 36 import-

263 843 171 30 handelns
461 842 378 37 konkurrensförmåga
866 842 159 36 utgjorde
1050 842 163 31 likaledes
1240 852 44 21 en
1310 843 213 30 hämmande
1549 842 126 31 faktor.
1705 842 64 30 Det

262 893 171 31 innebure
451 893 103 37 ingen
574 893 167 31 överdrift
761 896 49 28 att
829 892 110 37 påstå,
961 895 49 29 att
1030 892 333 37 förutsättningarna
1384 893 56 30 för
1460 892 185 37 näringens
1666 892 101 37 själv-

264 944 158 36 ständiga
437 943 146 31 bestånd
598 943 178 31 bortfallit.
796 944 14 29 I
828 947 47 27 ett
892 943 112 37 dylikt
1021 944 72 36 läge
1110 946 114 34 syntes
1241 943 211 31 åtminstone
1467 943 300 37 billighetsgrund-

263 996 109 28 satser
390 993 119 37 bjuda,
530 996 48 28 att
598 997 121 32 staten,
741 1004 73 20 som
834 1003 124 28 genom
979 995 74 29 sina
1072 994 182 31 fiskaliska
1273 993 153 37 anspråk
1449 995 122 35 skapat
1591 995 92 29 detta
1702 993 66 31 till-

264 1043 111 36 stånd,
402 1044 121 31 trädde
548 1045 146 30 emellan
721 1045 64 30 och
811 1048 72 27 mot
909 1044 110 37 skälig
1045 1044 187 37 ersättning
1269 1046 159 35 övertoge
1465 1045 303 35 importverksam-

263 1095 112 30 heten.

306 1146 166 30 Däremot
496 1147 45 29 ha
564 1149 274 33 representanter
860 1146 56 30 för
940 1144 405 38 detaljistimportörerna
1367 1145 95 30 inför
1485 1146 41 29 de
1549 1145 219 36 sakkunniga

263 1195 139 36 hävdat,
424 1199 50 27 att
494 1196 66 30 den
580 1195 68 31 fria
668 1195 298 36 tobaksimporten
985 1196 80 29 med
1084 1196 137 36 hänsyn
1240 1195 51 30 till
1311 1196 77 29 dess
1409 1196 361 35 kvalitetsreglerande

262 1246 176 36 betydelse
457 1246 107 30 borde
581 1245 192 31 bibehållas
793 1246 65 29 och
879 1255 43 20 en
940 1245 195 37 utjämning
1157 1255 42 21 av
1221 1246 267 30 skattesatserna
1508 1245 259 37 åvägabringas,

264 1295 36 31 så
320 1299 50 28 att
390 1297 67 29 den
477 1296 68 31 fria
563 1296 173 36 importen
756 1296 129 30 erhölle
905 1305 43 21 en
967 1305 94 21 mera
1081 1295 119 31 rättvis
1220 1296 193 37 belastning
1434 1296 65 30 och
1518 1296 97 30 bleve
1637 1297 9 29 i
1668 1295 101 31 stånd

263 1349 48 28 att
331 1346 87 37 fylla
438 1347 53 31 sin
511 1346 147 37 uppgift.

307 1396 227 32 Beträffande
556 1397 214 30 innebörden
791 1407 43 20 av
858 1397 42 30 de
924 1397 234 36 sakkunnigas
1183 1397 127 37 förslag
1333 1400 90 27 samt
1447 1396 187 31 innehållet
1657 1397 10 29 i
1692 1398 76 29 där-

263 1449 81 29 över
365 1447 148 36 avgivna
532 1447 316 37 remissyttranden,
871 1448 318 36 monopolbolagets
1211 1447 194 37 utredning,
1429 1448 42 30 de
1491 1457 68 27 nya
1580 1448 187 36 remissytt-

263 1497 156 32 randena
442 1498 65 30 och
530 1498 397 36 departementschefens
952 1498 193 31 anförande
1169 1498 50 31 till
1245 1497 374 37 statsrådsprotokollet
1643 1497 127 31 tillåter

264 1547 51 39 sig
336 1548 167 31 utskottet
524 1548 145 31 hänvisa
692 1549 50 30 till
763 1549 259 36 propositionen
1051 1548 37 39 (s.
1111 1548 158 40 24—42).

658 1696 305 44 Detaljhandeln
989 1695 90 34 med
1102 1696 279 33 tobaksvaror.

308 1797 112 36 Syftet
442 1798 80 29 med
545 1795 340 37 tobaksmonopolets
910 1793 184 31 införande
1116 1803 62 21 var
1201 1797 50 27 alt
1273 1793 120 37 uppnå
1417 1797 47 27 ett
1488 1793 204 30 effektivare
1717 1796 49 27 ut-

263 1848 183 37 nyttjande
470 1857 41 21 av
534 1845 397 32 tobakskonsumtlionen
952 1854 73 21 som
1050 1845 213 31 skattekälla.
1289 1844 13 30 I
1325 1843 342 31 överensstämmelse
1690 1844 77 30 här-

263 1899 79 30 med
367 1897 125 37 ansågs
518 1898 108 30 andra
651 1897 82 30 eller
757 1896 118 36 längre
898 1894 133 38 gående
1055 1894 158 37 åtgärder
1239 1895 74 29 icke
1338 1895 86 30 böra
1451 1895 166 36 tillgripas
1645 1895 44 29 än
1716 1894 51 34 de,

263 1958 74 21 som
357 1958 82 21 vore
459 1947 223 36 erforderliga
701 1947 56 30 för
776 1946 176 31 vinnande
971 1955 42 21 av
1033 1948 46 28 ett
1099 1945 204 31 effektivare
1323 1945 264 30 skatteresultat.
1608 1944 161 31 Handeln

263 2000 79 29 med
367 1999 229 30 tobaksvaror
619 1999 77 29 blev
721 1998 51 30 till
798 1997 90 37 följd
914 1997 109 30 härav
1047 1996 142 31 bunden
1215 1997 143 29 allenast
1383 2004 125 28 genom
1534 1995 132 31 sådana
1691 1996 75 30 ord-

262 2050 114 35 nings-
401 2050 66 29 och
490 2048 377 37 kontrollföreskrifter,
892 2057 76 21 som
989 2047 94 36 finge
1104 2057 100 21 anses
1227 2056 81 22 vara
1330 2046 56 31 för
1409 2046 358 36 tillverkningsmono-

264 2101 108 35 polets
397 2100 164 36 behöriga
585 2098 167 37 utövning
778 2098 277 37 oundgängligen
1079 2097 228 37 nödvändiga.
1335 2097 14 30 I
1374 2098 150 36 enlighet
1549 2097 80 30 med
1655 2097 113 30 denna

263 2149 216 37 ståndpunkt
498 2150 136 36 stadgas
655 2149 11 30 i
688 2150 18 30 5
728 2149 18 37 8
768 2159 41 21 av
830 2150 68 29 den
916 2158 49 21 nu
985 2148 158 37 gällande
1162 2148 415 37 monopolförordningen
1597 2147 169 36 följande:

267 2211 11 15 »
286 2201 162 30 Handeln
469 2201 80 30 med
568 2200 229 31 tobaksvaror
818 2201 38 29 är
878 2199 55 36 fri,
958 2199 109 30 under
1089 2198 221 38 iakttagande
1333 2208 42 21 av
1399 2199 42 30 de
1463 2199 10 29 i
1497 2199 113 30 denna
1634 2198 132 30 förord-

263 2251 82 37 ning
368 2251 201 30 meddelade
592 2250 216 31 föreskrifter
829 2250 108 36 jämte
959 2249 66 31 vad
1047 2250 10 29 i
1080 2249 110 36 övrigt
1210 2250 106 35 gäller
1337 2248 178 37 angående
1538 2249 127 30 handel
1689 2249 79 29 med

263 2302 256 30 tobaksvaror.»

307 2351 50 32 På
380 2361 121 22 senare
523 2353 49 30 tid
595 2353 64 29 har
682 2362 42 20 en
750 2353 92 29 stark
868 2352 131 36 ökning
1022 2352 56 35 ägt
1101 2360 78 21 rum
1204 2360 41 21 av
1269 2351 129 30 antalet
1422 2349 257 31 tobaksaffärer
1702 2349 65 30 och

262 2403 202 36 upprepade
491 2402 297 36 framställningar
813 2402 109 36 gjorts
950 2411 57 21 om
1035 2400 212 31 förbättrade
1274 2400 205 37 betingelser
1506 2400 56 30 för
1589 2399 177 36 specialto-

262 2452 252 32 bakshandeln.
