1926 2806
534 157 116 31 Andra
673 158 239 37 lagutskottets
936 160 177 31 utlåtande
1136 171 42 21 nr
1201 162 50 30 58.
1613 160 35 29 11

187 239 97 31 Efter
307 239 262 39 framläggande
594 252 43 21 av
661 241 163 38 förslaget
848 244 51 29 till
925 254 42 20 en
993 244 215 38 lagstiftning
1232 256 57 20 om
1314 247 336 36 byggnadstillstånd

141 290 65 30 har
226 290 194 31 Söderlund
438 292 52 30 till
509 292 198 31 diskussion
727 294 159 36 upptagit
906 294 132 37 frågan,
1060 296 172 31 huruvida
1255 307 41 20 en
1319 298 95 35 dylik
1436 299 214 36 lagstiftning

141 341 63 30 bör
229 341 141 32 komma
394 343 50 29 till
469 342 100 31 stånd
593 345 66 29 och
684 354 42 20 en
749 346 246 30 motsvarande
1018 346 254 31 administrativ
1297 352 146 32 apparat
1469 349 179 37 tillskapas

141 391 83 30 eller
245 401 57 21 om
326 402 82 21 man
432 393 55 30 för
509 394 218 31 närvarande
749 396 70 29 kan
842 396 169 36 begränsa
1036 397 51 36 sig
1109 397 50 30 till
1183 401 48 28 att
1254 399 176 31 förstärka
1454 399 42 31 de
1519 400 130 31 former

140 442 66 30 och
230 451 115 27 organ,
370 453 74 21 som
469 444 54 30 för
545 444 198 31 ändamålet
766 446 107 30 redan
897 446 52 31 stå
973 448 49 29 till
1045 448 98 30 buds.
1169 449 49 30 De
1241 451 264 35 överväganden
1529 451 118 30 Söder-

140 493 85 30 lund
244 494 213 31 härutinnan
478 495 89 36 gjort
588 497 98 30 ledde
705 497 104 36 enligt
829 498 88 29 hans
938 497 91 32 åsikt
1048 500 154 30 närmast
1222 500 50 30 till
1294 501 67 29 den
1383 501 192 36 slutsatsen,
1600 505 49 27 att

140 553 83 21 man
242 546 79 29 med
340 546 68 35 god
428 546 82 36 vilja
531 547 116 31 kunde
668 547 119 36 uppnå
807 550 85 29 nära
913 558 68 28 nog
1001 551 192 31 detsamma
1212 550 46 37 på
1278 553 170 34 grundval
1469 563 43 20 av
1533 562 42 21 en
1596 562 51 21 ar-

139 594 434 39 betsmarknadsreglering
595 599 64 29 och
682 600 79 29 med
783 600 203 30 nuvarande
1007 601 293 37 regleringsorgan
1323 612 75 20 som
1419 604 78 29 med
1519 614 43 21 en
1584 603 62 30 till-

139 644 336 40 ståndslagstiftning
492 649 64 29 och
575 648 109 37 därpå
701 650 188 36 uppbyggd
906 651 255 31 administrativ
1178 656 154 33 apparat.
1353 653 66 30 Vid
1437 653 123 31 sådant
1578 654 68 31 för-

140 695 162 32 hållande
321 698 65 30 och
406 697 44 31 då
470 708 42 20 en
530 708 46 27 ny
596 700 216 37 lagstiftning
830 701 65 30 och
915 704 47 28 ett
980 705 74 33 nytt
1075 702 179 36 krisorgan
1274 704 110 30 skulle
1404 704 77 31 föra
1499 705 80 30 med
1598 705 49 36 sig

138 747 229 38 olägenheter,
385 749 115 31 arbete
517 750 64 30 och
599 751 187 30 kostnader
801 751 95 30 såväl
914 751 55 31 för
985 752 222 37 näringslivet
1224 763 75 21 som
1315 754 56 32 för
1387 756 56 30 det
1460 756 185 36 allmänna,

139 808 81 21 vore
242 800 57 29 det
321 800 104 35 enligt
447 800 87 30 hans
556 801 140 37 mening
718 805 48 27 att
789 802 183 37 föredraga
996 807 48 27 att
1067 805 84 30 söka
1175 804 235 33 effektivisera
1432 806 215 37 prövningen

139 849 96 31 inom
256 859 120 22 ramen
396 850 56 31 för
471 853 201 30 nuvarande
692 852 157 38 ordning.

182 900 49 31 De
258 901 124 30 härvid
407 901 262 31 framträdande
695 903 224 31 önskemålen
944 905 45 30 ha
1015 914 42 20 av
1082 905 192 31 Söderlund
1302 907 10 30 i
1339 907 137 31 korthet
1501 908 145 37 angivits

138 951 160 31 sålunda:

187 1011 26 29 1.
250 1010 311 33 Bestämmelserna
579 1021 57 22 om
656 1012 261 32 företrädesrätt
934 1016 86 29 utan
1038 1014 149 32 särskild
1204 1016 172 37 prövning
1392 1016 56 32 för
1465 1017 91 31 vissa
1573 1018 73 36 slag

139 1061 44 22 av
203 1054 321 36 byggnadsarbeten
544 1055 86 31 böra
649 1054 11 30 i
680 1055 91 31 vissa
791 1056 96 31 delar
907 1058 182 35 upphävas
1112 1058 66 30 och
1199 1057 11 30 i
1230 1059 111 30 andra
1361 1060 96 30 delar
1476 1060 168 36 komplet-

140 1098 89 28 teras
253 1096 79 30 med
357 1095 217 32 föreskrifter
596 1098 67 30 och
687 1096 126 32 villkor
836 1099 11 30 i
870 1098 99 37 fråga
993 1109 59 21 om
1073 1100 69 30 den
1165 1101 220 36 arbetskraft,
1409 1111 77 21 som
1509 1102 58 31 må
1590 1103 56 30 för

140 1137 198 31 ändamålet
361 1139 189 29 användas.

184 1180 29 29 2.
251 1179 200 31 Kontrollen
478 1182 80 29 över
585 1182 66 30 den
678 1182 228 31 kommunala
931 1184 193 36 byggnads-
1151 1185 65 30 och
1242 1186 402 36 anläggningsverksam-

138 1222 102 30 heten
262 1222 64 30 bör
348 1223 10 30 i
380 1223 171 30 samband
572 1225 79 29 med
674 1223 294 38 låneprövningen
991 1226 260 31 effektiviseras.
1276 1227 261 33 Kommunerna
1559 1230 85 30 böra

139 1263 132 31 förmås
290 1266 48 28 att
358 1264 11 30 i
390 1267 47 27 ett
455 1266 255 36 sammanhang
732 1267 99 31 ställa
854 1267 75 31 sina
950 1269 302 36 byggnadsplaner
1269 1271 111 29 under
1401 1271 179 36 prövning.

183 1306 29 30 3.
250 1305 52 31 En
327 1306 142 37 frivillig
490 1309 334 30 överenskommelse
848 1311 79 29 med
950 1310 165 31 liknande
1138 1311 88 36 syfte
1249 1313 62 29 bör
1335 1313 183 30 eventuellt
1541 1314 102 30 sökas

138 1349 80 29 med
241 1348 57 30 det
322 1347 135 32 mindre
480 1350 96 30 antal
599 1351 109 29 större
730 1350 294 38 industriföretag,
1047 1362 77 21 som
1147 1352 93 32 hålla
1263 1364 44 20 en
1329 1363 97 23 mera
1448 1355 196 36 betydande

138 1390 69 30 fast
225 1393 90 28 stam
332 1400 43 21 av
394 1392 346 36 byggnadsarbetare.

182 1432 30 30 4.
250 1432 57 31 Ett
327 1432 120 32 försök
469 1435 62 29 bör
553 1435 99 35 göras
674 1437 48 28 att
745 1442 123 29 genom
891 1436 415 37 förhandsanmälningar
1327 1439 87 30 även
1435 1440 121 30 utöver
1576 1440 68 31 vad

137 1483 82 27 nyss
237 1476 100 34 sagts,
357 1483 88 27 resp.
464 1475 55 30 för
536 1476 137 36 statliga
690 1478 65 29 och
772 1478 343 31 statskontrollerade
1133 1478 167 32 områden
1317 1487 125 28 genom
1459 1481 183 31 förhands-

136 1515 235 38 budgetering,
396 1516 38 31 få
455 1526 72 28 upp
550 1520 48 28 ett
622 1519 107 29 större
754 1520 95 30 antal
874 1520 323 36 byggnadsarbeten
1221 1521 49 31 till
1294 1522 203 35 preliminär
1519 1525 123 34 avväg-

138 1558 83 37 ning
240 1559 9 30 i
269 1560 47 28 ett
335 1560 264 36 sammanhang.
620 1561 14 29 I
656 1561 199 36 anslutning
874 1562 116 30 därtill
1009 1564 63 29 bör
1091 1572 42 21 en
1153 1563 174 31 finansiell
1347 1565 297 36 rambestämning

137 1601 56 30 för
213 1601 192 36 byggnads-
427 1603 65 29 och
512 1602 493 37 anläggningsverksamheten
1027 1604 230 37 eftersträvas.

182 1643 29 30 5.
247 1643 436 38 Byggnadsberedningens
706 1646 236 35 organisation
964 1648 64 29 bör
1050 1647 191 31 förstärkas
1264 1647 12 30 i
1301 1648 89 36 syfte
1412 1652 50 28 att
1484 1650 95 30 möta
1599 1650 44 30 de

137 1694 69 27 nya
225 1686 65 29 och
311 1684 147 37 vidgade
475 1686 233 37 uppgifterna.
730 1687 194 32 Eventuellt
943 1689 86 30 böra
1049 1689 170 31 särskilda
1239 1691 222 35 sakkunniga
1480 1691 162 32 tillkallas

137 1727 56 30 för
210 1730 49 27 att
278 1727 136 37 deltaga
432 1728 12 30 i
463 1729 66 30 den
548 1729 252 31 förberedande
819 1730 258 37 behandlingen
1094 1741 43 21 av
1156 1732 90 30 vissa
1263 1733 74 35 slag
1356 1742 43 21 av
1418 1734 162 30 ärenden.

180 1793 192 32 Söderlund
393 1795 66 30 har
480 1794 118 32 vidare
620 1796 129 31 anfört:

181 1853 78 31 Med
278 1853 93 31 detta
389 1863 100 27 synes
509 1854 334 36 regleringsbehovet
862 1856 124 31 sådant
1003 1858 58 30 det
1078 1858 55 29 för
1150 1859 218 30 närvarande
1386 1862 51 27 ter
1455 1859 51 36 sig
1522 1861 120 29 kunna

135 1895 12 30 i
170 1895 184 31 huvudsak
378 1895 206 36 tillgodoses.
608 1896 221 37 Ifrågasättas
854 1899 80 35 kan,
959 1899 173 30 huruvida
1154 1901 93 29 detta
1269 1901 90 30 skall
1381 1901 93 30 bliva
1496 1901 144 36 möjligt,

135 1946 59 21 om
213 1937 267 31 förhållandena
497 1938 180 36 väsentligt
696 1940 189 31 försämras
905 1941 66 29 och
989 1940 129 31 bristen
1137 1941 44 35 på
1199 1942 211 31 arbetskraft
1428 1951 88 27 resp.
1536 1947 104 27 mate-

136 1979 64 30 rial
223 1978 66 31 blir
311 1978 139 32 svårare
471 1981 46 29 än
537 1990 57 20 nu.
619 1980 234 32 Skördeutfall
877 1983 65 29 och
967 1982 353 37 bränsleförsörjning
1341 1985 120 31 kunna
1483 1986 159 30 medföra

137 2020 264 37 påfrestningar,
426 2031 73 21 som
523 2023 82 35 göra
628 2023 69 30 helt
720 2024 109 29 andra
853 2025 66 29 och
942 2024 118 36 längre
1083 2024 129 36 gående
1235 2025 229 36 ingripanden
1487 2028 153 29 nödvän-

135 2062 80 36 diga
239 2064 43 28 än
307 2072 77 21 som
408 2073 47 21 nu
478 2064 204 36 diskuteras,
707 2067 65 28 och
797 2065 44 31 då
866 2068 87 28 även
979 2066 44 36 på
1047 2067 407 35 byggnadsmarknaden.
1479 2063 27 35 Å
1530 2070 111 30 andra

136 2105 100 30 sidan
258 2105 113 30 skulle
394 2115 43 20 en
458 2105 255 37 inskränkning
734 2118 42 20 av
798 2109 367 35 vedavverkningarna
1187 2111 64 29 och
1275 2113 47 26 ett
1344 2110 232 31 bortfallande
1597 2120 44 22 av

134 2147 442 36 arbetskraftsregleringen
596 2149 50 29 till
669 2149 138 30 förmån
829 2151 54 29 för
905 2151 234 34 skogsarbelet
1161 2153 125 29 beröva
1307 2162 55 20 oss
1383 2154 57 29 det
1461 2153 178 31 hittillsva-

135 2189 107 30 rande
269 2188 428 36 regleringsinstrumentet
725 2192 54 29 för
805 2192 454 35 byggnadsverksamheten.
1288 2194 14 29 I
1329 2195 67 29 den
1423 2194 81 31 mån
1531 2195 110 30 andra

135 2230 190 36 angelägna
343 2240 79 20 men
440 2232 108 29 starkt
566 2232 280 30 differentierade
864 2233 271 36 yrkesområden
1152 2235 45 30 då
1215 2237 59 28 äro
1292 2236 10 29 i
1320 2237 191 34 trängande
1528 2238 112 28 behov

135 2283 43 20 av
198 2272 219 35 arbetskraft,
440 2273 109 29 skulle
571 2274 56 29 det
647 2274 119 30 kunna
786 2276 93 29 möta
899 2274 211 36 svårigheter
1129 2279 48 27 att
1198 2277 9 28 i
1227 2277 184 34 praktiken
1432 2278 50 29 till
1501 2277 138 30 förmån

135 2314 55 30 för
216 2315 78 29 dem
322 2313 93 31 hålla
443 2315 443 35 byggnadsverksamheten
913 2316 144 31 tillbaka
1085 2325 123 27 genom
1234 2328 42 19 en
1304 2319 334 35 arbetskraftsregle-

135 2356 84 35 ring.
239 2355 169 30 Befarade
426 2356 243 36 förändringar
686 2356 10 29 i
715 2358 87 33 läget
821 2368 42 19 av
880 2368 48 20 nu
947 2359 152 29 nämnda
1118 2360 71 34 slag
1206 2360 110 29 skulle
1334 2361 119 29 kunna
1471 2360 167 36 åberopas

135 2408 75 20 som
226 2398 74 30 skäl
317 2396 54 30 för
388 2397 271 36 genomförande
675 2409 42 20 av
733 2399 433 37 tillståndslagstiftningen
1184 2411 74 20 som
1276 2411 42 20 en
1337 2411 59 21 ren
1413 2403 225 35 beredskaps-

136 2441 63 34 lag,
222 2440 114 29 vilken
358 2440 116 30 kunde
495 2441 105 29 sättas
621 2441 10 29 i
653 2440 92 31 kraft
764 2441 105 35 enligt
895 2442 4 29 i
922 2443 182 29 huvudsak
1126 2443 41 29 de
1187 2443 117 35 regler,
1325 2453 76 20 som
1422 2445 88 34 gälla
1531 2446 106 29 förfo-

133 2482 222 34 gandelagen,
380 2480 332 37 tjänstepliktslagen
739 2484 64 29 och
828 2484 109 30 andra
962 2484 164 30 liknande
1150 2486 317 34 beredskapslagar.
1492 2486 64 30 Det
1580 2487 59 29 vill

134 2524 89 29 dock
245 2532 113 27 synas,
379 2533 73 20 som
471 2533 56 20 om
546 2525 145 28 behovet
711 2526 107 29 härav
839 2526 73 29 icke
932 2527 68 28 kan
1019 2536 82 20 vara
1120 2537 41 19 av
1181 2536 92 20 mera
1294 2528 189 35 trängande
1502 2529 136 29 beskaf-
