2224 2657
456 143 19 31 4
914 142 242 33 Statsutskottets
1179 143 161 33 utlåtande
1364 144 52 32 Nr
1438 145 50 31 67.

418 234 244 44 199,000,000
703 233 145 45 kronor,
878 232 107 38 däraf
1009 234 172 48 omkring
1211 236 246 44 159,000,000
1485 236 133 37 kronor
1645 240 121 46 utgått
1793 236 41 38 af
1857 239 160 36 låneme-

413 284 58 36 del
500 285 67 36 och
595 285 172 49 omkring
795 287 223 44 40,000,000
1047 286 134 35 kronor
1208 285 41 37 af
1273 287 248 36 skattemedel.

548 388 107 37 Hvad
683 388 39 36 af
752 389 85 35 herr
867 388 130 37 Nilson
1024 391 12 34 i
1064 388 239 38 förevarande
1331 392 139 35 motion
1499 391 153 46 anförts,
1682 406 58 22 om
1769 398 52 31 att
1848 393 61 36 det
1938 395 79 35 icke

413 453 108 37 synes
561 439 178 49 förenligt
770 440 84 37 med
885 453 44 23 en
958 441 84 36 klok
1070 441 66 36 och
1164 440 173 49 försiktig
1363 443 253 48 finanspolitik
1644 449 54 31 att
1724 457 133 34 genom
1886 446 131 49 upplå-

412 493 92 48 ning
543 491 163 37 anskaffa
746 492 118 36 medel
905 493 57 35 till
1003 491 195 38 utförande
1231 492 40 37 af
1295 507 44 22 en
1363 494 407 51 järnvägsanläggning
1796 496 113 37 sådan
1938 510 78 23 som

413 544 72 36 den
525 557 50 22 nu
603 543 209 49 föreslagna
838 544 160 36 bibanan
1026 543 260 49 Sveg—Hede,
1314 545 119 36 finner
1460 548 55 45 sig
1543 548 178 35 utskottet
1748 548 87 36 böra
1862 548 155 36 tillfullo

413 595 146 37 biträda
585 595 67 36 och
681 608 108 24 anser
818 596 177 36 utskottet
1023 596 116 45 alltså,
1161 601 52 32 att
1233 596 60 36 det
1312 595 58 38 för
1388 599 273 48 anläggningen
1690 598 245 51 erforderliga
1953 601 63 36 be-

412 649 89 47 lopp
533 647 66 36 bör
627 651 89 44 utgå
743 646 41 37 af
808 647 249 37 skattemedel.

547 747 294 38 Vidkommande
882 749 175 49 slutligen
1098 749 61 36 det
1199 749 40 38 af
1276 750 126 37 herrar
1442 765 68 22 von
1551 751 230 50 Stapelmohr
1808 767 47 22 m.
1884 754 36 36 fl.
1950 754 66 36 och

413 800 146 47 Torgen
599 814 47 22 m.
687 801 36 35 £.
752 801 12 35 i
801 800 105 37 deras
937 800 239 37 förenämnda
1206 803 182 35 motioner
1414 804 130 35 väckta
1572 803 135 49 förslag
1734 817 59 23 om
1822 805 194 37 inledande

413 850 40 37 af
479 851 339 49 underhandlingar
846 864 59 23 om
933 851 260 37 förvärfvande
1221 852 58 36 för
1306 858 136 31 statens
1470 855 157 48 räkning
1645 854 41 37 af
1699 856 204 48 järnvägen
1924 856 93 37 Orsa

411 901 144 51 —VSveg
594 904 64 35 vill
699 903 180 36 utskottet
928 904 152 36 hänvisa
1111 905 55 34 till
1195 904 96 36 hvad
1320 907 273 35 statsutskottet
1620 907 63 36 vid
1713 909 92 34 1911
1836 911 58 32 års
1921 909 95 35 riks-

413 955 81 48 dag,
537 954 84 36 med
661 954 200 49 anledning
889 954 39 36 af
951 956 12 35 i
993 968 138 23 samma
1158 956 133 35 ärende
1319 957 129 36 väckta
1476 959 193 44 motioner,
1698 958 151 37 anförde
1876 959 139 42 därom,

412 1011 54 31 att
496 1006 180 36 utskottet
702 1018 87 24 vore
816 1005 235 50 öfvertygadt
1079 1020 70 31 om,
1179 1012 65 39 att,
1274 1008 121 36 därest
1422 1008 278 38 förhållandena
1727 1011 117 35 skulle
1862 1012 78 35 visa
1960 1011 56 49 sig

412 1057 83 36 med
523 1057 275 49 nödvändighet
826 1058 145 48 påkalla
998 1064 52 30 ett
1078 1057 143 37 förvärf
1242 1058 39 36 af
1306 1061 229 36 sistnämnda
1557 1062 170 47 järnväg,
1757 1062 133 49 Kungl.
1912 1062 103 48 Maj:t

411 1109 80 35 icke
519 1109 117 36 skulle
666 1109 192 36 underlåta
885 1114 53 31 att
966 1109 127 36 därom
1120 1117 89 40 göra
1237 1109 274 52 framställning
1538 1113 66 35 hos
1632 1112 219 50 Riksdagen.

545 1160 55 35 Då
626 1161 179 34 utskottet
834 1160 228 36 fortfarande
1090 1161 110 47 hyser
1228 1162 69 35 den
1326 1164 208 46 meningen,
1565 1169 52 29 att
1645 1164 133 48 Kungl.
1808 1165 103 47 Maj:t
1938 1166 78 34 icke

411 1212 95 35 lärer
533 1210 193 37 underlåta
753 1216 52 30 att
832 1210 150 50 vidtaga
1009 1210 241 50 erforderliga
1277 1212 170 48 åtgärder
1474 1214 11 35 i
1513 1214 67 36 och
1609 1213 58 37 för
1686 1215 181 37 ernående
1886 1215 40 36 af
1942 1214 74 38 för-

410 1262 165 36 bindelse
607 1263 133 35 mellan
774 1262 271 36 Inlandsbanan
1073 1263 66 35 och
1168 1263 159 45 Vänern,
1357 1264 170 37 afseende
1554 1278 85 23 vare
1668 1267 56 46 sig
1750 1268 112 48 inköp
1890 1266 40 36 af
1956 1280 60 23 en-

411 1313 120 36 skilda
554 1314 199 47 järnvägar
777 1315 90 34 eller
885 1313 270 37 förbindelsens
1184 1315 326 37 åstadkommande
1538 1320 46 45 på
1603 1322 122 40 annat,
1746 1319 177 47 möjligen
1944 1318 73 36 för-

411 1365 202 46 månligare
655 1369 82 39 sätt,
779 1364 65 36 har
884 1366 178 34 utskottet
1103 1366 30 47 ej
1164 1364 127 37 funnit
1319 1368 55 47 sig
1402 1367 88 35 böra
1517 1368 184 48 tillstyrka
1729 1370 287 35 motionärernas

412 1414 147 50 förslag.

544 1466 187 37 Utskottet
760 1467 211 36 hemställer
999 1469 115 43 alltså,

950 1566 70 48 1:0)
1049 1574 53 31 att
1129 1569 209 50 Riksdagen

945 1618 35 47 a)
1009 1621 82 35 med
1131 1621 268 47 godkännande
1439 1622 40 36 af
1503 1624 44 35 de
1575 1625 12 34 i
1615 1625 402 48 statsrådsprotokollet

811 1671 253 44 omförmälda,
1107 1671 39 37 af
1182 1672 209 37 Jämtlands
1424 1675 79 35 läns
1530 1675 191 49 landsting
1748 1676 67 36 och
1842 1676 175 36 vederbö-

811 1723 112 36 rande
951 1724 153 35 socknar
1134 1724 130 48 gjorda
1292 1723 213 38 utfästelser
1532 1727 11 34 i
1572 1725 105 50 fråga
1704 1741 57 22 om
1790 1727 226 37 kostnadsfri

814 1775 206 47 upplåtelse
1048 1773 40 37 af
1112 1776 103 35 mark
1245 1789 46 22 m.
1312 1789 61 31 m.,
1394 1780 59 32 må
1472 1777 142 36 besluta
1633 1779 224 48 anläggning
1876 1778 39 37 af
1931 1792 84 23 nor-

811 1826 197 48 malspårig
1035 1826 186 36 statsbana
1248 1827 132 35 mellan
1409 1827 111 49 Svegs
1549 1831 134 34 station
1714 1833 8 32 å
1758 1822 93 59 Orsa
1857 1829 159 48 —Härje-

810 1876 125 36 dalens
971 1877 158 48 järnväg
1168 1878 66 35 och
1262 1878 152 36 Brunflo
1442 1881 136 34 station
1607 1883 19 32 å
1653 1881 200 36 tvärbanan
1882 1895 132 35 genom

809 1927 189 36 Jämtland
1027 1927 57 36 för
1111 1941 44 22 en
1183 1929 185 36 beräknad
1396 1930 154 36 kostnad
1570 1930 41 36 af
1628 1933 220 43 11,250,000
1868 1933 145 44 kronor,

810 1979 81 35 med
926 1984 73 30 rätt
1027 1978 58 36 för
1113 1979 134 49 Kungl.
1276 1980 103 48 Maj:t
1407 1986 52 30 att
1486 1989 168 29 närmare
1682 1982 173 37 förordna
1883 1997 58 22 om
1972 1984 43 35 de

810 2035 98 29 orter
930 2030 202 48 järnvägen
1160 2031 66 35 bör
1253 2035 198 44 genomgå;

944 2078 38 48 b)
1012 2081 82 35 med
1122 2082 200 48 anledning
1350 2082 39 36 af
1410 2083 134 49 Kungl.
1566 2083 122 49 Maj:ts
1707 2084 169 50 förslag
1868 2074 20 64 i
1897 2085 119 36 denna

811 2131 57 36 del
897 2132 66 35 och
992 2132 81 36 med
1101 2132 105 37 bifall
1233 2135 55 34 till
1313 2134 84 35 herr
1416 2134 149 36 Nilsons
1585 2135 271 37 ofvannämnda
1875 2138 139 34 motion

811 2186 68 39 må,
923 2183 117 35 under
1085 2182 176 38 förbehåll
1316 2190 53 31 att
1413 2185 42 36 de
1501 2185 226 37 beträffande
1770 2187 121 36 nedan
1936 2201 79 22 om-

810 2232 179 37 förmälda
1028 2234 133 36 bibana
1191 2236 13 34 i
1232 2235 396 49 statsrådsprotokollet
1655 2237 198 37 förutsatta
1880 2239 134 36 villkor
