2211 2668
757 151 254 32 Statsutskottets
1039 152 168 34 Utlåtande
1231 154 62 33 N:o
1317 156 52 32 36.
1770 158 40 32 19

382 228 125 37 Hedan
546 229 143 49 Kungl.
732 230 109 50 Maj:t
881 245 139 36 genom
1061 233 89 37 bref
1186 234 73 37 den
1302 236 46 35 31
1394 235 198 37 december
1627 238 111 47 1891,
1768 238 86 36 med

252 280 179 37 afseende
474 284 20 33 å
537 281 45 37 de
622 282 227 38 förändrade
891 285 276 49 förhållanden,
1211 300 81 23 som
1333 287 146 37 inträdt
1520 288 116 38 sedan
1675 290 179 49 gällande

251 333 428 50 aflöningsreglemente
720 335 213 50 fastställts,
964 338 182 37 anbefallt
1169 339 380 50 järnvägsstyrelsen
1579 346 54 32 att
1660 342 194 38 inkomma

250 386 87 36 med
379 386 146 49 förslag
565 386 59 36 till
665 392 87 44 nytt
794 389 425 50 aflöningsreglemente
1263 391 58 37 för
1360 393 227 48 personalen
1615 394 65 36 vid
1709 400 144 32 statens

247 438 222 49 Järnvägar,
510 439 97 36 hade
652 439 188 49 styrelsen
881 442 11 35 i
926 442 200 37 skrifvelse
1156 443 72 36 den
1259 446 46 34 26
1335 445 208 36 november
1573 447 97 35 1892
1701 447 154 48 afgifvit

252 490 125 48 dylikt
418 490 157 49 förslag,
614 491 109 36 hvari
752 493 191 48 styrelsen
973 495 41 35 af
1037 495 190 49 uppgifna
1257 496 155 37 orsaker
1440 496 192 38 hemställt
1662 511 60 23 om
1751 499 102 37 vissa

252 541 275 50 förbättringar
564 543 11 36 i
612 543 221 38 förberörda
866 559 190 37 gruppers
1085 547 451 49 aflöningsförhållanden
1565 550 196 37 äfvensom
1791 564 60 24 om

252 595 246 48 upptagande
528 595 41 36 af
593 598 120 47 några
741 610 76 35 nya
845 611 179 36 grupper.

381 646 216 49 Styrelsens
639 648 227 38 hemställan
907 650 97 37 hade
1042 651 142 48 jämväl
1226 651 58 37 till
1324 653 275 49 väsentligaste
1627 654 61 37 del
1716 655 137 36 vunnit

251 698 235 50 tillslutning
515 699 83 37 från
631 702 96 35 1893
757 703 60 35 års
840 702 408 50 järnvägskommittés
1279 704 92 48 sida,
1400 705 71 37 och
1498 706 13 36 i
1539 706 74 36 den
1642 707 41 36 af
1706 706 144 50 Kungl.

251 751 109 49 Maj:t
401 751 58 36 till
490 753 95 35 1897
617 755 60 34 års
705 753 173 49 Riksdag
907 754 138 37 aflåtna
1073 757 237 48 proposition
1339 758 199 47 angående
1566 759 287 49 lönereglering

250 803 60 36 för
338 803 228 49 personalen
594 804 64 36 vid
688 809 144 33 statens
852 807 212 48 järnvägar
1079 808 97 36 hade
1192 809 247 36 kommitténs
1454 810 147 49 förslag
1615 810 237 38 beträffande

252 868 51 23 nu
331 855 290 49 ifrågavarande
651 857 189 48 betjäntes
870 859 330 51 aflöningsbelopp
1229 861 195 49 upptagits
1453 862 257 37 oförändradt.

383 908 134 48 Enligt
559 908 102 37 detta
701 910 147 48 förslag
888 910 97 37 hade
1028 912 45 36 de
1114 912 270 38 förutvarande
1417 919 58 31 tre
1503 915 125 47 lägsta
1657 915 194 36 arfvodes-

253 959 208 48 klasserna,
509 962 204 35 240—360
760 962 153 48 kronor,
963 963 207 49 borttagits
1212 968 125 33 såsom
1380 966 180 49 omöjliga
1602 971 55 31 att
1698 967 153 37 dåmera

253 1011 181 48 tillämpa.
465 1011 141 38 Vidare
625 1013 96 36 hade
742 1013 304 50 kontorsvakter,
1069 1015 212 38 banvakter
1301 1017 70 37 och
1392 1018 289 37 stationskarlar
1708 1024 143 32 ansetts

253 1063 92 36 böra
387 1064 164 36 tilldelas
581 1069 54 31 ett
663 1065 396 49 begynnelsearfvode
1089 1068 41 35 af
1153 1070 76 35 480
1257 1069 141 36 kronor
1426 1069 34 36 d.
1490 1083 34 22 v.
1555 1083 28 23 8.
1613 1075 86 32 näst
1727 1071 124 48 lägsta

252 1115 164 36 klassen.
471 1116 17 35 I
528 1116 123 37 likhet
692 1118 87 36 med
819 1118 349 38 kontorsvakterna
1209 1120 95 37 hade
1337 1121 266 38 banvakterna
1630 1123 221 49 föreslagits

253 1166 58 37 till
341 1167 220 37 erhållande
591 1169 41 35 af
657 1174 55 31 ett
741 1170 235 37 slutarfvode
1005 1174 20 33 å
1046 1173 72 35 600
1139 1173 152 47 kronor,
1317 1174 212 48 hvarjämte
1548 1174 166 37 banvakt
1730 1175 121 36 under

253 1220 103 35 förut
384 1220 143 36 nämnd
555 1221 278 50 förutsättning
861 1223 122 36 skulle
1011 1223 130 37 kunna
1169 1225 141 36 erhålla
1338 1230 56 32 ett
1421 1226 319 49 tilläggsarfvode
1756 1227 96 36 efter

255 1273 47 34 60
332 1273 21 34 å
383 1273 73 35 120
485 1272 140 38 kronor
653 1274 59 36 för
740 1277 50 33 år.
832 1274 168 37 Berörda
1028 1276 234 38 slutarfvode
1292 1280 20 34 å
1329 1279 73 35 600
1417 1278 140 37 kronor
1571 1278 96 37 hade
1682 1279 170 37 banvakt

252 1324 118 36 redan
412 1324 102 36 förut
555 1325 72 36 fått
667 1326 13 35 i
720 1326 101 36 vissa
859 1327 64 36 fall
951 1328 182 49 uppbära.
1190 1329 85 36 Med
1304 1330 208 49 anledning
1548 1331 41 36 af
1613 1331 129 37 därom
1772 1331 82 37 utaf

252 1376 144 49 Kungl.
427 1376 108 49 Maj:t
563 1377 113 49 gjord
704 1378 284 49 framställning
1015 1380 96 37 hade
1141 1381 195 49 nämligen
1359 1384 96 34 1892
1477 1385 60 34 års
1555 1383 172 49 Riksdag
1746 1384 104 36 med-

254 1428 124 47 gifvit,
423 1433 55 31 att
519 1429 41 36 af
584 1430 457 49 Järnvägstrafikmedlen
1075 1437 55 32 ett
1161 1433 138 50 belopp
1334 1435 41 35 af
1397 1434 118 49 högst
1546 1437 135 46 12,000
1710 1436 142 37 kronor

252 1482 105 46 finge
398 1481 120 36 under
560 1481 63 37 det
664 1482 228 38 kommande
933 1487 93 44 året,
1075 1485 98 37 efter
1214 1486 322 49 trafikstyrelsens
1578 1487 271 50 bepröfvande,

255 1532 193 36 användas
488 1533 58 36 till
587 1534 225 49 förhöjning
853 1535 11 36 i
904 1535 102 37 vissa
1048 1536 67 37 fall
1147 1537 42 36 af
1213 1538 45 36 de
1286 1538 65 36 vid
1380 1543 143 33 statens
1547 1539 304 50 järnvägstrafik

255 1584 187 37 anställda
487 1585 233 38 banvakters
768 1587 281 38 löneförmåner
1090 1590 152 36 utöfver
1283 1591 63 36 det
1387 1590 46 37 då
1475 1592 197 48 medgifna
1713 1592 139 49 högsta

254 1636 370 50 arfvodesbeloppet,
653 1638 88 37 med
769 1639 116 48 högst
914 1641 47 35 60
989 1641 143 36 kronor
1159 1642 57 36 för
1243 1642 131 49 hvarje
1402 1643 178 48 banvakt,
1611 1657 79 23 som
1713 1645 40 35 af
1773 1645 76 36 för-

252 1687 215 49 höjningen
507 1689 151 37 komme
699 1690 12 36 i
753 1691 235 49 åtnjutande.
1044 1692 113 37 Detta
1184 1693 241 50 Riksdagens
1454 1695 269 50 medgifvande
1753 1696 96 37 hade

255 1740 213 36 sedermera
497 1741 174 49 förnyats
700 1742 132 49 hvarje
861 1746 40 33 år
929 1744 58 36 till
1015 1745 70 36 och
1114 1746 86 35 med
1231 1747 109 35 1896.

382 1792 75 36 För
502 1793 212 48 kolvakter,
757 1808 193 36 pumpare,
989 1809 121 35 vagn-
1151 1798 70 35 och
1262 1798 363 50 lokomotivputsare
1654 1801 196 36 äfvensom

254 1844 287 49 vagnsmörjare
577 1845 97 38 hade
704 1849 124 34 såsom
856 1847 124 48 lägsta
1009 1848 169 50 aflöning
1204 1850 222 49 föreslagits
1455 1853 72 35 540
1558 1852 151 47 kronor,
1738 1852 112 37 hvar-

249 1896 121 48 jämte
403 1898 307 48 vagnsmörjares
743 1899 314 38 maximiarfvode
1087 1906 144 32 ansetts
1260 1902 90 37 böra
1379 1908 117 32 sättas
1524 1904 59 36 till
1605 1906 72 34 780
1697 1905 151 36 kronor.

383 1948 324 38 Minimiarfvodet
735 1950 59 37 för
821 1951 258 38 vaktmästare
1107 1953 65 36 vid
1201 1955 189 47 styrelsen
1420 1955 96 37 hade
1546 1956 219 49 föreslagits
1793 1956 58 37 till

256 2001 72 34 780
370 2000 142 37 kronor
554 2001 70 37 och
660 2002 59 37 för
759 2003 260 38 vaktmästare
1047 2005 65 36 vid
1141 2006 203 38 distrikten
1371 2007 59 36 till
1455 2009 73 35 600
1556 2008 153 49 kronor,
1739 2009 111 36 hvar-

250 2052 119 48 jämte
411 2053 237 37 sistnämnda
689 2054 276 39 vaktmästares
998 2057 140 49 högsta
1167 2058 156 38 arfvode
1353 2064 143 32 ansetts
1525 2060 92 37 böra
1643 2064 94 46 utgå
1765 2062 86 36 med

254 2104 161 36 allenast
456 2107 74 35 840
574 2106 152 37 kronor.
781 2108 201 37 Dessutom
1017 2110 97 36 hade
1142 2111 199 49 upptagits
1370 2125 47 23 en
1446 2112 119 37 första
1591 2113 259 37 vaktmästare

253 2156 12 35 i
295 2157 190 48 styrelsen
514 2158 87 36 med
630 2159 73 36 fast
733 2159 166 49 arfvode,
928 2161 190 49 utgående
1147 2163 87 36 med
1263 2165 73 35 800
1375 2164 141 37 kronor
1542 2165 13 36 i
1583 2165 64 36 lön
1676 2166 71 36 och
1776 2167 73 36 300

255 2208 140 37 kronor
431 2209 13 36 i
471 2210 511 52 tjänstgöringspenningar,
1013 2214 145 49 därvid,
1187 2215 137 37 liksom
1353 2216 58 36 för
1439 2216 123 50 öfriga
1592 2217 257 39 vaktmästare
