1892 2764
321 185 188 30 Allmänna
537 183 400 41 beredningsutskottets
965 181 180 32 utlåtande
1170 190 44 22 nr
1242 181 40 30 10
1308 180 41 31 år
1376 180 84 30 1962
1597 178 41 31 19

146 266 64 29 har
229 265 119 30 vidare
367 265 46 32 bl.
434 274 30 21 a.
486 264 139 41 nyligen
646 264 81 30 med
747 263 101 40 hjälp
869 272 42 21 av
932 264 48 29 ett
1002 261 134 41 statligt
1155 260 124 41 bidrag
1299 259 46 41 på
1365 259 42 31 80
1420 259 64 31 000
1505 258 133 31 kronor

145 318 191 31 framställt
356 327 44 21 en
421 318 77 30 film
517 318 12 29 i
550 316 219 41 upplysande
790 315 102 42 syfte.
913 315 127 40 Dylika
1059 314 154 31 initiativ
1232 314 64 30 bör
1316 313 108 40 enligt
1444 312 191 31 utskottets

149 372 141 40 mening
304 372 87 30 även
407 372 10 29 i
433 371 273 39 fortsättningen
721 371 236 39 uppmuntras
971 378 42 21 av
1028 368 58 30 det
1101 368 190 30 allmänna.

191 426 176 30 Utskottet
389 425 117 30 finner
528 424 156 31 Svenska
706 424 125 31 tobaks
853 422 250 40 aktiebolagets
1126 421 73 31 helt
1220 421 141 40 nyligen
1383 419 183 40 företagna
1587 418 51 31 åt-

146 479 85 39 gärd
254 481 51 28 att
327 478 102 31 anslå
450 478 63 30 225
527 478 63 30 000
615 478 131 30 kronor
768 477 54 30 till
844 476 144 40 lämplig
1010 474 227 42 propaganda
1260 476 74 28 mot
1357 472 280 40 tobaksrökning

144 533 106 30 bland
274 533 88 30 barn
386 533 66 30 och
475 532 155 39 ungdom
654 529 298 32 erkännansvärd.
978 529 66 31 Vid
1067 528 258 40 bedömningen
1350 536 44 21 av
1418 526 124 40 frågan
1567 526 70 30 hur

146 585 55 30 för
220 585 102 31 dessa
340 585 165 30 ändamål
524 584 217 40 tillgängliga
759 583 112 31 medel
893 583 89 30 skall
1001 581 180 31 användas
1202 581 111 30 måste
1334 580 144 40 givetvis
1497 579 140 40 möjlig-

146 639 145 30 heterna
308 641 52 28 att
376 638 157 41 utnyttja
549 638 42 30 de
609 647 42 21 av
668 637 261 31 motionärerna
947 635 143 31 särskilt
1107 634 186 31 förordade
1311 633 126 35 media,
1454 633 99 30 radio
1570 632 67 31 och

145 693 70 34 TV,
233 692 144 30 komma
395 692 112 30 under
524 691 183 42 prövning.

193 746 178 30 Utskottet
390 746 60 29 vill
470 746 87 29 även
577 744 118 31 erinra
715 753 57 21 om
792 745 52 29 att
863 752 43 22 en
926 742 96 40 livlig
1041 741 242 40 vetenskaplig
1303 740 186 39 forskning
1509 748 49 22 nu
1578 739 62 41 på-

148 799 62 40 går
233 798 224 31 beträffande
482 798 172 31 tobakens
680 796 322 40 skadeverkningar
1026 796 66 30 och
1118 794 145 31 därmed
1290 792 348 41 sammanhängande

148 853 128 40 frågor.

192 906 176 31 Utskottet
386 915 102 21 anser
505 905 57 30 det
579 905 118 30 arbete
715 913 75 22 som
807 913 49 21 nu
872 903 159 31 bedrives
1047 902 47 40 på
1111 902 94 30 olika
1222 901 168 31 områden
1408 900 55 31 för
1480 902 51 29 att
1548 901 90 29 mot-

146 960 107 30 verka
276 958 343 32 tobaksmissbruket
641 958 108 30 bland
773 958 42 30 de
838 964 93 33 unga
954 957 86 30 böra
1063 956 45 40 på
1132 956 62 29 allt
1218 955 69 30 sätt
1311 956 235 38 uppmuntras
1571 953 66 30 och

152 1013 134 39 stödjas
309 1022 81 21 men
413 1013 65 30 har
500 1012 76 30 icke
599 1012 138 30 kunnat
760 1011 100 30 finna
883 1012 51 29 att
957 1010 67 30 den
1047 1009 200 39 föreslagna
1269 1008 233 39 utredningen
1526 1007 114 30 skulle

151 1066 86 41 fylla
255 1066 115 40 någon
389 1065 139 41 uppgift
545 1066 12 30 i
575 1065 59 31 det
652 1074 42 21 av
712 1064 220 31 motionären
951 1062 152 32 avsedda
1122 1061 106 42 syftet
1247 1062 66 30 och
1331 1061 57 30 får
1406 1060 120 31 därför
1543 1060 100 31 hem-

149 1121 112 35 ställa,

502 1174 50 29 att
572 1172 135 30 motion
727 1172 46 29 II:
788 1171 39 30 21
849 1171 77 30 icke
945 1170 58 31 må
1023 1168 183 32 föranleda
1226 1168 115 40 någon
1361 1167 206 41 riksdagens
1587 1167 52 30 åt-

458 1226 95 40 gärd.

194 1281 202 31 Stockholm
412 1280 67 30 den
495 1280 19 30 8
530 1289 95 21 mars
643 1279 83 30 1962

484 1385 50 30 På
549 1386 180 30 allmänna
744 1384 402 39 beredningsutskottets
1162 1383 147 39 vägnar:

707 1473 147 31 NANCY
873 1472 218 31 ERIKSSON

193 1715 242 32 Närvarande:

195 1778 79 30 från
336 1779 140 29 första
509 1777 223 30 kammaren:
756 1776 123 30 herrar
901 1775 155 35 Möllers,
1079 1774 163 40 Nestrup,
1267 1773 125 35 Sörlin,
1417 1772 223 39 Söderberg+,

152 1822 197 35 Hedström,
377 1822 199 34 Olofsson+,
603 1820 216 35 Hellebladh,
846 1820 190 39 Ringabyt,
1062 1818 139 35 Widén,
1229 1818 92 39 Tage
1347 1817 201 30 Johansson
1575 1816 66 30 och

151 1868 135 34 Schött;

197 1928 79 30 från
343 1928 122 30 andra
497 1928 223 29 kammaren:
744 1926 57 30 fru
824 1926 169 29 Eriksson
1015 1925 11 30 i
1050 1924 213 34 Stockholm,
1286 1924 123 29 herrar
1430 1923 178 30 Johnsson
1630 1922 13 30 i

155 1973 199 39 Skoglösax,
384 1972 192 30 Jacobsson
604 1972 11 29 i
645 1971 89 34 Sala,
764 1970 164 34 Dickson,
959 1969 57 30 fru
1045 1968 200 39 Jäderberg,
1275 1968 123 29 herrar
1428 1967 173 30 Svensson
1629 1967 12 29 i

152 2017 169 39 Kungälv,
339 2017 163 30 Carlsson
519 2017 10 29 i
547 2016 221 33 Huskvarna,
786 2015 140 30 Nilsson
943 2015 11 29 i
970 2013 199 35 Bästekille,
1187 2012 239 35 Lundmark>+,
1445 2011 196 40 Haglund>+,

153 2062 117 39 Keijer
286 2062 65 30 och
367 2061 214 40 Magnusson
595 2061 12 29 i
623 2060 269 30 Nennesholm+.

190 2160 13 14 >
224 2159 33 31 Ej
278 2158 182 25 närvarande
477 2158 49 24 vid
544 2157 183 25 utlåtandets
744 2156 155 32 justering.
