1935 2844
260 186 42 30 22
543 177 404 42 Bevillningsutskottets
966 175 218 31 betänkande
1202 184 42 20 nr
1263 174 41 30 53
1322 173 39 31 år
1381 172 82 31 1967

421 261 226 36 (Nuvarande
667 259 146 41 lydelse)

261 329 106 30 tande
391 327 204 41 preliminär
619 326 103 34 skatt,
748 325 79 39 äger
852 325 49 28 att
925 331 54 32 ge-

264 383 82 21 nom
367 372 250 40 länsstyrelsen
637 371 11 30 i
670 371 56 30 det
747 370 69 34 län,
839 369 62 30 där
923 368 56 30 de-

264 419 194 39 biteringen
486 418 101 33 skett,
616 413 249 41 kostnadsfritt
893 413 87 30 åter-

264 464 187 29 bekomma
465 462 67 30 vad
547 462 70 29 han
634 460 55 30 för
705 459 138 40 mycket
860 458 119 39 erlagt.

312 690 18 30 5
357 698 126 21 mom.
511 688 75 30 Vad
601 688 11 29 i
629 687 18 30 3
664 687 65 29 och
745 685 20 30 4
781 694 105 21 mom.
905 685 77 39 sägs

267 735 91 30 skall
385 734 63 40 äga
477 731 245 32 motsvarande
749 729 233 41 tillämpning,

269 780 44 30 då
339 779 67 30 den
433 787 74 21 som
534 778 38 29 är
598 775 193 40 berättigad
819 776 50 28 att
896 774 87 30 åter-

268 825 187 29 bekomma
477 823 93 29 skatt
593 822 65 29 har
681 822 50 28 att
755 820 137 39 erlägga
916 819 68 40 sjö-

271 868 208 30 mansskatt.

1197 255 224 39 (Föreslagen
1441 252 147 41 lydelse)

1034 320 203 42 preliminär
1279 319 93 30 skatt
1414 319 80 39 äger
1535 319 49 28 att
1626 324 123 32 genom

1036 366 250 40 länsstyrelsen
1313 365 11 30 i
1352 365 56 29 det
1436 364 68 35 län,
1533 363 63 30 där
1624 362 127 30 debite-

1036 412 121 39 ringen
1181 411 101 34 skett,
1307 409 261 30 återbekomma
1591 407 66 30 vad
1680 407 71 29 han

1036 457 109 38 erlagt
1167 455 54 30 för
1244 455 148 39 mycket.
1415 453 130 38 Belopp
1570 451 111 30 under
1704 451 46 29 tio

1038 501 129 30 kronor
1189 499 207 31 återbetalas
1421 498 122 30 endast
1566 497 65 30 när
1653 496 99 41 fråga

1037 547 39 29 är
1097 556 54 20 om
1175 545 139 30 rättelse
1337 554 42 20 av
1400 543 205 40 felaktighet
1628 542 11 30 i
1659 540 93 31 debi-

1039 591 111 40 tering
1164 591 81 30 eller
1259 589 203 40 avräkning.

1084 683 17 29 5
1128 691 127 21 mom.
1283 681 74 31 Vad
1373 681 11 29 i
1400 680 18 30 3
1435 680 66 30 och
1516 679 20 30 4
1552 688 104 20 mom.
1676 678 77 39 sägs

1040 728 80 39 äger
1157 726 244 30 motsvarande
1438 724 233 40 tillämpning,
1711 722 44 30 då

1041 773 66 29 den
1123 781 74 21 som
1213 772 37 29 är
1265 770 193 40 berättigad
1474 771 49 28 att
1539 768 216 31 återbekom-

1041 826 57 20 ma
1126 817 93 29 skatt
1246 816 64 29 har
1339 816 49 28 att
1417 814 138 39 erlägga
1583 813 172 40 sjömans-

1041 862 92 29 skatt
1157 861 82 29 eller
1265 858 316 39 bevillningsavgift
1603 857 57 38 för
1682 857 73 29 sär-

1039 904 114 30 skilda
1172 903 178 40 förmåner
1369 902 63 30 och
1451 901 204 40 rättigheter
1673 900 82 30 eller

1041 949 248 41 kupongskatt.

961 1032 41 30 69
1030 1032 27 37 38.

319 1093 15 29 1
363 1100 126 22 mom.
517 1091 124 29 Därest
658 1089 67 30 den

316 1138 113 29 Ränta
465 1145 74 20 som
578 1135 11 29 i
623 1132 207 42 föregående
867 1131 119 40 stycke

272 1183 79 38 sägs
377 1181 91 30 skall
493 1180 73 29 icke
594 1178 80 40 utgå
699 1178 20 29 å
747 1177 131 39 belopp,
907 1175 80 31 varå

274 1227 10 29 i
315 1227 9 29 2
346 1235 105 21 mom.
474 1223 213 41 omförmäld
708 1222 101 30 ränta
833 1220 155 40 tillgodo-

273 1271 93 40 föres
387 1270 65 30 den
472 1267 264 40 skattskyldige.

321 1495 18 29 2
365 1502 126 21 mom.
519 1493 74 29 Den
610 1500 75 21 som
932 1506 44 3 —

1089 1103 44 3 —
1144 1078 29 50 —
1207 1083 204 41 preliminär
1430 1082 103 30 skatt.

1087 1130 72 30 Har
1176 1128 120 40 slutlig
1314 1128 82 30 eller
1415 1126 229 31 kvarstående
1664 1125 95 29 skatt

1043 1183 123 31 genom
1186 1174 47 39 fel
1253 1173 57 30 vid
1328 1171 235 40 debiteringen
1585 1170 96 30 blivit
1700 1169 60 40 på-

1044 1219 81 40 förd
1152 1218 80 30 med
1260 1217 143 39 oriktigt
1433 1216 122 39 belopp
1584 1215 83 30 eller
1695 1214 65 30 har

1040 1262 205 41 preliminär
1259 1262 95 30 skatt
1370 1260 95 31 blivit
1481 1258 280 41 tillgodoräknad

1045 1308 80 30 med
1143 1307 160 40 felaktigt
1324 1306 122 39 belopp
1465 1305 83 30 eller
1566 1304 91 30 skall
1675 1303 86 30 slut-

1046 1353 45 39 lig
1111 1352 83 30 eller
1214 1350 230 31 kvarstående
1465 1349 94 30 skatt
1580 1358 42 20 av
1642 1356 118 22 annan

1046 1396 188 40 anledning
1251 1395 190 35 nedsättas,
1458 1394 99 39 göres
1576 1401 45 31 ny
1642 1391 119 30 beråk-

1046 1441 84 40 ning
1154 1450 42 21 av
1221 1441 100 28 ränta
1348 1438 105 40 enligt
1478 1438 111 40 första
1615 1436 146 40 stycket.

322 1764 67 29 Vid
402 1761 194 39 beräkning

323 1810 50 29 att
390 1808 102 29 ränta
509 1806 101 39 utgår
629 1805 54 29 för
703 1804 102 33 skatt,
825 1811 75 21 som
918 1810 75 31 pre-

278 1853 157 30 liminärt
466 1851 126 38 erlagts
624 1848 110 30 under
766 1845 228 39 vederbörligt

281 1896 228 41 uppbördsår,
527 1894 80 30 från
623 1893 174 39 utgången
815 1900 41 20 av
871 1890 123 29 nämn-

280 1942 43 30 da
348 1941 39 30 år
412 1942 89 29 samt
526 1939 55 30 för
606 1946 117 22 annan
749 1936 103 34 skatt,
879 1935 115 30 därest

280 1987 67 29 den
375 1985 126 39 erlagts
529 1983 111 30 under
668 1982 96 29 förra
790 1979 136 30 hälften
954 1988 42 20 av

281 2032 47 28 ett
351 2027 227 42 uppbördsår,
601 2026 79 30 från
702 2025 65 30 och
787 2023 80 31 med
888 2023 66 30 den
979 2022 15 29 1

281 2074 109 40 därpå
416 2072 156 40 följande
597 2069 196 41 september
818 2068 74 34 och,
920 2068 77 29 där-

281 2121 51 28 est
353 2119 66 29 den
440 2118 126 38 erlagts
587 2115 111 30 under
720 2122 120 22 senare
861 2112 135 30 hälften

282 2173 42 20 av
341 2164 47 28 ett
407 2160 228 41 uppbördsår,
653 2159 80 29 från
751 2158 65 29 och
833 2157 79 29 med
930 2156 66 30 den

285 2208 15 29 1
320 2206 109 40 därpå
447 2205 157 39 följande
622 2211 111 28 mars;

328 2253 59 32 att,
408 2251 115 29 därest
567 2266 18 4 —
617 2265 30 4 —
673 2265 33 3 —
735 2264 33 4 —
794 2263 30 4 —
852 2263 34 3 —
914 2262 30 3 —
970 2242 43 47 -—

1167 1486 67 29 den
1253 1483 263 40 skattskyldige.

1090 1531 113 29 Ränta
1227 1529 106 39 enligt
1356 1528 111 39 första
1491 1526 135 40 stycket
1651 1525 110 39 utgår,

1049 1575 153 40 förutom
1245 1574 19 29 å
1307 1573 57 30 det
1406 1571 240 39 skattebelopp
1686 1578 75 21 som

1047 1619 90 30 skall
1160 1617 218 36 återbetalas,
1403 1617 85 28 även
1513 1615 20 30 å
1557 1615 57 29 det
1640 1614 122 38 belopp

1048 1674 74 21 som
1150 1664 170 30 beräknas
1347 1662 106 40 enligt
1489 1661 5 30 1
1522 1670 105 20 mom.
1654 1659 110 30 andra

1048 1710 146 39 stycket.

953 1775 44 3 —
1011 1773 43 3 -—
1071 1754 88 30 skall
1175 1753 190 38 iakttagas:

1093 1800 50 28 att
1162 1798 102 29 ränta
1283 1796 100 39 utgår
1405 1795 54 29 för
1480 1794 93 30 skatt
1594 1802 74 21 som
1688 1801 75 30 pre-

1048 1844 156 29 liminärt
1235 1843 127 38 erlagts
1394 1839 64 30 och
1488 1839 57 39 för
1575 1838 101 29 ränta
1708 1845 57 21 en-

1050 1888 61 40 ligt
1148 1888 4 29 1
1181 1896 103 21 mom.
1310 1886 110 29 andra
1446 1884 136 39 stycket
1606 1883 80 29 från
1712 1883 53 28 ut-

1051 1934 134 40 gången
1202 1942 42 20 av
1260 1930 251 40 taxeringsåret
1529 1930 89 29 samt
1636 1927 54 30 för
1707 1936 59 21 an-

1051 1987 70 21 nan
1146 1978 102 33 skatt,
1273 1977 116 28 därest
1414 1975 66 29 den
1504 1974 127 38 erlagts
1656 1972 110 29 under

1052 2023 96 29 förra
1166 2020 136 31 hälften
1321 2029 42 20 av
1382 2020 47 29 ett
1449 2016 217 37 kalenderår,
1687 2015 80 30 från

1053 2067 64 29 och
1142 2066 78 29 med
1247 2065 66 29 den
1341 2064 14 29 1
1384 2062 109 40 därpå
1519 2061 157 40 följande
1701 2059 67 40 juli

1052 2111 74 34 och,
1147 2111 116 28 därest
1283 2109 66 29 den
1369 2108 127 38 erlagts
1515 2106 111 30 under
1647 2113 121 22 senare

1053 2155 135 30 hälften
1214 2163 41 20 av
1280 2155 48 27 ett
1354 2150 216 37 kalenderår,
1598 2149 80 30 från
1704 2148 65 30 och

1054 2199 79 29 med
1149 2199 66 29 den
1233 2198 15 28 1
1267 2197 110 39 därpå
1392 2195 157 40 följande
1565 2193 158 41 januari;

1031 2243 159 39 beloppet
1211 2241 218 31 återbetalas.

1098 2288 19 29 3
1150 2295 127 21 mom.
1311 2286 73 29 Har
1408 2284 122 36 beslut,
1553 2292 75 20 som
1653 2282 117 39 föran-

1055 2332 61 29 lett
1136 2332 100 28 ränta
1258 2329 106 39 enligt
1397 2329 3 29 1
1424 2337 104 20 mom.
1550 2327 110 29 andra
1681 2327 89 37 styc-

1055 2376 58 30 ket
1134 2375 82 30 eller
1248 2375 7 29 2
1276 2383 115 27 mom.,
1414 2372 143 31 ändrats
1578 2371 45 40 på
1644 2370 126 30 sådant

1055 2421 70 29 sätt
1149 2421 50 28 att
1224 2419 100 29 ränta
1350 2417 74 30 icke
1449 2416 113 30 skulle
1587 2415 45 30 ha
1659 2414 112 40 utgått

1058 2465 82 29 eller
1171 2463 111 40 utgått
1313 2462 80 30 med
1424 2461 92 41 lägre
1549 2460 132 38 belopp,
1714 2467 56 20 om

1056 2507 317 40 ändringsbeslutet
1398 2505 157 30 beaktats
1580 2503 57 30 vid
1659 2503 113 29 ränte-

1058 2552 246 39 beräkningen,
1340 2551 39 28 är
1415 2549 66 30 den
1517 2546 254 40 skattskyldige
