1930 2830
449 164 403 40 Bevillningsutskottets
873 167 218 33 betänkande
1109 179 43 21 nr
1171 171 42 30 53
1232 171 39 31 år
1292 172 83 31 1967
1618 177 42 31 39

811 468 41 46 6)
869 469 145 45 Förslag

881 537 52 30 till

803 602 220 45 Förordning

221 668 183 43 angående
420 670 133 34 ändrad
569 670 129 44 lydelse
715 685 44 21 av
774 673 23 33 4
814 673 22 44 8
853 674 20 33 1
890 687 111 21 mom.
1017 675 252 46 förordningen
1285 678 67 34 den
1368 680 44 33 26
1426 680 69 43 juli
1511 682 90 33 1947

586 744 62 44 (nr
663 742 87 47 576)
768 756 60 22 om
843 746 120 44 statlig
978 747 255 35 inkomstskatt

212 843 211 40 Härigenom
444 845 195 36 förordnas,
662 849 49 28 att
742 848 9 30 4
774 848 15 37 $
815 849 14 29 1
851 858 105 22 mom.
977 851 251 41 förordningen
1249 854 67 30 den
1337 854 41 31 26
1399 855 67 40 juli
1491 856 81 31 1947
1595 866 57 21 om

167 888 117 39 statlig
301 888 267 32 inkomstskatt!
587 891 89 30 skall
695 892 132 31 erhålla
845 894 134 31 ändrad
997 896 129 39 lydelse
1144 897 46 40 på
1209 898 68 30 sätt
1296 899 114 30 nedan
1430 909 115 31 anges.

321 977 226 33 (Nuvarande
573 979 146 40 lydelse)

212 1093 15 29 1
255 1103 126 21 mom.
408 1095 93 30 Från
518 1097 263 40 sammanlagda
795 1116 44 4 —
852 1118 44 4 —

210 1138 108 30 sådan
340 1139 11 29 i
370 1139 120 41 slutlig
511 1141 82 30 eller
615 1141 264 33 tillkommande

165 1182 95 29 skatt
294 1183 167 40 ingående
495 1185 131 31 allmän
658 1186 221 32 kommunal-

166 1226 92 30 skatt
277 1227 74 35 och,
370 1228 11 29 i
400 1229 67 29 den
486 1229 82 30 mån
587 1231 129 40 avdrag
734 1232 76 30 icke
830 1233 49 29 åt-

164 1270 118 39 njutes
323 1272 106 40 enligt
469 1274 239 40 nästföljande
749 1277 127 39 stycke,

162 1314 416 44 tilläggspensionsavgift
624 1328 74 21 som
742 1321 136 39 påförts

164 1359 66 29 den
263 1360 254 42 skattskyldige
549 1364 111 29 under
693 1364 73 30 året
799 1366 78 30 näst

163 1402 74 30 före
254 1404 56 29 det
327 1405 227 40 taxeringsår,
573 1416 120 21 varom
712 1408 98 40 fråga
829 1411 47 28 är.

207 1447 249 42 Skattskyldig,
474 1458 74 22 som
585 1468 22 4 —
617 1469 264 6 ————

206 1491 138 41 Avdrag
361 1494 106 39 enligt
514 1512 67 4 ——
592 1514 320 6 —————
873 1487 42 50 —

206 1536 71 30 Har
299 1537 109 30 sådan
456 1556 289 7 o—————
771 1560 142 5 non

1093 985 224 41 (Föreslagen
1344 988 146 39 lydelse)

909 1118 45 3 —
967 1118 44 4 —
1024 1119 45 4 —
1082 1121 44 3 —
1141 1103 82 30 eller
1239 1104 225 37 lotterivinst;

981 1145 108 30 sådan
1107 1147 130 30 allmän
1254 1149 302 32 kommunalskatt
1574 1152 74 35 och,

935 1189 11 29 i
969 1190 66 29 den
1057 1191 82 30 mån
1163 1193 128 40 avdrag
1314 1194 76 30 icke
1413 1194 155 41 åtnjutes
1592 1206 58 21 en-

934 1234 61 39 ligt
1017 1235 237 40 nästföljande
1278 1238 127 39 stycke,
1427 1239 222 41 tilläggspen-

936 1278 204 41 sionsavgift
1172 1289 74 21 som
1276 1282 135 39 påförts
1442 1284 67 29 den
1541 1285 108 30 skatt-

935 1322 155 41 skyldige
1123 1325 111 30 under
1267 1326 73 30 året
1372 1328 78 29 näst
1484 1328 74 31 före
1591 1330 56 29 det

934 1367 225 40 taxeringsår,
1176 1378 120 22 varom
1312 1370 99 41 fråga
1427 1373 47 29 är.

922 1501 334 37 ——
1033 1497 26 45 6
1081 1497 57 45 83
1162 1501 94 37 mom.

206 1644 121 30 Denna
346 1645 205 42 förordning
568 1648 117 30 träder
702 1649 12 29 i
731 1649 95 31 kraft
845 1651 67 29 den
933 1652 13 29 1
967 1652 143 39 januari
1131 1654 93 30 1968.

201 2514 8 13 1
231 2514 113 25 Senaste
363 2515 104 31 lydelse
487 2524 36 17 av
541 2517 16 24 4
577 2517 11 29 $
610 2518 12 23 1
644 2525 85 18 mom.
750 2527 27 17 se
799 2520 125 25 1967:40.
