1932 2840
272 199 41 31 38
553 190 403 43 Bevillningsutskottets
975 187 218 33 betänkande
1211 195 43 22 nr
1272 186 41 31 53
1331 185 39 31 år
1390 184 82 32 1967

914 383 41 47 5)
972 383 145 43 Förslag

987 451 55 31 till

910 518 218 43 Förordning

322 596 181 46 angående
523 594 134 36 ändrad
672 593 129 45 lydelse
817 605 44 22 av
878 593 20 33 1
917 592 22 44 8
966 592 10 33 2
992 602 111 22 mom.
1119 588 252 43 förordningen
1387 586 67 34 den
1470 586 43 33 31
1531 580 182 53 december

542 667 90 35 1945
650 667 61 45 (nr
727 667 87 45 903)
832 677 61 21 om
908 663 234 43 utdebitering
1158 673 45 22 av
1218 658 279 46 tingshusmedel

321 774 210 41 Härigenom
548 772 196 34 förordnas,
763 772 49 29 att
832 771 14 30 1
868 769 15 38 8
903 770 18 30 2
939 777 104 22 mom.
1062 766 251 40 förordningen
1331 765 68 30 den
1416 764 38 31 31
1475 762 180 31 december
1676 761 82 31 1943

277 830 57 21 om
349 818 231 41 utdebitering
595 827 42 21 av
649 814 291 43 tingshusmedel!
956 814 89 30 skall
1061 812 133 32 erhålla
1208 811 135 31 ändrad
1357 809 129 41 lydelse
1502 808 44 41 på
1562 808 68 30 sätt
1645 807 115 30 nedan

278 874 115 30 anges.

436 951 225 37 (Nuvarande
681 949 146 41 lydelse)

1211 944 225 40 (Föreslagen
1456 941 146 41 lydelse)

983 1010 64 37 18.

322 1072 18 30 2
377 1080 125 21 mom.
545 1070 67 30 Till
646 1068 141 39 ledning
810 1067 55 30 för
887 1066 106 39 tings-

279 1117 224 30 husmedlens
517 1113 265 32 bestämmande
797 1112 89 30 skall
902 1110 92 31 lokal

277 1160 320 40 skattemyndighet
613 1159 97 39 varje
727 1158 39 30 år
782 1157 87 40 efter
884 1156 108 30 sluta-

278 1207 40 30 de
338 1203 430 43 taxeringsförrättningar
785 1202 39 30 så
842 1202 70 40 fort
929 1200 62 31 ske

273 1252 69 30 kan
356 1252 52 29 till
422 1247 503 43 tingshusbyggnadsskyldige
937 1254 55 32 ge-

277 1305 80 22 nom
388 1294 248 41 länsstyrelsen
665 1293 150 30 insända
842 1291 150 40 förteck-

277 1342 94 39 ning,
397 1351 73 20 som
498 1340 56 40 för
579 1339 99 39 varje
702 1339 172 29 kommun
898 1345 95 21 sum-

278 1386 149 30 mariskt
452 1387 168 38 upptager
645 1384 129 30 antalet
799 1382 195 30 skattekro-

279 1441 64 20 nor
356 1432 65 30 och
435 1430 201 30 skatteören
649 1438 74 21 som
737 1428 135 40 påförts
887 1426 106 40 enligt

279 1475 435 39 kommunalskattelagen.

1093 1064 18 30 2
1148 1072 126 21 mom.
1317 1061 67 30 Till
1418 1059 140 40 ledning
1581 1058 55 31 för
1658 1058 107 39 tings-

1051 1108 224 31 husmedlens
1290 1105 264 31 bestämmande
1570 1104 89 30 skall
1675 1103 91 29 läns-

1048 1153 169 40 styrelsen
1233 1153 119 29 senast
1368 1151 66 30 den
1453 1150 39 30 10
1509 1148 141 41 augusti
1665 1148 97 39 varje

1048 1200 39 29 år
1109 1199 53 29 till
1185 1194 503 43 tingshusbyggnadsskyldige
1712 1193 52 30 in-

1048 1244 110 30 sända
1170 1242 250 39 sammandrag
1433 1241 80 29 över
1526 1239 130 30 antalet
1671 1238 94 30 skat-

1049 1289 165 30 tekronor
1253 1287 66 30 och
1356 1286 209 33 skatteören,
1606 1293 74 20 som
1719 1282 45 40 på

1048 1334 115 40 grund
1192 1343 43 20 av
1266 1329 412 42 taxeringsnämndernas
1711 1328 55 30 be-

1049 1379 71 29 slut
1138 1378 135 40 påförts
1295 1377 92 29 inom
1409 1373 356 42 tingshusbyggnads-

1049 1423 175 40 skyldiges
1249 1421 141 31 område
1414 1420 106 40 enligt
1543 1418 221 31 kommunal-

1050 1469 226 39 skattelagen.
1330 1465 290 40 Sammandraget
1673 1463 92 30 skall

1051 1516 152 39 upptaga
1229 1521 164 22 summan
1421 1511 56 40 för
1503 1510 78 30 hela
1608 1508 157 31 området

1052 1559 64 30 och
1131 1559 68 29 hur
1213 1557 139 40 mycket
1366 1565 75 21 som
1459 1556 138 39 belöper
1609 1554 44 40 på
1668 1554 97 39 varje

1051 1605 181 30 kommun.

326 1720 122 28 Denna
469 1717 206 39 förordning
695 1716 117 29 träder
834 1715 11 29 i
866 1713 96 31 kraft
984 1713 67 30 den
1074 1713 15 29 1
1112 1711 143 40 januari
1278 1710 94 31 1968.

331 2556 9 13 1
361 2556 113 23 Senaste
494 2554 103 31 lydelse
618 2560 34 17 av
674 2554 11 22 1
708 2553 11 29 $
739 2552 16 25 2
775 2558 84 17 mom.
879 2558 28 17 se
928 2550 144 24 1954:156.
