1894 2808
94 2061 130 24 Utskottet.

270 126 37 31 16
704 130 272 31 Statsutskottets
1001 130 176 31 utlåtande
1201 140 43 21 nr
1266 131 70 29 105.

937 326 55 38 Nr
1021 325 86 40 103.

683 431 122 26 Ankom
829 430 47 26 till
898 430 175 34 riksdagens
1096 430 99 27 kansli
1218 431 57 25 den
1299 430 36 26 21
1363 430 76 34 april
1465 430 76 26 1944
1566 430 40 26 kl.
1633 431 15 25 1
1673 438 57 18 em.

493 541 182 30 Utlåtande
696 542 9 28 i
726 540 185 37 anledning
932 550 40 20 av
994 540 124 37 Kungl.
1140 540 117 36 Maj:ts
1277 541 215 35 proposition
1513 540 177 36 angående
1713 550 58 20 an-

711 591 70 37 slag
806 591 50 30 till
880 591 189 36 kristillägg
1092 591 56 37 för
1172 591 199 36 budgetåret
1399 587 150 35 1944/45.

1544 641 66 39 (4:e
1632 638 92 39 avd.)

315 744 14 29 I
345 742 258 40 propositionen
621 752 41 19 nr
680 743 14 28 1
715 742 62 29 har
798 742 122 34 Kungl.
941 740 109 37 Maj:t,
1069 741 111 29 under
1197 740 219 37 åberopande
1433 750 41 21 av
1490 741 139 36 bilagda
1648 741 121 36 utdrag

271 804 41 20 av
330 792 375 38 statsrådsprotokollet
723 793 80 28 över
821 791 270 30 finansärenden
1108 791 56 29 för
1182 791 65 30 den
1264 791 18 29 4
1300 790 139 37 januari
1460 791 93 35 1944,
1572 790 73 30 dels
1661 791 109 30 under

272 845 41 29 de
336 844 94 30 olika
451 843 261 30 huvudtitlarna
735 841 157 38 upptagit
916 841 268 36 förslagsanslag
1209 841 49 30 till
1283 841 191 35 kristillägg
1499 840 81 30 med
1602 840 166 31 beräkna-

272 895 41 30 de
330 894 136 36 belopp,
488 893 71 30 dels
581 893 65 30 ock
664 892 109 31 under
792 891 146 36 Utgifter
960 890 20 31 å
999 891 267 36 driftbudgeten:
1288 891 70 30 För
1379 891 86 29 flera
1484 890 215 31 huvudtitlar
1715 899 53 27 ge-

271 954 217 21 mensamma
510 942 117 37 frågor
647 942 174 36 föreslagit
841 942 183 35 riksdagen
1047 941 144 35 besluta,
1213 944 48 27 ait
1283 940 188 36 utgifterna
1494 940 56 30 för
1568 940 200 37 kristillägg,

271 996 10 29 i
297 996 66 29 den
381 994 82 30 mån
481 994 42 30 de
538 994 78 30 icke
632 993 97 30 skola
744 992 81 36 utgå
840 1002 42 21 ur
898 991 243 38 kyrkofonden
1158 992 80 29 eller
1254 1000 80 21 avse
1348 990 341 36 befattningshavare
1707 990 62 30 hos

270 1046 107 30 bank-
403 1045 65 30 och
491 1043 325 37 fondinspektionen
840 1043 81 29 eller
946 1041 445 38 sparbanksinspektionen,
1416 1044 88 27 samt
1529 1040 114 30 därest
1665 1044 104 26 annat

271 1096 29 36 ej
320 1095 195 31 föranledes
535 1104 42 20 av
599 1093 193 31 fastställda
809 1092 387 36 statsbidragsgrunder,
1218 1091 97 30 skola
1333 1091 55 29 för
1406 1089 201 37 budgetåret
1630 1085 139 36 1944/45

270 1146 181 30 bestridas:
473 1144 220 31 beträffande
708 1143 339 36 befattningshavare
1064 1142 66 30 och
1148 1141 223 37 pensionärer
1387 1141 57 29 vid
1462 1141 40 29 de
1521 1139 247 31 affärsdrivan-

272 1197 40 29 de
329 1197 129 29 verken
478 1196 78 29 eller
576 1195 58 29 vid
654 1204 41 20 av
714 1194 97 30 dessa
829 1195 185 34 övertagna
1033 1192 133 35 företag
1186 1192 79 29 eller
1286 1190 229 36 inrättningar
1537 1192 90 28 samt
1647 1189 121 30 befatt-

271 1247 230 36 ningshavare
525 1245 64 30 hos
620 1243 454 37 försäkringsinspektionen
1102 1242 67 30 och
1195 1244 126 27 statens
1352 1240 292 38 pensionsanstalt
1670 1240 98 29 även-

271 1307 74 20 som
370 1295 341 37 befattningshavare
733 1294 78 29 med
832 1293 162 35 avlöning
1015 1291 79 31 från
1115 1291 286 30 luftfartsfonden
1423 1289 78 31 från
1522 1290 41 30 de
1584 1290 122 35 medel,
1726 1299 43 20 av

272 1348 91 30 vilka
389 1347 133 30 verkets
547 1346 83 29 eller
656 1344 254 30 institutionens
936 1342 139 36 utgifter
1099 1342 11 29 i
1136 1342 108 35 övrigt
1266 1332 180 43 bestridas,
1470 1339 219 30 beträffande
1714 1339 54 30 be-

271 1398 297 35 fattningshavare
589 1395 60 30 vid
672 1398 125 27 statens
819 1391 244 38 hingstdepåer
1083 1392 66 30 och
1175 1390 116 31 stuteri
1313 1394 91 26 samt
1425 1389 20 31 å
1468 1389 300 37 lantbruksstyrel-

272 1458 75 21 sens
366 1445 206 38 stuteribyrå
589 1444 80 31 från
687 1445 56 30 det
760 1444 129 36 anslag,
908 1452 104 21 varav
1029 1441 274 31 vederbörandes
1323 1441 58 29 lön
1400 1439 108 37 utgår,
1530 1442 91 27 samt
1642 1439 10 29 i
1673 1437 96 37 fråga

270 1509 56 20 om
344 1498 110 30 andra
471 1496 339 36 befattningshavare
828 1494 66 30 och
913 1492 222 38 pensionärer
1155 1491 77 30 från
1253 1491 41 30 de
1314 1490 119 36 anslag
1452 1490 10 29 i
1482 1489 194 36 riksstaten,
1696 1480 72 39 som

271 1550 59 29 äro
351 1548 150 30 avsedda
523 1547 54 30 för
596 1545 199 36 kristillägg.

314 1599 201 30 Sedermera
534 1598 64 29 har
620 1596 121 35 Kungl.
765 1593 101 37 Maj:t
886 1594 11 29 i
918 1592 258 39 propositionen
1198 1601 40 20 nr
1262 1591 71 35 181,
1357 1590 111 30 under
1488 1588 219 37 åberopande
1728 1597 40 21 av

270 1650 106 36 bilagt
392 1649 123 35 utdrag
534 1657 41 20 av
593 1644 374 38 statsrådsprotokollet
984 1645 80 28 över
1082 1641 272 31 finansärenden
1372 1640 55 30 för
1442 1640 65 30 den
1527 1640 19 29 3
1566 1648 93 21 mars
1676 1634 92 45 1944,

270 1700 88 37 gjort
382 1698 256 35 framställning
661 1706 56 21 om
739 1696 118 35 anslag
878 1695 50 30 till
951 1693 192 36 kristillägg
1162 1692 53 30 för
1240 1689 202 37 budgetåret
1466 1683 149 42 1944/45.

314 1751 172 29 Utskottet
510 1751 168 34 upptager
701 1756 47 20 nu
770 1746 50 29 till
843 1744 210 35 behandling
1077 1743 72 30 dels
1172 1740 229 32 förevarande
1423 1740 10 29 i
1458 1739 310 36 statsverkspropo-

270 1800 146 31 sitionen
432 1798 194 36 framlagda
642 1797 127 35 förslag
787 1806 57 19 om
861 1794 219 31 bestridande
1100 1803 42 20 av
1160 1791 233 31 kostnaderna
1410 1789 53 31 för
1481 1789 200 34 kristillägg,
1698 1787 70 29 dels

270 1852 64 29 ock
358 1851 41 29 de
421 1850 10 29 i
452 1848 258 39 propositionen
733 1856 41 20 nr
795 1847 58 29 181
881 1844 216 31 framställda
1117 1843 172 34 förslagen
1309 1850 58 21 om
1390 1840 118 35 anslag
1530 1839 110 30 under
1660 1837 108 30 andra

268 1901 195 35 —--åttonde,
481 1899 125 35 tionde,
627 1897 80 31 elfte
724 1897 64 30 och
806 1895 174 37 fjortonde
994 1893 264 31 huvudtitlarna
1276 1892 165 29 ävensom
1459 1889 164 35 förslaget
1639 1897 57 20 om
1710 1896 56 20 an-

270 1952 70 35 slag
359 1951 111 31 under
491 1949 96 30 tolfte
609 1947 217 31 huvudtiteln
845 1946 52 30 till
916 1944 189 35 kristillägg
1129 1943 48 29 till
1200 1942 159 37 personal
1380 1940 20 30 å
1422 1938 301 36 indragningsstat.

313 2052 117 29 Under
451 2049 137 31 erinran
609 2052 51 27 att
680 2046 233 31 innevarande
932 2044 148 35 riksdag,
1103 2043 80 29 med
1203 2041 98 30 bifall
1322 2040 49 30 till
1394 2042 45 27 ett
1462 2048 41 21 av
1524 2037 124 36 Kungl.
1671 2034 100 37 Maj:t

268 2102 163 35 framlagt
457 2100 137 35 förslag,
623 2099 102 30 fattat
752 2098 112 29 beslut
889 2105 57 21 om
971 2094 191 35 kristillägg
1188 2092 53 30 för
1267 2092 94 30 tiden
1387 2090 51 29 till
1466 2092 64 28 och
1557 2088 80 29 med
1662 2086 108 30 första

267 2153 170 30 kvartalet
456 2151 82 30 1945
557 2149 106 36 enligt
680 2149 10 30 i
708 2145 372 38 statsrådsprotokollet
1098 2145 81 29 över
1195 2141 270 32 finansärenden
1482 2139 54 30 för
1558 2139 67 37 den
1641 2138 19 29 3
1678 2145 92 21 mars

270 2204 83 29 1944
382 2202 148 36 angivna
556 2201 153 35 grunder
745 2198 108 36 (prop.
884 2207 42 20 nr
958 2196 73 35 180;
1063 2194 103 31 skriv.
1196 2202 41 20 nr
1267 2191 90 40 188),
1390 2190 188 36 tillstyrker
1606 2188 164 30 utskottet

270 2253 127 35 Kungl.
423 2250 117 38 Maj:ts
564 2260 48 20 nu
641 2248 227 31 förevarande
896 2247 135 34 förslag.
1061 2245 172 29 Utskottet
1256 2241 199 31 hemställer
1479 2239 108 35 alltså,

622 2303 50 27 att
693 2299 183 35 riksdagen
899 2296 56 31 må

625 2375 30 39 a)
684 2375 132 30 besluta
836 2376 50 27 att
905 2371 186 36 utgifterna
1112 2369 55 31 för
1188 2367 198 37 kristillägg,
1415 2366 3 29 i
1441 2365 65 30 den
1527 2363 84 31 mån
1631 2364 42 30 de
1695 2362 74 30 icke

578 2426 98 30 skola
698 2424 79 37 utgå
798 2434 42 20 ur
864 2421 242 38 kyrkofonden
1132 2421 81 29 eller
1237 2427 78 22 avse
1341 2415 340 36 befattningshavare
1705 2414 62 29 hos

579 2476 109 30 bank-
705 2476 64 29 och
784 2471 330 37 fondinspektionen
1130 2471 81 31 eller
1228 2465 436 40 sparbanksinspektionen
1682 2465 87 29 samt
