2173 2516
738 176 258 32 Statsutskottets
1029 176 175 33 Utlåtande
1230 176 65 31 N:o
1324 177 53 30 33.
1779 173 17 31 7

263 256 212 49 förskjutna
517 257 150 37 medlen
708 262 79 31 mot
828 257 352 37 återbekommande
1221 256 42 37 af
1301 256 45 37 de
1378 255 56 37 till
1463 255 139 48 Kongl.
1631 254 127 49 Maj:ts
1786 254 65 36 be-

264 308 368 49 fallningshafvande
661 309 146 48 ingifna
835 309 264 49 räkningarne,
1130 309 79 35 dels
1238 309 81 45 ock,
1340 307 181 38 likaledes
1542 313 77 30 mot
1639 305 212 48 ersättning

262 361 40 36 af
339 361 283 37 vederbörande
665 361 201 48 vägkassa,
907 361 213 36 kostnaden
1160 361 60 36 för
1260 359 341 49 offentliggörande
1634 359 12 36 1
1672 358 178 36 länskun-

260 413 222 48 görelserna
509 413 42 36 af
575 412 329 49 vägnämndernas
933 412 534 49 uppskattningsinstrument.

363 464 73 36 Till
464 464 113 36 ofvan
607 464 246 36 omförmälda
881 464 373 48 statsrådsprotokoll
1283 464 66 35 har
1378 463 134 36 chefen
1541 463 58 35 för
1627 461 221 49 civildepar-

260 520 183 31 tementet
479 515 56 36 till
572 528 47 23 en
656 516 133 48 början
826 515 150 47 erinrat,
1014 515 177 36 hurusom
1225 515 119 48 enligt
1373 516 47 34 50
1450 514 70 36 och
1550 516 45 33 53
1626 512 44 49 $$
1698 513 12 36 1
1737 513 113 47 lagen

261 567 194 47 angående
495 567 464 48 väghållningsbesvärets
1001 566 209 48 utgörande
1248 569 47 45 på
1331 566 127 36 landet
1494 565 73 36 den
1605 567 45 33 23
1690 564 160 36 oktober

264 620 94 35 1891
403 617 227 38 ordförande
673 618 70 35 och
772 618 205 36 ledamöter
1018 619 11 35 i
1065 618 45 36 de
1141 618 183 36 särskilda
1353 617 194 46 nämnder,
1575 616 127 36 hvilka
1730 615 120 48 enligt

261 683 142 23 samma
429 669 64 49 lag
521 669 120 36 skulle
669 669 103 36 inom
801 670 45 36 de
876 670 185 36 särskilda
1080 669 470 49 väghållningsdistrikten
1569 668 204 48 uppskatta
1792 671 56 32 år-

259 722 76 48 liga
364 721 210 36 kostnaden
602 722 60 36 för
690 721 234 37 underhållet
952 722 41 35 af
1017 721 137 37 allmän
1183 726 75 44 väg
1285 721 74 36 den
1385 721 66 46 tid,
1481 720 155 37 marken
1661 732 89 23 vore
1769 719 79 46 bar,

259 786 91 23 vore
379 773 233 48 berättigade
639 772 57 37 till
724 773 212 47 ersättning
964 773 41 36 af
1030 773 72 36 den
1131 773 59 36 för
1215 772 463 48 väghållningsdistriktet
1697 770 151 37 bildade

260 825 222 48 vägkassan.
539 824 273 47 Ersättningen
839 825 56 35 till
924 824 265 47 ordföranden,
1208 825 154 36 hvilken
1381 823 248 38 förordnades
1650 823 40 35 af
1707 821 139 48 Kongl.

260 877 125 47 Maj:ts
414 876 430 48 befallningshafvande,
872 877 158 47 utginge
1059 876 87 36 med
1175 889 140 23 samma
1335 876 150 49 belopp,
1507 889 80 22 som
1609 874 119 48 enligt
1746 887 102 23 rese-

260 928 251 48 reglementet
543 927 208 36 tillkomme
779 928 253 47 kronofogde,
1060 927 195 36 hvaremot
1282 927 269 46 ledamöterne,
1581 926 40 35 af
1645 926 127 35 hvilka
1801 938 46 23 en

259 983 153 44 utsåges
450 979 41 35 af
523 978 139 48 Kongl.
700 979 127 48 Maj:ts
864 979 418 48 befallningshafvande
1317 979 71 35 och
1417 979 45 36 de
1492 981 63 33 två
1583 977 121 47 öfrige
1733 977 41 36 af
1800 977 46 36 de

259 1030 454 49 väghållningsskyldige,
743 1030 141 46 åtnjöte
912 1030 248 49 godtgörelse
1188 1031 12 35 i
1227 1030 119 36 likhet
1375 1030 84 36 med
1485 1030 98 36 hvad
1603 1042 59 23 om
1683 1029 165 36 ledamot

258 1082 12 35 i
299 1082 327 48 egodelningsrätt
653 1095 89 23 vore
773 1082 90 36 eller
890 1082 126 36 blefve
1046 1082 189 48 stadgadt.
1291 1083 281 35 Instrumenten
1602 1081 106 36 öfver
1736 1081 45 36 de
1810 1080 41 36 af

258 1133 230 36 nämnderna
524 1133 136 49 gjorda
693 1134 319 49 uppskattningar
1040 1134 119 36 skulle
1188 1134 119 48 enligt
1336 1136 45 33 51
1414 1133 20 49 &
1464 1134 41 35 af
1528 1133 112 49 lagen
1666 1132 180 36 insändas

258 1185 56 36 till
343 1185 138 47 Kongl.
512 1185 126 48 Maj:ts
666 1185 432 49 befallningshafvande,
1128 1199 79 23 som
1235 1186 96 36 hade
1360 1191 55 30 att
1434 1185 11 36 i
1464 1184 383 48 länskungörelserna

260 1237 265 48 offentliggöra
554 1237 96 35 dem.

361 1289 97 35 Från
486 1288 102 36 vissa
606 1287 266 50 länsstyrelser
891 1288 108 46 hade,
1020 1288 119 49 enligt
1158 1289 98 36 hvad
1276 1288 422 50 departementschefen
1718 1286 128 36 vidare

259 1340 137 46 anfört,
431 1339 55 36 till
515 1339 140 48 Kongl.
685 1339 106 48 Maj:t
818 1340 196 36 inkommit
1041 1340 333 48 framställningar,
1404 1339 196 49 åsyftande
1630 1345 54 30 att
1713 1343 134 32 ersätt-

258 1391 182 48 ningarne
468 1391 56 36 till
551 1391 607 49 väguppskattningsnämnderna
1187 1392 69 35 och
1285 1392 256 35 kostnaderna
1569 1390 60 36 för
1648 1390 198 49 uppskatt-

258 1443 409 47 ningsinstrumentens
696 1443 203 48 tryckning
925 1444 12 35 i
965 1443 385 47 länskungörelserna
1379 1446 113 33 måtte
1513 1443 36 35 få
1570 1442 40 35 af
1626 1441 220 37 statsmedel

258 1495 216 48 förskjutas,
505 1494 96 36 intill
629 1494 88 36 dess
747 1495 259 48 vägkassorna
1034 1494 134 37 hunnit
1196 1495 148 35 komma
1372 1494 56 36 till
1457 1494 119 37 stånd.

362 1545 162 37 Sålunda
565 1545 96 36 hade
705 1546 137 48 Kongl.
887 1546 124 48 Maj:ts
1053 1546 419 48 befallningshafvande
1517 1546 11 36 i
1571 1544 274 37 Kristianstads

257 1598 74 46 län,
365 1602 88 32 enär
485 1598 63 35 det
576 1603 130 43 syntes
735 1598 117 35 blifva
879 1598 174 36 förenadt
1081 1597 84 37 med
1195 1598 235 48 svårigheter
1458 1603 54 30 att
1540 1597 97 36 finna
1665 1596 181 49 lämpliga

258 1661 193 36 personer,
491 1662 79 23 som
608 1662 90 23 vore
733 1649 126 47 villige
888 1655 55 30 att
970 1652 111 45 åtaga
1110 1649 59 48 sig
1197 1650 245 35 förenämnda
1469 1649 183 49 uppdrag,
1683 1661 59 23 om
1772 1648 71 35 den

258 1700 181 48 stadgade
460 1701 262 47 ersättningen
743 1701 128 35 derför
889 1701 82 36 icke
992 1701 124 36 kunde
1136 1701 158 36 erhållas
1316 1701 78 36 förr
1412 1706 47 31 än
1480 1704 39 32 år
1537 1702 108 44 1895,
1662 1700 46 36 då
1724 1699 118 36 medel

258 1753 97 35 först
382 1752 150 36 komme
560 1757 55 31 att
641 1752 12 36 i
681 1753 258 47 vägkassorna
966 1753 143 47 inflyta,
1132 1752 187 46 hemstält,
1340 1758 54 30 att
1414 1752 138 48 Kongl.
1574 1752 106 48 Maj:t
1698 1751 146 36 täcktes

257 1803 119 36 tillåta
403 1803 139 47 Kongl.
573 1803 125 48 Maj:ts
727 1804 170 36 bemälde
927 1804 415 47 befallningshafvande
1371 1809 54 31 att
1453 1804 41 36 af
1519 1817 59 23 om
1603 1803 142 36 händer
1764 1802 81 36 haf-

258 1855 120 36 vande
407 1854 187 37 allmänna
622 1855 123 36 medel
773 1855 54 36 till
857 1855 45 36 de
932 1855 42 36 af
999 1855 137 49 Kongl.
1167 1855 125 49 Maj:ts
1321 1855 419 48 befallningshafvande
1769 1854 76 35 för-

259 1906 165 36 ordnade
453 1906 226 37 ordförande
708 1907 70 35 och
806 1906 207 37 ledamöter
1040 1907 12 36 i
1080 1908 307 46 vägnämnderna
1405 1907 101 36 inom
1525 1907 101 36 länet
1644 1906 12 36 i
1675 1906 170 48 enlighet

257 1958 86 36 med
371 1958 206 36 aflemnade
606 1959 205 47 räkningar
838 1958 244 37 förskottsvis
1111 1958 164 37 utbetala
1303 1959 84 36 dem
1408 1958 282 37 tillkommande
1710 1961 134 33 ersätt-

257 2009 135 48 ningar
428 2015 97 30 samt
560 2010 60 36 för
657 2010 45 36 de
740 2010 155 36 sålunda
923 2010 212 47 förskjutna
1162 2010 186 49 beloppen
1378 2010 41 36 af
1444 2009 281 38 vederbörande
1754 2014 90 42 väg-

257 2061 131 36 kassor
428 2066 89 42 taga
557 2061 249 48 godtgörelse
848 2062 62 36 vid
948 2062 222 49 uppbörden
1200 2064 40 34 år
1270 2064 96 34 1895
1397 2062 42 36 af
1465 2062 45 36 de
1539 2061 56 37 till
1623 2062 84 36 dem
1735 2061 108 48 infly-

257 2112 112 36 tande
398 2112 134 36 medel.

360 2163 138 49 Kongl.
528 2163 127 48 Maj:ts
685 2164 419 48 befallningshafvande
1133 2165 11 36 i
1173 2165 235 48 Skaraborgs
1438 2165 60 36 län
1527 2165 107 47 hade,
1655 2164 84 36 med
1759 2163 85 36 åbe-

256 2216 178 48 ropande,
477 2214 113 38 bland
631 2221 125 42 annat,
798 2217 41 35 af
876 2229 142 23 samma
1060 2216 93 48 skäl,
1196 2230 78 23 som
1307 2217 146 36 anförts
1482 2217 43 36 af
1548 2216 139 48 Kongl.
1716 2215 126 49 Maj:ts

256 2266 419 50 befallningshafvande
714 2267 10 36 i
762 2268 275 37 Kristianstads
1075 2267 73 49 län,
1177 2268 189 47 hemstält,
1395 2274 65 42 att,
1490 2269 225 35 åtminstone
1744 2267 99 36 hvad
