2214 2616
408 221 39 31 12
890 221 255 33 Statsutskottets
1167 222 168 33 utlåtande
1359 224 53 31 Nr
1435 226 72 30 176.

1124 582 42 42 Nr
1218 583 92 41 176.

1015 745 113 25 Ankom
1149 745 43 26 till
1212 745 168 33 riksdagens
1399 746 93 27 kansli
1511 746 57 26 den
1588 745 16 27 3
1623 746 62 33 juni
1705 746 67 27 1921
1792 748 38 25 kl.
1851 747 16 26 5
1887 756 23 18 e.
1930 757 37 18 m,

622 888 221 38 Utlåtande
879 889 17 36 i
933 888 225 50 anledning
1195 902 50 24 av
1281 889 158 49 Kungl.
1482 890 143 48 Maj:ts
1661 891 131 37 under
1833 892 167 38 åttonde

828 959 264 39 huvudtiteln
1129 973 50 25 av
1223 960 82 37 dels
1347 961 527 49 statsverkspropositionen
1916 963 83 37 dels

831 1031 72 37 ock
923 1033 317 48 propositionen
1259 1048 68 25 om
1348 1036 244 49 tilläggsstat
1610 1037 66 37 till
1692 1037 221 38 riksstaten
1931 1039 69 47 för

829 1103 48 37 år
915 1104 102 37 1921
1052 1105 148 48 gjorda
1226 1107 364 50 framställningar
1618 1109 209 49 angående
1855 1109 143 49 anslag

829 1175 66 36 till
920 1175 340 52 undervisnings-
1290 1178 75 37 och
1383 1179 531 49 upplysningsverksamhet
1930 1181 68 47 för

828 1246 288 48 nykterhetens
1152 1249 238 49 främjande
1424 1251 126 47 jämte
1586 1251 88 47 fem
1717 1252 16 36 i
1773 1252 225 49 anledning

827 1316 129 38 härav
983 1318 148 38 väckta
1157 1320 215 38 motioner.
1597 1323 8 6 |
1717 1329 64 39 (2:a
1805 1327 90 44 avd.)

505 1465 21 37 I
562 1466 78 37 den
676 1467 67 36 till
779 1468 215 49 riksdagen
1031 1469 78 37 den
1140 1472 21 34 7
1190 1471 158 47 januari
1380 1473 97 35 1921
1509 1472 167 37 avlåtna
1702 1475 298 47 propositionen

400 1519 208 48 angående
646 1521 260 37 statsverkets
942 1522 186 37 tillstånd
1165 1524 75 36 och
1275 1524 131 37 behov
1447 1525 73 36 har
1546 1525 154 49 Kungl.
1729 1527 117 48 Maj:t
1872 1528 127 37 under

400 1572 165 37 åttonde
592 1573 273 45 huvudtiteln,
895 1575 184 47 punkten
1109 1577 88 43 228,
1227 1577 210 49 föreslagit
1464 1579 216 48 riksdagen
1708 1581 62 35 att

506 1625 85 37 dels
627 1626 66 36 till
730 1627 324 50 undervisnings-
1092 1629 76 37 och
1195 1630 525 50 upplysningsverksamhet
1746 1633 62 37 för
1834 1634 162 48 nykter-

399 1678 141 38 hetens
567 1679 227 49 främjande
823 1682 140 36 anvisa
989 1682 52 48 på
1069 1684 117 35 extra
1213 1685 81 49 stat
1321 1684 62 37 för
1412 1685 45 36 år
1488 1687 118 35 1922:

505 1733 35 48 ej
569 1733 159 37 mindre
756 1735 60 35 ett
843 1734 325 51 förslagsanslag,
1196 1736 120 50 högst
1347 1739 168 44 125,600
1542 1739 150 37 kronor
1720 1741 61 35 att
1802 1741 130 37 under
1950 1741 48 37 de

397 1786 160 45 villkor,
597 1798 88 25 som
721 1799 51 24 av
810 1787 151 50 Kungl.
996 1789 117 48 Maj:t
1139 1794 145 44 prövas
1311 1791 208 49 lämpliga,
1548 1793 103 48 utgå
1676 1793 66 36 till
1768 1794 134 37 nedan
1930 1807 65 24 an-

398 1840 124 47 givna
549 1840 192 37 ändamål
768 1841 93 37 med
888 1841 121 49 högst
1036 1842 176 49 följande
1238 1844 163 49 belopp:

398 1893 64 36 till
500 1893 259 38 anordnande
795 1895 129 37 under
959 1896 44 36 år
1044 1897 101 35 1922
1184 1909 50 24 av
1271 1910 50 24 en
1354 1898 214 49 hygienisk

503 1946 385 50 fortbildningskurs
916 1949 62 36 för
1005 1950 132 37 lärare
1165 1963 53 24 m.
1239 1951 326 38 fl............
1594 1953 150 37 kronor
1773 1955 156 44 37,000:
1946 1974 50 4 —

440 2009 19 22 >
504 2000 260 38 anordnande
792 2002 129 37 under
948 2003 45 36 år
1024 2004 102 35 1922
1156 2016 51 24 av
1234 2016 49 25 en
1303 2017 28 24 s.
1353 2005 38 37 k.
1414 2006 152 36 allmän

503 2053 351 49 utbildningskurs
887 2086 674 10 ...sssosssssssss
1313 2049 97 59 sosse
1420 2049 68 59 oss
1498 2049 67 59 ss
1661 2071 19 21 >
1727 2056 21 56 —
1776 2061 153 44 17,100:
1945 2081 51 4 —

440 2116 18 22 >
503 2106 227 49 främjande
754 2120 51 25 av
824 2109 391 38 centralförbundets
1234 2111 62 37 för
1313 2112 251 48 nykterhets-

502 2160 292 50 undervisning
821 2163 259 37 verksamhet
1099 2194 459 9 ..................
1660 2177 18 22 >
1720 2163 26 57 —
1772 2169 155 44 20,000:
1944 2188 50 3 —

439 2223 19 22 >
502 2213 215 38 underhåll
745 2215 75 37 och
848 2216 148 37 skötsel
1024 2229 51 24 av
1094 2218 390 38 centralförbundets
1502 2219 62 37 för

502 2267 530 52 nykterhetsundervisning
1055 2271 194 37 bibliotek.
1260 2302 300 7 ...........
1655 2284 24 25 >
1802 2275 126 44 1,000:
1945 2294 50 4 —
