1902 2834
474 182 124 33 Första
615 181 248 42 lagutskottets
877 183 181 34 utlåtande
1073 183 53 33 Nr
1144 186 30 30 8.
1566 189 19 30 3

762 442 152 40 Förslag

821 503 41 26 till

785 557 108 41 Lag

282 633 54 20 om
355 625 145 35 ändring
519 626 12 27 i
550 625 92 29 vissa
661 626 96 28 delar
776 633 43 21 av
838 627 245 35 förordningen
1102 628 65 28 den
1186 629 36 27 30
1240 630 68 33 maj
1328 630 70 27 1759

491 677 53 21 om
562 670 153 35 biskops-
734 671 64 28 och
817 672 369 34 superintendentsval.

140 750 217 44 Härigenom
375 750 195 41 förordnas,
590 756 54 30 att
662 751 215 43 stadgandet
895 752 10 35 i
937 756 7 31 9
964 765 108 22 mom.
1090 753 249 44 förordningen
1359 756 67 34 den
1446 759 43 31 30
1509 756 71 42 maj

98 807 86 31 1759
208 816 59 22 om
291 804 157 43 biskops-
472 804 65 34 och
561 804 367 44 superintendentsval
953 807 180 43 angående
1156 807 169 35 lektorers
1349 811 148 32 rösträtt
1522 809 61 34 vid

97 858 125 34 sådant
237 858 58 34 val
311 857 87 35 skall
414 858 162 43 upphöra
591 863 54 30 att
658 859 92 42 gälla
766 864 93 30 samt
875 864 55 30 att
961 864 4 30 3
981 861 122 33 mom.!
1121 873 135 22 samma
1272 861 205 44 förordning
1493 862 87 35 skall

97 911 129 34 erhålla
248 911 135 45 ändrad
404 912 131 43 lydelse
555 912 46 43 på
622 915 72 31 sätt
715 913 116 34 nedan
853 913 154 43 angives:

802 1005 67 31 3:0.

142 1063 67 33 Till
232 1063 102 33 detta
356 1064 57 33 val
436 1063 114 34 kallar
571 1068 141 38 prosten
736 1064 10 34 i
770 1064 99 42 varje
889 1064 173 35 kontrakt
1085 1065 91 41 eller,
1199 1078 58 22 om
1279 1066 71 34 han
1374 1070 39 30 är
1435 1079 46 22 av
1504 1067 78 43 laga

95 1115 115 34 förfall
233 1116 164 40 hindrad,
419 1116 68 35 den
510 1116 11 34 i
544 1117 88 34 hans
656 1117 100 34 ställe
781 1120 39 31 är
842 1117 191 35 förordnad
1058 1119 68 33 alla
1149 1119 53 34 till
1226 1120 276 42 prästämbetets
1527 1125 54 29 ut-

96 1168 131 44 övning
246 1169 167 43 behöriga
432 1172 197 40 prästmän,
650 1182 76 23 som
747 1170 97 34 inom
862 1171 210 35 kontraktet
1096 1164 169 57 innehava
1285 1173 179 35 ordinarie
1485 1177 96 40 präs-

95 1222 101 43 terlig
219 1222 115 43 tjänst
359 1223 81 33 eller
464 1223 111 34 sådan
602 1223 148 35 särskild
775 1224 184 44 prästerlig
983 1224 125 43 tjänst,
1134 1237 75 22 som
1235 1226 10 34 i
1271 1229 44 31 47
1344 1226 15 39 $
1386 1226 101 43 lagen
1514 1227 66 34 den

96 1279 19 30 7
142 1275 184 35 december
353 1279 86 31 1934
467 1288 58 23 om
551 1277 214 43 tillsättning
792 1289 45 23 av
863 1278 206 44 prästerliga
1095 1278 153 43 tjänster
1275 1292 111 28 avses,
1411 1281 83 34 eller
1521 1293 60 22 an-

96 1328 165 44 ställning
280 1329 60 35 vid
362 1329 130 34 allmän
512 1330 416 43 undervisningsanstalt,
948 1332 38 34 så
1007 1332 66 34 ock
1093 1344 118 22 annan
1232 1333 53 34 till
1305 1334 275 42 prästämbetets

95 1382 174 43 utövning
289 1382 154 44 behörig,
464 1383 96 34 inom
581 1383 114 35 stiftet
716 1384 269 43 tjänstgörande
1006 1388 194 40 prästman,
1223 1398 75 22 som
1321 1389 38 31 är
1379 1386 95 35 inom
1494 1387 86 34 kon-

95 1435 134 34 traktet
252 1435 268 43 kyrkoskriven.

140 1569 128 33 Denna
284 1569 56 42 lag
356 1569 118 34 träder
489 1569 10 33 i
514 1568 97 34 kraft
628 1569 19 33 å
664 1570 80 42 dag,
761 1581 75 22 som
852 1569 201 44 Konungen
1069 1571 224 33 bestämmer.

761 1874 153 40 Förslag

819 1935 41 25 till

674 1987 324 41 Förordning

161 2055 177 34 angående
357 2055 147 34 ändring
523 2055 11 27 i
553 2055 93 27 vissa
665 2055 96 28 delar
779 2063 44 20 av
841 2056 243 35 förordningen
1103 2057 64 28 den
1187 2058 33 27 27
1241 2059 182 27 november
1441 2059 71 28 1936

286 2100 54 33 (nr
359 2100 65 33 578)
443 2100 76 27 med
538 2100 148 27 ändrade
705 2100 259 28 bestämmelser
983 2101 53 27 för
1054 2101 225 35 biskoparnas
1298 2103 89 27 avlö-

422 2144 112 27 nande
552 2144 105 33 jämte
676 2151 67 27 nya
763 2145 149 33 grunder
930 2145 54 28 för
1002 2145 247 34 dispositionen

597 2195 42 20 av
658 2188 117 27 därtill
794 2189 147 27 avsedda
960 2190 119 27 medel.

139 2268 216 42 Härigenom
379 2268 195 39 förordnas,
599 2274 54 28 att
676 2269 201 41 punkterna
902 2273 54 30 6:0
981 2270 65 33 och
1071 2274 77 29 21:o
1171 2270 248 43 förordningen
1445 2272 68 34 den
1537 2276 43 30 27

94 2321 191 33 november
301 2324 86 30 1936
402 2321 80 33 med
497 2321 155 33 ändrade
666 2321 264 33 bestämmelser
943 2322 55 33 för
1012 2322 230 42 biskoparnas
1258 2323 197 35 avlönande
1468 2324 113 42 jämte

96 2386 69 30 nya
185 2373 152 43 grunder
356 2373 55 34 för
431 2373 252 43 dispositionen
705 2386 45 21 av
773 2374 115 34 därtill
911 2374 155 35 avsedda
1087 2375 111 33 medel
1222 2376 98 33 skola
1343 2376 130 34 erhålla
1495 2377 84 33 änd-

95 2427 60 33 rad
172 2426 132 42 lydelse
321 2426 45 42 på
385 2429 73 31 sätt
475 2426 116 34 nedan
610 2426 153 43 angives.

125 2501 8 14 !
152 2502 106 25 Senaste
275 2502 96 30 lydelse
388 2511 33 16 av
438 2505 15 22 3
472 2511 78 17 mom.
568 2512 26 15 se
612 2505 71 22 1916:
695 2505 39 22 93.
