1878 2786
1583 134 41 31 21

495 138 405 29 Konstitutionsulskottets
924 136 201 29 betänkande
1148 144 40 19 nr
1212 135 44 27 19.

136 233 43 20 av
199 224 94 29 tiden
314 223 130 29 mellan
465 221 58 30 två
543 220 172 30 sessioner
734 218 185 31 förbereda
939 217 260 38 behandlingen
1221 225 41 20 av
1282 214 222 41 uppskjutna
1527 213 98 29 ären-

137 278 82 33 den;
251 276 79 30 med
360 276 41 29 de
432 274 199 39 ändringar,
664 282 76 20 som
770 272 172 30 utskottet
971 270 159 30 förordat
1159 270 10 29 i
1201 269 93 30 olika
1325 267 256 38 sammanhang
1611 265 13 28 i

137 330 229 30 förevarande
405 327 233 34 betänkande,
680 326 112 30 skulle
832 325 176 38 nämligen
1049 321 357 41 uppskovsinstitutet
1448 318 178 31 sannolikt

137 384 142 29 komma
301 384 50 28 att
372 382 178 39 tillämpas
571 381 11 29 i
606 381 110 29 större
738 379 214 38 omfattning
974 379 44 28 än
1040 376 137 30 hittills.
1212 375 67 30 Om
1301 374 259 38 behandlingen
1583 380 43 21 av

137 437 221 39 uppskjutna
391 435 153 30 ärenden
577 433 149 30 sålunda
757 441 81 21 vore
869 430 186 31 förberedd
1088 431 10 29 i
1133 429 132 38 förväg,
1287 428 117 30 skulle
1426 426 199 31 utskottens

135 490 117 30 arbete
269 490 120 29 kunna
403 489 135 29 inledas
553 487 214 30 omedelbart
782 485 87 30 efter
885 484 198 30 sessionens
1098 483 137 39 början.

192 597 176 30 Utskottet
388 596 118 29 finner
526 595 76 29 icke
625 593 189 39 anledning
832 592 171 39 föreligga
1024 593 50 28 att
1101 591 5 29 i
1128 599 48 21 nu
1199 588 231 31 förevarande
1451 595 175 22 samman-

137 651 94 39 hang
253 651 170 37 överväga
446 648 124 39 frågan
592 657 59 20 om
675 646 191 39 ändringar
888 646 11 29 i
923 643 385 32 kammarkansliernas
1333 640 248 40 organisation.

661 798 193 32 Utskottets
880 796 222 31 hemställan.

195 881 117 30 Under
334 879 212 39 hänvisning
570 879 52 29 till
644 878 67 30 vad
734 878 11 29 i
768 878 57 29 det
847 876 210 40 föregående
1080 874 137 31 anförts
1242 873 53 30 får
1319 872 310 30 konstitutionsut-

140 935 130 29 skottet
294 934 197 33 hemställa,

453 1013 35 33 1)
518 1014 50 28 att
594 1012 188 39 riksdagen
809 1010 117 30 såsom
952 1009 138 30 vilande
1118 1008 55 30 för
1199 1008 118 29 vidare
1344 1005 285 41 grundlagsenlig

405 1066 213 39 behandling
641 1065 109 30 måtte
773 1066 126 37 antaga
922 1063 158 39 följande

807 1162 156 31 Förslag

860 1223 49 28 till

140 1292 138 31 ändrad
292 1291 131 40 lydelse
438 1301 42 20 av
498 1289 42 40 $$
560 1288 46 32 50
621 1289 68 30 och
706 1287 58 38 54,
791 1287 9 40 $
819 1286 46 31 55
881 1297 110 19 mom.
1010 1285 19 30 1
1047 1291 89 24 samt
1154 1284 18 40 $
1191 1283 47 31 58
1253 1282 375 40 riksdagsordningen.

257 1377 256 30 (Nuvarande
551 1376 188 36 lydelse.)
1030 1373 262 33 (Föreslagen
1329 1370 183 36 lydelse.)

838 1433 15 35 &
879 1427 53 30 50.

198 1495 219 30 Talmännen
441 1493 99 30 skola
562 1509 44 4 —
626 1509 45 4 —
692 1508 46 4 -—
760 1489 315 40 riksdagsarbetets
1099 1487 222 30 bedrivande.

195 1549 155 29 Vardera
393 1547 208 29 kammaren
646 1545 90 29 skall
779 1545 77 28 utse
969 1542 154 29 Vardera
1167 1541 207 29 kammaren
1419 1539 89 29 skall
1552 1540 78 28 utse

140 1603 78 38 fyra
239 1602 190 29 ledamöter
451 1601 51 28 att
522 1599 108 39 jämte
653 1598 204 29 talmännen

140 1656 66 29 och
222 1655 73 30 vice
312 1655 205 28 talmännen
534 1652 167 40 rådpläga
718 1660 57 20 om
791 1650 66 29 vad

140 1709 11 29 i
179 1708 169 30 avseende
376 1707 20 29 å
424 1706 193 30 ärendenas
645 1704 212 38 behandling

141 1762 8 29 j
181 1762 135 29 utskott
345 1761 64 29 och
438 1760 143 29 kamrar
609 1758 58 30 må
695 1767 84 20 vara
808 1758 50 28 att

141 1815 156 38 iakttaga
331 1814 54 29 för
418 1813 177 29 vinnande
629 1821 41 20 av
704 1810 154 30 nämnda

143 1868 90 39 syfte
242 1864 616 34 (talmanskonferensen).Närmare

141 1921 264 30 bestämmelser
433 1928 58 20 om
519 1917 340 30 talmanskonferen-

143 1984 62 20 sen
228 1974 176 29 meddelas
427 1972 51 29 uti
502 1972 65 29 den
590 1971 10 29 i
626 1975 15 35 8
667 1970 40 29 78
730 1969 129 30 omför-

143 2028 117 29 mälda
286 2025 322 39 riksdagsstadgan.

914 1596 78 39 fyra
1013 1595 192 29 ledamöter
1226 1595 51 28 att
1295 1593 110 39 jämte
1427 1593 204 29 talmännen

913 1649 65 29 och
994 1649 73 29 vice
1083 1648 205 29 talmännen
1303 1648 92 27 samt
1412 1646 41 29 de
1469 1644 161 40 ständiga

915 1702 198 29 utskottens
1141 1700 210 39 ordförande
1379 1699 169 40 rådpläga
1573 1707 58 20 om

913 1756 67 29 vad
1000 1755 11 29 i
1032 1754 170 30 avseende
1224 1753 19 30 å
1264 1753 194 30 ärendenas
1478 1752 154 29 behand-

915 1809 72 38 ling
1011 1808 11 29 i
1048 1808 136 29 utskott
1209 1807 65 29 och
1298 1806 144 29 kamrar
1467 1805 57 29 må
1547 1813 85 21 vara

915 1863 51 28 att
982 1861 155 39 iakttaga
1154 1860 55 29 för
1225 1860 176 28 vinnande
1419 1868 43 20 av
1478 1858 155 30 nämnda

915 1914 91 39 syfte
1059 1911 441 35 (talmanskonferensen).
1548 1911 85 29 När-

914 1976 97 20 mare
1030 1966 264 30 bestämmelser
1314 1974 56 20 om
1392 1964 241 30 talmanskon-

916 2021 163 28 ferensen
1095 2019 178 30 meddelas
1290 2018 50 30 uti
1357 2018 69 29 den
1441 2017 11 29 i
1470 2022 15 35 8
1505 2016 38 30 78
1560 2026 74 20 om-

917 2074 173 29 förmälda
1114 2072 322 39 riksdagsstadgan.

842 2168 15 35 g
883 2162 53 30 54.

203 2230 213 38 Konungens
441 2228 185 29 skrivelser
650 2243 44 4 -—
716 2243 45 4 —
782 2242 44 4 —
847 2243 44 3 —
913 2242 45 3 —
980 2242 15 2 -—
1048 2224 78 29 dess
1151 2223 172 39 yttrande.

205 2405 270 40 Propositioner,
500 2412 72 20 som
597 2420 10 4 -

972 2284 262 40 Propositioner
1263 2283 80 29 böra
1371 2282 181 29 avlämnas
1583 2281 52 28 till

918 2338 186 38 riksdagen
1128 2337 38 29 så
1190 2338 98 27 snart
1310 2336 52 38 sig
1385 2335 83 38 göra
1494 2334 95 29 låter.

891 2418 13 3 -
926 2418 44 3 —
993 2399 173 38 allvarligt
1190 2407 91 20 men.
