1870 2782
244 146 40 30 10
605 141 406 28 Konstlitutionsutskottets
1035 141 200 27 betänkande
1257 149 40 18 nr
1319 141 45 26 19.

298 223 179 29 Motionen
494 223 44 28 II:
557 223 13 28 1
591 222 57 30 vid
667 222 92 29 årets
778 222 142 38 riksdag
938 231 42 20 av
999 221 124 30 fröken
1142 221 110 39 Vinge
1272 230 97 20 avser
1385 230 46 19 en
1451 220 97 39 fråga
1567 229 56 20 om
1643 220 89 39 möj-

244 276 105 40 lighet
368 278 52 28 att
440 276 109 30 väcka
566 275 133 30 motion
720 276 12 28 i
749 275 190 38 anledning
957 284 42 20 av
1018 274 262 39 framställning
1298 274 81 39 från
1400 274 105 38 något
1524 273 207 39 riksdagens

243 329 91 36 verk,
369 338 80 21 vars
484 329 211 38 behandling
729 328 219 40 uppskjutits
984 328 50 29 till
1057 328 226 29 höstsession.
1309 327 339 39 Huvudstadgandet
1673 336 56 20 om

242 383 169 40 uppskov,
445 382 71 40 858
548 382 109 39 tredje
691 382 134 39 stycket
855 381 368 39 riksdagsordningen,
1254 381 176 39 medgiver
1461 381 159 39 uppskov
1650 381 79 29 med

241 436 258 39 behandlingen
520 445 42 20 av
582 435 238 40 »proposition
842 435 82 29 eller
946 435 163 33 motion»,
1133 443 75 21 som
1230 434 30 39 ej
1283 434 100 29 berör
1405 434 201 29 riksstaten.
1630 434 101 29 Riks-

243 490 108 38 dagen
376 489 65 29 har
465 489 10 29 i
498 488 116 40 praxis
638 488 89 30 efter
751 488 203 39 tillstyrkan
976 497 40 20 av
1040 487 390 30 talmanskonferensen
1455 488 164 38 medgivit
1645 496 85 30 upp-

242 543 84 29 skov
348 544 89 28 även
459 543 79 28 med
561 542 258 38 behandlingen
841 551 43 20 av
907 541 302 39 framställningar
1234 541 78 29 från
1336 541 207 39 riksdagens
1566 541 95 29 verk.
1687 540 43 30 Så

241 596 129 29 skedde
388 595 112 30 första
518 595 133 39 gången
670 595 39 29 år
728 594 82 30 1949
828 595 65 29 och
910 594 153 30 därefter
1079 595 133 39 jämväl
1230 594 82 30 åren
1332 594 95 34 1950,
1449 594 93 34 1951,
1563 594 83 29 1953
1666 595 63 29 och

243 648 93 30 1954.

294 702 189 39 Angående
511 702 179 29 väckande
720 711 41 20 av
790 702 142 33 motion,
964 710 73 20 som
1065 701 198 30 föranledes
1293 711 43 20 av
1364 701 227 40 proposition,
1622 701 107 39 gäller

239 755 142 39 jämlikt
403 755 72 39 855
497 764 104 20 mom.
626 755 14 29 1
666 755 110 29 andra
799 755 135 38 stycket
955 755 357 39 riksdagsordningen
1333 764 76 20 som
1431 754 225 40 huvudregel,
1680 756 49 28 att

241 808 108 30 sådan
369 809 135 28 motion
524 808 57 30 må
599 808 129 30 väckas
750 808 62 29 sist
831 808 58 30 vid
910 809 57 28 det
989 809 269 33 sammanträde,
1282 817 74 20 som
1378 808 140 29 infaller
1540 809 78 29 näst
1640 808 88 29 efter

241 862 46 29 tio
311 862 107 39 dagar
443 861 80 30 från
548 862 57 29 det
628 862 263 39 propositionen
915 862 83 28 kom
1022 862 206 29 kammaren
1253 862 51 28 till
1328 862 128 29 handa.
1484 862 244 29 Motsvarande

239 915 117 39 gäller,
381 915 143 39 jämlikt
548 915 115 39 fjärde
689 915 133 39 stycket
848 924 136 20 samma
1007 924 114 25 mom.,
1148 915 10 29 1
1185 915 99 39 fråga
1308 924 56 20 om
1389 915 144 34 motion,
1559 924 75 20 som
1659 915 70 29 för-

240 968 139 30 anledes
407 977 43 20 av
476 968 261 39 framställning
764 968 78 29 från
871 968 105 39 något
1002 969 205 39 riksdagens
1233 969 93 29 verk.
1354 969 13 28 I
1396 968 124 30 sådant
1547 969 62 29 fall
1638 969 90 29 skall

240 1022 251 29 motionstiden
523 1022 129 29 räknas
687 1021 80 30 från
801 1022 66 29 den
890 1022 77 39 dag,
991 1021 44 30 då
1057 1022 166 29 anmälan
1247 1031 55 20 om
1328 1021 326 40 framställningens
1678 1022 51 28 in-

238 1075 146 38 givande
405 1074 150 39 delgives
575 1075 206 29 kammaren
801 1082 123 31 genom
945 1076 50 28 att
1015 1077 171 37 upptagas
1206 1075 44 39 på
1269 1076 78 29 dess
1366 1075 361 39 föredragningslista.

239 1128 13 28 I
273 1128 111 39 tredje
406 1128 136 39 stycket
562 1129 155 28 nämnda
736 1137 104 20 mom.
862 1129 140 38 stadgas
1022 1129 224 29 motionsrätt
1266 1129 53 29 för
1341 1129 58 31 det
1421 1128 62 30 fall
1505 1130 50 28 att
1574 1128 154 30 behand-

239 1181 115 39 lingen
380 1190 42 20 av
446 1181 218 40 proposition
688 1181 220 40 uppskjutits
934 1182 52 28 till
1010 1182 230 34 höstsession;
1268 1182 134 29 motion
1428 1191 74 20 som
1529 1182 198 30 föranledes

239 1244 41 19 av
298 1234 218 39 uppskjuten
532 1234 217 40 proposition
765 1234 56 30 må
837 1235 129 29 väckas
984 1235 61 29 sist
1061 1236 112 38 dagen
1190 1235 87 30 efter
1293 1236 280 29 höstsessionens
1591 1236 136 38 början.

239 1288 105 38 Ingen
366 1288 93 38 regel
480 1289 245 28 motsvarande
747 1289 65 28 den
837 1289 62 28 sist
922 1288 177 39 återgivna
1121 1289 117 29 finnes
1262 1289 53 30 för
1338 1290 58 28 det
1418 1289 64 29 fall
1503 1291 49 28 att
1574 1290 154 29 behand-

239 1341 115 38 lingen
378 1350 45 20 av
448 1341 260 39 framställning
735 1341 78 29 från
839 1341 105 39 något
969 1342 205 39 riksdagens
1200 1343 84 28 verk
1309 1343 219 39 uppskjutits
1555 1343 52 29 till
1634 1343 94 29 höst-

238 1394 143 29 session.

290 1452 64 28 Det
381 1451 11 29 i
418 1451 179 29 motionen
623 1451 196 38 framlagda
846 1450 166 39 förslaget
1038 1451 172 38 anknyter
1238 1450 51 29 till
1315 1459 43 20 en
1385 1450 262 39 framställning
1675 1450 51 29 till

240 1504 83 29 1953
347 1504 58 30 års
428 1504 142 39 riksdag
593 1503 79 30 från
698 1504 220 38 fullmäktige
941 1504 12 29 i
977 1504 337 39 riksgäldskontoret
1338 1504 179 38 angående
1542 1504 185 29 införande

238 1567 42 20 av
305 1557 432 40 pensionsbestämmelser
764 1557 54 30 för
843 1557 64 29 hos
936 1557 186 39 riksdagen
1149 1557 173 29 anställda
1349 1557 226 39 tjänstemän.
1604 1558 122 28 Denna

239 1611 262 39 framställning
527 1611 180 30 anmäldes
733 1611 10 28 i
771 1611 189 29 kamrarna
987 1619 41 21 av
1053 1611 289 30 bankoutskottet
1368 1611 68 29 den
1464 1610 38 29 19
1530 1611 69 38 maj
1632 1610 94 29 1953.

238 1664 74 29 Den
334 1663 41 30 29
398 1664 72 39 maj
496 1663 83 30 1953
600 1682 44 2 —
664 1664 57 29 vid
743 1663 262 30 vårsessionens
1029 1664 82 29 sista
1137 1664 260 29 sammanträde
1419 1682 45 3 —
1484 1664 121 29 biföllo
1629 1664 98 29 kam-

237 1726 104 20 rarna
359 1726 42 20 en
421 1726 43 20 av
482 1726 132 20 samma
634 1717 135 29 utskott
789 1717 99 39 gjord
907 1717 210 29 hemställan
1136 1726 57 20 om
1214 1718 159 38 uppskov
1392 1717 53 29 till
1465 1717 261 30 höstsessionen

237 1771 78 29 med
335 1770 259 39 behandlingen
615 1780 42 20 av
679 1770 316 39 framställningen.
1017 1769 24 30 Å
1062 1770 280 30 höstsessionens
1365 1770 112 30 första
1499 1771 75 39 dag,
1596 1771 67 29 den
1687 1771 38 29 19

237 1823 154 34 oktober,
412 1824 142 29 väcktes
574 1824 11 28 i
606 1824 111 29 andra
738 1823 206 30 kammaren
966 1833 42 20 av
1028 1824 124 29 fröken
1174 1824 109 39 Vinge
1304 1833 43 20 en
1368 1824 133 29 motion
1529 1827 60 26 (nr
1609 1824 81 32 617)
1715 1825 10 28 i

237 1877 189 38 anledning
448 1886 43 20 av
511 1876 315 40 framställningen.
847 1877 66 29 Vid
936 1877 224 29 kammarens
1184 1877 156 39 följande
1364 1878 271 33 sammanträde,
1659 1878 67 29 den

236 1929 41 30 20
301 1929 155 34 oktober,
482 1930 44 29 då
549 1930 98 39 fråga
671 1939 57 20 om
751 1931 122 28 remiss
899 1939 42 20 av
966 1930 177 29 motionen
1168 1931 165 39 uppkom,
1358 1932 137 37 yttrade
1523 1932 202 28 talmannen

236 1982 168 39 följande.

291 2044 117 39 Enligt
431 2049 15 35 $
462 2045 40 29 55
524 2045 356 39 riksdagsordningen
903 2045 59 30 må
984 2045 141 34 motion,
1150 2055 75 20 som
1248 2046 198 30 föranledes
1468 2056 44 20 av
1534 2056 42 20 en
1599 2047 126 38 Kungl.

236 2089 122 39 Maj:ts
378 2090 228 38 proposition,
625 2099 80 20 vars
727 2090 211 39 behandling
960 2091 218 39 uppskjutits
1199 2091 52 29 till
1272 2091 226 34 höstsession,
1520 2092 128 29 väckas
1669 2092 57 29 vid

239 2134 198 29 sessionens
460 2134 135 39 början.
630 2134 111 39 Något
764 2136 245 28 motsvarande
1033 2136 191 37 stadgande
1248 2135 115 29 finnes
1388 2136 158 29 däremot
1568 2136 77 29 icke
1669 2135 56 30 för

235 2178 57 29 det
310 2178 61 29 fall
390 2180 53 27 att
460 2178 257 39 behandlingen
737 2188 40 20 av
796 2179 260 39 framställning
1074 2179 80 29 från
1174 2179 103 39 något
1296 2180 206 38 riksdagens
1522 2180 83 29 verk
1626 2180 99 29 blivit

235 2222 219 39 uppskjuten
478 2223 52 28 till
553 2223 270 29 höstsessionen.
847 2224 65 38 Jag
936 2223 115 29 finner
1074 2224 70 38 mig
1169 2224 118 29 därför
1312 2224 207 30 förhindrad
1543 2226 50 28 att
1618 2224 107 30 fram-

235 2267 102 29 ställa
362 2267 218 39 proposition
606 2276 56 20 om
688 2268 124 28 remiss
838 2268 51 28 till
916 2268 135 29 utskott
1077 2277 41 20 av
1144 2269 67 29 den
1238 2277 44 20 nu
1310 2268 210 39 föredragna
1546 2270 178 28 motionen

236 2320 41 19 nr
298 2311 60 29 617
382 2320 42 20 av
446 2311 124 30 fröken
590 2312 109 39 Vinge
722 2321 45 20 m.
789 2312 36 29 fl.

285 2364 99 29 Efter
421 2364 118 30 debatt
575 2365 183 38 godkände
796 2365 205 29 kammaren
1041 2366 222 29 talmannens
1292 2368 130 37 vägran
1451 2368 48 29 att
1528 2366 195 30 framställa

235 2417 218 39 proposition
475 2417 44 40 på
538 2418 123 29 remiss
683 2419 52 28 till
757 2419 133 29 utskott
913 2428 42 20 av
976 2419 187 29 motionen.
