1902 2858
458 159 412 38 Bevillningsutskottets
892 158 186 33 memorial
1101 158 52 32 Nr
1176 158 57 31 44.
1548 157 17 30 1

784 440 58 40 Nr
869 440 64 39 44.

627 559 111 25 Ankom
758 559 43 24 till
820 558 163 32 riksdagens
1003 557 90 25 kansli
1114 557 58 25 den
1189 558 31 23 27
1241 556 59 31 maj
1316 557 64 24 1931
1402 556 36 24 kl.
1459 556 15 24 3
1493 563 23 17 e.
1537 563 36 17 m.

208 653 418 38 Bevillningsutskottets
675 652 196 37 memorial,
919 652 80 31 med
1039 650 258 37 föranledande
1322 660 46 21 av
1396 650 214 31 kamrarnas

405 705 212 38 skiljaktiga
642 705 116 31 beslut
782 705 12 31 i
818 704 108 37 fråga
948 713 56 22 om
1029 703 193 32 utskottets
1247 701 222 33 betänkande
1493 711 43 21 nr
1561 702 48 34 41,

406 757 174 32 avseende
603 755 246 38 tilläggsskatt
871 755 22 31 å
915 755 135 32 bensin.

146 868 19 31 I
189 868 42 31 de
254 867 230 38 likalydande
508 867 225 32 motionerna
756 876 43 21 nr
822 866 59 31 119
904 866 13 31 i
939 866 115 31 första
1078 866 208 31 kammaren
1310 875 45 21 av
1379 864 82 32 herr
1486 864 122 31 Seder-

108 920 96 31 holm
223 929 45 22 m.
288 920 38 31 fl.
347 920 64 31 och
432 929 42 21 nr
494 919 57 31 163
570 919 13 31 i
604 919 114 32 andra
738 919 210 30 kammaren
966 928 46 21 av
1032 917 84 31 herr
1136 917 152 31 Persson
1308 917 12 30 i
1341 916 145 37 Fritorp
1505 925 44 21 m.
1569 915 39 32 fl.

107 971 91 32 hade
223 971 211 37 hemställts,
461 972 72 30 »att
558 970 195 37 riksdagen
776 971 114 31 måtte
915 969 140 32 besluta
1082 969 113 31 sådan
1221 968 155 37 ändring
1399 978 45 21 av
1472 968 135 31 förord-

106 1024 134 35 ningen
261 1023 68 32 den
350 1023 18 31 3
390 1023 74 36 maj
486 1023 77 31 1929
588 1021 56 36 (nr
665 1021 51 36 62)
738 1032 56 21 om
816 1021 157 32 särskild
993 1021 98 32 skatt
1112 1022 21 30 å
1155 1020 126 32 bensin
1302 1020 65 31 och
1389 1019 218 37 motorsprit,

106 1076 55 30 att
183 1075 68 31 den
272 1075 12 31 i
305 1075 18 30 1
345 1074 18 36 $
386 1075 159 36 angivna
566 1074 240 31 skattesatsen
827 1073 212 32 bestämmes
1061 1071 59 32 till
1138 1072 19 31 8
1179 1074 69 34 öre,
1271 1074 92 29 samt
1385 1073 53 30 att
1462 1072 66 31 den
1551 1071 56 31 för

107 1127 101 32 tiden
230 1127 83 31 från
335 1127 64 31 och
422 1126 79 32 med
524 1126 67 32 den
614 1126 17 30 1
653 1125 70 37 juli
745 1124 77 32 1933
845 1124 58 32 till
923 1124 67 32 den
1010 1124 19 30 1
1051 1123 69 37 juli
1143 1123 77 32 1934
1245 1123 55 32 för
1322 1123 209 36 motorsprit
1553 1123 54 31 be-

106 1179 142 31 stämda
268 1178 238 32 skattesatsen
527 1177 100 37 höjes
649 1176 57 32 till
728 1177 18 30 4
767 1178 89 30 öre».

145 1230 19 31 I
186 1230 224 32 betänkande
432 1240 43 21 nr
496 1229 37 31 41
554 1229 92 31 hade
665 1227 395 37 bevillningsutskottet
1079 1226 142 37 avgivit
1243 1227 168 36 yttrande
1433 1229 83 28 över
1538 1236 69 21 mo-

106 1282 166 31 tionerna
294 1282 65 31 och
382 1281 13 31 i
418 1281 195 36 anledning
636 1291 46 20 av
706 1280 102 31 dessa
829 1278 194 37 hemställt,
1047 1280 55 30 att
1124 1278 193 37 riksdagen
1339 1278 111 32 måtte
1473 1280 135 34 antaga

106 1334 59 31 det
192 1332 387 37 författningsförslag,
607 1331 111 32 vilket
744 1331 106 37 ingår
876 1331 13 30 i
913 1329 321 38 ja-propositionen
1260 1330 65 31 här
1352 1330 125 31 nedan.

147 1386 18 30 I
194 1395 43 21 en
269 1385 61 32 vid
358 1385 157 31 nämnda
545 1383 226 32 betänkande
800 1383 110 36 fogad
937 1382 223 31 reservation
1191 1382 91 31 hade
1312 1382 82 31 herr
1427 1381 180 37 Bergman

105 1447 44 21 m.
179 1437 38 31 fl.
244 1437 193 36 hemställt,
463 1438 53 30 att
542 1436 225 31 motionerna
793 1435 78 31 icke
898 1435 111 30 måtte
1037 1433 188 32 föranleda
1250 1434 118 36 någon
1395 1433 212 37 riksdagens

105 1489 139 36 åtgärd.

146 1540 125 37 Enligt
325 1540 70 31 vad
437 1540 175 31 utskottet
645 1538 312 32 tillhandakomna
986 1536 330 37 protokollsutdrag
1348 1536 130 36 utvisa,
1512 1537 94 30 hava

107 1593 194 30 kamrarna
326 1592 12 30 i
364 1592 117 31 denna
506 1591 106 36 fråga
638 1590 111 31 fattat
775 1589 214 37 skiljaktiga
1014 1588 128 36 beslut,
1167 1588 13 30 i
1207 1588 57 31 det
1290 1589 54 30 att
1371 1588 114 31 första
1511 1588 95 31 kam-

105 1653 124 21 maren
253 1643 136 31 bifallit
413 1642 70 32 vad
504 1642 175 31 utskottet
703 1640 192 36 hemställt,
918 1639 130 32 medan
1072 1639 116 32 andra
1212 1639 207 31 kammaren
1444 1640 79 31 med
1548 1650 58 20 av-

105 1695 79 37 slag
208 1696 21 29 å
251 1695 193 30 utskottets
467 1692 215 33 hemställan
706 1691 137 32 bifallit
863 1690 279 33 reservationen.

145 1789 56 31 Då
227 1789 115 31 denna
369 1789 105 36 fråga
500 1790 40 29 är
567 1798 47 21 av
639 1786 252 32 beskaffenhet
919 1787 53 30 att
998 1785 89 32 böra
1112 1788 153 35 avgöras
1291 1786 148 31 medelst
1468 1795 137 28 gemen-

106 1851 77 21 sam
209 1840 231 37 omröstning,
467 1840 56 31 får
547 1839 176 31 utskottet
749 1838 12 31 i
787 1838 128 31 sådant
940 1837 201 31 hänseende
1168 1837 131 32 föreslå
1326 1837 159 37 följande
1511 1840 95 29 vote-

106 1891 340 39 ringsproposition:

147 1987 105 36 »Den,
272 1996 75 21 som
368 1986 11 31 i
401 1986 112 31 likhet
535 1985 80 31 med
636 1985 115 31 första
771 1984 209 31 kammaren
1000 1983 76 37 vill,
1098 1985 55 30 att
1173 1983 193 37 riksdagen
1387 1984 102 36 skall,
1511 1984 12 31 i
1546 1994 59 21 an-

105 2038 147 37 ledning
272 2048 45 21 av
338 2037 41 32 de
400 2036 230 37 likalydande
649 2036 225 32 motionerna
893 2035 32 31 I:
939 2035 57 31 119
1018 2045 46 21 av
1085 2035 82 31 herr
1188 2035 206 31 Sederholm
1415 2045 44 21 m.
1482 2036 37 30 fl.
1542 2036 61 31 och

106 2090 52 31 II:
179 2090 52 31 163
252 2100 46 21 av
320 2089 82 31 herr
427 2089 152 31 Persson
604 2088 12 31 i
642 2087 144 37 Fritorp
811 2097 45 21 m.
884 2087 48 36 fl.,
958 2087 134 36 antaga
1117 2086 158 37 följande

748 2197 217 44 Förslag

829 2268 54 31 till

465 2337 219 40 förordning
707 2345 60 22 om
793 2337 246 39 tilläggsskatt
1063 2335 20 31 å
1108 2336 141 31 bensin.

144 2416 222 38 Härigenom
395 2415 197 37 förordnas,
621 2417 54 29 att
703 2416 126 31 utöver
858 2414 68 32 den
952 2414 13 31 i
995 2414 258 37 förordningen
1281 2414 68 32 den
1377 2415 18 31 3
1423 2415 73 36 maj
1527 2415 77 31 1929

107 2467 57 36 (nr
194 2466 52 37 62)
278 2477 56 22 om
361 2465 154 34 särskild
544 2465 98 33 skatt
672 2466 21 31 å
722 2465 126 32 bensin
878 2465 64 32 och
970 2464 211 38 motorsprit
1210 2465 171 37 stadgade
1411 2466 142 32 skatten
1584 2468 20 29 å

106 2537 111 32 Bihang
238 2537 40 26 till
301 2537 165 32 riksdagens
488 2536 145 33 protokoll
658 2537 73 24 1931.
772 2538 14 24 7
805 2538 82 23 saml.
924 2537 34 24 29
979 2537 68 31 häft.
1084 2532 53 29 (Nr
1156 2537 55 30 44.)
1558 2538 8 23 1
