2196 2667
659 218 360 43 Devillningsutskottets
1042 220 212 33 Betänkande
1277 221 62 33 N:o
1366 225 28 28 9.
1805 225 19 30 5

224 300 168 35 taxeradt
419 299 58 37 till
506 300 92 36 blott
626 314 45 23 en
699 301 152 37 bråkdel
881 303 39 35 af
946 303 60 36 det
1036 304 107 35 värde
1173 305 69 35 den
1272 305 112 35 andra
1413 307 132 34 åsättes
1566 308 115 34 såsom
1703 319 120 24 annan

224 353 185 48 fastighet.
469 355 84 35 Men
584 368 44 22 en
657 356 112 35 sådan
798 357 169 48 taxering
995 370 106 35 synes
1131 358 75 48 mig
1234 358 81 36 icke
1344 372 85 24 vara
1459 359 156 48 förenlig
1636 361 79 35 med
1736 365 86 32 rätt-

224 407 79 36 visa
341 409 65 34 och
445 408 170 48 billighet
648 413 93 32 samt
769 411 206 47 säkerligen
1004 412 30 48 ej
1065 413 116 35 heller
1209 412 13 35 i
1251 413 377 37 öfverensstämmelse
1657 415 80 35 med
1767 416 57 35 be-

224 461 455 49 villningsförordningens
731 465 93 34 anda
869 465 13 34 i
929 465 121 47 öfrigt.
1128 466 114 44 Dock,
1293 473 44 29 än
1380 480 99 22 mera
1520 467 13 35 i
1575 473 140 42 ögonen
1760 469 64 35 fal-

223 515 105 35 lande
371 515 247 48 orimligheter
661 517 12 35 i
716 518 258 48 taxeringsväg
1011 520 125 35 kunna
1173 520 156 36 inträffa.
1399 522 44 34 Så
1481 525 24 32 t.
1547 534 55 23 cx.
1643 523 67 34 har
1749 523 74 35 ofta

226 569 238 45 förekommit,
492 573 52 33 att
582 583 97 23 mera
719 572 141 47 burgna
897 574 67 34 och
1000 574 199 35 oberoende
1229 587 180 34 personer,
1441 575 13 35 i
1482 576 174 36 närheten
1688 576 40 36 af
1754 580 69 32 stä-

223 623 73 43 der,
329 623 357 37 stationssamhällen
715 627 89 34 eller
834 627 113 35 andra
975 628 56 34 för
1061 629 78 34 dem
1169 628 206 36 tilltalande
1396 630 65 35 och
1482 630 230 47 bekvämliga
1732 631 90 46 plat-

223 689 68 30 ser,
336 677 202 37 förvärfvat
580 679 56 47 sig
678 683 53 32 ett
774 680 140 36 mindre
949 681 226 48 jordområde
1214 683 66 35 och
1319 684 63 34 där
1422 683 149 47 uppfört
1609 696 45 23 en
1690 685 133 46 dyrbar

222 731 89 35 villa
348 732 88 35 eller
474 735 53 32 ett
564 737 146 43 propert
739 734 236 47 boningshus.
1033 736 18 34 I
1080 736 43 35 de
1152 736 76 44 fall,
1261 739 53 33 att
1343 743 132 41 ägaren
1504 737 82 36 låtit
1616 740 116 34 åsätta
1762 739 60 34 det

223 791 45 28 än
311 788 39 32 så
393 785 103 48 ringa
531 786 245 48 jordområdet
813 790 136 34 mantal
987 790 65 35 och
1090 790 81 35 icke
1210 791 108 47 uthyr
1356 794 117 44 någon
1508 791 58 35 del
1596 792 40 35 af
1662 793 44 34 de
1736 793 85 35 därå

223 839 179 46 uppförda
440 841 201 34 värdefulla
679 841 268 48 byggnaderna,
987 846 144 33 taxeras
1166 856 45 23 en
1240 845 112 34 sådan
1381 844 174 47 fastighet
1584 848 115 33 såsom
1725 846 97 47 jord-

222 893 292 47 bruksfastighet
556 895 66 35 och
662 895 45 35 då
750 895 56 36 till
850 900 52 32 ett
935 897 108 46 högst
1072 898 202 47 obetydligt
1302 898 131 47 belopp
1463 899 13 34 i
1500 899 210 47 jämförelse
1740 901 81 34 med

223 947 61 35 det
323 947 165 47 verkliga
529 949 108 35 värde
668 961 42 23 en
743 949 103 48 dylik
876 951 172 46 egendom
1079 955 280 42 representerar.
1418 952 127 47 Enligt
1573 952 102 48 gifna
1704 954 117 47 preju-

221 1000 103 36 dikat
363 1006 37 30 är
440 1002 92 35 dock
570 1015 44 22 en
644 1003 115 47 dylik,
791 1004 55 35 för
883 1004 124 48 vanlig
1035 1005 238 47 uppfattning
1302 1008 83 32 rent
1414 1006 39 35 af
1479 1006 143 48 orimlig
1649 1008 172 46 taxering

220 1054 123 47 laglig,
375 1057 37 33 så
440 1056 106 46 länge
578 1059 18 32 3
629 1069 104 23 mom.
766 1058 39 34 af
831 1057 289 37 instruktionens
1154 1062 11 32 1
1205 1061 21 44 8
1257 1060 65 34 har
1351 1060 58 35 sin
1437 1061 209 35 nuvarande
1667 1061 149 47 lydelse.

225 1109 10 33 I
268 1108 109 36 ofvan
416 1109 187 46 påpekade
638 1110 64 35 fall
731 1111 115 46 gäller
870 1112 60 35 det
960 1111 147 37 likvisst
1136 1113 110 35 oftast
1274 1125 183 34 personer,
1489 1126 74 23 som
1593 1114 81 35 icke
1705 1115 116 35 sakna

221 1162 162 46 förmåga
421 1165 52 33 att
511 1163 145 48 erlägga
693 1164 204 48 bevillning
925 1166 55 35 för
1009 1169 51 33 ett
1089 1166 333 48 taxeriugsbelopp,
1454 1180 73 22 som
1557 1170 75 33 står
1660 1168 12 35 i
1701 1168 119 36 bättre

222 1216 225 36 förhållande
487 1216 58 36 till
588 1218 240 47 egendomens
869 1219 161 48 verkliga
1074 1221 109 35 värde
1223 1222 65 34 och
1323 1234 72 23 som
1426 1221 123 36 blifvit
1578 1222 241 36 fastställdt
1800 1212 23 60 i

220 1276 164 30 närmare
428 1271 212 48 anslutning
681 1272 57 35 till
780 1273 500 49 bevillningsförordningens
1321 1275 182 36 allmänna
1533 1276 200 44 föreskrift,
1767 1279 53 33 att

221 1324 71 35 fast
321 1325 173 46 egendom
526 1325 95 36 skall
650 1329 144 33 taxeras
824 1327 57 35 till
911 1327 64 36 sitt
1004 1328 165 47 verkliga
1199 1330 118 34 värde.

328 1378 72 35 Det
439 1391 108 35 synes
591 1379 74 48 mig
708 1381 121 35 därför
862 1394 86 23 vara
977 1382 39 35 af
1041 1383 129 43 nöden,
1203 1386 53 32 att
1285 1383 134 35 sådana
1449 1383 195 47 ändringar
1671 1389 106 41 göras
1807 1384 12 35 i

221 1431 283 45 mstruktionen,
550 1436 53 32 att
645 1434 495 48 taxeringsmyndigheterna
1182 1436 114 36 blifva
1338 1436 255 36 oförhindrade
1629 1437 191 37 efterlefva

223 1486 94 35 hvad
360 1498 74 24 som
478 1487 144 47 stadgas
666 1487 13 35 i
721 1488 498 48 bevillningsförordningens
1251 1494 19 31 3
1304 1492 33 43 $.
1396 1491 157 35 Enklast
1586 1492 103 35 torde
1719 1492 100 35 detta

219 1540 126 34 kunna
387 1540 65 35 ske
494 1553 127 34 genom
666 1544 53 33 att
756 1555 43 22 ur
829 1545 19 32 3
880 1555 104 23 mom.
1026 1544 40 34 af
1095 1543 290 36 instruktionens
1419 1547 16 32 1
1468 1547 22 44 $
1519 1546 160 35 utesluta
1707 1546 111 34 orden

247 1593 158 35 börande
435 1593 62 36 vid
527 1594 267 36 bestämmande
825 1596 39 35 af
890 1597 98 35 detta
1017 1598 108 35 värde
1155 1598 169 35 afseende
1344 1598 81 35 icke
1446 1598 110 36 fästas
1577 1601 20 33 å
1616 1599 202 34 beskaffen-

219 1648 110 34 heten
372 1648 39 34 af
450 1648 135 35 sådana
627 1649 220 47 byggnader,
893 1662 74 23 som
1006 1653 45 43 på
1085 1652 239 45 egendomens
1356 1651 214 48 afkastning
1598 1651 81 37 icke
1708 1652 111 35 hafva

217 1702 111 45 något
366 1701 177 48 egentligt
580 1701 221 49 inflytande»
846 1704 65 35 och
941 1703 12 35 i
982 1705 121 35 stället
1141 1705 72 35 låta
1242 1705 88 35 sista
1359 1706 107 34 delen
1496 1706 39 34 af
1561 1706 156 35 nämnda
1747 1718 69 23 mo-

219 1758 99 32 ment
347 1755 37 35 få
412 1756 67 34 här
509 1756 118 34 nedan
656 1756 205 47 föreslagna
889 1758 147 46 lydelse.

326 1809 51 34 På
405 1810 119 45 grund
553 1809 40 35 af
619 1810 60 35 det
708 1810 150 36 anförda
887 1811 55 35 får
968 1811 63 47 jag
1059 1812 152 35 sålunda
1239 1813 182 35 vördsamt
1450 1812 141 45 föreslå,

326 1865 53 32 att
417 1862 211 48 Riksdagen
656 1866 111 34 måtte
796 1864 142 36 besluta
966 1865 112 35 sådan
1108 1865 155 47 ändring
1290 1866 13 35 i
1332 1879 49 22 nu
1410 1866 166 47 gällande
1592 1866 224 36 instruktion

218 1916 55 35 för
315 1916 501 48 taxeringsmyndigheterna,
863 1921 52 33 att
958 1920 109 35 slutet
1110 1919 39 35 af
1189 1923 19 32 3
1251 1932 103 23 mom.
1395 1920 12 35 i
1446 1921 80 35 dess
1560 1923 14 32 1
1610 1922 21 45 8
1662 1921 156 35 erhåller

218 1969 157 48 följande
418 1971 152 47 lydelse:
617 1993 50 4 —
712 1994 46 3 —
801 1994 48 3 —
891 1995 46 3 —
971 1971 249 49 "'egendomens
1259 1974 163 47 verkliga
1462 1975 122 45 värde;
1630 1975 91 35 dock
1764 1978 53 32 att

218 2024 126 35 värdet
387 2024 39 35 af
464 2025 159 44 kreatur,
666 2026 155 47 redskap
861 2028 65 34 och
956 2028 112 34 andra
1097 2027 221 37 inventarier
1346 2028 88 35 eller
1463 2029 117 47 förlag
1623 2028 61 36 vid
1722 2029 95 47 jord-

218 2077 289 48 bruksfastighet
549 2078 80 36 icke
667 2082 57 33 må
766 2080 61 36 vid
870 2080 339 48 fastighetsvärdets
1253 2082 268 36 bestämmande
1564 2086 101 44 tagas
1708 2082 12 35 i
1759 2083 59 34 be-

216 2128 186 50 räkning;

326 2185 124 36 Skulle
490 2186 413 48 bevillningsutskottet,
947 2188 58 35 till
1045 2188 144 36 hvilket
1232 2189 182 36 motionen
1456 2190 102 35 torde
1591 2190 143 35 komma
1764 2193 53 32 att

218 2239 217 44 remitteras,
480 2241 100 34 finna
622 2241 69 35 den
735 2242 39 34 af
813 2241 73 47 mig
915 2242 204 47 föreslagna
1149 2243 202 47 ändringen
1380 2243 80 36 icke
1489 2256 86 23 vara
1603 2243 57 35 till
1691 2243 128 47 fyllest

217 2293 85 35 eller
332 2292 81 36 icke
443 2293 12 35 i
484 2294 174 47 lämpliga
686 2295 147 47 ordalag
862 2295 161 45 affattad,
1060 2299 104 44 vågar
1180 2297 57 47 jag
1266 2297 121 35 tillika
1407 2297 182 36 vördsamt
1611 2297 204 43 hemställa,
