1877 2825
465 191 119 31 Andra
604 192 245 40 lagutskottets
870 193 178 31 utlåtande
1066 203 44 21 nr
1129 195 41 30 59
1188 194 39 31 år
1248 195 83 30 1969
1622 197 18 30 3

790 274 210 31 Motionerna

199 353 35 34 1)
258 353 14 30 I
290 353 219 31 motionerna
526 354 31 29 1:
572 355 64 30 222
655 356 65 29 och
737 356 48 29 II:
799 356 61 30 251
881 357 108 39 yrkas
1007 359 49 28 att
1074 358 189 40 riksdagen
1281 360 108 30 måtte
1407 361 137 31 besluta
1563 370 77 21 >om

152 407 110 29 sådan
289 408 208 40 lagändring
526 410 50 28 att
604 410 428 31 narkotikamissbrukare
1061 413 70 28 kan
1161 413 250 31 omhändertas
1439 414 55 30 för
1522 415 116 30 vård».

152 460 67 30 Till
237 461 96 30 detta
348 461 158 40 yrkande
523 463 156 30 ansluter
697 464 157 39 följande
871 466 181 30 uttalande
1068 467 10 29 i
1097 466 422 42 motionsmotiveringen:

199 524 59 29 Ett
280 524 155 39 speciellt
456 526 156 38 problem
634 536 42 20 ur
696 526 269 40 vårdsynpunkt
987 530 100 38 utgör
1109 530 57 29 det
1189 532 94 28 stora
1304 532 131 29 antalet
1456 532 185 30 narkoma-

151 578 62 20 ner
231 578 75 21 som
324 571 129 29 saknar
471 571 296 39 sjukdomsinsikt
785 573 64 30 och
868 582 74 21 som
960 574 148 31 sålunda
1124 575 72 31 inte
1214 585 102 21 anser
1334 577 51 40 sig
1401 587 83 20 vara
1500 578 12 29 i
1529 578 111 30 behov

153 623 41 20 av
209 614 96 30 vård.
322 615 66 29 Det
406 616 37 28 är
460 616 74 29 ofta
551 617 41 28 de
610 617 154 30 svåraste
781 619 297 30 narkotikafallen
1097 629 74 21 som
1190 622 129 29 saknar
1335 622 303 31 vårdmotivation.

196 659 65 29 Det
281 660 39 28 är
341 660 106 30 också
466 660 86 30 känt
573 662 50 28 att
644 662 41 29 de
707 663 128 29 största
854 663 267 31 missbrukarna
1141 665 65 30 har
1226 674 42 21 en
1289 667 148 31 tendens
1457 670 50 28 att
1529 669 111 30 samla

150 703 137 31 mindre
306 704 239 31 missbrukare
564 706 103 40 kring
685 707 50 40 sig
754 708 65 29 och
837 708 87 30 efter
943 709 94 30 hand
1056 710 85 29 ökar
1160 711 105 30 också
1284 712 273 31 konsumtionen
1576 715 63 29 hos

151 749 100 30 dessa
274 758 131 21 senare.
428 750 49 30 De
500 751 110 29 större
632 752 266 30 missbrukarna
921 754 133 40 sprider
1076 755 44 39 på
1142 756 95 30 detta
1260 757 67 29 sätt
1349 759 289 31 narkolikamiss-

150 793 126 30 bruket
295 794 54 29 till
367 794 118 30 vidare
505 796 146 30 kretsar.
673 797 77 29 Med
770 797 138 40 hänsyn
927 800 103 38 tagen
1049 800 52 29 till
1121 800 101 30 dessa
1243 801 156 31 faktorer
1418 803 106 30 borde
1544 805 98 29 över-.

149 838 182 39 väganden
350 839 102 39 göras
469 849 57 20 om
545 841 267 39 möjligheterna
832 844 50 28 att
901 851 124 32 genom
1043 845 286 40 tvångsåtgärder
1348 848 230 31 omhänderta
1596 850 44 30 de

151 884 95 29 stora
266 883 269 32 missbrukarna
556 885 54 30 för
632 886 204 41 avgiftning.

196 954 36 34 2)
259 955 14 29 I
295 955 177 31 motionen
494 957 49 28 II:
559 957 40 30 72
621 959 107 38 yrkas
749 961 49 27 att
820 960 189 40 riksdagen
1029 962 110 30 måtte
1161 963 84 30 >hos
1266 964 127 40 Kungl.
1416 966 105 39 Maj:t
1544 967 95 30 hem-

153 1008 101 30 ställa
271 1017 57 21 om
347 1009 131 41 förslag
495 1010 53 30 till
567 1011 109 30 sådan
695 1012 150 41 ändring
862 1023 42 20 av
924 1014 82 30 1966
1027 1015 56 30 års
1101 1016 56 40 lag
1174 1026 56 20 om
1249 1018 196 31 beredande
1464 1029 42 21 av
1524 1020 115 30 sluten

151 1063 217 38 psykiatrisk
384 1064 85 29 vård
485 1064 14 29 i
511 1065 94 30 vissa
622 1066 72 34 fall,
711 1068 50 28 att
778 1067 57 30 det
857 1068 5 29 i
878 1068 311 32 bestämmelserna
1205 1072 92 29 klart
1315 1073 141 39 utsäges
1471 1076 50 28 att
1538 1074 100 40 lagen

149 1116 107 39 gäller
282 1117 454 33 läkemedelsmissbrukare
765 1121 94 30 såväl
887 1123 169 30 avseende
1082 1124 184 41 intagning
1293 1135 75 21 som
1395 1127 243 41 behandling>.

149 1170 219 30 Motionären
399 1171 103 30 anför
533 1174 50 28 att
615 1173 454 34 läkemedelsmissbrukare
1098 1178 64 29 bör
1191 1179 124 31 kunna
1344 1180 219 40 tvångsintas
1594 1182 45 40 på

150 1223 228 32 vårdanstalt.
408 1226 49 29 De
472 1227 62 28 bör
550 1227 87 29 även
652 1228 87 29 efter
755 1229 240 40 avgiftningen
1009 1231 122 30 kunna
1146 1233 201 31 kvarhållas
1361 1234 46 40 på
1421 1235 217 31 vårdanstalt

149 1278 80 29 med
246 1278 115 40 tvång,
380 1279 167 30 eftersom
566 1281 244 31 erfarenheten
827 1284 88 28 visat
934 1286 50 28 att
1003 1285 41 29 de
1062 1285 103 31 flesta
1183 1286 89 30 efter
1289 1287 242 42 avgiftningen
1547 1299 92 21 ome-

150 1331 134 30 delbart
301 1332 60 30 vill
378 1333 119 30 lämna
515 1335 175 29 anstalten
707 1336 65 29 och
790 1336 188 32 återvända
995 1338 53 30 till
1067 1339 54 30 sin
1138 1340 148 39 tidigare
1303 1338 111 48 miljö.

195 1384 36 35 3)
256 1386 14 29 I
289 1386 219 31 motionerna
527 1387 31 29 I:
573 1387 81 30 1051
677 1390 65 29 och
761 1389 48 29 II:
826 1390 84 30 1208
929 1392 130 30 uttalas
1079 1394 50 29 att
1150 1393 67 30 den
1236 1394 11 29 i
1267 1396 262 39 propositionen
1549 1397 89 31 före-

151 1438 121 40 slagna
291 1440 252 40 lagändringen
564 1442 112 30 måste
696 1453 54 20 ses
770 1453 75 20 som
866 1453 43 21 en
928 1446 216 38 provisorisk
1163 1447 122 40 åtgärd
1304 1449 11 29 i
1337 1450 174 30 avvaktan
1530 1452 46 39 på
1595 1461 42 21 en

149 1492 218 31 omfattande
384 1494 153 40 vårdlag.
571 1496 259 31 Motionärerna
848 1498 195 32 fortsätter:

193 1555 186 43 Intagning
404 1568 42 21 av
469 1561 343 32 narkotikaskadade
837 1565 44 38 på
906 1565 217 39 psykiatrisk
1147 1567 114 30 klinik
1286 1569 83 29 eller
1393 1571 244 29 motsvarande

149 1600 91 30 löser
254 1602 73 30 inte
341 1603 44 39 på
400 1604 96 40 långt
511 1606 64 29 när
589 1607 260 31 vederbörande
862 1610 190 39 patienters
1068 1612 156 39 problem
1241 1615 85 28 utan
1341 1614 146 31 innebär
1502 1616 135 30 huvud-

149 1646 158 40 sakligen
332 1657 42 20 en
399 1650 177 39 temporär
601 1652 145 30 lättnad.
797 1654 109 30 Dessa
932 1655 171 31 klinikers
1128 1657 259 41 huvudsakliga
1411 1661 138 39 uppgift
1575 1662 62 29 bör

147 1699 85 21 vara
249 1693 50 28 att
319 1692 101 40 åtaga
440 1694 50 39 sig
509 1696 251 31 narkotikafall
780 1707 75 21 som
875 1700 160 30 akutfall.
1055 1701 231 32 Eftervården
1305 1704 112 30 måste
1436 1705 52 30 till
1509 1706 127 30 största

148 1735 100 29 delen
269 1736 177 41 förläggas
464 1739 53 29 till
538 1740 111 30 andra
669 1742 238 31 institutioner
928 1746 64 28 och
1013 1746 148 39 miljöer.

192 1783 268 40 Möjligheterna
482 1785 53 30 till
559 1786 175 30 eftervård
758 1788 38 29 är
820 1788 89 30 dock
932 1799 48 20 nu
1004 1791 138 39 mycket
1166 1792 215 39 begränsade
1405 1794 64 30 och
1493 1796 68 29 alla
1584 1805 52 21 re-

149 1836 117 21 surser
284 1828 111 30 måste
414 1830 108 30 sättas
540 1830 36 30 in
595 1831 55 30 för
668 1834 49 28 att
736 1833 83 30 ernå
838 1842 42 21 en
899 1835 277 41 ändamålsenlig
1194 1837 138 41 lösning
1351 1848 43 21 av
1411 1839 94 31 detta
1524 1843 112 29 utom-

148 1872 187 40 ordentligt
354 1873 179 41 allvarliga
549 1876 167 39 problem.
734 1877 65 30 Det
816 1879 98 30 torde
931 1889 84 21 vara
1032 1881 213 41 nödvändigt
1264 1885 49 28 att
1331 1884 45 39 på
1394 1884 68 30 sikt
1482 1886 153 30 samord-

147 1925 47 21 na
210 1917 131 30 vården
360 1928 42 20 av
419 1920 234 30 narkomaner
671 1922 65 29 och
754 1924 428 32 narkotikamissbrukare
1200 1928 80 29 med
1298 1929 337 39 nykterhetsvården

146 1961 66 29 och
242 1962 177 40 samtidigt
450 1965 158 30 avsevärt
638 1965 172 33 förbättra
838 1969 347 38 nykterhetsvården.
1216 1972 64 31 Det
1310 1975 130 30 norska
1470 1972 164 48 systemet

146 2006 107 30 borde
277 2007 180 41 därvidlag
479 2009 10 30 i
514 2009 208 41 tillämpliga
746 2012 95 30 delar
864 2014 123 30 kunna
1011 2016 122 39 utgöra
1158 2026 43 20 en
1225 2018 264 41 utgångspunkt
1513 2021 55 30 för
1593 2021 42 30 de

148 2052 150 29 svenska
316 2053 242 31 strävandena.

190 2132 80 29 Med
292 2132 78 30 stöd
392 2142 43 21 av
455 2134 57 29 det
535 2135 148 30 anförda
704 2137 202 31 hemställer
928 2140 261 31 motionärerna
1211 2145 70 28 »att
1303 2144 189 40 riksdagen
1512 2146 13 29 i
1548 2147 86 29 skri-

145 2185 92 29 velse
255 2185 53 30 till
326 2186 126 40 Kungl.
472 2188 105 40 Maj:t
596 2189 107 30 måtte
722 2192 111 29 uttala
850 2193 67 29 vad
934 2193 11 29 i
964 2193 230 33 förevarande
1210 2197 134 30 motion
1362 2199 167 30 anförts».

191 2237 37 35 4)
251 2238 14 30 I
283 2239 178 30 motionen
478 2241 32 28 I:
526 2241 84 30 1050
629 2244 231 31 aktualiseras
879 2246 124 40 frågan
1020 2257 56 21 om
1094 2250 116 29 rätten
1228 2252 49 28 att
1296 2251 183 31 kvarhålla
1496 2261 43 21 en
1556 2262 79 21 nar-

146 2295 293 42 kotikaförgiftad
464 2308 75 21 som
563 2300 158 40 frivilligt
744 2302 134 31 inställt
903 2304 51 40 sig
978 2304 55 30 för
1056 2305 95 31 vård.
1176 2307 54 29 En
1254 2307 109 30 sådan
1387 2309 133 39 patient
1545 2311 89 29 skall

147 2353 215 31 omedelbart
384 2355 135 31 skrivas
541 2358 38 28 ut
602 2358 64 29 när
687 2358 70 30 han
781 2359 37 30 så
841 2360 139 31 önskar.
1003 2360 94 32 Även
1119 2372 57 20 om
1197 2363 131 31 vården
1351 2365 65 30 och
1438 2366 195 31 rehabilite-

146 2409 225 41 ringsmiljön
390 2412 38 29 är
446 2413 137 39 perfekt
603 2414 106 40 enligt
727 2416 210 40 vedertagna
956 2426 149 28 normer,
1124 2419 148 31 innebär
1290 2421 106 40 enligt
1415 2423 218 31 motionären

148 2477 43 19 en
211 2468 223 41 utskrivning
450 2470 12 29 i
483 2470 101 30 dessa
603 2471 63 29 fall
685 2472 75 29 ofta
779 2482 42 20 en
842 2473 157 41 allvarlig
1018 2475 77 29 fara
1114 2476 55 29 för
1189 2479 50 27 att
1259 2478 178 39 patienten
1457 2479 176 31 återfaller

145 2524 11 30 i
187 2525 377 32 narkotikamissbruk.
596 2528 219 31 Motionären
844 2529 182 41 efterlyser
1055 2533 79 29 med
1165 2533 139 40 hänsyn
1333 2535 119 30 härtill
1482 2532 150 49 tillämp-
