2163 2611
320 177 20 30 4
798 168 90 29 Stats-
899 154 157 47 Utskottets
1070 161 147 29 Utlåtande
1239 158 55 27 N:o
1319 158 48 26 68.

883 307 394 48 Reservation:

412 454 34 32 af
458 452 113 32 Herrar
586 450 79 31 Liss
684 446 79 43 Olof
787 445 168 34 Larsson,
975 438 79 33 Carl
1069 437 184 38 Ifvarsson,
1272 432 45 31 P.
1336 431 36 31 O.
1389 426 188 41 Hörnfeldt,
1596 425 68 31 Jan
1678 422 200 32 Andersson,

270 509 63 33 Ola
361 509 132 30 Bosson
521 503 127 37 Olsson,
680 500 35 31 J.
743 499 47 31 E.
821 497 187 31 Johansson
1035 490 58 34 och
1120 489 41 31 L.
1192 488 34 31 J.
1256 483 200 36 Fahlander,
1488 479 103 32 hvilka
1619 475 112 41 ansågo
1754 472 123 42 frågan,

268 560 152 34 huruvida
448 558 100 33 staten
574 554 93 33 borde
695 551 118 33 befatta
841 549 47 41 sig
915 546 70 33 med
1012 544 89 40 inköp
1130 541 33 32 af
1188 536 209 44 skogbärande
1425 534 74 32 eller
1517 532 49 33 till
1586 527 196 42 skogsodling
1800 525 79 42 tjen-

267 616 45 40 lig
352 613 98 36 mark,
491 610 66 32 icke
586 616 73 23 vara
687 604 34 33 så
748 601 119 38 utredd,
898 601 46 31 att
971 596 100 34 medel
1098 595 45 32 för
1170 592 109 33 sådant
1307 587 142 34 ändamål
1476 595 40 22 nu
1543 583 94 33 borde
1665 580 129 32 afsättas
1823 579 56 31 och

267 667 100 31 derför
407 663 123 42 yrkade,
565 661 45 30 att
638 657 157 33 Utskottet
822 654 107 36 måtte,
959 652 74 29 utan
1061 649 46 30 att
1133 649 141 28 närmare
1302 641 97 32 utlåta
1427 640 48 39 sig
1502 638 81 31 öfver
1611 631 211 35 användandet
1850 631 32 31 af

267 719 38 32 de
346 716 110 38 medel,
499 723 67 24 som
594 719 110 34 genom
733 706 177 42 försäljning
939 703 32 32 af
995 697 231 45 ifrågavarande
1253 693 177 43 lägenheter
1456 691 122 31 komme
1606 687 45 32 att
1678 684 117 42 inflyta,
1825 692 53 22 en-

267 772 70 32 dast
377 769 99 33 uttala
517 767 56 31 den
601 763 134 39 mening,
766 762 45 30 att
838 756 134 34 nämnda
999 753 100 33 medel
1127 751 65 32 icke
1210 748 102 34 "borde
1340 744 156 34 användas
1523 741 49 33 till
1598 737 128 44 löpande
1753 735 127 42 utgifter

266 824 74 32 utan
374 822 107 33 ställas
509 818 49 34 till
585 816 192 39 Riksdagens
805 809 176 43 förfogande
1009 808 45 31 för
1082 805 46 32 att
1154 803 49 32 till
1230 801 93 32 annat
1351 794 231 42 allmännyttigt
1610 790 141 34 ändamål
1778 789 100 31 kunna

268 876 187 41 disponeras,
500 872 56 33 och
597 870 46 32 att
683 866 117 33 således
842 873 94 23 mom.
965 862 19 31 b
1013 860 33 31 af
1070 856 171 34 Utskottets
1269 850 184 35 hemställan
1481 847 94 32 måtte
1603 844 115 33 erhålla
1745 836 132 50 följande

265 928 131 42 lydelse:

678 973 46 33 att
755 969 176 41 Riksdagen
958 964 96 34 måtte
1081 962 130 38 besluta,
1242 958 50 32 det
1320 956 36 32 de
1384 953 110 39 medel,
1525 960 66 23 som
1619 957 110 34 genom
1757 954 119 24 samma

678 1023 176 42 försäljning
881 1019 117 41 inflyta,
1029 1016 85 32 skola
1142 1014 32 32 af
1199 1009 242 35 Stats-kontoret
1458 1006 152 32 levereras
1629 1002 48 32 till
1696 998 179 42 Riksgälds-

680 1076 139 34 kontoret
860 1074 46 32 att
946 1071 52 32 der
1040 1066 145 34 särskildt
1224 1063 152 36 bokföras,
1420 1059 80 31 intill
1529 1057 67 31 dess
1624 1052 175 41 Riksdagen
1827 1059 51 25 om

680 1132 174 30 desammas
884 1122 197 35 användande
1109 1119 92 31 fattat
1228 1116 112 32 beslut.
