2220 2616
412 115 40 31 84
634 126 5 5 :
871 121 251 35 Statsutskottets
1148 125 163 33 utlåtande
1333 128 53 31 Nr
1410 130 21 30 7
1444 130 41 31 A.

366 196 124 34 såsom
533 196 204 49 påtagligt,
783 202 54 31 att
879 199 125 37 därest
1032 202 256 49 utredningen
1318 205 120 37 skulle
1467 208 241 51 ådagalägga
1744 212 161 38 behovet
1935 229 46 22 av

364 245 228 49 isbrytaren,
622 247 256 38 kostnaderna
920 251 128 37 härför
1076 252 115 38 borde
1221 256 164 37 fördelas
1414 261 59 46 på,
1504 260 164 37 förutom
1699 270 135 43 staten,
1864 272 115 30 samt-

364 297 79 47 liga
486 297 44 36 de
573 298 237 49 kommuner,
856 301 116 50 bolag
1013 304 91 37 eller
1133 307 118 36 andra
1281 308 275 51 affärsföretag,
1586 312 101 37 vilka
1716 316 125 37 kunde
1870 332 109 23 anses

363 347 99 37 hava
507 354 55 31 ett
603 364 104 23 mera
752 354 208 48 väsentligt
1001 356 159 38 intresse
1189 372 48 22 av
1267 365 54 30 att
1349 362 185 48 åtgärden
1563 364 11 35 i
1603 365 109 49 fråga
1742 368 150 38 komme
1922 371 57 36 till

364 400 123 36 stånd.

487 453 59 35 Av
575 453 72 36 den
676 468 51 23 nu
758 457 150 36 utförda
936 459 254 51 utredningen
1220 463 179 48 framgår,
1430 471 55 30 att
1513 467 46 36 de
1587 469 279 50 myndigheter,
1895 487 82 23 som

360 508 119 43 yttrat
508 504 60 49 sig
596 510 91 32 över
718 507 191 49 förslaget,
940 512 178 48 samtliga
1146 519 127 31 ansett
1302 516 60 48 sig
1391 516 102 45 böra,
1524 531 60 23 om
1614 521 113 35 också
1756 521 11 36 i
1797 523 94 37 visst
1911 525 65 36 fall

361 555 84 35 med
476 556 138 37 tvekan
646 559 163 37 rörande
837 560 241 51 lämpligaste
1107 564 229 50 tidpunkten
1353 568 58 36 för
1431 569 203 50 förslagets
1655 572 320 52 förverkligande,

360 607 167 36 vitsorda
556 608 164 37 behovet
749 625 47 21 av
824 612 186 50 isbrytare
1040 615 57 36 för
1140 618 412 50 seglationsperiodens
1581 623 258 52 förlängning.
1883 628 93 37 Där-

359 664 100 30 emot
488 659 68 36 har
585 661 61 36 det
674 661 100 36 visat
803 664 71 48 sig,
904 671 54 30 att
987 679 47 23 en
1063 667 60 37 hel
1144 669 61 36 del
1226 670 145 37 mindre
1393 672 150 50 företag
1562 679 179 33 ävensom
1762 678 46 36 de
1829 680 147 37 mindre

358 710 176 36 städerna
562 712 82 36 icke
675 720 123 31 ansett
827 716 60 48 sig
915 717 49 36 ha
993 721 40 33 så
1062 724 100 32 stora
1191 721 189 38 intressen
1397 737 46 23 av
1463 725 325 51 isbrytarfrågans
1807 731 166 50 lösning,

358 767 55 30 att
442 761 46 37 de
516 764 102 35 velat
659 765 243 39 ekonomiskt
943 769 162 50 bidraga
1140 772 56 36 till
1227 774 490 51 anskaffningskostnaden.
1775 782 198 39 Likaledes

358 812 96 37 hava
483 815 101 36 vissa
626 817 127 36 städer
795 818 165 50 betonat,
992 828 55 30 att
1075 822 45 37 de
1149 824 63 36 vid
1243 826 98 36 ökad
1371 828 236 38 vintertrafik
1635 844 90 24 vore
1756 834 218 38 nödsakade

356 865 173 36 anskaffa
571 867 90 37 eller
703 869 155 50 förhyra
897 885 99 35 egen
1038 874 100 37 lokal
1181 876 199 50 isbrytare,
1418 880 130 36 varför
1577 882 44 36 de
1650 897 46 22 av
1725 885 248 39 ekonomiska

356 916 81 36 skäl
466 917 84 37 icke
579 922 90 42 sågo
700 921 62 48 sig
789 922 11 34 1
831 924 108 36 stånd
971 930 56 31 att
1055 926 159 50 bidraga
1243 929 56 36 till
1328 930 121 49 själva
1478 931 353 53 Vänerisbrytaren.
1888 939 82 37 Den

354 968 184 49 teckning
580 971 84 36 från
706 973 185 50 enskilda,
923 989 82 24 som
1035 978 160 38 kommit
1224 981 57 36 till
1311 982 121 49 stånd,
1466 986 189 47 uppgives
1684 988 130 37 därför
1841 995 130 45 uppgå

353 1020 58 35 till
444 1044 43 3 —
517 1021 12 36 1
558 1023 124 36 stället
724 1025 59 36 för
826 1026 71 37 den
927 1042 46 22 av
1009 1031 408 50 vattenfallsstyrelsen
1449 1036 201 38 förutsatta
1678 1039 111 38 halva
1818 1041 152 51 inköps-

353 1071 212 38 kostnaden
608 1074 58 36 för
708 1076 215 50 isbrytaren
965 1081 90 35 eller
1097 1084 165 46 200,000
1305 1085 142 38 kronor
1487 1110 51 4 —
1584 1091 178 49 omkring
1803 1095 166 46 200,000

353 1122 152 38 kronor.
561 1125 74 36 Det
676 1141 52 22 nu
771 1129 266 50 föreliggande
1066 1133 183 49 förslaget
1277 1136 158 38 innebär
1464 1139 170 47 sålunda,
1664 1148 57 31 att
1754 1146 214 37 återstoden

353 1188 46 22 av
426 1175 63 37 det
517 1176 217 39 beräknade
763 1180 258 51 inköpspriset
1049 1184 90 37 eller
1168 1188 167 46 800,000
1365 1189 141 38 kronor
1535 1192 122 37 skulle
1679 1194 89 38 falla
1788 1199 48 46 på
1856 1203 111 32 stats-

351 1227 143 37 verket.

481 1279 17 35 I
527 1280 120 37 likhet
689 1283 84 36 med
815 1284 142 51 Kungl.
998 1287 109 50 Maj:t
1136 1289 120 37 håller
1287 1292 182 38 utskottet
1498 1295 91 48 före,
1620 1303 53 30 att
1703 1300 264 39 anskaffandet

351 1330 59 36 för
438 1331 154 37 Vänern
621 1346 47 23 av
698 1347 47 23 en
773 1335 188 50 isbrytare
990 1340 86 36 med
1105 1342 165 47 ungefär
1298 1344 46 36 de
1373 1345 264 51 dimensioner,
1668 1350 183 50 förslaget
1871 1367 94 37 upp-

349 1387 118 43 tager,
497 1384 102 35 inom
630 1398 46 22 en
706 1391 91 32 nära
825 1388 184 49 liggande
1039 1391 52 37 tid
1121 1393 97 36 skall
1237 1395 84 36 visa
1341 1396 61 48 sig
1421 1398 176 50 lämpligt
1617 1402 70 36 och
1708 1403 254 51 erforderligt.

348 1432 197 39 Utskottet
586 1436 69 36 har
697 1437 98 37 dock
838 1439 82 37 icke
962 1455 47 22 av
1038 1443 72 36 vad
1139 1444 11 35 i
1179 1445 117 37 saken
1327 1448 193 50 andragits
1549 1451 91 37 känt
1668 1454 62 49 sig
1762 1460 202 46 övertygat

349 1497 72 32 om,
457 1490 55 32 att
540 1488 235 38 omedelbart
795 1490 116 51 inköp
931 1497 40 32 är
986 1497 41 33 så
1042 1497 224 48 trängande,
1284 1503 55 31 att
1354 1499 83 37 icke
1452 1507 53 31 ett
1520 1504 176 48 uppskov
1712 1506 156 38 därmed
1888 1509 75 37 kan

346 1542 90 31 utan
480 1540 180 36 avsevärd
706 1541 204 49 olägenhet
951 1550 72 43 äga
1064 1560 94 24 rum.
1211 1549 60 35 Av
1313 1551 256 50 utredningen
1612 1569 114 35 synes
1769 1560 193 49 nämligen

346 1588 161 50 framgå,
538 1596 53 30 att
619 1591 137 38 hittills
786 1595 257 48 seglationens
1070 1599 200 38 försenade
1291 1604 203 48 öppnande
1514 1606 89 37 eller
1623 1608 83 37 dess
1729 1610 232 50 avbrytande

346 1639 11 36 i
392 1640 208 38 allmänhet
643 1643 135 49 berott,
821 1646 82 37 icke
942 1651 49 46 på
1033 1650 181 49 ishinder,
1245 1658 91 32 utan
1365 1658 48 46 på
1443 1662 53 31 att
1523 1658 163 38 lönande
1715 1661 247 53 befraktning

348 1692 166 37 saknats.
570 1694 138 38 Därest
736 1697 12 35 i
777 1698 235 38 sistnämnda
1054 1703 188 37 avseende
1286 1719 46 22 en
1376 1707 226 52 förändring
1629 1713 200 49 verkligen
1856 1716 104 37 inom

346 1742 72 37 den
461 1749 190 34 närmaste
694 1748 104 37 tiden
843 1750 100 37 visar
989 1753 61 49 sig
1090 1754 161 49 inträda,
1290 1758 108 36 torde
1426 1759 128 38 därför
1582 1763 11 35 i
1621 1764 78 36 viss
1728 1762 232 60 omfattning

345 1796 241 47 seglationen
628 1799 12 35 i
668 1800 104 48 regel
813 1801 128 38 kunna
983 1807 210 36 utsträckas
1235 1813 96 32 även
1359 1815 91 32 utan
1480 1812 72 37 den
1580 1828 50 23 nu
1658 1816 224 49 ifrågasatta
1909 1821 49 35 is-

342 1846 192 49 brytaren.
592 1849 49 37 Så
681 1857 122 42 yttrar
844 1856 417 51 vattenfallsstyrelsen,
1304 1866 76 32 »att
1421 1877 88 23 man
1543 1866 57 36 får
1628 1867 193 38 dessutom
1851 1871 31 48 ej
1916 1885 42 23 ur

342 1898 72 36 den
443 1899 305 40 hittillsvarande
791 1905 214 39 statistiken
1035 1921 59 24 om
1124 1911 256 47 seglationens
1409 1918 201 46 öppnande
1644 1920 71 36 och
1745 1924 211 46 stängande

342 1950 61 36 vid
433 1951 342 40 Vänerhamnarna
804 1957 98 36 sluta
931 1959 59 48 sig
1019 1960 68 48 till,
1118 1968 53 30 att
1200 1963 64 37 det
1285 1965 103 36 alltid
1409 1967 98 36 varit
1526 1969 333 53 isförhållandena,
1876 1988 79 23 som

341 2002 81 48 lagt
451 2003 135 37 hinder
614 2006 11 35 i
653 2011 124 44 vägen
820 2009 58 36 för
918 2011 134 49 längre
1094 2014 200 49 seglation,
1325 2022 51 44 ty,
1407 2021 124 35 såsom
1574 2034 96 24 ovan
1701 2025 157 49 anförts,
1888 2027 68 37 har

342 2053 183 38 kanalens
555 2059 202 46 öppnande
786 2061 69 35 och
884 2065 211 46 stängande
1123 2065 12 36 i
1164 2067 208 38 allmänhet
1399 2073 48 45 på
1477 2072 159 38 förhand
1666 2077 99 35 varit
1785 2076 168 39 bestämd

341 2105 56 36 till
425 2106 77 36 viss
532 2108 142 46 datum,
706 2110 75 45 och
804 2112 63 37 vid
896 2113 123 38 denna
1048 2117 180 49 tidpunkt
1256 2120 68 36 har
1352 2121 126 37 därför
1498 2125 158 37 trafiken
1676 2130 48 45 på
1745 2128 209 39 hamnarna

339 2157 185 38 minskats
553 2159 11 36 i
594 2163 40 33 så
663 2161 80 49 hög
771 2164 107 48 grad,
909 2170 55 32 att
992 2167 64 36 det
1087 2168 82 37 icke
1199 2172 98 36 varit
1316 2173 163 38 lönande
1508 2181 54 31 att
1590 2177 132 50 längre
1752 2180 100 37 hålla
1880 2182 73 37 den

338 2207 11 36 i
378 2212 117 47 gång,
526 2216 96 33 även
652 2226 61 23 om
742 2214 74 37 den
844 2217 82 36 icke
955 2218 10 36 i
995 2222 127 49 någon
1151 2224 213 36 nämnvärd
1393 2227 95 48 grad
1519 2229 97 36 varit
1646 2230 160 39 hindrad
1835 2246 46 24 av
1908 2234 41 38 is.
