1896 2802
68 1436 95 25 Andra
178 1436 75 24 kam-

53 1479 110 17 marens
183 1472 85 31 första

63 1507 135 32 tillfälliga
220 1509 39 22 ut-

121 1543 81 25 skott.

279 171 37 29 12
408 171 122 30 Första
545 171 222 30 kammarens
783 172 15 37 f
812 173 50 28 ör
874 175 74 27 sta
965 172 173 39 tillfälliga
1155 173 147 30 utskotts
1320 173 176 31 utlåtande
1513 184 42 20 nr
1574 175 50 30 13.

273 263 39 28 är
337 265 51 27 att
416 263 85 29 söka
527 263 9 28 i
565 261 218 39 svårigheten
808 265 50 27 att
886 262 130 30 erhålla
1039 262 251 39 upplysningar
1311 262 46 39 på
1379 263 208 30 hithörande
1610 263 153 31 område.

274 314 159 31 Orsaken
446 315 50 30 till
511 315 66 30 den
590 314 186 31 bestående
789 315 330 39 överbefolkningen
1134 315 46 39 på
1195 316 41 29 de
1251 316 227 30 akademiska
1492 317 157 30 banorna
1665 317 99 30 torde

274 371 88 27 mest
383 377 84 21 vara
488 371 48 27 att
557 368 86 30 söka
664 368 10 29 i
697 368 280 39 oemottaglighet
999 368 56 30 för
1075 369 250 38 upplysningar
1348 370 66 29 och
1438 370 112 29 denna
1574 373 187 36 oemottag-

274 420 107 39 lighet
407 419 73 31 åter
504 421 139 30 bottnar
668 421 12 30 i
705 421 67 30 den
797 421 149 39 alltjämt
971 421 233 30 kvarlevande
1231 422 125 30 sociala
1383 422 310 39 övervärderingen
1721 432 43 21 av

274 474 67 30 den
362 474 219 30 akademiskt
604 474 144 30 skolade
770 474 262 30 arbetskraften.
1068 474 67 30 Vid
1157 475 240 30 betraktandet
1421 485 43 20 av
1487 475 275 31 missförhållan-

276 527 55 30 det
363 528 130 29 mellan
524 526 142 40 tillgång
698 528 66 29 och
786 527 211 39 efterfrågan
1018 527 46 39 på
1084 528 218 30 akademiskt
1325 528 122 30 skolad
1468 529 212 30 arbetskraft
1701 529 64 30 bör

276 580 212 36 observeras,
513 583 49 28 att
584 581 68 30 den
676 581 10 29 i
710 579 152 40 anspråk
887 584 103 35 tagna
1014 580 256 31 arbetskraften
1294 581 153 39 tillägges
1473 591 42 20 en
1540 585 71 27 stor
1636 582 128 30 arbets-

275 633 124 30 börda:
421 632 141 40 fåtaliga
582 634 112 29 lärare
714 634 11 29 i
745 633 56 30 för
820 636 93 28 stora
932 634 140 36 klasser,
1093 634 42 30 de
1155 642 93 31 unga
1268 634 306 39 tingsnotariernas
1594 636 66 29 och
1681 635 84 30 hov-

275 686 290 39 rättsjuristernas
591 686 204 31 svindlande
819 687 235 35 arbetsbörda,
1082 687 42 30 de
1149 695 92 30 unga
1265 688 165 29 läkarnas
1455 688 125 30 nästan
1606 688 159 38 ständiga

276 739 190 39 jourtjänst
490 740 64 29 och
580 739 81 38 inga
686 740 186 38 vilodagar,
899 740 85 30 brist
1008 739 46 40 på
1079 740 210 30 arbetskraft
1315 740 10 30 i
1352 741 68 29 den
1445 741 154 30 centrala
1624 741 141 30 förvalt-

275 792 139 39 ningen.
448 792 74 30 Den
540 792 248 31 intellektuella
806 793 351 30 arbetsmarknadens
1179 793 157 30 formella
1358 794 113 29 behov
1491 803 42 21 av
1554 793 212 31 arbetskraft

278 846 39 30 är
338 844 147 32 sålunda
506 848 46 27 ett
574 849 107 27 annat
703 847 46 29 än
769 846 77 30 dess
868 846 162 39 verkliga.
1066 846 69 30 För
1156 847 217 30 närvarande
1394 847 40 29 är
1455 846 104 40 enligt
1582 847 184 38 styrelsens

277 898 142 39 mening
445 899 93 29 tiden
563 898 76 31 icke
664 907 126 31 mogen
816 899 56 30 för
897 902 49 27 att
972 899 127 39 begära
1127 900 284 29 statsmakternas
1438 900 214 30 medverkan
1678 900 11 30 i
1717 899 49 31 åt-

278 952 124 38 gärder
424 951 55 30 för
501 951 198 39 främjande
719 962 43 20 av
785 953 68 29 den
875 953 206 29 studerande
1104 953 215 38 ungdomens
1342 952 230 39 förnuftigare
1596 953 170 38 yrkesval.

278 1004 53 30 En
348 1004 154 39 objektiv
520 1005 310 39 yrkesvägledning
848 1009 114 27 tarvas
980 1009 85 27 utan
1083 1005 102 31 tvivel
1204 1006 65 29 och
1288 1005 145 31 sålunda
1453 1015 42 20 en
1514 1003 253 42 intensifiering

278 1067 42 21 av
340 1058 69 30 vad
428 1067 74 20 som
522 1058 55 30 för
595 1058 218 30 närvarande
833 1058 79 30 sker
929 1059 11 29 i
958 1059 83 30 liten
1060 1059 67 30 och
1147 1068 95 21 mera
1263 1059 181 38 sporadisk
1464 1059 101 30 form.

321 1114 169 31 Fredrika
510 1114 329 38 Bremerförbundet
858 1124 102 21 anser
979 1116 56 29 det
1054 1115 11 30 i
1085 1115 177 31 motionen
1283 1115 196 39 framlagda
1500 1115 164 38 förslaget
1684 1123 82 21 vara

278 1177 43 21 av
342 1168 116 30 värde.
494 1167 63 31 Det
579 1168 65 29 bör
664 1168 91 30 dock
777 1168 215 30 undersökas
1015 1169 10 29 i
1048 1169 118 29 vilken
1187 1168 239 39 utsträckning
1449 1168 253 38 upplysningar
1724 1176 44 21 av

277 1221 67 29 den
368 1224 53 27 art
445 1220 176 31 motionen
644 1230 100 21 avser
766 1221 109 30 redan
898 1221 118 31 kunna
1041 1221 176 31 inhämtas
1242 1230 124 30 genom
1391 1222 41 29 de
1458 1220 213 39 förefintliga
1697 1222 68 27 stu-

277 1273 389 39 dentförmedlingarna.
704 1273 125 31 Vidare
852 1274 134 31 erinrar
1009 1274 189 31 förbundet
1222 1284 57 20 om
1304 1275 68 30 den
1397 1273 267 39 framställning,
1691 1282 75 21 som

278 1327 139 38 gjordes
434 1327 109 30 under
562 1327 371 30 studentkonferensen
952 1328 10 29 i
982 1327 201 31 Stockholm
1203 1328 10 30 i
1233 1328 153 30 februari
1405 1326 129 31 månad
1553 1327 9 30 i
1583 1326 48 36 år,
1651 1326 10 30 i
1681 1327 85 29 nära

277 1381 341 29 överensstämmelse
638 1381 80 29 med
737 1380 194 31 motionens
951 1381 165 38 yrkande.

320 1437 120 30 Andra
474 1437 222 31 kammarens
731 1438 130 31 utskott
896 1439 64 29 har
985 1439 10 30 i
1020 1439 56 30 sitt
1101 1440 80 29 över
1205 1440 176 29 motionen
1406 1440 146 38 avgivna
1577 1439 187 33 utlåtande,

276 1499 43 21 nr
340 1490 29 37 7,
392 1490 117 30 anfört
531 1490 168 39 följande:

323 1543 172 31 Utskottet
517 1544 94 29 delar
633 1544 235 31 motionärens
890 1545 223 39 uppfattning
1136 1555 57 20 om
1216 1549 48 27 att
1287 1556 41 20 en
1350 1547 111 30 bättre
1483 1548 208 39 vägledning
1713 1548 56 30 för

277 1596 202 38 ungdomen
500 1596 58 31 vid
579 1597 77 30 dess
679 1598 56 29 val
757 1606 43 21 av
821 1598 235 31 levnadsbana
1078 1599 64 29 bör
1165 1598 249 40 åvägabringas
1438 1601 64 29 och
1527 1601 167 30 hänvisar
1716 1601 51 30 till

277 1650 68 29 vad
366 1649 167 31 utskottet
552 1649 193 31 framhållit
766 1651 10 29 i
799 1650 57 31 sitt
876 1650 180 31 utlåtande
1075 1661 44 20 nr
1139 1652 20 30 6
1181 1652 10 30 i
1212 1653 186 38 anledning
1421 1662 43 21 av
1484 1653 134 31 motion
1639 1663 43 21 nr
1703 1655 64 29 219

277 1701 179 40 angående
478 1703 208 39 vidtagande
708 1713 42 21 av
773 1703 159 39 åtgärder
955 1704 55 30 för
1031 1714 43 21 en
1096 1704 259 31 effektiviserad
1377 1706 311 40 yrkesvägledning
1712 1707 56 30 för

276 1756 166 38 ungdom.
476 1755 74 31 Vad
573 1757 107 38 gäller
701 1757 68 29 den
791 1758 207 30 studerande
1019 1758 200 38 ungdomen
1242 1758 53 30 får
1317 1759 166 30 utskottet
1506 1759 188 31 framhålla
1717 1763 49 27 att

276 1817 147 22 numera
449 1818 43 20 en
516 1809 67 30 viss
609 1808 205 41 rådgivning
840 1810 58 30 vid
925 1811 163 30 skolorna
1113 1811 199 39 visserligen
1337 1812 244 36 förekommer,
1609 1823 81 20 men
1717 1816 49 27 att

277 1862 115 30 denna
414 1862 77 30 icke
511 1862 71 30 kan
602 1872 101 20 anses
726 1872 83 21 vara
831 1863 50 30 till
904 1863 115 39 fyllest
1040 1864 56 30 för
1118 1867 50 28 att
1190 1865 199 38 ungdomen
1412 1866 87 29 skall
1523 1865 36 31 få
1581 1866 186 39 tillräcklig

276 1915 218 39 vägledning.
529 1915 247 39 Noggrannare
798 1916 207 40 orientering
1027 1918 151 29 rörande
1199 1918 92 30 olika
1314 1918 219 39 möjligheter
1554 1919 51 29 till
1628 1919 139 30 fortsatt

276 1968 197 39 utbildning
493 1969 64 29 bör
576 1969 177 30 meddelas
774 1970 65 29 och
861 1979 42 20 en
923 1970 112 30 bättre
1054 1970 149 30 kontakt
1223 1972 128 29 mellan
1372 1972 97 29 skola
1490 1972 65 30 och
1577 1972 81 29 hem
1680 1981 85 30 upp-

277 2022 118 35 rättas,
420 2020 37 31 så
479 2024 49 27 att
550 2020 206 41 rådgivning
778 2023 81 29 med
880 2023 137 38 hänsyn
1039 2023 50 30 till
1113 2023 287 39 förutsättningar
1422 2025 66 29 och
1512 2025 168 30 intressen
1702 2025 65 30 hos

276 2074 158 31 eleverna
455 2075 65 29 och
541 2074 194 31 utsikterna
754 2074 45 39 på
819 2076 93 30 olika
933 2076 111 29 banor
1064 2076 70 30 kan
1156 2077 65 38 äga
1241 2087 77 20 rum
1338 2078 110 30 redan
1467 2077 45 39 på
1532 2077 145 39 tidigare
1700 2081 65 27 sta-

277 2127 96 30 dium
392 2136 42 21 av
453 2127 179 30 skoltiden.
664 2128 129 30 Därvid
810 2128 64 30 bör
892 2129 56 30 det
965 2139 82 20 vara
1065 2130 179 38 angeläget
1262 2133 48 27 att
1329 2129 79 31 från
1428 2131 139 30 skolans
1588 2131 75 31 sida
1682 2131 84 31 söka

276 2180 181 30 motverka
477 2181 93 29 ännu
591 2180 289 32 förekommande
900 2183 265 38 övervärdering
1185 2192 42 21 ur
1247 2183 104 30 social
1373 2184 176 38 synpunkt
1570 2194 43 20 av
1634 2185 42 29 de
1698 2187 68 27 teo-

276 2233 129 30 retiska
428 2234 175 30 studierna
625 2235 66 28 och
715 2234 42 30 de
776 2235 263 36 levnadsbanor,
1063 2235 57 30 för
1141 2236 94 30 vilka
1257 2236 98 30 dessa
1378 2237 130 29 studier
1529 2238 62 29 äro
1611 2238 154 31 nödvän-

276 2285 89 39 diga.
398 2286 53 29 En
482 2286 153 39 objektiv
664 2287 206 39 vägledning
901 2288 56 30 för
987 2289 66 29 den
1086 2289 208 30 studerande
1323 2290 200 38 ungdomen
1553 2290 64 30 bör
1648 2290 119 30 vidare

276 2340 136 38 grunda
435 2339 50 39 sig
506 2339 45 39 på
573 2340 218 39 tillförlitliga
813 2341 505 39 arbetsmarknadsprognoser,
1343 2342 38 30 så
1403 2346 49 26 att
1475 2343 292 39 tillströmningen

276 2391 50 31 till
343 2391 95 31 olika
455 2392 317 39 utbildningslinjer
788 2394 65 29 och
871 2394 111 38 yrken
998 2394 72 30 kan
1086 2394 143 31 komma
1247 2398 48 27 att
1313 2394 37 31 få
1367 2398 47 27 ett
1432 2396 165 30 önskvärt
1616 2396 148 38 förlopp.

276 2444 48 31 På
347 2445 93 31 detta
463 2445 141 31 område
626 2446 66 30 har
713 2447 94 30 ännu
829 2447 77 30 icke
927 2447 160 39 vidtagits
1111 2447 206 40 tillräckliga
1338 2449 174 30 anstalter.
1549 2449 218 30 Motionären
