1850 2778
248 186 19 29 8
541 186 119 30 Andra
681 185 245 40 lagutskottets
947 186 179 30 utlåtande
1146 196 43 20 nr
1207 187 27 28 B
1254 187 19 29 2
1293 187 39 29 år
1353 187 84 29 1958

292 265 116 30 Under
431 265 218 40 åberopande
671 275 42 20 av
735 266 57 29 det
814 266 148 30 anförda
985 266 53 30 får
1062 266 171 30 utskottet
1255 267 196 33 hemställa,

599 336 39 29 A.
662 338 51 28 att
735 336 188 39 riksdagen
944 355 44 2 —
1010 337 79 29 med
1113 336 194 40 förklaring
1331 339 50 28 att
1404 337 187 39 riksdagen
1615 337 119 29 funnit

555 389 71 30 viss
643 389 200 39 ytterligare
862 390 147 39 ändring
1027 390 84 29 böra
1131 390 59 29 ske
1210 390 10 29 i
1240 390 250 39 förordningen
1509 391 66 28 den
1595 391 41 29 30
1655 390 78 39 juni

559 442 80 29 1937
671 443 58 31 (nr
753 442 80 34 655)
862 442 177 39 angående
1064 443 122 39 bidrag
1211 443 79 29 från
1314 443 177 39 landsting
1516 444 63 28 och
1606 444 127 33 städer,

556 504 74 20 som
651 495 30 39 ej
706 495 152 39 deltager
877 496 11 28 i
909 495 186 40 landsting,
1117 496 52 29 till
1190 496 222 30 bestridande
1434 505 42 21 av
1496 497 237 29 kostnaderna

556 548 53 29 för
631 548 84 30 vård
738 549 11 29 i
771 548 91 30 vissa
885 548 62 30 fall
969 549 19 29 å
1011 548 204 30 karolinska
1238 548 187 39 sjukhuset
1448 550 64 29 och
1536 549 197 29 serafimer-

555 601 179 30 lasarettet
771 619 44 3 —
853 601 107 30 måtte
1001 602 53 29 för
1084 602 55 29 sin
1167 602 54 29 del
1250 602 78 29 med
1358 603 117 38 avslag
1505 603 19 29 å
1553 603 178 29 motionen

555 655 43 28 II:
616 655 25 28 B
657 654 50 34 76,
736 654 103 30 såvitt
865 655 76 29 däri
967 655 121 38 yrkats
1115 655 117 39 avslag
1259 655 19 29 å
1304 655 273 39 propositionen,
1605 658 127 36 antaga

554 707 57 29 det
635 708 12 29 i
671 707 262 39 propositionen
958 707 196 39 framlagda
1179 707 166 40 förslaget
1370 709 79 29 med
1475 709 40 29 de
1542 709 190 38 ändringar

554 761 10 28 i
581 761 178 33 rubriken,
775 761 189 38 ingressen,
985 761 13 28 1
1020 760 14 37 $
1052 761 65 29 och
1135 761 503 39 övergångsbestämmelserna
1657 771 74 20 som

555 814 155 38 framgår
738 823 41 20 av
807 813 166 39 följande,
1002 823 74 20 som
1105 814 189 29 utskottets
1323 814 211 30 betecknade
1563 815 131 39 förslag
1721 815 11 28 i

554 867 154 29 nämnda
726 867 95 29 delar
839 867 52 29 till

372 954 144 40 (Kungl.
537 955 124 39 Maj:ts
683 955 149 40 förslag)

493 1036 216 35 Förordning

242 1097 54 19 om
327 1088 132 29 ändrad
492 1089 129 34 lydelse
651 1098 42 20 av
725 1091 17 27 2
774 1090 17 32 8
822 1090 135 29 förord-

241 1132 125 35 ningen
399 1133 66 29 den
497 1134 37 28 30
565 1133 75 35 juni
674 1135 79 28 1937
789 1135 57 31 (nr
877 1135 76 32 655)

241 1178 174 34 angående
442 1178 119 35 bidrag
587 1179 79 28 från
693 1179 173 35 landsting
893 1180 63 28 och

241 1222 122 33 städer,
395 1231 75 20 som
502 1223 31 34 ej
566 1223 134 35 deltaga
732 1224 10 28 i
774 1224 182 35 landsting,

241 1266 50 28 till
322 1266 218 30 bestridande
569 1277 41 19 av
641 1268 231 29 kostnaderna
901 1269 56 29 för

240 1311 81 28 vård
348 1311 11 28 i
384 1311 93 29 vissa
503 1312 60 28 fall
589 1313 19 28 å
633 1312 201 30 karolinska
860 1313 95 35 sjuk-

240 1354 97 29 huset
363 1356 63 27 och
452 1357 355 30 serafimerlasarettet

284 1444 211 39 Härigenom
518 1445 195 36 förordnas,
736 1449 50 28 att
808 1448 18 29 2
850 1447 15 37 $
889 1448 69 29 för-

240 1497 193 39 ordningen
463 1499 67 29 den
559 1499 40 29 30
629 1500 80 38 juni
741 1501 80 29 1937
854 1501 104 39 angå-

240 1550 84 29 ende
349 1550 122 40 bidrag
496 1552 78 29 från
599 1552 177 41 landsting
801 1555 63 28 och
890 1552 67 32 stä-

240 1602 70 34 der,
337 1612 75 20 som
437 1604 31 39 ej
495 1605 135 39 deltaga
656 1606 10 29 i
693 1607 186 40 landsting,
906 1608 51 29 till

240 1656 222 30 bestridande
482 1667 42 20 av
543 1659 236 30 kostnaderna
801 1661 52 29 för
873 1661 84 30 vård

239 1708 11 28 i
277 1709 93 30 vissa
399 1710 61 29 fall
490 1711 19 29 å
537 1712 204 30 karolinska
771 1714 185 38 sjukhuset

240 1762 63 28 och
328 1763 362 32 serafimerlasarettet
713 1767 90 29 skall
826 1767 131 29 erhålla

241 1815 132 29 ändrad
389 1816 129 39 lydelse
533 1818 42 39 på
593 1819 68 29 sätt
677 1820 114 29 nedan
806 1821 150 38 angives.

423 1904 183 33 (Gällande
625 1907 148 38 lydelse)

566 1969 64 36 18.

1185 955 212 33 (Utskottets
1415 956 150 39 förslag)

1268 1035 216 35 Förordning

1018 1096 54 20 om
1092 1088 131 28 ändrad
1243 1088 128 34 lydelse
1389 1097 42 20 av
1453 1089 13 28 1
1488 1089 62 28 och
1570 1090 17 27 2
1609 1089 40 36 $$
1666 1089 70 29 för-

1017 1140 191 35 ordningen
1229 1141 65 29 den
1315 1142 38 28 30
1374 1141 76 34 juni
1472 1143 78 28 1937
1576 1142 58 32 (nr
1654 1143 76 31 655)

1012 1185 174 34 angående
1214 1185 119 35 bidrag
1359 1186 79 29 från
1466 1186 174 36 landsting
1666 1187 63 29 och

1012 1229 123 34 städer,
1153 1238 75 20 som
1246 1230 31 34 ej
1295 1230 133 35 deltaga
1447 1230 10 29 i
1476 1231 183 35 landsting,
1676 1231 53 29 till

1012 1273 219 29 bestridande
1252 1283 40 19 av
1315 1275 231 29 kostnaderna
1567 1276 57 28 för
1644 1276 84 28 vård

1012 1317 10 28 i
1052 1317 92 29 vissa
1174 1318 62 28 fall
1265 1319 20 28 å
1315 1319 201 29 karolinska
1545 1319 185 35 sjukhuset

1012 1362 62 28 och
1095 1362 357 30 serafimerlasarettet

1060 1450 211 39 Härigenom
1285 1450 195 35 förordnas,
1494 1454 49 27 att
1557 1453 14 28 7
1586 1453 63 29 och
1664 1453 18 29 2
1694 1453 39 36 $$

1014 1503 252 40 förordningen
1284 1505 66 28 den
1369 1505 40 29 30
1428 1505 78 39 juni
1528 1506 80 29 1937
1629 1506 105 39 angå-

1014 1556 86 29 ende
1124 1557 122 39 bidrag
1271 1557 79 30 från
1374 1558 177 40 landsting
1576 1560 65 28 och
1667 1560 67 29 stä-

1013 1609 70 34 der,
1110 1619 75 20 som
1210 1610 31 39 ej
1268 1610 136 39 deltaga
1429 1612 11 28 i
1466 1612 187 40 landsting,
1681 1613 50 29 till

1012 1662 223 30 bestridande
1255 1673 42 20 av
1316 1665 236 29 kostnaderna
1573 1666 54 29 för
1647 1666 83 29 vård

1013 1715 11 28 i
1051 1715 94 30 vissa
1173 1716 62 30 fall
1264 1717 18 29 å
1311 1718 204 29 karolinska
1545 1719 187 38 sjukhuset

1013 1769 62 28 och
1099 1769 362 32 serafimerlasarettet
1481 1772 97 29 skola
1599 1772 134 30 erhålla

1014 1821 131 30 ändrad
1162 1822 129 39 lydelse
1306 1823 44 40 på
1367 1825 68 28 sätt
1451 1825 113 29 nedan
1579 1826 151 38 angives.

1181 1912 212 32 (Utskottets
1411 1913 150 39 förslag)

1339 1980 64 35 18.

288 2027 50 29 Då
368 2023 105 54 någon
516 2047 78 4 ——
624 2049 31 2 —
682 2049 35 3 —
743 2050 95 4 ——
861 2052 34 3 —
921 2053 32 3 —
986 2054 27 3 —
1037 2055 18 3 —
1090 2039 123 30 nedan
1235 2037 87 48 sägs.

287 2080 12 28 I
320 2080 97 39 fråga
495 2100 44 3 -—

285 2133 251 41 Vårdbidraget
565 2137 98 34 skall,
692 2142 132 27 oavsett
851 2141 107 30 huru-

238 2186 78 30 vida
334 2187 131 30 vården
485 2190 177 31 meddelas
680 2192 23 29 å
721 2193 156 35 allmänt,
898 2204 57 20 en-

239 2239 81 29 skilt
340 2240 83 30 eller
442 2242 211 31 halvenskilt
673 2254 90 26 rum,
784 2247 54 29 för
858 2248 96 39 varje

237 2292 153 40 vårddag
418 2295 82 38 utgå
527 2297 78 29 med
633 2298 57 29 det
717 2299 135 40 belopp,
880 2310 75 20 var-

237 2346 77 28 med
339 2346 68 29 den
432 2347 54 30 för
512 2349 103 38 sjuka
640 2350 81 30 från
745 2352 210 41 landstings-

237 2398 156 31 området
430 2400 198 31 fastställda
664 2404 292 42 legosängsavgif-

238 2452 56 27 ten
324 2452 19 29 å
375 2453 147 31 allmänt
552 2465 79 20 rum
663 2457 56 30 vid
750 2459 203 31 karolinska

237 2503 187 39 sjukhuset
446 2508 187 40 överstiger
657 2512 49 28 tre
728 2512 140 30 kronor.

1042 2091 258 31 vederbörande
1320 2094 262 38 tjänsteläkare.

1058 2144 252 41 Vårdbidraget
1338 2147 99 34 skall,
1466 2151 132 27 oavsett
1625 2150 108 29 huru-

1010 2197 78 30 vida
1109 2198 130 30 vården
1259 2201 177 30 meddelas
1454 2202 22 29 å
1495 2202 156 35 allmänt,
1672 2212 58 21 en-

1012 2251 81 29 skilt
1114 2252 82 29 eller
1215 2253 212 30 halvenskilt
1447 2264 88 25 rum,
1557 2256 54 29 för
1631 2256 98 39 varje

1010 2303 153 40 vårddag
1191 2306 82 38 utgå
1300 2307 78 29 med
1406 2308 57 29 det
1491 2308 134 40 belopp,
1653 2319 77 19 var-

1011 2357 78 29 med
1114 2357 67 29 den
1206 2358 54 29 för
1285 2359 103 39 sjuka
1414 2360 79 30 från
1519 2361 212 41 landstings-

1010 2409 157 31 området
1204 2411 198 31 fastställda
1437 2414 294 40 legosängsavgif-

1011 2463 57 28 ten
1099 2463 19 29 å
1149 2464 147 30 allmänt
1326 2475 79 20 rum
1436 2467 56 29 vid
1524 2468 203 30 karolinska

1011 2515 187 38 sjukhuset
1219 2518 188 39 överstiger
1428 2520 70 39 fem
1521 2521 140 29 kronor.
