2222 2604
161 766 111 25 Motion
290 766 49 25 vid

183 801 71 24 1883
274 799 47 26 års

187 833 127 33 riksdag.

161 1203 111 25 Motion
290 1203 48 25 vid

183 1238 70 24 1896
272 1235 48 27 års

187 1270 125 32 riksdag.

161 2200 112 25 Motion
291 2199 48 25 vid

184 2235 72 24 1898
275 2232 48 26 års

189 2266 125 32 riksdag.

400 207 18 28 2
562 205 118 31 Första
705 205 205 30 kammarens
927 203 139 39 första
1088 202 177 40 tillfälliga
1288 202 135 30 utskotts
1448 200 170 32 utlåtande
1643 200 50 30 Nr
1717 202 47 28 15.

358 284 188 46 principer,
575 284 91 34 hade
694 295 147 22 numera
869 282 75 35 däri
972 281 91 46 plats
1090 280 149 35 bredvid
1266 279 182 35 varandra.
1495 279 67 33 Ett
1588 277 127 35 sådant
1741 276 224 35 förhållande

359 334 132 35 krävde
519 333 251 45 ovillkorligen
797 333 155 43 rättelse,
983 344 82 21 men
1090 332 76 44 just
1193 330 149 34 emedan
1369 329 43 35 de
1441 329 188 46 principer,
1658 330 108 44 varpå
1795 327 95 35 1833
1911 328 55 32 års

358 385 209 46 legostadga
594 384 126 43 vilade,
749 396 83 22 vore
860 385 99 32 snart
985 384 79 43 sagt
1090 383 171 32 motsatta
1287 393 49 21 nu
1363 379 165 47 gällande
1556 378 133 35 åsikter
1716 379 10 32 i
1754 378 99 34 detta
1880 377 85 34 hän-

358 436 140 43 seende,
540 436 109 45 ansåg
689 434 179 35 utskottet
908 432 161 47 partiella
1110 426 191 51 ändringar
1327 431 12 33 i
1367 431 206 34 densamma
1613 427 139 35 mindre
1779 428 183 46 lämpliga,

359 489 84 31 enär
483 486 42 33 de
566 485 99 34 alltid
701 483 250 36 kvarlämnade
980 484 110 44 något
1117 495 43 21 av
1188 482 60 34 det
1275 481 174 34 utdömda
1475 479 127 48 gamla.
1663 479 51 33 De
1742 478 222 34 framställda

359 536 205 46 yrkandena
605 549 59 21 om
696 548 44 21 en
780 534 214 45 fullständig
1034 533 250 44 omarbetning
1323 544 43 22 av
1406 530 237 46 legostadgan
1681 530 121 44 syntes
1843 528 121 34 därför

358 586 180 35 utskottet
565 586 86 34 fullt
678 584 233 47 berättigade.

494 636 275 47 Lagutskottets
809 635 213 35 hemställan
1062 633 120 35 bifölls
1222 646 43 21 av
1305 633 111 33 första
1451 631 205 34 kammaren
1685 631 86 33 utan
1799 628 167 45 votering

359 701 82 22 men
470 688 139 46 avslogs
636 701 44 21 av
708 687 108 34 andra
843 686 209 34 kammaren
1078 684 82 34 med
1189 684 46 34 95
1263 685 112 32 röster
1402 684 77 32 mot
1506 682 58 33 40.

494 772 20 33 I
553 771 110 35 andra
703 771 206 34 kammaren
950 769 143 34 väcktes
1132 768 62 34 vid
1236 767 93 34 1883
1371 768 54 32 års
1466 765 144 45 riksdag
1642 777 44 22 en
1714 764 148 42 motion,
1892 763 75 34 vari

360 822 240 44 hemställdes,
629 824 55 32 att
711 821 137 46 Kungl.
879 820 109 46 Maj:t
1014 820 111 33 måtte
1152 819 72 34 låta
1252 817 163 35 utarbeta
1443 815 134 46 förslag
1602 814 56 35 till
1677 828 49 32 ny
1744 813 219 46 legostadga.

494 873 260 46 Lagutskottet
792 871 184 46 avstyrkte
1009 870 185 34 motionen
1228 867 287 46 huvudsakligen
1543 879 43 21 av
1615 865 69 34 den
1712 864 253 45 anledningen,

359 926 54 32 att
452 924 277 45 lagstiftningen
764 935 58 22 om
852 922 80 46 laga
960 921 136 34 försvar
1122 932 83 22 vore
1233 918 113 35 under
1373 916 254 36 omarbetande
1656 916 66 34 och
1751 915 116 34 denna
1893 914 72 45 lag-

358 975 171 45 stiftning
563 974 115 46 enligt
704 974 196 34 utskottets
928 971 148 46 mening
1102 970 101 35 stode
1231 970 11 33 i
1268 972 85 32 nära
1380 966 352 37 överensstämmelse
1760 965 81 34 med
1869 965 95 44 lego-

358 1021 162 55 stadgan.
840 1027 2 3 |

494 1075 208 35 Utskottets
742 1074 214 34 hemställan
995 1072 121 35 bifölls
1156 1085 43 21 av
1239 1070 90 35 båda
1370 1070 186 34 kamrarna
1598 1070 88 32 utan
1727 1067 122 34 debatt
1883 1065 85 35 eller

359 1127 176 45 votering.

496 1210 72 34 Vid
610 1210 95 34 1896
748 1211 53 33 års
840 1208 146 44 riksdag
1026 1207 143 35 väcktes
1209 1207 11 33 i
1260 1206 109 34 andra
1403 1205 208 34 kammaren
1643 1216 45 21 en
1720 1203 137 34 motion
1885 1201 81 35 med

359 1261 224 44 hemställan,
612 1262 54 33 att
694 1260 137 45 Kungl.
861 1259 110 46 Maj:t
998 1259 111 33 måtte
1136 1257 73 35 låta
1232 1257 164 34 utarbeta
1415 1256 67 34 och
1501 1254 56 35 till
1575 1253 191 46 riksdagen
1784 1253 184 34 inkomma

358 1313 82 35 med
468 1312 132 45 förslag
627 1311 57 34 till
712 1310 151 46 förnyad
891 1308 219 47 legostadga,
1139 1309 11 33 i
1179 1307 93 46 syfte
1301 1309 53 32 att
1382 1308 54 33 ett
1463 1306 104 33 friare
1596 1304 96 34 avtal
1720 1303 151 35 emellan
1888 1303 80 33 hus-

357 1364 137 34 bönder
522 1363 66 34 och
615 1363 138 44 tjänare
780 1362 112 33 måtte
920 1360 124 33 kunna
1071 1362 65 42 äga
1163 1371 90 21 rum.

492 1412 260 46 Lagutskottet
791 1410 184 46 avstyrkte
1016 1410 185 33 motionen
1240 1408 114 34 under
1380 1406 187 35 uttalande
1602 1418 43 22 av
1678 1406 70 33 den
1780 1404 186 45 farhågan,

357 1467 55 32 att
438 1464 61 35 vid
531 1476 44 21 en
602 1463 155 34 revision
784 1474 43 21 av
853 1460 236 46 legostadgan
1116 1460 12 33 i
1156 1459 78 34 dess
1262 1458 123 34 helhet
1412 1469 132 34 genom
1572 1456 155 34 ändrade
1755 1455 212 45 lagbestäm-

357 1515 128 34 melser
520 1513 113 35 skulle
667 1511 168 35 bortfalla
863 1511 69 34 den
960 1513 97 31 ännu
1083 1508 238 35 kvarlevande
1349 1507 159 35 återstod
1535 1519 43 21 av
1607 1506 61 34 det
1695 1504 271 48 patriarkaliska

357 1563 223 37 förhållande
608 1562 132 35 mellan
767 1560 187 36 husbonde
984 1560 66 34 och
1077 1559 233 46 tjänstehjon,
1340 1559 84 33 varå
1450 1556 165 47 gällande
1642 1555 210 47 legostadga
1880 1567 84 22 vore

357 1615 175 47 grundad,
575 1614 65 34 och
677 1613 113 34 vilket
830 1610 234 43 förhållande,
1092 1622 84 22 man
1203 1612 81 43 säge
1312 1608 69 34 vad
1408 1620 77 22 som
1512 1607 95 34 helst
1634 1619 59 22 om
1721 1606 77 34 dess
1824 1605 141 34 mindre

358 1664 351 37 överensstämmelse
738 1662 80 35 med
846 1664 62 32 vår
935 1661 72 34 tids
1034 1660 199 45 åskådning
1260 1659 66 35 och
1345 1653 320 50 omständigheter,
1686 1656 90 35 dock
1795 1655 169 46 utgjorde

357 1715 256 47 kärnpunkten
653 1715 10 33 i
705 1715 61 33 vår
805 1712 151 34 svenska
996 1711 230 45 lagstiftning
1262 1722 58 22 om
1353 1707 341 47 tjänstehjonsavtal
1722 1707 66 34 och
1815 1707 65 33 hos
1909 1718 55 22 oss

358 1767 108 46 höjde
507 1766 99 34 detta
645 1764 96 35 avtal
769 1783 47 3 —
843 1764 72 33 sett
955 1774 81 22 vare
1076 1761 54 46 sig
1169 1761 80 34 från
1288 1759 232 35 husbondens
1560 1758 85 35 eller
1684 1755 280 49 tjänstehjonets

358 1816 225 47 ståndpunkt
610 1835 47 3 —
686 1818 84 31 över
810 1815 52 33 ett
902 1812 140 45 vanligt
1073 1810 224 36 arbetsavtal.
1351 1810 59 34 En
1437 1809 110 35 sådan
1574 1808 187 46 synpunkt
1787 1819 83 22 vore
1899 1806 66 35 ock

357 1868 12 34 i
404 1867 105 35 stånd
544 1868 64 42 att,
638 1878 58 22 om
724 1877 83 22 man
833 1864 81 34 från
942 1863 205 34 densamma
1175 1861 150 47 utginge
1352 1860 62 35 vid
1440 1858 225 36 bedömande
1693 1859 98 34 inom
1818 1858 148 46 tjänste-

358 1916 260 48 hjonsavtalets
644 1919 146 43 gränser
816 1927 43 22 av
883 1912 193 46 ömsesidig
1093 1914 73 33 rätt
1185 1912 66 34 och
1270 1911 220 46 skyldighet,
1510 1910 12 34 i
1540 1909 279 47 tillämpningen
1838 1907 128 35 mildra

359 1971 156 44 mången
554 1980 43 21 av
631 1965 206 35 nuvarande
864 1963 227 47 legostadgas
1119 1962 191 46 onekligen
1336 1963 113 44 något
1476 1960 200 35 föråldrade
1704 1959 264 46 detaljbestäm-

359 2019 128 36 melser
526 2017 66 35 och
626 2016 257 43 åstadkomma,
913 2016 55 33 att
995 2013 116 35 denna
1138 2012 135 46 stadga,
1303 2012 114 34 ehuru
1444 2010 126 36 stiftad
1597 2010 57 34 för
1682 2013 83 31 över
1787 2009 113 34 sextio
1930 2009 38 34 år

360 2069 119 42 sedan,
509 2071 96 31 ännu
633 2066 122 34 kunde
784 2065 105 35 verka
917 2064 57 35 till
1001 2076 105 33 gagn.

495 2117 276 45 Lagutskottets
798 2114 215 35 hemställan
1039 2113 121 34 bifölls
1187 2125 43 21 av
1256 2111 91 35 båda
1374 2111 198 35 kamrarna.

496 2200 73 34 Vid
611 2200 95 33 1898
748 2200 54 33 års
841 2197 145 45 riksdag
1026 2195 143 35 väcktes
1208 2195 12 33 i
1259 2195 111 33 första
1405 2193 208 35 kammaren
1647 2204 45 22 en
1719 2191 138 35 motion
1883 2190 83 35 med

361 2250 214 36 hemställan
616 2262 58 22 om
707 2248 132 45 förslag
870 2247 57 35 till
954 2260 49 32 ny
1030 2245 218 46 legostadga.
1303 2244 195 44 Samtidigt
1525 2242 144 35 väcktes
1684 2242 23 33 i
1735 2241 108 34 andra
1870 2240 97 34 kam-
