2236 2606
418 193 18 28 6
573 191 121 31 Första
719 191 205 30 kammarens
942 189 139 39 första
1103 188 177 39 tillfälliga
1304 188 137 31 utskotts
1463 187 172 31 utlåtande
1656 187 53 30 Nr
1731 189 49 28 15.

378 269 47 34 ha
465 269 186 35 arbetarna
693 268 104 35 också
835 268 194 46 möjlighet
1068 269 53 32 att
1153 266 112 35 skaffa
1292 266 76 34 sina
1395 265 152 46 anspråk
1575 265 113 45 gehör
1714 267 88 32 utan
1828 264 154 46 lagstift-

379 320 154 46 ningens
573 319 144 35 alldeles
757 318 169 35 särskilda
968 318 109 46 hjälp,
1106 318 10 33 i
1145 316 196 47 synnerhet
1374 316 110 35 sedan
1512 316 42 34 de
1582 327 96 23 mera
1705 315 150 35 allmänt
1881 315 101 45 börja

379 371 203 45 organisera
621 370 63 45 sig.
752 368 56 34 En
849 368 346 45 avtalslagstiftning
1236 367 90 34 efter
1353 367 42 34 de
1423 366 116 46 linjer,
1576 366 180 34 utskottet
1783 365 106 35 tänkt
1915 365 66 45 sig,

377 420 114 35 skulle
531 421 57 33 för
622 420 119 45 övrigt
767 419 283 46 uppenbarligen
1091 418 239 45 omintetgöra
1371 417 64 35 allt
1469 416 127 36 samlat
1627 415 248 47 uppträdande
1903 416 81 34 från

377 472 205 33 arbetarnas
609 470 76 34 sida
712 472 87 43 gent
826 472 97 32 emot
950 469 76 34 sina
1054 469 248 45 arbetsgivare.
1348 468 206 34 Utskottets
1574 467 133 45 förslag
1725 465 114 35 skulle
1859 478 124 22 sanno-

376 521 69 34 likt
476 520 144 35 komma
647 522 56 33 att
728 520 179 43 innebära,
937 521 55 33 att
1019 519 60 34 det
1105 518 192 47 påbörjade
1331 518 402 45 organisationsarbetet
1758 516 108 34 bland
1895 516 89 34 lant-

378 571 187 35 arbetarna
604 573 76 32 åter
719 570 112 35 skulle
872 573 171 44 sprängas
1082 569 138 43 sönder,
1263 568 113 45 enligt
1409 569 62 33 vår
1498 568 238 46 uppfattning
1762 566 55 34 till
1845 566 140 46 obotlig

378 621 111 35 skada
512 622 56 33 för
587 621 41 35 de
657 622 319 45 arbetaregrupper
1004 620 60 34 det
1091 620 63 34 här
1181 619 119 46 gäller.

512 671 362 46 Lantarbetsgivarna
902 675 65 30 äro
972 662 16 59 i
1009 672 72 32 stor
1099 669 250 46 utsträckning
1368 668 257 46 organiserade.
1669 668 54 34 De
1744 667 104 44 hålla,
1871 666 114 45 enligt

379 722 345 35 överenskommelse
752 723 70 33 sins
851 721 174 47 emellan,
1042 720 281 34 lantarbetarnes
1350 720 100 33 löner
1478 719 65 34 och
1563 718 109 34 andra
1690 718 180 34 förmåner
1888 716 97 47 plan-

378 773 150 45 mässigt
566 773 159 34 tillbaka.
780 772 88 35 Men
908 784 45 22 en
981 771 354 45 avtalslagstiftning,
1364 782 77 22 som
1469 769 113 34 skulle
1609 768 136 46 reglera
1773 771 89 31 även
1890 770 96 31 löne-

375 824 238 44 förmånerna
653 824 57 33 för
740 823 275 42 lantarbetarna,
1048 833 104 34 synes
1179 821 180 34 utskottet
1384 820 79 34 icke
1491 820 91 34 hava
1608 819 106 34 tänkt
1741 818 64 46 sig,
1835 818 67 34 och
1931 817 55 34 för

379 886 44 21 en
464 873 101 46 dylik
604 874 230 45 lagstiftning
868 873 102 34 torde
1005 872 100 34 tiden
1132 872 56 34 för
1215 872 118 45 övrigt
1360 870 77 34 icke
1466 883 81 21 vara
1575 882 140 33 mogen.
1772 867 214 47 Uppenbart

378 923 102 35 torde
508 924 199 34 emellertid
734 936 81 21 vara
842 925 55 32 att
924 923 56 34 för
1007 922 263 35 lantarbetarna
1298 924 58 31 äro
1382 922 77 44 just
1484 920 43 35 de
1546 919 195 35 materiella
1759 920 227 33 förmånerna

380 973 43 35 de
463 974 340 45 betydelsefullaste.
859 974 71 33 För
970 975 55 32 att
1064 973 10 33 i
1115 972 99 34 detta
1254 970 186 36 avseende"
1455 970 77 35 icke
1560 972 53 33 stå
1641 969 143 35 alldeles
1811 968 176 46 hjälplösa

379 1024 97 34 inför
515 1024 76 34 sina
631 1024 238 46 arbetsgivare
909 1025 114 32 måste
1063 1022 264 35 lantarbetarna
1358 1021 143 46 förfoga
1535 1024 83 31 över
1644 1018 237 48 kampmedel,
1910 1030 76 23 som

380 1074 124 34 kunna
543 1087 83 21 vara
665 1074 231 35 verksamma.
953 1073 139 34 Sådana
1131 1071 226 47 kampmedel
1397 1071 114 34 skulle
1545 1084 44 21 en
1615 1070 231 46 lagstiftning
1873 1068 115 45 enligt

381 1124 197 34 utskottets
604 1125 107 45 linjer
737 1124 107 34 totalt
869 1125 132 33 beröva
1029 1123 274 42 lantarbetarna,
1332 1124 41 43 ty
1401 1121 69 34 den
1497 1121 150 35 ledande
1666 1120 135 34 tanken
1820 1120 11 33 i
1850 1119 137 34 utskot-

381 1176 70 33 tets
479 1174 185 35 utlåtande
693 1178 37 31 är
756 1174 319 46 nödvändigheten
1103 1175 53 32 att
1183 1173 94 34 hålla
1304 1173 187 33 arbetarna
1518 1184 130 34 genom
1675 1171 59 46 lag
1760 1170 147 35 bundna
1927 1168 61 35 vid

382 1237 44 22 en
466 1224 123 47 längre
629 1225 169 35 avtalstid
825 1245 46 2 —
900 1224 231 45 naturligtvis
1164 1222 215 35 framförallt
1405 1222 115 35 under
1546 1224 119 41 våren,
1694 1233 200 23 sommaren
1922 1219 66 35 och

381 1275 140 34 hösten.

516 1325 96 35 Både
647 1325 188 35 kulturellt
867 1325 65 34 och
962 1324 191 34 materiellt
1180 1323 113 34 skulle
1322 1323 114 45 enligt
1463 1324 61 33 vår
1551 1322 147 45 mening
1724 1321 265 34 lantarbetarna

381 1376 146 34 komma
566 1378 54 32 att
658 1375 73 34 lida
763 1388 42 21 av
839 1388 44 21 en
911 1374 356 46 avtalslagstiftning.
1322 1373 222 46 Därigenom
1571 1374 54 32 att
1650 1371 339 45 lantarbetareorga-

381 1425 197 36 nisationer
617 1425 179 46 praktiskt
835 1426 101 44 taget
976 1424 113 34 skulle
1116 1423 132 35 förlora
1275 1423 46 34 all
1348 1424 111 33 större
1500 1421 195 46 betydelse,
1738 1421 113 34 skulle
1892 1421 96 34 arbe-

382 1479 103 32 tarna
524 1475 75 35 dels
639 1475 143 34 komma
821 1475 11 33 i
873 1487 44 22 en
949 1474 122 34 alltför
1097 1486 86 33 svag
1210 1473 171 45 ställning
1407 1475 89 43 gent
1523 1474 97 32 emot
1646 1472 77 34 sina
1749 1471 239 45 arbetsgivare

383 1526 66 35 och
491 1525 75 35 dels
593 1525 114 34 skulle
735 1525 42 34 de
805 1525 147 33 berövas
981 1524 68 33 den
1077 1523 192 46 möjlighet
1295 1523 55 33 till
1377 1522 161 34 växande
1566 1521 327 46 självmedvetande
1922 1521 65 34 och

384 1576 123 35 känsla
534 1588 43 22 av
604 1575 308 43 människovärde,
943 1586 76 22 som
1042 1573 210 35 samverkan
1279 1572 130 35 mellan
1436 1572 91 34 likar
1554 1571 131 35 brukar
1703 1571 197 44 framkalla,
1922 1571 67 34 och

384 1640 43 21 av
455 1626 114 34 vilket
596 1625 187 35 samhället
811 1625 148 46 djupare
988 1626 70 32 sett
1084 1624 95 34 blott
1206 1624 64 33 har
1297 1622 124 35 fördel.

519 1676 20 34 I
578 1676 156 45 längden
775 1675 112 35 skulle
928 1675 57 34 för
1025 1675 118 45 övrigt
1173 1673 199 46 säkerligen
1400 1675 54 32 ett
1480 1672 120 35 försök
1628 1674 54 32 att
1708 1684 129 33 genom
1865 1671 126 35 avtals-

385 1727 232 46 lagstiftning
658 1726 141 34 särskilt
829 1725 109 34 binda
970 1724 229 47 jordbrukets
1227 1724 157 34 arbetare
1414 1723 126 34 endast
1566 1722 104 34 lända
1695 1722 213 46 jordbruket
1935 1722 56 34 till

386 1777 119 35 skada.
561 1776 222 35 Jordbruket
811 1776 63 34 har
901 1777 96 33 svårt
1030 1777 53 32 att
1110 1775 11 33 i
1148 1774 270 35 konkurrensen
1446 1773 82 34 med
1556 1773 200 34 industrien
1783 1772 94 35 hålla
1904 1772 87 34 kvar

385 1828 196 34 arbetarna.
637 1826 68 35 Om
733 1839 82 21 man
843 1828 44 44 på
916 1825 164 35 konstlad
1109 1828 69 43 väg
1205 1824 79 35 med
1314 1824 99 46 hjälp
1441 1836 43 22 av
1512 1826 134 32 statens
1674 1823 189 34 exekutiva
1891 1822 100 34 makt

385 1878 114 34 skulle
541 1877 84 35 söka
666 1877 127 33 hindra
832 1876 265 34 lantarbetarna
1132 1875 79 34 från
1239 1878 54 31 att
1319 1874 188 46 tillkämpa
1534 1874 54 46 sig
1615 1886 134 22 samma
1778 1873 110 34 frihet
1915 1885 77 22 som

385 1928 344 34 industriarbetarna
756 1927 65 34 och
850 1926 209 35 ekonomisk
1082 1925 238 46 likställighet
1346 1925 82 34 med
1457 1925 91 43 dem,
1569 1924 161 34 kommer
1749 1924 98 34 detta
1867 1923 126 35 endast

385 1981 55 32 att
467 1978 186 47 påskynda
680 1977 256 46 övergivandet
964 1989 43 22 av
1032 1976 136 46 jorden.

522 2028 243 46 Följaktligen
805 2029 112 32 måste
958 2040 94 30 man,
1088 2026 44 34 då
1158 2039 83 21 man
1269 2026 88 34 skall
1384 2026 86 34 söka
1497 2026 125 44 bringa
1651 2037 73 33 upp
1752 2024 240 35 förhållandet

387 2079 132 34 mellan
560 2079 160 34 arbetare
761 2078 65 34 och
866 2078 240 45 arbetsgivare
1141 2077 11 33 i
1177 2076 214 47 jordbruket
1417 2076 56 34 till
1500 2076 228 42 modärnitet,
1756 2076 45 44 gå
1828 2074 69 35 den
1925 2078 69 42 väg

388 2142 76 22 som
506 2130 102 45 höjer
633 2129 281 34 lantarbetarens
943 2128 178 34 allmänna
1148 2127 181 44 ställning,
1359 2139 76 22 som
1463 2126 152 35 skänker
1642 2126 133 33 honom
1803 2127 52 32 ett
1882 2127 111 32 större

389 2182 93 33 mått
521 2192 44 22 av
592 2179 111 34 frihet
731 2179 64 34 och
823 2178 175 35 välstånd.
1054 2178 72 34 Det
1153 2177 62 35 vill
1243 2177 78 34 med
1351 2177 110 34 andra
1489 2177 60 34 ord
1579 2180 82 42 säga
1689 2176 306 45 organisationens

390 2231 66 34 och
486 2230 60 35 det
573 2229 197 35 kollektiva
796 2229 151 35 avtalets
976 2232 77 43 väg.
