1902 2846
290 185 39 31 26
755 191 102 29 Andra
881 193 192 35 lagutskottets
1095 194 148 29 utlåtande
1265 195 46 28 Nr
1335 196 47 27 12.

342 260 32 42 d)
396 262 158 32 Erhålles
577 263 73 31 fritt
672 265 68 40 god
763 265 80 31 kost
866 265 63 31 och
951 266 79 41 logi,
1054 269 98 40 utgår
1175 268 29 40 ej
1229 268 303 41 dagtraktamente.

344 304 28 40 e)
396 304 312 33 Bestämmelserna
730 307 12 30 i
766 307 112 31 denna
900 309 158 41 paragraf
1079 309 89 41 gälla
1191 310 30 41 ej
1239 311 53 30 för
1307 311 163 38 arbetare,
1489 323 72 20 som
1578 314 58 29 äro
1653 312 138 33 bosatta

287 346 19 30 å
329 346 83 31 eller
434 346 11 31 i
468 347 164 32 närheten
656 359 40 20 av
719 349 261 42 arbetsplatsen.

340 423 249 40 Örnsköldsvik
612 432 66 31 den
703 434 40 30 14
766 434 87 41 april
877 435 89 31 1924.

711 509 70 32 För
805 504 268 39 Örnsköldsviks
1096 512 259 42 Byggmästare:

481 574 94 32 John
597 575 211 33 Åndersson.
1321 580 39 31 A.
1386 580 134 32 Gidlöv.

502 667 68 32 För
593 668 102 32 Grov-
719 670 64 31 och
806 670 508 34 Fabriksarbetareförbundets
1337 674 72 31 avd.
1433 686 41 19 nr
1499 675 71 31 160:

931 738 37 32 P.
994 738 138 32 Gerdin.

1552 939 124 40 Bilaga
1698 939 43 32 D.

929 1028 186 38 Protokoll,
1129 1030 68 31 fört
1209 1030 57 32 vid
1284 1032 249 31 sammanträde
1545 1033 126 31 mellan
1683 1033 103 42 bygg-

876 1072 147 30 mästare
1047 1071 39 32 G.
1103 1072 154 42 Moberg,
1271 1075 18 29 å
1303 1085 62 19 ena
1378 1073 107 39 sidan,
1500 1077 88 29 samt
1610 1086 175 31 represen-

876 1114 113 30 tanter
1022 1113 51 31 för
1111 1113 54 32 Sv.
1201 1114 584 42 Byggnadsträarbetareförbundet

876 1155 63 30 och
970 1155 80 32 dess
1077 1156 185 43 avdelning
1291 1169 40 19 nr
1359 1159 59 31 146
1444 1158 12 31 i
1481 1158 259 40 Örnsköldsvik,
1765 1163 19 28 å

873 1197 106 31 andra
1003 1198 107 38 sidan,
1125 1198 12 31 i
1154 1199 251 32 Örnsköldsvik
1420 1200 67 31 den
1505 1202 37 30 11
1560 1201 64 31 och
1642 1203 38 30 12
1696 1203 89 40 april

874 1239 90 39 1930,
999 1240 175 41 angående
1207 1242 219 41 förhandling
1458 1242 12 31 i
1503 1243 112 31 nedan
1638 1245 146 40 angivna

872 1281 129 32 tvister.

377 1343 269 33 Närvarande:

333 1401 245 42 Byggmästare
601 1403 40 32 G.
658 1404 154 42 Moberg.
836 1405 69 32 För
922 1405 55 33 Sv.
994 1406 595 44 Byggnadsträarbetareförbundet:
1615 1411 169 33 Ombuds-

279 1455 77 19 man
389 1444 95 32 John
519 1445 144 32 Grewin.
709 1446 69 32 För
811 1447 80 32 dess
925 1448 182 43 avdelning
1139 1461 41 20 nr
1215 1452 60 30 146
1297 1451 12 31 i
1333 1451 245 33 Önsköldsvik:
1600 1453 54 32 Hr
1669 1454 114 32 Edvin

275 1485 194 42 Hägglund.

989 1548 22 43 8
1035 1551 27 31 1.

329 1603 274 33 Sammanträdet
615 1606 179 41 öppnades
811 1618 39 20 av
863 1607 227 32 ombudsman
1107 1609 145 38 Grewin,
1272 1621 73 21 som
1361 1612 151 38 anförde,
1529 1615 51 29 att
1591 1614 191 32 detsamma

274 1645 198 32 tillkommit
504 1647 53 31 för
579 1647 211 43 behandling
813 1660 48 27 av,
886 1649 75 32 dels
983 1650 126 32 tvisten
1136 1652 57 30 vid
1216 1652 238 42 byggmästare
1476 1654 163 43 Mobergs
1656 1657 126 31 arbets-

273 1688 91 40 plats
387 1688 11 31 i
422 1688 216 32 Alfredshem
662 1691 176 40 angående
860 1692 230 32 anställandet
1115 1705 41 20 av
1176 1695 208 32 träarbetare
1411 1699 89 28 samt
1525 1698 143 31 avtalets
1686 1699 96 31 efter-

273 1730 122 31 levnad
417 1730 12 31 i
446 1731 110 41 övrigt
572 1731 62 32 och
650 1732 12 30 i
679 1732 168 32 samband
870 1733 141 33 därmed
1026 1737 230 40 upprättande
1272 1748 41 20 av
1328 1738 89 31 avtal
1432 1738 54 32 för
1501 1739 94 32 tiden
1612 1741 86 30 efter
1714 1741 66 31 den

274 1773 16 30 1
308 1772 95 41 april,
420 1773 74 31 från
510 1773 112 32 vilken
638 1774 164 41 tidpunkt
822 1775 144 42 tidigare
982 1778 89 30 avtal
1088 1778 152 41 upphört
1255 1781 51 29 att
1320 1780 97 41 gälla,
1434 1780 75 32 dels
1526 1782 62 31 ock
1604 1783 176 41 angående

274 1815 230 40 upprättande
527 1827 40 20 av
589 1816 88 31 avtal
699 1817 54 31 för
775 1817 234 43 Nordmaling.

326 1857 220 32 Beträffande
579 1858 254 41 arbetsplatsen
866 1860 11 31 i
911 1860 216 33 Alfredshem
1155 1862 88 32 hade
1267 1865 237 31 ovannämnda
1526 1866 183 43 avdelning
1732 1870 49 29 ut-

271 1898 111 32 färdat
404 1899 155 38 blockad,
584 1902 80 29 enär
687 1901 68 31 den
778 1904 114 29 ansett
914 1904 51 30 att
987 1903 238 42 byggmästare
1247 1905 147 43 Moberg
1415 1907 74 31 icke
1512 1908 77 41 följt
1608 1909 170 41 ingången

272 1941 333 32 överenskommelse
621 1943 176 41 angående
817 1945 230 32 anställandet
1063 1957 40 20 av
1119 1947 217 39 träarbetare,
1352 1949 146 31 varefter
1513 1950 265 42 byggmästaren

271 1982 142 32 instämt
446 1983 226 43 avdelningen
706 1985 54 31 till
783 1985 323 34 Arbetsdomstolen
1130 1989 78 31 med
1230 1989 152 42 yrkande
1406 2002 54 20 om
1482 1992 218 40 skadestånd,
1724 1994 54 31 be-

270 2025 132 41 talning
424 2025 53 32 för
498 2027 384 41 rättegångskostnader
905 2031 88 30 samt
1018 2030 210 32 blockadens
1255 2032 236 41 upphävande.

324 2066 323 34 Arbetsdomstolen
681 2069 88 32 hade
792 2070 121 32 biträtt
939 2071 238 42 byggmästare
1203 2073 164 43 Mobergs
1390 2075 151 41 yrkande
1563 2076 12 31 i
1599 2079 37 29 så
1659 2079 117 37 måtto,

272 2110 50 29 att
345 2109 65 31 den
434 2110 165 32 fastställt
621 2113 50 29 att
693 2111 191 33 blockaden
908 2113 111 32 skulle
1041 2114 113 39 hävas,
1179 2116 162 41 varjämte
1358 2117 226 43 avdelningen
1600 2119 110 42 ålagts
1727 2122 51 29 att

272 2151 113 31 betala
406 2152 239 41 byggmästare
668 2153 165 43 Mobergs
855 2157 386 40 rättegångskostnader
1263 2159 79 31 med
1368 2159 61 31 250
1451 2160 136 32 kronor.

323 2192 91 32 Herr
448 2194 136 32 Örewin
617 2196 151 39 anförde,
804 2199 49 29 att
876 2198 106 31 sedan
1016 2200 148 30 nämnda
1198 2200 80 31 dom
1312 2212 40 20 av
1377 2201 325 34 Arbetsdomstolen
1726 2216 51 19 av-

270 2235 149 32 kunnats
443 2236 61 31 har
528 2237 57 31 det
606 2238 242 39 konstaterats,
873 2242 49 29 att
945 2242 357 32 överenskommelsen
1325 2245 84 30 även
1432 2244 12 31 i
1460 2245 105 31 andra
1581 2246 195 32 avseenden

269 2277 74 31 icke
365 2278 106 41 följts.
519 2279 151 32 Sålunda
693 2280 88 32 hade
804 2281 239 43 byggmästare
1066 2284 145 41 Moberg
1235 2285 66 31 den
1325 2286 41 31 24
1388 2287 196 41 september
1599 2288 91 31 förra
1703 2290 73 30 året

269 2319 93 31 lovat
394 2320 152 42 följande
569 2322 222 32 medlemmar
813 2335 40 19 av
875 2325 225 41 avdelningen
1123 2337 41 20 nr
1188 2328 60 30 146
1271 2327 116 32 arbete
1411 2330 37 30 så
1472 2331 94 30 snart
1588 2330 188 32 träarbetet

270 2361 109 31 skulle
412 2363 171 41 påbörjas,
617 2365 171 41 nämligen
822 2366 104 42 Algot
958 2367 178 42 Vestberg,
1160 2369 39 31 A.
1225 2369 179 41 Sjöström,
1428 2370 115 32 Johan
1566 2372 207 32 Nordström

269 2404 64 31 och
367 2403 37 32 P.
439 2405 39 31 A.
514 2405 141 33 Nordin.
702 2407 68 31 Till
801 2408 42 31 de
866 2411 124 30 tvenne
1014 2410 215 32 sistnämnda
1251 2411 88 32 hade
1363 2412 164 42 därjämte
1551 2414 150 31 utlovats
1724 2416 51 30 att

270 2446 152 41 följande
455 2447 19 31 3
497 2446 175 42 (likaledes
696 2449 222 33 medlemmar
940 2463 41 20 av
1003 2452 182 42 avdelning
1207 2464 42 20 nr
1273 2454 70 41 146)
1370 2456 84 30 även
1478 2456 109 31 skulle
1611 2456 33 30 få
1666 2456 107 41 börja,

271 2488 171 42 nämligen
465 2489 40 32 B.
534 2490 186 42 Vågström,
745 2491 39 32 R.
809 2492 132 32 Nordin
965 2494 64 31 och
1049 2494 37 32 P.
1111 2494 141 33 Gärdin.
1281 2496 67 32 Vid
1370 2498 149 30 nämnda
1534 2498 134 31 tillfälle
1684 2498 89 32 hade
