1904 2768
472 177 124 29 Första
619 176 245 39 lagutskottets
888 175 179 30 utlåtande
1089 184 42 20 nr
1152 175 42 29 29
1215 175 39 28 år
1280 174 80 29 1962
1642 171 18 28 3

178 257 89 39 ligga
283 258 9 29 i
312 257 176 39 åtskilliga
507 256 396 40 förvaltningsärenden.
922 256 166 29 Däremot
1106 256 65 28 har
1188 254 229 39 meningarna
1434 253 90 29 varit
1543 251 119 30 delade

177 302 9 29 i
209 301 123 40 frågan
353 302 67 29 hur
440 301 195 30 vidsträckt
656 301 115 30 denna
791 301 153 29 kontroll
965 300 63 29 bör
1048 309 84 20 vara
1154 300 65 29 och
1240 299 67 29 hur
1329 298 66 29 den
1417 298 10 28 i
1449 296 214 40 organisato-

177 346 89 30 riskt
291 346 198 30 hänseende
514 346 63 29 bör
602 355 84 20 vara
711 345 196 40 uppbyggd.
934 345 53 29 En
1012 343 319 40 meningsriktning
1357 343 64 28 har
1446 341 140 33 hävdat,
1613 342 50 27 att

177 391 196 29 kontrollen
393 391 19 29 å
430 400 65 20 ena
514 390 100 30 sidan
633 390 62 29 bör
713 390 199 29 utsträckas
932 391 51 28 att
1001 390 10 28 i
1031 389 136 39 princip
1186 388 149 29 omfatta
1354 387 67 29 alla
1440 386 223 29 administra-

176 436 71 29 tiva
262 435 220 39 avgöranden
499 436 65 29 och
580 435 21 29 å
616 435 109 29 andra
742 435 100 29 sidan
859 434 212 30 åtminstone
1088 433 45 40 på
1148 432 127 39 många
1292 431 166 30 områden
1474 430 188 39 begränsas

178 480 49 29 till
254 490 41 19 en
321 480 170 39 prövning
517 489 41 20 av
584 479 230 39 avgörandets
839 478 253 39 rättsenlighet.
1119 477 228 30 Företrädare
1374 476 54 29 för
1454 475 115 30 denna
1594 483 69 20 me-

177 524 260 40 ningsriktning
461 533 102 30 synes
586 524 114 29 tillika
722 524 44 29 ha
790 524 81 39 hyst
895 523 189 39 sympatier
1109 522 55 29 för
1186 522 141 32 tanken,
1352 523 49 27 att
1425 520 65 29 den
1516 519 147 30 sålunda

177 569 206 29 beskaffade
409 569 197 29 kontrollen
632 568 62 30 bör
719 568 177 30 anförtros
922 568 41 29 de
989 567 180 30 allmänna
1194 566 248 29 domstolarna.
1469 565 51 28 En
1547 573 117 20 annan

178 613 317 39 meningsriktning
512 614 65 29 har
593 613 93 39 gjort
702 613 169 39 gällande,
889 614 50 28 att
956 622 42 19 en
1017 612 37 29 så
1071 610 293 40 genomgripande
1382 609 225 38 omvandling
1624 617 40 20 av

178 658 75 29 vårt
275 658 220 39 rättssystem
517 658 76 29 icke
615 657 39 29 är
675 657 165 39 påkallad
862 666 41 20 av
926 656 105 39 något
1051 656 149 38 verkligt
1221 655 121 29 behov.
1365 654 238 38 Anhängarna
1624 662 41 19 av

179 703 114 29 denna
315 702 219 39 ståndpunkt
554 702 65 29 har
640 702 86 29 även
747 701 139 34 hävdat,
909 703 50 27 att
981 700 199 30 önskvärda
1203 699 249 38 förbättringar
1473 698 45 39 på
1540 697 127 38 ifråga-

178 747 152 29 varande
350 746 142 30 område
512 747 11 29 i
544 746 115 30 stället
679 747 61 29 bör
761 745 251 40 åvägabringas
1034 745 95 29 inom
1151 753 120 20 ramen
1293 743 54 29 för
1366 743 76 29 vårt
1463 741 202 30 nuvarande

179 793 130 38 system
330 792 79 29 med
429 801 43 20 en
493 801 42 19 av
556 790 428 40 förvaltningsdomstolar
1005 789 139 33 utövad,
1165 789 11 29 i
1197 788 136 40 princip
1355 787 137 39 allsidig
1513 786 152 30 kontroll

179 846 43 19 av
241 837 94 29 vissa
356 837 91 38 slags
469 835 282 30 administrativa
772 834 232 40 avgöranden.
1027 835 75 28 Den
1125 842 120 21 senare
1268 832 271 40 uppfattningen
1562 831 105 38 ligger

180 881 52 29 till
251 881 114 39 grund
383 880 54 29 för
456 880 41 30 de
515 879 301 40 tilläggsdirektiv,
837 888 75 21 som
932 878 125 39 Kungl.
1077 878 106 39 Maj:t
1203 878 66 29 den
1292 877 37 29 10
1349 877 141 38 januari
1513 875 82 30 1958
1615 877 53 27 ut-

181 925 116 30 färdat
321 925 55 29 för
400 924 378 39 besvärssakkunniga.
803 924 137 29 Jämväl
965 923 188 39 riksdagen
1179 923 64 28 har
1268 922 126 29 uttalat
1420 921 50 38 sig
1496 921 10 28 i
1533 929 134 20 samma

180 970 166 38 riktning,
369 971 117 28 senast
506 969 10 29 i
538 969 188 39 anledning
747 978 41 20 av
809 968 172 29 motioner
1001 967 58 29 vid
1084 967 79 29 1961
1188 966 56 30 års
1265 966 151 38 riksdag.
1438 966 49 28 De
1509 964 159 30 motsätt-

181 1014 133 39 ningar,
333 1023 75 21 som
426 1014 150 29 sålunda
592 1014 65 28 har
674 1013 148 29 kommit
839 1013 53 29 till
910 1012 140 39 uttryck
1067 1012 11 29 i
1096 1011 115 29 denna
1228 1011 108 38 fråga,
1356 1019 101 30 synes
1475 1008 192 31 emellertid

182 1068 46 20 nu
245 1068 83 20 vara
344 1058 45 40 på
404 1059 64 38 väg
485 1060 50 28 att
552 1058 191 38 utjämnas.
761 1057 226 39 Tidpunkten
1004 1056 98 30 torde
1120 1055 120 30 därför
1255 1064 85 20 vara
1356 1055 79 29 inne
1454 1056 50 27 att
1521 1053 51 30 till
1591 1053 77 29 när-

181 1112 95 21 mare
296 1102 186 40 utredning
503 1104 154 38 upptaga
676 1102 208 39 spörsmålet
904 1110 57 21 om
981 1101 65 29 den
1068 1100 281 30 administrativa
1369 1098 300 39 rättskipningens

181 1148 213 39 omfattning
409 1148 65 29 och
489 1147 249 39 organisation.

226 1205 130 30 Härför
377 1205 90 29 talar
491 1205 87 29 även
600 1204 111 29 andra
734 1204 86 29 skäl.
845 1203 113 30 Sedan
980 1205 49 28 ett
1052 1202 98 30 tiotal
1174 1202 37 29 år
1235 1201 146 29 tillbaka
1402 1201 64 29 har
1489 1200 44 39 på
1558 1199 112 29 skilda

181 1250 166 30 områden
369 1259 41 20 av
430 1249 277 39 förvaltningens
728 1249 64 29 och
814 1246 535 40 förvaltningsrättskipningens
1370 1245 216 29 vidsträckta
1607 1243 62 30 fält

182 1295 119 39 pågått
320 1296 48 28 ett
389 1294 218 29 omfattande
628 1293 260 33 reformarbete,
911 1301 74 21 som
1007 1292 165 37 antingen
1194 1291 114 29 direkt
1330 1290 106 39 syftat
1457 1289 52 30 till
1531 1291 50 27 att
1602 1288 68 29 för-

183 1339 119 30 stärka
319 1338 240 39 rättsskyddet
578 1338 55 29 för
651 1338 65 29 den
735 1337 158 29 enskilde
911 1337 82 29 eller
1012 1336 106 29 också
1137 1337 56 37 ägt
1212 1336 86 28 nära
1316 1334 168 29 samband
1504 1333 78 29 med
1602 1332 68 29 frå-

183 1391 67 31 gan
272 1393 56 19 om
351 1383 57 29 det
430 1382 282 30 administrativa
734 1381 258 39 rättsskyddets
1017 1380 228 38 utformning.
1270 1380 12 28 I
1306 1388 42 20 en
1371 1379 54 28 del
1449 1378 61 28 fall
1534 1378 64 28 har
1620 1386 51 19 re-

184 1428 226 29 formarbetet
429 1427 127 29 hunnit
576 1426 133 33 dithän,
729 1428 50 27 att
799 1425 203 29 utarbetade
1023 1424 130 38 förslag
1173 1424 193 37 framlagts.
1386 1423 64 38 Jag
1468 1422 60 29 vill
1548 1422 10 29 i
1577 1421 95 29 detta

183 1471 198 31 hänseende
411 1471 115 30 erinra
557 1480 57 20 om
644 1470 236 30 betänkandet
910 1469 79 29 med
1020 1469 131 38 förslag
1184 1468 49 29 till
1264 1465 407 41 kompetensfördelning

184 1517 127 29 mellan
338 1516 125 39 Kungl.
491 1515 106 39 Maj:t
624 1515 10 29 i
662 1514 187 30 statsrådet
876 1514 64 29 och
967 1513 293 38 regeringsrätten
1293 1512 100 30 (SOU
1423 1509 151 34 1959:4)
1608 1509 63 29 och

184 1560 235 30 betänkandet
437 1560 79 29 med
535 1559 131 39 förslag
685 1559 50 29 till
755 1559 55 39 lag
829 1568 56 20 om
905 1557 258 30 socialdomstol
1188 1556 101 30 (SOU
1311 1556 96 29 1960:
1427 1554 71 30 19).
1517 1553 155 31 Justitie-

184 1605 302 30 ombudsmannen
504 1605 64 28 har
587 1604 117 29 vidare
722 1603 92 39 gjort
834 1602 260 38 framställning
1113 1610 55 20 om
1188 1600 194 40 principiell
1403 1599 197 39 skyldighet
1619 1598 53 29 för

185 1648 477 41 förvaltningsmyndigheter
680 1650 49 28 att
746 1648 10 29 i
775 1648 76 29 sina
868 1647 114 29 beslut
1000 1654 86 31 ange
1105 1646 40 29 de
1165 1646 85 32 skäl,
1268 1645 107 39 varpå
1394 1644 157 29 besluten
1570 1651 103 30 grun-

186 1696 62 28 das
274 1695 103 33 (JO:s
398 1694 321 29 ämbetsberättelse
742 1693 80 29 1961
846 1702 25 20 s.
893 1692 95 29 448).
1010 1692 109 29 Dessa
1141 1691 129 38 förslag
1292 1691 38 29 är
1349 1689 87 30 efter
1457 1688 218 30 omfattande

185 1738 338 38 remissbehandling
548 1737 171 29 beroende
744 1737 45 38 på
814 1736 125 38 Kungl.
966 1735 124 38 Maj:ts
1117 1734 179 39 prövning.
1324 1734 12 28 I
1363 1733 176 38 åtskilliga
1565 1731 109 29 andra

186 1783 60 29 fall
267 1783 123 29 väntas
411 1782 110 29 under
542 1782 66 29 den
630 1782 176 28 närmaste
826 1780 96 30 tiden
944 1779 108 30 delvis
1074 1778 293 39 genomgripande
1388 1777 130 38 förslag
1540 1776 43 39 på
1605 1775 68 29 för-

186 1826 478 39 valtningsrättskipningens
693 1825 152 29 område.
875 1824 153 30 Sålunda
1058 1823 97 29 torde
1184 1821 367 37 besvärssakkunniga
1578 1820 97 29 kom-

187 1881 56 20 ma
268 1873 50 27 att
342 1871 111 29 under
478 1879 122 20 senare
625 1870 157 29 halvåret
809 1869 82 29 1962
918 1868 195 38 framlägga
1139 1867 130 37 förslag
1295 1865 146 29 rörande
1469 1865 111 38 själva
1607 1864 68 28 för-

186 1915 161 30 farandet
369 1914 94 29 inför
487 1914 279 29 administrativa
791 1912 242 39 myndigheter
1058 1912 61 28 och
1146 1909 436 38 förvaltningsdomstolar.
1607 1908 68 29 Un-

187 1961 60 28 der
271 1958 235 30 innevarande
532 1958 38 30 år
596 1959 38 28 är
658 1958 117 29 vidare
802 1956 131 39 förslag
959 1958 50 27 att
1036 1955 160 29 förvänta
1223 1954 78 30 från
1329 1952 346 38 författningsutred-

187 2004 138 39 ningen,
348 2003 81 29 1957
450 2003 56 29 års
527 2000 513 39 trafiknykterhetskommitté,
1062 2008 74 20 som
1156 1999 44 29 bl.
1222 2008 28 19 a.
1271 1999 63 28 bar
1355 2000 49 27 att
1424 1997 106 39 pröva
1551 1996 123 38 frågan

187 2058 57 20 om
274 2047 301 31 körkortsmålens
607 2045 270 39 handläggning,
910 2045 63 29 och
1006 2040 668 42 sinnessjuklagstiftningskommittén.

189 2094 73 28 Den
290 2092 96 29 inom
414 2091 411 38 inrikesdepartementet
853 2089 177 39 pågående
1061 2089 191 37 översynen
1283 2096 42 19 av
1355 2085 321 38 lösdrivarlagstift-

189 2137 126 38 ningen
338 2137 123 28 väntas
484 2135 106 29 också
614 2134 93 29 inom
732 2134 78 30 kort
832 2142 84 20 vara
940 2132 161 29 slutförd.
1127 2132 115 28 Andra
1268 2130 227 37 utredningar
1519 2139 41 19 av
1583 2129 93 37 betv-

188 2181 92 29 delse
305 2181 11 28 i
342 2180 94 29 detta
461 2179 255 37 sammanhang
741 2178 64 28 har
830 2177 139 38 nyligen
995 2176 203 38 igångsatts,
1224 2175 44 28 hl.
1295 2185 28 18 a.
1351 2173 325 37 länsförvaltnings-

190 2224 240 38 utredningen.

234 2277 48 29 De
300 2276 140 38 förslag,
459 2285 73 19 som
552 2275 148 29 sålunda
718 2274 182 37 framlagts
919 2273 82 28 eller
1021 2273 91 27 inom
1133 2272 76 28 kort
1229 2273 121 27 väntas
1370 2271 61 28 och
1452 2279 72 19 som
1545 2279 59 18 var
1625 2269 52 28 för

190 2321 51 38 sig
264 2321 57 29 rör
346 2320 213 37 begränsade
585 2318 127 29 avsnitt
739 2327 41 20 av
805 2318 56 28 det
887 2316 280 29 administrativa
1193 2314 400 38 rältsskyddssystemet,
1620 2320 57 29 ger

190 2364 272 40 uppenbarligen
483 2362 188 39 anledning
692 2363 49 28 till
765 2361 133 38 frågan,
920 2360 94 29 vilka
1035 2369 155 19 resurser
1212 2368 72 19 som
1308 2357 183 29 samhället
1511 2358 10 28 i
1543 2356 135 38 organi-

191 2409 166 29 satoriskt
377 2407 198 30 hänseende
596 2407 61 28 bör
678 2406 101 29 ställa
801 2405 48 30 till
873 2404 206 37 förfogande
1101 2404 41 37 på
1165 2402 264 38 ifrågavarande
1451 2401 142 29 område
1614 2400 61 28 och

192 2454 66 28 hur
278 2453 100 29 dessa
400 2461 156 20 resurser
577 2451 76 29 bäst
676 2450 86 29 skall
787 2448 184 39 utnyttjas.
994 2448 100 29 Detta
1118 2447 168 38 spörsmål
1311 2447 99 28 berör
1432 2446 9 28 i
1464 2446 61 28 och
1553 2445 52 28 för
1628 2444 49 37 sig

191 2497 86 31 både
305 2496 276 39 förvaltningens
609 2496 63 28 och
700 2494 64 30 den
794 2492 279 31 administrativa
1102 2491 299 39 rättskipningens
1430 2488 247 40 organisation.
