2106 2662
250 213 17 28 2
721 212 329 38 Bevillningsutskottets
1074 211 156 31 Memorial
1253 211 56 31 N:o
1334 213 28 28 9.

248 293 58 36 för
333 297 100 32 nästa
463 293 161 49 Riksdag
653 294 38 34 af
723 293 137 49 förslag
888 293 11 35 i
929 291 109 38 ofvan
1068 292 149 50 angifna
1246 291 107 50 syfte,
1382 292 126 44 dervid
1539 292 177 36 utskottet
1744 291 92 36 dock

249 349 99 35 velat
385 347 141 49 påpeka
564 352 52 31 ett
645 360 65 36 par
739 346 135 51 frågor,
903 360 76 23 som
1010 347 61 36 vid
1100 360 43 24 en
1172 360 51 37 ny
1251 345 231 52 lagstiftning
1511 347 11 36 i
1552 351 122 31 ämnet
1698 347 138 48 jemväl

248 403 104 35 torde
382 403 87 35 böra
499 403 351 48 uppmärksammas.
906 402 127 48 Enligt
1060 402 172 49 gällande
1261 402 274 35 bestämmelser
1563 408 39 29 är
1626 401 213 49 utländings

248 457 213 49 skyldighet
488 462 53 31 att
569 457 147 49 erlägga
746 456 332 49 bevillningsafgift
1105 455 56 37 för
1190 456 57 48 (de
1266 456 12 34 i
1298 456 204 48 åberopade
1522 455 160 49 lagrum)
1703 454 134 36 omför-

248 511 125 36 mälda
401 511 296 49 föreställningar
725 511 191 36 inskränkt
942 511 59 36 till
1031 511 43 36 de
1102 510 80 45 fall,
1213 510 45 36 då
1287 510 100 36 dessa
1416 509 118 50 gifvas
1562 515 77 31 mot
1667 509 170 36 inträdes-

249 564 110 52 afgift
387 572 94 30 samt
508 565 57 37 för
593 578 88 37 egen
711 566 164 49 räkning.
923 565 186 37 Utskottet
1137 564 204 37 föreställer
1370 565 54 49 sig
1452 571 55 29 att
1530 564 101 37 dessa
1650 564 188 37 inskränk-

247 622 133 48 ningar
407 621 201 49 lämpligen
628 621 120 35 skulle
768 621 125 35 kunna
913 621 196 48 borttagas,
1129 619 37 37 så
1184 625 55 30 att
1256 622 120 47 någon
1396 618 108 50 afgift
1524 618 107 37 äfven
1651 618 188 37 drabbade

248 676 204 48 utländing,
482 688 77 23 som
588 680 76 30 mot
692 681 240 42 engagement
957 674 200 48 uppträder
1176 687 83 22 vare
1280 675 53 47 sig
1352 673 21 36 å
1391 674 112 43 lokal,
1523 674 153 35 hvartill
1694 673 144 35 inträde

249 736 40 28 är
316 729 152 49 belagdt
495 728 81 35 med
605 727 121 49 afgift,
757 729 90 34 eller
874 727 20 36 å
922 728 261 35 schweitzerier
1211 729 67 33 och
1308 728 111 34 andra
1448 727 126 47 dylika
1603 727 142 40 ställen,
1775 726 65 35 der

247 784 108 48 ingen
395 781 270 50 inträdesafgift
697 783 174 48 erlägges.
929 782 16 36 I
974 783 54 35 sin
1057 780 280 51 ifrågavarande
1365 781 140 36 motion
1534 781 202 36 hemstälde
1766 794 73 22 mo-

248 838 179 43 tionären,
470 836 116 37 såsom
621 837 148 43 bekant,
805 842 53 30 att
885 835 142 38 hälften
1056 835 40 36 af
1122 836 155 36 berörda
1305 835 109 49 afgift
1442 836 120 34 skulle
1590 834 151 36 tillfalla
1770 835 69 36 den

249 893 190 43 kommun,
468 891 64 36 der
560 890 302 49 föreställningen
890 889 132 51 gåfves.
1078 890 75 36 Vid
1181 889 147 50 frågans
1355 890 225 48 behandling
1608 890 99 34 inom
1737 889 101 36 Riks-

250 946 118 49 dagen
411 952 121 43 syntes
574 945 93 36 dock
701 945 67 36 den
799 946 93 48 åsigt
920 945 11 35 i
961 945 204 35 allmänhet
1192 952 88 41 göra
1309 945 53 48 sig
1391 944 181 49 gällande,
1601 947 55 32 att
1684 942 154 49 afgiften

249 999 228 37 fortfarande
506 999 111 37 borde
646 999 217 36 åtminstone
892 999 57 36 till
978 998 265 49 hufvudsaklig
1272 998 58 36 del
1359 997 85 50 ingå
1463 999 58 34 till
1541 1003 125 30 staten.
1708 997 131 36 Ehuru

251 1055 61 36 det
354 1055 30 48 ej
429 1054 102 36 torde
574 1054 125 36 kunna
736 1053 187 45 bestridas,
952 1060 53 29 att
1033 1054 69 35 den
1131 1052 56 37 för
1215 1051 172 50 afgiftens
1416 1053 174 48 behöriga
1618 1051 222 49 erläggande

251 1108 241 50 erforderliga
528 1109 164 34 kontroll
725 1109 131 34 lättare
886 1109 118 35 skulle
1032 1108 126 35 kunna
1186 1106 280 44 åstadkommas,
1495 1119 59 23 om
1584 1105 153 48 afgiften
1767 1106 74 35 till-

251 1163 89 36 fölle
368 1162 272 37 vederbörande
669 1163 189 43 kommun,
888 1163 65 34 har
981 1163 179 34 utskottet
1187 1162 115 34 likväl
1332 1162 30 46 ej
1394 1166 118 30 ansett
1540 1161 118 35 denna
1687 1165 154 30 omstän-

252 1217 125 49 dighet
413 1222 130 43 utgöra
580 1216 218 48 tillräckligt
830 1216 79 35 skäl
938 1214 54 37 för
1021 1220 54 31 att
1101 1214 120 37 införa
1249 1228 42 22 en
1322 1215 102 48 dylik
1455 1215 266 42 bestämmelse,
1752 1219 88 30 utan

251 1284 104 23 anser
384 1273 54 33 att
462 1269 156 51 afgiften
645 1268 225 38 fortfarande
898 1269 218 36 åtminstone
1147 1270 61 35 till
1237 1275 113 29 större
1379 1269 60 36 del
1469 1269 65 35 bör
1562 1269 149 34 komma
1739 1272 101 31 stats-

251 1326 127 34 verket
404 1326 60 34 till
493 1325 104 48 godo.

358 1378 51 36 På
437 1379 120 48 grund
587 1377 40 36 af
652 1378 98 36 hvad
779 1377 153 36 sålunda
961 1376 124 37 blifvit
1112 1376 149 36 anfördt
1288 1377 212 34 hemställer
1529 1376 188 42 utskottet,

783 1473 55 30 att
880 1468 205 46 Riksdagen
1123 1467 80 35 med
1234 1466 199 45 anledning
1461 1465 40 35 af
1528 1466 82 35 herr
1638 1464 204 49 Svanbergs

676 1521 111 36 ofvan
816 1522 156 35 berörda
1001 1521 136 35 motion
1169 1520 112 36 måtte
1310 1521 64 35 hos
1402 1520 134 46 Kongl.
1567 1519 102 48 Maj:t
1697 1519 11 34 i
1738 1518 103 36 skrif-

678 1576 95 35 velse
811 1574 158 46 anhålla,
1007 1575 59 35 det
1103 1575 137 35 täcktes
1280 1574 131 49 Kongl.
1443 1574 101 47 Maj:t
1572 1573 73 35 låta
1675 1573 167 34 utarbeta

677 1634 94 31 samt
804 1628 57 36 för
894 1634 101 30 nästa
1022 1628 169 49 Riksdag
1219 1627 207 50 framlägga
1455 1628 138 48 förslag
1619 1627 61 35 till
1708 1626 135 36 sådana

676 1682 218 36 förändrade
924 1683 274 36 bestämmelser
1225 1682 153 36 rörande
1408 1679 374 51 bevillningsafgifter
1807 1679 39 36 af

677 1737 237 49 utländingar
951 1735 58 37 för
1046 1737 187 35 konserter
1266 1737 89 35 eller
1384 1736 223 35 dramatiska
1635 1734 64 35 och
1731 1734 112 35 andra

676 1791 307 49 föreställningar,
1012 1796 53 30 att
1094 1791 100 35 dessa
1223 1789 150 50 afgifter
1401 1791 149 34 komma
1574 1795 54 29 att
1653 1787 86 50 utgå
1758 1787 85 36 med

677 1851 52 30 ett
767 1847 8 33 i
815 1844 230 37 förhållande
1083 1845 58 35 till
1179 1844 69 36 den
1286 1844 172 44 inkomst,
1499 1843 343 48 föreställningarna

678 1898 112 50 gifva,
818 1900 135 48 skäligt
982 1899 143 48 belopp.

359 1991 211 36 Stockholm
601 1990 67 35 den
700 1992 19 34 2
749 1990 94 47 april
879 1991 110 35 1889.

820 2079 50 36 På
898 2080 194 35 utskottets
1122 2085 150 42 vägnar:

774 2170 85 38 Er.
892 2168 141 40 Gust.
1065 2167 255 40 Boström.

648 2321 181 22 STOCKHOLM,
849 2321 114 18 TRYCKT
982 2321 10 17 1
1012 2319 333 25 CENTRAL-TRYCKERIET,
1369 2318 73 19 1889.
