2193 2650
428 174 42 31 24
880 168 251 34 Statsutskottets
1160 166 168 34 Utlåtande
1352 165 61 33 N:o
1437 166 72 32 179.

512 250 393 50 Medicinalstyrelsen
932 250 69 36 har
1028 249 12 37 i
1067 247 213 38 infordradt
1307 245 197 38 utlåtande
1533 244 74 37 den
1640 244 46 36 15
1707 242 152 50 januari
1880 243 99 36 1908

383 307 139 47 anfört,
576 306 181 36 hurusom
808 303 189 50 styrelsen
1044 302 119 38 redan
1208 300 13 37 i
1267 298 239 49 underdånig
1556 296 201 38 skrifvelse
1807 295 73 37 den
1933 297 45 35 18

377 359 154 51 januari
574 359 110 47 1897,
727 357 156 37 hvilken
915 355 220 39 föranledde
1167 352 252 39 tillsättandet
1447 351 41 37 af
1512 351 73 37 den
1613 350 13 37 i
1655 349 64 38 det
1745 348 235 50 föregående

384 411 203 39 omordade
614 410 239 47 kommittén,
882 409 101 37 varit
1009 409 11 36 i
1049 407 147 38 tillfälle
1224 411 56 32 att
1307 406 59 37 för
1393 405 142 49 Kungl.
1566 404 108 49 Maj:t
1700 401 199 38 framhålla
1918 401 63 36 det

383 464 213 51 trängande
624 463 180 37 behofvet
832 462 59 37 för
919 460 197 52 styrelsen,
1142 462 123 35 såsom
1285 457 209 38 utöfvande
1514 458 139 48 högsta
1671 455 182 50 tillsynen
1873 453 108 37 öfver

384 519 72 36 den
498 517 190 37 allmänna
728 515 253 37 hälsovården
1013 513 116 38 bland
1163 512 105 38 såväl
1296 510 221 38 människor
1544 523 81 24 som
1655 508 98 50 djur,
1783 512 57 32 att
1868 506 114 37 hafva

383 571 58 37 till
475 570 66 38 sitt
569 568 228 50 förfogande
827 581 47 24 en
903 566 249 48 statsanstalt,
1182 565 79 48 där,
1290 563 114 38 bland
1432 568 128 43 annat,
1591 561 105 38 såväl
1724 559 257 50 diagnostiskt

382 622 324 50 bakteriologiska
740 620 336 49 undersökningar
1108 618 127 38 kunde
1263 616 224 38 verkställas
1515 629 81 24 som
1626 614 71 37 ock
1724 612 256 51 terapeutiskt

382 675 324 48 bakteriologiska
738 674 124 36 medel
891 674 70 36 och
988 673 174 35 vacciner
1189 670 207 37 tillverkas.
1452 669 17 35 I
1497 666 255 51 nyssberörda
1780 665 201 36 skrifvelse

383 728 96 37 hade
494 725 394 51 medicinalstyrelsen
898 725 146 50 jämväl
1063 722 206 39 framhållit
1289 720 338 50 nödvändigheten
1642 719 47 48 af,
1708 722 55 32 att
1778 717 46 37 de
1839 716 143 50 ifråga-

382 780 166 38 varande
576 778 324 50 bakteriologiska
929 777 180 38 arbetena
1138 776 70 37 och
1237 773 324 39 fabrikationerna
1587 773 105 48 finge
1720 769 175 50 försiggå
1918 768 65 38 vid

384 846 47 25 en
473 832 162 38 särskild
677 831 313 37 statsinstitution
1034 829 71 37 och
1146 828 84 37 icke
1265 827 190 37 anförtros
1490 828 38 34 åt
1556 825 46 37 de
1630 823 235 38 medicinska
1892 822 92 37 eller

384 885 217 38 veterinära
627 884 238 37 läroverken.

515 937 124 38 Sedan
681 937 86 36 dess
808 936 97 36 hade
948 936 32 49 ej
1025 935 119 36 heller
1186 939 120 43 några
1344 932 83 37 skäl
1468 930 128 38 blifvit
1638 929 231 47 förebragta,
1900 940 82 23 som

384 991 116 49 gifvit
540 988 392 51 medicinalstyrelsen
975 986 208 49 anledning
1224 990 55 32 att
1319 983 232 38 härutinnan
1591 981 149 38 biträda
1782 993 47 24 en
1857 991 126 25 annan

384 1044 169 48 mening.
609 1042 182 37 Däremot
833 1041 96 37 hade
958 1053 140 36 genom
1130 1039 140 48 Kungl.
1300 1037 127 49 Maj:ts
1455 1036 86 37 med
1563 1034 221 48 Riksdagen
1813 1035 40 34 år
1884 1033 96 35 1907

384 1096 146 37 fattade
571 1094 138 48 beslut,
753 1098 54 32 att
840 1094 47 36 de
919 1093 60 37 för
1008 1092 187 50 styrelsen
1224 1089 249 49 erforderliga
1501 1087 225 38 medicinskt
1754 1084 228 38 bakteriolo-

385 1149 111 49 giska
524 1147 71 37 och
621 1146 270 37 rättskemiska
918 1144 384 48 undersökningarna
1330 1142 120 37 skulle
1473 1139 225 39 verkställas
1717 1138 66 37 vid
1803 1151 48 23 en
1871 1141 112 32 stats-

385 1199 211 38 medicinsk
620 1199 152 48 anstalt,
802 1211 80 24 som
911 1197 81 38 icke
1020 1196 96 37 hade
1144 1198 120 47 något
1292 1197 240 47 gemensamt
1551 1191 86 38 med
1657 1191 75 37 den
1751 1188 232 38 medicinska

384 1252 340 48 undervisningen,
767 1250 122 50 enligt
916 1248 409 50 medicinalstyrelsens
1357 1245 261 47 förmenande,
1646 1243 224 50 ytterligare
1898 1240 86 38 stöd

385 1305 156 36 vunnits
570 1304 58 37 för
656 1304 206 50 styrelsens
891 1301 248 38 omförmälda
1169 1300 110 37 åsikt.

512 1356 305 37 Konsekvensen
845 1360 132 45 syntes
1006 1354 109 37 alltså
1134 1353 139 48 fordra,
1295 1357 55 32 att
1369 1351 114 37 äfven
1503 1350 63 37 det
1584 1344 399 42 veterinär-bakterio-

384 1409 150 51 logiska
576 1408 254 48 laboratoriet,
860 1421 81 24 som
969 1406 118 38 borde
1114 1405 117 37 hafva
1259 1418 48 24 en
1334 1403 155 38 alldeles
1517 1401 139 49 analog
1684 1399 184 49 ställning
1895 1397 88 38 med

384 1461 256 51 nyssberörda
681 1461 228 37 medicinskt
949 1457 327 50 bakteriologiska
1305 1455 207 49 afdelning,
1540 1454 85 38 icke
1652 1452 147 38 bundes
1827 1451 65 37 vid
1920 1450 64 37 det

385 1515 214 37 veterinära
639 1514 215 36 läroverket
887 1517 93 32 utan
1016 1511 238 37 anordnades
1283 1512 125 35 såsom
1437 1521 46 23 en
1513 1504 245 53 själfständig
1786 1503 198 46 afdelning

385 1567 41 36 af
451 1567 73 37 den
552 1565 331 38 statsmedicinska
911 1563 202 38 anstalten.

514 1619 59 37 En
601 1618 118 37 sådan
746 1618 156 48 lösning
929 1630 91 24 vore
1045 1616 80 47 ock,
1146 1614 122 49 enligt
1288 1611 408 50 medicinalstyrelsens
1717 1609 169 49 mening,
1905 1608 80 36 helt

385 1672 126 36 säkert
539 1671 59 36 för
625 1675 125 33 staten
779 1670 71 37 och
879 1670 86 36 dess
994 1669 190 36 allmänna
1213 1665 201 39 hälsovård
1441 1665 72 37 den
1540 1664 121 37 bästa.

515 1722 129 38 Skulle
672 1722 211 37 emellertid
916 1721 120 37 Eders
1069 1719 140 49 Kungl.
1241 1719 108 49 Maj:t
1376 1718 114 47 finna,
1520 1721 56 32 att
1600 1716 62 36 det
1681 1712 300 39 veterinär-bak-

385 1775 249 50 teriologiska
674 1774 246 38 laboratoriet
960 1773 117 38 borde
1118 1772 13 37 i
1160 1771 143 37 olikhet
1331 1770 86 37 med
1445 1769 64 37 det
1537 1767 228 38 medicinskt
1791 1765 192 38 bakterio-

384 1828 151 49 logiska
575 1826 245 38 laboratoriet
861 1826 187 37 anordnas
1088 1825 13 36 i
1142 1823 183 38 samband
1366 1822 85 38 med
1493 1834 47 24 en
1571 1819 236 47 läroanstalt,
1835 1818 150 37 alltså
1967 1814 21 67 i

385 1881 105 36 detta
531 1879 66 37 fall
637 1879 88 37 med
765 1877 398 47 veterinärinstitutet,
1206 1878 141 47 ansåge
1391 1875 60 49 sig
1479 1871 393 49 medicinalstyrelsen
1899 1871 86 35 med

384 1932 242 38 bestämdhet
668 1932 92 37 böra
799 1931 213 46 framhålla,
1055 1935 55 31 att
1149 1927 259 49 laboratoriet,
1451 1940 59 24 om
1553 1925 64 37 det
1649 1924 121 37 skulle
1798 1922 95 50 fylla
1921 1922 65 37 det

385 1985 187 47 ändamål,
609 1984 190 50 styrelsen
834 1983 85 37 med
948 1983 209 37 detsamma
1186 1981 126 47 afsett,
1342 1982 133 45 måste,
1504 1978 86 37 med
1619 1977 73 37 den
1720 1974 266 38 modifikation

384 2037 235 38 beträffande
647 2036 247 38 ekonomiska
921 2036 141 49 frågor,
1092 2047 81 25 som
1203 2034 41 36 af
1269 2032 239 37 direktionen
1527 2030 59 37 för
1603 2026 384 41 veterinärinstitutet

385 2089 199 51 angifvits,
626 2089 13 37 i
671 2089 122 37 likhet
821 2088 85 38 med
935 2088 46 37 de
1010 2088 116 37 redan
1154 2086 198 37 beslutade
1382 2084 294 48 afdelningarna
1705 2081 41 37 af
1770 2081 74 36 den
1872 2083 113 33 stats-

385 2142 235 37 medicinska
662 2142 189 37 anstalten
893 2146 145 32 sortera
1079 2139 124 37 direkt
1243 2138 123 37 under
1407 2137 71 37 den
1506 2134 240 50 myndighet,
1776 2146 82 23 som
1886 2131 98 37 hade

385 2194 547 39 veterinäradministrationen
961 2207 61 24 om
1051 2191 117 46 hand;
1198 2191 211 49 hvarjämte
1438 2189 186 50 styrelsen
1653 2187 114 37 äfven
1790 2183 97 39 hade
1911 2184 75 37 den

385 2246 199 39 bestämda
616 2246 313 51 uppfattningen,
964 2250 56 33 att
1047 2243 264 40 laboratoriets
1340 2242 246 50 tjänstemän,
1616 2239 106 38 såväl
1749 2236 237 39 förestånda-
