2203 2665
390 230 19 29 4
574 227 118 32 Andra
716 226 217 32 Kammarens
960 225 185 42 Tillfälltga
1177 225 141 33 Utskotis
1342 225 69 41 (Nr
1433 225 37 40 1)
1502 226 175 32 Utlåtande
1700 226 53 32 Nr
1777 229 30 30 9.

389 311 221 37 vudstadens
653 310 169 48 samtliga
850 309 167 37 läroverk
1041 310 67 35 och
1137 311 53 34 ett
1214 309 89 36 eller
1332 312 111 33 annat
1472 309 13 36 i
1514 310 219 36 landsorten.
1791 311 76 35 Där
1896 311 97 47 påvi-

389 378 56 24 sag
475 366 135 44 vidare,
642 368 54 34 att
725 365 159 47 påbudet
913 377 57 23 om
999 363 260 48 obligatoriska
1287 363 232 49 kyrkobesök
1548 364 152 37 innebär
1729 368 52 33 ett
1804 368 113 45 tvång
1937 365 56 37 för

389 421 116 35 lärare
551 421 66 35 och
659 420 186 48 lärjungar
874 419 62 37 vid
965 419 44 35 de
1033 419 183 35 allmänna
1243 419 227 44 läroverken,
1500 418 144 37 hvilket
1668 419 13 35 i
1711 422 78 34 vårt
1818 421 175 35 samhälle

389 481 40 29 är
471 474 228 48 fullkomligt
727 474 229 43 enastående,
974 473 13 36 i
1006 474 61 35 det
1086 476 53 33 att
1154 473 165 36 hvarken
1334 473 202 36 folkskolor
1551 474 87 35 eller
1653 473 222 45 seminarier,
1892 474 101 36 flick-

389 529 120 37 skolor
537 530 67 35 och
634 529 114 36 andra
776 528 289 49 privatläroverk
1090 527 123 36 därtill
1230 527 110 37 hafva
1359 530 118 45 någon
1496 528 272 48 motsvarighet.
1803 529 190 47 Kyrkobe-

389 584 114 35 söken
528 584 98 44 böra,
658 589 103 42 säger
788 582 199 45 inledaren,
1019 582 56 36 för
1105 582 44 35 de
1178 582 181 35 allmänna
1387 582 234 37 läroverkens
1641 583 183 48 lärjungar
1844 583 75 36 lika
1934 584 59 35 väl

389 650 75 24 som
494 638 56 36 för
580 638 123 44 andra,
734 650 86 24 vara
849 638 103 35 deras
981 649 91 35 egen
1101 637 66 35 och
1196 636 182 48 familjens
1408 637 77 44 sak,
1517 638 66 35 och
1612 638 74 34 han
1706 637 172 47 påpekar,
1896 638 97 35 huru

388 695 152 44 tvånget
569 693 102 35 torde
701 692 112 36 verka
842 691 150 47 menligt
1012 691 13 35 i
1044 691 122 35 stället
1182 691 56 35 för
1253 694 195 44 gynnsamt
1464 694 46 43 på
1524 692 224 46 ungdomens
1764 691 227 48 religiositet,

389 746 115 38 väcka
532 746 82 36 leda
643 746 65 36 och
734 746 95 36 olust
857 745 63 37 vid
948 745 273 48 kyrkogången.
1253 745 87 35 Han
1369 744 139 36 erinrar
1524 745 108 36 också
1649 746 134 44 därom,
1802 748 53 33 att
1871 745 122 37 Stock-

388 801 354 36 holmsläroverkens
779 800 185 49 lärjungar
1006 799 81 36 icke
1129 799 126 35 kunna
1283 805 104 42 sägas
1415 799 115 36 brista
1558 799 13 36 i
1599 799 169 48 religiösa
1796 799 196 45 intressen,

389 856 117 34 ehuru
531 856 43 34 de
603 855 152 35 befriats
784 855 82 35 från
890 855 101 35 detta
1018 857 123 44 tvång,
1172 855 66 34 och
1263 857 54 32 att
1345 854 43 35 de
1422 853 170 48 frivilligt
1624 854 136 35 besöka
1789 854 92 36 både
1910 855 83 47 kyr-

389 909 66 36 kor
484 910 66 35 och
580 908 181 38 särskilda
789 908 340 48 skolgudstjänster.

496 964 190 36 Utskottet
728 964 67 35 har
837 963 123 36 funnit
1003 963 43 35 de
1089 962 91 44 skäl,
1211 974 75 24 som
1316 962 153 36 sålunda
1498 962 185 36 framförts
1713 962 56 36 för
1798 965 53 33 att
1880 963 113 47 aflysa

388 1018 361 49 gudstjänsttvånget
790 1018 82 35 från
914 1018 43 35 de
1000 1017 183 35 allmänna
1225 1016 225 44 läroverken,
1482 1017 145 47 mycket
1654 1016 335 49 behjärtansvärda.

388 1073 70 35 För
487 1073 129 35 nutida
645 1072 240 47 uppfattning
912 1072 116 47 ligger
1048 1072 61 34 det
1128 1071 13 35 i
1156 1071 126 48 hvarje
1298 1071 319 47 religionsöfnings
1635 1076 120 39 väsen,
1776 1074 58 47 att
1852 1072 59 34 den
1927 1071 65 36 bör

389 1127 66 35 ske
485 1126 182 48 frivilligt,
699 1127 66 36 och
794 1127 255 35 erfarenheten
1073 1126 201 47 bestyrker,
1306 1128 53 33 att
1389 1126 99 35 detta
1516 1128 114 34 måste
1654 1126 96 46 gälla
1778 1125 110 36 äfven
1905 1138 87 35 ung-

391 1181 130 35 domen
564 1181 12 35 i
619 1181 178 36 skolorna.
856 1182 70 34 För
969 1180 234 47 lärjungarna
1240 1179 14 35 i
1292 1180 43 34 de
1365 1180 178 43 läroverk,
1575 1180 64 34 där
1668 1179 255 48 gudstjänsten
1953 1185 40 30 är

390 1234 249 48 obligatorisk,
671 1239 55 32 ter
756 1235 70 35 den
854 1234 57 48 sig
938 1234 14 35 i
980 1237 131 43 många
1139 1234 63 35 fall
1232 1246 75 23 som
1333 1237 53 32 ett
1405 1236 122 45 tvång,
1546 1246 46 22 en
1607 1233 212 47 prestation,
1837 1233 153 37 hvilken

390 1301 82 23 man
501 1302 56 22 om
586 1289 143 48 möjligt
757 1288 66 36 vill
851 1289 144 35 komma
1023 1288 107 45 ifrån,
1161 1289 67 34 och
1257 1288 60 35 det
1347 1293 39 30 är
1414 1288 216 46 uppenbart,
1648 1291 54 32 att
1730 1288 70 35 den
1820 1287 171 47 religiösa

389 1343 186 35 andakten
614 1346 113 33 måste
770 1343 109 35 häraf
917 1343 84 35 lida.
1060 1342 68 36 Att
1156 1343 82 34 leda
1266 1342 67 35 och
1362 1342 95 35 olust
1486 1341 62 37 vid
1577 1342 262 47 kyrkogången
1869 1342 122 35 alltför

387 1396 77 36 ofta
492 1396 72 36 blir
597 1409 46 23 en
672 1397 103 36 frukt
804 1397 39 35 af
868 1396 369 49 gudstjänsttvånget,
1256 1398 116 33 såsom
1387 1395 188 36 inledaren
1591 1396 61 36 vid
1671 1398 99 34 1909
1787 1398 57 34 års
1859 1396 132 35 lärare-

389 1454 95 33 möte
522 1451 212 45 framhållit,
767 1457 38 29 är
843 1463 45 23 en
917 1450 167 48 sanning,
1115 1463 75 23 som
1218 1450 92 36 både
1338 1450 117 35 lärare
1485 1451 67 35 och
1581 1450 104 36 forna
1713 1450 189 48 lärjungar
1929 1450 63 37 vid

388 1505 44 35 de
475 1506 182 35 allmänna
691 1505 214 36 läroverken
940 1518 72 34 nog
1049 1508 113 32 måste
1199 1504 183 47 bestyrka.
1440 1505 18 34 I
1491 1504 103 47 fråga
1622 1517 56 23 om
1708 1505 44 35 de
1781 1517 114 35 yngre
1923 1505 68 35 lär-

383 1559 184 47 jungarna
596 1560 113 46 gäller
737 1559 192 47 härvidlag
957 1558 184 44 särskildt,
1174 1562 53 32 att
1255 1558 255 48 gudstjänsten
1539 1559 56 34 för
1615 1559 80 34 dem
1712 1564 39 30 är
1768 1559 148 35 alldeles
1937 1558 56 36 för

386 1613 87 47 lång
513 1614 66 35 och
616 1613 91 36 både
745 1613 112 36 ritual
880 1614 66 34 och
976 1612 178 48 predikan
1179 1613 121 35 alltför
1324 1612 245 48 svårfattliga;
1618 1613 65 35 hos
1713 1613 44 35 de
1787 1613 98 35 äldre
1915 1615 77 33 åter

388 1667 133 36 verkar
549 1667 156 36 känslan
733 1667 41 36 af
798 1670 113 44 tvång
939 1668 82 35 med
1049 1667 81 36 hela
1159 1666 57 37 sin
1244 1666 138 48 styrka.
1417 1667 51 35 På
1497 1669 39 33 så
1565 1669 72 34 sätt
1666 1667 144 36 komma
1839 1667 44 35 de
1904 1667 88 35 obli-

388 1721 186 47 gatoriska
603 1722 295 47 gudstjänsterna
927 1721 158 36 faktiskt
1113 1724 53 33 att
1194 1721 187 36 motverka
1410 1720 65 36 sitt
1503 1724 82 44 eget
1614 1722 177 34 ändamål.

497 1776 66 35 Om
607 1776 180 35 utskottet
829 1776 152 35 sålunda
1023 1778 114 33 måste
1180 1787 96 32 anse,
1314 1778 53 32 att
1410 1775 44 35 de
1483 1774 260 47 obligatoriska
1772 1776 221 47 gudstjänst-

387 1829 161 35 besöken
588 1829 86 36 böra
716 1829 174 36 afskaffas
935 1829 61 36 vid
1039 1830 44 34 de
1126 1829 182 35 allmänna
1346 1829 223 43 läroverken,
1601 1831 39 34 så
1669 1830 67 34 har
1765 1829 179 36 utskottet
1974 1832 20 32 å

389 1883 113 35 andra
544 1883 105 36 sidan
693 1884 108 36 också
844 1884 343 47 uppmärksammat,
1233 1886 53 33 att
1328 1883 168 47 åtgärder
1538 1883 86 35 böra
1662 1883 127 35 kunna
1813 1883 177 47 vidtagas,

388 1949 78 24 som
503 1940 46 44 på
591 1940 52 33 ett
680 1938 119 36 bättre
828 1941 72 32 sätt
924 1938 120 46 lämpa
1072 1937 56 47 sig
1157 1937 93 36 efter
1274 1937 307 47 skolungdomens
1609 1937 171 47 religiösa
1808 1937 184 36 förutsätt-

388 1990 140 48 ningar.
589 1992 64 35 Ett
696 1992 85 47 godt
825 1992 153 47 uppslag
1020 1991 126 36 härtill
1189 2004 107 35 synes
1333 1992 180 35 utskottet
1550 1991 99 47 ligga
1683 1992 13 34 i
1721 1992 43 34 de
1793 1991 103 36 barn-
1925 1992 66 35 och

388 2045 438 49 ungdomsgudstjänster,
871 2058 75 24 som
990 2047 66 34 här
1085 2046 66 36 och
1180 2046 91 36 hvar
1300 2045 117 48 börjat
1446 2046 179 35 anordnas
1654 2045 14 35 i
1696 2045 186 48 kyrkorna
1910 2046 82 35 med

389 2111 46 23 en
474 2100 199 44 förkortad,
719 2100 92 35 efter
845 2101 43 34 de
917 2112 97 36 unga
1043 2100 177 36 åhörarna
1248 2100 145 47 lämpad
1422 2099 180 47 predikan
1631 2100 66 35 och
1726 2112 46 23 en
1800 2100 192 35 förenklad

388 2152 123 36 ritual.
570 2154 68 36 Om
667 2154 135 36 sådana
831 2154 247 48 gudstjänster
1106 2153 116 37 blifva
1250 2153 154 47 vanliga,
1433 2159 38 29 är
1500 2154 61 35 det
1590 2153 194 49 själffallet,
1811 2157 53 32 att
1883 2154 110 35 också

389 2207 45 35 de
463 2208 180 35 allmänna
671 2208 236 37 läroverkens
936 2208 186 48 lärjungar
1151 2208 126 35 kunna
1305 2207 172 36 hänvisas
1506 2207 57 36 till
1592 2208 91 44 dem,
1710 2211 25 32 t.
1767 2220 56 23 ex.
1860 2220 131 35 genom

387 2260 383 49 tillkännagifvanden
810 2262 13 36 i
852 2262 169 49 skolorna
1050 2265 46 44 på
1123 2261 169 48 lämpligt
1316 2264 83 41 sätt,
1431 2273 82 24 men
1542 2261 234 48 naturligtvis
1807 2261 104 36 alltid
1940 2264 51 41 så,

388 2318 55 32 att
472 2315 264 47 frivilligheten
764 2317 13 34 i
806 2316 270 48 kyrkobesöket
1103 2315 83 36 icke
1214 2316 122 35 trädes
1366 2315 56 36 för
1450 2321 98 29 nära.
1607 2316 71 35 Det
1699 2321 38 30 är
1757 2315 237 48 synbarligen
