1886 2780
276 166 19 30 4
713 164 289 31 Statsutskottets
1029 163 180 30 utlåtande
1234 172 44 21 nr
1303 162 52 30 64.

278 252 51 29 att
357 251 101 39 tjäna
488 260 74 20 som
591 250 170 39 underlag
790 249 56 32 för
874 249 155 39 bolagets
1058 248 226 41 produktion,
1313 248 73 30 helt
1415 247 63 30 bör
1508 246 212 31 finansieras
1750 256 44 21 av

277 300 148 40 bolaget.

323 350 118 30 Under
464 349 219 40 åberopande
708 359 42 21 av
773 350 57 31 det
855 349 149 30 anförda
1027 347 203 31 hemställer
1253 348 184 34 utskottet,

632 401 50 28 att
702 399 190 39 riksdagen
912 399 59 30 må
990 398 53 30 till
1063 397 273 39 Aktieteckning
1357 398 11 29 i
1387 396 243 40 Aktiebolaget
1651 396 143 30 Ceaver-

586 450 68 30 ken
677 450 54 30 för
753 449 207 39 budgetåret
984 449 149 35 1952/53
1157 449 112 29 under
1290 449 132 29 fonden
1444 448 55 30 för
1523 449 132 29 statens
1678 448 116 30 aktier

590 499 123 31 anvisa
735 501 48 29 ett
806 498 358 40 investeringsanslag
1187 508 41 21 av
1254 497 96 31 1300
1365 497 63 30 000
1452 498 141 29 kronor.

326 601 202 30 Stockholm
550 600 67 30 den
641 599 41 30 28
703 609 96 22 mars
824 599 95 30 1952.

773 699 49 30 På
845 699 280 30 statsutskottets
1146 699 147 38 vägnar:

807 799 174 30 MARTIN
1012 798 248 31 SKOGLUND.

325 1077 64 30 Vid
414 1076 222 39 förestående
663 1075 148 31 ärendes
838 1075 289 39 slutbehandling
1154 1076 93 28 inom
1277 1074 173 29 utskottet
1476 1074 91 29 hava
1593 1072 158 31 närvarit

321 1143 81 30 från
436 1143 167 30 första
636 1143 224 29 kammaren:
885 1142 123 31 herrar
1030 1142 125 30 Gustaf
1177 1142 180 33 Karlsson,
1382 1141 89 30 Iwar
1494 1140 193 35 Anderson,
1710 1140 89 30 Näs-

276 1186 96 39 gård,
399 1186 125 30 fröken
550 1185 213 35 Andersson,
789 1185 123 30 herrar
937 1184 168 34 Leander,
1132 1184 189 33 Gillström,
1349 1184 80 29 Eric
1453 1183 157 37 Ericson,
1637 1183 158 32 Pålsson,

276 1228 194 35 Näsström,
500 1227 178 35 Sundelin,
707 1227 121 40 Birger
856 1227 212 36 Andersson,
1098 1226 84 30 Axel
1211 1226 214 35 Andersson,
1454 1225 199 39 Lundgren,
1683 1224 113 30 Edvin

276 1271 107 29 Thun
404 1271 64 29 och
488 1270 189 39 Bergman;
701 1272 92 28 samt

322 1329 82 30 från
468 1329 123 30 andra
622 1329 224 29 kammaren:
869 1329 121 30 herrar
1012 1327 179 40 Skoglund
1211 1328 11 29 i
1243 1327 225 39 Doverstorp,
1488 1326 121 34 Ward,
1630 1326 135 29 Boman
1785 1325 11 29 i

277 1371 141 40 Kieryd,
448 1371 223 31 Mårtensson
698 1372 11 29 i
738 1371 201 33 Uddevalla,
969 1370 199 36 Lindholm,
1198 1369 213 34 Rubbestad,
1442 1369 108 34 Ståhl,
1580 1367 216 34 Åkerström,

276 1414 202 30 Johansson
500 1415 11 28 i
534 1413 167 40 Mysinge,
724 1412 175 40 Kollberg,
923 1411 173 40 Thapper,
1120 1411 126 30 fröken
1269 1411 136 37 Elmén,
1427 1411 123 30 herrar
1572 1410 114 34 Birke,
1711 1409 88 30 Gus-

277 1455 139 31 tafsson
439 1456 10 29 i
474 1456 202 30 Slockholm
701 1456 65 29 och
790 1454 171 30 Karlsson
982 1455 12 29 i
1018 1453 205 31 Olofström.
