2206 2656
713 231 232 42 Lagutskottets
974 230 170 34 Utlåtande
1168 231 61 33 N:o
1255 230 51 33 30.
1751 227 19 30 3

220 315 164 50 mening.
440 314 90 37 Men
563 313 116 38 sedan
707 312 128 50 gamla
861 312 97 37 tider
985 311 69 38 har
1081 310 103 38 detta
1212 310 136 37 besvär
1374 309 12 37 i
1415 308 206 38 allmänhet
1648 307 165 50 utgjorts

219 368 207 46 häradsvis,
470 366 70 37 och
581 366 62 37 det
683 365 140 37 räknas
852 364 124 37 derför
1008 363 82 38 icke
1122 363 40 36 in
1188 363 12 36 i
1228 362 100 37 hvad
1356 375 88 24 man
1467 361 177 50 vanligen
1674 361 139 36 förstår

220 420 86 37 med
333 417 430 50 kommunalutskylder.

349 471 147 38 Genom
530 476 54 31 ett
616 469 174 50 exempel
816 469 84 36 från
928 468 78 36 min
1034 467 189 37 hemtrakt
1251 466 66 36 vill
1340 466 69 49 jag
1437 466 93 36 söka
1558 465 93 47 visa,
1681 469 57 32 att
1765 477 47 24 en

218 523 238 50 kronoparks
485 522 177 38 bildande
687 521 121 50 enligt
826 535 51 22 nu
896 520 179 49 gällande
1094 518 242 50 lagstiftning
1355 517 219 38 framkallar
1591 515 221 50 betänkliga

218 576 247 50 rubbningar,
496 575 112 36 äfven
637 588 59 22 om
727 574 134 48 frågan
885 586 58 23 om
963 569 473 50 kommunalutskylderna
1456 569 138 37 ordnas
1613 569 13 36 i
1646 568 167 49 enlighet

219 628 86 37 med
334 627 138 50 Kongl.
503 627 129 49 Maj:ts
657 625 140 50 nådiga
814 624 236 50 proposition
1069 623 57 37 till
1145 622 253 37 instundande
1418 621 182 48 Riksdag.
1643 620 17 37 I
1679 621 133 36 Rams-

218 681 114 47 bergs
373 678 230 51 vägdistrikt
638 679 41 36 af
703 668 142 47 Örebro
872 677 63 36 län
963 677 70 36 har
1063 680 121 32 staten
1213 675 59 37 för
1299 677 117 46 några
1445 677 40 33 år
1514 673 114 37 sedan
1657 673 58 36 för
1741 672 70 37 bil-

220 732 120 37 dande
373 732 42 36 af
442 730 217 49 kronopark
685 730 208 36 förvärfvat
920 736 20 38 +
970 728 143 37 mantal
1144 726 153 39 Sundbo
1325 726 90 37 eller
1445 724 226 39 Sundsboda
1699 737 61 24 n:o
1792 726 18 34 1

220 788 21 33 å
284 784 173 48 omkring
499 784 113 46 2,500
641 782 144 47 hektar,
814 780 396 50 taxeringsvärderadt
1236 778 55 37 till
1322 779 162 45 180,000
1512 777 148 37 kronor.
1716 776 96 37 Före

217 836 276 49 försäljningen
521 835 57 36 till
606 840 124 31 staten
759 847 66 23 var
853 833 124 37 denna
997 832 184 49 egendom
1198 834 97 34 åsatt
1313 831 109 47 1,800
1438 829 217 49 vägfyrkar.
1689 828 124 37 Sedan

219 888 128 49 kongl.
379 887 331 49 domänstyrelsen
739 886 67 36 hos
834 885 125 49 kongl.
990 882 379 49 kammarkollegium
1394 881 144 37 anmält
1561 881 127 49 köpet,
1709 880 102 37 med-

218 940 133 37 delade
381 939 128 49 kongl.
535 937 378 51 kammarkollegium
943 936 73 37 den
1045 938 21 34 8
1095 936 75 48 maj
1204 936 97 35 1888
1327 935 12 35 i
1359 934 200 37 skrifvelse
1579 933 58 36 till
1656 933 156 36 Konun-

218 1006 97 35 gens
343 989 416 51 befallningshafvande
788 990 12 36 i
829 989 142 37 Örebro
1000 988 75 47 län,
1106 992 54 32 att
1188 987 63 37 det
1278 986 125 37 funnit
1429 986 97 48 godt
1552 985 187 47 förordna,
1761 989 53 32 att

219 1045 74 36 den
334 1044 12 36 i
385 1043 233 49 Ramsbergs
659 1042 140 37 socken
827 1040 241 38 förvärfvade
1097 1039 236 50 egendomen
1357 1039 117 49 jemte
1504 1037 197 49 åtskilligt,
1731 1050 81 23 som

217 1096 232 37 förvärfvats
479 1095 11 36 i
521 1094 237 49 Fellingsbro
788 1093 138 38 socken
956 1093 70 36 och
1055 1092 129 47 härad,
1207 1090 120 38 skulle
1343 1090 31 36 »i
1391 1089 238 50 jordeboken
1648 1089 164 36 omföras

218 1148 59 37 till
319 1147 354 50 kronoegendomar
704 1146 120 37 under
857 1145 140 37 allmän
1031 1144 226 49 disposition
1286 1142 70 38 och
1383 1147 191 45 upptagas
1602 1141 120 37 under
1750 1140 63 37 det

219 1201 41 36 af
282 1200 130 49 kongl.
442 1198 326 49 domänstyrelsen
794 1197 144 49 jemväl
966 1197 219 47 föreslagna
1213 1209 116 23 namn
1358 1195 40 36 af
1414 1193 155 38 Grönbo
1586 1192 225 51 kronopark,

219 1266 82 23 som
331 1252 183 48 derjemte
548 1251 84 36 med
661 1264 62 22 n:o
757 1252 15 34 1
803 1249 237 37 betecknas».
1097 1248 148 36 Genom
1275 1247 123 36 denna
1427 1245 190 49 omförimg
1644 1245 81 37 blef
1747 1258 65 23 en-

218 1304 72 48 ligt
316 1303 210 49 väglagens
556 1302 191 37 föreskrift
775 1301 73 37 den
876 1301 11 36 i
917 1300 139 36 Lindes
1086 1299 69 37 och
1184 1298 230 49 Ramsbergs
1434 1297 182 50 bergslag
1633 1296 179 50 liggande

218 1355 259 49 egendomens
520 1354 128 48 vägtal
676 1353 151 37 nedsatt
855 1352 57 37 till
940 1360 19 37 i
988 1351 90 38 eller
1106 1353 74 34 450
1209 1350 218 49 vägfyrkar,
1456 1349 210 49 hvarjemte
1695 1361 116 36 egen-

217 1407 137 37 domen
382 1406 139 49 fritogs
549 1406 83 37 från
660 1403 332 39 naturaunderhåll
1022 1404 41 36 af
1084 1408 169 43 vägarne
1280 1402 102 36 inom
1411 1401 202 37 distriktet.

346 1458 278 49 Vägdistriktet
666 1458 69 36 har
774 1457 59 37 för
868 1456 234 37 närvarande
1141 1454 175 48 omkring
1344 1455 139 45 31,000
1512 1452 224 50 vägfyrkar;
1765 1455 48 47 på

218 1511 71 37 den
319 1511 11 36 i
359 1510 144 37 mantal
532 1515 98 31 satta
655 1509 135 50 jorden
818 1508 186 38 beräknas
1033 1508 56 36 för
1116 1506 232 37 närvarande
1379 1508 45 34 18
1446 1511 64 31 öre
1530 1519 45 36 pr
1593 1504 84 50 fyrk
1693 1505 119 48 jemte

218 1562 388 46 naturaunderhället;
653 1564 48 46 på
743 1561 121 48 öfriga
904 1558 440 50 beskattningsföremål,
1386 1571 82 24 som
1511 1562 64 32 äro
1616 1556 72 38 fria
1728 1557 85 36 från

218 1614 347 41 naturaunderhåll,
593 1614 186 36 beräknas
809 1615 46 34 28
885 1618 63 31 öre
976 1626 45 35 pr
1050 1611 96 50 fyrk.
1190 1611 89 36 Helt
1302 1610 157 50 nyligen
1479 1610 68 36 har
1567 1614 124 32 staten
1710 1609 101 37 inom

218 1680 145 23 samma
403 1665 224 50 vägdistrikt
668 1666 42 36 af
749 1665 159 36 Klotens
942 1663 217 49 aktiebolag
1186 1685 50 4 —
1264 1663 111 36 äfven
1402 1675 51 23 nu
1484 1662 59 36 för
1571 1661 175 37 bildande
1776 1660 41 37 af

219 1718 212 50 kronopark
464 1740 50 4 —
552 1717 58 36 för
643 1718 164 45 250,000
840 1716 139 36 kronor
1013 1715 135 49 inköpt
1181 1728 47 23 en
1263 1714 183 49 egendom
1477 1716 21 34 å
1527 1714 111 47 5,236
1667 1713 142 37 hektar.

219 1769 133 37 Staten
388 1770 67 36 har
483 1768 159 37 sålunda
669 1768 117 36 under
814 1780 131 24 senare
975 1770 41 33 år
1042 1767 101 36 inom
1172 1766 124 37 denna
1326 1765 139 37 socken
1494 1765 58 36 för
1579 1764 233 49 kronoparks

218 1821 175 37 bildande
436 1821 212 36 förvärfvat
689 1820 186 49 egendom
917 1819 60 36 för
1018 1823 90 32 nära
1150 1831 47 23 en
1239 1817 82 37 bhbalf
1358 1816 141 37 million
1536 1816 147 36 kronor.
1739 1816 73 36 Det

219 1873 167 48 framgår
414 1873 40 36 af
478 1872 46 37 de
554 1872 100 37 förut
682 1872 106 48 gifna
815 1870 254 50 uppgifterna,
1099 1870 152 36 hvilken
1281 1868 171 50 betydlig
1478 1867 191 50 rubbning
1687 1868 12 36 i
1718 1872 92 45 väg-

219 1925 209 36 distriktets
456 1924 177 37 ekonomi
662 1927 119 33 måste
810 1923 91 49 följa
929 1923 41 36 af
995 1927 54 31 ett
1077 1921 133 37 sådant
1238 1922 74 48 köp
1342 1920 84 37 med
1454 1919 110 39 deraf
1587 1920 224 37 framkallad

220 1977 188 48 omföriug
436 1976 12 36 i
472 1976 245 49 jordeboken.

347 2028 74 36 Det
462 2028 161 36 anförda
657 2027 187 49 exemplet
877 2026 107 36 torde
1012 2026 115 36 hafva
1154 2030 75 31 rätt
1258 2027 137 45 många
1424 2022 313 51 motsvarigheter
1765 2026 47 46 på

219 2080 115 36 andra
362 2079 76 36 håll
467 2079 71 36 och
564 2079 106 36 torde
699 2079 38 36 få
765 2079 101 46 flera,
891 2078 43 48 ju
963 2077 91 36 flera
1082 2076 351 49 skogsegendomar
1448 2080 125 32 staten
1590 2075 219 36 förvärfvar.

219 2132 16 35 I
264 2130 230 48 Ramsbergs
524 2131 137 36 socken
691 2131 69 35 och
787 2128 294 49 kringliggande
1108 2129 102 35 trakt
1238 2141 61 23 ser
1326 2140 85 23 man
1433 2127 85 37 med
1538 2139 76 34 oro,
1634 2125 177 37 hurusom

220 2188 104 31 stora
352 2182 230 48 egendomar
609 2181 177 48 utbjudas
815 2181 58 36 till
900 2179 228 49 försäljning
1155 2179 58 37 för
1240 2178 173 49 bildning
1437 2178 41 36 af
1494 2177 226 49 kronopark,
1741 2177 71 36 och

220 2248 88 22 man
336 2233 148 37 befarar
513 2246 47 23 en
589 2233 188 49 betydligt
796 2231 97 38 ökad
914 2230 255 48 skattebörda,
1191 2244 61 23 om
1273 2230 45 37 de
1333 2229 163 37 väntade
1518 2230 121 48 köpen
1659 2228 152 38 komma

219 2286 56 36 till
305 2285 118 37 stånd.

350 2337 197 36 Erkännes
576 2336 63 37 det
659 2350 90 23 vara
768 2335 184 48 orättvist,
975 2339 55 32 att
1049 2334 228 37 kommunen
1298 2332 60 38 vid
1379 2333 236 49 kronoparks
1636 2332 173 38 bildande
