1911 2829
510 197 312 31 Bankoutskottets
844 199 177 31 utlåtande
1041 209 42 20 nr
1103 201 19 29 5
1141 201 39 30 år
1201 201 83 30 1968
1624 204 13 28 1

842 501 113 41 Nr
925 497 32 56 5

357 611 183 29 Utlåtande
567 611 10 29 i
601 612 189 39 anledning
814 622 41 20 av
879 613 262 40 framställning
1165 615 80 39 från
1271 615 221 40 fullmäktige
1520 616 10 29 i
1554 616 88 29 riks-

555 674 136 29 banken
721 684 55 20 om
807 675 225 41 förflyttning
1061 686 42 20 av
1132 677 233 30 riksbankens
1395 678 249 39 sedeltryckeri

557 736 52 30 till
630 737 133 30 Tumba
783 747 45 20 m.
849 748 46 20 m.

202 842 233 40 Fullmäktige
452 843 11 29 i
476 844 214 30 riksbanken
705 845 64 30 har
786 846 9 29 i
812 846 164 30 skrivelse
992 847 52 29 till
1059 848 288 30 bankoutskottet
1363 849 66 29 den
1447 849 38 30 17
1501 849 142 39 januari

160 895 82 30 1968
272 896 164 40 framlagt
465 897 131 40 förslag
622 907 57 20 om
709 901 49 27 att
787 900 232 30 riksbankens
1049 901 246 40 sedeltryckeri
1323 903 88 29 skall
1441 903 121 39 flyttas
1589 904 53 29 till

158 950 137 29 Tumba
320 951 64 28 och
411 951 95 29 inom
532 961 120 20 ramen
680 953 53 29 för
760 953 56 29 AB
843 954 135 29 Tumba
1003 955 91 29 bruk
1120 956 289 38 organisatoriskt
1438 957 205 30 samordnas

158 1003 79 29 med
260 1004 233 30 riksbankens
517 1006 252 38 pappersbruk.

202 1056 252 41 Fullmäktiges
480 1059 166 29 skrivelse
670 1059 97 40 fogas
791 1061 51 28 till
867 1061 95 30 detta
985 1062 179 30 utlåtande
1189 1062 114 30 såsom
1328 1063 111 39 bilaga
1465 1064 28 29 1.
1518 1064 13 29 I
1557 1065 86 29 skri-

158 1111 117 29 velsen
300 1111 166 39 åberopas
492 1114 47 27 ett
565 1113 229 35 betänkande,
823 1114 508 41 »Sedeltryckeriutredningen
1358 1117 114 35 1965»,
1499 1118 107 30 vilket
1632 1119 11 28 i

157 1165 192 37 september
375 1165 81 29 1967
481 1166 145 38 avgivits
652 1176 42 20 av
715 1169 51 28 tre
792 1167 80 30 1965
898 1178 42 19 av
962 1168 219 40 fullmäktige
1205 1170 191 30 tillkallade
1420 1172 219 39 utrednings-

158 1219 92 29 män.
277 1219 250 35 Betänkandet,
557 1230 73 20 som
657 1221 210 39 publicerats
896 1225 135 37 separat
1059 1224 10 29 i
1096 1224 217 39 offsettryck,
1342 1225 132 39 återges
1502 1226 29 39 ej
1562 1227 78 34 här;

158 1271 79 30 dess
262 1272 154 30 innehåll
441 1273 170 30 refereras
638 1275 157 39 utförligt
820 1276 11 28 i
856 1276 238 40 fullmäktiges
1122 1278 175 30 skrivelse.
1324 1279 125 30 Vidare
1476 1279 167 40 åberopas

159 1334 42 20 en
224 1326 267 40 ritningsbilaga
513 1328 52 29 till
588 1329 244 35 betänkandet,
856 1330 117 29 vilken
996 1331 75 29 icke
1095 1331 107 30 heller
1227 1332 132 39 återges
1383 1332 73 36 här,
1483 1336 89 27 samt
1595 1336 47 27 ett

159 1380 173 38 protokoll
362 1380 69 30 fört
460 1381 58 29 vid
548 1383 259 29 sammanträde
837 1384 76 29 med
943 1384 115 30 lokala
1088 1385 331 40 företagsnämnden
1447 1387 58 29 vid
1537 1388 107 29 sedel-

160 1433 183 38 tryckeriet
360 1434 67 29 den
446 1435 39 29 19
503 1435 179 30 december
702 1436 81 30 1967
802 1438 64 28 och
882 1437 64 30 här
963 1438 131 39 bifogat
1113 1439 114 29 såsom
1247 1440 110 39 bilaga
1375 1441 29 28 2.

205 1487 13 28 I
239 1487 191 30 skrivelsen
449 1489 201 30 hemställer
672 1489 229 41 fullmäktige,
923 1493 49 27 att
991 1492 288 31 bankoutskottet
1300 1494 87 29 skall
1409 1494 128 30 föreslå
1556 1495 88 30 riks-

160 1540 111 39 dagen
292 1541 136 30 besluta
449 1544 49 27 att
519 1543 233 30 riksbankens
775 1544 245 40 sedeltryckeri
1043 1546 87 29 skall
1153 1547 174 39 förläggas
1348 1548 52 29 till
1422 1549 136 29 Tumba
1580 1550 62 28 och

161 1595 49 28 att
227 1594 56 29 det
301 1595 62 29 där
382 1596 87 29 skall
487 1596 37 29 få
540 1597 189 30 ankomma
744 1597 45 40 på
805 1598 57 28 AB
879 1599 136 29 Tumba
1031 1600 90 29 bruk
1139 1602 49 27 att
1205 1600 12 29 i
1234 1601 235 40 huvudsaklig
1486 1603 158 29 överens-

161 1648 198 30 stämmelse
385 1649 79 29 med
488 1650 67 29 vad
580 1650 359 40 utredningsmännen
966 1653 64 28 och
1056 1653 220 40 fullmäktige
1302 1655 178 40 föreslagit
1505 1656 139 40 vidtaga

160 1701 41 29 de
226 1701 161 40 åtgärder
412 1712 74 20 som
511 1703 107 30 därav
642 1704 207 31 föranledes.

460 1825 186 43 Förslagets
661 1827 173 42 bakgrund
850 1829 63 30 och
927 1829 242 43 huvudsakliga
1185 1832 159 30 innebörd

205 1898 236 40 Utredningen
469 1900 65 29 och
562 1901 56 29 det
646 1901 109 40 därpå
783 1902 178 38 grundade
990 1903 165 39 förslaget
1183 1905 63 29 har
1275 1906 183 30 föranletts
1487 1916 42 20 av
1556 1907 89 30 riks-

161 1951 129 40 dagens
311 1953 113 29 beslut
445 1954 124 29 hösten
593 1954 83 30 1964
703 1955 132 34 (BaU:s
856 1957 61 29 utl.
940 1966 41 20 nr
1003 1957 72 35 47),
1099 1959 50 28 att
1169 1959 339 40 bankofullmäktige
1533 1961 112 29 skulle

161 2005 124 30 utreda
305 2006 164 40 frågorna
489 2017 57 20 om
567 2017 42 20 en
630 2018 41 20 av
692 2009 78 29 dem
791 2009 165 31 förordad
977 2011 224 40 förflyttning
1221 2022 42 20 av
1283 2013 233 31 riksbankens
1538 2015 107 29 sedel-

160 2059 152 39 tryckeri
335 2060 52 29 till
411 2061 135 29 Tumba
570 2062 64 29 och
660 2071 56 20 om
740 2063 57 28 AB
821 2064 136 30 Tumba
979 2065 109 29 bruks
1113 2065 167 31 framtida
1305 2067 174 39 ställning.
1504 2068 141 39 Bolaget

160 2112 89 30 hade
271 2113 204 31 tillkommit
498 2115 45 39 på
565 2116 170 39 grundval
758 2126 43 20 av
821 2117 205 40 riksdagens
1049 2119 113 29 beslut
1185 2119 105 30 våren
1316 2120 81 30 1963
1428 2121 131 35 (BaU:s
1583 2123 61 29 utl.

161 2175 41 20 nr
229 2167 56 33 15)
315 2177 56 19 om
397 2177 43 20 en
463 2169 169 39 väsentlig
658 2170 199 39 utbyggnad
882 2180 42 20 av
947 2171 233 31 riksbankens
1205 2175 242 38 pappersbruk
1472 2176 11 29 i
1509 2176 137 30 Tumba

160 2220 65 28 och
252 2221 144 29 brukets
424 2222 228 30 överförande
679 2223 52 29 till
759 2224 223 39 bolagsform.
1014 2225 83 29 1964
1125 2226 56 30 års
1209 2228 114 29 beslut
1350 2228 217 31 innefattade
1595 2232 50 27 att

161 2273 115 30 denna
294 2275 201 39 utbyggnad
514 2275 45 40 på
579 2275 240 31 förekommen
840 2278 188 40 anledning
1049 2279 190 31 inställdes.
1262 2280 183 41 Samtidigt
1466 2283 180 30 avvisades

162 2327 239 40 fullmäktiges
422 2328 130 40 förslag
572 2339 57 19 om
650 2332 49 27 att
720 2331 131 29 driften
869 2332 58 29 vid
946 2332 126 29 bruket
1094 2333 111 30 skulle
1225 2334 114 39 fortgå
1359 2335 122 30 endast
1502 2337 45 39 på
1566 2337 78 30 kort

162 2381 78 34 sikt,
262 2381 45 39 på
326 2382 93 29 basis
440 2392 42 19 av
502 2385 47 26 ett
572 2384 296 39 slututnyttjande
889 2395 42 19 av
952 2386 78 29 dess
1051 2387 347 40 kapitalutrustning.
1420 2390 116 39 Enligt
1557 2391 88 29 riks-

161 2434 129 39 dagens
308 2435 143 40 mening
467 2436 106 29 borde
591 2436 125 30 bruket
735 2447 56 19 om
811 2438 136 39 möjligt
966 2439 192 31 bibehållas
1177 2440 45 40 på
1239 2441 119 39 längre
1379 2443 78 29 sikt.
1477 2444 169 39 Pappers-

161 2488 125 29 bruket
310 2489 148 30 överläts
483 2489 81 30 1963
586 2490 52 29 till
660 2490 57 29 AB
739 2491 136 30 Tumba
895 2492 91 29 bruk
1007 2502 80 20 men
1110 2494 204 31 arrenderas
1337 2496 64 29 och
1423 2496 93 31 drivs
1539 2498 107 30 sedan

165 2541 83 29 1964
268 2552 42 19 av
328 2542 225 30 riksbanken.

165 2604 73 29 1—
250 2603 135 41 Bihang
407 2604 51 30 till
477 2604 205 41 riksdagens
702 2607 174 38 protokoll
899 2607 93 30 1968.
1014 2608 20 30 8
1053 2609 100 30 saml.
1174 2610 48 29 Nr
1243 2611 20 29 5
