2220 2628
676 152 363 42 Bevillningsutskottets
1062 155 197 30 betänkande
1283 155 52 31 Nr
1357 157 30 29 2.
1759 157 36 30 17

933 485 212 48 Förslag

1010 560 136 43 till

233 646 215 42 förordning
471 656 58 23 om
552 648 179 33 särskilda
750 649 196 40 ändringar
961 650 13 31 i
991 648 260 41 förordningen
1267 651 67 31 den
1352 651 41 32 28
1418 652 152 32 oktober
1588 652 84 32 1910
1687 653 58 42 (nr
1762 653 74 40 115)

327 708 57 24 om
407 699 173 33 inkomst-
604 701 65 32 och
692 700 383 42 förmögenhetsskatt,
1098 703 56 31 att
1176 702 97 39 gälla
1296 703 57 31 vid
1379 702 82 33 1921
1487 702 57 34 års
1566 705 181 41 taxering.

362 794 235 50 Härigenom
632 797 210 45 förordnas,
871 802 55 31 att
958 797 6 35 i
996 799 45 34 10
1070 797 20 49 $
1118 811 47 22 av
1194 798 273 50 förordningen
1496 800 73 36 den
1598 802 47 35 28
1676 802 159 36 oktober

235 847 98 35 1910
374 860 60 23 om
476 848 184 37 inkomst-
702 850 70 35 och
815 849 391 48 förmögenhetsskatt
1234 850 72 36 den
1334 851 122 48 punkt
1484 852 11 35 i
1524 852 119 35 första
1671 854 162 47 stycket,

232 910 81 23 som
343 897 126 50 börjar
496 900 85 35 med
610 900 108 36 ordet
745 900 454 48 »försäkringspremier»,
1229 907 99 30 samt
1347 902 116 36 andra
1482 903 152 48 stycket
1653 909 180 32 ävensom

233 950 46 35 25
317 949 21 49 8
377 952 18 34 1
436 963 110 23 mom.
591 951 116 36 andra
749 952 147 48 stycket
930 952 6 35 i
965 964 144 23 samma
1152 952 227 49 förordning
1414 954 70 36 och
1516 954 71 48 1:0)
1618 968 47 22 av
1695 956 45 36 de
1768 957 65 36 vid

231 1000 271 50 förordningen
544 1002 138 49 fogade
723 1003 184 36 särskilda
949 1004 247 48 anvisningar
1239 1004 58 35 till
1328 1005 160 49 ledning
1514 1006 64 36 vid
1606 1008 227 49 taxerivgen

230 1052 108 37 skola
363 1053 13 36 i
405 1054 123 36 nedan
557 1055 168 47 angivna
752 1055 104 36 delar
883 1054 64 37 vid
979 1056 95 34 1921
1097 1061 60 30 års
1178 1057 179 48 taxering
1375 1057 113 37 lända
1507 1058 57 35 till
1584 1058 250 38 efterrättelse

229 1104 13 35 i
272 1104 164 49 följande
465 1105 164 38 ändrade
656 1106 159 49 lydelse:

981 1230 45 34 10
1054 1228 31 49 8.

359 1363 400 50 försäkringspremier
800 1366 71 36 och
912 1366 116 36 andra
1070 1367 176 48 avgifter,
1290 1381 81 24 som
1412 1369 204 37 utbetalats
1658 1372 60 36 för
1759 1372 71 37 den

228 1414 297 50 skattskyldiges
555 1417 69 35 och
651 1417 13 35 i
693 1417 310 36 förekommande
1031 1417 65 36 fall
1123 1423 95 32 även
1247 1420 60 35 för
1336 1421 71 36 den
1436 1421 116 37 andre
1571 1423 158 37 makens
1749 1424 81 48 liv-,

227 1465 171 49 kapital-,
440 1467 190 48 livränte-,
673 1469 217 48 olyckfalls-
932 1470 90 35 eller
1062 1470 308 51 sjukförsäkring
1397 1477 181 32 ävensom
1607 1474 59 37 för
1695 1476 136 48 pupill-

227 1517 233 50 försäkring;
495 1519 96 37 dock
619 1526 56 30 att
703 1521 156 48 avdrag,
889 1534 78 23 som
998 1535 51 22 nu
1077 1527 162 43 nämnts,
1271 1524 31 48 ej
1333 1527 61 33 må
1422 1526 192 48 överstiga
1642 1539 188 25 samman-

227 1569 82 48 lagt
336 1572 73 34 200
439 1570 140 37 kronor
606 1572 72 36 och
706 1573 34 48 ej
771 1573 116 36 heller
915 1573 165 48 åtnjutas
1108 1587 48 23 av
1185 1588 126 23 annan
1339 1581 48 31 än
1406 1577 139 36 svensk
1566 1578 250 50 medborgare

227 1633 82 24 som
339 1622 372 50 författningsenligt
739 1629 41 31 är
807 1625 12 35 i
847 1624 97 36 riket
971 1626 328 37 mantalsskriven.

355 1673 168 49 Avdrag,
561 1689 128 22 varom
720 1676 12 35 i
762 1678 20 34 9
812 1677 70 35 och
914 1678 45 34 10
987 1676 44 50 $$
1060 1684 117 41 sagts,
1207 1682 61 33 må
1296 1683 73 44 äga
1395 1693 81 23 rum
1507 1681 134 37 endast
1669 1696 61 23 om
1759 1684 70 36 och

226 1724 12 35 i
275 1724 71 36 den
388 1728 88 33 mån
517 1727 183 49 avdraget
741 1728 135 36 hänför
917 1728 61 48 sig
1011 1729 57 35 till
1096 1729 180 48 inkomst,
1306 1732 57 35 för
1388 1732 130 36 vilken
1545 1734 184 37 inkomst-
1758 1736 71 36 och

228 1775 391 49 förmögenhetsskatt
661 1779 95 36 skall
798 1780 68 35 här
906 1781 176 47 erläggas
1126 1794 45 23 av
1213 1782 74 36 den
1329 1783 288 50 skattskyldige,
1655 1787 90 36 eller
1772 1787 56 36 till

226 1827 253 50 verksamhet,
508 1843 81 23 som
619 1844 46 22 av
693 1831 141 36 honom
862 1831 68 36 här
956 1832 13 35 i
995 1832 98 36 riket
1120 1838 162 32 utövats.

973 1956 46 34 25
1049 1953 32 50 8.

352 2040 21 31 1
404 2049 102 24 mom.
560 2031 102 43 Äkta
690 2039 131 35 makar
848 2062 49 4 —
928 2063 44 5 —
1002 2063 50 4 —
1080 2042 140 36 härför.

354 2086 129 38 Skulle
511 2089 11 35 i
550 2089 77 45 fall,
657 2090 68 36 där
752 2090 96 37 båda
876 2092 180 36 makarna
1085 2093 108 36 blivit
1219 2095 189 46 taxerade,
1434 2095 154 49 avdrag,
1609 2097 126 36 vartill
1755 2110 70 24 ena

223 2138 137 36 maken
389 2140 119 48 enligt
539 2142 46 35 10
613 2140 20 50 $
661 2142 99 36 varit
788 2142 224 50 berättigad,
1041 2146 191 48 överstiga
1260 2145 141 37 dennes
1429 2147 178 49 inkomst,
1638 2151 60 33 må
1717 2154 107 32 över-

223 2189 203 49 skjutande
464 2191 177 50 beloppet
677 2194 187 38 avräknas
902 2196 83 36 från
1014 2196 73 37 den
1116 2197 116 36 andre
1260 2198 157 37 makens
1444 2199 175 38 behållna
1647 2200 177 38 inkomst.

223 2301 129 42 Bihang
375 2304 49 31 till
445 2304 188 43 riksdagens
653 2307 156 38 protokoll
833 2308 94 31 1921.
974 2310 21 30 7
1018 2310 91 31 saml.
1156 2311 22 30 2
1199 2310 81 41 häft.
1328 2311 68 41 (Nr
1418 2312 47 31 2.)
1761 2314 19 30 3
