1934 2868
533 155 114 30 Första
671 153 211 42 lagutskottets
905 151 162 31 utlåtande
1091 149 52 31 Nr
1165 150 48 30 40.
1591 147 34 29 17

257 239 140 42 (Kungl.
423 238 122 40 Maj:ts
568 237 147 40 förslag.)
1075 233 196 41 (Utskottets
1293 231 151 39 förslag.)

170 314 69 32 Vill
262 314 105 37 någon
389 324 74 20 man
486 311 79 32 eller
587 310 124 31 kvinna
732 313 81 34 göra
832 311 204 33 testamente,
1059 307 81 31 have
1163 305 77 32 våld
1264 309 80 34 göra
1366 304 52 32 det
1442 302 183 38 muntligen

127 362 82 31 eller
243 360 194 37 skriftligen
471 358 72 31 med
577 357 78 32 eller
688 360 80 28 utan
789 355 131 37 villkor,
943 355 58 31 och
1023 354 103 31 vittne
1148 357 118 27 tvenne
1289 351 81 39 gode
1394 356 85 32 män,
1504 353 47 29 att
1575 349 52 31 det

127 418 192 29 testamente
344 414 41 31 då
408 425 60 19 var
493 412 86 37 gjort
605 411 71 31 med
702 413 76 29 sunt
802 409 58 31 och
886 408 80 31 fullt
991 407 152 31 förstånd
1167 406 59 31 och
1252 417 40 19 av
1319 405 45 30 fri
1389 403 97 38 vilja:
1513 402 114 33 stånde

131 465 58 32 ock
214 465 116 31 honom
357 464 86 37 fritt,
471 466 49 28 att
545 462 69 31 låta
637 462 126 30 vittnen
789 463 74 28 veta
888 459 72 31 dess
987 457 145 32 innehåll
1158 456 80 32 eller
1263 455 40 37 ej.
1351 451 71 34 Äro
1447 453 30 37 ej
1503 453 125 31 vittnen

131 519 48 28 att
196 514 99 38 tillgå
314 514 58 31 och
392 516 104 28 utrett
514 512 127 36 varder,
661 514 48 28 att
727 513 138 28 testator
885 509 88 31 intill
995 508 50 31 sin
1066 507 61 31 död
1147 506 88 31 varit
1253 509 78 28 utur
1351 504 97 32 stånd
1468 506 67 28 satt
1554 503 76 30 vitt-

131 577 59 20 nen
218 564 171 37 anskaffa,
419 568 60 33 äge
509 562 60 31 ock
597 561 39 32 då
664 563 209 29 testamentet
901 559 77 37 laga
1005 557 104 37 kraft,
1139 557 37 30 så
1206 556 101 30 framt
1337 555 53 31 det
1420 554 109 30 finnes
1559 552 71 31 med

130 627 79 27 egen
236 615 87 31 hand
350 613 125 32 skrivet
504 612 58 31 och
589 610 241 33 underskrivet.
881 608 176 38 Bortgiver
1086 607 106 37 någon
1221 606 69 31 fast
1316 604 166 38 egendom,
1512 607 59 33 äge
1601 601 28 36 ej

131 666 91 31 makt
251 677 49 19 om
327 664 163 32 villkoren
520 663 52 30 för
601 662 72 31 dess
703 659 208 38 förvaltning
939 657 134 33 sträcka
1102 655 235 33 förordnandet
1365 655 114 36 längre
1508 657 40 27 än
1578 652 52 31 till

131 717 103 31 förste
251 718 241 35 emottagarens
512 713 59 32 och
591 712 71 32 dess
681 710 114 33 makas
815 709 114 32 livstid
948 709 79 32 eller
1045 720 49 19 om
1114 707 125 38 ägande
1259 709 107 28 rätten
1387 704 112 32 vidare
1518 708 41 26 än
1579 702 52 31 till

131 766 220 33 utnämnande
368 778 41 19 av
425 766 206 30 testaments-
649 762 78 32 eller
743 762 240 37 gåvotagarens
1002 762 95 28 nästa
1114 756 228 37 efterträdare,
1361 755 50 32 uti
1428 754 112 31 vilken
1558 753 73 31 sist-

132 818 155 32 nämndes
307 817 87 31 hand
413 815 203 38 fastigheten
635 813 128 31 ikläder
783 812 52 38 sig
853 810 166 38 egenskap
1042 821 40 19 av
1103 807 161 38 arvejord,
1283 806 134 31 varmed
1435 805 12 31 i
1468 804 59 32 allt
1549 803 83 31 efter

133 869 122 31 allmän
274 868 56 37 lag
349 866 172 31 förhålles.
563 864 43 37 Ej
624 864 79 31 eller
722 863 53 30 må
793 862 11 31 i
824 861 102 32 andra
945 859 241 37 avhandlingar
1205 857 58 32 och
1281 855 194 32 kontrakter
1494 866 50 19 om
1565 854 68 31 fast

132 919 167 38 egendom,
320 917 120 32 sådane
460 915 122 31 villkor
601 913 136 38 inflyta,
757 912 187 37 varigenom
966 909 236 37 förvaltnings-
1224 907 58 31 och
1305 906 126 38 ägande
1452 908 108 28 rätten
1583 903 52 31 för

133 981 38 20 en
188 968 138 33 framtid
342 967 114 32 vidare
473 964 196 33 inskränkes
687 968 41 27 än
745 974 44 20 nu
806 965 74 35 sagt
899 966 51 32 är;
967 972 73 20 men
1057 958 167 39 angående
1242 956 110 38 städja
1368 955 59 32 och
1445 954 135 32 arrende
1598 954 35 31 så

134 1020 59 32 ock
213 1031 51 20 om
286 1017 202 38 försäljning
509 1028 41 20 av
571 1015 68 32 fast
661 1013 155 39 egendom
837 1012 102 32 under
961 1010 163 32 förbehåll
1145 1021 50 20 om
1217 1007 224 37 återköpsrätt
1463 1005 88 39 gälle
1571 1004 64 31 vad

135 1071 112 32 därom
265 1068 137 34 särskilt
419 1067 135 38 stadgat
571 1070 46 27 är.

181 1188 118 32 Denna
313 1187 57 38 lag
382 1185 112 33 träder
510 1185 11 31 i
535 1183 93 33 kraft
644 1183 61 32 der
720 1182 17 31 1
754 1180 131 39 januari
903 1180 95 31 1925.

333 1338 33 44 3)
390 1339 75 39 Lag
489 1347 56 23 om
571 1336 136 33 ändrad
730 1335 138 39 lydelse
891 1343 41 22 av
957 1334 17 31 1
998 1332 81 40 kap.
1103 1331 19 32 2?
1145 1331 21 42 $
1187 1327 254 44 jordabalken.

183 1431 203 39 Härigenom
405 1428 185 38 förordnas,
609 1430 48 29 att
677 1427 16 30 1
711 1425 79 38 kap.
809 1425 18 31 2
848 1423 18 39 $
885 1422 215 40 jordabalken
1119 1420 88 33 skall
1223 1420 88 32 hava
1328 1417 148 39 följande
1496 1415 143 33 ändrade

137 1480 157 41 lydelse:

185 1550 88 38 Köp,
299 1548 113 38 skifte,
438 1546 59 33 och
522 1546 87 38 gåva
633 1544 93 32 skola
751 1542 193 38 skriftligen
969 1540 58 33 ske
1052 1539 73 32 med
1150 1542 121 34 tvägge
1296 1547 120 21 manna
1440 1534 116 38 vittne,
1583 1532 58 33 och

140 1601 38 33 de
201 1600 123 33 villkor
349 1599 72 32 däri
446 1600 116 35 sättas,
586 1607 60 20 var
670 1595 19 32 å
715 1605 124 21 samma
862 1592 77 38 köp,
967 1590 114 39 skifte,
1107 1589 80 33 eller
1210 1588 88 39 gåva
1322 1587 53 38 sig
1400 1585 156 40 grundar,
1582 1583 58 32 och

141 1652 99 32 sedan
256 1649 160 40 lagföljas
434 1649 19 31 å
470 1648 61 32 den
548 1650 60 34 ort,
626 1646 59 32 där
699 1644 139 33 vardera
855 1648 36 27 är
907 1642 142 38 beläget,
1066 1652 67 21 som
1151 1638 177 33 framdeles
1347 1637 94 32 skils.

184 1698 44 38 Ej
248 1698 54 31 må
320 1697 12 32 i
351 1696 103 32 andra
474 1694 64 32 fall
558 1699 42 27 än
619 1691 137 34 särskilt
777 1690 132 39 stadgat
929 1694 37 27 är
986 1688 120 38 säljare
1125 1688 12 31 i
1155 1687 97 38 köpe-
1273 1685 79 32 eller
1373 1681 266 35 skiftesavhand-

142 1753 71 38 ling
229 1764 50 20 om
295 1751 72 39 jord
384 1750 59 32 och
461 1747 163 39 fastighet
640 1745 198 33 hädanefter
856 1742 187 33 förbehålla
1060 1742 52 38 sig
1129 1740 80 33 eller
1226 1739 112 38 andra,
1356 1741 61 35 att,
1435 1740 85 29 emot
1537 1736 106 38 någon

142 1801 11 32 i
172 1810 126 22 samma
317 1796 205 38 avhandling
539 1794 149 33 bestämd
707 1792 303 39 penningesumma,
1030 1789 79 33 eller
1130 1788 103 32 andra
1251 1786 132 39 villkor,
1406 1785 37 32 få
1464 1782 177 33 framdeles

141 1855 103 31 vinna
265 1852 198 39 egendomen
485 1850 81 32 åter.
612 1847 83 33 Sker
718 1847 63 38 det,
804 1856 77 21 vare
903 1848 82 28 utan
1007 1842 133 38 verkan,
1165 1841 59 32 och
1246 1839 128 39 lagfart
1396 1839 19 31 å
1439 1837 118 33 sådant
1578 1836 65 38 köp

143 1905 79 32 eller
244 1903 104 33 skifte
368 1902 72 32 icke
461 1900 143 32 tillåten.

186 2005 118 33 Denna
317 2005 58 37 lag
387 2003 112 34 träder
515 2002 11 32 i
540 2000 93 33 kraft
648 2000 60 32 den
725 1999 17 31 1
759 1997 131 40 januari
908 1996 95 32 1925.

138 2160 35 43 4)
195 2159 75 39 Lag
293 2167 58 24 om
374 2155 138 34 ändrad
536 2154 134 41 lydelse
695 2161 43 23 av
761 2152 97 32 vissa
881 2148 217 43 paragrafer
1121 2148 12 31 i
1149 2145 266 39 förordningen
1432 2143 68 32 den
1517 2141 40 33 16
1569 2140 82 42 juni

142 2210 82 33 1875
252 2207 125 45 (nrl42
406 2218 26 23 s.
461 2206 56 43 12)
542 2203 186 42 angående
751 2201 216 39 inteckning
989 2199 13 32 i
1025 2198 75 33 fast
1123 2197 172 41 egendom
1320 2195 94 33 samt
1437 2202 57 24 om
1518 2192 134 40 tillägg

491 2267 42 23 av
558 2265 44 25 en
627 2253 179 43 paragraf
825 2252 62 32 till
911 2259 138 24 samma
1071 2247 228 39 förordning.

190 2343 204 39 Härigenom
419 2340 185 37 förordnas,
629 2342 48 29 att
703 2338 52 38 24,
780 2336 52 38 36,
857 2335 52 37 46,
934 2334 54 38 48,
1013 2333 51 38 56,
1090 2332 40 32 58
1155 2331 59 32 och
1239 2330 40 32 61
1306 2328 40 39 $$
1372 2328 13 32 i
1410 2325 236 39 förordningen

147 2395 60 33 den
228 2395 40 31 16
288 2394 73 39 juni
381 2393 83 32 1875
487 2389 167 40 angående
674 2387 192 38 inteckning
884 2386 12 31 i
917 2385 69 32 fast
1006 2383 156 39 egendom
1183 2381 103 38 skola,
1307 2380 91 31 vissa
1418 2376 197 40 paragrafer
1636 2375 11 32 i

184 2475 9 15 1
212 2476 109 24 Senaste
340 2474 131 32 lydelsen:
491 2471 156 30 förordning
665 2470 49 24 den
734 2468 13 25 1
767 2468 51 32 maj
840 2465 72 26 1810.

184 2528 117 34 Bihang
325 2527 46 28 till
394 2525 173 33 riksdagens
587 2522 143 35 protokoll
755 2517 89 31 1924.
891 2521 16 25 9
932 2518 82 28 saml.
1061 2520 14 25 I
1102 2516 62 28 avd.
1211 2517 37 26 29
1275 2514 74 33 häft.
1395 2512 58 35 (Nr
1476 2508 64 36 40.)
1593 2507 17 29 2
