1930 2860
294 149 39 31 10

435 231 141 42 (Kungl.
600 231 120 40 Maj:ts
741 231 147 41 förslag.)

291 298 68 31 mål
388 297 82 33 eller
497 298 61 32 ock
581 298 179 32 underlåta
786 299 70 31 viss
880 298 147 32 använd-

291 350 90 40 ning,
411 354 83 35 göra
520 349 166 31 förbehåll
715 360 52 20 om
791 351 71 29 rätt
885 349 53 31 för
962 348 64 32 säl-

287 399 95 42 jaren
407 400 54 30 att
478 400 110 40 enligt
604 399 108 32 denna
727 400 59 41 lag
803 399 87 42 köpa
906 399 120 41 fastig-

290 449 99 31 heten
412 449 72 31 åter
507 449 257 42 (återköpsrätt).

329 790 244 53 Återköpsrätt
590 803 53 30 må
659 802 207 32 förbehållas
883 803 52 31 för
951 803 72 31 obe-

288 852 111 31 stämd
415 852 53 31 tid
485 851 84 32 eller
584 852 52 32 för
650 853 70 31 viss
737 853 58 31 tid.
825 853 71 31 Till
912 854 111 30 säker-

288 902 59 31 het
370 902 50 31 för
443 904 129 30 rättens
588 903 140 32 bestånd
744 904 67 30 kan
828 903 197 42 inteckning

288 953 169 31 meddelas
485 953 107 31 under
620 953 39 32 de
686 953 128 32 villkor
841 954 59 31 och
925 954 11 30 i
961 954 63 31 den

288 1003 146 41 ordning
457 1002 142 32 särskilt
622 1009 38 26 är
683 1003 146 42 stadgat.
869 1003 104 32 Sökes
994 1004 28 42 ej

288 1054 197 41 inteckning
519 1053 90 32 inom
644 1054 62 31 den
740 1054 12 31 i
787 1056 36 29 11
852 1054 78 42 kap.
960 1057 17 29 2
1006 1058 18 37 8

285 1103 226 42 jordabalken
534 1103 163 42 stadgade
713 1104 50 32 tid
780 1105 84 31 efter
880 1105 57 31 det
952 1105 71 41 lag-

288 1154 69 31 fart
381 1154 209 32 meddelades
614 1155 20 31 å
657 1155 162 41 köparens
842 1155 84 42 fång
941 1156 84 31 eller

287 1204 131 43 upphör
441 1205 173 31 meddelad
638 1205 198 43 inteckning
851 1208 51 29 att
919 1206 103 42 gälla,

286 1265 79 21 vare
393 1255 202 32 förbehållet
622 1266 53 21 om
703 1256 233 42 återköpsrätt
958 1257 64 31 för-

286 1305 105 31 fallet.
438 1304 135 33 Samma
606 1306 58 41 lag
697 1317 90 28 vare,
816 1307 61 31 där
902 1307 120 42 fastig-

286 1355 98 32 heten
414 1358 84 29 utan
526 1355 164 32 förbehåll
719 1368 51 20 om
794 1357 228 43 återköpsrät-

286 1408 74 29 tens
397 1406 143 31 bestånd
566 1406 155 43 försäljes
744 1407 12 31 i
780 1408 62 31 den
865 1408 157 42 ordning,

286 1456 306 42 utsökningslagen
616 1457 212 33 bestämmer.

327 1496 245 52 Återköpsrätt
605 1507 67 31 kan
704 1510 122 40 övergå
854 1509 122 32 endast
1003 1510 19 31 å

286 1557 102 31 sådan
422 1568 47 30 ny
504 1557 215 39 innehavare,
755 1559 123 38 vilken,
912 1560 110 41 enligt

288 1606 64 32 vad
375 1618 85 21 ovan
484 1613 104 36 sagts,
613 1608 88 42 själv
717 1614 80 36 äger
813 1610 138 41 betinga
968 1611 54 41 sig

285 1657 240 42 återköpsrätt.

700 148 115 31 Första
839 148 213 41 lagutskottets
1075 147 161 31 utlåtande
1259 148 53 30 Nr
1333 149 53 30 40.

1246 231 196 42 (Utskottets
1465 231 155 43 förslag.)

1063 298 164 31 meddelat
1248 298 232 39 förordnande,
1504 309 67 22 som
1589 301 210 39 omförmäles

1062 349 12 30 i
1108 351 16 28 I
1159 349 72 39 kap.
1264 351 45 29 42
1334 350 22 41 $
1383 350 12 30 i
1419 350 94 40 lagen
1538 360 49 21 om
1609 351 189 40 fastighets-

1063 399 152 40 bildning
1248 400 12 30 i
1294 400 83 37 stad,
1405 400 119 31 stånde
1548 401 148 41 säljaren
1720 403 79 31 fritt

1063 452 51 28 att
1152 450 12 31 i
1189 450 304 42 köpehandlingen,
1511 451 12 30 i
1539 451 164 32 samband
1725 453 74 31 med

1062 500 128 32 villkor
1213 512 51 20 om
1287 500 200 43 skyldighet
1507 501 51 31 för
1574 501 223 42 fastighetens

1062 551 206 31 innehavare
1291 554 52 29 att
1366 552 156 31 använda
1537 551 194 33 densamma
1747 554 52 30 för

1061 602 85 31 visst
1170 601 155 32 ändamål
1349 601 83 32 eller
1452 602 61 31 ock
1534 601 178 33 underlåta
1728 604 69 30 viss

1062 652 229 42 användning,
1326 658 83 35 göra
1442 653 166 31 förbehåll
1641 663 52 21 om
1728 656 70 29 rätt

1060 705 51 28 för
1134 702 148 42 säljaren
1306 705 53 29 att
1383 702 109 42 enligt
1512 703 108 32 denna
1635 703 58 42 lag
1709 704 88 42 köpa

1058 752 209 42 fastigheten
1292 753 71 31 åter
1385 753 257 41 (återköpsråätt).

1100 793 240 52 Återköpsrätt
1361 803 54 31 må
1431 803 206 32 förbehållas
1653 805 53 30 för
1722 805 73 31 obe-

1060 853 110 31 stämd
1186 854 53 30 tid
1255 853 83 32 eller
1353 854 53 31 för
1422 856 71 29 viss
1510 855 59 30 tid.
1596 854 70 31 Till
1684 854 112 32 säker-

1060 904 57 31 het
1139 903 53 32 för
1207 906 130 30 rättens
1354 905 143 31 bestånd
1514 905 63 31 kan
1596 905 201 42 inteckning

1060 955 168 31 meddelas
1263 955 104 31 under
1397 955 40 31 de
1464 955 127 32 villkor
1614 955 58 32 och
1697 955 10 31 i
1733 955 62 32 den

1060 1005 145 41 ordning
1228 1005 141 32 särskilt
1392 1010 39 26 är
1454 1006 147 41 stadgat.
1640 1005 103 33 Sökes
1765 1006 28 42 ej

1060 1055 199 42 inteckning
1293 1057 88 30 inom
1416 1056 64 32 den
1514 1057 12 30 i
1561 1058 35 29 11
1625 1056 76 42 kap.
1732 1059 16 28 2
1776 1059 20 38 8

1057 1106 225 42 jordabalken
1299 1107 165 40 stadgade
1482 1106 52 31 tid
1550 1107 88 31 efter
1655 1107 57 31 det
1725 1107 69 41 lag-

1060 1157 68 31 fart
1152 1157 209 31 meddelades
1384 1157 20 30 å
1427 1157 165 41 köparens
1615 1157 83 41 fång
1714 1157 82 32 eller

1059 1207 131 42 upphör
1213 1207 173 32 meddelad
1407 1208 200 41 inteckning
1622 1210 52 29 att
1690 1207 104 42 gälla,

1059 1268 78 21 vare
1165 1258 204 32 förbehållet
1396 1269 52 20 om
1477 1259 230 41 återköpsrätt
1730 1258 63 31 för-

1058 1308 108 31 fallet.
1213 1308 135 32 Samma
1380 1308 60 41 lag
1472 1319 90 27 vare,
1590 1308 63 31 där
1676 1308 117 42 fastig-

1059 1359 98 31 heten
1184 1361 83 29 utan
1295 1359 168 31 förbehåll
1491 1370 52 20 om
1567 1360 226 41 återköpsrät-

1058 1412 74 29 tens
1167 1410 142 31 bestånd
1342 1410 155 42 försäljes
1524 1412 11 28 i
1563 1410 62 32 den
1649 1409 146 42 ordning

1058 1459 303 42 utsökningslagen
1384 1460 211 32 bestämmer.

1100 1499 244 54 Återköpsrätt
1378 1511 68 30 kan
1481 1511 124 41 övergå
1631 1511 120 31 endast
1774 1510 20 31 å

1057 1561 104 31 sådan
1195 1572 46 31 ny
1274 1560 215 40 innehavare,
1524 1560 126 37 vilken,
1687 1561 107 41 enligt

1056 1611 65 31 vad
1144 1622 87 20 ovan
1255 1613 103 40 sagts,
1383 1611 90 42 själv
1489 1617 79 36 äger
1584 1611 141 42 betinga
1742 1612 53 41 sig

1057 1662 240 42 återköpsrätt.

1004 1767 71 39 28$.

333 1839 18 31 I
368 1839 158 33 samband
545 1841 71 31 med
632 1841 224 38 återköpsrätt
875 1843 127 32 avtalat
1018 1843 122 33 villkor
1157 1845 166 37 angående
1341 1845 220 38 fastighetens
1579 1845 212 38 användning

289 1901 87 27 vare,
397 1890 12 32 i
430 1890 60 32 den
511 1891 75 31 mån
607 1891 264 38 återköpsrätten
892 1893 94 32 beror
1007 1906 41 19 av
1069 1894 165 39 villkoret,
1255 1895 153 38 gällande
1431 1895 54 32 för
1506 1907 124 20 samma
1650 1896 51 32 tid
1723 1907 67 21 som

290 1940 114 38 denna,
423 1945 82 28 även
523 1953 50 20 om
593 1942 123 32 avtalet
735 1943 203 32 annorlunda
956 1943 205 34 bestämmer.

333 1987 70 32 Där
420 1992 122 33 ägaren
559 2000 41 20 av
618 1989 201 39 fastigheten
836 1991 73 32 med
927 1991 283 38 återköpsrättens
1228 1992 196 33 innehavare
1441 1993 125 33 träffat
1584 1993 100 39 avtal,
1702 1994 85 31 vari-

289 2052 115 27 genom
422 2042 156 32 villkoret
597 2043 145 39 ändrats,
763 2047 85 29 samt
867 2045 134 38 avtalet,
1021 2046 72 31 med
1111 2045 214 39 iakttagande
1346 2058 40 20 av
1405 2047 65 31 vad
1491 2047 136 32 särskilt
1647 2052 37 26 är
1703 2047 87 32 stad-

288 2092 68 34 gat,
377 2088 97 32 blivit
493 2089 128 39 intaget
640 2090 11 31 i
669 2090 419 40 inteckningsprotokollet,
1109 2093 88 38 gälle
1218 2093 98 32 sedan
1336 2093 167 39 villkoret,
1526 2094 115 33 sådant
1663 2094 53 33 det
1736 2106 52 26 ge-

290 2153 72 21 nom
381 2142 124 33 avtalet
522 2143 145 39 ändrats,
685 2145 105 31 såsom
806 2156 76 21 vore
900 2145 53 32 det
972 2146 126 32 avtalat
1121 2146 6 32 i
1145 2146 158 33 samband
1320 2147 71 32 med
1410 2147 276 38 återköpsrätten.

1001 2264 18 31 3
1047 2263 29 39 $.

331 2336 131 33 Varder
490 2337 57 32 till
577 2337 85 38 följd
691 2349 40 20 av
761 2338 142 33 ändrade
933 2339 240 39 förhållanden,
1204 2352 67 20 som
1300 2340 71 33 icke
1402 2345 55 27 äro
1488 2344 48 29 att
1564 2341 143 32 hänföra
1735 2341 55 32 till

288 2386 221 39 fastighetens
535 2392 97 34 ägare
656 2388 79 32 eller
758 2388 76 33 bero
857 2400 42 20 av
922 2389 112 39 denne,
1059 2390 52 32 det
1138 2390 6 32 i
1167 2391 159 32 samband
1349 2391 72 32 med
1446 2391 265 38 återköpsrätten
1735 2404 53 19 av-

287 2437 110 33 talade
421 2438 156 33 villkoret
603 2439 166 38 angående
794 2439 221 39 fastighetens
1041 2441 212 39 användning
1279 2441 52 32 för
1356 2446 123 34 ägaren
1505 2441 144 39 oskäligt
1674 2442 113 32 betun-
