1910 2858
586 181 228 29 Statsutskottets
839 177 145 29 utlåtande
1007 177 48 27 Nr
1080 177 68 27 166.
1595 167 15 30 7

113 264 110 31 läkare
260 262 64 31 och
361 261 101 31 andre
499 259 119 31 läkare.
664 257 111 30 Dessa
808 252 230 41 befattningar
1073 260 102 32 synas
1210 248 68 41 mig
1312 246 113 32 därför
1451 245 84 31 böra
1562 244 51 30 för

113 314 204 41 budgetåret
351 310 177 40 1930/1931
568 309 167 40 upptagas
770 305 109 31 under
912 303 65 31 sist
1003 300 147 33 berörda
1175 298 253 40 benämningar,
1454 295 87 32 dock
1565 295 50 30 att

114 363 176 42 samtidigt
323 363 62 31 bör
418 360 149 42 angivas,
596 360 49 30 att
668 358 42 31 de
733 356 93 31 äldre
849 352 293 41 benämningarna
1164 350 89 41 gälla
1275 349 52 31 för
1350 347 94 32 tiden
1470 347 14 30 1
1509 344 105 42 juli—

113 417 37 30 31
177 414 180 32 december
381 412 88 32 1930.

165 463 358 42 Medicinalstyrelsen
536 461 61 31 har
609 459 56 32 vid
682 459 53 32 sin
753 456 249 43 uppskattning
1018 465 40 21 av
1074 450 311 45 personalbehovet
1407 449 52 31 för
1483 449 132 30 statens

116 515 264 42 sinnessjukhus
414 512 200 33 medräknat
646 508 309 44 personalbehovet
978 506 52 31 för
1053 505 42 31 de
1119 505 55 31 två
1198 499 384 36 sinnesslöanstalterna
1605 497 11 31 i

117 568 78 32 Sala
219 567 64 32 och
307 560 140 38 Örebro.
493 564 106 31 Detta
622 564 36 29 är
681 560 62 33 ock
767 559 106 42 enligt
896 558 70 31 min
990 555 138 41 mening
1151 554 127 41 riktigt.
1324 552 68 31 Det
1414 550 113 41 harju
1543 549 73 31 från

115 619 119 40 början
258 618 189 36 förutsatts,
472 616 50 30 att
546 614 101 31 dessa
669 609 340 35 sinnesslöanstalter
1032 606 111 33 skulle
1166 605 11 31 i
1199 603 181 33 huvudsak
1403 600 213 43 organiseras

115 672 41 39 på
182 679 129 22 samma
334 669 66 30 sätt
418 677 73 21 som
509 663 320 41 sinnessjukhusen,
847 660 64 32 och
930 659 79 32 1929
1027 660 54 29 års
1098 656 138 41 riksdag
1252 655 61 31 har
1329 656 92 35 även,
1439 654 44 40 på
1499 652 118 31 därom

115 732 40 20 av
178 720 126 41 Kungl.
329 718 97 41 Maj:t
449 716 99 42 gjord
571 713 259 41 framställning,
848 711 171 36 förklarat,
1037 711 49 29 att
1102 705 335 42 befattningshavare
1453 703 58 32 vid
1528 702 90 32 Sala-

116 771 169 33 anstalten
303 769 109 32 skulle
424 769 11 30 i
448 766 247 41 anställnings-,
709 763 189 41 avlönings-
911 761 64 32 och
988 756 366 46 pensionshänseende
1367 765 100 22 anses
1481 753 139 32 tillhöra

116 822 204 42 personalen
354 820 57 31 vid
444 817 153 42 hospital
629 816 63 32 och
726 815 119 41 asyler.
890 813 69 31 Det
994 821 102 31 synes
1130 809 70 41 mig
1232 807 156 41 lämpligt
1421 807 50 30 att
1493 803 126 33 föreslå

117 872 229 33 innevarande
380 873 54 29 års
468 869 140 40 riksdag
640 869 49 30 att
721 866 113 31 lämna
868 876 41 19 en
936 860 240 34 motsvarande
1199 857 185 42 förklaring
1406 854 212 34 beträffande

117 922 335 42 befattningshavare
476 920 57 32 vid
557 913 312 38 Örebroanstalten.

170 974 118 41 Enligt
322 970 371 42 medicinalstyrelsens
720 979 40 20 av
787 965 250 33 lönenämnden
1063 962 159 33 biträdda
1245 960 127 41 förslag
1395 958 110 33 skulle
1530 959 89 30 över-

117 1027 137 32 läkaren
293 1025 56 31 vid
387 1017 304 38 Örebroanstalten
728 1037 40 3 —
805 1018 11 31 i
853 1016 108 32 likhet
996 1015 78 31 med
1108 1013 66 32 den
1210 1012 104 31 redan
1342 1011 52 31 för
1417 1009 204 41 budgetåret

121 1076 179 41 1929/1930
322 1075 11 31 i
357 1076 111 30 staten
491 1074 175 40 upptagne
691 1069 217 33 överläkaren
931 1066 57 32 vid
1013 1064 252 33 Salaanstalten
1289 1081 40 3 —
1352 1061 11 32 i
1387 1060 171 42 egenskap
1582 1071 39 19 av

120 1127 194 32 överläkare
348 1137 39 19 av
421 1125 49 31 3:e
503 1123 95 31 klass
628 1121 152 42 placeras
803 1119 11 31 i
837 1116 207 43 lönegraden
1069 1116 91 31 B27.
1206 1113 82 32 Med
1312 1111 185 41 anledning
1519 1110 103 31 härav

120 1180 48 30 får
190 1179 56 40 jag
268 1177 120 36 erinra,
413 1177 50 30 att
485 1173 127 41 Kungl.
636 1172 97 41 Maj:t
756 1171 11 30 i
793 1171 79 31 1929
896 1171 54 29 års
972 1163 408 44 statsverksproposition
1397 1162 158 41 föreslog,
1574 1162 49 30 att

121 1229 217 32 överläkaren
366 1226 57 32 vid
452 1223 251 35 Salaanstalten
728 1221 110 32 skulle
861 1220 161 31 hänföras
1046 1217 52 32 till
1123 1215 213 33 sistnämnda
1358 1212 165 43 lönegrad
1546 1222 76 21 men

121 1279 118 33 därvid
272 1279 191 35 förutsatte,
498 1277 50 30 att
571 1272 222 43 medgivande
818 1271 109 32 skulle
950 1270 132 31 lämnas
1106 1267 194 32 överläkare
1324 1277 39 19 av
1386 1265 50 31 3:e
1458 1263 94 32 klass
1575 1264 50 29 att

121 1350 40 4 —
194 1331 10 31 i
233 1329 134 42 analogi
391 1327 77 33 med
491 1326 65 32 vad
580 1336 73 21 som
676 1324 105 41 gäller
803 1320 211 34 beträffande
1037 1319 137 32 läkaren
1198 1317 57 32 vid
1277 1316 110 42 Visby
1410 1313 151 43 hospital
1584 1332 40 3 —

122 1383 92 31 inom
238 1379 346 41 stationeringsorten
608 1377 101 30 utöva
731 1373 124 43 jämväl
878 1383 113 21 annan
1015 1369 135 33 enskild
1173 1368 135 42 praktik
1331 1369 42 29 än
1397 1366 66 32 den
1479 1364 145 32 rörande

123 1444 90 20 nerv-
251 1432 64 30 och
350 1427 326 43 sinnessjukdomar,
710 1425 113 31 vilken
858 1425 36 29 är
926 1422 134 32 tillåten
1095 1421 51 31 för
1180 1418 193 33 överläkare
1395 1417 12 31 i
1430 1415 195 33 allmänhet.

124 1482 207 41 Riksdagen,
367 1491 72 20 som
473 1478 99 33 biföll
602 1476 124 42 Kungl.
751 1474 116 42 Maj:ts
890 1473 128 40 förslag
1041 1471 78 32 med
1142 1469 168 32 avseende
1334 1470 19 29 å
1377 1466 249 34 Salaöverläka-

123 1545 78 21 rens
235 1530 264 43 löneplacering,
528 1528 151 32 uttalade
707 1525 87 33 dock
817 1525 11 31 i
852 1524 93 32 detta
969 1522 254 40 sammanhang,
1248 1522 50 29 att
1321 1519 57 31 det
1400 1518 107 32 borde
1532 1519 94 38 tagas

124 1585 109 32 under
267 1580 242 43 övervägande,
544 1578 168 33 huruvida
745 1577 73 30 icke
853 1575 111 31 denne
998 1573 114 31 läkare
1136 1571 125 42 jämväl
1284 1569 107 33 borde
1414 1568 79 32 med
1516 1567 111 32 fördel

124 1637 115 31 kunna
272 1645 79 20 vara
384 1630 207 43 rådgivande
624 1627 228 43 psykiatriker
885 1625 57 31 vid
967 1621 368 34 Salbohedsanstalten
1358 1621 52 31 för
1434 1618 194 33 sinnesslöa

124 1697 127 31 gossar.
298 1684 111 31 Innan
444 1682 122 32 sådant
600 1678 189 44 avgörande
824 1679 56 40 ägt
917 1686 85 27 rum,
1031 1676 106 38 ansåg
1159 1672 182 41 riksdagen
1364 1671 74 31 icke
1461 1668 165 43 lämpligt,

126 1739 50 30 att
197 1736 138 31 läkaren
358 1734 11 31 i
392 1734 93 41 fråga
509 1743 54 21 om
588 1733 66 29 rätt
677 1731 50 30 att
748 1730 103 30 utöva
874 1727 111 42 privat
1000 1725 136 42 praktik
1153 1723 141 33 ställdes
1311 1722 11 31 i
1338 1722 111 32 bättre
1466 1719 164 41 ställning

127 1790 42 29 än
192 1786 220 33 överläkarna
433 1784 58 32 vid
513 1782 195 42 hospitalen
732 1780 11 31 i
759 1779 194 37 allmänhet,
978 1777 64 32 och
1059 1776 94 31 detta
1169 1775 98 31 desto
1285 1773 132 31 mindre
1434 1783 73 21 som
1521 1771 109 31 under

128 1839 64 31 den
227 1838 108 31 första
368 1832 319 44 beläggningstiden
723 1830 236 33 överläkarens
994 1827 116 32 arbete
1144 1825 56 32 vid
1224 1824 170 32 anstalten
1418 1822 98 32 torde
1539 1821 91 32 bliva

129 1888 139 33 särskilt
300 1886 179 32 krävande.
525 1883 120 33 Under
675 1894 40 20 en
740 1881 149 41 följande
913 1879 110 42 punkt
1045 1878 153 31 kommer
1219 1876 56 41 jag
1297 1876 50 30 att
1368 1874 126 31 föreslå
1518 1884 41 20 en
1583 1874 47 29 så-

128 1940 66 31 dan
232 1937 200 41 anordning,
471 1937 50 29 att
554 1933 217 32 överläkaren
805 1931 57 31 vid
897 1928 252 34 Salaanstalten
1181 1926 125 41 jämväl
1339 1924 67 32 blir
1437 1924 114 31 läkare
1574 1922 57 31 vid

130 1987 366 35 Salbohedsanstalten
535 1984 92 32 såväl
661 1983 51 32 för
745 1983 139 40 kropps-
909 1991 73 21 som
1006 1980 52 30 för
1081 1975 301 34 sinnesslövården
1406 1976 88 30 samt
1518 1976 112 29 såsom

129 2041 112 31 läkare
278 2039 58 31 vid
373 2035 215 34 sistnämnda
620 2034 126 32 anstalt
778 2032 144 31 erhåller
956 2032 49 30 ett
1028 2029 139 32 särskilt
1189 2026 134 33 arvode.
1368 2026 126 31 Därest
1517 2024 115 41 ifråga-

130 2091 147 31 varande
315 2088 212 33 överläkares
562 2084 290 42 arbetsuppgifter
887 2082 63 31 och
978 2081 189 31 inkomster
1190 2091 39 18 av
1254 2077 195 41 statstjänst
1473 2078 43 39 på
1540 2075 93 31 detta

131 2144 68 29 sätt
233 2141 92 33 ökas,
359 2140 87 30 lärer
480 2136 196 41 tillräckligt
699 2135 73 31 skäl
796 2134 73 31 icke
893 2132 163 41 föreligga
1080 2133 48 29 att
1151 2127 212 34 beträffande
1387 2127 110 31 denne
1521 2126 113 31 lämna

132 2192 122 32 sådant
289 2189 222 41 medgivande
545 2189 50 29 att
628 2188 101 29 utöva
763 2184 134 32 enskild
930 2182 145 42 praktik,
1111 2192 72 20 som
1208 2180 215 39 ifrågasattes
1446 2177 11 31 1
1480 2177 154 41 fjolårets

134 2239 416 43 statsverksproposition,
589 2239 81 29 utan
709 2236 97 31 torde
843 2235 66 31 han
944 2234 11 31 i
988 2233 109 31 likhet
1131 2231 77 31 med
1231 2230 107 31 andra
1360 2228 194 32 överläkare
1577 2226 57 31 vid

134 2292 265 41 sinnessjukhus
433 2290 123 31 endast
590 2289 82 30 böra
704 2286 187 40 berättigas
924 2286 57 35 att,
1010 2283 64 31 vad
1098 2284 102 38 angår
1224 2280 134 32 enskild
1382 2278 134 41 praktik
1540 2279 94 29 utom

135 2344 189 41 sjukhuset,
350 2343 101 29 utöva
475 2340 106 31 sådan
605 2337 143 32 rörande
772 2347 92 20 nerv-
888 2335 63 31 och
976 2332 328 41 sinnessjukdomar.
1332 2330 68 30 För
1417 2328 218 32 överläkaren

135 2395 56 31 vid
215 2388 305 37 Örebroanstalten
545 2408 39 3 —
609 2400 71 20 som
706 2390 82 28 även
813 2386 106 41 enligt
942 2384 70 31 min
1037 2382 221 42 uppfattning
1274 2381 63 30 bör
1353 2380 152 41 placeras
1523 2380 112 29 såsom

137 2445 194 32 överläkare
363 2453 38 20 av
435 2442 50 31 3:e
508 2440 94 32 klass
625 2457 40 4 —
687 2438 62 32 har
772 2434 353 43 medicinalstyrelsen
1149 2432 73 32 icke
1246 2431 176 41 ifrågasatt
1445 2430 103 40 några
1572 2430 65 30 sär-
