1918 2854
81 1608 138 24 Utskottets

80 1644 132 29 yttrande.

330 178 18 30 8
706 179 293 36 Statsutskottets
1030 184 184 35 utlåtande
1246 186 54 33 Nr
1328 187 51 31 85.

959 533 58 40 Nr
1045 534 63 43 Sö.

759 641 112 24 Ankom
892 643 41 23 till
953 643 162 32 riksdagens
1135 644 89 25 kansli
1245 645 54 24 den
1322 646 30 23 13
1372 647 54 30 maj
1447 648 65 23 1924
1533 648 37 23 kl.
1591 650 57 22 5.30
1669 657 21 17 e.
1712 658 36 16 m.

390 729 190 34 Utlåtande
603 734 12 29 i
638 733 191 37 anledning
851 745 45 21 av
919 735 104 31 väckt
1046 738 134 30 motion
1204 747 58 21 om
1288 739 219 36 uppförande
1529 740 22 31 å
1575 738 207 46 övergångs-

583 786 71 29 stat
687 786 12 30 i
732 785 167 37 lönegrad
932 787 30 30 B
996 789 39 29 16
1059 798 44 21 av
1127 790 92 31 vissa
1244 789 348 39 befattningshavare
1615 795 12 29 i
1650 796 133 30 statens

586 837 118 35 tjänst.

1496 887 63 36 (3:e
1583 889 91 37 avd.)

320 989 17 30 I
372 999 42 21 en
450 990 95 31 inom
580 991 110 31 andra
727 992 203 32 kammaren
953 1004 45 20 av
1022 995 80 30 herr
1125 996 44 30 H.
1193 996 222 33 Kinmanson
1440 1000 104 31 väckt
1568 1002 144 36 motion,
1737 1013 44 20 nr

277 1041 73 35 112,
375 1041 122 31 vilken
521 1042 184 32 hänvisats
729 1044 57 30 till
810 1046 272 31 statsutskottets
1100 1047 250 33 förberedande
1366 1050 225 38 behandling,
1609 1053 63 31 har
1688 1054 93 31 hem-

275 1093 127 36 ställts,
437 1095 52 30 att
525 1095 188 36 riksdagen
748 1097 109 30 måtte
893 1098 145 35 besluta,
1073 1100 52 30 att
1159 1101 166 36 samtliga
1349 1102 214 32 innehavare
1588 1114 44 21 av
1656 1105 124 32 befatt-

276 1145 130 35 ningar
441 1146 11 30 i
488 1146 169 36 lönegrad
690 1147 28 30 B
743 1149 41 30 15
813 1148 60 31 vid
897 1149 324 36 statsdepartement
1247 1153 63 30 och
1334 1154 94 30 vissa
1450 1155 113 31 andra
1586 1157 96 35 verk,
1707 1158 73 30 till-

276 1196 153 31 hörande
451 1197 110 31 civila
583 1199 365 37 statsförvaltningen,
973 1202 98 30 vilka
1097 1203 70 31 före
1191 1204 296 33 ikraftträdandet
1510 1207 66 31 den
1601 1209 17 29 1
1636 1205 143 45 januari

276 1248 83 31 1922
383 1258 45 20 av
452 1249 83 31 1921
560 1251 57 29 års
641 1251 260 38 lönereglering
926 1253 111 36 enligt
1061 1254 132 36 Kungl.
1216 1255 120 37 Maj:ts
1359 1257 205 32 fullmakter
1580 1269 83 22 voro
1680 1261 98 31 inne-

276 1299 128 32 havare
438 1311 45 20 av
519 1301 199 33 dåvarande
753 1304 376 38 andragradstjänster,
1153 1308 107 30 måtte
1285 1308 78 31 från
1387 1309 62 31 och
1474 1310 77 31 med
1576 1311 66 31 den
1668 1313 17 29 1
1709 1313 69 35 juli

274 1352 82 31 1924
392 1352 127 31 räknat
553 1355 165 35 uppföras
753 1356 21 29 å
809 1358 267 34 övergångsstat
1111 1359 12 30 i
1158 1359 167 36 lönegrad
1361 1360 28 30 B
1421 1362 39 30 16
1485 1362 12 30 i
1522 1362 256 33 vederbörande

274 1404 102 30 verks
400 1404 407 38 tjänsteförteckningar.

316 1455 18 30 I
362 1456 101 36 fråga
487 1467 56 20 om
568 1457 40 31 de
631 1458 87 36 skäl,
743 1460 218 31 motionären
985 1461 117 31 anfört
1127 1462 58 31 till
1210 1463 74 31 stöd
1311 1464 53 30 för
1389 1465 61 30 sitt
1475 1465 144 37 förslag,
1644 1467 55 30 får
1723 1470 55 28 ut-

272 1507 128 31 skottet
424 1508 149 31 hänvisa
597 1509 57 31 till
678 1511 187 31 motionen.

317 1611 120 31 Såsom
461 1612 122 31 chefen
608 1613 52 30 för
683 1614 390 36 finansdepartementet
1097 1617 12 30 i
1125 1618 92 30 årets
1234 1619 413 37 statsverksproposition
1664 1622 113 30 under

277 1662 86 32 »För
397 1663 85 31 flera
516 1664 225 32 huvudtitlar
777 1675 257 26 gemensamma
1070 1668 136 36 frågor»
1244 1672 182 29 omnämnt
1460 1672 63 30 och
1556 1672 12 30 i
1597 1673 177 31 motionen

272 1715 160 36 erinrats,
467 1716 63 30 har
565 1717 179 30 allmänna
779 1718 373 37 civilförvaltningens
1187 1721 211 32 lönenämnd
1433 1723 66 31 den
1535 1724 18 30 9
1589 1725 187 31 november

273 1767 82 31 1923
379 1767 140 36 avgivit
542 1768 182 31 utlåtande
748 1770 179 35 angående
950 1771 242 37 uppflyttning
1218 1773 10 30 i
1254 1773 165 36 lönegrad
1440 1785 44 20 av
1501 1776 97 30 vissa
1614 1776 160 36 tjänster,

272 1828 73 21 som
380 1819 138 31 tillhört
554 1820 251 32 förutvarande
833 1822 109 31 andra
965 1824 269 36 normalgraden
1259 1835 45 20 m.
1330 1835 44 21 m.
1420 1826 277 37 Ifrågavarande
1722 1830 52 29 ut-

272 1870 158 36 redning,
467 1881 73 21 som
575 1872 202 31 verkställts
803 1873 11 30 i
838 1874 191 36 anledning
1053 1885 44 20 av
1121 1877 49 29 ett
1193 1887 45 19 av
1262 1876 135 37 Kungl.
1422 1877 100 37 Maj:t
1547 1879 67 31 den
1638 1880 39 30 30
1702 1890 71 26 sep-

270 1922 133 31 tember
438 1923 82 30 1921
555 1925 37 29 åt
626 1924 257 32 lönenämnden
918 1926 133 31 lämnat
1086 1928 168 36 uppdrag,
1288 1929 87 30 hade
1398 1929 59 31 vid
1482 1930 213 36 tidpunkten
1719 1932 55 31 för

270 1974 472 36 statsverkspropositionens
781 1977 198 36 avgivande
1017 1979 211 32 remitterats
1268 1980 56 30 till
1364 1981 114 31 skilda
1515 1982 257 36 myndigheter.

269 2025 190 32 Huruvida
482 2026 132 37 förslag
638 2028 11 30 i
674 2030 118 29 ämnet
815 2029 113 30 skulle
952 2030 140 31 komma
1115 2032 51 30 att
1190 2032 177 31 utarbetas
1388 2033 56 30 till
1460 2033 239 32 innevarande
1715 2036 56 30 års

269 2077 155 36 riksdag,
461 2088 81 21 vore
577 2079 112 36 enligt
721 2079 396 37 departementschefens
1151 2083 182 31 uttalande
1368 2085 119 35 ovisst,
1511 2095 81 21 men
1615 2087 156 35 syntes
1752 2073 24 53 i

269 2129 97 36 varje
401 2130 63 29 fall
498 2130 66 31 den
588 2131 244 37 uppflyttning
857 2133 11 29 i
893 2133 174 36 lönegrad,
1091 2144 73 21 som
1188 2135 53 31 för
1265 2136 94 30 vissa
1383 2136 164 36 tjänsters
1572 2137 55 31 del
1651 2140 120 33 syntes

268 2181 83 30 böra
386 2181 267 37 ifrågakomma,
687 2183 32 36 ej
755 2184 84 31 böra
870 2184 98 31 träda
993 2186 11 29 i
1029 2186 229 37 tillämpning
1283 2188 119 30 förrän
1426 2188 80 31 från
1530 2189 64 31 och
1618 2190 75 30 med
1719 2190 51 30 in-

269 2233 140 35 gången
433 2243 44 20 av
502 2234 69 35 juli
595 2235 127 30 månad
748 2236 94 30 1925.

310 2283 115 37 Något
459 2285 131 37 förslag
615 2287 11 30 i
651 2288 117 31 ämnet
803 2288 63 30 har
902 2288 72 31 icke
1010 2289 164 36 förelagts
1209 2290 197 36 riksdagen.
1456 2292 63 35 Då,
1554 2292 113 36 enligt
1702 2293 67 30 vad

267 2336 169 31 utskottet
471 2337 183 37 inhämtat,
690 2339 132 36 förslag
858 2350 55 20 om
947 2341 154 30 revision
1130 2351 45 21 av
1198 2342 416 37 avlöningsreglementet
1639 2344 52 30 för
1716 2345 53 30 be-

267 2388 307 36 fattningshavare
610 2390 60 31 vid
704 2391 327 36 statsdepartement
1065 2403 45 20 m.
1136 2393 33 30 fl.
1194 2394 85 30 verk
1315 2394 96 31 torde
1445 2395 140 31 komma
1608 2397 52 29 att
1683 2396 85 31 före-

266 2439 124 36 läggas
424 2441 288 32 nästkommande
747 2444 57 29 års
840 2443 152 37 riksdag,
1025 2454 101 26 synes
1160 2445 55 31 det
1239 2446 63 30 ock
1327 2446 166 31 utskottet
1517 2447 174 37 lämpligt,
1715 2450 53 29 att

265 2491 127 36 frågan
427 2502 55 21 om
517 2493 251 32 förutvarande
802 2495 520 37 andragradstjänstemännens
1357 2498 178 37 placering
1565 2499 12 30 i
1601 2499 167 37 lönegrad
