1884 2780
137 2505 48 26 2—
201 2509 52 19 1003
267 2509 26 19 50

575 137 263 29 Statsutskottetls
861 135 166 29 utlåtande
1053 143 37 19 nr
1114 134 69 29 135.
1587 127 37 31 17

417 209 46 30 IH.
489 207 214 32 beträffande
736 205 156 42 åtgärder
924 205 53 31 för
1008 203 226 42 avhjälpande
1267 214 38 19 av
1339 201 284 36 bostadsbristen,

373 260 144 37 besluta,
544 262 49 30 att
619 260 11 30 i
656 258 211 32 motionerna
893 257 28 31 I:
935 257 61 31 438
1023 256 61 31 och
1110 255 125 31 II:528
1261 253 212 32 framställda
1496 253 129 40 förslag

375 313 10 30 i
405 312 110 31 denna
534 311 55 32 del
608 311 72 31 icke
700 310 94 31 skola
812 309 53 32 till
883 311 111 38 någon
1015 307 199 41 riksdagens
1233 306 117 41 åtgärd
1369 305 187 37 föranleda;

415 390 66 31 IIl.
507 389 92 32 avslå
623 390 10 30 i
658 388 174 31 motionen
856 387 48 31 II:
919 387 60 30 419
1003 384 211 33 framställda
1240 383 127 42 förslag
1391 394 54 21 om
1469 383 156 42 åtgärder

375 444 54 31 för
457 442 87 32 ökad
572 440 354 41 bostadsbyggnation
956 439 62 31 och
1049 438 52 31 för
1130 436 207 43 produktion
1368 447 40 20 av
1437 435 187 41 byggnads-

374 494 165 37 material;

416 572 59 32 IV.
500 570 215 33 beträffande
746 568 402 43 byggnadsregleringen,
1180 567 12 31 i
1222 566 186 41 anledning
1438 576 39 21 av
1509 564 116 31 motio-

375 635 106 21 nerna
496 623 29 32 I:
539 623 61 32 205
617 623 64 32 och
697 622 48 32 II:
760 622 69 37 262,
846 621 29 32 I:
889 621 61 31 438
967 620 63 32 och
1045 618 50 33 II:
1109 619 71 37 528,
1197 618 29 31 I:
1240 618 62 31 440
1320 617 62 32 och
1398 617 48 31 II:
1461 617 70 37 527,
1549 616 74 42 god-

375 677 111 31 känna
507 675 64 32 vad
591 674 168 32 utskottet
780 674 124 37 anfört;

418 754 39 31 V.
482 752 215 32 beträffande
730 749 446 43 saneringsverksamheten,
1212 747 140 38 besluta,
1385 748 50 29 att
1467 746 11 30 i
1509 745 117 30 motio-

376 817 106 20 nerna
499 805 29 32 I:
542 805 61 31 438
621 804 65 32 och
703 804 49 31 II:
766 804 61 31 528
846 805 87 30 samt
951 802 28 31 I:
993 802 62 31 440
1074 801 63 31 och
1155 800 49 32 II:
1219 800 60 31 527
1297 799 13 32 i
1328 799 110 31 denna
1457 797 55 32 del
1530 799 96 30 fram-

377 857 125 33 ställda
521 857 128 41 förslag
668 856 73 31 icke
761 855 96 32 skola
875 854 55 32 till
948 856 112 39 någon
1080 852 200 42 riksdagens
1300 850 119 43 åtgärd
1439 849 187 37 föranleda;

417 935 60 32 VI.
501 934 216 32 beträffande
741 932 239 43 egnahemslån
1005 931 62 31 och
1090 928 293 43 förbättringslån,
1408 928 12 31 i
1443 927 185 41 anledning

378 999 40 20 av
443 987 125 41 Kungl.
595 986 119 41 Maj:ts
740 984 127 42 förslag
892 987 88 29 samt
1003 982 214 32 motionerna
1241 981 104 31 I:205
1370 980 62 31 och
1458 979 133 37 II:262,
1617 979 12 31 i

377 1039 64 31 vad
463 1039 41 31 de
524 1049 80 21 avse
626 1038 101 31 dessa
748 1036 176 42 spörsmål,
946 1035 180 42 godkänna
1146 1033 65 32 vad
1232 1032 168 33 utskottet
1421 1032 124 36 anfört;

420 1116 80 32 VII.
523 1114 217 34 beträffande
771 1113 127 32 antalet
929 1112 376 41 subventionsgrupper
1335 1108 58 33 vid
1423 1108 205 42 tilläggslån-

379 1167 194 43 givningen,
592 1167 78 31 med
690 1166 98 32 bifall
808 1165 54 32 till
879 1164 126 42 Kungl.
1027 1163 119 42 Maj:ts
1165 1162 129 42 förslag
1313 1163 87 30 samt
1418 1160 77 32 med
1514 1160 116 41 avslag

380 1223 19 29 å
416 1220 215 32 motionerna
647 1219 29 32 I:
691 1219 61 31 438
769 1218 63 32 och
850 1217 49 32 II:
913 1217 71 38 528,
1004 1217 11 31 i
1034 1216 64 31 vad
1117 1215 42 32 de
1176 1215 121 32 beröra
1316 1214 93 31 detta
1427 1215 107 35 ämne,
1553 1212 76 42 god-

379 1273 110 31 känna
516 1272 64 31 vad
607 1272 12 31 i
646 1268 375 44 statsrådsprotokollet
1049 1270 80 29 över
1156 1266 257 33 socialärenden
1440 1266 53 30 för
1518 1265 67 31 den
1610 1265 20 30 3

380 1336 89 20 mars
493 1324 80 31 1950
594 1323 146 37 anförts;

422 1392 100 32 VIII.
546 1390 216 33 beträffande
781 1388 362 41 trekronorsbidraget,

423 1452 31 41 a)
482 1451 77 31 med
576 1450 100 32 bifall
695 1449 54 32 till
766 1449 126 42 Kungl.
911 1448 119 42 Maj:ts
1050 1446 129 42 förslag
1197 1448 88 30 samt
1301 1446 78 32 med
1397 1444 116 42 avslag
1529 1446 20 28 å
1565 1453 66 20 mo-

381 1504 156 32 tionerna
559 1503 29 31 I:
602 1503 61 31 438
686 1502 62 32 och
769 1499 124 33 1L:528
914 1502 87 30 samt
1022 1499 30 31 I:
1066 1500 61 30 440
1150 1498 63 32 och
1234 1498 49 31 II:
1296 1498 71 37 527,
1390 1497 104 32 såvitt
1514 1498 117 31 motio-

381 1566 107 21 nerna
504 1565 79 21 avse
601 1554 112 31 denna
730 1554 102 40 fråga,
855 1552 140 37 besluta,
1015 1553 49 30 att
1082 1550 112 32 denna
1209 1549 229 42 bidragsform
1456 1549 85 32 skall
1559 1549 72 31 tills

381 1607 116 32 vidare
517 1605 204 38 bibehållas;

424 1666 35 42 b)
487 1667 12 30 i
516 1667 95 41 fråga
629 1676 55 20 om
701 1664 192 42 grunderna
911 1665 53 30 för
981 1662 175 42 bidragets
1174 1660 230 38 bestridande,
1422 1660 77 31 med
1517 1660 115 41 avslag

383 1722 19 29 å
421 1718 126 42 Kungl.
569 1718 119 41 Maj:ts
709 1716 126 41 förslag
855 1715 62 32 och
937 1714 175 32 motionen
1131 1714 29 31 I:
1175 1713 63 31 404
1258 1714 86 30 samt
1364 1712 77 32 med
1460 1712 99 32 bifall
1579 1711 54 32 till

382 1770 214 32 motionerna
620 1769 29 31 I:
663 1769 71 37 416,
759 1768 102 31 I:427
888 1766 63 32 och
975 1766 49 32 II:
1038 1766 71 37 514,
1135 1765 49 31 IT:
1203 1765 57 31 419
1286 1764 62 32 och
1373 1764 133 38 II:529,
1532 1764 12 31 i
1568 1764 65 31 vad

383 1822 213 31 motionerna
614 1831 80 21 avse
713 1820 110 32 denna
842 1819 103 41 fråga,
964 1818 143 37 besluta,
1127 1819 51 29 att
1194 1816 230 32 kostnaderna
1441 1816 54 31 för
1512 1816 122 31 sådant

384 1874 121 40 bidrag
523 1872 95 32 skola
636 1871 72 32 helt
726 1870 170 32 bestridas
916 1880 39 21 av
973 1868 199 32 statsmedel
1190 1870 87 29 samt
1296 1868 11 31 i
1326 1868 112 41 övrigt
1455 1867 179 42 godkänna

383 1925 65 31 vad
470 1924 168 31 utskottet
658 1923 125 36 anfört;

426 1985 29 40 e)
483 1984 12 31 i
517 1984 94 41 fråga
633 1994 54 20 om
707 1981 163 42 utvidgad
894 1980 216 41 tillämpning
1131 1990 40 20 av
1193 1978 156 42 bidraget
1371 1978 93 31 avslå
1485 1978 12 31 i
1517 1978 117 31 motio-

384 2047 106 20 nerna
509 2036 29 30 I:
552 2036 61 31 439
633 2034 63 32 och
716 2034 47 31 IT:
777 2034 61 30 530
858 2031 157 42 framlagt
1035 2031 127 41 förslag
1182 2031 11 30 i
1214 2030 110 31 denna
1345 2030 67 37 del;

426 2112 60 31 IX.
511 2110 215 33 beträffande
763 2108 217 33 anordnande
1019 2119 39 19 av
1095 2106 402 42 pensionärslägenheter
1522 2105 12 31 i
1561 2105 73 31 fler-

386 2163 204 41 familjshus,
612 2162 77 31 med
708 2161 99 31 bifall
827 2161 53 31 till
900 2159 126 41 Kungl.
1048 2158 119 42 Maj:ts
1188 2158 128 41 förslag
1337 2157 63 31 och
1419 2157 12 31 i
1451 2157 185 41 anledning

386 2227 40 19 av
447 2215 213 30 motionerna
680 2213 29 31 I:
723 2213 62 30 440
806 2212 61 31 och
889 2211 48 31 II:
952 2211 59 31 527
1035 2211 11 30 i
1068 2210 111 31 denna
1200 2209 56 31 del
1276 2213 87 29 samt
1383 2208 77 31 med
1481 2209 115 40 avslag
1617 2210 19 29 å

386 2266 174 31 motionen
583 2265 48 31 II:
646 2264 71 37 531,
741 2263 178 41 godkänna
942 2263 63 30 vad
1029 2261 167 31 utskottet
1218 2261 125 36 anfört;

428 2333 40 31 X.
493 2331 215 32 beträffande
731 2328 323 43 bidragsgivningen
1080 2328 54 31 för
1156 2327 131 31 mindre
1310 2326 208 37 bemedlade,
1542 2326 94 31 barn-

389 2385 72 31 rika
483 2382 155 42 familjer,
663 2381 94 32 avslå
778 2381 11 31 i
810 2381 212 31 motionerna
1044 2379 48 31 IT:
1107 2379 61 31 419
1192 2378 62 32 och
1277 2378 48 31 II:
1340 2378 61 31 529
1425 2380 86 29 samt
1532 2378 29 30 I:
1576 2378 61 30 440

388 2436 62 32 och
472 2435 47 31 II:
534 2435 58 31 527
616 2433 210 32 framställda
847 2432 136 40 förslag,
1006 2431 103 31 såvitt
1129 2442 46 20 nu
1197 2432 36 29 är
1253 2430 11 30 i
1285 2430 106 40 fråga;

338 2501 117 35 Bihang
478 2499 45 29 till
544 2498 169 36 riksdagens
730 2497 146 36 protokoll
901 2497 89 28 1950.
1037 2497 19 26 6
1078 2495 82 29 saml.
1207 2494 45 28 Nr
1277 2494 68 28 185.
