1938 2828
444 158 116 32 Andra
584 157 239 38 lagutskottets
848 155 176 31 utlåtande
1049 155 49 29 Nr
1129 156 59 32 38;
1214 153 140 37 bilagor.
1624 146 33 30 11

1433 281 133 31 Bilaga
1586 281 41 24 D.

154 336 141 24 Svenska
315 334 362 30 landstingsförbundet.

462 440 91 30 Till
587 439 281 35 riksdagens
901 437 145 30 andra
1077 435 276 37 lagutskott.

205 527 129 31 Genom
359 526 121 31 remiss
503 526 66 30 den
590 527 20 29 3
635 524 151 32 februari
815 524 82 31 1936
921 523 63 30 har
1010 522 108 31 andra
1143 519 223 38 lagutskottet
1388 519 107 30 berett
1518 516 145 32 svenska

161 569 378 38 landstingsförbundet
575 568 133 31 tillfälle
745 570 48 28 att
831 566 122 37 avgiva
988 564 159 38 yttrande
1169 565 80 29 över
1275 572 43 21 en
1343 561 95 31 inom
1463 560 200 37 riksdagens

162 614 107 30 andra
291 614 180 29 kammare
494 612 100 30 väckt
616 610 130 31 motion
768 620 41 20 nr
831 610 61 30 601
915 618 42 21 av
979 609 79 30 herr
1079 605 135 32 Wallén
1234 606 65 30 och
1320 604 57 31 fru
1400 602 184 32 Gustafson
1607 610 56 22 om

162 655 200 37 utvidgning
388 665 42 21 av
457 654 157 37 gällande
639 652 259 32 bestämmelser
924 661 57 21 om
1005 649 150 37 lindring
1181 649 10 30 i
1217 649 41 30 de
1284 647 136 31 mindre
1446 645 217 32 bemedlades

163 699 184 30 kostnader
363 698 54 30 för
435 697 83 31 vård
537 707 41 20 av
597 695 219 37 sinnessjuka
834 704 45 21 m.
899 694 35 30 fl.
969 693 78 31 Med
1064 691 184 37 anledning
1265 691 109 30 härav
1392 689 54 31 får
1463 688 201 31 förbundets

163 741 139 37 styrelse
322 741 178 31 vördsamt
522 739 121 31 anföra
666 738 164 37 följande.

207 783 113 37 Enligt
336 783 100 37 lagen
454 783 65 30 den
536 784 17 28 2
571 781 70 37 maj
663 782 82 29 1919
763 790 58 21 om
838 779 151 37 lindring
1007 778 10 31 i
1035 779 41 30 de
1093 777 135 32 mindre
1244 775 219 32 bemedlades
1480 773 185 32 kostnader

163 827 52 30 för
238 826 83 31 vård
346 836 42 21 av
412 824 253 37 sinnnessjuka,
687 823 191 31 sinnesslöa
899 823 66 30 och
988 819 256 38 fallandesjuka
1268 819 88 30 skall
1379 819 170 29 kommun
1572 817 92 30 bere-

164 869 42 31 da
228 869 149 36 lindring
399 868 11 31 i
432 867 319 32 vårdkostnaderna
772 866 54 30 för
847 865 90 31 vissa
957 863 193 38 kategorier
1170 873 42 20 av
1235 861 118 38 dylika
1375 861 103 37 sjuka
1499 860 65 31 och
1588 860 79 36 äger

164 913 104 30 sedan
289 915 49 28 att
357 922 42 20 av
419 910 255 32 vederbörande
693 909 174 37 landsting
886 907 132 32 erhålla
1038 906 202 38 gottgörelse
1260 905 55 30 för
1336 905 108 30 härav
1464 902 202 32 föranledda

164 955 146 37 utgifter.
328 955 14 30 I
358 954 116 31 vilken
488 952 238 37 utsträckning
741 953 256 30 kommunerna
1012 948 142 38 beviljat
1170 948 94 37 dylik
1280 946 150 37 lindring
1448 947 37 30 är
1503 945 163 37 styrelsen

163 998 158 31 obekant.
338 997 165 31 Däremot
519 996 115 30 finnas
651 995 90 30 vissa
755 993 174 38 uppgifter
945 992 177 37 angående
1139 992 40 30 de
1194 991 137 36 belopp,
1348 988 219 37 landstingen
1582 987 83 31 åter-

164 1040 92 32 burit
279 1040 51 31 till
354 1040 217 35 kommuner,
596 1048 75 22 som
695 1038 108 30 berett
827 1036 238 38 nyssnämnda
1088 1033 191 38 kategorier
1302 1043 43 21 av
1371 1032 135 31 mindre
1530 1030 136 31 bemed-

164 1084 76 30 lade
267 1082 151 37 lindring
447 1082 10 31 i
485 1081 327 31 vårdkostnaderna.
866 1079 115 36 Enligt
1009 1089 42 20 en
1078 1087 40 21 av
1146 1080 126 28 statens
1300 1072 367 40 sjukvårdskommitté

164 1126 174 37 företagen
387 1124 258 37 undersökning
678 1124 90 30 hava
801 1122 209 31 hithörande
1043 1118 422 38 landstingsersättningar
1501 1117 53 31 för
1587 1115 81 31 åren

168 1169 215 30 1928—1930
406 1168 54 30 för
483 1167 157 37 samtliga
661 1165 173 37 landsting
857 1164 130 38 utgjort
1010 1162 230 37 sammanlagt
1260 1160 192 38 respektive
1473 1160 95 35 3,097
1591 1159 76 30 kro-

165 1221 73 27 nor,
257 1212 96 35 3,493
372 1212 129 29 kronor
518 1211 65 30 och
602 1210 97 35 4,960
718 1210 138 29 kronor.
897 1207 132 31 Endast
1047 1206 10 31 i
1076 1206 70 31 åtta
1164 1203 361 38 landstingsområden
1543 1211 42 22 av
1601 1200 66 39 tju-

165 1254 116 37 gufem
297 1254 90 31 hade
403 1253 110 31 under
528 1252 104 38 något
650 1262 41 21 av
710 1252 41 30 de
768 1254 50 28 tre
834 1250 82 31 åren
933 1249 227 37 ersättningar
1176 1258 42 21 av
1235 1248 93 31 detta
1346 1247 72 36 slag
1436 1244 231 33 förekommit.

166 1298 48 29 Av
235 1298 98 30 dessa
354 1296 118 31 siffror
492 1296 97 31 torde
608 1305 83 21 man
711 1295 119 30 kunna
852 1294 108 36 draga
980 1294 66 29 den
1068 1292 192 35 slutsatsen,
1281 1293 48 28 att
1351 1290 65 30 här
1437 1287 231 33 omförmälda

166 1340 54 37 lag
238 1340 11 30 i
268 1339 186 37 praktiken
473 1338 146 31 kommit
640 1341 49 27 att
709 1337 93 37 spela
821 1337 139 36 mycket
977 1335 82 31 liten
1077 1335 74 30 roll.

210 1382 199 32 Emellertid
436 1382 96 31 torde
558 1382 10 30 i
593 1380 232 37 verkligheten
851 1378 235 37 otvivelaktigt
1111 1376 192 32 förefinnas
1328 1375 32 38 ej
1388 1375 38 31 så
1450 1374 36 31 få
1510 1374 72 36 fall,
1608 1374 61 30 där

166 1436 43 20 en
237 1425 201 36 minskning
466 1424 11 31 i
505 1423 237 37 vårdavgiften
773 1423 54 30 för
856 1421 210 32 hithörande
1096 1420 103 37 sjuka
1228 1420 37 30 är
1294 1428 42 21 ur
1364 1417 200 31 humanitär
1592 1425 76 28 syn-

167 1469 110 36 punkt
297 1467 185 36 önskvärd,
504 1476 79 21 men
605 1467 62 29 där
687 1466 78 30 med
786 1464 202 31 nuvarande
1007 1462 258 32 bestämmelser
1284 1471 44 21 en
1348 1459 215 37 välbehövlig
1583 1458 86 31 lind-

167 1510 75 37 ring
262 1511 10 30 i
293 1509 279 32 vårdkostnaden
591 1509 75 30 icke
686 1508 133 30 kunnat
838 1507 152 31 beredas.
1035 1506 56 30 Att
1111 1513 123 29 genom
1253 1503 147 37 ändring
1418 1503 11 30 i
1447 1503 98 36 lagen
1565 1502 65 30 den
1652 1501 18 29 2

167 1552 75 38 juni
267 1553 81 30 1919
372 1552 84 31 söka
478 1551 240 31 åstadkomma
739 1560 42 21 en
801 1548 204 38 utvidgning
1025 1558 42 21 av
1088 1549 137 30 kretsen
1246 1556 41 21 av
1309 1546 41 31 de
1373 1544 200 37 kategorier,
1596 1553 74 21 som

169 1596 97 30 skola
289 1596 143 30 komma
456 1594 10 31 i
490 1593 202 38 åtnjutande
716 1603 42 21 av
781 1592 150 37 lindring
953 1592 11 30 i
987 1589 288 36 vårdkostnaden,
1300 1598 100 28 synes
1425 1587 104 37 enligt
1554 1586 115 38 styrel-

169 1648 77 21 sens
268 1638 139 37 mening
432 1647 41 21 av
496 1637 92 31 olika
613 1637 74 30 skäl
711 1636 30 37 ej
766 1645 60 21 var
850 1634 168 37 lämpligt,
1041 1634 44 31 bl.
1111 1643 28 20 a.
1165 1632 117 31 därför
1305 1634 49 28 att
1377 1631 91 30 detta
1492 1629 178 31 alternativ

168 1681 144 31 innebär
334 1691 42 21 en
399 1681 91 30 ökad
514 1679 191 36 belastning
730 1688 42 21 av
796 1677 219 37 landstingen
1037 1675 174 37 samtidigt
1234 1684 74 21 som
1331 1673 128 37 förslag
1482 1672 189 37 föreligger,

170 1727 47 28 att
234 1725 40 30 de
292 1724 97 31 skola
407 1722 127 31 befrias
553 1721 78 32 från
651 1721 52 31 sin
722 1720 195 38 skyldighet
935 1722 49 28 att
1002 1719 11 31 i
1032 1719 82 31 sista
1132 1718 94 31 hand
1245 1727 101 21 svara
1364 1716 55 31 för
1436 1714 235 38 vårdavgiften

170 1766 52 31 för
238 1766 120 37 fattiga
374 1765 219 37 sinnessjuka
609 1774 44 21 m.
672 1764 35 30 fl.
723 1764 82 31 Man
822 1764 63 31 bör
902 1762 118 32 därför
1036 1762 168 36 överväga
1220 1763 49 28 att
1282 1759 46 37 på
1345 1762 106 28 annat
1468 1760 67 29 sätt
1550 1758 121 36 åväga-

170 1809 121 37 bringa
317 1809 66 31 den
411 1808 195 31 önskvärda
632 1806 203 37 lindringen.
887 1804 174 37 Lämpligt
1087 1813 99 28 synes
1214 1802 120 32 därvid
1361 1802 104 36 enligt
1491 1800 181 38 styrelsens

170 1852 137 36 mening
331 1861 92 26 vara,
447 1854 49 28 att
517 1850 222 37 möjligheten
762 1852 49 27 att
833 1848 105 37 enligt
962 1846 361 38 sinnessjukstadgans
1348 1846 38 29 77
1411 1842 20 40 $&
1456 1843 125 38 bevilja
1605 1842 67 31 viss

171 1893 344 38 avgiftsnedsättning
538 1893 19 30 å
579 1893 42 30 de
643 1892 134 36 statliga
802 1889 310 37 sinnessjukhusen
1135 1888 134 36 utökas,
1296 1888 38 30 så
1357 1890 48 28 att
1431 1888 86 29 även
1539 1885 134 31 mindre

171 1937 200 30 bemedlade
390 1936 58 30 må
466 1936 141 30 komma
626 1935 11 30 i
657 1933 203 37 åtnjutande
878 1943 42 21 av
941 1932 95 37 dylik
1055 1930 229 37 nedsättning.
1328 1929 64 31 Vid
1413 1928 260 31 bestämmande

171 1989 41 21 av
232 1979 92 30 vilka
344 1988 75 21 som
439 1978 95 30 skola
555 1986 99 22 anses
675 1986 74 21 som
769 1975 134 31 mindre
923 1974 202 31 bemedlade
1144 1973 96 31 torde
1259 1972 30 37 ej
1313 1972 115 31 alltför
1449 1972 105 29 snäva
1574 1971 98 36 grän-

171 2031 53 22 ser
245 2022 86 31 böra
353 2020 196 36 fastställas,
573 2020 64 29 och
660 2018 213 36 vederbörlig
895 2019 137 35 hänsyn
1056 2017 62 30 bör
1143 2019 95 33 tagas
1261 2015 76 30 icke
1362 2015 85 30 blott
1469 2013 51 31 till
1543 2012 129 38 patien-

172 2068 72 27 tens
267 2064 81 31 eller
372 2065 89 29 hans
484 2063 188 30 målsmans
697 2059 398 32 inkomstförhållanden
1120 2061 82 28 utan
1228 2059 86 29 även
1337 2057 50 31 till
1414 2057 77 30 dem
1516 2055 158 31 åvilande

173 2106 326 38 försörjningsplikt.

217 2183 200 31 Stockholm
440 2183 65 30 den
526 2183 41 29 28
586 2180 152 31 februari
760 2181 93 30 1936.

510 2275 63 28 För
595 2274 149 29 Svenska
767 2271 395 35 landstingsförbundets
1184 2270 150 35 styrelse:

791 2349 34 29 G.
851 2357 27 19 v.
908 2347 154 35 Hofsten.

1368 2399 40 38 IJ.
1433 2402 35 30 A.
1489 2401 141 31 Zander.
