1924 2834
415 141 116 33 Andra
556 141 239 38 lagutskottets
820 138 175 32 utlåtande
1020 137 48 32 Nr
1101 140 54 32 38;
1177 136 140 38 bilagor.
1605 128 37 30 13

182 237 114 37 Enligt
315 236 304 31 bestämmelserna
639 235 10 29 i
670 236 17 28 2
709 232 20 39 8
750 234 108 30 andra
879 233 131 36 stycket
1030 232 98 35 lagen
1149 231 66 30 den
1237 231 18 28 2
1277 230 70 35 maj
1373 229 81 29 1919
1475 237 57 21 om
1552 226 86 30 lind-

138 280 74 36 ring
235 280 10 30 i
270 281 40 29 de
334 279 135 30 mindre
493 278 217 30 bemedlades
735 276 185 30 kostnader
944 275 53 30 för
1022 274 84 30 vård
1132 283 41 20 av
1197 271 229 37 sinnessjuka,
1452 269 188 31 sinnesslöa

137 323 65 30 och
225 321 256 37 fallandesjuka
504 322 37 28 är
559 318 197 37 sinnessjuk
779 319 30 36 ej
834 321 47 27 att
906 327 81 20 anse
1012 316 113 30 såsom
1151 315 135 30 mindre
1311 313 191 34 bemedlad,
1528 312 112 30 därest

139 366 69 29 han
234 366 63 29 har
322 363 145 36 anhörig
495 363 80 30 eller
602 372 127 25 annan,
758 371 73 20 som
857 362 37 28 är
921 358 351 38 försörjningspliktig
1301 357 52 30 för
1381 357 130 29 honom
1538 354 64 30 och
1631 353 10 30 i

138 408 102 30 stånd
265 410 47 27 att
335 407 142 30 bekosta
503 406 86 29 hans
615 405 94 30 vård.
759 403 254 31 Motionärerna
1040 400 197 36 framhålla,
1264 403 48 27 att
1338 400 91 29 detta
1454 397 187 36 stadgande

138 452 70 28 kan
231 449 9 30 i
259 449 52 30 sin
333 448 219 37 tillämpning
573 449 104 29 verka
703 446 163 31 orättvist.
916 445 184 31 Föräldrar
1125 445 118 29 kunna
1268 442 146 30 sålunda
1437 440 91 30 bliva
1551 440 90 36 skyl-

141 493 79 37 diga
243 496 48 27 att
312 492 112 30 betala
446 492 63 29 full
529 490 233 31 vårdkostnad
784 490 53 29 för
857 492 46 27 ett
925 498 40 20 av
988 488 74 30 sina
1081 487 87 30 barn
1189 486 109 30 under
1319 484 37 31 så
1376 487 69 27 stor
1465 478 180 46 tidsrymd,

139 539 48 27 att
209 535 116 36 övriga
344 535 105 30 barns
469 535 66 29 rätt
556 534 65 29 blir
642 533 148 30 lidande.

184 578 224 30 Beträffande
436 577 91 30 detta
555 576 177 30 uttalande
760 575 9 30 i
797 574 174 31 motionen
999 574 58 29 vill
1085 573 166 36 styrelsen
1278 570 196 35 framhålla,
1503 572 46 27 att
1577 569 65 30 den

140 620 212 38 myndighet,
370 620 9 29 i
398 620 107 29 första
523 619 94 30 hand
635 618 256 31 vederbörande
910 616 356 37 fattigvårdsstyrelse,
1286 624 74 20 som
1379 614 63 29 har
1460 615 48 28 att
1526 613 116 35 pröva,

140 663 172 31 huruvida
335 663 77 35 den,
435 671 74 21 som
532 661 103 36 enligt
657 660 178 36 civillagen
858 661 37 29 är
919 657 351 39 försörjningspliktig
1293 659 171 34 gentemot
1488 655 65 30 den
1576 654 66 30 sin-

141 705 171 37 nessjuke,
332 706 37 29 är
389 704 10 30 i
418 704 101 31 stånd
539 707 48 27 att
605 704 143 30 bekosta
768 704 85 29 hans
874 702 95 36 vård,
990 702 89 30 skall
1098 701 58 30 vid
1177 700 213 36 prövningen
1411 702 76 32 taga
1508 698 135 35 hänsyn

141 748 30 37 ej
193 748 121 30 endast
334 747 50 30 till
406 747 170 30 storleken
598 756 41 20 av
661 747 66 29 den
749 744 374 37 underhållsskyldiges
1144 743 189 30 inkomster
1355 742 64 29 och
1442 740 115 36 övriga
1580 739 63 30 till-

141 791 129 36 gångar
287 793 88 27 samt
393 789 139 30 skulder
551 792 82 27 utan
651 789 129 36 jämväl
799 788 48 30 till
865 787 108 30 andra
991 786 44 38 på
1053 787 86 29 hans
1158 784 226 31 ekonomiska
1403 782 242 31 förhållanden

142 833 210 30 inverkande
369 831 302 36 omständigheter,
690 831 113 30 såsom
821 831 130 29 honom
967 829 180 37 åliggande
1165 825 397 37 underhållsskyldighet
1581 824 64 30 och

142 876 120 37 dylikt.
314 876 99 29 Detta
440 874 152 36 framgår
619 883 42 21 av
690 874 80 30 sista
798 872 183 36 meningen
1006 871 10 31 i
1045 872 55 30 det
1128 871 147 30 anförda
1303 870 215 35 lagrummet.
1570 862 75 45 Gäl-

142 919 102 30 lande
264 917 212 38 lagstiftning
497 918 136 35 stadgar
654 916 109 35 alltså,
784 919 47 27 att
851 916 66 30 den
937 915 176 37 prövande
1134 913 246 37 myndigheten
1400 912 62 29 har
1483 913 47 28 att
1550 910 43 30 bl.
1615 919 29 20 a.

143 965 78 33 taga
244 962 136 35 hänsyn
404 960 51 31 till
478 969 56 21 om
559 960 65 30 den
649 958 371 37 försörjningspliktige
1044 957 10 31 i
1078 956 110 36 övrigt
1213 956 63 30 har
1300 954 109 31 sådan
1432 952 213 32 underhålls-

143 1004 205 37 skyldighet,
370 1006 48 27 att
436 1003 71 30 han
527 1002 73 30 icke
621 1003 38 29 är
679 1002 9 30 i
708 1001 101 30 stånd
829 1004 47 27 att
897 1001 147 36 fullgöra
1065 1000 113 30 denna
1200 999 52 29 sin
1273 997 194 37 skyldighet
1488 999 71 27 mot
1580 996 66 29 den

143 1046 226 37 sinnessjuke.

188 1089 124 30 Vidare
331 1088 59 30 vill
409 1088 164 37 styrelsen
594 1087 196 36 framhålla,
810 1089 57 33 att,
887 1086 114 31 därest
1020 1084 371 37 fattigvårdsstyrelsen
1411 1082 74 30 icke
1504 1080 144 38 beviljar

144 1131 324 36 ifrågakommande
487 1130 149 36 lindring
656 1130 10 29 i
685 1130 191 29 kostnaden
897 1129 54 30 för
969 1127 214 37 sinnessjuks
1206 1127 83 30 vård
1310 1125 43 37 på
1373 1126 66 29 den
1459 1124 120 37 grund,
1600 1126 48 28 att

145 1173 371 37 fattigvårdsstyrelsen
537 1182 110 26 anser,
669 1175 49 27 att
739 1171 256 31 vederbörande
1016 1168 354 39 försörjningspliktig
1391 1169 37 29 är
1449 1167 10 30 i
1480 1166 100 31 stånd
1601 1169 48 27 att

144 1217 113 30 betala
286 1215 139 36 vården,
454 1215 180 37 föreligger
662 1215 208 30 besvärsrätt
898 1214 104 36 enligt
1031 1212 321 37 fattigvårdslagens
1382 1209 265 32 bestämmelser.

147 1259 229 36 Lagstiftaren
402 1259 63 29 har
492 1257 130 31 således
650 1257 10 30 i
687 1257 157 36 gällande
871 1255 213 38 lagstiftning
1111 1255 84 37 sörjt
1222 1255 54 30 för
1303 1257 48 27 att
1379 1254 65 30 den
1470 1252 177 38 prövning,

145 1312 75 21 som
248 1300 370 38 fattigvårdsstyrelsen
646 1301 229 29 underkastar
903 1300 66 30 den
996 1297 391 38 försörjningspliktiges
1417 1295 156 37 förmåga
1601 1298 49 28 att

145 1345 123 35 betala,
293 1344 75 30 icke
392 1343 65 30 blir
482 1343 162 36 slutgiltig
669 1346 83 27 utan
777 1344 69 29 kan
871 1343 116 29 ställas
1012 1342 109 30 under
1146 1340 230 37 omprövning
1400 1340 63 30 hos
1488 1338 161 31 vederbö-

147 1388 107 30 rande
285 1386 390 37 besvärsmyndigheter.
732 1386 66 29 För
828 1384 109 37 övrigt
970 1384 180 36 föreligger
1183 1384 30 36 ej
1246 1383 122 30 hinder
1400 1385 72 27 mot
1503 1385 57 32 att,
1593 1390 57 21 om

146 1429 197 37 sinnessjuk
363 1429 185 30 förklarats
571 1429 53 29 för
644 1428 75 30 icke
739 1428 203 29 obemedlad
963 1427 50 30 till
1032 1427 88 36 följd
1142 1436 41 20 av
1204 1429 48 27 att
1272 1426 65 29 den
1359 1426 54 29 för
1433 1425 128 29 honom
1582 1424 67 29 för-

147 1471 317 38 sörjningspliktige
490 1472 37 29 är
553 1471 10 29 i
590 1470 100 31 stånd
718 1474 47 26 att
791 1470 111 30 betala
928 1470 86 29 hans
1041 1469 95 35 vård,
1164 1478 46 26 ny
1237 1469 155 29 ansökan
1419 1477 57 20 om
1502 1466 149 34 lindring

148 1517 8 29 i
182 1515 280 31 vårdkostnaden
487 1514 69 29 kan
579 1515 109 34 göras,
714 1514 112 29 därest
851 1513 66 29 den
942 1511 372 37 försörjningspliktige
1339 1509 145 30 kommit
1509 1509 9 30 i
1543 1508 107 31 sådan

148 1558 173 35 situation,
341 1560 47 27 att
407 1557 70 29 han
495 1556 30 37 ej
546 1557 116 35 längre
681 1557 70 28 kan
770 1565 98 20 svara
889 1555 54 29 för
962 1554 289 30 vårdkostnaden.

193 1600 188 35 Ehuruväl,
411 1599 150 30 formellt
589 1601 72 32 sett,
691 1599 66 29 den
786 1597 158 36 gällande
972 1596 259 37 lagstiftningen
1260 1595 145 30 sålunda
1435 1603 56 28 ger
1519 1594 132 37 möjlig-

150 1645 94 29 heter
263 1646 48 27 att
331 1642 35 30 få
386 1652 42 20 en
448 1641 134 36 allsidig
603 1640 169 38 prövning
793 1640 48 30 till
862 1639 111 36 stånd,
995 1639 172 30 huruvida
1188 1639 66 30 den
1276 1638 53 30 för
1350 1639 66 29 den
1439 1636 214 37 sinnessjuke

150 1684 357 37 underhållsskyldige
528 1685 37 29 är
586 1683 9 30 i
616 1683 101 30 stånd
738 1686 48 27 att
807 1683 146 35 fullgöra
974 1682 52 30 sin
1047 1681 327 37 försörjningsplikt,
1397 1680 73 30 icke
1491 1680 84 30 blott
1596 1679 57 30 vid

151 1729 204 37 tidpunkten
384 1727 45 31 då
457 1727 66 30 den
551 1726 99 37 sjuke
679 1726 139 30 beredes
845 1725 94 36 vård,
969 1728 83 27 utan
1080 1725 87 30 även
1196 1725 192 29 sedermera
1417 1723 109 30 under
1554 1722 98 31 vård-

151 1772 103 34 tiden,
273 1772 37 29 är
329 1771 56 29 det
403 1770 74 30 icke
494 1770 169 34 uteslutet,
683 1772 48 27 att
749 1768 221 37 möjligheten
989 1770 47 27 att
1055 1766 37 31 få
1110 1766 229 37 omprövning
1357 1766 50 30 till
1426 1765 101 31 stånd
1545 1766 109 29 under

150 1813 180 31 vårdtiden
356 1812 30 37 ej
415 1813 152 29 beaktas.
618 1812 71 29 Har
716 1810 370 37 fattigvårdsstyrelsen
1114 1819 42 20 en
1184 1809 87 36 gång
1299 1808 143 36 avslagit
1470 1808 183 30 framställ-

151 1856 82 36 ning
253 1865 57 20 om
331 1854 150 36 lindring
502 1854 10 30 i
533 1854 289 34 vårdkostnaden,
844 1853 84 30 låter
950 1862 81 20 man
1054 1853 55 29 det
1131 1860 66 27 nog
1219 1852 71 29 ofta
1312 1852 81 29 bero
1415 1851 130 35 därvid,
1568 1851 85 29 även

151 1909 57 20 om
228 1897 266 31 förhållandena
513 1896 46 30 bli
578 1896 37 30 så
635 1896 163 34 ändrade,
818 1898 47 27 att
884 1894 149 36 lindring
1054 1895 62 29 bör
1136 1895 119 28 kunna
1275 1894 152 29 beredas.
1472 1890 43 33 Är
1535 1894 55 29 det
1611 1893 43 29 då

154 1940 95 36 fråga
277 1949 56 21 om
360 1939 86 30 vård
472 1939 109 29 under
607 1948 41 19 en
675 1938 116 34 längre
819 1936 87 36 följd
934 1946 41 20 av
1002 1936 47 35 år,
1079 1937 68 29 kan
1176 1936 64 29 den
1272 1935 383 36 försörjningsskyldige

153 1985 141 28 komma
317 1984 47 27 att
387 1981 47 29 bli
457 1980 146 35 oskäligt
626 1979 77 30 hårt
727 1980 217 29 ekonomiskt
969 1979 182 35 betungad.

198 2026 63 29 Det
283 2026 37 28 är
343 2023 140 37 givetvis
508 2023 133 29 förenat
666 2022 77 29 med
768 2021 207 35 svårigheter
999 2024 47 27 att
1071 2021 104 29 vinna
1201 2031 40 19 en
1266 2021 148 34 enhetlig
1439 2020 217 36 tillämpning

154 2078 41 20 av
224 2070 45 27 ett
297 2066 36 30 så
361 2066 144 30 allmänt
533 2065 145 29 avfattat
707 2065 142 33 lagrum,
879 2073 73 20 som
981 2064 17 28 2
1029 2061 19 38 8
1079 2063 9 30 i
1118 2063 225 30 förevarande
1373 2063 63 35 lag,
1467 2063 85 29 helst
1582 2072 73 20 som

153 2110 116 35 frågor
286 2109 147 30 rörande
450 2107 262 37 tillämpningen
731 2107 105 29 därav
855 2106 8 29 i
882 2106 142 29 allenast
1042 2105 96 36 ringa
1158 2105 236 35 utsträckning
1413 2115 101 26 synas
1534 2114 121 27 genom

154 2153 121 29 besvär
293 2152 88 29 hava
401 2150 219 30 underställts
641 2149 299 35 länsstyrelsernas
960 2149 63 28 och
1043 2149 290 28 kammarrättens
1353 2148 177 36 prövning,
1553 2148 36 30 så
1609 2151 47 27 att

155 2194 210 35 vägledande
390 2192 196 37 prejudikat
608 2192 136 28 saknas.
792 2190 113 35 Enligt
928 2190 65 29 vad
1017 2190 165 35 styrelsen
1205 2190 63 29 har
1291 2190 184 35 anledning
1499 2191 156 29 förmoda

155 2237 173 35 tillämpas
349 2236 97 34 lagen
467 2235 84 28 även
574 2233 160 35 tämligen
757 2232 90 30 olika
869 2242 40 19 av
931 2231 409 36 fattigvårdsstyrelserna
1362 2233 64 28 och
1449 2232 208 36 fordringar-

155 2289 44 19 na
219 2278 44 36 på
283 2280 47 27 att
350 2286 99 20 anses
473 2276 152 28 »mindre
647 2275 197 29 bemedlad>
871 2274 9 29 i
901 2275 113 33 lagens
1036 2275 139 33 mening
1197 2275 94 28 torde
1326 2284 67 19 vara
1415 2276 129 33 ganska
1566 2267 90 37 olika

158 2322 7 28 i
182 2320 91 29 olika
293 2318 210 30 landsändar
520 2318 64 28 och
602 2318 86 27 även
707 2317 93 28 inom
819 2315 221 35 närliggande
1058 2316 217 34 kommuner,
1295 2316 169 29 beroende
1485 2316 40 36 på
1544 2318 114 28 veder-

156 2362 152 30 börande
349 2359 379 35 fattigvårdsstyrelsers
758 2357 206 35 inställning.
1015 2358 99 28 Trots
1142 2358 112 28 denna
1284 2357 168 36 påtagliga
1480 2359 178 35 olägenhet

157 2414 100 21 anser
282 2404 48 34 sig
356 2402 164 36 styrelsen
548 2401 72 29 icke
647 2402 117 28 kunna
793 2400 137 29 förorda
955 2409 41 20 en
1023 2399 203 35 lagändring
1254 2400 8 29 i
1289 2401 64 28 den
1381 2401 203 35 riktningen,
1612 2405 47 26 att

160 2446 274 32 vederbörandes
460 2444 205 35 bidragsrätt
693 2442 126 30 fixeras
845 2443 46 28 till
918 2442 66 29 viss
1011 2442 163 29 inkomst-
1202 2443 63 28 och
1293 2443 368 39 förmögenhetsgräns,
