2218 2630
644 167 417 38 Bevillningsutskottets
1081 165 225 33 betänkande
1324 165 51 31 Nr
1400 163 50 31 15.
1783 161 13 29 1

969 429 49 39 Nr
1056 423 58 65 15.

838 584 112 26 Ankom
968 583 43 27 till
1031 582 167 35 riksdagens
1219 581 92 27 kansli
1331 581 53 26 den
1406 581 33 26 16
1459 590 74 17 mars
1554 580 68 27 1922
1643 580 34 26 kl.
1701 581 10 24 I
1732 589 23 16 e.
1776 589 34 16 m.

442 728 419 43 Bevillningsutskottets
902 724 235 42 betänkande,
1168 724 12 34 i
1209 722 199 44 unledning
1449 733 44 23 av
1536 721 138 45 Kungl.
1713 721 131 43 Maj:ts

638 795 228 47 proposition
908 794 79 35 med
1022 792 145 45 förslag
1210 791 58 36 till
1290 789 224 46 förordning
1545 791 186 43 angående
1753 789 93 44 fort-

643 868 71 32 satt
742 863 234 45 tillämpning
1005 872 43 24 av
1072 860 270 44 förordningen
1371 860 67 35 den
1467 861 52 33 22
1547 859 100 45 april
1669 860 101 33 1921
1792 869 54 24 om

645 937 73 31 rätt
753 933 67 43 för
853 931 206 44 Konungen
1089 933 52 32 att
1169 930 13 34 i
1210 930 89 34 visst
1322 927 77 43 fall
1428 929 116 34 åsätta
1573 927 161 36 särskild
1763 927 84 34 tull-

645 1001 130 46 uvgift.
932 999 3 1 |

372 1159 18 36 I
432 1173 47 23 en
523 1158 72 36 den
637 1159 47 34 24
721 1154 166 39 februari
918 1155 97 35 1922
1046 1151 251 51 dagtecknad,
1326 1151 56 36 till
1410 1149 436 49 bevillningsutskottets

243 1210 275 38 förberedande
547 1207 234 49 behandling
809 1205 184 37 hänvisad
1022 1203 250 51 proposition,
1302 1216 45 22 nr
1375 1203 61 47 95,
1465 1201 70 37 har
1563 1200 142 50 Kungl.
1727 1200 119 50 Maj:t,

244 1263 120 36 under
392 1260 240 50 åberopande
661 1273 46 23 av
735 1257 285 51 propositionen
1050 1255 121 49 bilagt
1198 1254 142 49 utdrag
1368 1267 47 23 av
1434 1251 412 51 statsrådsprotokollet

244 1320 90 31 över
376 1312 325 38 handelsärenden
742 1310 59 36 för
842 1322 145 24 samma
1028 1308 89 48 dag,
1158 1305 198 49 föreslagit
1390 1305 207 49 riksdagen
1627 1310 52 31 att
1708 1309 139 43 antaga

244 1365 168 50 följande
433 1364 71 36 vid
533 1362 284 51 propositionen
847 1360 140 47 fogade

928 1511 237 48 Förslag

1019 1599 52 33 till

898 1659 326 59 Förordning

282 1759 179 42 angående
485 1760 151 33 fortsatt
659 1759 233 40 tillämpning
915 1766 41 23 av
979 1755 262 41 förordningen
1267 1754 66 33 den
1359 1754 40 32 22
1423 1754 95 42 april
1545 1753 82 33 1921
1651 1754 58 43 (nr
1733 1753 75 41 179)

383 1821 56 24 om
464 1812 74 32 rätt
562 1810 60 34 för
646 1810 203 41 Konungen
874 1810 54 32 att
951 1810 14 31 i
989 1809 90 32 visst
1102 1808 68 32 fall
1193 1806 115 34 åsätta
1331 1806 379 41 särskilditullavgift.

376 1908 234 49 Härigenom
639 1906 210 46 förordnas,
880 1911 53 30 att
961 1904 274 48 förordningen
1264 1903 71 37 den
1367 1904 47 34 22
1444 1902 97 50 april
1571 1904 95 34 1921
1694 1915 60 23 om
1774 1906 74 32 rätt

245 1962 60 36 för
323 1961 218 47 Konungen
571 1964 55 31 att
654 1959 11 35 i
692 1958 95 37 visst
815 1957 66 37 fall
910 1959 121 34 åsätta
1060 1955 162 37 särskild
1251 1954 208 49 tullavgift,
1479 1953 128 38 vilken
1627 1953 224 49 förordning

245 2013 121 49 gäller
406 2012 57 37 till
504 2013 197 47 utgången
730 2023 46 23 av
805 2012 45 33 år
876 2010 110 46 1922,
1016 2007 95 37 skall
1140 2011 72 45 äga
1241 2007 153 36 förtsatt
1423 2006 243 49 tillämpning
1693 2005 56 37 till
1778 2005 69 37 och

248 2065 83 37 med
361 2064 74 36 den
465 2065 45 34 31
541 2061 197 38 december
768 2062 109 35 1923.

376 2209 241 37 Beträffande
642 2209 277 48 motiveringen
941 2208 58 36 för
1020 2207 62 36 det
1100 2204 265 51 föreliggande
1385 2205 183 49 förslaget
1588 2205 57 36 får
1664 2204 187 36 utskottet

226 2263 181 36 -hänvisa
436 2261 56 37 till
521 2274 97 24 ovan
648 2259 260 48 omförmälda,
937 2259 64 37 vid
1020 2257 287 51 propositionen
1328 2256 140 50 fogade
1487 2256 361 50 protokollsutdrag.

247 2323 129 41 Bihang
400 2322 47 32 till
470 2321 188 42 riksdagens
676 2320 163 42 protokoll
862 2320 94 32 1922.
1004 2319 21 31 7
1048 2319 89 31 saml.
1195 2319 42 30 12
1260 2318 80 40 höft.
1387 2317 66 38 (Nr
1477 2318 155 46 15--17.)
1788 2317 15 30 1
