2143 2651
685 152 212 37 Lagutskottets
926 151 152 28 Utlåtande
1102 151 56 28 N:o
1182 152 49 27 18.
1745 146 17 27 3

150 230 152 46 utgång.
356 229 126 37 Såsom
515 230 80 35 skäl
628 228 135 47 därför,
796 234 54 31 att
883 228 37 36 åt
946 230 79 35 icke
1052 228 138 36 häktad
1218 241 134 35 person
1381 227 155 37 sålunda
1562 226 116 37 borde
1704 227 60 36 be-

150 282 106 35 redas
297 294 141 23 samma
477 280 158 46 förmån,
678 294 78 23 som
791 280 115 36 redan
933 293 134 34 genom
1094 279 267 48 förordningen
1389 279 70 36 den
1489 280 46 35 30
1563 279 72 47 maj
1667 280 95 34 1873

149 333 264 36 tillförsäkrats
458 333 149 44 häktad,
651 332 95 36 hade
790 331 150 46 anförts,
984 330 165 37 förutom
1193 331 193 48 hänsynen
1425 331 59 35 till
1520 330 70 36 den
1620 330 144 44 dömde,

154 383 324 48 hufvudsakligen,
519 389 54 30 att
611 383 290 37 vidkommande
941 383 44 36 de
1025 383 135 35 talrika
1199 383 251 45 brottslingar,
1491 394 78 23 som
1602 381 162 36 saknade

154 435 123 48 stadig
303 417 142 62 bostad,
471 413 64 58 det
561 448 89 23 vore
673 434 83 36 med
777 440 100 29 stora
896 434 229 45 svårigheter
1142 433 172 36 förenadt
1333 439 53 29 att
1403 433 201 35 verkställa
1623 432 140 44 domar,

155 486 46 36 då
229 468 46 54 de
303 464 142 58 dömde
472 498 88 24 vore
594 485 47 47 på
666 484 47 37 fri
740 484 55 37 fot
824 484 69 36 och
920 463 98 57 med
1032 484 326 46 verkställigheten
1385 483 116 36 måste
1529 482 130 46 dröjas,
1687 461 76 57 tills

151 537 255 36 besvärstiden
445 536 165 47 förlupit,
652 541 95 31 samt
787 541 54 30 att
881 536 175 35 särskildt
1095 535 44 36 de
1179 548 184 35 personer,
1397 547 78 23 som
1502 535 99 35 intill
1628 534 134 36 domen

152 588 126 36 hållits
317 588 171 45 häktade,
529 601 85 23 men
653 588 12 35 i
700 587 94 48 följd
835 586 39 36 af
904 587 230 36 densammas
1160 586 164 36 innehåll
1350 585 192 46 lösgifvits,
1570 586 193 46 lätteligen

154 639 122 36 blefve
316 639 210 36 nödsakade
563 644 53 30 att
651 639 118 36 under
795 638 250 37 besvärstiden
1075 638 176 45 antingen
1277 636 59 37 för
1362 637 63 35 sitt
1451 637 196 46 uppehälle
1674 636 90 36 åter-

153 691 122 35 vända
309 691 59 35 till
399 691 192 35 hemorten
620 691 88 35 eller
735 690 67 35 ock
830 702 133 33 genom
990 690 72 35 löst
1089 690 125 35 arbete
1241 688 118 36 under
1385 687 271 46 förhållanden,
1684 700 78 23 som

152 741 107 47 gåfve
287 741 204 46 anledning
517 742 58 35 till
601 754 74 31 nya
702 719 247 69 förbrytelser,
978 740 200 48 uppehålla
1206 741 54 44 sig
1287 739 47 48 på
1360 740 153 46 platsen.

253 793 128 35 Redan
419 794 11 34 i
467 774 63 54 det
564 793 102 34 inom
703 792 194 57 lagbyrån
923 791 217 36 utarbetade
1166 771 148 67 förslag,
1343 803 78 22 som
1448 789 83 47 låge
1556 790 59 35 till
1641 789 122 46 grund

148 843 61 36 för
249 843 268 46 förordningen
558 842 39 36 af
634 842 71 36 den
746 844 46 34 30
826 843 71 45 maj
934 844 105 42 1873,
1080 841 95 36 hade
1209 823 142 53 funnits
1384 847 188 41 upptagen
1600 853 45 23 en
1672 839 92 37 före-

153 894 108 36 skrift
288 890 139 70 därom,
464 901 54 29 att
544 893 254 46 bestraffning,
826 907 79 23 som
933 893 143 35 ådömts
1103 893 80 35 icke
1209 891 140 36 häktad
1376 904 143 33 person,
1546 892 99 46 finge
1672 897 91 29 utan

153 946 157 35 afbidan
337 945 48 47 på
411 945 270 37 besvärstidens
710 944 140 47 utgång
869 944 44 46 gå
930 945 13 35 i
961 943 288 48 verkställighet,
1277 943 122 35 därest
1418 942 101 36 såväl
1538 942 70 36 den
1629 942 134 36 dömde

152 1010 77 22 som
264 997 172 45 åklagare
468 997 69 35 och
568 983 239 58 målsägande
827 975 195 56 förklarat
1049 996 54 45 sig
1130 982 113 58 nöjda
1270 993 83 36 med
1380 994 170 45 utslaget.
1602 993 82 36 Den
1712 993 50 35 så-

150 1048 119 36 lunda
295 1027 218 66 ifrågasatta
539 1026 236 57 föreskriften
804 1047 95 35 hade
918 1025 205 57 emellertid
1143 1046 177 46 afstyrkts
1341 1043 39 36 af
1395 1019 130 77 högsta
1545 1044 217 44 domstolen,

152 1111 79 23 som
272 1098 90 36 fann
395 1099 108 46 giltig
535 1097 123 47 grund
684 1097 60 36 för
771 1103 51 30 ett
848 1096 262 47 medgifvande
1138 1101 54 30 att
1218 1096 201 35 verkställa
1444 1076 81 55 icke
1551 1095 85 45 laga
1663 1069 99 76 kraft

149 1150 146 46 ägande
336 1123 193 76 straffdom
535 1128 206 66 "föreligga
774 1149 137 43 endast,
943 1155 68 29 när
1039 1148 215 45 därigenom
1281 1146 176 36 bereddes
1484 1125 193 67 möjlighet
1703 1145 59 36 för

150 1189 73 48 den
264 1201 134 35 dömde
439 1206 54 30 att
531 1200 127 47 undgå
695 1213 44 22 en
766 1199 256 47 långvarigare
1048 1178 134 56 förlust
1209 1197 41 36 af
1273 1197 158 36 friheten
1460 1198 69 34 och
1555 1196 60 36 för
1642 1202 119 31 staten

150 1258 56 29 att
233 1253 114 35 vinna
373 1252 216 46 minskning
616 1253 9 32 i
654 1231 205 56 kostnaden
879 1250 57 36 för
936 1228 168 73 fångars
1124 1249 206 36 underhåll.
1370 1248 52 36 På
1441 1248 122 46 grund
1582 1247 41 36 af
1639 1248 122 36 denna

151 1304 249 46 anmärkning
427 1302 96 36 hade
549 1282 176 66 förslaget
751 1303 12 34 i
791 1302 121 36 denna
939 1301 59 36 del
1021 1282 72 54 fått
1120 1299 159 37 förfalla.

252 1334 147 56 Under
409 1353 45 36 de
481 1359 142 30 senaste
651 1335 217 53 årtiondena
894 1352 94 36 hade
1016 1351 203 37 emellertid
1247 1351 44 35 de
1318 1363 86 35 nyss
1433 1349 155 36 anförda
1616 1351 144 44 olägen-

151 1405 154 35 heterna
332 1404 114 46 däraf,
474 1410 55 30 att
556 1403 239 36 straffdomar
822 1403 102 37 öfver
951 1403 80 36 icke
1057 1402 160 36 häktade
1244 1414 174 36 personer
1445 1402 31 46 ej
1506 1401 124 35 kunde
1657 1381 104 56 verk-

147 1456 129 35 ställas
304 1455 78 36 före
411 1434 268 57 besvärstidens
707 1454 150 47 utgång,
884 1453 198 37 framträdt
1108 1454 68 35 allt
1203 1454 173 45 skarpare
1403 1452 69 36 och
1499 1453 58 34 till
1585 1452 68 35 och
1676 1452 84 37 med

149 1507 50 46 på
226 1513 53 29 ett
306 1508 68 34 och
402 1513 115 29 annat
544 1507 105 35 ställe
675 1505 187 37 föranledt
887 1505 125 36 försök
1040 1510 62 39 att,
1130 1504 47 47 på
1204 1504 106 35 sidan
1337 1517 61 22 om
1426 1504 117 46 lagen,
1570 1502 121 36 införa
1715 1516 44 23 en

150 1559 136 46 praxis,
328 1558 117 47 enligt
483 1558 152 35 hvilken
676 1556 108 36 straff
819 1556 251 43 verkställdes,
1107 1556 39 35 så
1173 1560 102 30 snart
1301 1560 173 42 parterna
1500 1553 179 36 förklarat
1706 1555 54 46 sig

151 1608 115 46 nöjda
293 1608 84 36 med
404 1608 168 46 utslaget.
625 1607 83 36 Icke
735 1608 113 35 minst
875 1607 191 35 kännbara
1092 1606 95 35 hade
1213 1605 283 46 ifrågavarande
1524 1605 236 45 olägenheter

150 1660 96 35 visat
273 1660 55 46 sig
355 1660 12 35 il
394 1658 105 46 fråga
527 1672 60 22 om
614 1658 114 45 straff,
757 1658 158 35 ådömda
942 1657 40 36 af
1005 1640 364 67 krigsdomstolarne.

250 1689 77 56 På
342 1689 133 67 grund
505 1709 40 36 af
582 1709 100 36 hvad
716 1687 158 58 sålunda
901 1708 142 36 anförts
1072 1713 122 39 syntes
1223 1707 71 36 den
1321 1720 52 22 nu
1399 1705 191 49 medgifna
1616 1707 144 46 möjlig-

148 1761 110 36 heten
286 1765 55 31 att
342 1740 225 57 verkställa
593 1761 78 35 icke
697 1761 86 45 laga
809 1759 100 36 kraft
937 1759 141 46 ägande
1103 1758 327 36 brottmålsdomar
1455 1736 92 57 böra
1574 1757 184 47 utvidgas,

148 1811 42 36 så
217 1816 55 31 att
300 1825 45 22 en
373 1825 25 22 s.
426 1812 34 35 k.
487 1810 299 48 nöjdförklaring
812 1810 115 36 måtte
953 1790 129 55 kunna
1107 1809 85 36 med
1218 1808 71 36 full
1314 1809 140 36 verkan
1474 1806 156 47 afgifvas
1651 1807 108 37 äfven

150 1870 68 28 när
245 1862 71 37 den
345 1861 134 37 dömde
507 1863 30 47 ej
568 1862 115 36 hölles
711 1861 148 37 häktad.
910 1861 58 36 Då
995 1874 43 23 en
1068 1860 113 37 sådan
1208 1859 234 50 lagstiftning
1467 1872 90 23 vore
1583 1858 175 47 påkallad

147 1915 33 46 ej
223 1914 98 35 blott
361 1912 40 37 af
439 1913 62 36 det
540 1914 209 35 allmännas
782 1912 236 37 omedelbara
1050 1913 152 35 intresse
1233 1912 13 35 i
1273 1910 254 46 aflägsnandet
1554 1910 41 35 at
1617 1910 141 45 hinder,

152 1965 178 46 uppehåll
371 1964 68 36 och
480 1964 227 47 svårigheter
742 1964 63 36 vid
840 1963 431 46 straffverkställigheten
1298 1967 90 30 utan
1416 1961 107 37 äfven
1551 1960 40 36 af
1615 1961 143 44 hänsyn

149 2015 138 44 därtill,
328 2021 55 30 att
423 2015 72 36 den
528 2015 134 36 dömde
688 2015 116 36 borde
831 2014 140 37 erhålla
997 2013 148 37 tillfälle
1173 2018 54 31 att
1254 2012 39 37 så
1319 2017 101 32 snart
1447 2025 78 23 som
1551 2012 146 47 möjligt
1722 2012 37 36 få

150 2065 141 63 aftjäna
319 2066 62 36 det
408 2066 41 36 af
471 2067 138 35 honom
637 2065 208 48 förskyllda
872 2065 151 45 straffet,
1050 2064 107 37 torde
1184 2064 62 36 det
1272 2065 79 35 icke
1377 2077 90 23 vara
1493 2064 171 45 lämpligt
1692 2069 65 41 att,

150 2117 119 36 såsom
312 2117 114 46 enligt
465 2117 223 47 föregående
733 2116 139 47 förslag
910 2117 96 36 varit
1042 2115 209 45 händelsen,
1294 2114 58 37 för
1395 2113 363 49 nöjdförklaringens

149 2168 172 46 giltighet
360 2143 190 77 uppställa
589 2168 62 36 det
690 2168 146 45 villkor,
872 2172 55 31 att
956 2168 141 45 jämväl
1125 2144 173 68 åklagare
1325 2165 69 37 och
1421 2165 239 59 målsägande
1687 2165 71 36 för-

149 2194 123 76 klarat
311 2219 55 47 sig
405 2219 123 46 nöjda.
583 2217 60 38 Af
675 2232 140 23 samma
850 2219 79 35 skäl
956 2218 124 46 borde,
1107 2225 68 29 när
1201 2215 297 49 nöjdförklaring
1525 2217 30 46 ej
1585 2215 174 48 afgifvits,
