1900 2838
517 204 413 35 Bevillningsutskotltets
953 205 222 32 betänkande
1196 206 43 30 Ny
1273 208 29 28 &.
1578 207 34 29 13

197 279 7 30 I
233 279 38 29 de
295 290 44 19 av
365 280 119 30 herrar
508 280 107 36 Georg
646 280 84 30 Dahl
755 281 58 30 och
841 281 178 31 Anderson
1046 282 9 29 i
1076 282 194 36 Linköping
1296 284 123 30 väckta
1445 285 210 31 motionerna

151 331 60 29 har
236 332 175 35 uppgivits
435 334 61 33 att,
521 332 111 30 därest
658 333 119 30 maltet
801 333 57 31 vid
885 334 330 36 mäskberedningen
1243 336 54 30 till
1323 339 110 32 nägon
1452 337 52 30 del
1521 340 139 28 ersattes

151 383 74 30 med
261 384 125 34 socker,
422 385 180 29 extrakten
639 385 107 30 skulle
776 386 137 29 komma
937 387 51 29 att
1012 387 175 30 innehålla
1214 387 92 36 lägre
1331 389 170 30 kvantitet
1523 390 136 35 ojäsbar

149 435 134 30 extrakt
320 446 77 19 men
433 436 102 35 högre
571 437 170 30 kvantitet
778 438 248 34 lättförjäsbart
1058 439 126 35 socker,
1214 439 109 31 vilket
1347 440 57 30 vid
1431 441 226 35 efterjäsning

149 487 110 29 skulle
283 487 119 30 kunna
427 488 159 35 medföra,
598 490 50 28 att
671 489 255 30 alkoholhalten
953 490 251 34 uppbringades
1227 494 159 28 avsevärt
1404 494 81 28 över
1502 493 48 30 3.2
1572 494 88 29 vikt-

151 540 145 32 procent.

193 590 120 35 Inligt
335 591 48 29 ett
407 592 53 29 för
479 592 160 30 utskottet
652 592 224 36 tillgängligt,
889 603 43 20 av
947 593 103 30 förste
1064 594 289 36 byraingenjören
1368 596 9 29 i
1392 596 268 38 kontrollstyrel-

150 651 68 25 sen,
242 642 280 36 överingenjören
542 644 33 29 I5.
589 644 33 30 J.
638 644 122 30 Envall
774 645 140 34 avgivet
928 646 158 34 yttrande
1099 646 111 30 skulle
1223 648 224 35 användning
1460 659 44 19 av
1517 651 116 29 socker
1648 651 6 29 i

150 693 40 30 de
213 694 175 30 skattefria
416 695 240 35 bryggerierna
674 696 123 30 hittills
810 697 219 30 förekommit
1043 698 9 29 i
1065 698 147 30 allenast
1224 700 138 34 måttlig
1373 701 210 37 omfattning
1597 703 59 30 och

151 747 11 28 i
186 746 189 31 allmänhet
400 748 72 29 icke
496 749 179 34 överstigit
699 750 39 29 10
763 751 136 33 procent
915 760 43 19 av
976 750 268 36 maltmängden,
1258 752 59 30 och
1332 752 187 37 anledning
1536 754 125 31 funnes

154 798 72 30 icke
260 799 55 29 till
349 800 203 35 antagande,
588 798 61 42 att!)
672 801 199 30 tillverkare
897 802 10 29 i
931 802 190 30 skattefritt
1155 803 173 36 bryggeri,
1364 805 103 30 sedan
1504 807 153 32 tillstånd

152 850 183 35 medgivits
363 854 50 28 att
438 852 160 30 tillverka
623 854 213 34 maltdrieka,
861 854 110 30 skulle
995 856 126 33 övergå
1144 857 51 28 att
1218 856 10 29 i
1255 857 87 30 ökad
1366 858 211 36 omfattning
1600 871 59 20 an-

153 903 111 30 vända
298 904 126 30 socker.
484 904 119 36 Enligt
638 906 284 35 överingenjören
957 907 144 30 Envalls
1136 908 140 35 mening
1312 919 81 20 vore
1426 910 53 30 det
1509 913 148 30 tvärtom

150 955 169 36 naturligt
343 956 61 29 och
428 956 76 30 med
529 957 240 30 tillverkarens
794 958 140 30 intresse
960 959 172 35 förenligt,
1157 961 51 29 att
1229 960 109 31 denne
1355 962 59 30 vid
1431 963 229 37 tillverkning

150 1017 44 19 av
229 1008 207 30 maltdricka
472 1009 199 30 inskränkte
706 1010 269 35 användningen
1009 1021 43 20 av
1089 1011 55 31 det
1179 1012 11 29 i
1222 1012 195 35 jämförelse
1440 1015 76 30 med
1542 1017 116 31 maltet

150 1059 120 35 dyrare
293 1060 141 36 sockret,
459 1061 156 30 eftersom
640 1061 54 31 det
720 1062 9 30 i
753 1062 62 30 den
840 1063 268 35 pasteuriserade
1133 1064 236 36 maltdrycken
1393 1066 75 31 icke
1493 1068 165 36 bortjästa

151 1111 170 31 extraktet
356 1112 10 30 i
401 1113 52 35 sig
485 1113 106 35 självt
615 1114 175 30 förlänade
814 1114 148 36 drycken
986 1125 41 20 en
1051 1116 149 35 sötaktig
1224 1118 107 35 smak,
1355 1128 71 20 som
1451 1119 134 31 komme
1608 1123 51 28 att

152 1166 80 32 göra
266 1165 228 36 användning
528 1176 43 20 av
606 1167 117 29 socker
746 1167 133 30 mindre
903 1167 170 36 behövlig.
1121 1167 99 32 Även
1246 1180 53 20 om
1323 1171 115 30 socker
1462 1172 161 32 tillsattes
1647 1174 11 30 i

151 1226 37 19 sa
210 1218 69 28 stor
303 1218 129 34 mängd
456 1228 71 20 som
552 1219 39 29 10
616 1221 138 33 procent
770 1229 42 20 av
829 1220 267 35 maltmängden,
1113 1221 109 30 skulle
1237 1223 283 36 alkoholstyrkan
1536 1235 121 25 genom

151 1268 226 37 efterjäsning
403 1270 74 30 icke
501 1270 117 31 kunna
642 1272 186 34 uppdrivas
853 1272 55 30 till
933 1282 73 20 mer
1029 1275 44 28 än
1098 1273 189 37 obetydligt
1309 1277 83 29 över
1411 1276 64 31 den
1493 1277 54 30 för
1562 1279 95 30 malt-

152 1320 106 36 dryck
281 1331 45 19 av
350 1322 106 29 andra
481 1322 135 31 klassen
640 1324 192 35 medgivna.
882 1324 114 30 Under
1019 1325 128 31 sådana
1170 1326 241 32 förhållanden
1435 1330 59 29 och
1520 1331 138 30 särskilt

152 1372 76 30 med
264 1374 259 35 utgångspunkt
557 1375 78 30 från
670 1375 55 31 det
753 1376 238 36 oeftergivliga
1016 1377 170 36 villkoret,
1211 1380 51 29 att
1285 1380 205 31 maltdricka
1514 1382 109 30 skulle
1647 1384 10 28 i

153 1424 193 36 bryggeriet
382 1426 222 31 underkastas
638 1428 148 30 särskild
820 1428 121 35 åtgärd
977 1429 52 30 för
1061 1430 198 35 jäsningens
1290 1432 221 36 avbrytande,
1536 1436 123 33 ansåge

153 1478 284 36 överingenjören
472 1479 127 31 Envall
622 1480 55 30 det
700 1481 73 30 icke
797 1481 164 35 rimligen
985 1482 118 30 kunna
1127 1485 100 33 göras
1251 1484 168 36 gällande,
1443 1487 51 29 att
1518 1486 64 30 den
1607 1488 55 29 för

153 1530 40 30 de
206 1530 182 31 skattefria
403 1531 240 36 bryggerierna
658 1533 158 31 lämnade
828 1534 224 35 möjligheten
1068 1537 50 28 att
1134 1536 60 30 vid
1212 1537 271 36 tillverkningen
1498 1540 159 30 använda

153 1583 114 30 socker
290 1584 83 30 eller
396 1585 93 35 sirap
513 1585 110 31 skulle
647 1586 119 30 kunna
789 1587 166 30 innebära
979 1588 113 34 någon
1116 1589 180 35 oligenhet
1319 1600 41 20 ur
1384 1587 278 45 nykterhetssyn-

153 1636 109 34 punkt
296 1636 83 30 elHer
411 1637 95 35 eljest
530 1639 106 29 annat
659 1640 44 28 än
728 1639 10 29 i
763 1648 79 20 rena
867 1639 268 37 undantagsfall,
1161 1651 72 20 som
1257 1642 149 31 saknade
1429 1644 155 34 praktisk
1610 1645 49 30 be-

154 1687 136 36 tydelse,
325 1689 119 30 kunna
480 1690 149 30 medföra
664 1692 47 29 ett
744 1692 265 30 överskridande
1033 1703 43 20 av
1101 1693 65 30 den
1190 1694 52 30 för
1266 1694 194 37 maltdryck
1483 1706 44 20 av
1550 1697 108 31 andra

153 1740 132 30 klassen
310 1741 175 31 bestämda
510 1742 118 35 högsta
652 1743 266 31 alkoholhalten.
953 1745 130 30 Härtill
1110 1746 144 35 komme,
1278 1748 50 29 att
1351 1747 55 31 det
1430 1758 43 20 ur
1496 1749 165 30 kontroll-

153 1793 173 34 synpunkt
349 1794 113 30 skulle
485 1796 91 29 möta
600 1795 98 35 högst
721 1796 189 30 avsevärda
933 1797 213 35 svårigheter
1162 1800 51 28 att
1227 1799 153 31 anordna
1396 1809 42 21 en
1454 1801 208 37 tillförlitlig

152 1844 148 31 kontroll
334 1847 82 28 över
449 1848 52 29 att
535 1848 113 29 socker
681 1848 80 30 eller
795 1848 102 36 sirap,
933 1859 72 19 som
1041 1849 214 32 fortfarande
1288 1852 111 30 skulle
1423 1853 36 30 få
1482 1854 180 31 anviindas

153 1896 58 31 vid
245 1897 230 36 tillverkning
509 1909 44 20 av
589 1900 214 35 svagdricka,
840 1900 72 30 icke
936 1901 158 31 tillsattes
1130 1902 58 30 vid
1224 1903 228 37 tillverkning
1486 1916 44 19 av
1563 1907 98 31 malt-

153 1948 125 31 dricka.

197 2001 48 30 På
280 2012 47 20 nu
361 2002 143 31 anförda
541 2004 73 30 skäl
650 2004 62 30 har
744 2005 162 31 utskottet
929 2006 122 30 saknat
1074 2007 189 36 anledning
1288 2008 134 32 biträda
1446 2011 212 31 sistnämnda

153 2054 222 30 motionärers
410 2055 153 35 yrkande
598 2066 54 20 om
685 2057 121 30 förbud
841 2060 70 28 mot
933 2059 226 35 användning
1183 2060 12 30 i
1219 2060 188 32 skattefritt
1433 2062 159 36 bryggeri
1616 2074 46 20 av

153 2106 114 30 socker
301 2107 62 29 och
398 2108 93 35 sirap
527 2108 57 31 vid
620 2109 226 35 tillverkning
882 2121 44 19 av
962 2111 215 31 maltdriecka.
1224 2113 62 30 Det
1318 2114 95 30 torde
1438 2115 117 31 vidare
1579 2116 78 31 böra

157 2158 206 31 framhållas
386 2161 60 33 att,
471 2159 110 32 därest
606 2161 207 35 tillverkare,
839 2162 11 29 i
874 2163 115 30 avsikt
1005 2165 49 29 att
1068 2164 207 36 möjliggöra
1291 2166 272 32 alkoholhaltens
1581 2179 82 25 upp-

154 2210 189 35 bringande
367 2211 60 31 vid
450 2212 233 36 efterjäsning,
697 2214 174 30 använder
894 2216 116 29 socker
1033 2216 84 30 eller
1139 2217 92 35 sirap
1249 2218 10 29 i
1276 2220 104 28 större
1396 2220 202 35 myckenhet
1615 2223 44 28 än

154 2272 71 21 som
259 2263 54 30 för
347 2264 289 37 tillverkningens
660 2266 159 36 behöriga
844 2267 209 32 bedrivande
1076 2271 38 28 är
1138 2269 227 37 erforderligt,
1390 2271 67 31 han
1475 2273 188 35 uppenbar-

154 2315 91 36 ligen
269 2316 148 30 riskerar
451 2319 51 28 att
540 2318 312 37 kontrollstyrelsen
890 2320 184 31 återkallar
1112 2322 124 31 honom
1272 2324 130 30 lämnat
1430 2325 154 31 tillstånd
1610 2328 50 29 att

154 2368 162 30 tillverka
341 2369 213 31 maltdriecka.

197 2420 49 30 På
271 2421 112 35 grund
408 2432 43 19 av
476 2422 65 31 vad
566 2423 144 31 sålunda
734 2424 131 31 anförts
889 2425 61 30 och
975 2426 40 30 då
1035 2428 252 34 propositionen
1305 2429 72 30 icke
1395 2430 106 30 heller
1519 2430 7 30 i
1546 2431 112 35 övrigt

155 2472 132 31 lämnat
311 2474 161 31 utskottet
496 2475 187 36 anledning
707 2477 55 30 till
786 2477 151 36 erinran,
962 2479 53 29 får
1040 2480 162 30 utskottet
1226 2481 189 37 hemställa,

155 2535 116 28 Bihang
292 2536 45 24 till
356 2537 176 28 riksdagens
551 2538 146 29 protokoll
719 2541 67 22 1928.
828 2542 8 22 ;
860 2542 79 23 saml.
978 2544 16 22 6
1014 2543 68 30 häft.
1120 2544 53 28 (Nr
1192 2542 35 27 8)
1609 2547 15 21 3
