2141 2668
647 210 220 42 Bevillnings-
877 210 166 32 Utskottets
1067 210 170 32 Memorial
1259 209 63 32 N:o
1348 211 48 30 18.
1765 213 16 27 3

222 298 133 37 väckta
397 297 195 50 frågornas
633 298 202 50 afgörande
874 312 132 35 genom
1046 312 213 36 gemensam
1289 300 233 49 omröstning
1545 300 151 48 jemlikt
1725 302 42 33 71
1799 298 22 47 $

221 349 355 50 Regeringsformen
607 351 68 36 och
706 352 45 36 65
780 348 18 50 $
827 351 393 50 Riksdagsordningen
1248 349 135 38 föreslå
1419 351 162 48 följande
1610 352 210 49 voterings-

220 401 295 50 propositioner:

1007 518 39 48 a)

354 606 112 44 »Den,
508 619 94 32 som,
631 606 73 36 lika
733 606 82 36 med
849 605 129 37 Andra
1012 605 238 43 Kammaren,
1278 606 77 43 vill,
1384 610 55 31 att
1467 606 144 35 omalen
1640 606 178 48 spanrmål,

220 658 72 36 alla
331 658 91 49 slag,
466 658 93 36 skall
601 661 139 33 åsättas
773 670 42 24 en
845 655 416 51 inregistreringsafgift
1290 656 39 37 af
1353 653 51 42 "41,
1434 663 62 30 öre
1526 670 65 36 per
1619 658 199 47 kilogram,

220 714 122 32 röstar

989 810 65 44 Ja;

352 913 91 45 Den,
471 913 63 37 det
561 914 32 48 ej
623 913 78 45 vill,
731 917 119 32 röstar

982 1014 85 48 Nej;

352 1117 145 37 Vinner
537 1117 82 49 Nej,
654 1116 64 36 har
747 1116 226 49 Riksdagen,
1002 1116 73 36 lika
1105 1116 83 36 med
1217 1116 131 36 Första
1376 1117 238 45 Kammaren,
1643 1118 174 43 beslutat,

219 1174 55 31 att
303 1168 105 50 dylik
437 1168 109 49 afgift
573 1169 78 35 icke
679 1168 93 36 skall
800 1167 285 49 ifrågavarande
1113 1168 133 36 artikel
1274 1171 166 33 åsättas.»

1006 1286 35 47 b)

350 1373 108 46 »Den,
500 1387 94 31 som,
635 1374 75 36 lika
752 1373 85 37 med
878 1373 127 36 Andra
1046 1373 234 46 Kammaren,
1322 1374 76 44 vill,
1439 1379 54 32 att
1533 1376 160 47 rågmjöl
1725 1377 92 35 skall

217 1427 140 34 åsättas
385 1437 45 24 en
458 1424 412 49 inregistreringsafgift
898 1425 39 37 af
959 1421 47 51 ”,,
1032 1431 63 30 öre
1125 1438 65 36 per
1219 1426 195 48 kilogram,
1443 1432 120 31 röstar

990 1526 63 45 Ja;

352 1627 91 46 Den,
473 1627 65 38 det
565 1628 33 48 ej
628 1628 78 44 vill,
734 1632 120 32 röstar

974 1730 88 49 Nej;

350 1831 142 38 Vinner
532 1832 84 49 Nej,
645 1833 68 36 har
741 1833 226 48 Riksdagen,
995 1833 77 36 lika
1101 1833 84 36 med
1214 1833 133 36 Första
1375 1832 236 46 Kammaren,
1640 1834 178 42 beslutat,

216 1889 54 31 att
298 1883 106 50 dylik
433 1883 109 49 afgift
569 1885 80 36 icke
677 1884 91 37 skall
797 1883 282 49 ifrågavarande
1107 1885 134 36 artikel
1269 1888 166 33 åsättas.»

1007 2001 33 48 ce)

350 2088 111 45 »Den,
502 2102 94 31 som,
637 2090 77 36 lika
755 2090 83 36 med
867 2090 129 36 Andra
1030 2090 236 43 Kammaren,
1293 2089 77 43 vill,
1399 2094 56 31 att
1482 2089 212 48 hvetemjöl,
1722 2102 95 36 gryn

217 2139 74 36 alla
330 2140 81 49 slag
452 2145 97 31 samt
588 2141 118 36 bönor
741 2141 94 37 skall
864 2145 141 33 åsättas
1034 2155 46 22 en
1109 2139 414 49 inregistreringsafgift
1552 2140 39 37 af
1617 2144 17 33 1
1665 2148 63 29 öre
1755 2153 65 35 per

216 2190 194 49 kilogram,
439 2197 120 31 röstar

991 2293 67 46 Ja;
