1894 2794
603 171 264 29 Statsutskottets
890 169 166 29 utlåtande
1079 177 38 18 nr
1138 167 70 28 110.
1618 157 39 31 13

207 249 229 30 Anordnande
473 257 43 20 av
551 244 273 37 promenadgård
860 245 58 28 vid
954 242 128 33 Pärlby
1118 240 155 35 sjukhus.
1309 238 67 30 För
1401 233 255 43 ifrågavarande

154 301 156 32 ändamål
334 299 144 32 föreslås
505 299 51 30 för
579 299 99 29 nästa
700 296 169 40 budgetår
891 294 97 31 skola
1011 292 136 31 anvisas
1173 290 113 32 45000
1311 289 134 31 kronor.

207 386 230 31 Anordnande
463 394 43 20 av
531 382 273 37 promenadgård
827 380 59 30 vid
911 377 400 32 sekundäravdelningen
1337 376 11 28 i
1374 373 181 30 Olofsfors.
1591 371 68 30 För

155 437 256 43 ifrågavarande
445 435 158 32 ändamål
639 433 145 32 föreslås
821 433 52 30 för
908 432 97 30 nästa
1040 429 168 41 budgetår
1244 426 95 32 skola
1374 424 136 32 anvisas
1545 423 40 31 36
1598 422 61 31 500

155 491 134 31 kronor.

208 567 155 29 Förvärv
385 575 43 20 av
450 564 165 34 Brotorps
638 562 202 30 arbetshem.
873 560 167 40 Brotorps
1063 556 193 32 arbetshem
1279 555 52 30 för
1355 551 193 34 sinnesslöa
1569 550 91 31 kvin-

156 630 64 20 nor
240 618 62 31 har
325 617 104 31 sedan
451 616 88 31 flera
562 617 35 29 år
620 613 143 32 tillbaka
786 612 70 32 helt
880 610 183 42 utnyttjats
1088 620 40 20 av
1150 608 125 31 Västra
1297 605 116 32 Marks
1436 603 146 43 sjukhus
1607 602 55 30 för

157 671 79 30 dess
259 668 142 32 klientel
425 679 40 20 av
487 666 149 32 asociala
659 664 172 32 imbecilla
854 663 154 30 kvinnor.
1043 661 110 30 Dessa
1177 659 169 42 patienter
1370 657 106 30 vistas
1500 654 57 32 vid
1580 654 80 31 Bro-

158 725 76 39 torp
260 723 115 29 såsom
403 717 314 33 försöksutskrivna
745 716 75 31 från
846 714 190 42 sjukhuset.
1076 711 267 42 Vårdplatserna
1369 710 46 40 på
1441 708 148 40 Brotorp
1617 705 44 31 ha

158 773 87 32 varit
265 773 13 31 i
297 772 60 31 det
375 772 171 30 närmaste
568 781 39 19 av
626 779 131 21 samma
777 766 100 32 värde
897 776 75 21 som
994 763 255 42 vårdplatserna
1269 763 43 40 på
1331 760 184 42 sjukhuset
1536 757 61 32 och
1617 757 45 31 ha

159 826 79 31 ökat
257 824 199 42 sjukhusets
478 822 168 41 kapacitet
673 821 6 31 i
698 818 241 32 motsvarande
959 816 90 42 grad.
1082 816 160 30 Hemmet
1263 813 61 31 har
1344 814 85 29 även
1450 809 213 43 möjliggjort

160 889 40 19 en
228 875 276 40 differentiering
528 885 40 20 av
593 872 127 32 vården
745 873 43 40 på
811 870 191 42 sjukhuset.

211 927 298 33 Innehavarinnan
531 936 40 20 av
591 925 158 36 hemmet,
770 933 75 20 som
866 922 62 30 har
949 921 55 30 för
1025 919 109 32 avsikt
1157 920 49 29 att
1226 918 119 30 senast
1363 915 69 31 den
1456 915 16 30 1
1495 913 63 42 juli
1582 912 80 32 1952

158 980 168 41 nedlägga
348 978 267 36 verksamheten,
640 976 62 30 har
727 973 150 42 erbjudit
898 975 114 29 staten
1034 973 51 29 att
1107 972 160 38 övertaga
1289 968 148 31 hemmet
1462 966 53 31 för
1539 967 49 29 ett
1608 964 55 31 be-

159 1033 81 41 lopp
274 1043 42 19 av
350 1030 133 32 175000
517 1028 132 31 kronor.
685 1024 357 41 Medicinalstyrelsen
1076 1020 203 37 framhåller,
1316 1021 57 35 att,
1407 1029 57 20 om
1497 1012 165 45 hemmets

159 1083 215 32 verksamhet
400 1080 187 43 upphörde,
615 1079 94 31 detta
736 1077 109 31 skulle
871 1076 154 31 medföra
1050 1072 194 43 betydande
1271 1070 218 42 olägenheter
1514 1069 13 30 i
1550 1067 113 33 skilda

160 1134 227 33 hänseenden.
431 1132 102 32 Såväl
561 1128 353 42 medicinalstyrelsen
943 1137 75 21 som
1046 1123 349 44 byggnadsstyrelsen
1424 1121 45 31 ha
1497 1119 167 42 tillstyrkt

160 1189 49 30 att
231 1187 148 31 hemmet
399 1185 176 31 förvärvas
599 1193 39 20 av
659 1183 124 35 staten,
806 1177 349 44 byggnadsstyrelsen
1180 1175 84 32 dock
1287 1174 108 31 under
1418 1171 246 42 förutsättning

161 1241 49 29 att
235 1237 251 42 anläggningen
510 1236 12 30 i
547 1232 272 42 huvudsakligen
844 1230 177 41 befintligt
1043 1228 95 32 skick
1163 1227 66 31 kan
1252 1225 174 33 användas
1453 1225 54 30 för
1532 1224 57 31 det
1611 1234 53 20 av-

159 1290 108 32 sedda
289 1288 199 33 ändamålet.
520 1283 356 45 Byggnadsstyrelsen
896 1283 62 30 har
978 1283 83 29 även
1082 1280 141 31 betonat
1244 1276 290 43 angelägenheten
1555 1287 39 19 av
1616 1276 49 30 att

162 1343 42 31 de
236 1340 219 33 ekonomiska
488 1336 329 41 förutsättningarna
848 1335 53 30 för
932 1332 268 42 anläggningens
1233 1330 83 32 drift
1344 1331 156 29 närmare
1532 1329 131 40 prövas,

161 1395 105 30 innan
290 1392 208 41 fastigheten
519 1389 153 41 inköpes.

214 1445 19 31 I
258 1442 196 33 nuvarande
481 1442 76 40 läge
583 1441 92 30 inom
701 1437 303 33 sinnesslövården
1032 1446 97 21 anses
1155 1434 60 31 det
1243 1444 78 20 vara
1347 1444 41 20 av
1414 1434 75 29 stor
1517 1430 70 32 vikt
1615 1432 50 29 att

161 1495 220 43 platsantalet
402 1494 74 31 icke
496 1492 161 32 minskas.
690 1491 69 31 Det
780 1489 97 32 torde
900 1499 79 20 vara
998 1489 73 29 små
1093 1486 146 31 utsikter
1260 1484 54 32 till
1336 1486 50 29 att
1405 1484 149 30 hemmet
1575 1483 90 29 över-

162 1551 95 38 tages
286 1558 40 19 av
352 1548 122 39 någon,
502 1555 75 20 som
604 1543 152 31 kommer
784 1543 48 29 att
858 1541 162 30 fortsätta
1048 1538 64 31 den
1140 1535 240 43 ursprungliga
1408 1533 257 33 verksamheten

161 1600 70 30 där.
268 1598 81 31 Med
373 1598 134 40 hänsyn
531 1594 116 32 härtill
673 1596 88 29 samt
786 1592 63 32 vad
873 1602 75 21 som
974 1590 155 42 upplysts
1154 1600 57 20 om
1237 1587 249 42 anläggningen
1510 1585 64 31 och
1597 1585 68 30 den

164 1650 147 42 begärda
337 1647 273 43 köpeskillingen
639 1656 100 21 anses
767 1644 169 36 önskvärt,
965 1644 50 29 att
1039 1642 149 30 hemmet
1214 1640 142 41 inköpes
1385 1650 40 19 av
1450 1632 214 51 statsverket.

161 1703 55 30 En
240 1700 246 41 förutsättning
507 1699 116 31 härför
645 1699 37 29 är
704 1695 197 38 emellertid,
925 1696 51 30 att
998 1692 312 33 driftkostnaderna
1332 1691 54 30 för
1407 1690 148 31 hemmet
1575 1688 92 31 hålla

163 1754 54 41 sig
238 1755 43 39 på
300 1751 131 32 normal
453 1751 87 30 nivå.
573 1750 122 30 Denna
718 1748 94 41 fråga
830 1758 102 20 anses
953 1746 84 31 böra
1056 1744 140 32 särskilt
1217 1742 219 32 undersökas.
1470 1740 122 32 Beslut
1612 1751 54 20 om

163 1805 105 41 inköp
286 1803 65 32 bör
368 1802 119 32 därför
506 1801 73 31 icke
600 1811 46 20 nu
668 1800 112 30 fattas.
812 1799 53 30 Då
887 1796 189 32 emellertid
1096 1794 257 33 verksamheten
1375 1793 87 32 skall
1481 1792 185 41 nedläggas

165 1856 65 31 den
259 1856 16 30 1
303 1854 63 42 juli
394 1853 82 32 1952
502 1852 144 31 föreslås
672 1850 127 41 Kungl.
827 1849 102 41 Maj:t
955 1847 127 32 erhålla
1105 1845 277 42 bemyndigande
1408 1846 50 29 att
1485 1844 86 31 efter
1595 1845 71 29 när-

164 1917 91 21 mare
274 1904 232 42 övervägande
526 1904 33 30 få
577 1903 155 30 förvärva
747 1900 211 41 fastigheten
978 1899 52 31 för
1049 1909 40 20 en
1105 1897 232 42 köpeskilling
1355 1907 40 20 av
1412 1896 104 41 högst
1534 1895 58 31 175
1606 1895 61 30 000

163 1958 135 31 kronor.

217 2031 198 31 Elektriska
438 2031 139 29 arbeten
600 2029 58 30 vid
681 2029 94 29 vissa
798 2027 129 30 statens
951 2025 270 35 sinnessjukhus.
1254 2024 18 31 I
1293 2023 170 31 särskilda
1485 2021 184 33 skrivelser

166 2084 66 32 den
248 2085 19 29 2
282 2083 64 32 och
362 2083 19 31 6
395 2093 90 20 mars
504 2081 77 31 1951
599 2081 61 31 har
675 2077 352 43 medicinalstyrelsen
1044 2076 156 41 framlagt
1216 2075 128 41 förslag
1360 2086 55 20 om
1431 2073 179 32 utförande
1628 2084 40 20 av

166 2134 184 32 elektriska
374 2134 140 31 arbeten
540 2132 57 31 vid
624 2132 75 30 S:ta
725 2130 166 32 Gertruds
916 2129 146 41 sjukhus
1088 2128 12 31 i
1125 2127 192 37 Västervik,
1342 2126 78 31 S:ta
1446 2125 108 31 Maria
1581 2124 87 42 sjuk-

165 2187 65 31 hus
248 2186 13 31 i
280 2184 236 42 Hälsingborg
535 2183 62 31 och
614 2182 148 32 Restads
782 2181 142 41 sjukhus
941 2181 13 30 i
973 2179 226 40 Vänersborg.
1228 2179 54 30 Då
1299 2177 158 41 samtliga
1478 2176 191 41 föreslagna

166 2238 140 30 arbeten
328 2247 103 29 synas
457 2246 79 19 vara
560 2245 39 19 av
621 2233 188 40 angelägen
833 2234 107 34 natur,
967 2230 153 31 förordar
1142 2229 387 42 departementschefen,
1553 2229 50 29 att
1626 2227 43 31 de

166 2289 134 30 komma
319 2287 52 31 till
391 2285 180 32 utförande
591 2284 108 31 under
716 2285 98 29 nästa
833 2283 176 40 budgetår.
1040 2282 67 30 För
1125 2280 194 31 ändamålet
1338 2280 144 31 föreslås
1501 2280 53 29 för
1571 2280 99 29 nästa

167 2339 167 41 budgetår
354 2337 99 31 skola
477 2336 133 31 anvisas
635 2337 48 28 ett
705 2333 225 40 sammanlagt
952 2333 126 40 belopp
1102 2343 41 20 av
1168 2331 59 31 150
1241 2332 60 30 000
1325 2331 133 30 kronor.

221 2413 330 34 Utredningsmedel.
590 2412 67 30 För
686 2409 219 32 bestridande
936 2420 40 19 av
1006 2419 164 30 expenser
1197 2418 42 19 m.
1269 2417 41 20 m.
1342 2407 53 30 för
1422 2407 131 30 statens
1582 2405 89 30 kom-

169 2466 115 31 mittés
312 2465 52 30 för
388 2462 346 42 sinnessjukvårdens
760 2460 220 42 utbyggande
1006 2458 214 33 verksamhet
1244 2458 110 31 under
1380 2459 100 30 nästa
1505 2456 166 42 budgetår

171 2517 142 31 föreslås
342 2516 52 30 för
420 2514 147 32 nämnda
592 2513 167 42 budgetår
787 2512 93 31 skola
907 2512 137 31 anvisas
1072 2511 113 31 50000
1211 2510 132 30 kronor.
