2198 2628
354 236 7 8 .
387 215 17 27 6
900 212 226 30 Statsutskottets
1150 212 154 29 Memorial
1327 212 58 30 N:o
1410 212 72 29 122.

491 293 249 35 Innevarande
768 293 55 35 års
850 292 160 48 Riksdag
1038 291 64 37 har
1126 291 234 49 bemyndigat
1386 290 345 49 riksgäldskontoret
1758 291 54 34 att
1836 289 148 36 medelst

385 347 211 47 försäljning
638 347 36 35 af
713 346 326 48 statsobligationer
1080 345 134 36 bereda
1255 345 209 48 erforderlig
1490 345 153 47 tillgång
1671 341 57 38 för
1756 342 228 47 utbetalning

387 401 36 35 af
450 401 71 35 dels
551 401 209 44 4,000,000
789 400 145 45 kronor,
965 400 124 47 anslag
1117 400 56 35 för
1201 400 37 35 år
1270 400 97 36 1905
1395 398 56 36 till
1478 397 231 37 anskaffande
1738 397 36 36 af
1801 409 50 35 ny
1870 396 114 47 rörlig

387 454 161 36 materiel
587 454 63 36 vid
692 456 132 34 statens
864 453 112 37 redan
1014 453 211 36 trafikerade
1264 453 205 47 järnvägar,
1499 452 71 36 dels
1600 451 210 45 4,000,000
1840 450 143 44 kronor,

388 508 124 47 anslag
539 506 57 37 för
624 520 133 23 eamma
785 507 39 35 år
851 508 57 35 till
936 507 234 48 fortsättning
1198 505 37 37 af
1261 507 206 35 statsbanan
1495 506 81 35 från
1601 505 184 47 Göteborg
1805 504 57 35 till
1881 503 103 44 Skee,

387 562 71 36 dels
492 562 204 44 1,500,000
726 561 144 44 kronor,
900 561 55 36 för
983 562 37 34 år
1049 562 97 36 1905
1178 560 179 47 beviljade
1387 558 117 37 medel
1532 559 37 35 af
1601 559 97 35 1901
1730 556 58 37 års
1816 557 87 36 fond
1930 556 55 36 till

388 615 278 36 låneunderstöd
704 615 55 35 för
800 615 161 36 enskilda
1000 615 205 47 järnvägar,
1241 614 71 36 dels
1343 614 231 44 10,000,000
1605 612 144 44 kronor,
1780 611 37 35 af
1843 611 142 35 inneva-

388 669 110 36 rande
539 670 59 34 års
640 668 161 48 Riksdag
837 668 162 36 anvisadt
1027 668 131 48 belopp
1187 668 55 35 för
1269 667 172 36 bildande
1469 667 37 35 af
1533 679 43 23 en
1606 662 378 51 egnahemslånefond,

388 723 71 36 dels
496 724 60 35 ock
599 722 37 36 af
672 722 238 36 innevarande
951 723 54 35 års
1047 721 162 48 Riksdag
1232 721 164 35 anvisade
1424 721 60 35 lån
1512 720 56 35 till
1595 718 327 48 telegrafstyrelsen
1952 717 30 47 ej

388 776 138 36 mindre
555 775 21 36 å
608 777 206 44 1,775,000
842 776 135 36 kronor
1002 775 59 36 till
1089 776 147 35 fortsatt
1263 774 208 47 utveckling
1494 774 37 35 af
1549 775 135 34 statens
1703 771 284 37 telefonväsende

389 831 12 34 i
429 829 164 36 afseende
623 828 21 37 å
671 829 120 36 lokala
818 830 198 36 telefonnät
1044 829 84 35 med
1157 827 410 48 förbindelseledningar,
1589 830 45 32 än
1653 826 102 36 äfven
1777 825 209 45 1,459,400

391 884 143 44 kronor,
578 884 101 35 däraf
719 884 168 44 420,000
926 884 134 34 kronor
1092 883 54 35 för
1174 883 37 34 år
1241 882 101 37 1904
1373 882 67 35 och
1470 881 204 44 1,039,400
1705 880 133 35 kronor
1865 879 56 35 för
1948 879 39 34 år

393 939 113 42 1905,
536 937 56 35 till
621 937 221 48 anläggning
870 938 36 35 af
934 937 93 35 vissa
1054 936 231 36 interurbana
1313 935 340 47 telefonledningar.

496 990 70 36 För
594 990 260 48 konvertering
883 988 40 37 af
954 989 101 36 äldre
1084 988 160 45 statslån,
1277 995 67 28 när
1373 987 359 49 omständigheterna
1760 985 127 37 därtill
1916 983 70 37 för-

392 1044 128 36 anleda
548 1044 69 36 och
646 1043 128 37 sådant
801 1043 85 37 med
914 1042 117 37 fördel
1059 1041 59 37 för
1147 1045 117 33 staten
1292 1043 72 34 kan
1393 1042 73 44 ske,
1496 1045 68 45 äga
1592 1040 235 48 fullmäktige
1858 1043 64 40 att,
1943 1037 46 49 på

392 1102 70 32 sätt
489 1097 69 37 och
585 1097 62 36 till
671 1098 133 47 belopp
832 1096 239 48 fullmäktige
1099 1096 100 35 finna
1228 1096 182 48 lämpligt,
1438 1095 93 36 dock
1560 1095 31 47 ej
1627 1092 149 38 utöfver
1796 1092 95 36 hvad
1910 1104 78 23 som

392 1152 59 35 till
479 1151 261 49 konvertering
771 1150 112 49 åtgår,
914 1149 147 49 försälja
1090 1149 91 36 eller
1209 1147 108 37 träffa
1345 1147 92 37 aftal
1465 1161 60 23 om
1555 1147 190 37 blifvande
1774 1145 215 49 försäljning

392 1206 37 35 af
457 1205 342 49 statsobligationer,
822 1202 193 38 förskrifna
1043 1202 86 37 med
1157 1203 102 48 lägre
1287 1207 103 30 ränta
1419 1208 45 29 än
1493 1201 61 36 det
1581 1199 162 46 statslån,
1774 1212 78 23 som
1880 1204 109 43 utgör

392 1257 153 38 föremål
572 1257 56 37 för
652 1257 270 49 konvertering.

499 1312 72 36 För
613 1312 69 35 den
724 1311 171 36 händelse
936 1323 72 36 nya
1040 1309 245 49 obligationer
1313 1309 150 35 komma
1491 1312 55 32 att
1574 1306 41 37 af
1639 1306 351 49 riksgäldskontoret

394 1366 174 45 utfärdas,
597 1366 103 36 skola
741 1364 237 49 fullmäktige
1019 1363 222 36 underställa
1282 1362 136 49 Kungl.
1447 1362 126 48 Maj:ts
1600 1360 230 37 fastställelse
1859 1360 43 36 de
1931 1359 59 36 be-

394 1420 86 44 slut,
509 1432 78 24 som
618 1419 152 37 rörande
798 1417 110 37 sådan
937 1416 207 51 upplåning
1173 1417 121 35 kunna
1317 1416 150 35 komma
1487 1418 55 34 att
1557 1413 122 45 fattas,
1700 1414 84 36 med
1804 1412 184 46 anhållan,

394 1478 54 31 att
475 1472 132 50 Kungl.
636 1473 107 49 Maj:t
768 1472 141 36 täcktes
937 1470 20 37 å
985 1471 61 36 det
1073 1483 74 37 nya
1174 1469 97 37 lånet
1294 1469 167 36 meddela
1488 1469 54 36 sin
1570 1468 151 49 garanti.

501 1526 189 50 Härjämte
730 1526 67 36 har
825 1525 208 48 Riksdagen
1061 1523 40 37 år
1133 1525 98 36 1889
1261 1521 236 46 föreskrifvit,
1525 1527 63 40 att,
1617 1535 61 22 om
1707 1534 73 36 nya
1808 1520 183 37 statsobli-

395 1581 178 48 gationer,
603 1582 13 35 i
644 1580 127 37 hvilka
799 1579 121 50 någon
948 1579 82 44 viss,
1058 1577 213 48 ovillkorlig
1298 1576 267 49 återbetalning
1593 1575 154 37 medelst
1761 1574 94 49 årlig
1874 1586 117 23 amor-

396 1635 121 47 tering
545 1635 32 48 ej
609 1632 126 39 blifvit
763 1632 40 37 af
828 1635 116 34 staten
973 1630 125 46 utfäst,
1127 1630 113 38 varda
1268 1629 40 37 af
1338 1629 236 50 fullmäktige
1607 1629 13 35 i
1639 1628 353 49 riksgäldskontoret

398 1687 205 46 utfärdade,
646 1688 235 48 fullmäktige
923 1686 103 36 skola
1067 1690 143 31 snarast
1249 1684 149 49 möjligt
1425 1690 88 43 göra
1541 1682 275 48 framställning
1844 1695 55 23 om
1931 1694 61 23 an-

397 1741 149 37 visande
574 1740 40 38 af
640 1741 45 36 de
712 1741 131 44 medel,
872 1740 126 36 hvilka
1022 1740 89 36 böra
1139 1738 138 49 årligen
1305 1737 149 37 afsättas
1471 1735 58 38 för
1548 1736 304 49 skuldbeloppets
1871 1748 121 23 amor-

399 1796 119 48 tering
546 1796 101 35 inom
677 1794 71 37 den
775 1794 68 45 tid,
872 1793 232 49 fullmäktige
1134 1805 84 23 anse
1246 1792 171 48 lämplig;
1452 1790 175 37 skolande
1646 1790 102 36 dessa
1767 1788 120 37 medel
1907 1787 85 50 ingå

397 1849 58 36 till
496 1861 44 23 en
582 1847 58 38 för
681 1849 167 48 samtliga
890 1846 197 37 statslånen
1121 1858 209 36 gemensam
1360 1842 332 50 amorteringsfond
1720 1848 92 31 samt
1840 1841 40 37 af
1905 1843 87 35 full-

398 1902 162 49 mäktige
603 1902 184 37 användas
815 1902 60 35 till
903 1901 225 48 amortering
1161 1899 21 36 å
1209 1898 247 38 statsskulden
1484 1898 155 36 medelst
1667 1897 93 36 ökad
1790 1896 202 48 utlottning

399 1957 88 36 eller
515 1956 329 49 obligationsinköp
872 1955 54 36 tid
954 1953 92 37 efter
1074 1966 130 24 annan.

505 2010 197 37 Dessutom
730 2010 87 36 böra
843 2008 234 49 fullmäktige
1105 2030 52 3 —
1177 2007 108 36 sedan
1315 2006 137 49 Kungl.
1482 2005 102 49 Maj:t
1612 2004 137 37 bifallit
1765 2003 227 49 Riksdagens

402 2064 156 49 begäran
588 2063 138 45 därom,
753 2068 54 30 att
840 2062 374 48 utlottningslistorna
1236 2060 155 37 rörande
1410 2060 45 35 de
1474 2060 13 35 i
1506 2059 147 37 svenskt
1672 2062 106 45 mynt
1797 2055 196 38 förskrifna

400 2117 333 49 statsobligationer
761 2116 60 36 må
848 2115 115 37 såsom
983 2116 136 48 bihang
1138 2113 38 38 få
1197 2112 170 51 medfölja
1381 2113 131 37 svensk
1527 2111 395 49 författningssamling
1942 2132 50 4 —

400 2172 226 44 föranstalta,
643 2171 62 36 det
732 2169 160 37 nämnda
919 2169 102 37 listor
1050 2167 215 37 hädanefter
1292 2167 115 37 varda
1425 2167 60 36 till
1503 2165 273 38 vederbörande
1796 2164 197 48 behörigen

400 2224 212 46 aflämnade,
639 2223 57 38 för
715 2229 54 31 att
786 2223 48 49 på
851 2223 160 36 nämnda
1039 2227 73 31 sätt
1139 2222 149 36 komma
1306 2222 58 36 till
1383 2220 263 37 allmänhetens
1662 2218 225 44 kännedom;
1915 2217 79 36 sko-

402 2278 105 37 lande
536 2278 248 49 fullmäktige,
808 2291 61 23 om
886 2290 74 36 nya
979 2276 333 49 statsobligationer
1336 2274 118 38 blifva
1473 2275 13 34 i
1504 2274 147 37 svenskt
1670 2277 108 45 mynt
1796 2269 199 39 förskrifna
