2244 2618
457 152 42 31 36
926 157 256 34 Statsutskottets
1210 161 168 33 Utlåtande
1400 164 63 33 N:o
1497 168 31 31 3.

544 230 112 38 Hvad
705 233 181 50 slutligen
934 240 121 45 angår
1100 237 352 48 justitiekanslerns
1500 247 158 48 förslag,
1703 255 54 30 att
1798 250 12 36 i
1852 251 180 38 händelse

413 284 225 36 nuvarande
679 284 277 40 innehafvarne
998 289 42 36 af
1079 290 250 37 sekreterare-
1368 296 70 35 och
1467 298 565 54 registratorsbefattningarna

411 334 65 35 vid
501 335 506 50 justitiekanslersämbetet,
1043 344 125 33 såsom
1197 342 46 36 de
1273 346 195 46 uppgifvit
1496 363 91 22 vara
1608 351 59 35 sin
1687 352 128 48 afsikt,
1836 354 83 37 icke
1938 355 92 49 ingå

410 388 49 45 på
502 386 70 35 den
616 386 194 39 blifvande
852 404 76 35 nya
969 391 328 50 aflöningsstaten,
1335 395 332 48 justitiekanslern
1710 404 120 37 skulle
1872 411 72 43 äga
1974 414 56 29 att

410 437 121 36 under
574 438 73 36 den
690 440 156 37 sålunda
889 443 309 48 uppkommande
1227 446 343 53 öfvergångstiden
1599 454 56 36 till
1683 456 279 48 uppehållande
1991 460 43 35 af

409 490 225 45 göromålen
663 491 69 36 hos
763 493 168 37 ämbetet
961 495 175 37 använda
1165 497 63 35 det
1257 497 150 52 belopp,
1438 501 182 40 hvarmed
1643 506 112 37 dessa
1775 508 252 48 tjänstemäns

410 540 387 49 aflöningsförmåner
839 546 122 48 enligt
1003 547 72 36 den
1117 561 76 35 nya
1236 554 124 33 staten
1402 554 238 50 öfverskjuta
1669 558 110 37 deras
1809 562 219 36 nuvarande

409 591 292 50 löneförmåner,
736 598 41 33 så
806 610 112 35 synes
948 598 63 36 det
1040 599 81 48 mig
1149 601 235 49 lämpligare,
1415 610 57 31 att
1500 607 110 37 dessa
1638 609 388 41 öfverskottsmedel
2008 587 22 67 i

409 643 134 49 vanlig
584 645 166 50 ordning
787 648 266 49 tillgodoföras
1083 652 118 35 andra
1230 653 278 41 hufvudtitelns
1539 660 191 37 allmänna
1758 662 266 51 besparingar,

408 694 193 38 hvarefter
642 697 61 37 det
737 702 59 33 må
826 700 89 37 bero
944 704 48 46 på
1021 702 140 49 Kungl.
1192 704 126 48 Maj:ts
1346 708 184 50 pröfning
1558 711 11 36 i
1599 712 130 49 hvarje
1759 715 158 37 särkildt
1946 718 77 47 fall,

407 759 61 22 om
498 747 90 37 eller
616 749 10 34 i
655 749 100 37 hvad
785 754 88 33 mån
903 755 267 36 motsvarande
1198 756 137 50 belopp
1364 763 59 32 må
1444 761 59 35 för
1523 764 153 45 angifna
1699 766 174 36 ändamål
1894 768 130 36 ställas

405 798 57 35 till
486 799 513 48 justitiekanslersämbetets
1030 805 237 49 förfogande.

536 902 128 37 Under
705 905 236 50 åberopande
985 909 41 35 af
1063 910 100 36 hvad
1199 911 72 49 jag
1313 914 157 37 sålunda
1513 918 136 47 anfört,
1680 920 139 37 tillåter
1841 922 71 49 jag
1941 924 83 48 mig

405 952 213 50 framlägga
663 956 165 49 följande
872 960 147 48 förslag
1053 961 57 36 till
1139 963 266 47 aflöningsstat
1435 967 60 35 för
1517 968 502 54 justitiekanslersämbetet,

403 1010 53 29 att
486 1005 190 50 tillämpas
707 1009 82 35 från
819 1011 70 35 och
919 1012 85 35 med
1034 1015 40 33 år
1105 1015 113 35 1910:

1026 1257 2 38 |
1234 1264 204 28 Kronor.

1199 1315 110 55 Tjänst-

1186 1370 128 31 görings-
1324 1380 3 27 |
1362 1370 79 26 Orts-

1192 1405 116 30 pennin.
1316 1401 14 42 |
1349 1405 108 34 tillägg.

1223 1447 58 27 gar.
1642 1450 1 6 |
2010 1470 1 10 i

1026 1473 82 42 AV
1030 1477 605 26 NN
1641 1480 2 25 —AALLLLL
2010 1481 1 25 I

1206 1531 7 8 c
1473 1518 3 26 |

1203 1529 272 47 3,000-1,000
1497 1532 145 48 11,000

433 1623 296 40 Sekreteraren
722 1612 18 68 .
762 1658 7 5 .
802 1658 163 9 .....
999 1616 25 51 ..
1053 1630 113 45 3,600
1204 1632 119 45 1,800:

1643 1384 1 10 I

1501 1390 122 28 Summa,
1643 1395 1 5 |
2011 1409 1 14 i

431 1511 337 41 Justitiekanslern
803 1546 7 7 .
843 1547 124 9 ....

1056 1527 33 45 >

1093 1527 23 35 S

1119 1528 23 34 S

1145 1528 22 34 S

1471 1607 2 33 |
1639 1595 2 39 |
1651 1606 100 48 [Efters
1757 1608 29 47 år
1795 1610 130 47 kanlönen
1931 1612 79 47 Böjas!

1471 1637 66 11 Ior
1649 1640 6 12 ;
1687 1640 41 14 me

1390 1635 82 41 400;
1520 1636 136 68 5,8001
1687 1659 66 22 efter
1770 1662 27 19 10
1811 1661 29 21 år
1853 1640 54 54 med
1923 1645 82 44 ytter-

1470 1691 1 12 I
1687 1685 81 27 ligare
1782 1687 40 21 500
1835 1688 102 22 kronor.

1660 1710 123 23 Efter3år
1788 1713 49 21 kan
1845 1714 77 22 lönen
1929 1716 73 26 höjas

1319 1748 2 9 |
1468 1736 3 23 H
1684 1738 63 46 gen
1764 1735 49 35 500
1821 1740 31 46 AF
1855 1747 75 41 OnOr:
1933 1742 70 29 efter

516 1754 6 6 .
615 1760 1 3 A
1020 1767 2 5 I
1244 1763 13 9 -
1318 1760 3 12 I
1468 1765 2 15 H
1859 1768 10 25 '4
1996 1786 4 2 3

394 1760 4 38 |
444 1753 250 49 Registratorn
716 1786 7 6 .
755 1787 7 6 .
794 1787 7 6 .
834 1787 46 7 ..
915 1789 5 5 .
955 1789 7 6 .
997 1773 25 23 .'
1051 1760 113 45 2,200
1202 1762 118 46 1,500!
1388 1764 81 38 300
1516 1766 115 46 -4,0004
1678 1758 49 60 300
1734 1770 100 42 ädved
1844 1773 158 41 ytterligare

1467 1816 2 25 |
1684 1815 28 21 år
1730 1816 59 21 med
1804 1819 33 19 än
1851 1819 150 27 ytterligare

1019 1840 2 4 |
1090 1864 19 12 -
1466 1854 2 17 |
1645 1838 82 62 Bite
1733 1842 135 49 Särkon1ö
1926 1871 73 22 höjas

576 1862 15 6 :
1019 1869 1 3 i
1240 1868 36 15 or
1466 1874 1 4 |
1667 1874 114 15 Pfter5år
1820 1876 17 14 kan
1888 1877 32 14 lönen
1973 1878 18 14 höjas

430 1856 294 40 Vaktmästaren
760 1890 203 8 ......
996 1893 24 23 >
1094 1863 218 38 700-350
1388 1868 79 55 150
1517 1870 138 57 1,200h
1684 1875 60 40 rea
1758 1868 39 54 100
1805 1876 108 42 krona
1935 1878 34 20 BOJ

427 1907 72 36 Till
519 1922 262 37 amanuenser,
802 1913 217 49 vikariats-
1464 1924 2 15 |

453 1963 269 48 ersättningar,
739 1965 280 50 renskrifning
1315 1995 1 19 |
1630 1996 1 10 |

453 2025 48 22 Mi
536 2026 187 25 Mess
837 2045 83 8 ss
1026 2040 92 14 S
1166 2027 2 40 ]
1233 2042 34 4 —
1324 2029 90 19 —
1511 2026 113 44 6,400

846 2086 155 38 Summa
1065 2110 50 6 —
1165 2087 2 42 |
1215 2111 51 5 —
1314 2083 2 46 |
1363 2113 51 4 —
1461 2092 168 48 128.000

1165 2130 2 8 I

513 2184 88 28 Ammn.
638 2186 104 28 Därest
761 2188 193 28 vaktmästare
967 2191 9 26 i
990 2190 90 28 sådan
1092 2192 145 36 egenskap
1250 2193 124 36 åtnjuter
1385 2193 35 27 fri
1433 2194 103 28 bostad
1550 2197 74 26 samt
1636 2196 126 35 bränsle,
1776 2198 83 34 skall,
1873 2200 33 26 så
1918 2199 85 41 länge

394 2217 92 27 denna
505 2219 109 28 förmån
632 2221 138 34 kvarstår,
785 2223 160 37 ortstillägg
958 2226 25 35 ej
999 2225 44 27 till
1056 2225 104 28 honom
1173 2229 68 33 utgå
1255 2227 144 28 äfvensom
1419 2231 17 24 å
1455 2229 85 27 lönen
1554 2230 133 36 afdragas
1703 2232 54 27 100
1770 2232 104 28 kronor
1886 2234 116 36 årligen.
