1886 2786
282 187 20 30 4
599 183 124 42 Tredje
741 182 253 42 lagutskottets
1011 181 185 34 utlåtande
1214 193 42 21 nr
1272 183 21 31 6
1311 181 39 33 år
1368 183 88 30 1959

285 262 246 43 lemsavgiften
556 263 52 33 till
634 261 310 34 världsförbundet
969 261 66 34 och
1060 261 42 33 de
1128 260 115 34 starkt
1268 260 160 42 stegrade
1454 258 318 34 administrations-

286 316 239 34 kostnaderna
545 316 10 33 i
576 315 151 42 Sverige.

330 369 429 42 Utrikesdepartementet
780 368 63 33 har
865 368 67 33 den
955 371 20 29 2
999 367 182 34 december
1205 370 87 30 1938
1314 366 52 33 till
1389 365 383 42 ecklesiastikdeparte-

286 427 137 29 mentet
443 422 219 33 överlämnat
684 434 42 20 en
748 421 51 33 till
821 421 150 33 svenska
992 419 271 42 beskickningen
1284 419 10 33 i
1314 418 234 42 Washington
1569 418 202 33 inkommen

286 475 174 42 inbjudan
484 475 77 33 från
585 475 68 33 den
677 474 397 43 evangelisk-lutherska
1097 472 363 43 Augustana-kyrkan
1483 471 11 33 i
1517 472 154 33 Förenta
1695 470 77 34 Sta-

287 534 100 28 terna
410 533 55 30 att
487 528 108 34 sända
616 533 53 28 tre
691 531 281 39 representanter
992 526 78 33 från
1092 525 139 42 Sverige
1253 530 55 29 att
1329 525 141 42 deltaga
1491 524 11 33 i
1523 524 42 34 de
1587 523 185 43 högtidlig-

286 583 110 39 heter,
415 582 145 33 varmed
578 581 156 34 nämnda
752 581 113 42 kyrka
883 580 11 33 i
912 579 76 43 juni
1010 583 86 30 1960
1117 590 100 22 avser
1235 583 55 29 att
1308 578 66 33 fira
1392 577 381 42 hundraårsjubileum.

330 661 402 44 Departementschefen

331 725 78 32 När
433 724 159 42 bidraget
616 723 53 33 till
693 723 198 33 Lutherska
916 721 327 35 världsförbundets
1268 721 150 33 svenska
1443 719 137 35 sektion
1605 719 78 34 från
1708 719 66 34 och

287 778 80 33 med
387 777 69 33 den
478 781 15 30 1
516 777 63 42 juli
601 780 88 30 1957
709 776 123 42 höjdes
852 776 52 33 till
926 779 43 30 30
984 779 65 30 000
1069 776 140 38 kronor,
1228 774 235 34 motiverades
1485 774 99 33 detta
1604 773 81 34 med
1706 773 67 33 den

286 831 109 42 höjda
421 830 214 42 årsavgiften
660 830 53 33 till
740 829 321 34 världsförbundet.
1086 829 128 33 Denna
1238 828 64 34 har
1327 828 108 33 sedan
1462 827 77 34 dess
1565 827 93 33 varit
1683 826 90 34 oför-

288 884 147 34 ändrad.
458 884 68 42 Jag
548 883 112 34 finner
684 883 30 43 ej
742 883 74 34 skäl
840 882 179 44 tillstyrka
1042 883 116 41 någon
1182 881 201 43 ytterligare
1408 880 147 42 höjning
1579 892 45 21 av
1648 879 125 42 ifråga-

288 937 155 34 varande
459 937 133 42 bidrag.

332 991 81 33 Den
432 990 397 42 evangelisk-lutherska
846 988 380 43 Augustana-kyrkans
1245 987 172 43 grundare
1435 988 84 33 kom
1537 986 79 34 från
1634 985 140 43 Sverige

287 1044 65 33 och
375 1043 156 42 alltjämt
552 1047 37 30 är
610 1044 129 41 många
761 1055 45 21 av
827 1043 77 33 dess
925 1042 229 34 medlemmar
1176 1040 309 43 svenskättlingar.
1505 1040 67 42 Jag
1593 1052 100 21 anser
1714 1039 60 33 det

288 1096 118 35 därför
430 1096 274 43 betydelsefullt,
729 1101 55 28 att
807 1095 140 42 Sverige
971 1095 89 33 låter
1084 1094 51 43 sig
1158 1098 237 38 representera
1420 1093 60 34 vid
1505 1093 115 33 denna
1643 1092 131 43 kyrkas

288 1150 379 42 hundraårsjubileum.
686 1150 58 33 Då
760 1170 46 4 —
821 1169 46 4 —
882 1169 46 4 —
945 1149 157 41 anslaget
1121 1160 41 21 ur
1178 1146 246 44 kyrkofonden
1442 1146 53 34 till
1513 1151 97 28 extra
1629 1145 146 43 utgifter

288 1204 52 33 till
358 1209 74 28 stor
449 1203 55 34 del
520 1204 112 33 måste
649 1203 127 33 anlitas
793 1202 53 33 för
862 1202 93 33 vissa
973 1201 107 42 årliga
1096 1201 93 33 fasta
1206 1200 156 43 utgifter,
1378 1200 71 33 kan
1465 1198 240 35 kostnaderna
1722 1198 54 33 för

288 1256 158 43 Sveriges
463 1256 277 43 representation
757 1255 59 34 vid
832 1255 157 33 nämnda
1004 1254 172 43 jubileum
1192 1253 74 34 icke
1283 1253 173 34 bestridas
1472 1252 96 34 inom
1584 1264 121 21 ramen
1722 1251 54 33 för

288 1310 207 34 nuvarande
516 1309 266 42 anslagsbelopp
802 1313 88 29 utan
911 1313 55 28 att
987 1308 100 33 detta
1108 1307 201 34 återverkar
1329 1307 47 42 på
1396 1306 168 42 bidragen
1584 1305 52 34 till
1658 1317 117 21 annan

288 1363 140 43 kyrklig
446 1363 235 39 verksamhet,
700 1374 74 22 som
793 1361 106 34 sedan
917 1361 171 42 gammalt
1106 1360 54 33 får
1177 1359 172 42 reguljära
1367 1359 125 42 bidrag
1509 1358 78 34 från
1606 1359 170 41 anslaget.

288 1417 69 34 För
371 1421 56 29 att
442 1416 68 34 den
524 1416 200 33 önskvärda
738 1414 323 43 representationen
1076 1414 87 34 skall
1177 1413 223 42 möjliggöras
1415 1412 143 34 föreslår
1572 1411 60 43 jag
1646 1411 130 40 därför,

289 1475 55 29 att
365 1470 158 42 anslaget
543 1470 52 33 till
617 1474 98 29 extra
735 1468 145 43 utgifter
901 1467 55 34 för
975 1467 211 43 budgetåret
1208 1465 155 44 1959/60
1384 1465 168 43 tillfälligt
1573 1465 203 34 förstärkes.

288 1524 133 42 Kungl.
440 1522 111 43 Maj:t
569 1523 100 34 torde
688 1521 148 34 sålunda
854 1521 54 33 för
926 1521 42 33 de
986 1521 81 33 med
1086 1521 157 41 anslaget
1262 1519 155 34 avsedda
1436 1519 210 34 ändamålen
1665 1518 111 34 under

289 1577 212 42 budgetåret
530 1575 155 44 1959/60
713 1576 85 33 böra
825 1574 36 34 få
889 1574 186 43 disponera
1102 1579 52 28 ett
1182 1573 235 42 sammanlagt
1444 1572 128 42 belopp
1601 1584 45 21 av
1672 1572 105 42 högst

291 1634 64 30 103
370 1634 67 30 000
454 1630 139 33 kronor.

334 1683 123 42 Enligt
475 1683 115 33 beslut
610 1695 45 21 av
676 1685 87 31 1957
784 1682 54 33 års
856 1680 225 42 höstriksdag
1102 1680 108 43 (Rskr
1229 1683 77 36 388;
1326 1678 58 35 SU
1405 1682 76 36 1735,
1500 1691 27 21 s.
1549 1679 55 41 17)
1627 1678 88 33 skall
1734 1689 43 22 en

289 1741 245 38 representant
550 1735 53 34 för
621 1735 97 42 varje
737 1734 77 35 stift
830 1755 46 4 —
891 1737 99 39 präst
1008 1734 80 33 eller
1105 1734 140 33 lekman
1261 1753 46 4 —
1322 1737 96 29 utses
1437 1737 55 28 att
1509 1731 60 34 vid
1586 1731 191 42 handlägg-

289 1790 129 42 ningen
436 1790 63 33 hos
516 1787 325 43 kammarkollegiet
859 1800 45 21 av
923 1787 176 34 ärendena
1116 1786 146 34 rörande
1281 1785 263 34 vederbörande
1562 1784 78 34 stift
1658 1784 10 33 i
1687 1796 89 22 sam-

290 1843 94 34 band
408 1843 81 33 med
512 1842 172 34 reformen
708 1854 45 21 av
776 1841 67 34 den
865 1840 221 34 territoriella
1107 1838 404 44 pastoratsindelningen
1533 1837 179 34 företräda
1735 1836 42 34 de

289 1896 116 34 lokala
432 1896 204 33 intressena.
662 1894 209 42 Ersättning
897 1893 53 34 till
977 1892 267 43 ifrågavarande
1272 1891 378 43 stiftsrepresentanter
1677 1890 100 34 torde

289 1949 190 43 lämpligen
501 1949 85 33 böra
607 1949 87 41 utgå
715 1947 108 43 enligt
852 1947 3 33 i
876 1946 420 42 kommittékungörelsen
1319 1944 170 43 stadgade
1512 1944 151 43 grunder
1685 1948 93 29 samt

290 2003 52 33 till
362 2002 219 42 erforderligt
599 2002 128 42 belopp
746 2001 36 33 få
801 2000 172 34 bestridas
992 2012 41 21 ur
1051 1998 256 44 kyrkofonden.

467 2140 34 34 3.
527 2140 85 33 Den
627 2139 187 43 kyrkliga
829 2138 308 33 verksamheten
1152 2136 119 34 bland
1287 2136 75 33 den
1378 2136 131 43 lapsk-
1526 2135 74 33 och

744 2199 273 35 finsktalande
1036 2199 281 42 befolkningen

337 2285 172 34 Gällande
529 2284 262 34 bestämmelser

336 2347 246 42 Reglementet
604 2346 67 33 den
696 2349 39 30 31
759 2344 139 43 januari
922 2348 87 30 1896
1035 2344 54 42 (nr
1112 2344 34 41 3)
1172 2343 52 33 för
1245 2343 203 42 lappmarks
1471 2341 308 34 ecklesiastikverk

292 2404 80 39 äger
393 2399 224 43 tillämpning
638 2400 47 41 på
707 2398 162 42 samtliga
891 2397 244 42 församlingar
1156 2397 95 33 inom
1272 2395 186 43 Lappland
1481 2401 92 28 samt
1596 2394 92 33 vissa
1710 2393 68 34 för-

292 2453 189 42 samlingar
499 2453 10 33 i
528 2452 194 34 Jämtland.
740 2452 121 41 Några
880 2450 219 43 stadganden
1119 2450 10 33 i
1148 2450 226 41 reglementet
1394 2451 38 30 är
1452 2448 154 41 alltjämt
1625 2447 153 33 formellt

292 2507 173 43 gällande,
484 2507 108 33 ehuru
612 2506 42 33 de
673 2506 10 33 i
702 2505 142 43 mycket
864 2508 38 30 är
920 2504 210 33 föråldrade.
1149 2502 155 35 Sålunda
1321 2502 107 42 gäller
1446 2501 108 42 enligt
1574 2505 19 29 9
1615 2501 14 38 $
1652 2506 55 28 att
1726 2500 53 33 för
