1896 2800
612 168 264 29 Statsutskottets
899 169 166 28 utlåtande
1088 178 38 19 nr
1152 169 50 28 57.
1626 164 37 30 11

162 243 42 32 ha
226 244 99 31 blivit
347 244 186 42 regressvis
555 243 105 32 krävd
684 254 39 20 av
746 243 359 41 försäkringsgivaren,
1130 242 88 31 lärer
1242 241 110 32 denna
1377 240 252 42 omständighet
1652 240 12 31 i

163 296 61 31 och
248 297 53 30 för
326 296 54 42 sig
401 315 42 4 —
465 298 113 30 såsom
601 295 176 32 sökanden
802 295 90 31 velat
915 296 83 41 göra
1022 294 158 42 gällande
1203 313 43 4 —
1270 293 73 32 icke
1368 294 120 41 utgöra
1512 292 74 32 skäl
1611 292 54 31 för

163 347 97 32 bifall
286 348 53 32 till
367 348 243 41 ansökningen.
649 347 69 31 Det
744 347 62 31 bör
833 347 12 31 i
873 347 95 31 detta
993 345 243 42 sammanhang
1265 345 205 38 framhållas,
1499 346 50 30 att
1576 343 40 32 25
1645 346 19 38 $

161 400 13 31 i
196 399 431 42 försäkringsavtalslagen,
652 409 73 21 som
748 398 165 42 åberopas
937 409 40 20 av
1000 397 184 38 sökanden,
1209 397 73 32 icke
1307 399 37 29 är
1367 396 193 42 tvingande.
1596 396 69 31 Det

163 454 35 29 är
222 452 144 42 givetvis
390 451 170 42 vanskligt
584 453 52 29 att
658 451 153 37 bedöma,
834 450 171 32 huruvida
1028 460 42 21 en
1095 449 327 42 försäkringsgivare
1448 449 11 31 i
1484 448 94 32 detta
1604 447 61 32 fall

163 504 108 31 skulle
296 504 44 31 ha
366 504 92 41 gjort
483 505 202 40 regressrätt
711 502 164 42 gällande.
915 501 81 33 Skäl
1021 501 69 32 tala
1117 501 85 32 dock
1229 501 53 31 för
1308 500 214 43 antagandet,
1550 502 51 30 att
1628 502 37 29 så

163 555 73 32 icke
249 556 110 32 skulle
373 556 43 31 ha
430 556 86 31 varit
531 555 106 31 fallet.
647 555 199 31 Försvarets
860 553 290 42 civilförvaltning
1164 553 62 31 och
1240 551 364 42 arméförvaltningens
1619 552 47 31 in-

162 607 366 41 tendenturavdelning
548 606 84 42 vilja
653 606 73 32 icke
748 607 161 30 motsätta
929 605 55 42 sig
1003 605 100 31 bifall
1125 605 53 31 till
1200 604 235 42 ansökningen
1457 604 11 31 i
1489 606 40 29 så
1548 605 117 36 måtto,

162 662 50 31 att
237 659 184 38 sökanden,
448 659 114 31 därest
586 659 68 30 han
681 659 72 30 före
779 657 70 32 viss
875 657 74 42 dag,
975 657 200 41 förslagsvis
1201 656 66 31 den
1294 657 15 30 1
1337 656 131 42 januari
1495 656 90 37 1952,
1613 655 53 32 till

162 711 334 41 civilförvaltningen
523 710 170 32 inbetalar
718 710 93 31 5000
838 710 125 31 kronor
991 709 103 42 jämte
1123 708 142 32 utdömd
1294 707 371 42 rättegångskostnads-

164 764 198 41 ersättning,
390 763 128 31 befrias
546 763 75 30 från
650 762 114 32 vidare
794 760 407 43 ersättningsskyldighet
1218 761 11 30 i
1248 759 221 32 förevarande
1487 758 177 33 avseende.

165 815 255 32 Statskontoret
437 815 61 31 har
513 814 72 32 icke
603 814 90 31 velat
710 816 160 29 motsätta
889 813 53 42 sig
958 815 49 30 att
1024 812 174 33 sökanden
1217 811 174 43 medgives
1410 811 161 32 befrielse
1590 811 76 31 från

163 868 99 31 halva
283 866 172 43 beloppet.

215 918 385 42 Departementschefen
621 918 63 32 har
704 917 195 38 framhållit,
922 918 49 30 att
991 917 114 31 därest
1126 916 129 31 kronan
1277 916 11 31 i
1309 916 108 31 likhet
1437 915 76 31 med
1534 915 134 41 privata

164 971 283 41 fastighetsägare
473 970 74 32 haft
574 969 207 42 fastigheten
809 969 12 31 i
848 969 96 41 fråga
971 968 186 38 försäkrad,
1187 968 94 41 fråga
1309 978 55 21 om
1391 966 196 43 skyldighet
1614 967 55 30 för

162 1022 80 32 Käll
259 1024 51 30 att
328 1022 186 42 regressvis
534 1022 116 41 utgiva
669 1020 190 42 ersättning
877 1020 53 32 till
949 1019 352 42 försäkringsgivaren
1317 1019 74 31 icke
1411 1018 96 32 torde
1525 1019 43 30 ha
1588 1029 80 31 upp-

163 1074 151 32 kommit.
340 1074 82 31 Med
446 1074 131 40 hänsyn
602 1073 118 31 härtill
744 1073 62 31 och
831 1074 44 40 på
899 1072 108 41 grund
1031 1083 40 20 av
1096 1071 117 42 övriga
1237 1070 292 42 omständigheter
1554 1070 114 31 finner

164 1125 374 43 departementschefen
567 1126 11 30 i
607 1125 109 31 likhet
743 1124 76 31 med
848 1123 334 41 civilförvaltningen
1212 1123 62 31 och
1303 1122 364 41 arméförvaltningens

164 1177 405 42 intendenturavdelning
596 1176 254 42 billighetsskäl
877 1175 70 33 tala
973 1176 53 31 för
1055 1177 49 32 att
1133 1175 98 31 Källs
1262 1173 407 43 ersättningsskyldighet

163 1229 185 42 väsentligt
369 1229 183 32 nedsättes.
575 1228 387 42 Departementschefen
983 1228 164 36 förordar,
1170 1229 49 29 att
1239 1226 89 38 Käll,
1352 1226 114 33 därest
1485 1226 67 31 han
1573 1226 94 30 inom

162 1281 52 31 tid
236 1292 72 21 som
330 1281 58 31 det
412 1283 96 39 synts
531 1281 34 31 få
586 1280 178 32 ankomma
786 1282 43 40 på
851 1278 126 43 Kungl.
1001 1279 101 41 Maj:t
1125 1280 49 30 att
1195 1278 189 32 bestämma
1406 1278 53 31 till
1482 1278 186 31 försvarets

164 1333 291 41 civilförvaltning
483 1332 168 32 inbetalar
679 1332 92 31 5000
800 1331 125 31 kronor
953 1331 102 41 jämte
1085 1330 144 32 utdömd
1258 1329 409 42 rättegångskostnadser-

164 1386 161 40 sättning,
349 1385 129 31 befrias
501 1385 74 30 från
597 1384 117 31 vidare
737 1383 406 41 ersättningsskyldighet
1164 1383 11 30 i
1198 1381 221 32 förevarande
1440 1381 184 32 hänsende.

220 1477 173 32 Utskottet
412 1489 102 20 anser
534 1477 57 31 det
613 1477 174 37 tveksamt,
812 1487 53 20 om
887 1476 203 41 tillräckliga
1110 1475 76 31 skäl
1207 1475 167 41 föreligga
1395 1474 53 31 för
1468 1474 129 31 kronan
1619 1475 51 29 att

163 1530 215 31 efterskänka
397 1531 111 40 någon
528 1529 54 31 del
602 1540 41 20 av
663 1529 56 31 det
739 1528 143 32 ådömda
899 1527 399 41 skadeståndsbeloppet.
1319 1526 82 31 Med
1420 1526 131 41 hänsyn
1572 1524 96 32 emel-

162 1581 103 32 lertid
289 1581 54 31 till
368 1582 11 31 i
406 1581 138 31 ärendet
568 1580 145 32 anförda
739 1579 290 42 omständigheter
1052 1579 60 31 vill
1139 1578 166 32 utskottet
1330 1578 74 31 icke
1429 1578 161 30 motsätta
1616 1576 53 42 sig

163 1633 124 42 Kungl.
311 1633 120 41 Maj:ts
453 1632 136 42 förslag.

216 1685 177 32 Utskottet
412 1684 205 38 hemställer,

456 1738 49 29 att
530 1736 182 41 riksdagen
737 1738 53 29 må
814 1735 164 41 medgiva,
1004 1737 50 29 att
1078 1734 126 32 Gustaf
1228 1733 90 38 Käll,
1345 1733 114 32 därest
1482 1733 67 31 han
1575 1733 92 30 inom

415 1788 50 31 tid
486 1799 75 20 som
584 1787 128 41 Kungl.
738 1787 100 41 Maj:t
861 1787 205 31 bestämmer
1089 1786 54 31 till
1168 1786 185 31 försvarets
1378 1784 291 41 civilförvaltning

415 1839 167 32 inbetalar
605 1841 49 29 ett
676 1839 124 41 belopp
825 1850 39 19 av
888 1838 92 31 5000
1002 1838 127 31 kronor
1151 1837 102 41 jämte
1277 1836 163 32 utdömda
1463 1838 205 39 rättegångs-

414 1891 192 38 kostnader,
625 1890 129 32 befrias
774 1890 74 31 från
866 1889 215 32 återstående
1101 1888 405 41 ersättningsskyldighet
1525 1887 54 32 till
1597 1887 71 31 kro-

415 1954 66 19 nan
498 1944 43 40 på
557 1942 111 42 grund
686 1953 40 20 av
744 1941 89 32 Göta
849 1941 153 31 hovrätts
1018 1940 80 31 dom
1117 1940 65 31 den
1202 1940 38 31 10
1257 1939 75 42 juni
1352 1940 89 31 1949.

216 2053 66 42 5:0)
304 2053 239 34 Avskrivning
560 2062 43 20 av
620 2053 94 29 vissa
731 2052 206 34 fordringar.
954 2049 125 43 Kungl.
1099 2050 100 41 Maj:t
1216 2050 61 31 har
1298 2049 121 42 (punkt
1437 2050 30 40 9)
1491 2048 177 42 föreslagit

165 2104 181 42 riksdagen
376 2103 204 42 bemyndiga
609 2103 127 41 Kungl.
767 2103 100 41 Maj:t
897 2104 50 30 att
976 2102 155 41 medgiva
1162 2102 185 30 försvarets
1379 2100 290 41 civilförvaltning

164 2158 50 28 att
238 2156 4 31 i
259 2155 133 32 samråd
409 2155 77 31 med
504 2154 253 32 vederbörande
775 2153 221 38 ämbetsverk,
1013 2164 75 20 som
1105 2153 77 31 med
1198 2152 169 31 avseende
1385 2155 19 28 å
1421 2152 90 41 varje
1529 2151 139 32 fordran

165 2209 36 28 är
218 2209 48 29 att
282 2207 156 31 betrakta
456 2217 71 20 som
544 2206 205 37 huvudman,
768 2208 81 28 utan
867 2205 123 31 hinder
1006 2216 40 19 av
1065 2204 156 41 gällande
1239 2203 257 32 bestämmelser
1513 2203 155 31 avskriva

164 2259 9 29 i
195 2258 351 40 civilförvaltningens
566 2256 251 41 framställning
837 2256 65 31 den
924 2257 37 30 18
981 2256 62 40 juli
1066 2255 81 31 1950
1167 2255 147 31 avsedda
1334 2255 192 40 fordringar
1545 2254 52 31 till
1620 2256 47 29 ett

165 2309 222 41 sammanlagt
404 2309 124 40 belopp
547 2320 39 19 av
605 2308 91 31 1529
713 2308 124 30 kronor
854 2307 40 31 58
911 2308 66 29 öre.

217 2412 18 30 I
254 2410 215 43 proposition
491 2410 90 31 1950:
597 2410 39 30 74
656 2409 202 31 hemställde
878 2408 124 41 Kungl.
1024 2407 101 41 Maj:t
1146 2418 54 20 om
1220 2406 272 42 bemyndigande
1512 2409 49 28 att
1581 2406 87 31 med-

166 2464 75 40 giva
267 2463 185 31 försvarets
478 2460 290 41 civilförvaltning
793 2462 48 29 att
867 2460 11 31 i
905 2459 130 31 samråd
1062 2459 77 31 med
1166 2458 253 31 vederbörande
1445 2458 222 35 ämbetsverk,
