2170 2662
364 184 38 29 10

880 179 231 33 Statsutskottets
1139 179 159 32 Utlåtande
1321 178 64 32 N:o
1408 179 54 31 25.

865 259 43 49 C)
938 268 49 30 att
1016 262 46 36 de
1090 261 123 37 vilkor
1242 261 71 36 och
1342 261 294 45 bestämmelser,
1675 274 80 23 som
1783 260 100 49 gälla
1910 259 58 37 för

763 314 60 35 lån
852 313 81 36 från
964 312 286 50 ifrågavarande
1278 312 90 36 fond
1399 313 69 35 och
1497 313 120 35 finnas
1643 312 325 49 intagna
1810 308 22 58 i
1850 312 118 49 kongl.

764 366 297 48 kungörelserna
1089 365 72 37 den
1192 367 44 35 28
1265 364 216 48 september
1514 367 91 35 1883
1636 364 70 37 och
1737 364 71 37 den
1831 366 42 35 19
1895 364 72 47 maj

767 420 105 43 1885,
902 418 159 35 sålunda
1090 417 147 44 ändras,
1267 421 54 31 att

864 475 35 48 a)
937 477 227 49 stadgandet
1205 478 11 34 i
1258 477 170 48 punkten
1470 473 43 49 F)
1555 489 111 24 mom.
1710 480 19 33 5
1772 476 40 36 af
1841 476 126 47 kongl.

763 530 254 47 kungörelsen
1054 529 71 36 den
1164 531 44 35 28
1243 528 215 48 september
1489 530 93 35 1883
1612 528 163 36 erhåller
1803 527 165 49 följande

763 581 162 50 lydelse:

861 641 90 37 »För
984 640 239 50 fullgörande
1253 639 40 38 af
1317 640 135 37 sådant
1480 640 180 37 kontrakt
1688 639 193 37 äfvensom
1909 638 59 37 för

762 693 46 35 de
836 693 144 48 lyftade
1009 693 267 35 statsmedlens
1305 692 230 48 återbäring,
1564 693 10 33 i
1603 691 66 36 fall
1690 697 79 30 mot
1789 692 178 34 kontrak-

762 749 56 31 tet
859 744 143 49 brytes,
1043 743 94 37 skall
1178 743 129 36 ställas
1344 742 115 37 sådan
1488 742 189 45 säkerhet,
1706 755 80 23 som
1815 741 41 37 af
1879 749 88 41 väg-

763 796 70 36 och
862 794 520 51 vattenbyggnadsstyrelsen
1403 794 237 49 godkännes;
1660 794 170 37 skolande
1850 793 118 37 denna

761 847 160 36 säkerhet
948 847 167 49 upphöra
1143 852 49 30 att
1217 846 100 49 gälla
1345 846 44 35 så
1415 852 102 30 snart
1545 845 339 49 vattenaflednings-
1906 845 61 36 och

761 898 228 50 afdiknings-
1025 904 94 30 samt
1147 897 273 49 odlingsarbetet
1447 896 118 50 blifvit
1594 897 175 49 afsynadt
1797 897 59 36 och
1882 897 86 47 god-

765 950 144 43 kändt»;
938 950 70 36 och

863 1007 39 46 b)
932 1013 38 33 åt
997 1008 242 38 föreskriften
1268 1009 10 36 i
1309 1008 169 49 punkten
1507 1007 27 37 F
1563 1021 111 23 mom.
1707 1010 45 35 10
1787 1007 39 37 af
1857 1006 113 37 först-

762 1062 164 36 nämnda
954 1062 126 49 kongl.
1110 1061 228 48 kungörelse
1367 1059 121 49 gifves
1516 1058 166 49 följande
1710 1059 161 49 lydelse:

861 1122 33 36 »I
928 1121 180 36 händelse
1138 1120 192 46 afvikelse,
1361 1126 91 30 utan
1482 1119 127 37 dertill
1639 1120 168 36 erhållen
1836 1119 132 36 veder-

761 1173 125 47 börlig
914 1174 191 44 tillåtelse,
1135 1173 100 35 skett
1263 1171 83 37 från
1375 1172 72 35 den
1468 1170 199 37 faststälda
1687 1171 279 47 arbetsplanen,

864 1233 92 35 eller
998 1232 161 43 arbetet,
1201 1235 92 33 utan
1334 1237 55 31 att
1429 1230 160 37 anstånd
1626 1231 85 36 med
1741 1230 226 37 detsammas

763 1284 200 37 utförande
991 1283 125 37 blifvit
1145 1282 40 37 af
1209 1282 134 49 Kongl.
1373 1282 104 48 Maj:t
1504 1282 219 49 medgifvet,
1752 1282 83 36 icke
1863 1282 102 36 inom

763 1335 128 37 derför
919 1335 173 36 bestämd
1120 1335 55 35 tid
1204 1334 241 44 fullbordats,

863 1396 82 35 eller
986 1407 68 32 om,
1095 1394 111 36 innan
1246 1394 355 49 vattenaflednings-,
1645 1393 225 49 afdiknings-
1905 1392 61 36 och

763 1447 272 48 odlingsarbetet
1071 1445 119 49 blifvit
1209 1444 243 49 fullbordadt,
1483 1445 172 48 afsynadt
1683 1445 61 35 och
1769 1444 197 48 godkändt,

761 1502 84 45 väg-
873 1498 60 36 och
962 1496 479 49 vattenbyggnadsstyrelsen
1460 1495 113 37 skulle
1581 1496 109 49 finna
1710 1497 66 35 den
1796 1495 169 44 säkerhet,

761 1562 75 23 som
868 1549 141 47 jemlikt
1049 1560 104 24 mom.
1194 1549 27 34 53
1261 1547 118 48 blifvit
1398 1547 67 48 för
1492 1547 217 36 kontraktets
1728 1546 238 49 fullgörande

761 1601 106 41 stäld,
908 1600 72 35 icke
1020 1599 125 36 vidare
1185 1611 91 23 vara
1316 1598 170 49 nöjaktig,
1523 1598 82 36 eller
1633 1611 68 32 om,
1729 1598 114 36 innan
1871 1597 97 36 länet

761 1652 119 48 blifvit
917 1663 128 35 genom
1086 1650 82 47 laga
1201 1649 99 49 kraft
1335 1650 135 49 egande
1498 1650 112 36 beslut
1628 1649 192 50 fördeladt
1840 1648 56 48 på
1924 1649 42 35 de

762 1703 175 43 hemman,
974 1701 120 36 hviuka
1113 1701 65 48 för
1207 1701 303 47 återbetalningen
1537 1701 97 36 skola
1663 1713 169 31 ansvara,
1861 1705 105 31 stats-

761 1754 157 36 kontoret
944 1752 109 37 skulle
1073 1753 107 49 finna
1208 1753 66 35 den
1302 1752 171 44 säkerhet,
1502 1764 75 24 som
1596 1752 143 48 jemlikt
1762 1764 106 23 mom.
1890 1750 22 36 8
1932 1749 33 44 e)

762 1805 118 48 blifvit
899 1804 66 48 för
994 1804 98 36 lånet
1119 1803 108 44 stäld,
1256 1803 72 36 icke
1356 1803 126 36 vidare
1513 1816 88 23 vara
1629 1803 171 48 nöjaktig,
1830 1802 61 36 och
1919 1815 47 34 ny

761 1856 170 45 säkerhet,
961 1867 75 24 som
1065 1855 44 49 af
1132 1854 265 36 vederbörande
1426 1854 204 48 myndighet
1654 1854 217 49 godkännes,
1892 1853 75 36 icke

762 1908 132 35 varder
926 1907 96 35 inom
1050 1906 158 36 bestämd
1236 1906 52 35 tid
1316 1906 196 48 aflemnad,

863 1958 81 36 eller
985 1970 55 23 om
1070 1958 67 35 den
1165 1957 184 36 bestämda
1378 1957 209 36 annutteten
1614 1957 74 36 icke
1715 1957 133 36 varder
1874 1956 13 35 1
1914 1956 52 35 be-

761 2010 100 47 hörig
889 2009 53 36 tid
970 2009 136 47 erlagd,

863 2061 220 35 ankommer
1126 2062 45 45 på
1213 2058 133 49 Kongl.
1388 2058 103 49 Maj:t
1532 2064 56 31 att
1628 2058 77 36 låta
1738 2058 150 36 inställa
1917 2058 48 35 all

762 2111 128 37 vidare
932 2110 239 48 utbetalning
1211 2109 39 37 af
1274 2110 200 36 statslånet
1502 2115 95 31 samt
1626 2108 211 38 återfordra
1867 2109 96 36 hvad

762 2162 111 36 deraf
909 2162 215 48 uppburits,
1167 2166 55 31 att
1255 2164 48 45 på
1331 2174 45 22 en
1404 2164 101 45 gång
1533 2161 92 35 eller
1653 2160 97 36 efter
1778 2160 100 36 hand
1907 2160 57 35 till

761 2214 276 36 statskontoret
1078 2212 186 37 inbetalas
1304 2212 104 36 inom
1449 2212 72 36 den
1558 2212 68 45 tid,
1655 2225 81 23 som
1765 2211 40 37 af
1829 2210 135 50 Kongl.

762 2264 103 48 Maj:t
894 2264 236 37 bestämmes.
