2188 2622
525 205 243 33 Sammansalta
791 209 93 29 stals-
908 206 55 31 och
987 206 216 41 lagutskottets
1226 207 168 32 utlåtande
1418 208 52 31 Nr
1495 210 28 29 1.
1782 209 36 30 1i

220 287 119 36 skilda
382 288 98 35 delar
521 293 61 30 äro
623 288 13 34 i
677 287 97 36 olika
812 294 125 41 ägares
967 289 107 44 hand,
1106 301 85 23 vare
1218 289 222 48 nybyggnad
1469 290 31 48 ej
1531 289 151 36 tillåten.
1741 291 80 34 Har

219 345 92 32 tomt
338 341 134 36 bildats
499 354 128 34 genom
656 343 139 46 åtgärd,
826 342 57 36 till
911 342 125 35 vilken
1064 342 114 47 enligt
1206 343 58 47 lag
1292 347 137 32 rättens
1458 344 235 47 medgivande
1727 344 93 35 skall

220 394 116 45 sökas,
381 407 84 24 vare
507 396 220 47 nybyggnad
769 399 20 31 å
825 399 137 32 tomten
991 396 11 35 i
1031 395 92 37 intet
1151 395 64 36 fall
1244 397 151 44 tillåten,
1427 396 113 37 innan
1569 397 128 36 sådant
1726 398 94 35 med-

219 448 154 47 givande
403 449 162 35 lämnats.

325 611 130 34 Denna
484 610 58 47 lag
571 610 120 35 träder
720 609 12 35 i
760 610 99 35 kraft
888 610 69 35 den
990 612 16 32 1
1039 610 202 46 september
1273 613 135 33 1916.»

222 888 69 42 8:0)
989 884 124 50 »Lag

218 974 101 39 med
339 974 117 39 vissa
484 973 335 41 bestämmelser
838 975 223 48 angående
1081 975 293 49 avstyckning
1394 975 82 40 och
1503 976 315 49 sammanlägg-

1226 1029 10 9 .

658 1028 109 48 ning
794 1038 55 29 av
874 1028 318 49 jordområden
1222 1040 17 28 i
1269 1029 108 40 stad.

324 1134 221 48 Härigenom
575 1136 188 35 förordnas
792 1149 75 22 som
897 1136 119 47 följer:

933 1353 16 31 1
983 1350 112 35 KAP.

284 1453 83 34 Om
397 1453 287 41 avstyckning
709 1463 55 25 av
789 1453 201 40 område,
1018 1464 96 25 som
1142 1457 36 37 ej
1208 1454 122 42 ingår
1356 1457 7 32 i
1390 1457 349 40 tomtindelning.

974 1558 17 32 1
1024 1556 32 44 S.

322 1642 95 35 Från
460 1641 173 49 fastighet
674 1642 12 35 i
715 1644 79 34 stad
824 1646 57 36 må
910 1644 155 44 område,
1097 1657 72 22 som
1201 1645 30 47 ej
1261 1645 105 46 ingår
1393 1645 13 35 i
1434 1645 289 48 tomtindelning,
1755 1660 59 22 av-

214 1694 126 49 skiljas
368 1695 56 35 till
454 1696 154 35 särskild
637 1696 173 47 fastighet
838 1709 128 34 genom
996 1698 241 47 avstyckning
1266 1701 45 43 på
1340 1702 71 31 sätt
1438 1699 119 34 nedan
1585 1705 90 40 sägs.

321 1890 255 48 Avstyckning
605 1892 212 35 verkställes
847 1905 42 22 av
918 1892 214 36 lantmätare
1161 1893 86 35 eller
1275 1904 120 24 annan
1424 1893 12 34 i
1464 1893 232 47 ägomätning
1723 1894 89 35 kun-

212 1942 63 47 nig
318 1955 139 34 person,
502 1945 54 34 för
598 1944 124 36 vilken
764 1945 242 36 förordnande
1047 1946 162 35 utfärdas
1251 1959 44 22 av
1329 1947 224 46 Konungens
1581 1947 231 47 befallnings-

213 1996 164 36 havande
406 1996 91 36 efter
526 1997 161 35 ansökan
715 2011 45 23 av
789 1998 239 47 fastighetens
1056 2004 116 42 ägare.
1231 2000 17 34 I
1276 1999 75 44 fall,
1383 2000 44 34 då
1447 2001 153 43 område,
1623 2013 74 22 som
1718 2001 92 35 skall

212 2049 203 48 avstyckas,
446 2050 105 36 blivit
579 2051 56 34 till
664 2063 121 23 annan
814 2052 184 43 överlåtet,
1030 2058 64 40 äge
1122 2053 67 34 ock
1218 2053 71 34 han
1318 2056 73 31 rätt
1410 2053 130 46 begära
1559 2054 251 43 förordnande,

212 2114 74 23 som
333 2115 50 22 nu
426 2107 106 42 sagts.
592 2104 79 34 Har
713 2105 182 34 sökanden
940 2104 57 35 till
1040 2105 321 46 förrättningsman
1403 2105 185 48 föreslagit
1616 2119 120 22 annan
1766 2112 45 29 än

211 2155 215 37 lantmätare
468 2156 86 35 eller
597 2157 12 33 i
638 2157 145 35 stadens
812 2158 113 47 tjänst
954 2158 155 34 anställd
1138 2158 279 47 mätningsman,
1450 2164 108 40 pröve
1587 2160 224 46 Konungens

211 2208 395 49 befallningshavande,
637 2210 180 35 huruvida
846 2210 264 47 förrättningen
1140 2211 72 35 kan
1241 2214 37 33 åt
1306 2211 128 35 honom
1466 2211 186 36 anförtros.

324 2263 66 34 Vid
433 2263 265 46 förrättningen
741 2263 101 36 skola
885 2263 300 49 skiftesstadgans
1227 2264 227 36 föreskrifter
1496 2266 151 34 rörande
1691 2278 119 23 annan
