2162 2618
381 203 38 30 18
674 201 240 31 Sammansatta
937 203 90 28 stats-
1052 200 55 31 och
1131 199 219 41 lagutskottets
1373 198 168 32 utlåtande
1565 198 52 31 Nr
1640 201 30 28 1.

375 286 20 32 å
423 282 465 47 inteckningshandlingen.
948 281 209 47 Samtycket
1185 292 83 23 vare
1296 284 89 31 utan
1413 279 149 44 verkan,
1594 279 64 35 där
1687 279 30 47 ej
1739 282 119 32 rätten
1881 280 91 34 med-

376 336 102 47 giver
506 335 298 48 avstyckningen.

484 392 75 32 Där
601 390 128 35 sådant
769 389 64 35 fall
876 395 38 29 är
947 389 56 35 för
1030 388 156 43 handen,
1216 391 54 32 att
1298 386 113 48 enligt
1443 390 43 31 11
1519 386 83 46 kap.
1637 388 20 33 2
1687 386 22 46 8
1734 386 240 48 jordabalken

376 446 92 32 tomt
496 443 73 35 kan
597 443 13 34 i
638 443 203 35 sökandens
869 443 96 35 hand
994 442 101 35 häfta
1124 441 55 35 för
1207 440 147 36 fordran
1383 440 86 36 eller
1498 452 121 23 annan
1647 439 184 47 rättighet,
1863 442 56 32 må
1939 440 31 48 ej

378 496 242 48 avstyckning
661 496 161 35 därifrån
864 495 183 47 medgivas
1088 495 123 35 förrän
1254 494 93 35 efter
1387 496 186 45 utgången
1610 505 44 23 av
1683 493 69 36 den
1781 492 65 44 tid,
1875 492 98 36 inom

378 550 122 35 vilken
528 550 116 47 enligt
671 550 157 34 nämnda
856 549 135 46 lagrum
1022 548 213 46 inteckning
1262 547 94 36 skall
1385 547 116 35 sökas.

1125 676 45 32 21
1202 673 33 45 S.

486 763 78 35 Har
607 763 143 35 område
791 762 201 36 förvärvats
1033 774 129 35 genom
1195 761 98 48 fång,
1323 762 147 34 varmed
1497 763 46 44 på
1570 760 120 47 grund
1717 772 45 23 av
1791 760 100 35 äldre
1919 760 59 47 lag

379 822 131 41 ägaren
538 815 31 48 ej
601 815 94 37 varit
722 815 147 48 skyldig
895 815 148 47 lagfara,
1075 828 84 23 vare
1186 815 12 35 i
1227 815 75 44 fall,
1333 827 75 23 som
1435 814 14 35 i
1481 817 59 41 18,
1570 817 45 32 19
1638 814 65 35 och
1725 816 47 32 20
1795 813 47 46 $$
1862 825 113 32 avses,

380 870 131 46 lagfart
539 875 20 29 å
588 869 160 35 området
777 869 31 47 ej
839 868 222 48 erforderlig,
1092 869 65 35 där
1185 874 150 41 ägarens
1364 867 158 36 åtkomst
1549 867 97 35 inför
1674 870 119 32 rätten
1822 866 152 47 styrkes.

1120 996 46 32 22
1196 994 33 44 8.

487 1083 150 35 Bifalles
680 1082 204 47 ansökning
921 1095 56 22 om
1020 1081 335 48 sammanläggning
1383 1094 44 23 av
1455 1081 87 35 flera
1570 1082 129 33 tomter
1728 1080 64 35 och
1823 1085 39 29 är
1889 1080 13 34 i
1931 1092 45 23 en

381 1137 87 35 eller
508 1137 86 35 flera
636 1149 45 23 av
721 1137 79 34 dem
843 1136 157 48 beviljad
1042 1135 223 48 inteckning,
1309 1147 72 23 som
1426 1134 80 35 icke
1539 1133 113 47 gäller
1679 1133 14 35 i
1721 1134 68 34 den
1818 1133 86 35 eller
1932 1133 44 35 de

381 1191 121 43 andra,
533 1190 94 35 skall
655 1189 258 48 inteckningen
942 1189 157 36 därefter
1127 1189 94 46 gälla
1249 1188 13 35 1
1289 1188 82 35 hela
1400 1188 69 35 den
1494 1187 151 36 sålunda
1664 1187 144 35 bildade
1827 1189 147 33 tomten.

383 1244 289 47 Sammanlägges
701 1243 101 48 eljest
831 1244 82 34 med
940 1246 100 41 tomt,
1072 1242 79 36 däri
1178 1241 213 48 inteckning
1420 1247 38 29 är
1486 1240 170 49 beviljad,
1687 1244 110 32 annat
1821 1241 154 43 område,

381 1309 84 23 vare
505 1296 260 48 inteckningen
805 1297 166 47 gällande
1009 1297 135 47 jämväl
1172 1296 13 35 i
1213 1296 60 35 det
1302 1295 153 35 område.
1515 1295 141 34 Varder
1685 1294 91 35 efter
1804 1306 173 23 samman-

380 1350 229 48 läggningen,
656 1362 81 23 men
778 1353 46 43 på
865 1350 117 47 grund
1020 1362 45 23 av
1093 1349 153 48 tidigare
1274 1351 72 33 rätt
1373 1348 58 36 till
1458 1351 103 41 tomt,
1593 1348 145 36 varmed
1768 1350 110 32 annat
1907 1359 70 23 om-

381 1405 84 34 råde
506 1404 267 47 sammanlagts,
818 1403 161 36 ansökan
1014 1415 57 23 om
1098 1402 213 47 inteckning
1339 1402 104 48 gjord
1470 1402 87 35 eller
1585 1401 169 47 fullföljd,
1785 1401 94 35 skall
1908 1400 70 35 den

381 1457 223 47 inteckning,
650 1458 63 34 där
756 1456 249 48 ansökningen
1043 1456 153 45 bifalles,
1227 1456 195 35 fastställas
1452 1458 53 32 att
1533 1455 95 46 gälla
1656 1454 14 35 i
1697 1455 81 35 hela
1807 1455 70 34 den
1904 1466 74 35 nya

380 1514 146 32 tomten.

488 1565 80 35 Vad
604 1564 12 35 i
659 1565 117 34 denna
818 1564 23 46 $
870 1569 39 30 är
936 1564 144 46 stadgat
1108 1563 55 36 för
1191 1563 61 36 det
1280 1562 76 45 fall,
1386 1565 54 33 att
1467 1564 91 33 tomt
1587 1562 282 46 sammanlägges
1898 1561 82 34 med

381 1622 112 31 annat
534 1618 157 44 område,
730 1617 94 36 skall
853 1623 66 41 äga
947 1617 250 35 motsvarande
1224 1615 243 48 tillämpning,
1498 1616 64 34 där
1590 1616 154 43 område,
1776 1627 75 22 som
1879 1614 101 35 förut

382 1671 31 48 ej
457 1671 103 47 ingår
588 1671 13 34 i
630 1670 289 47 tomtindelning,
950 1671 80 35 med
1059 1671 58 34 del
1146 1683 43 23 av
1217 1672 90 33 tomt
1336 1669 284 46 sammanlägges
1649 1669 56 35 till
1733 1681 45 22 en
1806 1669 103 42 tomt,
1940 1669 39 33 så

382 1725 67 35 ock
491 1726 63 34 där
596 1724 178 36 särskilda
816 1725 179 43 områden,
1039 1736 75 23 som
1142 1723 99 36 förut
1269 1723 30 48 ej
1330 1722 85 48 ingå
1442 1722 13 35 1
1483 1721 290 48 tomtindelning,
1806 1733 173 24 samman-

381 1779 122 47 läggas
531 1778 57 35 till
618 1791 44 22 en
690 1782 100 31 tomt.

1130 1904 46 33 23
1207 1902 33 45 8.

491 1991 132 35 Finnes
658 1990 214 48 inteckning
899 1990 12 35 i
939 1994 101 41 tomt,
1070 1991 110 34 därav
1208 1993 120 43 någon
1356 1990 58 35 del
1443 1989 193 48 avstyckas
1665 1989 64 36 och
1760 1989 80 34 med
1869 1990 111 33 annat

384 2045 143 35 område
569 2045 56 35 till
667 2057 45 23 en
754 2048 92 32 tomt
878 2044 294 47 sammanlägges,
1204 2043 93 36 skall
1325 2043 70 35 den
1422 2042 214 48 inteckning
1665 2043 31 48 ej
1726 2042 124 35 vidare
1878 2041 102 35 häfta

384 2098 61 35 vid
473 2099 60 35 det
561 2098 220 47 avstyckade
810 2098 175 44 området;
1016 2096 404 48 inteckningsansökan,
1452 2109 73 22 som
1556 2097 45 34 då
1621 2095 242 48 avstyckning
1882 2095 98 34 kom-

384 2164 76 23 mer
499 2151 57 36 till
599 2152 105 35 stånd
742 2157 39 29 är
809 2151 176 35 beroende
1013 2154 46 43 på
1087 2151 190 47 prövning,
1307 2150 104 44 skall,
1441 2153 39 32 så
1508 2149 70 36 vitt
1606 2150 69 35 den
1704 2161 102 23 avser
1835 2149 60 34 det
1923 2160 58 24 av-

385 2205 172 47 styckade
600 2206 173 43 området,
816 2217 104 23 anses
962 2204 178 35 förfallen.
1198 2197 54 41 Är
1280 2203 102 47 fråga
1410 2216 55 23 om
1494 2202 215 47 inteckning
1736 2202 57 35 för
1819 2201 160 44 fordran,

386 2259 92 34 skall
519 2262 169 33 ansvaret
725 2258 55 35 för
808 2257 227 48 fordringens
1064 2258 81 34 hela
1172 2257 129 46 belopp
1330 2257 72 36 vila
1430 2259 20 32 å
1479 2257 71 34 den
1578 2256 226 35 återstående
1832 2258 145 32 tomten.
