1898 2820
274 158 20 30 4
669 158 122 31 Första
815 158 240 37 lagutskottets
1080 157 175 32 utlåtande
1280 159 49 30 Nr
1348 159 48 30 51.

278 245 171 37 prövning
476 254 42 21 av
543 253 42 21 en
612 243 384 31 koncessionsansökan
1021 241 177 37 angående
1224 242 163 31 elektrisk
1413 241 208 37 anläggning
1646 242 138 36 hänsyn

279 296 107 30 borde
403 299 98 32 tagas
519 295 50 30 till
587 294 146 30 behovet
751 303 43 21 av
811 293 263 36 anläggningen,
1094 292 116 31 vidare
1229 292 105 30 vilket
1353 292 214 36 förfarande,
1586 302 75 20 som
1678 292 109 31 borde

278 346 169 36 iakttagas
464 344 58 31 vid
537 343 220 37 förlängning
774 353 41 20 av
832 343 203 30 meddelade
1050 342 241 31 koncessioner
1308 342 54 31 för
1378 342 131 31 sådana
1527 342 257 37 anläggningar,

278 399 89 28 samt
387 395 191 31 eventuella
597 394 124 30 villkor
741 393 56 31 för
818 393 221 36 förlängning
1061 394 162 29 ävensom
1244 392 98 37 fråga
1362 402 56 21 om
1441 393 67 30 viss
1529 393 193 36 revidering
1743 402 42 21 av

278 447 158 37 gällande
456 446 109 35 regler
585 454 57 21 om
664 444 220 36 ansvarighet
904 444 54 30 för
979 444 109 30 skada
1108 443 52 31 till
1180 442 89 37 följd
1290 453 41 20 av
1353 443 162 31 elektrisk
1537 445 116 29 ström.

323 497 66 30 Till
408 496 218 36 fullgörande
648 504 41 21 av
709 495 155 29 nämnda
886 494 159 37 uppdrag
1067 494 88 30 hava
1176 493 218 37 sakkunniga
1416 494 55 30 för
1493 493 184 31 elektriska
1700 495 85 29 kon-

279 547 244 31 trollväsendet
541 545 125 37 avgivit
682 545 58 31 två
758 546 134 36 tryckta
911 544 254 30 betänkanden.
1210 544 63 30 Det
1293 544 107 30 första
1419 554 42 20 av
1481 545 108 35 dessa,
1609 544 178 37 angående

276 597 202 37 behörighet
494 599 49 28 att
558 596 114 30 utföra
691 596 177 30 elektriskt
884 594 346 31 installationsarbete
1246 604 45 21 m.
1309 605 44 20 m.
1379 594 139 39 (statens
1536 594 180 37 offentliga
1733 597 52 28 ut-

278 648 185 36 redningar
485 647 96 30 1935:
603 646 68 39 53),
692 646 197 35 innefattar,
909 646 107 29 bland
1035 648 115 32 annat,
1171 645 129 36 förslag
1320 644 51 30 till
1390 645 83 30 visst
1492 645 117 36 tillägg
1628 645 51 30 till
1701 646 84 29 1902

277 698 55 30 års
352 699 54 35 lag
426 697 116 31 såsom
562 696 165 37 underlag
749 697 55 29 för
825 706 42 20 en
887 695 168 37 reglering
1075 705 41 21 av
1136 696 397 36 entreprenörväsendet.
1578 696 64 31 Det
1663 696 121 35 andra,

279 748 364 34 huvudbetänkandet,
673 746 177 37 angående
878 746 196 30 kontrollen
1102 747 80 29 över
1210 745 184 31 elektriska
1423 746 363 36 starkströmsanlägg-

278 798 122 36 ningar
429 793 140 39 (statens
592 797 181 36 offentliga
795 796 223 37 utredningar
1043 797 95 29 1936:
1164 796 69 39 27),
1256 796 192 30 innehåller
1472 796 128 36 förslag
1623 796 51 30 till
1696 796 90 30 vissa

278 849 187 36 ändringar
491 848 10 30 i
529 849 81 29 1902
636 847 55 31 års
716 848 55 36 lag
799 851 88 26 samt
912 847 51 30 till
987 857 49 27 ny
1060 847 119 36 stadga
1204 856 58 21 om
1288 846 184 31 elektriska
1501 848 284 29 starkströmsan-

278 899 201 36 läggningar
506 900 162 29 ävensom
693 899 51 29 till
770 897 293 37 omorganisation
1088 907 42 20 av
1155 897 392 37 tillsynsmyndigheten.
1596 896 64 31 Vid
1687 896 99 31 sidan

277 959 42 20 av
337 950 266 30 betänkandena
621 949 90 30 hava
730 948 217 36 sakkunniga
967 948 107 30 bland
1093 951 105 27 annat
1217 947 163 37 framlagt
1398 948 129 36 förslag
1547 948 71 30 dels
1638 948 148 30 rörande

277 1000 150 30 kontroll
453 1009 42 20 av
521 999 161 30 elektrisk
709 998 164 36 materiel,
900 999 71 29 dels
996 998 52 30 till
1074 997 208 37 detaljerade
1308 998 395 30 säkerhetsföreskrifter
1731 997 54 31 för

275 1050 200 30 utförandet
496 1053 89 27 samt
607 1050 54 29 för
681 1049 129 31 skötsel
830 1049 64 30 och
916 1049 84 30 drift
1022 1058 42 21 av
1085 1048 481 37 starkströmsanläggningar.

321 1125 112 30 Sedan
455 1124 218 37 sakkunniga
696 1125 54 30 för
773 1124 184 31 elektriska
978 1124 316 31 kontrollväsendet
1318 1133 197 21 sommaren
1541 1123 83 30 1936
1647 1123 140 30 slutfört

278 1175 57 31 sitt
358 1176 124 34 arbete,
509 1175 118 30 inkom
651 1175 365 37 vattenfallsstyrelsen
1042 1175 65 30 den
1133 1175 36 29 11
1196 1175 187 29 november
1408 1183 135 21 samma
1566 1173 39 31 år
1627 1173 51 31 till
1701 1174 85 30 han-

278 1226 345 37 delsdepartementet
653 1226 81 29 med
762 1235 42 20 en
835 1225 173 35 skrivelse,
1039 1225 73 30 vari
1142 1225 165 36 styrelsen
1338 1224 215 36 hemställde,
1585 1226 48 28 att
1663 1224 123 36 Kungl.

278 1275 100 37 Maj:t
402 1276 79 30 ville
504 1279 78 33 taga
605 1276 110 30 under
740 1276 237 35 övervägande
1002 1275 164 37 lämpliga
1191 1274 158 37 åtgärder
1372 1275 55 30 för
1451 1278 49 27 att
1525 1274 132 31 landets
1682 1277 105 28 stam-

277 1326 144 37 linjenät
442 1325 107 32 måtte
568 1326 168 30 utformas
757 1325 86 31 efter
865 1326 180 30 rationella
1067 1324 180 37 riktlinjer.

322 1376 64 31 Vid
408 1377 165 30 anmälan
592 1376 55 30 för
668 1376 123 36 Kungl.
816 1376 100 36 Maj:t
938 1376 68 30 den
1027 1377 42 28 20
1090 1376 187 30 november
1299 1376 83 30 1936
1404 1385 41 20 av
1469 1375 317 37 vattenfallsstyrel-

277 1436 76 21 sens
373 1426 257 37 framställning
650 1427 111 30 erhöll
781 1426 122 31 chefen
924 1426 55 30 för
1000 1426 418 36 handelsdepartementet
1439 1425 278 37 bemyndigande
1738 1428 49 27 att

275 1477 146 31 tillkalla
439 1487 43 21 en
499 1477 196 37 sakkunnig
713 1478 55 37 för
787 1477 181 36 utredning
986 1486 42 21 av
1047 1476 121 38 frågan
1187 1486 55 20 om
1262 1476 173 30 rationellt
1453 1476 221 37 utformande
1687 1485 42 21 av
1743 1477 44 28 ri-

278 1528 74 30 kets
371 1528 185 30 elektriska
573 1528 246 36 stamlinjenät.
860 1527 200 37 Uppdraget
1078 1527 240 30 anförtroddes
1337 1526 35 31 åt
1392 1525 337 37 generaldirektören
1750 1526 37 30 A.

279 1577 199 37 Granholm,
504 1587 75 21 som
603 1578 11 30 i
637 1587 94 21 mars
759 1578 80 30 1937
866 1578 244 30 överlämnade
1136 1586 41 21 av
1202 1577 129 30 honom
1356 1577 188 30 verkställd
1569 1576 184 36 utredning
1777 1575 11 31 i

278 1629 124 30 ämnet.

322 1679 14 30 I
357 1679 217 30 sistnämnda
596 1678 184 37 utredning
800 1678 210 36 framläggas
1031 1677 210 37 detaljerade
1261 1678 128 36 förslag
1410 1677 148 30 rörande
1579 1676 208 31 utformnin-

277 1738 64 29 gen
361 1739 41 21 av
423 1730 134 30 landets
578 1729 245 36 stamlinjenät.
867 1729 14 29 I
903 1728 199 37 anslutning
1122 1728 116 30 därtill
1258 1727 204 31 framhåller
1483 1728 67 30 den
1572 1727 215 36 sakkunnige

277 1780 89 31 vissa
389 1781 178 29 allmänna
590 1780 215 37 synpunkter
827 1779 221 30 beträffande
1071 1777 492 38 koncessionslagstiftningen.

324 1852 89 34 Över
438 1856 42 29 de
506 1864 41 21 av
572 1855 219 36 sakkunniga
814 1854 53 30 för
892 1853 186 32 elektriska
1103 1854 315 30 kontrollväsendet
1443 1853 200 30 utarbetade
1669 1853 117 30 betän-

279 1907 161 29 kandena
464 1906 65 29 har
554 1904 363 37 kommerskollegium
942 1904 128 37 avgivit
1097 1903 169 31 särskilda
1292 1903 203 31 utlåtanden
1521 1903 85 31 efter
1632 1903 156 30 hörande

280 1966 42 20 av
347 1956 347 37 statsinspektörerna
721 1957 163 28 ävensom
912 1964 41 20 av
980 1954 163 37 frågorna
1169 1955 147 30 berörda
1343 1952 354 38 sammanslutningar
1722 1953 66 30 och

281 2006 281 36 organisationer.
613 2005 125 31 Vidare
769 2006 89 29 hava
887 2005 202 30 utlåtanden
1118 2004 142 37 avgivits
1289 2005 220 30 beträffande
1537 2003 251 31 installatörbe-

280 2057 191 30 tänkandet
498 2065 42 21 av
567 2056 324 37 skolöverstyrelsen
917 2058 90 28 samt
1033 2054 219 31 beträffande
1276 2054 356 31 huvudbetänkandet
1659 2063 42 21 av
1729 2054 59 29 do-

281 2107 262 37 mänstyrelsen,
573 2107 339 37 järnvägsstyrelsen,
943 2106 244 36 lotsstyrelsen,
1218 2105 283 37 socialstyrelsen,
1534 2105 254 34 statskontoret,

279 2157 321 37 telegrafstyrelsen,
623 2157 375 37 vattenfallsstyrelsen,
1020 2157 78 35 väg-
1118 2156 64 30 och
1203 2154 464 39 vattenbyggnadsstyrelsen
1687 2156 100 29 även-

280 2217 74 21 som
377 2207 160 37 samtliga
559 2208 246 36 länsstyrelser.
852 2203 89 34 Över
964 2207 68 30 den
1055 2216 41 21 av
1118 2206 336 37 generaldirektören
1477 2205 190 31 Granholm
1690 2205 96 30 verk-

282 2258 123 30 ställda
434 2258 227 36 utredningen
690 2258 165 36 föreligga
884 2258 186 36 vttranden
1098 2257 78 30 från
1205 2256 365 37 vattenfallsstyrelsen
1599 2257 65 29 och
1691 2256 97 29 kom-

281 2308 291 37 merskollegium,
595 2309 105 30 vilket
720 2309 217 30 sistnämnda
960 2308 219 31 ämbetsverk
1200 2308 87 30 efter
1311 2307 176 31 anmodan
1508 2306 130 36 jämväl
1660 2305 127 36 avgivit

282 2358 129 37 förslag
437 2360 52 29 till
514 2359 317 36 lagbestämmelser
856 2359 148 30 rörande
1029 2358 114 36 statlig
1166 2358 168 36 reglering
1359 2367 42 21 av
1426 2356 222 37 kraftprisen.
1698 2351 90 35 Över

283 2410 93 30 detta
407 2409 131 37 förslag
569 2410 89 30 hava
691 2408 369 37 vattenfallsstyrelsen
1090 2409 65 30 och
1188 2408 148 30 svenska
1368 2406 419 35 vattenkraftföreningen

282 2463 106 33 yttrat
411 2460 60 36 sig.
