1860 2786
402 152 124 39 Tredje
545 153 246 38 lagutskottets
810 154 180 30 utlåtande
1007 164 42 20 nr
1067 156 42 29 43
1127 155 39 30 år
1186 156 83 29 1966
1562 158 20 32 5

91 241 54 20 ser
164 233 61 39 jag
245 234 50 28 att
316 233 96 40 varje
435 233 92 30 form
548 243 42 21 av
611 234 140 30 nedsatt
772 235 290 40 rörelseförmåga
1084 236 52 29 till
1159 235 89 40 följd
1270 245 42 20 av
1333 236 105 34 ålder,
1461 236 120 29 invali-

90 285 85 30 ditet
190 286 83 29 eller
287 287 167 39 sjukdom
467 287 62 29 bör
543 287 144 31 beaktas
702 288 10 29 i
727 288 301 40 sammanhanget.

136 340 53 29 En
205 340 171 39 reglering
391 341 11 29 i
418 341 152 39 enlighet
587 342 78 30 med
684 342 56 30 det
759 341 149 30 anförda
925 342 111 30 måste
1054 342 188 40 begränsas
1261 344 50 28 att
1330 343 11 29 i
1359 343 111 30 första
1487 343 94 29 hand

92 393 89 38 gälla
203 393 257 40 nybyggnader.
483 395 64 29 Det
568 394 98 30 torde
689 395 176 39 nämligen
887 395 72 30 inte
982 405 83 20 vara
1086 395 138 40 möjligt
1247 405 81 21 vare
1351 396 52 39 sig
1426 396 78 30 från
1528 405 53 21 ar-

90 446 88 30 bets-
197 446 83 30 eller
298 447 79 29 från
396 447 354 40 kostnadssynpunkt
769 450 51 28 att
837 448 117 30 införa
973 458 42 20 en
1035 449 131 30 allmän
1186 449 198 40 skyldighet
1402 451 50 28 att
1471 449 109 30 ändra

90 500 108 30 redan
219 501 245 39 färdigställda
484 501 199 40 byggnader
705 502 38 30 så
765 504 50 27 att
836 502 42 30 de
900 504 196 28 motsvarar
1119 502 41 30 de
1183 503 319 30 rörelsehindrades
1526 503 55 30 be-

90 553 78 30 hov.

134 608 191 39 Begreppet
352 607 209 40 nybyggnad
589 609 38 29 är
655 608 187 30 definierat
870 609 11 29 i
911 609 38 29 75
982 610 14 37 8
1026 609 340 40 byggnadsstadgan.
1396 610 185 30 Härunder

92 660 101 30 faller
214 660 71 30 inte
307 661 85 30 bara
414 661 235 40 uppförandet
672 671 43 20 av
738 671 42 20 en
803 662 72 29 helt
899 671 46 31 ny
968 663 158 39 byggnad
1151 665 85 27 utan
1260 663 45 30 bl.
1330 673 29 20 a.
1385 663 105 30 också
1512 663 69 29 till-

89 714 83 29 eller
194 714 206 40 påbyggnad
424 715 65 29 och
512 715 221 39 ombyggnad
757 725 43 20 av
824 715 294 40 genomgripande
1143 716 257 30 beskaffenhet.
1426 717 155 29 Bestäm-

90 768 132 29 melsen
246 767 62 30 bör
332 768 123 29 kunna
478 767 177 41 tillämpas
682 768 106 30 också
813 769 44 40 på
881 769 43 29 de
951 778 121 20 senare
1099 769 180 30 formerna
1305 779 42 21 av
1371 770 209 39 nybyggnad

94 819 53 33 (se
162 820 142 30 särskilt
321 820 38 29 75
377 820 16 37 $
409 820 122 33 bd).

132 874 270 30 Bestämmelser
427 884 57 20 om
510 875 210 40 nybyggnad
746 875 96 30 finns
869 876 10 29 i
906 876 330 39 byggnadsstadgan
1263 878 178 38 upptagna
1469 877 111 30 under

89 926 130 30 38—48
237 927 49 37 838.
302 928 74 29 Den
392 937 69 30 nya
475 927 271 30 bestämmelsen
761 928 62 29 bör
838 928 189 30 betecknas
1043 938 77 21 som
1134 929 41 30 42
1192 939 21 20 a
1230 929 27 37 8.

133 1034 13 29 I
167 1034 41 29 49
232 1034 15 37 8
270 1034 329 40 byggnadsstadgan
622 1036 88 38 sägs,
734 1037 50 28 att
806 1036 56 30 vid
886 1036 109 30 sådan
1017 1036 150 40 ändring
1190 1046 40 20 av
1252 1037 171 39 byggnad,
1447 1046 75 21 som
1545 1037 31 39 ej

88 1086 39 29 är
159 1089 51 27 att
241 1086 151 31 hänföra
424 1087 53 30 till
510 1088 220 40 nybyggnad,
764 1089 90 30 skall
886 1089 312 30 bestämmelserna
1231 1090 11 29 i
1275 1089 129 30 38—48
1440 1089 37 38 88
1513 1090 63 39 äga

88 1142 246 30 motsvarande
351 1142 224 39 tillämpning
592 1142 10 29 i
621 1142 99 39 fråga
739 1151 56 21 om
815 1143 40 29 de
874 1143 96 30 delar
989 1152 42 21 av
1048 1143 216 40 byggnaden,
1285 1153 75 20 som
1379 1144 138 30 beröres
1537 1153 42 21 av

88 1194 204 39 ändringen.
310 1196 64 29 Det
393 1204 103 30 synes
514 1195 159 40 lämpligt
692 1197 50 28 att
760 1196 79 30 med
858 1196 195 30 beaktande
1073 1206 42 21 av
1132 1198 66 29 vad
1217 1197 60 39 jag
1296 1196 146 40 tidigare
1461 1197 117 30 anfört

86 1246 40 31 42
148 1257 21 20 a
192 1247 15 37 8
230 1248 98 39 göres
350 1248 185 40 tillämplig
556 1249 106 29 också
682 1249 45 39 på
748 1249 109 30 sådan
879 1250 230 39 ombyggnad.
1133 1250 115 40 Enligt
1269 1249 43 31 49
1335 1251 15 36 $
1374 1251 80 39 äger
1475 1251 102 39 bygg-

87 1302 268 29 nadsnämnden
373 1302 122 39 medge
514 1302 180 40 undantag
714 1303 78 30 från
812 1303 311 30 bestämmelserna
1144 1304 10 29 i
1173 1304 130 30 38—48
1326 1304 49 37 $$.
1395 1304 183 30 Nämnden

86 1354 61 29 bör
161 1354 46 30 ha
221 1363 134 21 samma
369 1354 208 41 befogenhet
590 1356 223 30 beträffande
827 1355 41 31 42
883 1366 21 20 a
919 1356 28 37 3.

720 1483 224 33 Motionerna

131 1567 260 30 Motionärerna
406 1568 205 30 framhåller
627 1569 54 29 till
696 1577 44 21 en
755 1569 127 39 början
897 1570 52 29 att
964 1569 42 29 de
1021 1569 322 30 rörelsehindrades
1360 1569 112 30 behov
1486 1569 62 30 bör
1566 1570 10 28 i

86 1620 111 31 första
210 1621 94 30 hand
317 1621 200 37 tillgodoses
533 1630 123 29 genom
670 1622 195 30 inrättande
881 1632 43 20 av
939 1622 291 37 specialbostäder
1243 1632 80 20 men
1338 1625 48 28 att
1401 1623 56 30 det
1472 1623 104 37 själv-

87 1673 97 30 fallet
201 1675 38 29 är
256 1674 79 30 från
351 1674 206 30 ekonomisk
575 1676 178 37 synpunkt
771 1675 211 30 orealistiskt
1000 1678 48 28 att
1066 1676 266 37 specialutrusta
1348 1676 96 37 varje
1463 1677 113 36 lägen-

86 1726 69 30 het.
178 1728 52 28 En
253 1728 110 30 sådan
383 1729 204 39 utrustning
608 1729 114 29 skulle
744 1729 106 30 också
871 1729 49 30 bli
941 1729 170 30 obekväm
1134 1730 54 29 för
1211 1730 80 29 dem
1313 1739 76 21 som
1410 1730 73 29 inte
1504 1730 39 29 är
1565 1730 11 29 i

85 1779 113 30 behov
213 1790 43 20 av
272 1781 174 30 särskilda
462 1782 247 39 anordningar.
728 1782 261 30 Motionärerna
1005 1792 103 20 anser
1125 1783 193 30 emellertid
1335 1785 51 28 att
1402 1783 44 30 de
1461 1783 115 30 bostä-

86 1832 61 30 der
167 1843 77 20 som
264 1835 71 29 inte
355 1835 39 29 är
414 1834 155 39 speciellt
590 1835 185 30 utrustade
795 1836 55 29 för
870 1835 305 31 rörelsehindrade
1195 1845 167 30 personer
1381 1837 63 29 bör
1465 1836 110 29 utfor-

86 1895 76 20 mas
181 1887 38 29 så
237 1889 50 28 att
305 1887 42 30 de
364 1888 73 29 inte
460 1888 6 29 i
483 1888 140 30 onödan
641 1888 178 30 försvårar
838 1889 56 29 för
911 1898 42 20 en
972 1889 283 30 rörelsehindrad
1274 1891 50 28 att
1343 1890 157 39 utnyttja
1517 1890 59 29 bo-

86 1939 132 30 staden.
238 1940 49 30 De
305 1940 103 30 flesta
424 1941 305 30 rörelsehindrade
746 1942 160 29 kommer
924 1942 72 29 inte
1013 1942 12 29 i
1042 1942 209 39 åtnjutande
1270 1952 43 20 av
1331 1943 244 39 specialbostä-

85 1992 61 29 der
166 1993 66 29 och
252 1993 63 30 har
337 1994 71 30 inte
428 1993 118 35 heller,
569 1994 207 30 framhåller
796 1995 271 34 motionärerna,
1088 1995 113 30 behov
1221 2005 43 20 av
1285 1995 132 30 sådana
1437 2005 59 20 om
1517 1996 58 29 bo-

87 2046 165 30 städerna
276 2047 10 29 i
308 2047 112 38 övrigt
444 2047 175 30 utformas
642 2048 48 34 så,
715 2050 50 27 att
789 2048 41 30 de
854 2048 73 29 inte
950 2048 11 29 i
984 2049 140 29 onödan
1148 2049 177 29 försvårar
1348 2049 149 29 boendet
1521 2049 54 29 för

86 2099 89 29 dem.
194 2099 132 30 Genom
342 2100 168 30 åldrande
526 2102 66 28 och
610 2101 168 39 sjukdom
795 2102 65 29 blir
879 2102 127 39 många
1023 2102 207 29 människor
1248 2111 74 21 mer
1339 2103 81 28 eller
1440 2103 135 29 mindre

85 2152 313 35 rörelsehindrade,
415 2154 118 29 varför
548 2154 169 39 åtgärden
734 2155 69 29 inte
820 2155 70 29 kan
907 2155 180 29 betraktas
1103 2164 75 21 som
1194 2156 137 38 onödig.
1349 2156 226 29 Motionärer-

85 2214 45 20 na
149 2206 194 30 fortsätter:

129 2267 86 29 Vårt
232 2268 130 38 förslag
377 2277 100 20 avser
495 2268 251 39 förbättringar
763 2278 75 20 som
855 2269 56 29 vid
930 2270 206 38 nybyggnad
1155 2270 69 29 kan
1243 2271 101 37 göras
1362 2272 84 27 utan
1464 2271 111 28 större

85 2311 200 30 kostnader.
306 2312 11 28 I
336 2312 83 30 våra
437 2313 202 29 nuvarande
657 2312 164 30 bostäder
837 2313 110 29 vållar
966 2315 22 27 t.
1008 2322 50 20 ex.
1078 2314 119 29 alltför
1217 2314 69 39 lågt
1305 2314 151 29 sittande
1474 2315 101 37 vägg-

85 2355 194 35 kontakter,
298 2355 210 38 oåtkomliga
526 2357 395 36 garderobsutrymmen,
941 2358 109 29 smala
1068 2358 122 29 dörrar
1209 2368 29 19 o.
1259 2367 25 20 s.
1304 2367 41 25 v.,
1365 2358 210 37 svårigheter

86 2399 87 30 även
196 2400 54 29 för
273 2400 142 39 lindrigt
437 2401 302 30 rörelsehindrade
762 2410 175 30 personer.
962 2402 77 29 Med
1062 2402 76 29 vårt
1162 2402 131 39 förslag
1314 2403 58 29 vill
1396 2403 32 29 vi
1452 2403 123 29 fastslå

85 2443 183 40 principen
285 2447 50 28 att
351 2445 58 29 vid
426 2445 208 39 nybyggnad
650 2446 66 29 och
734 2446 182 38 planering
933 2456 42 20 av
992 2447 163 29 bostäder
1172 2447 89 29 skall
1280 2447 99 29 alltid
1398 2447 176 39 lösningar

85 2488 66 29 och
168 2489 160 38 åtgärder
344 2489 158 39 vidtagas
521 2491 53 28 för
592 2492 50 28 att
661 2490 199 40 undanröja
878 2491 214 38 svårigheter
1111 2491 53 29 för
1182 2491 143 39 lindrigt
1345 2492 230 29 rörelsehind-

86 2533 83 29 rade
187 2535 49 28 att
255 2534 86 29 även
360 2535 155 39 utnyttja
535 2535 62 29 »de
616 2535 156 38 vanliga»
793 2535 220 30 bostäderna.
