1936 2852
337 157 18 29 2
717 158 292 31 Statsutskottets
1032 159 185 31 memorial
1238 160 52 31 Nr
1321 162 51 29 51.

292 242 227 31 konstnärers
554 243 152 35 arbeten,
740 244 91 30 samt
864 243 78 31 med
965 243 105 31 bifall
1094 244 57 30 till
1175 244 80 31 herr
1278 244 79 32 Olof
1380 244 143 33 Olssons
1546 248 250 32 ovannämnda

291 295 133 30 motion
460 292 41 35 (I:
515 292 65 38 64),
604 295 12 30 i
639 295 191 31 riksstaten
865 295 54 31 för
953 295 209 36 budgetåret
1197 289 186 45 1933/1934
1409 298 151 35 uppföra
1583 299 211 32 sistberörda

291 346 123 36 anslag
438 346 78 31 med
540 346 203 31 oförändrat
766 347 135 36 belopp,
927 347 117 36 25,000
1067 347 139 31 kronor.

333 449 124 31 Första
492 450 203 30 kammaren
731 449 63 31 har
827 450 141 35 antagit
1003 449 57 31 det
1094 450 143 37 förslag,
1272 461 74 21 som
1379 452 194 32 innefattas
1597 454 13 30 i
1634 454 66 31 den
1732 455 60 31 vid

289 501 160 36 punkten
483 501 158 37 avgivna
675 501 272 35 reservationen,
983 503 157 30 varemot
1175 502 109 31 andra
1320 503 205 32 kammaren
1561 506 136 31 bifallit
1725 507 66 31 vad

289 553 171 31 utskottet
484 553 190 31 hemställt.

331 657 67 31 För
421 657 114 31 denna
559 658 117 35 frågas
701 657 200 36 avgörande
926 658 146 31 medelst
1096 667 200 27 gemensam
1313 661 221 35 omröstning
1552 661 54 30 får
1622 662 170 32 utskottet

288 709 128 31 föreslå
439 709 158 36 följande
620 710 416 35 voteringsproposition:

334 761 104 36 »Den,
473 771 74 21 som
572 762 11 30 i
607 761 111 31 likhet
753 761 77 31 med
865 761 111 31 första
1010 761 207 32 kammaren
1240 762 79 36 vill,
1342 764 54 30 att
1419 763 190 38 riksdagen
1631 766 59 30 må
1713 766 76 31 med

287 813 125 36 avslag
436 814 20 30 å
480 813 136 36 Kungl.
651 813 119 36 Maj:ts
806 813 141 36 förslag,
972 813 13 30 i
1008 813 68 31 vad
1112 813 57 32 det
1203 823 102 22 avser
1328 824 44 21 en
1395 815 210 37 minskning
1629 827 45 20 av
1699 817 56 31 det
1779 819 12 30 i

287 864 192 32 riksstaten
504 865 110 31 under
637 865 169 31 rubriken
826 864 306 32 Nationalmuseet
1148 867 181 35 upptagna
1346 866 180 32 ordinarie
1543 869 250 32 reservations-

286 916 159 37 anslaget
477 917 59 31 till
559 917 137 31 inlösen
719 927 45 20 av
786 917 152 30 svenska
962 917 226 31 konstnärers
1211 918 152 36 arbeten,
1387 920 92 29 samt
1503 919 78 31 med
1604 920 104 31 bifall
1731 922 59 30 till

285 968 82 31 herr
393 967 80 33 Olof
496 968 141 32 Olssons
660 969 135 31 motion
817 968 92 36 I:64,
934 969 13 30 i
970 969 191 31 riksstaten
1185 969 54 31 för
1263 970 207 35 budgetåret
1494 964 187 45 1933/1934
1705 983 87 26 upp-

284 1021 77 30 föra
385 1020 210 31 sistberörda
618 1021 123 35 anslag
766 1020 76 31 med
866 1020 206 32 oförändrat
1095 1021 134 36 belopp,
1254 1022 117 35 25,000
1395 1022 140 36 kronor,
1559 1025 112 29 röstar

1010 1099 60 35 Ja;

327 1176 85 36 Den,
437 1176 57 31 det
518 1177 31 36 ej
574 1177 76 36 vill,
675 1178 112 30 röstar

998 1254 83 37 Nej;

326 1332 136 31 Vinner
496 1332 77 37 Nej,
607 1333 63 30 har
705 1332 186 37 riksdagen
915 1332 13 30 i
952 1332 113 31 likhet
1097 1333 76 31 med
1197 1333 111 31 andra
1332 1334 205 31 kammaren
1561 1336 153 31 beslutat
1736 1338 52 29 att

283 1384 78 31 med
384 1384 103 31 bifall
511 1384 58 31 till
592 1384 136 36 Kungl.
749 1384 120 37 Maj:ts
886 1384 135 36 förslag
1037 1385 63 30 och
1116 1384 76 32 med
1210 1385 126 36 avslag
1352 1386 20 30 å
1388 1387 249 31 ovannämnda
1652 1388 134 31 motion

281 1436 29 31 I:
323 1436 51 36 64,
399 1436 11 31 i
435 1436 69 31 vad
528 1436 66 31 den
618 1436 123 36 skiljer
764 1437 55 35 sig
842 1437 83 30 från
947 1436 135 36 Kungl.
1106 1436 121 37 Maj:ts
1250 1437 144 36 förslag,
1418 1439 142 31 minska
1583 1439 56 31 det
1661 1440 13 30 i
1698 1440 88 31 riks-

280 1489 115 29 staten
430 1488 111 31 under
576 1488 167 31 rubriken
776 1487 303 32 Nationalmuseet
1113 1490 181 35 upptagna
1328 1489 177 32 ordinarie
1538 1492 249 31 reservations-

280 1539 161 36 anslaget
477 1540 59 31 till
570 1540 136 31 inlösen
739 1550 44 21 av
816 1540 151 31 svenska
1000 1540 225 31 konstnärers
1254 1541 153 36 arbeten,
1431 1552 48 20 nu
1505 1543 116 35 25,000
1645 1543 140 37 kronor,

281 1591 77 31 med
382 1592 97 35 7,000
502 1592 128 31 kronor
654 1592 57 31 till
736 1593 116 35 18,000
877 1592 159 31 kronor.»

1000 1714 62 30 2:0.

321 1796 18 31 I
362 1797 459 36 statsverkspropositionen
837 1796 128 38 (punkt
982 1799 62 31 137
1060 1809 45 21 av
1122 1800 143 31 åttonde
1281 1798 244 36 huvudtiteln)
1541 1801 88 32 hade
1646 1801 137 37 Kungl.

277 1848 102 37 Maj:t
412 1849 183 36 föreslagit
630 1849 190 36 riksdagen
854 1852 52 29 att
940 1851 59 31 till
1033 1851 414 32 konsulentverksamhet
1479 1852 55 31 för
1565 1854 218 35 gymnastik-

276 1900 307 37 undervisningen
607 1901 60 31 vid
691 1901 87 31 folk-
802 1902 63 31 och
888 1903 194 31 småskolor
1106 1913 45 21 m.
1176 1903 34 31 fl.
1235 1904 248 31 läroanstalter
1506 1905 54 31 för
1575 1905 207 37 budgetåret

277 1945 187 45 1933/1934
500 1953 125 30 anvisa
658 1954 51 30 ett
744 1955 100 29 extra
879 1954 125 36 anslag
1038 1965 45 20 av
1116 1955 117 36 15,600
1266 1955 129 32 kronor
1419 1957 54 30 att
1496 1958 87 35 utgå
1605 1957 113 36 enligt
1741 1958 40 31 de

276 2004 132 31 villkor
431 2004 64 31 och
518 2005 272 36 bestämmelser,
814 2005 136 37 Kungl.
974 2006 104 36 Maj:t
1101 2006 118 32 kunde
1243 2007 97 31 finna
1364 2008 76 35 gott
1464 2008 209 31 föreskriva.

318 2055 18 31 I
369 2065 43 21 en
446 2056 97 31 inom
578 2056 110 31 andra
722 2056 206 32 kammaren
961 2068 46 21 av
1039 2058 79 31 herr
1150 2059 40 31 E.
1219 2058 138 33 Laurén
1384 2069 44 21 m.
1452 2060 40 35 fl.
1518 2060 105 31 väckt
1646 2061 134 31 motion

274 2105 148 35 (II:120)
456 2108 88 31 hade
579 2108 208 37 hemställts,
815 2110 52 30 att
895 2110 188 36 riksdagen
1106 2112 108 30 måtte
1238 2111 59 30 till
1320 2111 460 32 konsulentverksamheten

274 2159 61 31 vid
358 2159 88 31 folk-
470 2160 63 31 och
557 2160 193 31 småskolor
772 2171 45 21 m.
840 2161 33 31 fl.
890 2161 250 32 läroanstalter
1156 2162 54 32 för
1226 2163 208 36 budgetåret
1451 2155 187 46 1933/1934
1654 2165 124 30 anvisa

273 2212 50 30 ett
354 2213 101 29 extra
489 2212 124 36 anslag
644 2213 21 30 å
697 2213 117 35 26,600
846 2213 130 31 kronor
1008 2215 53 30 att
1084 2215 85 35 utgå
1192 2214 111 36 enligt
1327 2214 40 31 de
1391 2215 132 30 villkor
1546 2216 63 30 och
1632 2216 147 31 bestäm-

273 2262 135 36 melser,
432 2263 136 37 Kungl.
593 2263 101 37 Maj:t
718 2264 117 32 kunde
858 2265 99 31 finna
980 2267 76 35 gott
1079 2266 207 31 föreskriva.

315 2314 268 33 Statsutskottet
616 2316 87 31 hade
726 2317 12 30 i
762 2317 62 30 sitt
858 2317 185 31 utlåtande
1075 2327 42 21 nr
1141 2319 18 30 8
1183 2317 112 31 under
1317 2319 160 35 punkten
1501 2319 62 31 130
1587 2319 192 36 hemställt,

271 2368 54 30 att
348 2367 190 36 riksdagen
562 2368 118 36 måtte,
697 2368 12 31 i
726 2368 194 36 anledning
943 2379 45 20 av
1012 2369 134 37 Kungl.
1162 2369 121 37 Maj:ts
1299 2370 132 36 förslag
1447 2369 64 32 och
1527 2370 80 32 herr
1621 2370 157 32 Lauréns

272 2428 45 22 m.
335 2418 34 31 fl.
387 2419 249 31 ovannämnda
653 2420 133 31 motion
803 2418 60 36 (II:
877 2418 86 39 120),
981 2421 57 31 till
1055 2421 416 32 konsulentverksamhet
1488 2422 55 31 för
1560 2423 216 36 gymnastik-

270 2470 307 37 undervisningen
601 2471 59 31 vid
686 2472 86 30 folk-
797 2472 62 31 och
883 2473 195 31 småskolor
1102 2483 44 21 m.
1172 2473 33 30 fl.
1231 2473 247 31 läroanstalter
1498 2474 55 31 för
1569 2474 207 36 budgetåret
