2236 2640
368 214 118 35 Andra
513 217 221 33 Kammarens
763 216 186 43 Tillfälliga
984 217 144 35 Utskotts
1157 218 82 41 (N:o
1268 218 38 41 3)
1343 220 175 34 Utlåtande
1544 220 66 33 N:o
1638 224 54 29 17.
1755 223 19 30 9

232 303 120 43 tagas.
420 298 146 37 Endast
607 299 116 37 sådan
760 300 97 48 skog
885 312 92 36 eger
1003 300 69 37 här
1100 303 117 45 något
1244 301 128 48 värde,
1402 314 81 24 som
1513 302 125 37 kunde
1667 302 86 37 löna
1782 303 46 36 de

233 350 94 49 dyra
367 350 249 49 utdrifnings-
658 351 71 37 och
770 351 488 48 flottningskostnaderna».
1316 353 237 50 Konungens
1583 354 246 50 befallnings-

233 402 189 37 hafvande
463 403 231 37 framhåller
720 403 141 48 vidare,
889 409 55 31 att
972 404 104 37 detta
1105 409 40 32 är
1172 405 57 36 till
1256 418 105 36 gagn
1389 406 59 36 för
1476 411 120 43 orten,
1625 407 114 36 äfven
1768 420 60 24 om

233 454 75 37 den
349 454 174 49 stegring
563 455 42 37 af
643 456 297 47 arbetslönerna,
983 456 289 49 skogsrörelsen
1314 458 175 47 medfört,
1533 464 41 31 är
1601 459 143 48 menlig
1770 460 60 36 för

229 506 236 48 jordbruket.
520 506 95 37 Förr
643 507 208 37 afbrändes
881 507 184 50 ofantliga
1093 509 276 49 skogstrakter,
1399 510 45 36 då
1472 511 47 36 de
1544 524 91 24 voro
1655 511 174 37 fullkom-

234 558 70 49 ligt
331 559 200 36 värdelösa
560 559 70 36 och
658 559 221 37 inkräktade
909 563 46 45 på
983 560 276 38 betesmarken.
1316 561 74 38 Det
1418 576 66 23 var
1511 562 84 37 »det
1622 563 117 37 minst
1766 564 63 36 be-

235 610 166 49 svärliga
430 615 113 32 sättet
571 610 65 37 ”att
665 611 97 37 hålla
790 612 148 48 skogen
966 612 96 37 ifrån
1092 612 87 49 sig';
1209 614 71 36 och
1308 614 86 36 med
1423 615 146 48 skogen
1588 615 242 49 uppbrändes

234 662 114 37 äfven
390 662 223 50 'matjorden.
682 663 88 36 Man
811 677 61 23 ser
911 664 234 37 vidsträckta
1173 666 155 47 trakter,
1357 667 67 36 der
1452 667 130 37 eldens
1610 668 222 49 härjningar

235 719 98 32 ännu
375 715 99 36 efter
514 720 55 31 ett
608 715 108 47 halft,
757 715 144 37 kanske
943 721 55 32 ett
1037 717 79 36 helt
1151 717 125 37 sekels
1304 718 152 50 förlopp
1486 719 218 49 uppenbara
1733 720 99 48 sig
1809 711 28 61 i

235 767 137 46 nakna,
401 769 48 47 på
477 766 48 37 all
552 767 213 49 växtlighet
792 768 167 36 blottade
988 769 147 36 hedar».

337 818 17 36 I
384 819 370 37 femårsberättelsen
784 819 58 37 för
873 821 252 36 1861—1865
1147 821 229 49 framhålles;
1395 823 95 36 huru
1510 825 20 34 å
1549 836 70 24 ena
1640 823 108 37 sidan
1766 823 66 37 all-

236 883 138 36 mogen
409 871 59 36 för
495 871 66 36 allt
588 871 60 36 för
675 871 108 48 ringa
812 872 245 48 köpesumma
1086 878 102 31 emot
1216 874 166 48 skogens
1412 875 113 36 värde
1555 876 70 36 och
1654 877 177 36 stundom

237 922 85 36 med
363 922 66 37 allt
469 923 59 36 för
564 922 92 37 liten
684 923 245 49 försigtighet
957 925 86 36 med
1071 925 179 37 afseende
1279 928 20 33 å
1326 927 423 48 afverkningsvilkoren
1778 929 54 35 af-

235 974 119 36 händt
395 975 59 47 sig
495 975 373 49 afverkningsrätten
910 979 20 33 å
971 976 83 36 sina
1083 977 150 48 skogar.
1291 978 55 37 De
1375 979 157 36 influtna
1561 980 271 49 skogsförsälj-

234 1026 266 54 ningsmedlen
541 1027 152 36 konyma
733 1027 12 35 i
781 1027 65 37 allt
873 1028 60 36 för
961 1028 106 49 ringa
1096 1032 86 33 mån
1205 1029 224 48 jordbruket
1456 1031 56 36 till
1540 1032 102 48 godo
1673 1046 32 22 o.
1738 1046 28 23 s.
1796 1047 35 22 v.

235 1081 35 33 Å
311 1079 117 36 andra
471 1078 107 37 sidan
647 1085 132 31 betonas
817 1079 72 37 den
917 1080 100 49 goda
1046 1081 322 50 arbetsförtjenst,
1400 1082 272 50 befolkningen
1700 1085 133 36 vunnit

236 1144 138 34 genom
414 1130 300 49 skogsrörelsen,
753 1132 69 36 och
860 1131 70 37 den
961 1132 124 37 bättre
1114 1133 118 49 insigt
1261 1147 60 23 om
1351 1135 166 48 skogens
1546 1136 128 46 värde,
1704 1136 129 37 allmo-

236 1196 75 35 gen
339 1183 213 36 förvärfvat
580 1183 70 48 sig.

340 1234 57 37 De
425 1234 96 37 båda
547 1234 168 48 följande
745 1235 426 49 femårsberättelserna,
1201 1239 252 35 1866—1870
1474 1239 70 35 och
1568 1241 265 46 1871—1875,

236 1286 136 37 beröra
399 1286 82 36 icke
511 1286 181 36 särskildt
719 1291 138 43 ämnet,
886 1293 89 30 utan
1003 1288 160 37 hänvisa
1191 1288 55 37 till
1275 1289 63 36 det
1366 1290 101 36 förut
1495 1291 128 48 sagda.

339 1338 17 35 I
386 1338 372 37 femårsberättelsen
788 1338 59 37 för
885 1341 85 34 1876
1001 1342 126 35 —1880
1147 1341 165 49 påpekar
1332 1342 236 49 Konungens
1589 1343 245 49 befallnings-

237 1389 190 37 hafvande
466 1390 73 36 den
574 1393 185 45 återgång
785 1390 13 36 i
828 1391 410 49 skogsafverkningen,
1268 1406 80 23 som
1377 1394 121 37 under
1526 1408 134 24 senare
1689 1395 146 37 hälften

238 1441 43 37 af
317 1441 189 37 årtiondet
546 1441 57 37 till
643 1442 163 36 fromma
848 1443 59 35 för
939 1444 226 48 jordbruket
1192 1444 141 37 inträdt
1361 1445 11 36 i
1396 1446 222 48 jemförelse
1649 1448 84 36 med
1761 1448 72 36 den

239 1493 277 37 svindelartade
544 1494 104 49 höjd,
677 1494 151 36 hvartill
856 1496 325 36 trävarurörelsen
1210 1502 86 42 steg
1323 1498 120 36 under
1474 1499 230 37 1870-talets
1735 1500 101 36 förra

238 1545 96 44 hälft
371 1546 70 36 och
470 1559 80 22 som
580 1546 273 49 länsstyrelsen
883 1547 148 49 hoppas
1059 1548 83 36 icke
1173 1549 95 36 skall
1297 1550 244 36 återkomma.
1597 1551 147 49 Frågan
1775 1565 60 23 om

238 1597 117 48 inköp
384 1597 43 37 af
446 1597 88 49 jord
562 1603 141 43 genom
730 1598 316 49 trävarubolagen
1075 1600 155 37 beröres
1259 1601 47 49 ej.

341 1649 17 36 I
400 1649 372 37 femårsberättelsen
815 1650 58 36 för
903 1653 253 35 1881—1885
1186 1655 78 33 åter
1291 1658 121 43 yttrar
1441 1654 235 49 Konungens
1706 1655 127 37 befall-

240 1701 301 47 ningshafvande
583 1700 114 37 bland
740 1706 129 31 annat:
914 1702 109 36 »Som
1061 1704 115 35 ofvan
1211 1704 236 37 omförmälts
1476 1705 205 49 (nemligen
1710 1710 47 45 på
1785 1707 52 36 tal

241 1765 60 23 om
330 1752 140 36 vården
499 1752 42 36 af
564 1752 47 36 de
641 1752 193 37 enskildes
863 1753 154 49 skogar)
1047 1759 65 31 äro
1143 1768 45 23 en
1218 1760 81 31 stor
1327 1756 60 36 del
1416 1757 140 48 skogar
1583 1771 141 35 genom
1752 1760 84 35 kon-

241 1805 92 35 trakt
358 1805 54 47 på
439 1804 123 49 längre
590 1803 137 49 tider"),
748 1804 186 49 vanligen
963 1808 48 34 50
1041 1809 39 33 år
1107 1806 12 36 i
1148 1807 148 47 sänder,
1325 1807 181 50 upplåtna
1533 1810 56 35 till
1610 1810 227 48 afverkning

240 1858 37 34 åt
311 1856 300 48 sågverksegare
645 1856 63 36 vid
737 1856 321 50 Östersjökusten.
1116 1858 155 37 Bonden
1301 1864 41 31 är
1370 1860 118 37 under
1517 1860 124 38 denna
1669 1862 54 36 tid
1752 1862 84 45 och,

240 1907 47 36 då
327 1906 287 38 förhållandena
655 1921 154 23 numera
850 1909 115 37 oftast
1005 1910 133 49 tvinga
1179 1910 55 36 till
1261 1911 187 48 ingående
1476 1913 43 36 af
1543 1927 74 34 nya
1644 1914 191 46 kontrakt,

241 1959 191 36 sannolikt
467 1959 59 36 för
555 1959 48 37 all
632 1960 54 36 tid
716 1960 70 36 och
816 1960 128 37 säkert
973 1962 57 36 för
1058 1963 91 35 flere
1178 1963 265 47 generationer
1470 1965 187 36 frånkänd
1685 1965 48 36 all
1763 1966 74 36 die-

239 2010 264 49 positionsrätt
544 2011 109 36 öfver
695 2011 71 36 den
806 2012 160 47 dyrbara
1002 2014 200 47 egendom,
1233 2027 79 23 som
1343 2015 146 48 skogen
1518 2021 123 42 utgör,
1671 2017 70 36 och
1770 2017 68 36 har

241 2064 47 45 på
329 2065 138 45 många
507 2068 111 39 orter,
660 2062 11 35 i
714 2064 209 46 synnerhet
950 2064 11 35 i
990 2064 265 50 Herjeådalen,
1284 2066 220 48 nedsjunkit
1532 2068 56 35 till
1616 2074 55 30 att
1698 2082 138 34 genom

241 2112 150 37 körslor
420 2113 69 36 och
517 2118 115 31 annat
660 2113 128 36 arbete
818 2116 37 33 åt
883 2115 116 36 andra
1027 2116 11 35 i
1068 2116 59 36 sin
1156 2129 98 35 egen
1283 2117 100 48 skog
1411 2119 92 35 söka
1532 2120 66 34 sitt
1616 2119 219 49 uppehälle;

242 2165 71 36 och
355 2164 104 37 detta
495 2164 71 36 blir
593 2164 67 36 allt
687 2165 231 37 fortfarande
949 2170 183 44 mångens
1162 2169 82 42 öde,
1275 2171 41 33 så
1342 2168 113 49 länge
1483 2169 111 49 lagen
1624 2171 214 48 medgifver

243 2215 267 37 förvärfvande
552 2217 41 35 af
629 2216 279 49 nyttjanderätt
949 2218 54 36 till
1034 2219 98 47 skog
1160 2222 48 46 på
1235 2219 112 48 långa
1378 2221 105 36 tider.
1540 2222 77 35 När
1645 2222 103 37 tiden
1781 2223 58 35 för

346 2334 23 31 ”)
389 2333 178 27 Kursiveradt
585 2333 9 26 i
614 2333 265 28 femårsberättelsen.

326 2377 64 30 Bih,
415 2378 46 28 till
485 2378 91 29 Itiksd.
602 2379 75 29 Prot.
703 2377 89 31 1894.
839 2379 19 29 8
879 2382 86 26 Saml.
1010 2380 22 27 2
1056 2382 68 37 Afd.
1169 2381 22 28 2
1213 2382 88 29 Band.
1351 2383 34 28 17
1409 2383 84 34 Häft.
1779 2386 17 26 2
