1884 2806
289 156 37 29 10
671 159 119 30 Andra
810 160 247 39 lagutskottets
1077 162 180 31 utlåtande
1276 173 42 19 nr
1337 165 51 28 42.

328 236 67 29 För
421 239 51 27 att
495 237 127 31 hindra
645 239 284 41 överförsäkring
955 250 124 31 genom
1105 243 166 39 frivilliga
1296 244 484 42 komplementförsäkringar

286 289 146 30 föreslås
451 290 11 29 i
480 291 178 30 motionen
678 293 28 28 I:
723 293 63 29 399
805 295 48 28 ett
872 294 121 40 tillägg
1010 295 51 29 till
1084 296 61 29 124
1166 296 15 36 $
1205 297 199 30 »allmänna
1423 298 355 41 försäkringslagen»>.

285 342 179 40 Förslaget
491 344 101 29 berör
619 344 124 40 frågan
771 355 56 20 om
855 346 237 32 förhållandet
1120 349 129 30 mellan
1276 350 67 29 den
1369 351 250 39 obligatoriska
1644 353 136 40 olycks-

285 395 330 41 fallsförsäkringen
644 398 64 29 och
739 408 117 21 annan
884 400 211 40 försäkring.
1137 402 123 30 Denna
1289 403 99 40 fråga
1417 404 64 29 har
1512 406 267 38 uppmärksam-

284 450 91 27 mats
397 449 11 28 i
430 449 108 39 några
559 459 41 20 av
622 451 41 29 de
683 452 325 40 remissyttranden,
1033 463 74 20 som
1129 456 147 38 avgivits
1298 457 80 28 över
1401 458 378 31 socialvårdskommit-

285 501 76 29 téns
385 502 221 30 betänkande
630 505 79 28 med
734 504 131 41 förslag
889 506 53 29 till
968 507 92 30 vissa
1086 508 190 40 ändringar
1301 509 11 29 i
1338 510 441 41 olycksfallsförsäkrings-

285 553 109 39 lagen.
432 555 482 42 Försäkringsinspektionen
941 559 66 30 har
1035 560 185 40 ifrågasatt
1249 571 56 20 om
1335 563 75 29 icke
1444 564 81 29 1945
1556 564 57 30 års
1643 565 136 29 försäk-

285 608 286 40 ringsutredning
596 610 105 30 borde
728 611 133 30 erhålla
888 614 159 39 uppdrag
1071 616 50 28 att
1149 616 162 29 närmare
1337 617 123 29 utreda
1488 617 124 39 frågan
1640 628 56 20 om
1723 618 56 30 be-

284 661 322 40 gränsningsregler
634 663 55 30 för
717 664 41 29 de
787 665 301 39 kompletterande
1117 667 300 41 försäkringarna.
1460 671 154 30 Svenska
1642 671 137 30 försäk-

284 714 217 39 ringsbolags
524 715 229 31 riksförbund
776 718 64 29 har
863 718 128 35 anfört,
1018 722 49 28 att
1090 721 41 29 de
1156 721 135 39 privata
1315 722 368 41 försäkringsbolagen
1706 724 72 30 vid-

284 767 85 38 tagit
390 767 93 30 vissa
505 768 161 40 åtgärder
688 773 72 27 mot
782 770 284 42 överförsäkring
1088 774 65 29 och
1174 776 60 32 att,
1259 775 116 30 därest
1395 776 229 31 kommitténs
1646 778 132 39 förslag

284 820 255 37 genomfördes,
558 822 57 29 det
633 832 80 20 vore
731 824 99 39 givet,
849 826 51 28 att
917 825 146 40 bolagen
1082 827 140 30 komme
1243 830 49 27 att
1312 838 151 30 anpassa
1483 831 53 28 sin
1555 831 223 30 verksamhet

284 872 87 29 efter
397 874 57 29 det
480 884 68 30 nya
574 875 90 40 läget
690 877 64 28 och
779 877 140 40 vidtaga
945 879 161 39 åtgärder
1132 881 133 38 ägnade
1291 884 49 27 att
1367 882 189 41 förebygga
1581 884 82 29 eller
1690 886 87 28 mot-

282 926 105 29 verka
410 927 294 41 överförsäkring.
740 930 178 31 Särskilda
942 932 403 41 lagstiftningsåtgärder
1368 936 45 39 på
1435 936 95 30 detta
1553 937 141 30 område
1719 947 59 20 an-

283 978 78 39 såge
395 979 189 32 förbundet
617 982 76 30 icke
726 993 83 20 vara
841 984 238 40 erforderliga.
1113 987 177 30 Missbruk
1325 998 42 20 av
1399 985 379 48 komplementförsäk-

284 1032 117 38 ringar
429 1033 63 30 bör
520 1035 106 38 enligt
655 1036 189 30 utskottets
872 1038 142 39 mening
1043 1039 212 31 förhindras.
1284 1041 12 29 I
1326 1041 111 30 första
1465 1043 96 29 hand
1589 1044 62 29 bör
1680 1044 95 30 detta

282 1085 121 31 kunna
425 1087 60 29 ske
505 1088 45 39 på
570 1091 108 28 annat
700 1091 68 28 sätt
788 1092 44 28 än
853 1099 125 31 genom
999 1093 414 41 lagstiftningsåtgärder.
1447 1097 176 30 Utskottet
1645 1099 132 39 avstyr-

282 1138 61 30 ker
367 1140 121 29 därför
513 1141 57 29 det
593 1142 10 28 i
628 1143 179 29 motionen
832 1144 28 29 I:
877 1144 63 30 399
965 1145 195 40 framlagda
1185 1147 166 39 förslaget
1376 1158 81 20 men
1482 1150 215 34 förutsätter,
1723 1153 51 28 att

283 1191 124 40 Kungl.
430 1193 106 39 Maj:t
555 1195 64 29 har
640 1196 54 29 sin
715 1198 315 38 uppmärksamhet
1050 1200 116 29 riktad
1187 1201 44 39 på
1253 1201 134 39 frågan.

326 1246 116 40 Enligt
461 1248 505 40 övergångsbestämmelserna
984 1253 52 29 till
1057 1254 66 29 den
1142 1255 11 28 i
1173 1256 263 38 propositionen
1456 1257 199 39 föreslagna
1676 1258 101 39 lagen

281 1308 57 20 om
358 1300 149 40 ändring
526 1301 11 29 i
556 1301 529 44 olycksfallsförsäkringslagen
1107 1307 89 30 skall
1215 1326 45 3 —
1278 1310 79 29 med
1377 1310 58 29 två
1455 1310 11 29 i
1486 1311 95 30 detta
1602 1320 175 21 samman-

280 1351 93 40 hang
394 1353 254 40 betydelselösa
671 1357 180 40 undantag
871 1376 46 3 —
937 1360 370 40 ersättningsanspråk
1328 1362 12 29 i
1363 1363 190 40 anledning
1577 1374 42 20 av
1642 1364 135 40 olycks-

281 1405 72 34 fall,
376 1415 75 20 som
472 1407 163 31 inträffat
656 1409 74 30 före
750 1410 314 41 lagändringarnas
1085 1414 283 31 ikraftträdande
1387 1416 68 29 den
1479 1417 14 29 1
1516 1417 142 39 januari
1681 1417 94 34 1949,

280 1458 166 31 bedömas
473 1461 107 39 enligt
608 1462 95 30 äldre
730 1463 65 40 lag.
834 1464 13 29 I
875 1466 180 29 motionen
1081 1467 46 29 II:
1143 1467 62 30 562
1234 1468 158 35 föreslås,
1422 1471 50 28 att
1500 1471 238 39 ändringarna
1764 1472 12 29 i

281 1511 529 44 olycksfallsförsäkringslagen
840 1518 99 30 skola
966 1519 81 29 från
1074 1520 65 29 och
1168 1521 80 30 med
1277 1522 67 29 den
1376 1523 14 29 1
1421 1522 143 40 januari
1596 1524 82 30 1949
1708 1525 68 29 till-

280 1564 135 40 lämpas
441 1567 87 29 även
556 1567 222 32 beträffande
805 1570 196 40 olycksfall,
1032 1582 74 20 som
1134 1573 164 31 inträffat
1327 1576 259 30 dessförinnan.
1627 1578 149 30 Kostna-

280 1618 107 30 derna
408 1618 55 30 för
483 1620 454 43 olycksfallsförsäkringen
957 1625 171 31 bestridas
1149 1636 43 20 av
1212 1627 261 41 arbetsgivarna
1495 1638 124 31 genom
1639 1631 137 29 försäk-

279 1671 257 40 ringsavgifter.
572 1674 64 29 Det
659 1676 39 28 är
721 1676 120 29 därför
863 1677 76 30 icke
963 1678 138 40 möjligt
1125 1682 50 27 att
1200 1681 83 38 göra
1305 1681 296 41 lagändringarna
1623 1684 152 39 tillämp-

279 1724 68 39 liga
364 1725 11 28 i
394 1725 100 39 fråga
513 1735 57 21 om
590 1727 57 30 vid
666 1728 314 41 lagändringarnas
1000 1731 281 32 ikraftträdande
1300 1735 109 30 redan
1429 1735 192 31 inträffade
1640 1737 135 40 olycks-

279 1777 72 29 fall.
384 1779 177 30 Utskottet
582 1781 181 40 avstyrker
785 1783 179 30 motionen
985 1784 46 30 II:
1047 1785 74 30 562.

323 1831 40 38 Ej
388 1831 110 30 heller
520 1833 11 29 i
553 1834 111 39 övrigt
686 1835 64 29 har
772 1836 172 31 utskottet
967 1837 118 31 funnit
1108 1840 190 40 anledning
1321 1841 52 29 till
1394 1842 142 30 erinran
1561 1845 72 28 mot
1654 1844 42 29 de
1720 1852 55 31 ge-

278 1892 82 20 nom
383 1886 263 38 propositionen
670 1887 196 41 framlagda
890 1890 245 40 lagförslagen.

322 1936 66 30 Om
410 1938 41 29 de
474 1938 199 41 föreslagna
695 1942 237 39 ändringarna
954 1944 11 29 i
987 1944 530 44 olycksfallsförsäkringslagen
1540 1950 232 38 genomföras,

278 1989 142 31 komma
440 1993 236 39 ersättningar
695 1994 45 39 på
762 1996 112 37 grund
894 2006 43 20 av
958 1997 195 40 olycksfall,
1177 2008 75 20 som
1273 2000 149 31 inträffa
1442 2002 89 29 efter
1552 2003 222 40 lagändring-

279 2052 103 21 arnas
404 2044 292 37 ikraftträdande,
718 2050 50 27 att
789 2049 82 38 utgå
892 2050 79 29 med
993 2051 185 39 väsentligt
1199 2053 105 39 högre
1325 2054 125 40 belopp
1472 2056 45 28 än
1539 2056 10 28 i
1569 2055 203 40 jämförliga

280 2097 94 29 äldre
409 2097 72 30 fall.
527 2099 136 30 Sådana
695 2101 221 38 ojämnheter
947 2103 47 30 ha
1026 2105 86 29 även
1144 2105 165 31 inträffat
1341 2107 157 39 tidigare.
1544 2109 227 31 Beträffande

279 2149 122 39 frågan
430 2160 58 20 om
518 2154 50 27 att
597 2153 126 30 bereda
751 2155 271 39 kompensation
1050 2158 35 29 åt
1115 2158 278 40 livräntetagare,
1424 2170 75 21 som
1529 2162 52 29 till
1610 2162 90 40 följd
1729 2172 43 20 av

278 2203 145 39 tidigare
455 2206 362 40 maximeringsregler
849 2209 82 29 eller
965 2210 101 39 eljest
1098 2212 271 39 oförmånligare
1402 2215 369 40 ersättningsgrunder

276 2256 149 31 kommit
447 2258 10 29 i
481 2260 112 29 sämre
616 2261 166 39 ställning
803 2263 45 28 än
870 2263 41 29 de
933 2263 58 29 vid
1013 2264 223 41 tillämpning
1259 2275 41 20 av
1322 2275 48 20 nu
1393 2267 160 39 gällande
1576 2269 83 29 eller
1682 2269 90 29 före-

277 2309 120 39 slagna
416 2311 112 39 regler
548 2312 113 30 skolat
681 2314 128 39 intaga,
829 2315 55 29 får
905 2316 193 31 emellertid
1117 2318 171 30 utskottet
1309 2319 147 31 hänvisa
1477 2321 52 29 till
1551 2322 65 29 vad
1637 2322 136 29 utskot-

278 2363 47 27 tet
343 2363 117 30 anfört
478 2364 10 29 i
507 2365 59 29 sitt
584 2365 114 30 denna
717 2367 66 38 dag
802 2368 146 38 avgivna
966 2369 180 30 utlåtande
1166 2380 42 19 nr
1225 2371 52 29 44.

320 2416 48 30 På
391 2419 113 36 grund
529 2429 42 20 av
592 2421 65 28 vad
683 2420 146 31 sålunda
854 2422 137 30 anförts
1016 2423 55 30 får
1093 2424 171 30 utskottet
1288 2425 196 36 hemställa,
