2217 2659
400 151 19 31 2
593 151 120 30 Första
737 151 215 29 kommarens
976 145 122 34 andra
1124 147 172 38 tillfälliga
1318 145 140 31 utskolts
1482 144 174 30 utlåtande
1679 143 50 30 Nr
1755 143 50 29 10.

400 247 58 23 om
502 237 51 32 ett
596 234 132 34 sådant
768 231 204 36 samarbete
1014 230 55 35 lär
1113 228 204 36 emellertid
1360 229 94 34 hava
1492 225 190 48 upptagits
1721 238 45 22 av
1796 225 71 34 den
1899 236 26 23 s.
1958 224 35 35 k.

401 286 512 50 departementalkommittén
949 285 13 35 i
996 284 178 36 samband
1212 284 82 34 med
1323 283 140 46 förslag
1493 294 57 23 om
1580 281 416 46 försvarsdepartemen-

400 347 80 32 tens
510 341 353 48 sammanslagning.
921 340 56 35 De
1008 352 45 23 av
1083 339 229 35 motionären
1342 337 133 37 väckta
1504 336 186 47 förslagen
1719 336 104 34 torde
1841 334 150 48 jämväl,

400 398 222 36 åtminstone
653 397 128 43 delvis,
813 396 149 35 komma
991 396 53 33 att
1071 393 155 36 beaktas
1255 393 64 35 vid
1350 393 71 35 den
1449 391 161 36 revision
1641 403 44 23 av
1718 391 98 34 1893
1845 391 56 33 års
1926 388 67 35 för-

399 452 158 47 ordning
599 452 191 47 angående
833 453 139 33 statens
1015 448 291 47 upphandlings-
1344 448 68 34 och
1443 444 442 49 entreprenadsväsende,
1917 455 75 23 som

398 506 299 47 tillkännagivits
737 518 86 24 vara
866 510 89 30 nära
997 503 245 36 förestående.
1299 501 193 37 Utskottet
1534 500 117 35 båller
1695 505 94 30 även
1822 499 88 42 före,
1942 501 53 32 att

401 564 44 34 de
476 575 45 23 av
551 562 227 35 motionären
807 560 156 35 berörda
991 558 123 46 frågor
1142 557 148 36 komma
1321 559 52 33 att
1400 556 99 35 bliva
1518 554 152 36 föremål
1690 553 56 36 för
1765 552 229 46 behandling

401 630 46 24 av
477 617 45 35 de
553 629 26 23 s.
611 616 36 35 k.
678 612 470 47 försvarsberedningarna.

507 672 53 34 På
590 671 121 45 grund
741 683 44 22 av
816 670 70 34 vad
917 668 155 35 sålunda
1103 666 149 44 anförts,
1283 666 55 34 får
1367 665 182 35 utskottet
1577 664 205 42 hemställa,

933 778 53 33 att
1027 774 153 36 friherre
1223 773 188 47 Flemings
1454 771 242 36 förevarande
1736 769 137 36 motion
1912 768 83 36 icke

826 833 112 33 måtte
966 830 58 35 till
1059 831 123 44 någon
1210 829 129 34 Första
1368 828 234 34 kammarens
1633 825 129 46 åtgärd
1792 823 201 36 föranleda.

510 940 212 36 Stockholm
754 940 72 35 den
854 942 23 32 4
907 939 93 46 april
1029 941 110 33 1913.

967 1047 51 35 På
1047 1046 200 36 utskottets
1276 1051 155 40 vägnar:

968 1155 193 35 FAÅBIAN
1190 1155 67 33 DE
1289 1154 146 35 GEER.

492 1469 61 31 Vid
569 1469 152 32 ärendets
746 1469 265 39 slutbehandling
1034 1468 89 33 inom
1140 1468 162 30 utskottet
1320 1467 83 30 hava
1419 1466 158 31 närvarit:
1596 1466 109 30 herrar
1722 1465 135 30 friherre
1875 1464 122 31 Fabian

402 1515 48 31 De
476 1515 93 37 Geer,
595 1515 183 39 Danström,
804 1516 120 36 Rosén,
949 1524 96 27 greve
1071 1513 116 40 Spens,
1212 1514 183 35 Forssman,
1423 1512 187 30 Pettersson
1636 1511 58 30 och
1720 1509 169 32 Klefbeck.

850 2305 168 28 Stockholm,
1039 2305 59 30 Nya
1118 2304 336 30 'Tryckeri-Aktiebolaget
1474 2301 76 26 1913.
