2198 2610
410 201 36 28 14
549 198 119 32 Första
693 197 205 32 kammarens
920 199 140 30 andra
1083 197 178 41 tillfälliga
1287 198 133 32 utskotts
1443 199 172 31 utlåtande
1638 200 51 31 Nr
1712 202 49 28 19.

502 276 482 47 Hushållningssällskapens
1024 277 228 34 verksamhet
1291 278 144 45 främjas
1463 279 283 46 uppenbarligen
1777 279 79 34 bäst
1883 278 88 35 däri-

364 340 142 34 genom,
535 329 55 32 att
617 327 69 34 den
713 328 31 45 ej
773 327 160 34 insnöres
959 327 12 34 i
999 327 121 34 alltför
1159 330 108 31 snäva
1295 328 131 34 former
1453 330 89 31 utan
1569 329 53 34 får
1648 330 181 46 framgent
1855 331 115 33 såsom

365 377 130 35 hittills
552 377 81 34 fritt
689 377 183 35 utvecklas
929 378 99 34 inom
1085 390 43 22 av
1185 377 139 46 Kungl.
1366 378 109 46 Maj:t
1531 378 208 37 meddelade
1792 380 178 35 allmänna

364 427 167 47 grunder.
587 427 57 35 Då
683 427 180 35 utskottet
902 440 112 32 anser,
1044 430 53 32 att
1125 428 67 34 vad
1225 428 94 34 förra
1346 430 92 33 årets
1466 428 112 35 första
1604 428 198 37 kammares
1829 430 142 36 utskott

365 478 130 43 anfört,
537 479 63 45 går
639 478 11 34 i
678 478 109 34 sådan
818 478 174 46 riktning,
1021 480 55 32 att
1101 476 114 49 å”ena
1242 478 100 35 sidan
1369 479 470 47 hushållningssällskapens
1866 481 104 35 rörel-

364 528 149 35 sefrihet
553 529 31 45 ej
628 528 155 44 hindras,
824 541 83 22 men
947 531 20 32 å
1007 529 108 34 andra
1156 529 102 34 sidan
1298 541 44 23 en
1373 530 71 34 viss
1476 529 250 46 likformighet
1752 530 12 34 i
1791 532 179 46 åtskilliga

364 578 285 47 huvudpunkter
688 579 42 34 de
771 579 94 34 olika
905 579 451 50 hushållningssällskapen
1388 580 153 34 emellan
1575 580 70 34 kan
1671 581 137 44 vinnas,
1836 582 55 34 får
1916 585 55 32 ut-

364 629 137 35 skottet
541 629 142 35 förorda
724 629 74 35 däri
834 630 222 46 ifrågasatta
1068 630 236 44 reformkrav;
1334 630 66 34 och
1427 630 64 34 vill
1518 630 179 35 utskottet
1724 631 115 35 tillika
1865 632 105 34 fram-

364 680 95 34 hålla
500 680 287 34 önskvärdheten
820 680 106 34 därav
966 682 65 42 att,
1074 680 110 35 sedan
1225 681 43 34 de
1295 681 12 34 i
1333 680 131 47 nådiga
1492 681 126 35 brevet
1644 681 69 35 den
1743 682 45 34 28
1819 682 152 35 oktober

366 731 96 34 1910
502 730 209 35 meddelade
738 730 179 35 allmänna
950 730 158 47 grunder
1135 731 56 34 för
1217 731 470 47 hushållningssällskapens
1714 732 11 34 i
1753 732 93 36 riket
1872 745 99 34 orga-

363 781 157 34 nisation
547 780 104 35 blivit
677 781 280 46 fullständigade
984 782 13 33 i
1023 781 271 46 ifrågavarande
1322 794 43 22 av
1392 782 182 35 utskottet
1592 782 188 35 förordade
1798 784 171 34 hänseen-

364 831 79 44 den,
485 831 166 46 samtliga
689 831 111 35 rikets
839 832 406 46 hushållningssällskap
1284 833 86 34 böra
1409 832 242 35 tillförbindas
1684 835 52 33 att
1763 833 207 46 skyndsamt

363 882 182 34 omarbeta
573 882 77 34 sina
677 882 140 46 stadgar
839 882 12 34 i
878 883 353 34 överensstämmelse
1258 883 82 35 med
1368 883 100 35 dessa
1495 883 179 35 allmänna
1700 884 165 45 grunder.

497 934 49 33 På
572 932 118 46 grund
718 945 43 22 av
788 932 69 35 vad
884 933 150 35 sålunda
1061 933 148 44 anförts,
1238 933 55 35 får
1319 934 178 35 utskottet
1524 934 198 44 hemställa,

496 984 56 33 att
590 983 113 34 första
733 983 207 35 kammaren
979 985 113 33 måtte
1119 986 46 44 på
1192 984 62 34 det
1280 986 71 33 sätt
1376 984 143 35 biträda
1558 984 108 35 andra
1706 985 224 35 kammarens
1958 986 11 33 i

364 1032 147 35 ärendet
549 1033 137 35 fattade
726 1034 129 44 beslut,
889 1036 55 33 att
977 1035 113 34 första
1116 1034 207 35 kammaren
1349 1035 171 44 beslutar,
1549 1037 54 33 att
1628 1035 191 47 riksdagen
1846 1036 11 34 i
1884 1035 86 35 skri-

363 1083 93 35 velse
497 1083 57 35 till
594 1084 138 46 Kungl.
775 1084 108 47 Maj:t
922 1085 170 44 anhåller,
1121 1087 55 33 att
1202 1085 139 47 Kungl.
1371 1086 109 46 Maj:t
1498 1088 112 33 måtte
1630 1088 83 45 taga
1731 1086 114 35 under
1872 1090 97 31 över-

362 1134 173 46 vägande,
577 1135 178 34 huruvida
795 1135 76 35 icke
912 1135 124 46 kungl.
1065 1136 125 34 brevet
1218 1136 69 34 den
1328 1136 45 34 28
1415 1137 152 34 oktober
1609 1137 95 34 1910
1744 1137 65 34 bör
1847 1137 122 34 kunna

362 1184 253 47 fullständigas
641 1185 12 34 i
681 1185 43 35 de
751 1185 210 45 avseenden,
990 1185 181 35 utskottet
1197 1186 65 35 här
1289 1199 91 22 ovan
1407 1187 168 35 förordat.

500 1235 204 35 Utskottets
742 1236 214 34 hemställan
996 1236 81 35 blev
1117 1236 196 35 emellertid
1347 1250 43 21 av
1417 1238 113 34 första
1557 1238 206 34 kammaren
1790 1238 178 45 avslagen.

361 1285 75 34 Det
462 1285 186 35 framhölls
675 1286 114 35 under
807 1286 171 35 debatten
997 1299 76 22 som
1092 1287 75 34 skäl
1194 1287 57 34 för
1277 1287 159 47 avslaget
1462 1289 65 43 att,
1557 1288 44 34 då
1627 1288 109 34 andra
1763 1287 208 36 kammaren

362 1335 61 35 vid
450 1335 216 47 föregående
695 1338 54 33 års
776 1336 144 47 riksdag
946 1339 89 33 utan
1062 1337 120 35 vidare
1210 1338 137 35 avvisat
1387 1338 62 35 det
1476 1351 44 22 av
1548 1338 176 35 utskottet
1750 1338 222 35 framställda

362 1398 43 22 av
432 1386 207 35 kammaren
679 1387 150 35 bifallna
867 1387 363 47 medlingsförslaget,
1272 1401 134 22 samma
1447 1389 66 34 öde
1555 1391 87 32 utan
1669 1388 112 36 tvivel
1807 1402 83 22 vore
1918 1391 54 33 att

361 1436 175 45 förvänta,
564 1437 119 35 därest
708 1437 206 36 kammaren
942 1441 90 32 även
1059 1451 49 21 nu
1135 1439 124 34 bifölle
1287 1439 196 35 utskottets
1510 1439 219 35 hemställan.

163 1534 178 60 pakörstana
497 1537 21 34 I
546 1537 43 35 de
629 1538 189 44 motioner,
872 1551 76 22 som
980 1539 145 34 väcktes
1152 1540 99 33 inom
1278 1536 115 38 andra
1418 1532 200 59 kammaren
1644 1540 62 34 vid
1734 1540 236 46 B-riksdagen

184 1602 124 26 utskotts
367 1588 95 34 1914
491 1588 67 34 och
585 1587 62 35 vid
676 1589 95 34 1915
799 1590 55 33 års
880 1589 156 46 riksdag,
1065 1589 214 35 framfördes
1306 1589 86 35 krav
1419 1592 45 44 på
1500 1590 470 47 hushållningssällskapens

180 1636 142 32 yttrande.
361 1638 239 46 reformering
640 1639 67 34 och
730 1639 12 33 i
769 1639 173 34 samband
982 1639 146 35 därmed
1156 1641 44 45 på
1228 1637 313 37 statsmakternas”
1551 1632 199 59 inflytande
1779 1643 19 32 å
1825 1641 144 35 sällska-

362 1700 87 35 pens
476 1688 240 45 verksamhet,
758 1689 95 34 detta
880 1689 143 35 särskilt
1062 1692 44 44 på
1146 1690 118 46 grund
1305 1690 106 34 därav
1452 1693 55 32 att
1547 1690 199 47 sällskapen
1786 1704 147 22 numera
1961 1692 11 33 i

362 1739 201 46 ersättning
589 1740 57 34 för
672 1739 56 34 till
755 1740 217 34 statsverket
998 1740 175 45 indragna
1199 1741 316 35 brännvinsmedel
1543 1742 142 45 åtnjuta
1704 1742 139 34 direkta
1861 1742 111 46 årliga

362 1789 223 47 statsanslag.
643 1789 73 35 Det
754 1796 119 40 syntes
914 1790 120 35 därför
1062 1787 212 45 dåvarande
1314 1792 232 45 motionärer,
1572 1792 176 46 lämpligt,
1791 1789 72 49 att”
1877 1792 97 46 vissa

362 1840 414 45 normalbestämmelser,
801 1841 56 34 för
884 1841 453 47 hushållningssällskapen
1364 1842 188 46 stadgades
1579 1843 66 34 och
1672 1845 55 32 att
1754 1842 220 47 antagandet

362 1903 44 22 av
446 1891 100 34 dessa
585 1891 265 46 grundstadgar
889 1892 217 35 fastställdes
1146 1904 76 22 som
1262 1892 129 35 villkor
1423 1893 57 34 för
1507 1893 146 34 fortsatt
1684 1893 227 46 åtnjutande
1929 1905 44 22 av

362 1941 227 46 statsbidrag.

496 1991 72 35 Till
594 1991 180 47 reglering
800 2005 43 21 av
871 1992 470 47 hushållningssällskapens
1368 1993 229 35 verksamhet
1624 1994 66 34 och
1717 1995 57 34 för
1774 1990 199 49 vinnande

362 2055 43 21 av
433 2043 111 34 större
573 2042 226 46 enhetlighet
826 2043 66 34 och
920 2043 130 35 fasthet
1069 2043 11 34 i
1100 2043 99 35 deras
1218 2044 121 34 arbete
1358 2044 92 35 hade
1470 2056 43 22 av
1533 2044 137 46 Kungl.
1692 2045 109 45 Maj:t
1819 2046 37 33 år
1876 2045 97 34 1910

362 2092 178 35 utfärdats
579 2093 265 46 grundstadgar
882 2094 57 34 för
979 2093 218 47 sällskapens
1237 2095 253 45 organisation.
1559 2095 111 34 Dessa
1708 2095 266 46 grundstadgar

362 2143 184 35 innehöllo
587 2143 199 35 emellertid
826 2145 30 45 ej
892 2146 120 44 någon
1046 2144 222 47 förpliktelse
1297 2145 55 34 för
1379 2145 198 46 sällskapen
1607 2147 53 32 att
1687 2146 182 34 omarbeta
1897 2146 77 34 sina

363 2193 143 47 stadgar
545 2194 11 33 i
598 2194 350 35 överensstämmelse
988 2195 82 34 med
1104 2195 42 34 de
1174 2196 9 32 i
1213 2195 130 45 nådiga
1370 2196 126 34 brevet
1524 2195 67 34 den
1622 2196 45 34 28
1696 2196 277 39 oktober:1910

363 2244 207 35 meddelade
604 2244 178 35 allmänna
809 2245 166 45 grunder.
1035 2245 122 46 Enligt
1185 2245 68 35 vad
1281 2246 108 34 andra
1417 2246 225 35 kammarens
1669 2246 156 35 utskotts
1851 2247 122 35 betän-
