2204 2618
426 213 114 31 Första
565 216 204 31 kammarens
793 220 138 29 andra
954 219 175 39 tillfälliga
1156 221 133 29 utskotts
1314 223 167 30 utlåtande
1507 224 49 31 Ny
1584 229 42 27 19.
1759 230 26 27 11

226 304 78 21 vara
333 293 168 45 frivilliga
529 296 363 46 sammanslutningar
922 299 125 34 mellan
1079 301 230 35 medlemmar
1327 303 79 33 med
1427 316 265 31 gemensamma
1713 306 120 34 intres-

223 353 59 22 sen
324 342 55 34 till
420 343 256 46 institutioner,
706 360 75 21 mer
808 348 84 34 eller
920 350 138 34 mindre
1088 350 176 36 likställda
1293 353 79 33 med
1402 365 41 22 en
1474 354 123 46 statlig
1625 355 84 35 eller
1736 356 96 34 kom-

222 392 122 34 munal
377 397 469 46 representantförsamling,
877 399 62 34 där
963 400 42 34 de
1034 401 160 35 enskilda
1222 403 296 35 medlemmarnas
1545 406 202 46 personliga
1782 407 49 34 in-

222 444 70 31 sats
320 442 288 48 huvudsakligen
636 447 162 35 kommer
824 451 53 32 att
896 450 100 34 bestå
1018 451 7 33 i
1047 451 231 46 deltagandet
1293 453 10 33 i
1319 453 96 35 valet
1428 467 43 21 av
1487 458 340 42 representanterna.

355 493 106 35 Trots
489 495 42 34 de
546 496 301 46 betänkligheter,
864 511 73 22 som
956 501 179 34 utskottet
1149 502 147 34 sålunda
1317 503 132 35 uttalat
1467 507 77 32 mot
1562 507 37 32 så
1618 506 211 46 ingripande

221 542 174 44 åtgärder,
424 556 76 22 som
528 547 185 34 motionen
741 560 100 22 avser
868 550 66 32 och
963 550 109 34 andra
1100 551 205 35 kammaren
1333 553 186 45 tillstyrkt,
1549 555 69 34 kan
1647 556 62 34 det
1727 557 103 34 emel-

220 591 115 44 lertid,
365 594 80 33 med
474 595 140 45 hänsyn
641 596 56 34 till
725 597 69 34 den
822 599 180 46 egenskap
1029 613 43 21 av
1100 601 9 33 i
1141 602 67 33 viss
1227 604 82 32 mån
1330 603 165 46 offentlig
1514 604 218 46 institution,
1753 619 75 22 som

220 642 254 47 utvecklingen
515 645 155 36 förlänat
710 647 462 49 hushållningssällskapen,
1215 652 114 46 enligt
1369 653 196 36 utskottets
1592 656 237 46 uppfattning

219 692 76 35 icke
337 705 81 23 vara
445 698 111 32 annat
583 699 45 32 än
656 698 180 44 önskvärt,
866 701 54 33 att
948 700 452 49 hushållningssällskapen
1428 704 132 35 inrätta
1587 706 55 45 sig
1669 707 92 34 efter
1784 706 43 36 de

217 742 178 36 allmänna
435 746 167 45 grunder,
645 760 76 22 som
750 752 58 31 äro
837 750 136 46 ägnade
1001 754 55 32 att
1082 752 137 35 förläna
1246 753 218 47 sällskapens
1491 757 243 44 organisation
1761 758 65 34 och

217 793 227 37 verksamhet
471 797 111 46 nödig
601 798 136 46 stadga,
767 800 66 34 och
861 804 84 31 enär
973 801 42 35 de
1044 803 10 32 i
1082 803 126 34 sådant
1235 805 174 34 avseende
1436 818 131 32 genom
1595 807 132 46 nådiga
1753 808 73 35 bre-

216 845 61 32 vet
304 844 69 35 den
401 846 46 34 28
477 846 151 37 oktober
657 850 97 34 1910
781 850 208 36 meddelade
1018 852 276 46 bestämmelser,
1325 855 115 45 enligt
1467 856 67 34 vad
1562 857 99 34 inom
1689 858 136 34 utskot-

215 895 54 32 tet
307 894 105 35 blivit
451 897 158 46 upplyst,
651 899 127 35 endast
816 901 222 36 beträffande
1079 905 51 32 tre
1158 904 405 48 hushållningssällskap
1591 907 154 35 kommit
1771 908 55 34 till

215 943 240 49 tillämpning,
497 948 101 35 torde
637 950 122 45 övriga
799 951 152 47 sällskap
992 953 86 34 böra
1117 955 182 34 omarbeta
1339 956 77 34 sina
1455 957 144 46 stadgar
1638 959 36 33 så
1702 960 54 32 att
1783 959 42 34 de

215 993 142 36 komma
397 996 10 33 i
449 1000 351 35 överensstämmelse
840 1002 81 35 med
949 1003 269 36 föreskrifterna
1245 1006 11 33 i
1284 1006 157 34 nämnda
1467 1007 123 46 kungl.
1620 1008 87 35 brev
1734 1011 92 33 samt

213 1045 217 36 underställa
457 1048 219 36 härutinnan
695 1052 201 45 uppgjorda
915 1053 134 46 förslag
1067 1054 137 46 Kungl.
1226 1055 126 46 Maj:ts
1370 1058 188 46 prövning.
1615 1059 19 33 I
1653 1071 172 23 samman-

214 1095 97 47 hang
351 1097 145 36 därmed
531 1111 104 34 synes
663 1100 62 35 det
751 1102 86 34 böra
864 1102 144 36 komma
1028 1104 114 35 under
1169 1107 258 45 övervägande,
1457 1108 179 35 huruvida
1662 1110 78 34 icke
1767 1111 57 34 be-

212 1146 103 34 rörda
354 1147 124 47 kungl.
521 1150 86 35 brev
634 1151 110 35 borde
777 1152 252 47 fullständigas
1056 1155 80 34 med
1160 1157 235 35 normerande
1422 1158 278 46 bestämmelser,
1729 1173 93 22 avse-

212 1196 89 35 ende
328 1199 54 33 att
408 1199 332 37 beslutanderätten
767 1203 12 34 i
805 1203 149 47 lämplig
982 1206 250 47 utsträckning
1258 1209 69 43 må,
1344 1208 62 34 där
1424 1209 200 47 sällskapen
1643 1212 37 33 så
1698 1211 121 45 önska,

213 1246 119 36 kunna
360 1250 221 36 överlämnas
609 1254 37 33 åt
672 1255 323 44 representationer
1022 1257 98 34 inom
1147 1257 211 47 sällskapen,
1383 1260 120 35 vidare
1531 1263 55 33 att
1611 1262 62 34 vid
1692 1263 129 34 fattan-

211 1297 61 35 det
311 1311 44 22 av
394 1300 119 36 beslut
552 1302 98 35 inom
683 1304 200 47 sällskapen
910 1305 227 37 kvalificerad
1164 1309 183 45 majoritet
1373 1312 58 33 må
1458 1311 124 35 kunna
1609 1313 174 35 erfordras
1809 1313 13 34 i

210 1350 111 33 större
350 1351 223 47 omfattning
600 1356 45 32 än
668 1353 124 47 kungl.
822 1355 126 36 brevet
974 1357 209 45 innehåller,
1213 1361 93 33 samt
1332 1360 172 48 slutligen
1531 1365 55 32 att
1603 1363 218 47 sällskapens

209 1397 119 36 beslut
366 1402 59 33 må
464 1402 122 35 kunna
625 1404 207 47 överklagas
859 1406 12 33 i
894 1407 92 34 vissa
1009 1408 109 34 andra
1145 1409 73 44 fall,
1249 1413 45 31 än
1322 1423 76 22 som
1421 1412 57 34 för
1503 1414 220 35 närvarande
1750 1414 71 35 kan

210 1460 66 34 äga
301 1462 90 22 rum.

344 1500 125 37 Under
495 1503 225 48 åberopande
748 1518 43 22 av
819 1507 68 34 vad
915 1507 148 36 sålunda
1091 1510 137 35 anförts
1255 1512 55 34 får
1337 1512 180 36 utskottet
1544 1514 199 46 hemställa,

342 1553 54 33 att
423 1553 111 35 första
561 1554 181 37 kammare
770 1558 113 34 måtte
910 1560 45 45 på
984 1559 61 35 det
1072 1562 71 33 sätt
1161 1562 141 35 biträda
1320 1563 110 35 andra
1449 1564 225 37 kammarens
1692 1567 12 34 i
1723 1570 96 32 ären-

208 1599 61 35 det
295 1601 137 37 fattade
459 1604 129 45 beslut,
618 1608 54 33 att
698 1607 112 35 första
837 1608 208 37 kammaren
1072 1611 167 46 beslutar,
1256 1615 54 33 att
1336 1614 192 47 riksdagen
1546 1616 12 34 i
1577 1616 168 36 skrivelse
1764 1617 56 36 till

207 1650 137 47 Kungl.
388 1653 108 48 Maj:t
536 1656 170 44 anhåller,
748 1660 54 32 att
838 1659 138 47 Kungl.
1020 1661 108 47 Maj:t
1167 1665 112 33 måtte
1307 1666 83 45 taga
1418 1666 114 35 under
1559 1668 258 46 övervägande,

206 1701 178 37 huruvida
419 1705 77 35 icke
537 1706 123 47 kungl.
704 1708 125 35 brevet
868 1722 44 22 av
940 1710 69 35 den
1038 1712 45 34 28
1112 1713 151 36 oktober
1292 1716 97 34 1910
1415 1716 66 35 bör
1508 1716 122 36 kunna
1657 1719 162 35 fullstän-

206 1751 100 46 digas
333 1753 11 34 i
372 1754 43 35 de
443 1758 212 44 avseenden,
685 1759 180 35 utskottet
883 1761 65 35 här
967 1774 92 22 ovan
1078 1764 129 35 anfört.

343 1805 207 37 Utskottets
576 1808 214 36 hemställan
816 1810 121 36 bifölls
964 1825 44 22 av
1035 1813 215 37 kammaren.

338 1856 105 35 Efter
482 1858 62 34 det
583 1861 55 33 att
672 1861 148 34 ärendet
838 1861 56 35 för
920 1876 51 32 ny
998 1863 221 48 behandling
1245 1867 231 36 återlämnats
1503 1869 57 35 till
1586 1869 110 36 andra
1723 1871 95 35 kam-

203 1917 121 23 maren
352 1907 65 34 föll
445 1908 126 47 frågan
598 1912 46 45 på
670 1911 111 35 andra
808 1911 225 38 kammarens
1059 1918 132 43 vägran
1218 1918 55 33 att
1291 1917 141 36 biträda
1451 1919 61 35 det
1530 1933 44 22 av
1593 1921 111 35 första
1723 1921 95 36 kam-

202 1968 122 23 maren
352 1958 139 36 fattade
518 1960 167 37 beslutet.

337 2059 73 34 Vid
453 2061 96 35 1915
590 2064 55 33 års
680 2064 146 46 riksdag
866 2065 64 35 har
957 2066 171 47 slutligen
1161 2068 82 35 herr
1269 2069 152 37 Linders
1449 2073 56 34 för
1532 2074 114 46 tredje
1673 2076 144 45 gången

204 2110 166 46 upptagit
397 2110 127 47 frågan
551 2112 11 35 i
590 2125 45 23 en
653 2113 99 36 inom
780 2115 109 36 andra
916 2116 207 37 kammaren
1152 2119 105 35 väckt
1283 2122 140 35 motion
1450 2123 55 35 till
1534 2124 192 47 ordalagen
1744 2125 73 35 lika

201 2159 155 46 lydande
401 2162 83 34 med
525 2162 70 36 den
628 2177 44 22 av
700 2166 136 35 honom
864 2167 61 35 vid
956 2169 96 34 1914
1079 2171 55 34 års
1161 2170 196 49 A-riksdag
1400 2174 129 35 väckta
1555 2188 84 22 men
1667 2176 45 35 då
1737 2177 79 36 icke

201 2210 222 36 behandlade
450 2214 196 35 motionen.

334 2262 128 36 Denna
478 2265 149 45 motion,
649 2278 75 23 som
744 2268 96 35 såväl
860 2268 55 35 till
934 2270 96 46 syfte
1050 2283 76 23 som
1145 2274 227 45 synpunkter
1389 2275 12 35 i
1421 2276 61 35 det
1501 2278 198 47 väsentliga
1719 2283 95 32 över-

1855 2065 71 27 1915
1944 2064 50 28 års

1862 2108 129 34 riksdag.
