2137 2593
707 169 271 30 Stats-Utskottets
1006 170 167 30 Utlåtande
1199 171 58 29 N:o
1280 171 93 41 205a.
1738 176 37 27 59

618 259 58 32 må
719 254 58 37 för
817 260 40 32 år
900 258 93 36 1875
1037 258 144 36 anvisas
1222 263 53 31 ett
1312 264 105 31 extra
1458 261 128 48 anslag
1634 261 39 37 af
1706 264 109 43 5,800

616 307 147 36 kronor.

352 411 92 33 87:0.
498 408 16 35 I
554 409 120 36 likhet
715 409 84 35 med
834 410 94 35 hvad
958 410 58 36 vid
1045 411 89 35 flera
1161 410 218 48 föregående
1408 413 191 48 riksdagar
1628 420 62 42 egt
1717 429 94 32 rum,

217 459 55 35 får
300 458 203 46 Utskottet,
532 463 47 45 på
606 466 73 29 sätt
707 460 130 48 Kongl.
866 460 103 48 Maj:t
996 460 201 50 föreslagit,
1224 463 191 49 tillstyrka,

619 517 54 30 att
711 510 57 37 för
808 511 237 38 anskaffande
1087 514 38 35 af
1161 514 362 49 originalmålningar
1556 516 45 45 af
1625 521 119 32 växter
1771 532 42 22 ur

619 562 159 49 Sveriges
807 564 92 46 flora
942 565 67 34 och
1051 564 217 47 utgifvande
1298 565 38 36 af
1359 566 207 49 teckningar
1593 569 85 44 utaf
1701 569 111 36 zoolo-

613 614 103 48 giska
748 614 164 49 föremdl
940 619 115 32 måtte
1083 615 58 36 för
1167 620 40 32 år
1238 619 92 34 1875
1361 618 143 35 anvisas
1533 623 53 31 ett
1614 625 105 30 extra
1747 633 65 23 an-

616 666 78 47 slag
723 666 37 35 af
786 668 106 42 1,200
920 666 145 36 kronor.

349 769 96 34 88:o.
500 768 128 48 Enligt
656 769 99 35 hvad
785 770 11 34 i
825 770 432 48 statsråds-protokollet
1284 772 118 35 finnes
1431 772 254 46 omförmäldt,
1715 774 95 37 hade

213 818 488 49 Vetenskaps-akademien,
742 820 120 36 under
902 821 235 49 åberopande
1166 822 39 36 af
1230 823 61 35 det
1318 824 222 47 tilltagande
1567 824 179 37 behofvet
1774 826 40 35 af

214 871 115 35 ökadt
356 876 189 43 utrymme
574 869 57 37 för
659 871 62 35 det
749 872 121 35 under
885 872 139 36 hennes
1040 874 175 35 inseende
1231 874 135 35 ställda
1381 875 317 37 naturhistoriska
1713 877 95 36 riks-

213 928 162 29 museets
417 922 203 48 samlingar
661 923 70 35 och
763 922 60 36 för
849 923 299 48 tillgodoseende
1172 926 139 47 jemväl
1339 925 40 36 af
1403 926 127 46 andra,
1560 927 84 35 med
1673 928 136 36 akade-

212 973 118 35 miens
363 973 239 35 verksamhet
643 974 366 48 sammanhängande
1038 975 182 45 ändamål,
1249 977 11 34 i
1288 977 236 49 underdånig
1551 978 194 36 skrifvelse
1773 979 40 36 af

212 1024 72 35 den
328 1025 43 34 12
413 1023 98 36 Mars
543 1026 92 34 1873
666 1025 168 44 anhållit,
864 1030 53 30 att
945 1026 113 48 nådig
1086 1028 237 47 proposition
1351 1031 115 32 måtte
1494 1029 128 36 aflåtas
1649 1030 59 35 till
1737 1030 69 36 den

211 1075 47 35 då
285 1074 227 36 församlade
539 1075 213 48 Riksdagen
781 1076 191 47 angående
997 1078 202 35 anvisande
1227 1077 39 36 af
1291 1084 53 29 ett
1372 1080 139 48 anslag,
1532 1085 97 30 stort
1650 1083 158 42 250,000

210 1125 102 45 R:dr,
353 1125 60 35 för
452 1126 116 47 inköp
611 1125 39 36 af
684 1126 70 35 den
795 1127 95 34 midt
918 1133 100 29 emot
1046 1128 235 36 akademiens
1309 1131 216 34 nuvarande
1554 1132 69 34 hus
1651 1132 158 48 belägna

210 1176 184 49 egendom
435 1177 12 34 i
485 1182 189 42 qvarteret
703 1176 232 37 Grönlandet
963 1179 122 44 södra,
1114 1182 47 45 på
1189 1180 62 35 det
1279 1185 54 30 att
1362 1179 246 51 erforderliga
1634 1183 174 49 nybygg-

209 1227 117 36 nader
366 1227 60 35 för
467 1228 238 35 akademiens
746 1229 159 48 räkning
946 1233 114 32 måtte
1100 1231 126 35 kunna
1267 1235 46 44 på
1343 1232 120 35 denna
1489 1234 198 47 tomtplats
1716 1234 92 35 efter

208 1278 102 35 hand
337 1278 194 48 uppföras.
585 1279 130 35 Denna
742 1278 279 51 framställning
1047 1282 125 35 kunde
1201 1283 207 35 emellertid
1436 1284 81 35 icke
1545 1284 120 36 under
1685 1285 46 35 då
1746 1298 61 23 va-

207 1329 116 36 rande
351 1329 263 36 förhållanden
642 1329 195 36 föranleda
866 1332 56 34 till
950 1335 123 45 någon
1100 1332 135 49 Kongl.
1265 1333 121 48 Maj:ts
1415 1335 143 48 åtgärd,
1579 1336 98 35 helst
1697 1336 111 36 Riks-

207 1380 121 48 dagen
356 1394 66 22 var
449 1381 106 48 långt
582 1380 262 46 framskriden,
873 1390 67 27 när
967 1382 130 49 frågan
1125 1383 96 36 först
1249 1385 124 36 kunde
1401 1384 187 51 företagas
1616 1388 59 34 till
1691 1388 115 48 nådig

207 1430 191 50 pröfning.

333 1482 218 36 Sedermera
579 1483 95 36 hade
702 1483 474 49 Vetenskaps-akademien
1203 1487 55 34 uti
1288 1486 193 37 skrifvelse
1509 1488 70 35 den
1597 1491 18 32 7
1633 1489 172 37 sistlidne

205 1532 213 37 November
458 1534 11 34 i
510 1534 301 48 underdånighet
851 1534 152 50 förnyat
1039 1537 56 34 sin
1135 1537 160 35 berörda
1323 1538 221 36 hemställan
1573 1540 70 34 och
1673 1540 130 36 dervid

205 1584 197 49 redogjort
441 1583 60 37 för
541 1585 45 36 de
627 1586 183 35 särskilda
841 1585 273 47 förhållanden,
1144 1588 128 36 hvilka
1300 1589 75 35 hon
1404 1595 121 30 ansett
1552 1591 179 36 innebära
1759 1606 44 22 en

204 1634 142 50 kraftig
387 1637 153 48 maning
579 1635 60 37 för
671 1637 120 35 henne
819 1643 54 29 att
901 1637 95 37 fästa
1023 1640 380 47 uppmärksamheten
1433 1644 46 45 på
1507 1655 43 22 en
1579 1644 223 48 angelägen-

205 1687 75 44 het,
322 1700 81 22 som
436 1686 60 36 för
528 1688 241 35 riksmuseets
798 1688 93 35 både
920 1690 215 35 nuvarande
1164 1691 69 35 och
1261 1690 178 37 framtida
1466 1694 237 36 verksamhet
1731 1696 70 35 och

203 1737 196 36 förkofran
427 1751 90 23 vore
546 1737 39 36 af
610 1738 71 36 den
709 1744 138 30 största
873 1740 91 47 vigt.

330 1788 123 36 Bland
494 1789 45 36 de
579 1794 150 40 tomter,
775 1803 80 22 som
894 1789 60 36 för
995 1790 248 37 omförmälda
1278 1793 370 48 byggnadsändamål
1676 1795 125 37 blifvit

203 1839 220 50 ifrågasatta
465 1841 70 34 och
576 1840 240 45 undersökta,
844 1840 146 45 funnes,
1020 1842 117 47 enligt
1166 1842 235 37 akademiens
1430 1845 106 48 åsigt,
1565 1846 112 48 ingen
1705 1848 11 34 i
1745 1847 55 36 af-

204 1891 134 36 seende
380 1894 47 44 på
466 1891 83 48 läge
591 1892 69 34 och
704 1890 121 50 öfriga
866 1893 228 47 egenskaper
1126 1894 219 48 lämpligare
1374 1903 45 27 än
1448 1895 63 36 det
1538 1897 98 35 blott
1663 1911 137 35 genom

204 1941 119 36 Adolf
359 1942 177 35 Fredriks
577 1942 211 49 kyrkoplan
828 1941 83 37 från
952 1943 237 37 akademiens
1226 1946 215 35 nuvarande
1481 1947 170 36 hustomt
1678 1950 122 35 skilda

204 1999 188 41 qvarteret
422 1991 232 38 Grönlandet
682 1993 122 44 södra,
833 1994 119 35 under
981 1994 324 37 adressnummern
1325 1998 44 34 92
1389 1997 64 35 vid
1468 1997 330 51 Drottninggatan.

202 2043 16 35 I
263 2045 57 34 sin
360 2044 128 35 helhet
528 2044 100 35 hölle
669 2044 122 36 denna
830 2046 196 46 tomtplats
1067 2059 50 21 nu
1145 2047 11 34 i
1185 2060 84 22 area
1297 2049 130 42 52,731
1459 2049 226 47 qvadratfot,
1714 2065 84 23 men

203 2095 131 44 skulle,
376 2095 117 48 enligt
534 2094 39 36 af
609 2094 239 37 Stockholms
883 2095 339 50 stadsfullmäktige
1249 2097 139 37 fattadt
1416 2100 133 45 beslut,
1577 2102 221 37 inskränkas

201 2146 60 35 till
296 2147 132 44 47,572
459 2145 215 48 gvadratfot
702 2146 229 49 derigenom,
960 2153 54 29 att
1044 2147 70 36 den
1143 2154 79 30 mot
1250 2149 109 36 söder
1387 2152 257 47 angränsande
1672 2159 123 43 gatan,

202 2196 120 36 Adolf
359 2197 174 36 Fredriks
575 2197 111 36 södra
725 2198 220 49 kyrkogata,
985 2199 149 36 komme
1175 2205 54 30 att
1256 2201 174 49 utvidgas
1456 2201 83 37 från
1567 2203 84 37 dess
1679 2218 117 23 nuva-

1848 425 116 27 Angående
1982 436 38 13 an-

1831 464 47 22 slag
1892 462 39 26 för
1944 462 89 27 anskaf-

1827 497 69 24 fande
1920 499 26 23 af
1966 499 65 22 origi-

1831 527 163 28 nalmålningar
2008 533 28 24 af

1832 563 73 20 växter
1923 571 26 12 ur
1963 566 68 18 Sveri-

1832 604 33 17 ges
1879 599 63 24 flora
1956 605 27 14 m.
2002 605 27 14 m.

1843 788 114 28 Angående
1978 799 38 13 an-

1838 828 46 21 slag
1908 827 32 18 till
1957 827 64 25 inköp

1830 862 27 23 af
1877 866 23 13 en
1924 863 50 16 tomt
1991 861 38 25 för

1835 895 134 24 Vetenskaps-
1976 896 52 18 aka-

1845 929 90 18 demiens
1958 929 50 19 råäk-

1898 963 59 23 ning,
