2218 2652
516 171 215 29 Sammansatta
754 170 91 29 Stats-
868 170 50 29 och
941 170 253 29 Bankoutskottets
1217 170 153 29 Memorial
1392 170 57 29 N:o
1473 171 28 28 9.
1773 170 36 28 13

412 947 12 14 vf

609 247 46 37 de
694 247 167 46 verkliga
900 246 203 47 utgifterna
1128 246 60 37 för
1213 259 140 24 samma
1379 246 66 45 tid,
1472 246 195 37 utvisande
1694 245 117 38 öfver-

609 299 101 35 skott
736 299 88 35 eller
850 298 93 37 brist
968 297 49 49 på
1042 298 128 48 hvarje
1196 298 80 36 titel
1303 297 69 36 och
1398 297 49 47 på
1473 296 62 38 det
1559 298 94 36 hela.

709 348 118 37 Finna
852 349 230 36 revisorerna
1107 348 116 48 något
1248 347 41 37 af
1310 347 212 49 Riksdagen
1546 347 188 37 faststäldt
1752 360 60 23 an-

609 401 81 45 slag
729 413 89 23 vara
852 398 246 38 öfverskridet
1133 400 89 35 eller
1248 399 129 46 draget
1403 399 59 36 till
1489 404 114 31 annat
1630 397 182 46 ändamål,

609 458 46 29 än
684 450 62 37 det
772 449 41 37 af
836 450 211 48 Riksdagen
1073 449 232 46 föreskrifna,
1332 450 89 36 eller
1448 450 68 35 ock
1534 449 144 47 något
1659 444 19 58 i
1702 448 111 47 öfrigt

608 501 64 36 vid
711 500 280 49 förvaltningen
1024 506 55 30 att
1106 501 130 45 erinra,
1264 501 88 36 eller
1379 508 41 28 är
1446 500 111 36 sådan
1585 500 228 49 upplysning

610 553 91 35 eller
737 551 191 48 handling,
965 551 70 36 den
1062 552 238 44 revisorerna,
1328 564 61 23 om
1418 551 69 35 ock
1514 551 72 36 den
1613 551 81 36 icke
1720 549 94 37 afser

609 601 268 43 revisionsåret,
905 602 115 37 likväl
1046 602 250 49 uttryckligen
1322 601 182 37 förklarat
1522 602 57 35 sin
1597 602 144 35 önskan
1759 606 54 30 att

611 652 150 45 erhålla,
800 652 234 47 vederbörlig
1074 653 160 46 begäran
1269 652 162 45 oaktadt,
1459 652 78 36 icke
1563 651 141 38 vorden
1731 651 83 36 dem

609 702 206 45 meddelad,
856 704 90 35 eller
984 702 167 37 förmena
1186 704 228 35 revisorerna
1446 702 47 49 på
1519 708 116 30 annat
1661 708 72 30 sätt
1758 703 56 35 sin

609 754 177 46 rättighet
824 753 120 37 såsom
985 753 228 47 Riksdagens
1254 753 140 37 ombud
1427 752 59 37 för
1511 761 91 28 nära
1628 752 120 44 trädd,
1775 752 40 36 så

610 805 105 35 skola
756 804 45 37 de
840 804 133 36 sådant
1012 805 66 35 allt
1113 806 11 34 i
1152 817 140 23 samma
1319 805 195 35 berättelse
1541 804 179 36 anmärka
1746 803 68 36 och

610 854 235 46 fullständigt
872 854 193 37 utlåtande
1092 856 11 35 i
1131 860 124 31 ämnet
1281 854 149 47 afgifva.

983 959 65 33 2:0.

310 1039 131 37 Derest
475 1040 195 36 kamrarne
705 1040 119 36 skulle
851 1053 86 24 enas
965 1053 60 23 om
1052 1054 52 36 ny
1131 1041 227 36 instruktion
1386 1039 59 37 för
1471 1039 230 46 Riksdagens
1727 1040 89 35 revi-

209 1102 110 33 sorer,
356 1089 108 38 torde
502 1090 130 37 Andra
671 1090 241 37 Kammarens
952 1092 122 35 beslut
1112 1091 66 37 vid
1212 1104 109 24 mom.
1357 1088 43 49 b)
1432 1091 12 35 i
1471 1095 265 31 sammansatta
1762 1095 55 30 ut-

212 1141 154 36 skottets
406 1140 191 38 utlåtande
636 1154 60 23 n:o
738 1146 19 32 5
794 1140 38 38 få
865 1154 104 24 anses
1001 1142 98 46 gälla
1126 1142 72 36 den
1225 1142 41 37 af
1287 1141 212 46 Riksdagen
1525 1141 192 36 beslutade
1743 1154 74 37 nya

212 1192 283 36 instruktionen.

313 1274 215 37 Stockholm
556 1275 70 36 den
657 1279 20 33 3
708 1276 70 47 maj
814 1279 103 34 1893.

597 1426 52 36 På
676 1426 62 37 det
764 1432 263 31 sammansatta
1053 1428 197 35 utskottets
1276 1434 156 39 vägnar:

754 1543 40 38 G.
834 1544 33 37 S
908 1529 371 52 ÅKERHIELM.

850 1796 339 36 Reservation:

316 1895 40 37 af
379 1896 85 36 herr
490 1894 155 38 friherre
672 1883 222 50 Åkerhielm:

316 1946 71 36 »Då
409 1947 66 47 jag
501 1947 79 36 icke
607 1959 107 23 anser
740 1946 70 37 den
837 1946 226 48 inbjudning
1089 1948 58 35 till
1175 1948 185 47 qvittning
1388 1949 101 35 olika
1511 1948 311 37 kammarebeslut

218 1998 166 43 emellan,
424 2009 80 23 som
543 1995 41 37 af
621 1997 179 36 utskottet
838 1997 211 45 framstälts,
1083 2011 91 22 vara
1201 2011 44 23 en
1272 1999 361 47 sammanjemkning
1661 1999 40 36 af
1724 2000 98 45 skilj-

217 2047 125 45 aktiga
367 2048 123 36 beslut
516 2046 111 37 sådan
655 2047 231 48 grundlagen
910 2046 106 46 afser,
1034 2048 68 35 har
1115 2048 66 47 jag
1198 2049 79 36 icke
1295 2049 147 35 kunnat
1462 2049 144 36 biträda
1624 2050 198 36 utskottets

219 2096 307 46 framställning»>.

321 2276 62 25 Bih.
402 2276 45 25 till
463 2276 96 27 HRiksd.
579 2276 73 26 Prot.
676 2276 84 26 1893.
795 2277 16 25 4
831 2277 87 26 Saml.
953 2278 20 24 2
991 2277 68 33 Afd.
1095 2277 19 26 9
1136 2278 78 33 Hift.
1710 2279 16 24 3
