1872 2806
279 177 18 28 2
735 170 274 29 Bankoutskottets
1030 169 157 27 utlåtande
1208 178 35 18 nr
1265 169 45 27 63.

324 252 431 33 Levnadskostnadsindex
776 252 64 30 har
861 251 103 30 sedan
988 251 67 29 den
1079 251 13 28 1
1118 249 143 30 oktober
1285 249 82 29 1942
1391 248 127 37 utgjort
1544 247 70 29 153.
1649 244 119 39 Någon

280 299 187 38 anledning
481 298 51 30 till
549 298 129 29 allmän
694 296 207 38 omräkning
918 305 41 20 av
975 295 44 30 de
1034 295 9 29 i
1060 292 444 40 statsverkspropositionen
1521 294 176 36 upptagna
1713 291 55 29 be-

281 346 126 37 loppen
425 345 65 29 har
508 342 144 31 sålunda
672 343 77 29 icke
768 342 172 37 förelegat.

107 458 148 25 Utskottet.
309 429 12 58 .
327 441 77 30 Med
421 439 205 31 biträdande
643 448 41 21 av
705 438 123 39 Kungl.
850 437 116 39 Maj:ts
985 436 227 31 förevarande
1232 435 129 38 förslag
1379 433 197 31 hemställer
1596 433 174 33 utskottet,

634 550 49 27 att
704 547 184 38 riksdagen
908 544 57 31 må
986 544 20 31 å
1027 544 257 38 driftbudgeten
1304 543 110 29 under
1436 542 97 29 tolfte
1553 540 218 30 huvudtiteln

592 600 54 30 för
662 599 203 40 budgetåret
885 595 142 34 1943/44
1045 598 119 30 anvisa

634 652 31 40 a)
696 652 52 31 till
776 650 196 40 Kristillägg
1001 650 21 31 å
1049 650 183 39 pensioner
1259 649 58 31 vid
1345 648 56 31 det
1430 647 136 39 statliga
1595 647 176 38 pensions-

592 706 163 31 väsendet
775 708 49 28 ett
843 703 268 40 förslagsanslag
1135 713 41 21 av
1197 704 20 29 6
1230 703 66 30 000
1309 702 65 30 000
1393 702 142 35 kronor;

635 759 33 40 b)
699 759 53 31 till
784 758 194 39 Kristillägg
1012 757 20 31 å
1063 757 181 39 pensioner
1277 755 58 31 vid
1365 755 57 31 det
1453 752 321 32 statsunderstödda

591 812 327 40 pensionsväsendet
936 815 48 27 ett
1004 810 269 39 förslagsanslag
1294 819 42 20 av
1356 810 19 29 4
1390 809 63 30 700
1466 809 64 29 000
1550 809 137 29 kronor.

331 922 199 31 Stockholm
551 923 65 29 den
640 921 39 29 10
700 921 75 38 juni
799 921 90 29 1943.

757 1026 50 31 På
830 1026 302 30 bankoutskottets
1159 1025 143 38 vägnar:

807 1097 179 31 HARALD
1005 1091 247 36 ÅKERBERG.

330 1352 56 27 Vid
405 1350 195 28 förestående
621 1349 130 28 ärendes
774 1347 250 34 slutbehandling
1045 1347 84 27 inom
1152 1345 148 28 utskottet
1321 1345 80 27 hava
1423 1344 138 27 närvarit

330 1414 70 27 från
420 1413 148 28 första
587 1412 196 27 kammaren:
805 1411 107 26 herrar
931 1404 166 38 Åkerberg,
1118 1408 150 33 Sundvik,
1288 1407 134 35 Sylwan,
1443 1406 148 33 Leander,
1613 1404 166 34 Lindbärg,

291 1459 104 26 Nisser
416 1459 59 26 och
496 1457 145 34 Elofsson
663 1457 9 26 i
692 1456 58 31 Vä;

331 1537 71 28 från
424 1538 138 28 andra
585 1536 195 27 kammaren:
805 1535 107 27 herrar
934 1534 176 27 Andersson
1135 1534 7 26 i
1167 1532 202 34 Falkenberg,
1391 1531 35 26 K.
1450 1531 32 26 4.
1510 1530 165 33 Westman,
1699 1529 81 32 Hall,

291 1582 171 34 Sundberg,
483 1581 124 27 Nilsson
630 1582 4 26 i
656 1579 214 31 Landskrona,
890 1578 183 34 Malmborg,
1096 1577 121 34 Wiberg
1237 1577 59 26 och
1318 1575 169 27 Molander.

329 1661 13 15 +
363 1661 34 32 Ej
416 1660 179 25 närvarande
614 1659 45 26 vid
678 1658 174 25 utlåtandets
871 1656 145 32 justering.

721 2533 237 26 Centraltryckeriet,
980 2533 91 21 Esselte
1091 2532 36 22 ab.
1148 2532 139 21 Stockholm
1308 2530 51 22 1943

987 2571 104 23 342504
