1920 2852
112 856 130 23 Utskottet.

341 182 18 30 2
676 181 395 32 Jordbruksutskottets
1102 181 187 32 utlåtande
1321 182 53 31 Nr
1397 182 51 30 26.

339 268 52 30 att
413 267 279 36 köpeskillingen
715 266 121 36 gäldas
853 267 13 30 i
881 266 67 32 den
971 266 150 37 ordning
1145 267 162 36 gällande
1330 268 153 35 grunder
1506 268 54 31 för
1583 269 213 36 upplåtande

297 330 44 20 av
365 319 388 36 egnahemslägenheter
777 318 80 31 från
880 318 317 37 kronoegendomar
1220 319 185 36 innefatta,

339 372 52 30 att
425 371 206 36 föreningen
665 380 120 22 ensam
818 380 168 21 ansvarar
1020 371 54 30 för
1101 370 71 31 alla
1194 371 77 31 med
1295 371 172 32 områdets
1490 372 220 36 avskiljande
1733 373 63 31 och

297 423 130 36 lagfart
454 424 21 29 å
504 423 121 36 fånget
658 422 162 31 förenade
855 422 193 36 kostnader,
1071 423 92 30 samt

340 475 52 30 att
414 475 109 36 gator,
547 484 74 21 som
643 474 168 36 anläggas
835 475 21 30 å
880 474 163 36 området,
1067 474 163 36 upplåtas
1255 475 56 30 till
1334 475 151 31 allmänt
1509 476 241 36 begagnande;

341 527 32 37 b)
397 527 92 36 eller,
521 526 111 32 därest
665 526 166 31 områdets
865 526 206 36 försäljning
1095 526 13 31 i
1131 526 108 31 odelat
1262 527 94 31 skick
1379 527 30 37 ej
1434 527 152 31 kommer
1608 528 55 30 till
1686 527 110 37 stånd,

297 579 139 32 tomtvis
448 597 39 3 —
499 579 82 31 dock
594 578 74 32 med
679 579 121 35 tillägg
820 588 44 21 av
880 578 241 37 gatuområden
1133 597 39 3 —
1183 579 110 37 enligt
1308 579 160 37 gällande
1484 579 149 37 grunder
1649 580 52 30 för
1716 590 81 26 upp-

298 631 136 32 låtande
467 641 44 21 av
542 631 376 36 egnahemslägenheter
952 631 76 30 från
1055 631 312 37 kronoegendomar
1398 633 88 30 samt
1508 632 75 31 med
1606 631 192 37 skyldighet

298 684 52 31 för
373 684 124 36 köpare
519 684 50 30 att
591 683 54 31 till
668 683 217 36 begagnande
909 684 106 30 såsom
1040 684 78 36 gata
1142 684 123 31 avstå
1254 679 18 46 i
1288 685 236 35 lägenheterna
1547 684 173 37 ingående,
1744 684 54 31 för

299 736 117 32 sådant
440 736 158 31 ändamål
621 735 121 31 avsedd
765 736 107 31 mark.

340 840 53 31 Då
428 840 170 31 utskottet
633 840 74 31 icke
741 840 123 31 funnit
898 839 191 36 anledning
1124 840 57 30 till
1210 840 143 31 erinran
1382 841 72 30 mot
1478 820 319 61 framställningen,

298 892 202 31 hemställer
523 892 178 36 utskottet,

739 998 53 30 att
815 996 189 36 riksdagen
1028 997 58 30 må
1109 996 172 37 medgiva,
1306 997 63 34 att,
1394 996 104 31 sedan
1521 996 81 31 från
1626 996 66 31 den
1715 1006 25 21 s.
1765 997 33 30 k.

696 1048 314 36 Hospitalsgården
1033 1048 184 31 bestående
1241 1058 44 20 av
1310 1048 152 31 lotterna
1485 1048 70 31 litt.
1578 1047 44 37 A,
1639 1047 39 36 B,
1694 1046 26 32 C
1736 1048 64 31 och

697 1100 28 30 G
758 1110 45 20 av
838 1100 324 36 kronoegendomen
1197 1099 38 41 ”/;
1260 1100 136 31 mantal
1420 1099 91 31 Lilla
1534 1099 99 37 Råby
1658 1110 42 20 nr
1723 1100 39 31 16
1788 1100 13 30 i

697 1151 119 31 Lunds
840 1151 312 36 landsförsamling
1175 1162 45 20 av
1243 1151 201 31 Malmöhus
1467 1152 60 31 län
1543 1151 185 32 frånskilts
1744 1152 58 31 det

697 1205 20 29 å
750 1203 400 32 distriktslantmätaren
1183 1203 79 31 Nils
1296 1203 40 31 R.
1371 1203 218 37 Appelgrens
1621 1204 15 32 i
1660 1204 142 31 ärendet

697 1255 178 31 företedda
899 1256 102 30 karta
1023 1255 78 31 med
1118 1255 205 36 ägofiguren
1340 1265 43 20 nr
1400 1256 39 30 20
1456 1255 180 31 utmärkta
1653 1255 148 36 område,

740 1307 73 31 dels
836 1308 51 30 ett
911 1307 138 31 område
1073 1317 55 21 om
1153 1308 71 30 0.25
1251 1307 124 31 hektar
1399 1317 44 20 av
1460 1307 220 36 ägofigurens
1697 1316 105 21 norra

699 1359 54 31 del
785 1360 57 29 må
865 1359 58 31 till
947 1359 149 31 svenska
1121 1359 494 36 sockerfabriksaktiebolaget
1639 1359 163 36 försäljas

699 1412 70 30 mot
802 1421 44 21 en
869 1411 238 36 köpeskilling
1130 1421 45 20 av
1199 1411 94 36 4,375
1317 1411 130 31 kronor
1470 1411 51 30 att
1544 1410 62 31 vid
1630 1410 173 32 tillträdet

700 1463 149 31 kontant
873 1463 160 36 erläggas
1050 1462 58 31 till
1124 1462 252 37 länsstyrelsen
1392 1463 13 30 i
1420 1462 198 31 Malmöhus
1636 1462 59 31 län
1712 1463 90 30 samt

699 1515 112 31 under
843 1515 132 31 villkor
999 1515 12 30 i
1034 1514 120 37 övrigt
1175 1515 52 30 att
1250 1514 138 36 bolaget
1412 1514 194 31 vidkännes
1630 1515 72 30 alla
1725 1514 78 31 med

699 1566 172 32 områdets
910 1566 221 37 avskiljande
1167 1566 63 31 och
1263 1566 134 36 lagfart
1430 1567 21 29 å
1484 1566 121 36 fånget
1639 1565 164 32 förenade

698 1618 198 37 kostnader,

740 1670 73 32 dels
846 1670 65 32 ock
942 1670 218 31 återstående
1183 1670 100 31 delen
1306 1679 45 21 av
1375 1669 154 31 nämnda
1552 1669 159 36 ägofigur
1735 1670 67 36 må,

698 1723 54 30 för
774 1722 213 37 upplåtande
1003 1732 45 21 av
1064 1721 344 36 bostadslägenheter
1424 1722 13 30 i
1453 1721 239 37 huvudsaklig
1707 1724 96 29 över-

699 1774 259 31 ensstämmelse
1001 1773 76 32 med
1121 1774 12 30 i
1175 1773 381 36 statsrådsprotokollet
1595 1773 208 31 omförmäld

699 1826 303 37 styckningsplan,
1026 1825 164 37 försäljas

741 1875 33 37 a)
809 1878 173 36 antingen
1016 1878 13 30 i
1062 1877 115 31 odelat
1200 1877 98 31 skick
1323 1877 58 31 till
1405 1877 398 37 egnahemsföreningen

699 1930 154 36 Höjebro
889 1940 33 21 u.
946 1940 31 26 p.
1001 1940 30 20 a.
1056 1929 85 31 eller
1164 1939 118 21 annan
1306 1929 354 37 egnahemsförening
1683 1930 54 30 för
1760 1939 43 21 en

700 1981 237 37 köpeskilling
970 1992 44 20 av
1049 1982 118 35 74,000
1200 1981 129 30 kronor
1364 1982 90 30 samt
1487 1981 111 31 under
1633 1981 129 30 villkor
1791 1981 12 30 i

699 2034 119 36 övrigt

742 2086 51 31 att
832 2085 280 37 köpeskillingen
1152 2084 118 37 gäldas
1306 2084 13 30 i
1353 2084 67 31 den
1454 2084 151 36 ordning
1641 2084 162 36 gällande

699 2137 154 37 grunder
887 2138 55 31 för
976 2136 214 37 upplåtande
1223 2146 44 21 av
1301 2136 390 37 egnahemslägenheter
1724 2136 79 30 från

700 2190 319 36 kronoegendomar
1042 2188 185 36 innefatta,

742 2243 52 30 att
817 2242 207 35 föreningen
1046 2250 121 22 ensam
1190 2250 169 21 ansvarar
1380 2240 54 31 för
1450 2240 70 30 alla
1536 2239 78 32 med
1631 2239 172 32 områdets

700 2294 222 36 avskiljande
957 2293 62 32 och
1053 2293 134 35 lagfart
1220 2293 20 29 å
1274 2292 121 36 fånget
1419 2291 162 32 förenade
1606 2291 196 35 kostnader,

700 2347 91 30 samt

743 2399 52 30 att
819 2398 111 35 gator,
954 2407 73 21 som
1050 2396 167 37 anläggas
1241 2397 21 30 å
1285 2395 167 36 området,
1476 2396 163 35 upplåtas
1660 2394 56 31 till
1740 2394 62 31 all-

702 2451 98 30 mänt
822 2448 241 37 begagnande;
