2201 2641
711 156 249 33 Statsutskottets
988 157 167 33 Utlåtande
1185 158 53 32 Nr
1261 159 50 32 10.
1722 164 41 32 45

340 230 543 50 Löneregleringskommittén
908 234 141 37 erinrar
1068 236 139 49 vidare,
1229 244 55 31 att
1304 239 71 37 den
1396 240 182 37 särskilda
1597 237 209 60 kommitté,

213 295 79 23 som
325 283 155 49 nyligen
510 284 151 48 afgifvit
689 285 142 49 förslag
859 286 56 36 till
943 286 171 38 definitiv
1142 290 280 51 lönereglering
1450 307 48 22 m.
1529 307 48 23 m.
1607 294 58 37 för
1692 297 114 36 medi-

212 334 293 50 cinalstyrelsen,
548 343 134 42 ansett,
725 343 54 31 att
820 338 71 37 den
933 339 160 37 skillnad
1122 342 12 35 i
1163 342 168 50 aflöning
1360 347 20 34 å
1408 350 85 43 stat,
1522 359 81 24 som
1632 361 51 23 nu
1711 349 97 38 före-

210 386 120 37 finnes
358 388 136 36 mellan
523 389 279 38 ofvannämnda
830 394 64 33 två
920 397 104 31 utom
1053 395 333 48 normalgraderna
1415 398 134 36 ställda
1568 395 237 59 tjänstemän,

210 452 45 22 en
283 440 145 36 notarie
456 447 97 30 samt
580 442 248 47 registratorn
857 444 69 35 och
955 444 208 50 aktuarien,
1192 448 81 36 icke
1301 449 68 36 bör
1396 449 217 49 bibehållas,
1640 458 92 31 utan
1752 460 54 30 att

209 490 109 37 dessa
358 491 258 50 befattningar
643 494 12 36 i
685 494 401 49 aflöningshänseende
1128 498 91 37 böra
1259 501 181 37 likställas
1482 503 84 36 med
1594 504 211 39 hvarandra

209 543 69 36 och
307 544 86 36 med
422 545 122 48 öfriga
572 546 12 35 1
612 546 118 37 första
757 548 289 48 normalgraden
1076 551 133 37 ställda
1237 553 237 48 tjänstemän.

311 596 541 50 Löneregleringskommittén
895 600 68 36 har
994 602 85 35 med
1109 604 84 35 stöd
1221 605 110 36 häraf
1354 606 200 49 hemställt,
1585 614 54 30 att
1666 610 138 48 ifråga-

206 648 165 36 varande
412 652 62 33 två
515 650 392 49 befattningshafvare
949 656 115 34 måtte
1101 655 64 36 vid
1194 670 45 22 en
1268 658 232 48 provisorisk
1527 660 279 52 lönereglering

207 700 140 36 erhålla
374 702 212 48 respektive
617 704 110 46 1,200
757 704 69 36 och
855 705 73 36 800
957 705 158 37 kronors
1146 707 337 53 aflöningstillägg.
1528 711 144 38 Genom
1697 714 106 37 bifall

206 751 127 36 härtill
366 753 120 37 skulle
513 754 114 37 redan
656 755 58 36 för
741 759 40 33 år
811 758 95 35 1911
938 757 71 38 den
1038 759 170 48 åsyftade
1235 761 294 49 likställigheten
1557 764 12 35 i
1599 761 204 58 aflönings-

205 803 213 38 hänseende
445 805 118 37 blifva
591 808 245 48 åvägabragt.

335 856 73 36 För
435 857 109 37 hvart
572 858 70 37 och
671 865 52 31 ett
752 860 41 36 af
817 863 87 34 åren
936 863 252 37 1907—1910
1215 865 66 36 har
1301 866 217 48 Riksdagen
1538 870 47 46 på
1605 875 103 31 extra
1727 877 75 30 stat

205 908 155 49 beviljat
403 911 73 34 600
518 910 140 37 kronor
700 917 53 31 att
795 913 190 37 användas
1015 917 123 34 såsom
1166 918 210 48 personligt
1403 919 224 49 lönetillägg
1654 928 37 30 åt
1719 929 25 29 t.
1774 924 24 35 f.

204 960 304 37 medicinalrådet
537 961 45 37 G.
612 963 42 35 R.
686 963 197 49 Stenbeck,
926 968 41 33 så
1007 967 111 47 länge
1159 968 74 36 han
1274 970 183 36 bestrider
1498 976 53 31 ett
1584 973 216 38 medicinal-

203 1011 245 39 rådsämbete.
504 1014 129 37 Under
660 1015 273 50 förutsättning
962 1024 54 30 att
1045 1019 100 37 detta
1165 1021 223 49 lönetillägg
1407 1027 60 32 må
1485 1024 115 36 varda
1620 1025 180 51 beviljadt

197 1064 142 49 jämväl
369 1065 57 36 för
454 1068 39 34 år
524 1068 111 47 1911,
664 1068 67 36 har
758 1069 523 49 löneregleringskommittén
1311 1081 132 41 ansett,
1474 1081 54 31 att
1555 1076 64 36 vid
1639 1077 161 38 bestäm-

202 1116 135 37 mande
366 1118 40 35 af
430 1119 293 49 pensionsafgift
752 1122 263 37 motsvarande
1039 1124 221 51 löneafdrag
1279 1126 285 48 ifrågavarande
1584 1132 215 48 personliga

202 1169 223 50 lönetillägg
465 1170 69 37 bör
574 1171 191 38 betraktas
803 1173 75 36 lika
906 1175 86 36 med
1021 1181 53 30 ett
1102 1177 119 36 under
1247 1179 154 49 vanliga
1429 1180 136 36 villkor
1593 1182 206 49 medgifvet

202 1220 267 51 ålderstillägg.

331 1273 82 37 Mot
454 1275 98 36 hvad
594 1276 522 50 löneregleringskommittén
1145 1282 12 35 i
1185 1282 244 38 förevarande
1464 1284 211 39 hänseende
1703 1288 96 36 före-

202 1325 113 48 slagit
342 1326 95 37 lärer
464 1327 82 37 icke
573 1342 90 23 vara
691 1335 126 42 någon
846 1331 147 37 erinran
1022 1338 54 31 att
1104 1333 216 38 framställa.

330 1378 74 37 Det
431 1380 255 48 provisoriska
715 1382 367 51 aflöningstillägget
1110 1386 59 35 till
1198 1386 184 38 ordinarie
1410 1388 388 50 befattningshafvare

201 1429 12 35 1
241 1429 388 51 medicinalstyrelsen
671 1434 119 36 skulle
832 1435 142 37 således
1016 1440 92 44 utgå
1136 1438 12 35 i
1177 1439 166 47 enlighet
1380 1440 85 36 med
1503 1441 164 50 följande
1694 1443 104 36 inom

200 1481 527 49 löneregleringskommittén
768 1487 225 49 uppgjorda,
1035 1502 86 23 men
1162 1490 84 37 med
1288 1491 147 50 hänsyn
1476 1493 57 36 till
1566 1508 46 22 en
1640 1496 157 49 nyligen

200 1533 118 36 skedd
348 1534 221 50 förändring
596 1537 103 36 inom
728 1539 202 48 styrelsens
959 1541 321 49 ämbetspersonal
1303 1544 179 48 jämkade
1509 1546 157 48 förslag:
