2211 2651
434 134 40 32 36

906 135 248 33 Statsutskottets
1184 134 165 34 Utlåtande
1378 133 52 32 N7
1454 135 50 31 10.

933 214 32 50 f)
996 215 118 37 under
1142 216 133 49 sjunde
1303 215 284 37 hufvudtiteln
1577 210 24 60 .
1620 244 6 6 .
1659 244 6 6 .
1699 216 111 47 7,820
1838 215 150 51 kronor,

791 268 108 36 däraf
936 268 115 50 högst
1096 270 71 35 175
1204 269 141 36 kronor
1372 271 60 33 må
1461 267 190 37 användas
1680 268 56 36 till
1763 267 162 52 höjning
1953 271 41 36 af

790 321 393 50 vikariatsersättning
1210 322 119 36 under
1356 326 193 40 semester;

920 373 39 50 g)
988 374 119 37 under
1135 374 153 37 åttonde
1316 374 284 37 hufvudtiteln
1591 369 23 60 .
1633 403 6 6 .
1673 375 135 47 12,145
1837 376 150 49 kronor,

790 426 108 37 däraf
935 427 115 49 högst
1091 428 73 35 275
1202 428 139 35 kronor
1373 430 60 33 må
1461 426 190 37 användas
1680 428 56 35 till
1764 427 160 51 höjning
1952 431 41 35 af

789 479 393 50 vikariatsersättning
1209 480 118 37 under
1355 485 194 39 semester;

919 585 41 36 B.
1016 585 204 50 godkänna
1244 587 165 49 följande
1428 587 146 48 villkor,
1595 586 149 37 utöfver
1761 587 115 37 redan
1896 589 92 49 gäll-

791 638 96 37 ande
921 638 234 48 lönevillkor,
1185 639 58 36 för
1272 639 219 49 åtnjutande
1519 639 41 36 af
1584 639 45 36 de
1656 640 255 48 provisoriska
1935 642 53 35 af-

789 691 350 48 löningstilläggen,
1168 692 206 48 nämligen:

920 747 54 31 att
1011 742 226 50 tjänsteman
1265 744 82 36 icke
1375 746 60 34 må
1463 743 84 37 med
1577 743 71 37 den
1676 743 226 51 befattning,
1932 745 58 37 för

790 795 154 36 hvilken
985 795 279 49 lönefyllnaden
1301 799 123 45 utgår,
1454 796 128 37 förena
1609 810 89 23 vare
1726 797 61 48 sig
1814 798 176 49 uppdrag

790 850 123 33 såsom
942 847 224 38 ordförande
1194 849 88 36 eller
1309 848 164 37 ledamot
1500 849 12 35 i
1539 849 157 49 styrelse
1715 849 58 36 för
1790 850 93 36 verk
1902 851 88 36 eller

788 900 127 49 bolag,
958 913 80 23 som
1074 905 40 31 är
1141 901 84 36 med
1255 901 141 49 Kungl.
1426 901 124 49 Maj:ts
1580 901 119 50 oktroj
1731 901 142 38 försedt
1902 903 88 37 eller

788 952 125 37 blifvit
955 955 122 33 såsom
1120 953 215 50 aktiebolag
1375 953 253 50 registreradt,
1658 954 88 36 eller
1772 954 217 50 befattning

773 1007 139 34 :såsom
942 1005 227 49 tjänsteman
1197 1006 12 36 i
1238 1006 133 36 sådant
1398 1006 92 36 verk
1518 1006 87 37 eller
1623 1006 115 50 bolag
1758 1007 88 36 eller
1865 1020 123 24 annan

789 1057 355 50 tjänstebefattning
1185 1058 40 36 af
1262 1059 100 35 hvad
1399 1059 84 48 slag
1511 1071 80 23 som
1620 1058 108 48 helst,
1758 1059 154 36 såframt
1940 1061 46 48 ej,

789 1109 100 36 hvad
919 1112 118 46 angår
1063 1110 238 49 tjänsteman,
1331 1124 81 23 som
1432 1111 41 36 af
1488 1110 142 50 Kungl.
1651 1111 106 49 Maj:t
1776 1116 209 44 utnämnes,

789 1161 141 49 Kungl.
973 1161 117 49 Maj:t,
1134 1163 69 35 och
1244 1163 100 35 hvad
1383 1166 117 45 angår
1526 1163 244 36 innehafvare
1798 1164 40 35 af
1863 1178 124 22 annan

789 1213 226 49 befattning,
1044 1214 280 37 vederbörande
1352 1215 95 47 chef,
1476 1217 101 47 uppå
1597 1214 127 37 därom
1745 1215 110 50 gjord
1875 1216 112 36 fram-

789 1266 180 49 ställning
1011 1266 69 36 och
1122 1267 92 36 efter
1254 1268 191 49 pröfning,
1489 1273 53 30 att
1579 1267 286 49 ifrågavarande
1892 1283 95 35 upp-

789 1318 95 48 drag
912 1318 88 36 eller
1027 1319 355 49 tjänstebefattning
1402 1320 30 49 ej
1455 1322 60 34 må
1535 1333 107 23 anses
1661 1320 155 36 inverka
1835 1320 151 38 hinder-

788 1370 72 49 ligt
888 1370 58 36 för
973 1371 303 50 tjänstgöringen
1304 1372 64 36 vid
1395 1372 62 36 det
1478 1385 96 36 egna
1593 1372 141 48 verket,
1754 1372 121 37 finner
1892 1387 95 36 upp-

789 1422 133 50 draget
950 1423 88 36 eller
1066 1423 262 50 befattningen
1355 1425 127 35 kunna
1511 1425 36 35 få
1572 1424 205 37 tillsvidare
1796 1430 190 45 mottagas

793 1475 70 36 och
891 1475 225 46 bibehållas;

920 1533 65 41 att,
1014 1528 122 48 ifråga
1165 1542 60 22 om
1253 1533 74 31 rätt
1356 1534 54 30 att
1438 1529 144 48 åtnjuta
1611 1528 376 50 aflöningsförmåner

787 1579 118 37 under
937 1579 296 51 tjänstledighet,
1262 1580 100 37 hvad
1391 1594 80 23 som
1501 1580 171 50 stadgats
1702 1581 194 49 angående
1922 1582 63 36 lön

788 1631 118 49 gäller
927 1632 143 49 jämväl
1097 1633 231 37 beträffande
1357 1634 231 48 ortstillägg;

916 1689 54 30 att
1012 1685 168 49 aflöning
1219 1686 30 48 ej
1294 1688 61 33 må
1394 1688 94 46 utgå
1529 1686 56 35 till
1625 1686 360 48 tjänstinnehafvare

786 1736 58 36 för
885 1736 65 48 tid,
993 1737 212 37 hvarunder
1246 1737 75 36 han
1359 1737 145 36 afhållit
1532 1738 60 49 sig
1619 1738 83 36 från
1730 1738 255 50 tjänstgöring

785 1794 91 30 utan
918 1794 54 30 att
1013 1789 113 36 hafva
1166 1790 13 35 i
1219 1790 238 48 vederbörlig
1490 1790 163 48 ordning
1681 1790 146 37 erhållit
1854 1790 131 49 tjänst-

786 1840 168 49 ledighet
983 1841 88 36 eller
1097 1841 130 37 kunna
1256 1842 129 49 styrka
1414 1842 130 49 giltigt
1567 1842 142 45 förfall;

916 1898 65 43 att,
1012 1893 124 37 därest
1164 1894 361 48 tjänstinnehafvare
1548 1894 134 37 varder
1702 1894 176 49 afstängd
1902 1895 82 36 från

786 1945 257 49 tjänstgöring
1070 1946 88 36 eller
1184 1946 12 36 i
1224 1946 113 37 häkte
1365 1951 126 44 tagen,
1522 1946 71 37 den
1622 1946 59 37 del
1710 1946 40 36 af
1774 1946 94 37 hans
1897 1946 87 37 aflö-

785 1998 105 48 ning,
921 2010 80 23 som
1029 1998 83 36 icke
1130 1999 154 48 pröfvas
1303 1999 91 36 böra
1415 1998 190 37 användas
1625 1999 57 35 till
1700 1999 283 49 befattningens

784 2049 286 49 uppehållande,
1113 2050 95 36 skall
1248 2050 119 37 under
1407 2051 103 36 tiden
1543 2051 220 48 innehållas,
1793 2051 128 36 såvida
1949 2052 31 49 ej

785 2101 119 37 finnes
942 2102 140 49 skäligt
1121 2103 74 36 låta
1223 2103 139 36 honom
1391 2103 168 49 uppbära
1587 2106 118 46 något
1733 2103 119 45 däraf;

914 2159 54 31 att
996 2154 100 37 hvad
1126 2167 80 24 som
1235 2155 250 36 föreskrifvits
1513 2156 12 35 i
1549 2155 107 49 fråga
1677 2168 60 23 om
1757 2155 226 49 tidpunkten

784 2206 58 36 för
890 2207 221 36 inträdande
1157 2207 40 36 af
1238 2208 307 48 löneförhöjning
1590 2207 116 37 första
1752 2207 70 37 och
1868 2209 115 35 andra
