1902 2832
525 182 301 35 Statsutskottets
851 180 189 34 utlåtande
1065 180 55 33 Nr
1144 181 73 31 150.
1558 179 40 30 41

107 278 59 21 om
190 270 54 28 ett
268 265 170 42 generellt
462 263 238 42 medgivande
724 274 46 21 av
795 261 190 33 enahanda
1009 261 76 41 slag
1109 259 54 34 för
1180 257 275 35 icke-ordinarie
1472 257 123 32 lärare.

107 310 120 34 Skulle
251 309 279 42 överstyrelsens
554 308 167 41 farhågor
745 306 56 33 för
825 311 57 28 att
907 305 61 33 det
991 305 73 33 kan
1088 305 145 32 komma
1258 307 56 29 att
1336 302 78 33 visa
1431 301 52 42 sig
1500 301 99 33 svårt

108 360 56 28 att
199 354 113 34 under
336 353 210 34 nuvarande
570 351 249 35 förhållanden
844 350 134 34 erhålla
1001 350 236 41 kompetenta
1261 347 156 33 vikarier
1441 346 159 33 besanna

108 400 62 42 sig,
195 399 103 34 torde
322 399 134 42 Kungl.
481 397 112 42 Maj:t
618 400 65 39 äga
707 395 190 43 möjlighet
921 399 66 35 att,
1012 393 92 34 efter
1127 392 179 44 prövning
1322 392 11 33 i
1351 390 101 43 varje
1469 390 131 33 enskilt

108 445 62 33 fall
203 444 67 34 och
305 444 99 33 inom
439 454 122 23 ramen
595 454 45 21 av
669 440 223 43 tillgängliga
917 438 268 43 anslagsmedel,
1210 437 132 34 bereda
1366 435 115 42 skälig
1503 435 96 33 löne-

108 489 139 43 fyllnad
281 489 38 33 åt
352 488 146 33 vikarie.
546 487 68 42 Jag
646 486 62 33 vill
737 484 199 35 emellertid
961 484 144 39 betona,
1131 487 56 29 att
1212 482 118 34 denna
1354 484 71 39 väg
1448 480 65 33 bör
1538 492 61 21 an-

108 534 138 34 vändas
270 533 129 34 endast
423 533 11 33 i
458 531 200 43 trängande
682 529 287 43 undantagsfall.

154 586 288 44 Överstyrelsens
475 586 133 41 förslag
640 597 58 21 om
722 583 203 35 beredande
950 595 46 21 av
1020 581 202 44 personliga
1245 580 209 41 lönetillägg
1477 579 38 33 åt
1539 581 62 30 öv-

109 633 229 42 ningslärare,
363 631 97 34 vilka
483 630 155 34 kommit
662 630 82 33 eller
767 629 148 33 komma
939 632 56 29 att
1019 627 74 33 lida
1110 625 206 42 minskning
1332 624 10 34 i
1360 624 55 33 sin
1433 623 169 41 avlöning

109 678 47 42 på
180 677 115 42 grund
320 689 46 21 av
391 673 497 44 seminarieorganisationens
912 671 252 42 nedskärning,
1189 682 104 30 synes
1309 670 125 33 kunna
1451 668 150 33 motive-

110 735 57 21 ras
191 722 81 34 med
297 721 11 33 i
333 725 93 30 stort
450 725 71 29 sett
546 731 137 22 samma
707 719 87 39 skäl,
820 730 77 21 som
921 717 80 42 lågo
1026 716 55 33 till
1106 715 115 43 grund
1246 715 55 33 för
1327 717 85 30 1929
1437 713 56 33 års
1513 712 88 34 riks-

111 767 86 42 dags
230 767 119 33 beslut
374 778 59 21 om
457 763 287 35 tillerkännande
776 775 46 21 av
846 761 257 34 motsvarande
1127 760 208 41 lönetillägg
1359 759 38 32 åt
1422 758 94 33 vissa
1540 760 62 30 öv-

110 812 220 42 ningslärare
354 810 62 33 vid
441 810 150 33 allmänt
614 808 175 34 läroverk.
838 808 18 32 I
880 807 114 33 likhet
1018 805 82 34 med
1125 804 264 34 statskontoret
1413 802 113 33 finner
1541 801 63 42 jag

112 857 62 33 det
198 856 141 42 skäligt,
365 859 57 29 att
446 853 250 35 förstnämnda
720 853 115 33 lärare
859 851 149 34 beredas
1033 849 200 42 ersättning
1257 849 46 42 på
1329 851 75 30 sätt
1421 847 66 33 och
1504 847 10 33 i
1533 846 68 33 den

111 901 252 41 utsträckning
392 898 339 42 skolöverstyrelsen
756 896 194 42 föreslagit.
998 893 438 43 Ersättningsgrunderna
1461 892 143 33 ansluta

112 946 52 42 sig
187 946 11 33 i
223 950 93 29 stort
345 949 72 29 sett
440 944 55 33 till
520 944 43 33 de
588 943 164 42 grunder,
778 954 77 21 som
880 941 93 42 gälla
997 940 55 33 för
1077 939 200 42 ersättning
1301 938 39 33 åt
1364 935 239 45 nyssberörda

111 992 113 32 lärare
257 990 63 33 vid
343 989 175 34 läroverk.
566 989 68 41 Jag
658 987 214 34 förutsätter
896 986 11 33 i
932 984 209 43 anslutning
1164 984 55 33 till
1244 983 72 33 vad
1341 981 261 42 överstyrelsen

113 1035 208 39 framhållit,
346 1039 57 29 att
427 1032 275 43 ifrågavarande
727 1031 268 42 övningslärare
1020 1030 101 33 skola
1145 1040 87 22 vara
1257 1027 165 42 skyldiga
1447 1030 65 34 att,
1538 1025 66 33 där

113 1081 38 33 så
175 1080 61 34 ske
259 1080 84 39 kan,
367 1079 76 33 låta
467 1078 52 42 sig
542 1083 103 36 tagas
669 1077 11 33 i
704 1076 157 42 anspråk
879 1075 54 33 för
950 1078 113 30 annat
1079 1073 165 43 lämpligt
1262 1072 122 34 arbete
1402 1071 62 33 vid
1481 1070 123 34 veder-

113 1124 158 34 börande
307 1123 230 34 seminarium
576 1123 83 33 eller
694 1121 62 33 vid
792 1132 121 22 annan
948 1119 125 42 statlig
1107 1118 223 34 läroanstalt.
1379 1115 80 35 Vad
1494 1115 111 42 angår

113 1170 102 33 dessa
247 1169 132 33 lärares
413 1167 170 42 ställning
614 1167 11 32 i
658 1164 384 45 pensionshänseende,
1077 1163 162 33 kommer
1275 1162 118 33 denna
1423 1160 100 42 fråga
1548 1163 56 29 att

113 1219 179 38 upptagas
317 1213 55 34 till
397 1212 151 34 särskild
572 1210 220 42 behandling
817 1222 45 21 av
887 1209 126 33 chefen
1038 1208 55 33 för
1117 1207 418 42 finansdepartementet.

158 1267 366 42 Skolöverstyrelsens
558 1278 46 21 av
638 1264 265 34 statskontoret
935 1261 247 35 understödda
1211 1260 132 42 förslag
1367 1271 59 22 om
1450 1261 75 31 rätt
1549 1258 56 34 för

114 1312 329 42 teckningsläraren
473 1310 105 43 Lydh
609 1310 62 33 vid
704 1307 385 36 folkskoleseminariet
1122 1306 10 33 i
1157 1306 110 33 Luleå
1292 1309 56 29 att
1373 1303 146 43 åtnjuta
1544 1315 60 21 av-

113 1358 123 41 löning
260 1358 117 32 såsom
401 1356 111 33 lärare
536 1355 63 33 vid
623 1352 368 36 dubbelseminarium
1016 1355 91 30 även
1132 1350 90 34 efter
1247 1350 61 33 det
1329 1348 277 43 ifrågavarande

115 1402 230 34 seminarium
379 1400 226 34 förvandlats
638 1399 54 33 till
728 1397 337 35 enkelseminarium
1099 1408 103 30 synes
1227 1406 88 22 vara
1340 1406 46 21 av
1410 1393 196 42 billighets-

115 1448 77 33 skäl
226 1446 226 43 synnerligen
487 1445 59 33 väl
581 1444 205 33 motiverat.
836 1441 210 42 Lämpligen
1082 1441 65 32 bör
1179 1439 116 43 Lydh,
1321 1450 82 21 vars
1429 1437 175 43 grundlön

115 1493 117 32 såsom
260 1492 114 32 lärare
398 1490 62 33 vid
484 1488 336 34 enkelseminarium
844 1487 144 33 komme
1013 1489 56 29 att
1093 1487 129 39 utgöra
1248 1486 96 37 1,950
1369 1483 143 38 kronor,
1536 1482 71 32 till-

115 1537 175 33 erkännas
315 1539 55 29 ett
394 1534 144 34 särskilt
561 1533 217 41 lönetillägg,
803 1531 88 34 varå
916 1529 269 44 dyrtidstillägg
1208 1529 59 32 må
1291 1527 98 42 utgå,
1415 1527 66 33 och
1505 1529 103 39 utgö-

115 1581 111 34 rande
250 1579 201 34 skillnaden
475 1578 130 34 mellan
629 1578 60 32 lön
713 1577 55 33 för
791 1577 134 32 honom
942 1575 62 33 vid
1022 1574 148 34 dubbel-
1188 1573 66 33 och
1272 1572 63 33 vid
1352 1571 256 34 enkelsemina-

116 1626 102 39 rium,
244 1625 105 33 alltså
386 1627 94 36 1,560
504 1623 142 33 kronor.
694 1621 264 41 Lönetillägget
986 1620 66 33 bör
1077 1618 143 34 avföras
1246 1618 80 33 från
1351 1629 44 21 en
1420 1615 151 34 särskild
1596 1615 11 33 i

116 1670 310 42 avlöningsstaten
451 1667 156 43 uppförd
632 1667 141 42 delpost
799 1666 67 33 och
891 1665 87 42 utgå
995 1664 113 33 under
1125 1663 140 39 villkor,
1282 1661 111 34 bland
1412 1665 122 35 annat,
1552 1664 57 29 att

116 1715 104 43 Lydh
245 1715 124 41 åtager
393 1713 52 42 sig
469 1717 56 29 att
550 1717 89 29 utan
664 1710 201 42 ersättning
889 1709 160 34 bestrida
1066 1707 258 41 undervisning
1341 1706 62 33 vid
1420 1706 108 41 högre
1546 1701 61 50 all-

116 1763 133 30 männa
283 1758 204 34 läroverket
522 1757 10 33 i
568 1756 111 34 Luleå
714 1756 55 33 till
805 1756 107 41 högst
948 1755 37 32 så
1015 1758 93 29 stort
1132 1752 100 34 antal
1256 1752 157 38 timmar,
1439 1755 56 28 att
1519 1750 90 33 hans

117 1803 271 42 sammanlagda
421 1802 243 42 tjänstgöring
687 1801 62 33 vid
774 1799 207 34 seminariet
1005 1798 67 33 och
1096 1797 204 34 läroverket
1324 1795 140 43 uppgår
1487 1794 55 33 till
1567 1797 42 30 27

117 1848 271 34 veckotimmar.
435 1847 80 34 Vad
551 1846 110 42 angår
684 1845 124 42 Lydhs
832 1844 245 42 pensionsrätt
1100 1843 161 32 kommer
1286 1841 118 33 denna
1429 1840 100 41 fråga
1554 1843 56 29 att

117 1898 179 38 upptagas
320 1893 55 32 till
400 1891 151 34 särskild
575 1890 220 41 behandling
812 1901 45 21 av
875 1888 126 33 chefen
1018 1887 55 33 för
1090 1886 416 41 finansdepartementet.
1531 1883 79 34 Vad

117 1951 49 21 nu
191 1938 138 33 anförts
354 1937 66 32 bör
443 1936 62 33 vid
529 1935 102 33 bifall
655 1934 55 33 till
734 1934 86 33 mitt
845 1933 132 41 förslag
1000 1932 56 32 till
1081 1930 243 42 organisation
1350 1941 45 21 av
1421 1928 189 33 folkskole-

119 1982 204 34 seminariet
359 1981 10 33 i
406 1979 174 34 Karlstad
615 1979 47 42 på
694 1977 257 34 motsvarande
976 1980 74 29 sätt
1075 1979 91 29 även
1191 1975 92 41 gälla
1308 1973 69 33 den
1402 1972 209 34 nuvarande

118 2027 244 33 innehavaren
387 2037 45 21 av
457 2022 446 43 teckningslärartjänsten
928 2020 197 39 därstädes,
1150 2020 30 33 J.
1199 2020 40 32 E.
1257 2020 44 32 R.
1328 2019 155 41 Nyreen.

163 2071 84 33 Mot
272 2070 279 41 överstyrelsens
575 2068 240 41 beräkningar
841 2079 45 21 av
911 2066 162 41 anslaget
1097 2065 54 32 till
1208 2063 245 41 avlöningar
1470 2062 64 32 har
1549 2061 63 42 jag

120 2116 159 42 följande
304 2115 197 41 erinringar
526 2118 56 28 att
607 2112 210 34 framställa.

164 2161 198 41 Delposten
396 2159 54 32 till
484 2159 57 32 lön
573 2158 68 33 och
673 2155 464 44 tjänstgöringspenningar
1161 2154 38 32 åt
1224 2153 224 41 tjänstemän
1472 2152 20 32 å
1517 2150 93 33 ordi-

120 2206 99 32 narie
250 2209 75 29 stat
357 2204 123 38 skulle,
504 2202 80 33 med
615 2201 230 42 tillämpning
869 2212 45 21 av
939 2200 44 32 de
1008 2211 45 21 av
1079 2196 340 42 skolöverstyrelsen
1445 2194 168 34 använda

120 2248 431 42 beräkningsgrunderna,
588 2249 128 38 utgöra
752 2257 165 21 summan
954 2256 46 20 av
1037 2243 74 33 dels
1147 2242 61 33 det
1241 2242 131 40 belopp
1398 2252 45 21 av
1468 2242 142 36 931,150

120 2294 142 38 kronor,
288 2292 147 33 varmed
465 2292 117 31 denna
607 2295 81 36 post
713 2290 111 40 enligt
849 2289 85 32 mitt
959 2288 8 32 i
995 2288 61 32 det
1081 2286 212 41 föregående
1319 2284 200 40 framlagda
1544 2284 69 31 för-

121 2338 75 40 slag
229 2337 112 33 skulle
378 2336 170 41 uppföras
574 2335 90 32 efter
689 2331 498 42 seminarieorganisationens
1212 2329 235 38 fullständiga
1471 2339 142 29 genom-

123 2382 158 38 förande,
307 2381 75 32 dels
407 2380 243 39 lönetillägget
675 2379 20 32 å
722 2381 95 35 1,560
835 2377 132 32 kronor
992 2377 38 31 åt
1055 2374 327 40 teckningsläraren
1405 2372 111 42 Lydh,
1540 2371 75 33 dels

122 2427 67 32 ock
222 2426 43 32 de
296 2424 210 34 nuvarande
531 2428 160 28 staterna
716 2423 54 31 för
796 2422 43 32 de
867 2421 50 32 till
944 2419 246 41 nedläggande
1216 2417 191 33 förordade
1431 2415 182 34 seminari-

123 2483 84 20 erna
232 2470 9 32 i
271 2470 148 32 Kalmar
444 2469 63 32 och
534 2467 125 41 Växjö.
708 2467 177 32 Häremot
902 2466 64 31 har
989 2465 62 40 jag
1075 2464 52 32 till
1154 2475 42 21 en
1223 2462 127 41 början
1377 2462 67 32 den
1464 2459 149 34 invänd-

123 2515 129 41 ningen
285 2519 56 28 att
368 2517 94 37 göra,
488 2517 53 28 att
569 2511 235 42 nyssberörda
833 2509 206 41 lönetillägg
1064 2508 73 39 bör,
1163 2520 74 20 som
1264 2519 84 29 nyss
1373 2509 155 35 nämnts,
1554 2516 60 21 av-
