1932 2830
537 187 302 35 Statsutskottets
862 185 191 34 utlåtande
1077 185 55 33 Nr
1156 186 73 31 150.
1586 184 38 30 51

179 272 56 33 De
257 270 148 35 sålunda
426 268 197 42 framlagda
644 267 175 41 förslagen
840 266 95 33 hava
955 265 77 33 icke
1053 264 90 42 givit
1163 263 179 34 utskottet
1363 262 190 41 anledning
1573 261 54 33 till

134 325 149 34 erinran.

177 378 79 34 Vad
279 374 403 43 inträdesfordringarna
706 372 54 34 till
784 372 69 34 den
877 370 135 44 4-åriga
1038 370 108 43 linjen
1170 369 169 35 beträffar
1362 369 96 33 hava
1482 369 43 33 de
1550 367 77 34 sak-

133 431 157 43 kunniga
304 429 88 35 efter
406 429 190 41 utredning
610 427 222 34 beträffande
845 426 109 34 bland
969 430 111 29 annat
1095 425 42 33 de
1151 423 158 34 faktiska
1322 422 306 42 förkunskaperna

132 485 64 34 hos
218 485 43 33 de
282 484 111 34 under
412 494 123 23 senare
556 483 38 32 år
614 479 316 36 inträdessökande
950 479 61 34 vid
1033 476 423 36 folkskoleseminarierna
1475 474 152 34 kommit

133 539 54 34 till
205 539 68 33 den
291 536 288 44 uppfattningen,
597 540 55 29 att
670 533 405 42 inträdesfordringarna
1091 532 11 33 i
1120 532 43 34 de
1181 531 95 34 olika
1291 530 337 42 kunskapsämnena

134 593 109 34 borde
258 591 101 42 höjas
374 591 54 34 till
443 602 44 22 en
503 589 95 40 nivå,
613 589 11 33 i
640 588 175 42 väsentlig
830 588 84 33 mån
928 586 252 34 motsvarande
1196 585 71 34 vad
1282 596 76 22 som
1372 584 128 33 kräves
1515 583 11 34 i
1541 582 87 34 real-

132 658 157 22 examen.
313 643 208 35 Emellertid
546 643 94 33 hava
666 642 43 34 de
736 640 222 43 sakkunniga
983 639 206 40 framhållit,
1214 643 56 29 att
1294 649 95 29 man,
1415 649 59 22 om
1499 636 129 42 avlagd

134 699 219 35 realexamen
385 696 220 44 uppställdes
639 696 117 33 såsom
788 694 128 34 villkor
947 693 55 34 för
1033 692 151 40 inträde,
1216 691 102 34 torde
1349 691 124 34 kunna
1505 689 123 35 befara

135 758 56 29 att
211 752 55 34 till
287 751 89 43 följd
398 763 46 21 av
465 751 43 33 de
531 749 54 35 för
607 749 93 34 olika
722 748 96 34 delar
841 760 46 21 av
908 747 122 34 landet
1052 746 206 34 varierande
1280 744 271 42 möjligheterna
1573 747 56 29 att

135 806 149 42 avlägga
312 805 116 34 denna
454 815 149 23 examen
630 801 265 44 rekryteringen
925 813 45 21 av
999 801 43 33 de
1071 799 171 34 särskilda
1270 797 250 36 seminarierna
1547 797 82 33 med

131 860 233 42 kompetenta
385 857 156 35 sökande
562 856 110 35 skulle
692 855 98 35 bliva
809 854 135 43 ganska
965 853 132 43 ojämn.
1117 854 55 33 De
1194 851 221 43 sakkunniga
1434 851 96 34 hava
1550 850 79 34 där-

132 913 55 34 för
211 917 119 30 ansett
353 911 218 43 tidpunkten
595 913 95 31 ännu
713 909 77 34 icke
815 921 86 21 vara
925 908 82 33 inne
1030 907 55 34 för
1108 912 56 29 att
1186 905 180 44 uppställa
1389 905 129 42 avlagd
1542 903 87 35 real-

132 978 148 23 examen
301 966 115 34 såsom
436 963 315 35 inträdesfordran.
771 962 18 34 I
812 961 204 42 anslutning
1035 960 120 34 härtill
1175 960 95 33 hava
1290 960 42 33 de
1353 958 222 42 sakkunniga
1595 955 31 44 ej

133 1020 107 35 heller
259 1019 118 34 funnit
396 1019 109 42 något
525 1017 76 34 skäl
619 1022 55 29 att
693 1016 12 34 i
722 1015 138 44 princip
879 1015 112 33 ändra
1010 1015 68 33 den
1096 1013 207 35 nuvarande
1322 1011 242 43 anordningen
1583 1023 46 21 av

132 1072 432 43 inträdesprövningarna,
591 1070 206 43 varigenom
823 1068 164 43 samtliga
1014 1067 166 40 sökande,
1207 1071 142 29 oavsett
1375 1071 102 29 arten
1503 1077 46 22 av
1577 1064 53 34 sin

135 1126 225 42 förbildning,
380 1126 114 33 måste
515 1124 140 42 deltaga
675 1124 11 33 i
706 1134 146 32 proven.

181 1178 343 43 Skolöverstyrelsen
550 1178 63 33 har
640 1177 54 34 för
721 1176 53 34 sin
801 1176 56 34 del
883 1175 180 41 föreslagit
1091 1174 73 34 dels
1191 1179 56 29 att
1272 1173 220 34 realexamen
1520 1171 111 35 skulle

133 1234 120 43 läggas
273 1245 75 22 som
368 1232 113 44 grund
501 1231 55 34 för
576 1228 494 42 folkskollärarutbildningen
1090 1228 61 33 vid
1172 1228 69 33 den
1261 1226 135 43 4-åriga
1415 1225 121 43 linjen,
1557 1225 73 34 dels

137 1293 55 28 att
209 1287 166 39 sökande,
393 1298 76 22 som
485 1285 122 42 avlagt
623 1284 231 39 realexamen,
871 1282 112 35 skulle
1000 1282 171 42 genomgå
1187 1281 246 42 inträdesprov
1450 1280 11 33 i
1479 1283 151 30 ämnena

135 1340 259 39 modersmålet,
418 1338 214 34 matematik
654 1337 67 34 och
745 1336 127 40 musik,
896 1336 127 34 varvid
1048 1339 90 30 även
1162 1335 69 34 den
1254 1334 174 34 sökandes
1451 1333 179 34 allmänna

134 1394 154 43 mognad
323 1393 66 34 och
422 1392 208 42 lämplighet
664 1391 55 34 för
756 1389 324 35 seminariearbetet
1116 1388 111 34 skulle
1262 1391 157 36 utrönas,
1456 1387 73 34 dels
1565 1386 66 34 ock

135 1453 56 29 att
215 1447 167 39 sökande,
406 1458 76 21 som
506 1446 77 33 icke
606 1445 121 41 avlagt
751 1444 231 38 realexamen,
1007 1442 110 34 skulle
1141 1442 156 41 undergå
1322 1441 111 33 sådan
1456 1440 176 42 prövning

138 1513 76 22 som
230 1513 84 30 nyss
330 1503 143 30 nämnts
492 1499 66 33 och
575 1497 176 43 därjämte
768 1496 175 43 prövning
959 1496 11 33 i
987 1495 122 42 övriga
1126 1498 139 36 ämnen,
1282 1494 189 34 utvisande
1489 1498 57 29 att
1562 1493 69 34 den

138 1554 155 34 sökande
310 1553 87 42 ägde
414 1551 226 42 erforderliga
654 1550 204 42 kunskaper
873 1549 55 34 för
944 1554 57 29 att
1015 1549 122 33 kunna
1153 1548 88 42 följa
1256 1547 298 42 undervisningen
1569 1546 61 34 vid

138 1606 211 35 seminariet.
368 1606 19 33 I
406 1618 45 21 en
470 1605 62 34 vid
552 1604 274 43 överstyrelsens
846 1602 187 35 utlåtande
1052 1601 107 42 fogad
1178 1601 216 34 reservation
1413 1601 95 33 hava
1528 1599 103 34 emel-

137 1660 104 34 lertid
263 1660 64 34 två
348 1671 46 22 av
416 1659 78 34 dess
516 1658 195 34 ledamöter
732 1656 145 40 uttalat,
900 1661 56 29 att
978 1656 44 33 de
1043 1655 119 34 funnit
1183 1655 44 35 de
1249 1654 239 42 sakkunnigas
1511 1653 120 34 stånd-

137 1714 116 43 punkt
270 1712 222 35 beträffande
510 1712 154 33 behovet
682 1723 46 21 av
746 1711 44 33 de
806 1709 207 35 nuvarande
1031 1708 419 42 inträdesprövningarna
1468 1707 118 42 riktig.

182 1765 403 44 Departementschefen
608 1765 64 33 har
694 1784 46 5 —
763 1764 112 33 under
897 1762 258 34 framhållande
1178 1762 108 33 bland
1311 1767 110 28 annat
1445 1774 46 20 av
1515 1766 55 28 att
1594 1761 37 32 år

139 1824 87 30 1934
249 1832 74 22 mer
345 1823 45 30 än
411 1819 64 34 två
496 1818 213 42 tredjedelar
731 1830 46 20 av
799 1817 43 34 de
863 1816 11 34 i
894 1816 115 34 första
1029 1816 139 33 klassen
1189 1815 147 41 intagna
1356 1815 163 33 eleverna
1540 1814 92 33 hade

137 1874 106 42 högre
268 1873 368 40 inträdeskompetens
662 1874 46 30 än
733 1871 43 33 de
803 1869 222 41 sakkunniga
1049 1868 181 42 föreslagit
1255 1869 65 33 och
1346 1873 55 29 att
1428 1868 205 33 återstoden

138 1927 102 33 torde
257 1926 94 33 hava
369 1930 60 37 ägt
447 1937 44 21 en
507 1924 380 41 inträdeskompetens,
905 1935 77 21 som
999 1921 31 42 ej
1050 1925 166 30 avsevärt
1234 1921 84 34 skilt
1335 1921 52 41 sig
1402 1921 80 33 från
1500 1921 68 33 den
1587 1933 45 20 av

138 1981 43 32 de
205 1978 221 42 sakkunniga
449 1977 198 42 föreslagna
738 1976 88 42 givit
851 1976 43 33 de
918 1975 221 41 sakkunniga
1161 1978 74 30 rätt
1259 1974 227 40 därutinnan,
1511 1979 55 28 att
1589 1985 44 21 en

138 2032 148 42 höjning
306 2044 45 21 av
371 2030 405 41 inträdesfordringarna
797 2034 119 37 syntes
938 2029 87 33 böra
1046 2028 163 41 vidtagas
1229 2028 110 33 redan
1359 2040 46 21 av
1426 2028 61 33 det
1508 2027 124 39 skälet,

139 2091 55 29 att
214 2098 44 21 en
276 2086 118 33 bättre
413 2083 350 35 överensstämmelse
784 2083 79 33 med
885 2083 68 32 den
973 2081 151 34 faktiskt
1142 2080 214 43 förefintliga
1375 2080 258 34 inträdeskom-

138 2144 169 37 petensen
329 2138 108 33 borde
460 2137 268 42 åvägabringas.
752 2135 403 42 Departementschefen
1177 2135 64 33 har
1263 2135 54 33 för
1338 2147 87 29 egen
1449 2135 56 33 del
1527 2134 106 33 fram-

140 2193 112 39 hållit,
272 2197 55 28 att
346 2192 71 32 han
436 2191 77 33 icke
532 2191 118 33 kunde
670 2189 232 41 understödja
921 2194 54 28 ett
994 2188 139 42 förslag,
1154 2201 74 20 som
1248 2200 83 21 vore
1352 2192 107 37 ägnat
1480 2193 55 28 att
1554 2187 78 34 från

140 2246 156 33 tillträde
314 2245 53 33 till
386 2244 226 34 seminarium
630 2246 189 38 utestänga
838 2243 91 38 dem,
948 2254 76 21 som
1041 2242 80 33 ville
1140 2245 90 37 ägna
1248 2241 52 42 sig
1317 2242 38 32 åt
1371 2241 262 33 folkskollärar-

140 2299 118 32 banan
276 2310 80 20 men
374 2297 31 41 ej
424 2296 80 33 haft
522 2296 136 33 tillfälle
677 2301 54 28 att
750 2295 142 41 åtnjuta
910 2294 202 41 utbildning
1128 2294 60 33 vid
1208 2294 148 33 allmänt
1373 2294 162 33 läroverk
1553 2293 81 33 eller

141 2363 117 21 annan
286 2350 209 33 läroanstalt
525 2349 79 33 med
633 2348 230 33 realexamen.
892 2348 115 32 Detta
1035 2347 167 33 innebure
1230 2347 194 33 emellertid
1453 2347 88 39 icke,
1570 2346 64 33 har

139 2402 389 44 departementschefen
549 2402 120 33 vidare
689 2401 130 39 anfört,
839 2405 55 29 att
913 2401 72 32 han
1006 2405 169 28 motsatte
1196 2400 51 42 sig
1266 2400 131 42 förslag
1416 2412 59 21 om
1496 2412 42 21 en
1558 2399 76 42 höj-

140 2458 83 41 ning
250 2469 44 21 av
322 2457 60 32 det
408 2455 289 42 kunskapsmått,
726 2467 76 20 som
829 2454 108 33 borde
964 2453 129 33 krävas
1120 2453 54 33 för
1200 2453 138 33 inträde
1366 2454 9 32 i
1404 2454 67 33 den
1500 2453 135 41 4-åriga

142 2510 119 42 linjen,
281 2510 52 33 till
355 2522 41 20 en
419 2509 95 39 nivå,
535 2520 75 21 som
631 2508 10 33 i
662 2508 60 33 det
743 2511 179 29 närmaste
943 2507 225 33 motsvarade
1190 2507 247 33 realexamens.
1458 2507 102 33 Efter
1581 2511 54 29 ett
