1918 2834
288 125 20 31 2
679 129 411 32 Konstitutionsutskottets
1112 134 162 29 memorial
1297 134 48 29 Nr
1369 136 48 30 14.

294 212 90 38 gång
405 224 98 27 synes
528 213 116 33 därför
664 226 39 21 en
727 216 103 32 sådan
853 218 142 38 ändring
1017 231 42 20 av
1079 219 251 35 bestämmelsen
1353 222 172 40 påkallad,
1547 228 53 29 att
1622 225 99 39 fråga
1744 237 51 21 om

294 262 216 40 förlängning
529 276 43 20 av
590 265 231 33 motionstiden
841 267 66 32 kan
926 268 125 33 väckas
1071 274 81 28 även
1172 271 56 32 vid
1246 272 105 32 andra
1372 274 260 33 sammanträdet
1651 276 88 32 efter
1757 288 39 20 en

291 312 117 39 kungl.
428 314 224 38 propositions
673 316 229 34 avlämnande.
935 318 126 33 Genom
1082 332 37 20 en
1140 321 104 32 sådan
1265 321 142 39 ändring
1428 324 115 32 vinnes
1565 324 60 33 ock
1646 325 61 33 den
1728 326 67 33 för-

293 362 103 41 delen,
415 367 50 28 att
482 364 12 31 i
514 364 38 32 de
571 365 74 39 fall,
664 366 43 32 då
726 367 218 39 förlängning
962 381 43 19 av
1023 370 233 33 motionstiden
1277 372 109 33 finnes
1405 373 166 39 behövlig,
1592 379 104 29 större
1715 377 79 37 möj-

291 412 107 39 lighet
415 414 94 38 gives
528 418 51 29 att
597 415 147 33 beräkna
763 417 85 32 huru
868 422 69 28 stor
956 418 228 41 förlängning,
1205 433 67 20 som
1294 426 38 28 är
1350 423 172 38 påkallad.
1554 424 65 33 Det
1637 438 79 20 vore
1735 439 58 26 up-

292 463 215 40 penbarligen
531 465 159 33 önskvärt
711 471 52 28 att
785 468 36 31 så
844 467 94 39 långt
961 469 135 38 möjligt
1118 471 256 40 förlängningen
1398 473 10 31 i
1432 474 115 37 praxis
1571 475 222 38 begränsades

291 513 54 31 till
365 526 37 20 en
422 514 135 33 kortare
578 515 49 33 tid
649 521 41 27 än
712 516 61 32 den
793 529 42 20 av
855 518 210 39 grundlagen
1086 521 145 37 angivna
1252 523 241 33 maximitiden.

335 564 170 33 Utskottet
528 565 55 32 får
602 566 101 33 alltså
724 567 186 40 hemställa,

643 654 52 28 att
717 651 177 39 riksdagen
916 653 81 32 ville
1020 654 106 31 såsom
1148 655 134 32 vilande
1304 656 54 32 till
1380 657 114 32 vidare
1518 660 275 39 grundlagsenlig

599 700 202 39 behandling
823 706 123 35 antaga
971 703 163 38 följande:

928 796 210 38 Förslag

594 853 58 32 till
669 853 129 32 ändrad
816 854 130 36 lydelse
963 864 43 23 av
1023 855 21 36 $
1061 857 42 31 55
1120 857 361 39 riksdagsordningen.

468 927 205 34 Nuvarande
691 930 141 37 lydelse:

329 994 124 33 Motion
476 996 11 31 i
510 1000 104 34 ämne,
639 1008 67 21 som
729 997 116 33 tillhör
865 999 151 38 ständigt

283 1045 147 33 utskotts
457 1045 214 41 behandling,
697 1048 54 31 må
777 1060 43 20 av
846 1048 169 40 riksdags-

284 1107 74 20 man
377 1096 11 31 i
408 1096 61 32 den
487 1096 181 40 kammare,
687 1098 66 32 han
770 1098 126 40 tillhör,
915 1104 100 35 göras

283 1146 86 31 inom
391 1147 47 32 tio
461 1146 107 39 dagar
590 1148 76 32 från
690 1148 156 40 riksdags
869 1155 145 34 öppnan-

283 1196 49 38 de,
356 1197 83 32 dock
461 1201 52 30 att
535 1199 133 38 motion,
691 1199 12 31 i
725 1200 289 40 grundlagsfråga

281 1248 55 30 må
350 1247 124 33 väckas
489 1249 89 31 inom
596 1249 106 38 fyrtio
719 1250 106 39 dagar
842 1251 76 32 från
936 1256 77 34 öpp-

281 1298 122 33 nandet
425 1298 60 32 och
508 1299 134 38 motion,
667 1312 69 20 som
760 1301 187 34 föranledes
972 1314 42 20 av

280 1347 116 39 kungl.
422 1350 217 38 proposition,
665 1350 113 33 vilken
813 1352 87 32 efter
934 1357 78 34 öpp-

281 1399 120 33 nandet
422 1399 54 33 till
498 1399 181 40 riksdagen
701 1401 148 40 avlåtits,
873 1403 62 32 sist
955 1403 58 32 vid

281 1450 53 31 det
353 1451 255 38 sammanträde,
628 1463 68 21 som
715 1452 138 33 infaller
869 1457 77 29 näst
964 1454 48 32 ef-

278 1504 51 27 ter
353 1500 46 32 tio
426 1500 107 39 dagar
559 1501 76 32 från
661 1503 265 37 propositionens
953 1515 54 21 av-

280 1549 174 33 lämnande
468 1551 12 31 i
494 1550 181 35 kammare.
691 1552 17 32 I
725 1552 206 35 sistnämnda
946 1554 65 32 fall

278 1605 62 33 äge
366 1600 106 33 likväl
498 1601 181 40 kammare,
709 1603 113 34 därest
848 1605 61 32 den
936 1606 74 32 med

278 1650 130 40 hänsyn
430 1651 55 34 till
507 1652 187 34 infallande
715 1654 80 39 helg
816 1654 80 34 eller
917 1660 92 28 ären-

278 1701 72 33 dets
375 1702 196 45 synnerliga
588 1704 212 40 'omfattning
824 1705 111 33 finner
960 1707 49 32 så-

278 1752 81 32 dant
380 1752 127 40 nödigt,
531 1754 155 39 medgiva
708 1755 236 40 utsträckning
968 1769 41 20 av

277 1803 245 39 motionstiden,
543 1804 83 33 dock
645 1805 113 39 längst
777 1806 54 32 till
850 1807 55 32 det
924 1819 84 21 sam-

276 1854 181 39 manträde,
483 1866 69 21 som
576 1855 137 33 infaller
734 1860 77 29 näst
833 1857 87 33 efter
942 1858 66 38 tju-

276 1915 45 27 gu
346 1904 104 39 dagar
474 1905 77 32 från
584 1907 264 38 propositionens
882 1908 125 33 avläm-

275 1954 116 39 nande,
415 1955 60 32 och
497 1956 54 31 må
573 1956 99 39 fråga
694 1957 114 32 härom
830 1958 30 38 ej
881 1958 126 33 väckas

276 2016 113 21 senare
409 2009 42 28 än
470 2006 57 32 vid
548 2008 258 32 sammanträdet
826 2011 75 30 näst
921 2010 88 32 efter

275 2055 63 38 det,
362 2055 40 33 då
423 2056 248 38 propositionen
691 2058 122 32 avläts.

318 2156 125 33 Motion
460 2157 13 31 i
490 2162 105 34 ämne,
614 2170 68 20 som
699 2158 116 33 tillhör
832 2160 173 39 tillfälligt

273 2206 146 34 utskotts
446 2207 213 40 behandling,
687 2210 54 31 må
765 2209 124 34 väckas
915 2211 89 32 inom

272 2256 98 39 tjugu
396 2258 107 39 dagar
527 2258 87 33 efter
638 2259 157 40 riksdags
820 2261 183 39 öppnande,

271 2307 170 34 kammare
460 2308 156 39 obetaget
636 2314 50 28 att
706 2310 54 32 för
781 2311 138 34 särskilt
939 2312 65 32 fall

271 2357 164 40 medgiva,
460 2363 50 29 att
533 2360 103 31 sådan
660 2361 121 32 motion
806 2367 81 27 även
910 2374 92 21 sena-

271 2419 34 21 re
324 2408 53 32 må
397 2408 138 34 väckas.

1237 934 203 39 Föreslagen
1466 934 143 40 lydelse:

1102 1000 124 33 Motion
1249 1002 12 31 i
1282 1007 104 34 ämne,
1410 1015 68 20 som
1501 1004 116 33 tillhör
1635 1006 155 39 ständigt

1057 1051 146 33 utskotts
1230 1052 212 40 behandling,
1470 1055 54 31 må
1550 1067 42 20 av
1619 1056 169 40 riksdags-

1057 1113 74 20 man
1157 1102 11 31 i
1195 1103 61 32 den
1282 1103 180 40 kammare,
1490 1105 66 33 han
1582 1106 124 39 tillhör,
1733 1113 55 33 gö-

1058 1164 52 20 ras
1130 1153 88 32 inom
1238 1154 47 32 tio
1306 1154 107 38 dagar
1432 1156 78 32 från
1531 1156 156 40 riksdags
1709 1163 78 34 öpp-

1057 1203 114 39 nande,
1191 1203 84 33 dock
1293 1208 51 29 att
1360 1205 124 33 motion
1502 1207 11 32 i
1531 1207 256 40 grundlagsfrå-

1056 1265 43 26 ga
1121 1255 52 31 må
1195 1254 125 33 väckas
1342 1256 87 32 inom
1452 1257 107 38 fyrtio
1583 1258 106 39 dagar
1709 1259 77 32 från

1055 1304 188 38 öppnandet
1265 1305 60 32 och
1347 1307 134 39 motion,
1506 1320 70 20 som
1599 1308 187 34 föranledes

1054 1365 43 21 av
1133 1353 118 41 kungl.
1292 1357 218 39 proposition,
1549 1358 113 34 vilken
1700 1360 87 33 efter

1054 1405 189 38 öppnandet
1266 1406 55 32 till
1345 1407 182 40 riksdagen
1550 1409 148 40 avlåtits,
1724 1411 63 32 sist

1051 1454 57 32 vid
1124 1455 54 32 det
1195 1457 256 39 sammanträde,
1469 1470 69 20 som
1554 1459 138 33 infaller
1706 1465 77 28 näst

1053 1505 86 32 efter
1157 1506 46 33 tio
1223 1506 107 40 dagar
1348 1508 77 32 från
1444 1510 266 38 propositionens
1730 1524 54 20 av-

1053 1555 175 35 lämnande
1257 1558 12 32 i
1297 1557 181 35 kammare.
1530 1560 19 32 I
1579 1561 205 34 sistnämnda

1051 1606 63 32 fall
1142 1610 61 34 äge
1232 1607 106 33 likväl
1366 1608 182 40 kammare,
1578 1610 113 34 därest
1719 1612 61 32 den

1052 1657 73 32 med
1176 1657 132 40 hänsyn
1360 1660 54 32 till
1466 1661 189 33 infallande
1705 1662 78 39 helg

1053 1706 80 33 eller
1165 1709 152 33 ärendets
1350 1711 196 39 synnerliga
1579 1713 204 39 omfattning

1051 1757 112 34 finner
1204 1759 121 33 sådant
1363 1761 129 38 nödigt,
1534 1762 155 39 medgiva
1731 1768 50 28 ut-

1051 1808 195 40 sträckning
1300 1822 43 21 av
1396 1812 245 40 motionstiden,
1699 1814 83 32 dock

1050 1859 113 39 längst
1188 1860 55 32 till
1271 1861 55 32 det
1353 1863 255 39 sammanträde,
1637 1876 69 21 som
1733 1864 47 32 in-

1049 1909 101 34 faller
1167 1914 77 29 näst
1263 1911 87 33 efter
1367 1912 100 38 tjugu
1487 1913 107 39 dagar
1612 1914 77 33 från
1706 1926 74 27 pro-

1048 1960 203 37 positionens
1272 1962 230 40 avlämnande,
1524 1964 61 32 och
1606 1965 53 32 må
1680 1965 100 39 fråga

1048 2010 113 33 härom
1186 2011 30 38 ej
1240 2011 125 34 väckas
1389 2025 115 22 senare
1528 2019 43 27 än
1593 2015 58 32 vid
1674 2016 105 32 andra

1048 2062 260 33 sammanträdet
1328 2063 87 32 efter
1435 2064 65 39 det,
1521 2064 43 33 då
1577 2066 202 39 propositio-

1047 2123 61 20 nen
1128 2111 121 34 avläts.

1091 2161 125 34 Motion
1232 2164 13 31 i
1262 2168 104 34 ämne,
1386 2176 69 21 som
1472 2164 117 34 tillhör
1605 2166 174 39 tillfälligt

1046 2212 146 33 utskotts
1218 2213 213 41 behandling,
1459 2216 55 31 må
1538 2216 126 34 väckas
1689 2217 88 32 inom

1045 2262 99 40 tjugu
1169 2263 106 39 dagar
1300 2265 87 33 efter
1412 2265 158 40 riksdags
1595 2267 180 39 öppnande,

1044 2312 169 35 kammare
1234 2314 155 40 obetaget
1407 2319 53 29 att
1479 2316 55 32 för
1553 2317 139 33 särskilt
1712 2317 63 33 fall

1044 2363 163 40 medgiva,
1227 2368 52 30 att
1296 2365 103 34 sådan
1418 2366 125 34 motion
1560 2372 83 28 även
1661 2379 114 22 senare

1043 2415 54 31 må
1114 2413 135 34 väckas.
