<?xml version="1.0" encoding="UTF-8"?>
<alto xmlns="http://www.loc.gov/standards/alto/ns-v3#" xmlns:xlink="http://www.w3.org/1999/xlink" xmlns:xsi="http://www.w3.org/2001/XMLSchema-instance" xsi:schemaLocation="http://www.loc.gov/standards/alto/ns-v3# http://www.loc.gov/alto/v3/alto-3-0.xsd">
	<Description>
		<MeasurementUnit>pixel</MeasurementUnit>
		<sourceImageInformation>
			<fileName>/tmp/tess_g_uhw42g_input.PNG</fileName>
		</sourceImageInformation>
		<OCRProcessing ID="OCR_0">
			<ocrProcessingStep>
				<processingSoftware>
					<softwareName>tesseract 5.3.0</softwareName>
				</processingSoftware>
			</ocrProcessingStep>
		</OCRProcessing>
	</Description>
	<Layout>
		<Page WIDTH="1874" HEIGHT="2804" PHYSICAL_IMG_NR="0" ID="page_0">
			<PrintSpace HPOS="0" VPOS="0" WIDTH="1874" HEIGHT="2804">
				<ComposedBlock ID="cblock_0" HPOS="276" VPOS="158" WIDTH="1106" HEIGHT="41">
					<TextBlock ID="block_0" HPOS="276" VPOS="158" WIDTH="1106" HEIGHT="41">
						<TextLine ID="line_0" HPOS="276" VPOS="158" WIDTH="1106" HEIGHT="41">
							<String ID="string_0" HPOS="276" VPOS="158" WIDTH="37" HEIGHT="29" WC="0.96" CONTENT="12"/><SP WIDTH="361" VPOS="158" HPOS="313"/>
							<String ID="string_1" HPOS="674" VPOS="163" WIDTH="116" HEIGHT="30" WC="0.93" CONTENT="Andra"/><SP WIDTH="22" VPOS="163" HPOS="790"/>
							<String ID="string_2" HPOS="812" VPOS="163" WIDTH="236" HEIGHT="36" WC="0.90" CONTENT="lagutskottets"/><SP WIDTH="24" VPOS="163" HPOS="1048"/>
							<String ID="string_3" HPOS="1072" VPOS="163" WIDTH="176" HEIGHT="31" WC="0.96" CONTENT="utlåtande"/><SP WIDTH="21" VPOS="163" HPOS="1248"/>
							<String ID="string_4" HPOS="1269" VPOS="174" WIDTH="41" HEIGHT="20" WC="0.95" CONTENT="nr"/><SP WIDTH="23" VPOS="174" HPOS="1310"/>
							<String ID="string_5" HPOS="1333" VPOS="164" WIDTH="49" HEIGHT="29" WC="0.94" CONTENT="38."/>
						</TextLine>
					</TextBlock>
				</ComposedBlock>
				<ComposedBlock ID="cblock_1" HPOS="276" VPOS="246" WIDTH="1510" HEIGHT="590">
					<TextBlock ID="block_1" HPOS="276" VPOS="246" WIDTH="1510" HEIGHT="590">
						<TextLine ID="line_1" HPOS="282" VPOS="246" WIDTH="1504" HEIGHT="37">
							<String ID="string_6" HPOS="282" VPOS="246" WIDTH="123" HEIGHT="36" WC="0.96" CONTENT="ningar"/><SP WIDTH="19" VPOS="246" HPOS="405"/>
							<String ID="string_7" HPOS="424" VPOS="247" WIDTH="94" HEIGHT="30" WC="0.96" CONTENT="inom"/><SP WIDTH="18" VPOS="247" HPOS="518"/>
							<String ID="string_8" HPOS="536" VPOS="246" WIDTH="222" HEIGHT="37" WC="0.95" CONTENT="näringslivet"/><SP WIDTH="19" VPOS="246" HPOS="758"/>
							<String ID="string_9" HPOS="777" VPOS="246" WIDTH="118" HEIGHT="31" WC="0.96" CONTENT="kunde"/><SP WIDTH="17" VPOS="246" HPOS="895"/>
							<String ID="string_10" HPOS="912" VPOS="246" WIDTH="136" HEIGHT="37" WC="0.96" CONTENT="åläggas"/><SP WIDTH="18" VPOS="246" HPOS="1048"/>
							<String ID="string_11" HPOS="1066" VPOS="250" WIDTH="49" HEIGHT="28" WC="0.95" CONTENT="att"/><SP WIDTH="18" VPOS="250" HPOS="1115"/>
							<String ID="string_12" HPOS="1133" VPOS="247" WIDTH="54" HEIGHT="30" WC="0.95" CONTENT="för"/><SP WIDTH="22" VPOS="247" HPOS="1187"/>
							<String ID="string_13" HPOS="1209" VPOS="247" WIDTH="216" HEIGHT="36" WC="0.96" CONTENT="registrering"/><SP WIDTH="18" VPOS="247" HPOS="1425"/>
							<String ID="string_14" HPOS="1443" VPOS="248" WIDTH="62" HEIGHT="29" WC="0.96" CONTENT="hos"/><SP WIDTH="21" VPOS="248" HPOS="1505"/>
							<String ID="string_15" HPOS="1526" VPOS="247" WIDTH="260" HEIGHT="31" WC="0.96" CONTENT="vederbörande"/>
						</TextLine>
						<TextLine ID="line_2" HPOS="280" VPOS="297" WIDTH="1502" HEIGHT="35">
							<String ID="string_16" HPOS="280" VPOS="297" WIDTH="361" HEIGHT="35" WC="0.89" CONTENT="övervakningsorgan"/><SP WIDTH="38" VPOS="297" HPOS="641"/>
							<String ID="string_17" HPOS="679" VPOS="297" WIDTH="138" HEIGHT="30" WC="0.93" CONTENT="anmäla"/><SP WIDTH="34" VPOS="297" HPOS="817"/>
							<String ID="string_18" HPOS="851" VPOS="297" WIDTH="457" HEIGHT="35" WC="0.92" CONTENT="konkurrensbegränsande"/><SP WIDTH="36" VPOS="297" HPOS="1308"/>
							<String ID="string_19" HPOS="1344" VPOS="299" WIDTH="352" HEIGHT="29" WC="0.88" CONTENT="överenskommelser"/><SP WIDTH="22" VPOS="299" HPOS="1696"/>
							<String ID="string_20" HPOS="1718" VPOS="299" WIDTH="64" HEIGHT="30" WC="0.96" CONTENT="och"/>
						</TextLine>
						<TextLine ID="line_3" HPOS="282" VPOS="346" WIDTH="1500" HEIGHT="38">
							<String ID="string_21" HPOS="282" VPOS="356" WIDTH="73" HEIGHT="21" WC="0.96" CONTENT="som"/><SP WIDTH="23" VPOS="356" HPOS="355"/>
							<String ID="string_22" HPOS="378" VPOS="347" WIDTH="117" HEIGHT="30" WC="0.93" CONTENT="vidare"/><SP WIDTH="20" VPOS="347" HPOS="495"/>
							<String ID="string_23" HPOS="515" VPOS="346" WIDTH="85" HEIGHT="37" WC="0.91" CONTENT="gåve"/><SP WIDTH="22" VPOS="346" HPOS="600"/>
							<String ID="string_24" HPOS="622" VPOS="347" WIDTH="361" HEIGHT="36" WC="0.91" CONTENT="övervakningsorgan"/><SP WIDTH="22" VPOS="347" HPOS="983"/>
							<String ID="string_25" HPOS="1005" VPOS="347" WIDTH="206" HEIGHT="36" WC="0.96" CONTENT="befogenhet"/><SP WIDTH="22" VPOS="347" HPOS="1211"/>
							<String ID="string_26" HPOS="1233" VPOS="350" WIDTH="48" HEIGHT="27" WC="0.96" CONTENT="att"/><SP WIDTH="23" VPOS="350" HPOS="1281"/>
							<String ID="string_27" HPOS="1304" VPOS="349" WIDTH="56" HEIGHT="28" WC="0.93" CONTENT="för"/><SP WIDTH="21" VPOS="349" HPOS="1360"/>
							<String ID="string_28" HPOS="1381" VPOS="348" WIDTH="401" HEIGHT="36" WC="0.91" CONTENT="specialundersökning-"/>
						</TextLine>
						<TextLine ID="line_4" HPOS="281" VPOS="397" WIDTH="1505" HEIGHT="37">
							<String ID="string_29" HPOS="281" VPOS="407" WIDTH="56" HEIGHT="20" WC="0.95" CONTENT="ars"/><SP WIDTH="26" VPOS="407" HPOS="337"/>
							<String ID="string_30" HPOS="363" VPOS="397" WIDTH="272" HEIGHT="36" WC="0.96" CONTENT="genomförande"/><SP WIDTH="27" VPOS="397" HPOS="635"/>
							<String ID="string_31" HPOS="662" VPOS="398" WIDTH="157" HEIGHT="30" WC="0.96" CONTENT="inhämta"/><SP WIDTH="26" VPOS="398" HPOS="819"/>
							<String ID="string_32" HPOS="845" VPOS="398" WIDTH="126" HEIGHT="35" WC="0.96" CONTENT="nödiga"/><SP WIDTH="26" VPOS="398" HPOS="971"/>
							<String ID="string_33" HPOS="997" VPOS="398" WIDTH="184" HEIGHT="36" WC="0.93" CONTENT="uppgifter."/><SP WIDTH="41" VPOS="398" HPOS="1181"/>
							<String ID="string_34" HPOS="1222" VPOS="398" WIDTH="242" HEIGHT="35" WC="0.91" CONTENT="Stadgandena"/><SP WIDTH="27" VPOS="398" HPOS="1464"/>
							<String ID="string_35" HPOS="1491" VPOS="399" WIDTH="9" HEIGHT="28" WC="0.96" CONTENT="i"/><SP WIDTH="34" VPOS="399" HPOS="1500"/>
							<String ID="string_36" HPOS="1534" VPOS="399" WIDTH="81" HEIGHT="29" WC="0.96" CONTENT="1925"/><SP WIDTH="28" VPOS="399" HPOS="1615"/>
							<String ID="string_37" HPOS="1643" VPOS="398" WIDTH="54" HEIGHT="31" WC="0.96" CONTENT="års"/><SP WIDTH="31" VPOS="398" HPOS="1697"/>
							<String ID="string_38" HPOS="1728" VPOS="400" WIDTH="58" HEIGHT="33" WC="0.96" CONTENT="lag"/>
						</TextLine>
						<TextLine ID="line_5" HPOS="279" VPOS="448" WIDTH="1500" HEIGHT="38">
							<String ID="string_39" HPOS="279" VPOS="448" WIDTH="142" HEIGHT="36" WC="0.91" CONTENT="erbjöde"/><SP WIDTH="28" VPOS="448" HPOS="421"/>
							<String ID="string_40" HPOS="449" VPOS="448" WIDTH="196" HEIGHT="37" WC="0.96" CONTENT="visserligen"/><SP WIDTH="30" VPOS="448" HPOS="645"/>
							<String ID="string_41" HPOS="675" VPOS="448" WIDTH="216" HEIGHT="37" WC="0.93" CONTENT="möjligheter"/><SP WIDTH="30" VPOS="448" HPOS="891"/>
							<String ID="string_42" HPOS="921" VPOS="449" WIDTH="221" HEIGHT="30" WC="0.92" CONTENT="härutinnan."/><SP WIDTH="33" VPOS="449" HPOS="1142"/>
							<String ID="string_43" HPOS="1175" VPOS="449" WIDTH="73" HEIGHT="30" WC="0.92" CONTENT="Den"/><SP WIDTH="32" VPOS="449" HPOS="1248"/>
							<String ID="string_44" HPOS="1280" VPOS="450" WIDTH="173" HEIGHT="30" WC="0.92" CONTENT="innehölle"/><SP WIDTH="30" VPOS="450" HPOS="1453"/>
							<String ID="string_45" HPOS="1483" VPOS="451" WIDTH="187" HEIGHT="30" WC="0.96" CONTENT="emellertid"/><SP WIDTH="30" VPOS="451" HPOS="1670"/>
							<String ID="string_46" HPOS="1700" VPOS="451" WIDTH="79" HEIGHT="35" WC="0.96" CONTENT="inga"/>
						</TextLine>
						<TextLine ID="line_6" HPOS="279" VPOS="498" WIDTH="1499" HEIGHT="38">
							<String ID="string_47" HPOS="279" VPOS="499" WIDTH="169" HEIGHT="35" WC="0.96" CONTENT="generella"/><SP WIDTH="18" VPOS="499" HPOS="448"/>
							<String ID="string_48" HPOS="466" VPOS="499" WIDTH="258" HEIGHT="30" WC="0.96" CONTENT="bestämmelser"/><SP WIDTH="16" VPOS="499" HPOS="724"/>
							<String ID="string_49" HPOS="740" VPOS="508" WIDTH="57" HEIGHT="20" WC="0.96" CONTENT="om"/><SP WIDTH="22" VPOS="508" HPOS="797"/>
							<String ID="string_50" HPOS="819" VPOS="499" WIDTH="220" HEIGHT="36" WC="0.96" CONTENT="fortlöpande"/><SP WIDTH="18" VPOS="499" HPOS="1039"/>
							<String ID="string_51" HPOS="1057" VPOS="499" WIDTH="159" HEIGHT="37" WC="0.96" CONTENT="offentlig"/><SP WIDTH="20" VPOS="499" HPOS="1216"/>
							<String ID="string_52" HPOS="1236" VPOS="498" WIDTH="116" HEIGHT="37" WC="0.96" CONTENT="tillsyn"/><SP WIDTH="20" VPOS="498" HPOS="1352"/>
							<String ID="string_53" HPOS="1372" VPOS="501" WIDTH="80" HEIGHT="29" WC="0.93" CONTENT="över"/><SP WIDTH="19" VPOS="501" HPOS="1452"/>
							<String ID="string_54" HPOS="1471" VPOS="500" WIDTH="307" HEIGHT="36" WC="0.92" CONTENT="näringsområden"/>
						</TextLine>
						<TextLine ID="line_7" HPOS="277" VPOS="549" WIDTH="1502" HEIGHT="37">
							<String ID="string_55" HPOS="277" VPOS="549" WIDTH="79" HEIGHT="30" WC="0.96" CONTENT="med"/><SP WIDTH="19" VPOS="549" HPOS="356"/>
							<String ID="string_56" HPOS="375" VPOS="549" WIDTH="223" HEIGHT="36" WC="0.96" CONTENT="ofullständig"/><SP WIDTH="20" VPOS="549" HPOS="598"/>
							<String ID="string_57" HPOS="618" VPOS="550" WIDTH="227" HEIGHT="29" WC="0.95" CONTENT="konkurrens."/><SP WIDTH="22" VPOS="550" HPOS="845"/>
							<String ID="string_58" HPOS="867" VPOS="549" WIDTH="124" HEIGHT="30" WC="0.93" CONTENT="Vidare"/><SP WIDTH="18" VPOS="549" HPOS="991"/>
							<String ID="string_59" HPOS="1009" VPOS="549" WIDTH="81" HEIGHT="30" WC="0.92" CONTENT="fölle"/><SP WIDTH="23" VPOS="549" HPOS="1090"/>
							<String ID="string_60" HPOS="1113" VPOS="552" WIDTH="91" HEIGHT="27" WC="0.93" CONTENT="stora"/><SP WIDTH="20" VPOS="552" HPOS="1204"/>
							<String ID="string_61" HPOS="1224" VPOS="550" WIDTH="114" HEIGHT="35" WC="0.92" CONTENT="yrkes-"/><SP WIDTH="20" VPOS="550" HPOS="1338"/>
							<String ID="string_62" HPOS="1358" VPOS="551" WIDTH="67" HEIGHT="29" WC="0.93" CONTENT="och"/><SP WIDTH="20" VPOS="551" HPOS="1425"/>
							<String ID="string_63" HPOS="1445" VPOS="550" WIDTH="334" HEIGHT="36" WC="0.92" CONTENT="näringskategorier"/>
						</TextLine>
						<TextLine ID="line_8" HPOS="277" VPOS="599" WIDTH="1500" HEIGHT="36">
							<String ID="string_64" HPOS="277" VPOS="599" WIDTH="142" HEIGHT="30" WC="0.95" CONTENT="utanför"/><SP WIDTH="27" VPOS="599" HPOS="419"/>
							<String ID="string_65" HPOS="446" VPOS="600" WIDTH="76" HEIGHT="30" WC="0.93" CONTENT="dess"/><SP WIDTH="27" VPOS="600" HPOS="522"/>
							<String ID="string_66" HPOS="549" VPOS="599" WIDTH="411" HEIGHT="36" WC="0.90" CONTENT="tillämplighetsområde."/><SP WIDTH="29" VPOS="599" HPOS="960"/>
							<String ID="string_67" HPOS="989" VPOS="599" WIDTH="67" HEIGHT="30" WC="0.96" CONTENT="För"/><SP WIDTH="28" VPOS="599" HPOS="1056"/>
							<String ID="string_68" HPOS="1084" VPOS="600" WIDTH="109" HEIGHT="35" WC="0.96" CONTENT="övrigt"/><SP WIDTH="29" VPOS="600" HPOS="1193"/>
							<String ID="string_69" HPOS="1222" VPOS="600" WIDTH="89" HEIGHT="30" WC="0.96" CONTENT="hade"/><SP WIDTH="29" VPOS="600" HPOS="1311"/>
							<String ID="string_70" HPOS="1340" VPOS="600" WIDTH="98" HEIGHT="35" WC="0.96" CONTENT="lagen"/><SP WIDTH="30" VPOS="600" HPOS="1438"/>
							<String ID="string_71" HPOS="1468" VPOS="600" WIDTH="145" HEIGHT="30" WC="0.96" CONTENT="kommit"/><SP WIDTH="27" VPOS="600" HPOS="1613"/>
							<String ID="string_72" HPOS="1640" VPOS="601" WIDTH="50" HEIGHT="30" WC="0.93" CONTENT="till"/><SP WIDTH="28" VPOS="601" HPOS="1690"/>
							<String ID="string_73" HPOS="1718" VPOS="609" WIDTH="59" HEIGHT="21" WC="0.92" CONTENT="an-"/>
						</TextLine>
						<TextLine ID="line_9" HPOS="277" VPOS="649" WIDTH="1500" HEIGHT="38">
							<String ID="string_74" HPOS="277" VPOS="650" WIDTH="176" HEIGHT="35" WC="0.95" CONTENT="vändning"/><SP WIDTH="22" VPOS="650" HPOS="453"/>
							<String ID="string_75" HPOS="475" VPOS="649" WIDTH="120" HEIGHT="31" WC="0.95" CONTENT="endast"/><SP WIDTH="22" VPOS="649" HPOS="595"/>
							<String ID="string_76" HPOS="617" VPOS="650" WIDTH="10" HEIGHT="29" WC="0.96" CONTENT="i"/><SP WIDTH="23" VPOS="650" HPOS="627"/>
							<String ID="string_77" HPOS="650" VPOS="651" WIDTH="46" HEIGHT="29" WC="0.96" CONTENT="ett"/><SP WIDTH="24" VPOS="651" HPOS="696"/>
							<String ID="string_78" HPOS="720" VPOS="649" WIDTH="85" HEIGHT="30" WC="0.96" CONTENT="fåtal"/><SP WIDTH="22" VPOS="649" HPOS="805"/>
							<String ID="string_79" HPOS="827" VPOS="650" WIDTH="72" HEIGHT="29" WC="0.95" CONTENT="fall."/><SP WIDTH="24" VPOS="650" HPOS="899"/>
							<String ID="string_80" HPOS="923" VPOS="649" WIDTH="113" HEIGHT="36" WC="0.96" CONTENT="Enligt"/><SP WIDTH="22" VPOS="649" HPOS="1036"/>
							<String ID="string_81" HPOS="1058" VPOS="649" WIDTH="289" HEIGHT="31" WC="0.96" CONTENT="kommissionens"/><SP WIDTH="24" VPOS="649" HPOS="1347"/>
							<String ID="string_82" HPOS="1371" VPOS="649" WIDTH="223" HEIGHT="38" WC="0.96" CONTENT="uppfattning"/><SP WIDTH="23" VPOS="649" HPOS="1594"/>
							<String ID="string_83" HPOS="1617" VPOS="659" WIDTH="80" HEIGHT="22" WC="0.96" CONTENT="vore"/><SP WIDTH="24" VPOS="659" HPOS="1697"/>
							<String ID="string_84" HPOS="1721" VPOS="652" WIDTH="56" HEIGHT="29" WC="0.96" CONTENT="det"/>
						</TextLine>
						<TextLine ID="line_10" HPOS="276" VPOS="699" WIDTH="1499" HEIGHT="37">
							<String ID="string_85" HPOS="276" VPOS="700" WIDTH="120" HEIGHT="30" WC="0.96" CONTENT="därför"/><SP WIDTH="15" VPOS="700" HPOS="396"/>
							<String ID="string_86" HPOS="411" VPOS="700" WIDTH="211" HEIGHT="36" WC="0.95" CONTENT="nödvändigt"/><SP WIDTH="17" VPOS="700" HPOS="622"/>
							<String ID="string_87" HPOS="639" VPOS="703" WIDTH="48" HEIGHT="27" WC="0.96" CONTENT="att"/><SP WIDTH="14" VPOS="703" HPOS="687"/>
							<String ID="string_88" HPOS="701" VPOS="700" WIDTH="204" HEIGHT="35" WC="0.96" CONTENT="genomföra"/><SP WIDTH="16" VPOS="700" HPOS="905"/>
							<String ID="string_89" HPOS="921" VPOS="709" WIDTH="41" HEIGHT="21" WC="0.96" CONTENT="en"/><SP WIDTH="15" VPOS="709" HPOS="962"/>
							<String ID="string_90" HPOS="977" VPOS="709" WIDTH="94" HEIGHT="20" WC="0.96" CONTENT="mera"/><SP WIDTH="16" VPOS="709" HPOS="1071"/>
							<String ID="string_91" HPOS="1087" VPOS="700" WIDTH="215" HEIGHT="30" WC="0.96" CONTENT="omfattande"/><SP WIDTH="16" VPOS="700" HPOS="1302"/>
							<String ID="string_92" HPOS="1318" VPOS="699" WIDTH="214" HEIGHT="37" WC="0.96" CONTENT="lagstiftning"/><SP WIDTH="16" VPOS="699" HPOS="1532"/>
							<String ID="string_93" HPOS="1548" VPOS="700" WIDTH="45" HEIGHT="36" WC="0.96" CONTENT="på"/><SP WIDTH="16" VPOS="700" HPOS="1593"/>
							<String ID="string_94" HPOS="1609" VPOS="701" WIDTH="166" HEIGHT="30" WC="0.96" CONTENT="området."/>
						</TextLine>
						<TextLine ID="line_11" HPOS="324" VPOS="748" WIDTH="1457" HEIGHT="37">
							<String ID="string_95" HPOS="324" VPOS="749" WIDTH="278" HEIGHT="30" WC="0.93" CONTENT="Kommissionen"/><SP WIDTH="24" VPOS="749" HPOS="602"/>
							<String ID="string_96" HPOS="626" VPOS="750" WIDTH="195" HEIGHT="35" WC="0.92" CONTENT="uppdrager"/><SP WIDTH="25" VPOS="750" HPOS="821"/>
							<String ID="string_97" HPOS="846" VPOS="749" WIDTH="10" HEIGHT="29" WC="0.96" CONTENT="i"/><SP WIDTH="23" VPOS="749" HPOS="856"/>
							<String ID="string_98" HPOS="879" VPOS="749" WIDTH="232" HEIGHT="30" WC="0.95" CONTENT="betänkandet"/><SP WIDTH="22" VPOS="749" HPOS="1111"/>
							<String ID="string_99" HPOS="1133" VPOS="748" WIDTH="129" HEIGHT="36" WC="0.96" CONTENT="jämväl"/><SP WIDTH="25" VPOS="748" HPOS="1262"/>
							<String ID="string_100" HPOS="1287" VPOS="748" WIDTH="218" HEIGHT="36" WC="0.96" CONTENT="riktlinjerna"/><SP WIDTH="24" VPOS="748" HPOS="1505"/>
							<String ID="string_101" HPOS="1529" VPOS="750" WIDTH="54" HEIGHT="29" WC="0.96" CONTENT="för"/><SP WIDTH="26" VPOS="750" HPOS="1583"/>
							<String ID="string_102" HPOS="1609" VPOS="759" WIDTH="41" HEIGHT="20" WC="0.96" CONTENT="en"/><SP WIDTH="23" VPOS="759" HPOS="1650"/>
							<String ID="string_103" HPOS="1673" VPOS="749" WIDTH="108" HEIGHT="30" WC="0.96" CONTENT="sådan"/>
						</TextLine>
						<TextLine ID="line_12" HPOS="279" VPOS="799" WIDTH="1372" HEIGHT="37">
							<String ID="string_104" HPOS="279" VPOS="800" WIDTH="166" HEIGHT="36" WC="0.96" CONTENT="utvidgad"/><SP WIDTH="20" VPOS="800" HPOS="445"/>
							<String ID="string_105" HPOS="465" VPOS="799" WIDTH="223" HEIGHT="36" WC="0.96" CONTENT="lagstiftning."/><SP WIDTH="34" VPOS="799" HPOS="688"/>
							<String ID="string_106" HPOS="722" VPOS="800" WIDTH="12" HEIGHT="29" WC="0.96" CONTENT="I"/><SP WIDTH="23" VPOS="800" HPOS="734"/>
							<String ID="string_107" HPOS="757" VPOS="800" WIDTH="56" HEIGHT="29" WC="0.96" CONTENT="det"/><SP WIDTH="23" VPOS="800" HPOS="813"/>
							<String ID="string_108" HPOS="836" VPOS="799" WIDTH="153" HEIGHT="36" WC="0.96" CONTENT="följande"/><SP WIDTH="21" VPOS="799" HPOS="989"/>
							<String ID="string_109" HPOS="1010" VPOS="800" WIDTH="135" HEIGHT="29" WC="0.95" CONTENT="lämnas"/><SP WIDTH="22" VPOS="800" HPOS="1145"/>
							<String ID="string_110" HPOS="1167" VPOS="809" WIDTH="41" HEIGHT="20" WC="0.96" CONTENT="en"/><SP WIDTH="21" VPOS="809" HPOS="1208"/>
							<String ID="string_111" HPOS="1229" VPOS="799" WIDTH="215" HEIGHT="36" WC="0.96" CONTENT="redogörelse"/><SP WIDTH="24" VPOS="799" HPOS="1444"/>
							<String ID="string_112" HPOS="1468" VPOS="799" WIDTH="54" HEIGHT="30" WC="0.96" CONTENT="för"/><SP WIDTH="21" VPOS="799" HPOS="1522"/>
							<String ID="string_113" HPOS="1543" VPOS="799" WIDTH="108" HEIGHT="31" WC="0.96" CONTENT="dessa."/>
						</TextLine>
					</TextBlock>
				</ComposedBlock>
				<ComposedBlock ID="cblock_2" HPOS="278" VPOS="874" WIDTH="1505" HEIGHT="138">
					<TextBlock ID="block_2" HPOS="278" VPOS="874" WIDTH="1505" HEIGHT="138">
						<TextLine ID="line_13" HPOS="324" VPOS="874" WIDTH="1457" HEIGHT="37">
							<String ID="string_114" HPOS="324" VPOS="874" WIDTH="224" HEIGHT="31" WC="0.93" CONTENT="Beträffande"/><SP WIDTH="53" VPOS="874" HPOS="548"/>
							<String ID="string_115" HPOS="601" VPOS="874" WIDTH="305" HEIGHT="37" WC="0.90" CONTENT="spörsmålet"/><SP WIDTH="51" VPOS="874" HPOS="906"/>
							<String ID="string_116" HPOS="957" VPOS="884" WIDTH="66" HEIGHT="21" WC="0.96" CONTENT="om"/><SP WIDTH="51" VPOS="884" HPOS="1023"/>
							<String ID="string_117" HPOS="1074" VPOS="875" WIDTH="136" HEIGHT="29" WC="0.95" CONTENT="vilka"/><SP WIDTH="53" VPOS="875" HPOS="1210"/>
							<String ID="string_118" HPOS="1263" VPOS="876" WIDTH="367" HEIGHT="35" WC="0.96" CONTENT="yrkesutövare"/><SP WIDTH="55" VPOS="876" HPOS="1630"/>
							<String ID="string_119" HPOS="1685" VPOS="884" WIDTH="96" HEIGHT="20" WC="0.96" CONTENT="som"/>
						</TextLine>
						<TextLine ID="line_14" HPOS="278" VPOS="924" WIDTH="1505" HEIGHT="37">
							<String ID="string_120" HPOS="278" VPOS="927" WIDTH="119" HEIGHT="29" WC="0.95" CONTENT="böra"/><SP WIDTH="42" VPOS="927" HPOS="397"/>
							<String ID="string_121" HPOS="439" VPOS="925" WIDTH="127" HEIGHT="30" WC="0.95" CONTENT="falla"/><SP WIDTH="43" VPOS="925" HPOS="566"/>
							<String ID="string_122" HPOS="609" VPOS="926" WIDTH="153" HEIGHT="29" WC="0.96" CONTENT="under"/><SP WIDTH="46" VPOS="926" HPOS="762"/>
							<String ID="string_123" HPOS="808" VPOS="926" WIDTH="172" HEIGHT="35" WC="0.93" CONTENT="lagens"/><SP WIDTH="43" VPOS="926" HPOS="980"/>
							<String ID="string_124" HPOS="1023" VPOS="924" WIDTH="612" HEIGHT="37" WC="0.90" CONTENT="tillämplighetsområde"/><SP WIDTH="45" VPOS="924" HPOS="1635"/>
							<String ID="string_125" HPOS="1680" VPOS="925" WIDTH="103" HEIGHT="30" WC="0.94" CONTENT="anför"/>
						</TextLine>
						<TextLine ID="line_15" HPOS="278" VPOS="975" WIDTH="563" HEIGHT="37">
							<String ID="string_126" HPOS="278" VPOS="976" WIDTH="272" HEIGHT="30" WC="0.96" CONTENT="kommissionen"/><SP WIDTH="16" VPOS="976" HPOS="550"/>
							<String ID="string_127" HPOS="566" VPOS="976" WIDTH="44" HEIGHT="30" WC="0.96" CONTENT="bl."/><SP WIDTH="19" VPOS="976" HPOS="610"/>
							<String ID="string_128" HPOS="629" VPOS="985" WIDTH="29" HEIGHT="21" WC="0.96" CONTENT="a."/><SP WIDTH="19" VPOS="985" HPOS="658"/>
							<String ID="string_129" HPOS="677" VPOS="975" WIDTH="164" HEIGHT="37" WC="0.96" CONTENT="följande."/>
						</TextLine>
					</TextBlock>
				</ComposedBlock>
				<ComposedBlock ID="cblock_3" HPOS="270" VPOS="1033" WIDTH="1512" HEIGHT="1469">
					<TextBlock ID="block_3" HPOS="273" VPOS="1033" WIDTH="1509" HEIGHT="870">
						<TextLine ID="line_16" HPOS="323" VPOS="1033" WIDTH="1459" HEIGHT="37">
							<String ID="string_130" HPOS="323" VPOS="1035" WIDTH="48" HEIGHT="29" WC="0.96" CONTENT="Ur"/><SP WIDTH="18" VPOS="1035" HPOS="371"/>
							<String ID="string_131" HPOS="389" VPOS="1034" WIDTH="237" HEIGHT="35" WC="0.96" CONTENT="samhälleliga"/><SP WIDTH="20" VPOS="1034" HPOS="626"/>
							<String ID="string_132" HPOS="646" VPOS="1035" WIDTH="214" HEIGHT="35" WC="0.96" CONTENT="synpunkter"/><SP WIDTH="18" VPOS="1035" HPOS="860"/>
							<String ID="string_133" HPOS="878" VPOS="1035" WIDTH="38" HEIGHT="28" WC="0.96" CONTENT="är"/><SP WIDTH="21" VPOS="1035" HPOS="916"/>
							<String ID="string_134" HPOS="937" VPOS="1034" WIDTH="55" HEIGHT="29" WC="0.96" CONTENT="det"/><SP WIDTH="17" VPOS="1034" HPOS="992"/>
							<String ID="string_135" HPOS="1009" VPOS="1035" WIDTH="175" HEIGHT="34" WC="0.96" CONTENT="önskvärt,"/><SP WIDTH="20" VPOS="1035" HPOS="1184"/>
							<String ID="string_136" HPOS="1204" VPOS="1037" WIDTH="48" HEIGHT="27" WC="0.96" CONTENT="att"/><SP WIDTH="20" VPOS="1037" HPOS="1252"/>
							<String ID="string_137" HPOS="1272" VPOS="1043" WIDTH="42" HEIGHT="21" WC="0.96" CONTENT="en"/><SP WIDTH="18" VPOS="1043" HPOS="1314"/>
							<String ID="string_138" HPOS="1332" VPOS="1034" WIDTH="57" HEIGHT="36" WC="0.96" CONTENT="lag"/><SP WIDTH="17" VPOS="1034" HPOS="1389"/>
							<String ID="string_139" HPOS="1406" VPOS="1043" WIDTH="57" HEIGHT="20" WC="0.96" CONTENT="om"/><SP WIDTH="22" VPOS="1043" HPOS="1463"/>
							<String ID="string_140" HPOS="1485" VPOS="1033" WIDTH="235" HEIGHT="37" WC="0.95" CONTENT="övervakning"/><SP WIDTH="19" VPOS="1033" HPOS="1720"/>
							<String ID="string_141" HPOS="1739" VPOS="1043" WIDTH="43" HEIGHT="21" WC="0.95" CONTENT="av"/>
						</TextLine>
						<TextLine ID="line_17" HPOS="276" VPOS="1075" WIDTH="1503" HEIGHT="37">
							<String ID="string_142" HPOS="276" VPOS="1075" WIDTH="458" HEIGHT="36" WC="0.91" CONTENT="konkurrensbegränsande"/><SP WIDTH="22" VPOS="1075" HPOS="734"/>
							<String ID="string_143" HPOS="756" VPOS="1076" WIDTH="198" HEIGHT="30" WC="0.95" CONTENT="företeelser"/><SP WIDTH="16" VPOS="1076" HPOS="954"/>
							<String ID="string_144" HPOS="970" VPOS="1077" WIDTH="97" HEIGHT="35" WC="0.96" CONTENT="göres"/><SP WIDTH="22" VPOS="1077" HPOS="1067"/>
							<String ID="string_145" HPOS="1089" VPOS="1076" WIDTH="181" HEIGHT="35" WC="0.96" CONTENT="tillämplig"/><SP WIDTH="21" VPOS="1076" HPOS="1270"/>
							<String ID="string_146" HPOS="1291" VPOS="1075" WIDTH="45" HEIGHT="37" WC="0.96" CONTENT="på"/><SP WIDTH="21" VPOS="1075" HPOS="1336"/>
							<String ID="string_147" HPOS="1357" VPOS="1076" WIDTH="159" HEIGHT="35" WC="0.96" CONTENT="samtliga"/><SP WIDTH="22" VPOS="1076" HPOS="1516"/>
							<String ID="string_148" HPOS="1538" VPOS="1076" WIDTH="133" HEIGHT="36" WC="0.96" CONTENT="företag"/><SP WIDTH="18" VPOS="1076" HPOS="1671"/>
							<String ID="string_149" HPOS="1689" VPOS="1076" WIDTH="11" HEIGHT="29" WC="0.93" CONTENT="i"/><SP WIDTH="24" VPOS="1076" HPOS="1700"/>
							<String ID="string_150" HPOS="1724" VPOS="1085" WIDTH="55" HEIGHT="21" WC="0.92" CONTENT="en-"/>
						</TextLine>
						<TextLine ID="line_18" HPOS="277" VPOS="1117" WIDTH="1502" HEIGHT="38">
							<String ID="string_151" HPOS="277" VPOS="1117" WIDTH="101" HEIGHT="36" WC="0.96" CONTENT="skild,"/><SP WIDTH="19" VPOS="1117" HPOS="378"/>
							<String ID="string_152" HPOS="397" VPOS="1118" WIDTH="211" HEIGHT="35" WC="0.96" CONTENT="kooperativ,"/><SP WIDTH="19" VPOS="1118" HPOS="608"/>
							<String ID="string_153" HPOS="627" VPOS="1118" WIDTH="205" HEIGHT="29" WC="0.95" CONTENT="kommunal"/><SP WIDTH="18" VPOS="1118" HPOS="832"/>
							<String ID="string_154" HPOS="850" VPOS="1118" WIDTH="82" HEIGHT="29" WC="0.96" CONTENT="eller"/><SP WIDTH="17" VPOS="1118" HPOS="932"/>
							<String ID="string_155" HPOS="949" VPOS="1118" WIDTH="113" HEIGHT="35" WC="0.95" CONTENT="statlig"/><SP WIDTH="19" VPOS="1118" HPOS="1062"/>
							<String ID="string_156" HPOS="1081" VPOS="1118" WIDTH="92" HEIGHT="29" WC="0.96" CONTENT="drift."/><SP WIDTH="21" VPOS="1118" HPOS="1173"/>
							<String ID="string_157" HPOS="1194" VPOS="1118" WIDTH="63" HEIGHT="30" WC="0.96" CONTENT="Det"/><SP WIDTH="18" VPOS="1118" HPOS="1257"/>
							<String ID="string_158" HPOS="1275" VPOS="1127" WIDTH="100" HEIGHT="28" WC="0.95" CONTENT="synes"/><SP WIDTH="22" VPOS="1127" HPOS="1375"/>
							<String ID="string_159" HPOS="1397" VPOS="1118" WIDTH="116" HEIGHT="30" WC="0.96" CONTENT="vidare"/><SP WIDTH="21" VPOS="1118" HPOS="1513"/>
							<String ID="string_160" HPOS="1534" VPOS="1118" WIDTH="30" HEIGHT="36" WC="0.93" CONTENT="ej"/><SP WIDTH="20" VPOS="1118" HPOS="1564"/>
							<String ID="string_161" HPOS="1584" VPOS="1117" WIDTH="195" HEIGHT="31" WC="0.92" CONTENT="ändamåls-"/>
						</TextLine>
						<TextLine ID="line_19" HPOS="276" VPOS="1159" WIDTH="1505" HEIGHT="37">
							<String ID="string_162" HPOS="276" VPOS="1160" WIDTH="104" HEIGHT="35" WC="0.96" CONTENT="enligt"/><SP WIDTH="36" VPOS="1160" HPOS="380"/>
							<String ID="string_163" HPOS="416" VPOS="1163" WIDTH="49" HEIGHT="28" WC="0.96" CONTENT="att"/><SP WIDTH="36" VPOS="1163" HPOS="465"/>
							<String ID="string_164" HPOS="501" VPOS="1169" WIDTH="74" HEIGHT="21" WC="0.96" CONTENT="som"/><SP WIDTH="35" VPOS="1169" HPOS="575"/>
							<String ID="string_165" HPOS="610" VPOS="1159" WIDTH="10" HEIGHT="30" WC="0.96" CONTENT="i"/><SP WIDTH="38" VPOS="1159" HPOS="620"/>
							<String ID="string_166" HPOS="658" VPOS="1160" WIDTH="81" HEIGHT="29" WC="0.94" CONTENT="1925"/><SP WIDTH="26" VPOS="1160" HPOS="739"/>
							<String ID="string_167" HPOS="765" VPOS="1159" WIDTH="56" HEIGHT="31" WC="0.96" CONTENT="års"/><SP WIDTH="25" VPOS="1159" HPOS="821"/>
							<String ID="string_168" HPOS="846" VPOS="1160" WIDTH="56" HEIGHT="35" WC="0.96" CONTENT="lag"/><SP WIDTH="22" VPOS="1160" HPOS="902"/>
							<String ID="string_169" HPOS="924" VPOS="1160" WIDTH="167" HEIGHT="36" WC="0.96" CONTENT="begränsa"/><SP WIDTH="27" VPOS="1160" HPOS="1091"/>
							<String ID="string_170" HPOS="1118" VPOS="1160" WIDTH="99" HEIGHT="35" WC="0.96" CONTENT="lagen"/><SP WIDTH="25" VPOS="1160" HPOS="1217"/>
							<String ID="string_171" HPOS="1242" VPOS="1159" WIDTH="43" HEIGHT="37" WC="0.96" CONTENT="på"/><SP WIDTH="24" VPOS="1159" HPOS="1285"/>
							<String ID="string_172" HPOS="1309" VPOS="1159" WIDTH="125" HEIGHT="31" WC="0.96" CONTENT="sådant"/><SP WIDTH="26" VPOS="1159" HPOS="1434"/>
							<String ID="string_173" HPOS="1460" VPOS="1161" WIDTH="75" HEIGHT="34" WC="0.95" CONTENT="sätt,"/><SP WIDTH="25" VPOS="1161" HPOS="1535"/>
							<String ID="string_174" HPOS="1560" VPOS="1164" WIDTH="49" HEIGHT="27" WC="0.96" CONTENT="att"/><SP WIDTH="26" VPOS="1164" HPOS="1609"/>
							<String ID="string_175" HPOS="1635" VPOS="1159" WIDTH="146" HEIGHT="37" WC="0.96" CONTENT="tjänster"/>
						</TextLine>
						<TextLine ID="line_20" HPOS="275" VPOS="1201" WIDTH="1503" HEIGHT="37">
							<String ID="string_176" HPOS="275" VPOS="1211" WIDTH="43" HEIGHT="21" WC="0.96" CONTENT="av"/><SP WIDTH="27" VPOS="1211" HPOS="318"/>
							<String ID="string_177" HPOS="345" VPOS="1204" WIDTH="106" HEIGHT="27" WC="0.96" CONTENT="annat"/><SP WIDTH="24" VPOS="1204" HPOS="451"/>
							<String ID="string_178" HPOS="475" VPOS="1203" WIDTH="72" HEIGHT="34" WC="0.95" CONTENT="slag"/><SP WIDTH="23" VPOS="1203" HPOS="547"/>
							<String ID="string_179" HPOS="570" VPOS="1203" WIDTH="44" HEIGHT="28" WC="0.93" CONTENT="än"/><SP WIDTH="26" VPOS="1203" HPOS="614"/>
							<String ID="string_180" HPOS="640" VPOS="1201" WIDTH="322" HEIGHT="36" WC="0.91" CONTENT="transporttjänster"/><SP WIDTH="23" VPOS="1201" HPOS="962"/>
							<String ID="string_181" HPOS="985" VPOS="1205" WIDTH="88" HEIGHT="27" WC="0.96" CONTENT="samt"/><SP WIDTH="26" VPOS="1205" HPOS="1073"/>
							<String ID="string_182" HPOS="1099" VPOS="1203" WIDTH="42" HEIGHT="29" WC="0.96" CONTENT="de"/><SP WIDTH="24" VPOS="1203" HPOS="1141"/>
							<String ID="string_183" HPOS="1165" VPOS="1202" WIDTH="152" HEIGHT="36" WC="0.96" CONTENT="tjänster,"/><SP WIDTH="27" VPOS="1202" HPOS="1317"/>
							<String ID="string_184" HPOS="1344" VPOS="1212" WIDTH="74" HEIGHT="20" WC="0.96" CONTENT="som"/><SP WIDTH="25" VPOS="1212" HPOS="1418"/>
							<String ID="string_185" HPOS="1443" VPOS="1203" WIDTH="135" HEIGHT="29" WC="0.96" CONTENT="lämnas"/><SP WIDTH="25" VPOS="1203" HPOS="1578"/>
							<String ID="string_186" HPOS="1603" VPOS="1211" WIDTH="42" HEIGHT="21" WC="0.93" CONTENT="av"/><SP WIDTH="24" VPOS="1211" HPOS="1645"/>
							<String ID="string_187" HPOS="1669" VPOS="1203" WIDTH="109" HEIGHT="30" WC="0.92" CONTENT="bank-"/>
						</TextLine>
						<TextLine ID="line_21" HPOS="275" VPOS="1242" WIDTH="1505" HEIGHT="38">
							<String ID="string_188" HPOS="275" VPOS="1244" WIDTH="65" HEIGHT="29" WC="0.93" CONTENT="och"/><SP WIDTH="28" VPOS="1244" HPOS="340"/>
							<String ID="string_189" HPOS="368" VPOS="1244" WIDTH="388" HEIGHT="35" WC="0.91" CONTENT="försäkringsväsendet,"/><SP WIDTH="28" VPOS="1244" HPOS="756"/>
							<String ID="string_190" HPOS="784" VPOS="1245" WIDTH="135" HEIGHT="30" WC="0.96" CONTENT="lämnas"/><SP WIDTH="32" VPOS="1245" HPOS="919"/>
							<String ID="string_191" HPOS="951" VPOS="1244" WIDTH="140" HEIGHT="30" WC="0.96" CONTENT="utanför"/><SP WIDTH="27" VPOS="1244" HPOS="1091"/>
							<String ID="string_192" HPOS="1118" VPOS="1244" WIDTH="213" HEIGHT="31" WC="0.96" CONTENT="densamma."/><SP WIDTH="43" VPOS="1244" HPOS="1331"/>
							<String ID="string_193" HPOS="1374" VPOS="1242" WIDTH="94" HEIGHT="33" WC="0.96" CONTENT="Även"/><SP WIDTH="28" VPOS="1242" HPOS="1468"/>
							<String ID="string_194" HPOS="1496" VPOS="1245" WIDTH="110" HEIGHT="30" WC="0.96" CONTENT="andra"/><SP WIDTH="28" VPOS="1245" HPOS="1606"/>
							<String ID="string_195" HPOS="1634" VPOS="1246" WIDTH="72" HEIGHT="34" WC="0.96" CONTENT="slag"/><SP WIDTH="30" VPOS="1246" HPOS="1706"/>
							<String ID="string_196" HPOS="1736" VPOS="1254" WIDTH="44" HEIGHT="21" WC="0.96" CONTENT="av"/>
						</TextLine>
						<TextLine ID="line_22" HPOS="274" VPOS="1285" WIDTH="1504" HEIGHT="38">
							<String ID="string_197" HPOS="274" VPOS="1285" WIDTH="155" HEIGHT="36" WC="0.96" CONTENT="tjänster,"/><SP WIDTH="41" VPOS="1285" HPOS="429"/>
							<String ID="string_198" HPOS="470" VPOS="1286" WIDTH="126" HEIGHT="29" WC="0.96" CONTENT="liksom"/><SP WIDTH="41" VPOS="1286" HPOS="596"/>
							<String ID="string_199" HPOS="637" VPOS="1285" WIDTH="104" HEIGHT="31" WC="0.96" CONTENT="också"/><SP WIDTH="41" VPOS="1285" HPOS="741"/>
							<String ID="string_200" HPOS="782" VPOS="1285" WIDTH="191" HEIGHT="37" WC="0.95" CONTENT="upplåtelse"/><SP WIDTH="40" VPOS="1285" HPOS="973"/>
							<String ID="string_201" HPOS="1013" VPOS="1295" WIDTH="42" HEIGHT="20" WC="0.93" CONTENT="av"/><SP WIDTH="41" VPOS="1295" HPOS="1055"/>
							<String ID="string_202" HPOS="1096" VPOS="1287" WIDTH="421" HEIGHT="36" WC="0.91" CONTENT="förmögenhetsrättighet"/><SP WIDTH="33" VPOS="1287" HPOS="1517"/>
							<String ID="string_203" HPOS="1550" VPOS="1297" WIDTH="42" HEIGHT="20" WC="0.92" CONTENT="av"/><SP WIDTH="31" VPOS="1297" HPOS="1592"/>
							<String ID="string_204" HPOS="1623" VPOS="1287" WIDTH="155" HEIGHT="30" WC="0.91" CONTENT="immate-"/>
						</TextLine>
						<TextLine ID="line_23" HPOS="275" VPOS="1328" WIDTH="1504" HEIGHT="37">
							<String ID="string_205" HPOS="275" VPOS="1328" WIDTH="108" HEIGHT="29" WC="0.91" CONTENT="teriell"/><SP WIDTH="29" VPOS="1328" HPOS="383"/>
							<String ID="string_206" HPOS="412" VPOS="1331" WIDTH="62" HEIGHT="32" WC="0.95" CONTENT="art,"/><SP WIDTH="27" VPOS="1331" HPOS="474"/>
							<String ID="string_207" HPOS="501" VPOS="1328" WIDTH="84" HEIGHT="30" WC="0.95" CONTENT="böra"/><SP WIDTH="30" VPOS="1328" HPOS="585"/>
							<String ID="string_208" HPOS="615" VPOS="1328" WIDTH="82" HEIGHT="30" WC="0.95" CONTENT="falla"/><SP WIDTH="27" VPOS="1328" HPOS="697"/>
							<String ID="string_209" HPOS="724" VPOS="1328" WIDTH="111" HEIGHT="30" WC="0.96" CONTENT="under"/><SP WIDTH="28" VPOS="1328" HPOS="835"/>
							<String ID="string_210" HPOS="863" VPOS="1328" WIDTH="66" HEIGHT="30" WC="0.96" CONTENT="den"/><SP WIDTH="28" VPOS="1328" HPOS="929"/>
							<String ID="string_211" HPOS="957" VPOS="1329" WIDTH="237" HEIGHT="35" WC="0.96" CONTENT="samhälleliga"/><SP WIDTH="28" VPOS="1329" HPOS="1194"/>
							<String ID="string_212" HPOS="1222" VPOS="1329" WIDTH="288" HEIGHT="36" WC="0.95" CONTENT="övervakningen."/><SP WIDTH="43" VPOS="1329" HPOS="1510"/>
							<String ID="string_213" HPOS="1553" VPOS="1329" WIDTH="14" HEIGHT="29" WC="0.96" CONTENT="I"/><SP WIDTH="29" VPOS="1329" HPOS="1567"/>
							<String ID="string_214" HPOS="1596" VPOS="1329" WIDTH="98" HEIGHT="36" WC="0.96" CONTENT="fråga"/><SP WIDTH="28" VPOS="1329" HPOS="1694"/>
							<String ID="string_215" HPOS="1722" VPOS="1338" WIDTH="57" HEIGHT="21" WC="0.96" CONTENT="om"/>
						</TextLine>
						<TextLine ID="line_24" HPOS="274" VPOS="1370" WIDTH="1505" HEIGHT="38">
							<String ID="string_216" HPOS="274" VPOS="1370" WIDTH="195" HEIGHT="35" WC="0.96" CONTENT="personliga"/><SP WIDTH="25" VPOS="1370" HPOS="469"/>
							<String ID="string_217" HPOS="494" VPOS="1370" WIDTH="144" HEIGHT="36" WC="0.96" CONTENT="tjänster"/><SP WIDTH="25" VPOS="1370" HPOS="638"/>
							<String ID="string_218" HPOS="663" VPOS="1370" WIDTH="164" HEIGHT="36" WC="0.96" CONTENT="föreligga"/><SP WIDTH="25" VPOS="1370" HPOS="827"/>
							<String ID="string_219" HPOS="852" VPOS="1370" WIDTH="91" HEIGHT="30" WC="0.96" CONTENT="vissa"/><SP WIDTH="26" VPOS="1370" HPOS="943"/>
							<String ID="string_220" HPOS="969" VPOS="1370" WIDTH="211" HEIGHT="36" WC="0.96" CONTENT="svårigheter"/><SP WIDTH="23" VPOS="1370" HPOS="1180"/>
							<String ID="string_221" HPOS="1203" VPOS="1371" WIDTH="55" HEIGHT="30" WC="0.96" CONTENT="för"/><SP WIDTH="27" VPOS="1371" HPOS="1258"/>
							<String ID="string_222" HPOS="1285" VPOS="1381" WIDTH="43" HEIGHT="20" WC="0.96" CONTENT="en"/><SP WIDTH="23" VPOS="1381" HPOS="1328"/>
							<String ID="string_223" HPOS="1351" VPOS="1372" WIDTH="275" HEIGHT="36" WC="0.96" CONTENT="gränsdragning"/><SP WIDTH="25" VPOS="1372" HPOS="1626"/>
							<String ID="string_224" HPOS="1651" VPOS="1372" WIDTH="128" HEIGHT="30" WC="0.96" CONTENT="mellan"/>
						</TextLine>
						<TextLine ID="line_25" HPOS="275" VPOS="1389" WIDTH="1505" HEIGHT="65">
							<String ID="string_225" HPOS="275" VPOS="1412" WIDTH="207" HEIGHT="35" WC="0.90" CONTENT="exempelvis"/><SP WIDTH="26" VPOS="1412" HPOS="482"/>
							<String ID="string_226" HPOS="508" VPOS="1413" WIDTH="91" HEIGHT="29" WC="0.96" CONTENT="avtal"/><SP WIDTH="23" VPOS="1413" HPOS="599"/>
							<String ID="string_227" HPOS="622" VPOS="1413" WIDTH="146" HEIGHT="29" WC="0.96" CONTENT="rörande"/><SP WIDTH="23" VPOS="1413" HPOS="768"/>
							<String ID="string_228" HPOS="791" VPOS="1412" WIDTH="212" HEIGHT="36" WC="0.96" CONTENT="produktion"/><SP WIDTH="22" VPOS="1412" HPOS="1003"/>
							<String ID="string_229" HPOS="1025" VPOS="1414" WIDTH="66" HEIGHT="29" WC="0.96" CONTENT="och"/><SP WIDTH="25" VPOS="1414" HPOS="1091"/>
							<String ID="string_230" HPOS="1116" VPOS="1413" WIDTH="206" HEIGHT="36" WC="0.96" CONTENT="försäljning"/><SP WIDTH="23" VPOS="1413" HPOS="1322"/>
							<String ID="string_231" HPOS="1345" VPOS="1423" WIDTH="44" HEIGHT="20" WC="0.96" CONTENT="av"/><SP WIDTH="25" VPOS="1423" HPOS="1389"/>
							<String ID="string_232" HPOS="1414" VPOS="1389" WIDTH="276" HEIGHT="65" WC="0.96" CONTENT="förnödenheter,"/><SP WIDTH="24" VPOS="1389" HPOS="1690"/>
							<String ID="string_233" HPOS="1714" VPOS="1414" WIDTH="66" HEIGHT="30" WC="0.96" CONTENT="och"/>
						</TextLine>
						<TextLine ID="line_26" HPOS="275" VPOS="1453" WIDTH="1505" HEIGHT="40">
							<String ID="string_234" HPOS="275" VPOS="1453" WIDTH="132" HEIGHT="31" WC="0.96" CONTENT="sådana"/><SP WIDTH="20" VPOS="1453" HPOS="407"/>
							<String ID="string_235" HPOS="427" VPOS="1463" WIDTH="74" HEIGHT="21" WC="0.96" CONTENT="som"/><SP WIDTH="17" VPOS="1463" HPOS="501"/>
							<String ID="string_236" HPOS="518" VPOS="1455" WIDTH="156" HEIGHT="29" WC="0.96" CONTENT="närmast"/><SP WIDTH="21" VPOS="1455" HPOS="674"/>
							<String ID="string_237" HPOS="695" VPOS="1457" WIDTH="175" HEIGHT="27" WC="0.93" CONTENT="motsvara"/><SP WIDTH="21" VPOS="1457" HPOS="870"/>
							<String ID="string_238" HPOS="891" VPOS="1455" WIDTH="216" HEIGHT="30" WC="0.91" CONTENT="arbetsavtal."/><SP WIDTH="33" VPOS="1455" HPOS="1107"/>
							<String ID="string_239" HPOS="1140" VPOS="1456" WIDTH="64" HEIGHT="29" WC="0.96" CONTENT="Det"/><SP WIDTH="18" VPOS="1456" HPOS="1204"/>
							<String ID="string_240" HPOS="1222" VPOS="1457" WIDTH="38" HEIGHT="29" WC="0.96" CONTENT="är"/><SP WIDTH="21" VPOS="1457" HPOS="1260"/>
							<String ID="string_241" HPOS="1281" VPOS="1456" WIDTH="88" HEIGHT="36" WC="0.96" CONTENT="givet"/><SP WIDTH="19" VPOS="1456" HPOS="1369"/>
							<String ID="string_242" HPOS="1388" VPOS="1459" WIDTH="49" HEIGHT="27" WC="0.93" CONTENT="att"/><SP WIDTH="22" VPOS="1459" HPOS="1437"/>
							<String ID="string_243" HPOS="1459" VPOS="1456" WIDTH="321" HEIGHT="37" WC="0.91" CONTENT="transporttjänster"/>
						</TextLine>
						<TextLine ID="line_27" HPOS="273" VPOS="1496" WIDTH="1506" HEIGHT="38">
							<String ID="string_244" HPOS="273" VPOS="1496" WIDTH="140" HEIGHT="29" WC="0.95" CONTENT="tillhöra"/><SP WIDTH="21" VPOS="1496" HPOS="413"/>
							<String ID="string_245" HPOS="434" VPOS="1496" WIDTH="56" HEIGHT="30" WC="0.96" CONTENT="det"/><SP WIDTH="23" VPOS="1496" HPOS="490"/>
							<String ID="string_246" HPOS="513" VPOS="1496" WIDTH="151" HEIGHT="35" WC="0.96" CONTENT="område,"/><SP WIDTH="24" VPOS="1496" HPOS="664"/>
							<String ID="string_247" HPOS="688" VPOS="1506" WIDTH="74" HEIGHT="20" WC="0.96" CONTENT="som"/><SP WIDTH="25" VPOS="1506" HPOS="762"/>
							<String ID="string_248" HPOS="787" VPOS="1498" WIDTH="65" HEIGHT="28" WC="0.96" CONTENT="bör"/><SP WIDTH="22" VPOS="1498" HPOS="852"/>
							<String ID="string_249" HPOS="874" VPOS="1498" WIDTH="198" HEIGHT="34" WC="0.96" CONTENT="övervakas,"/><SP WIDTH="26" VPOS="1498" HPOS="1072"/>
							<String ID="string_250" HPOS="1098" VPOS="1497" WIDTH="118" HEIGHT="30" WC="0.93" CONTENT="vidare"/><SP WIDTH="23" VPOS="1497" HPOS="1216"/>
							<String ID="string_251" HPOS="1239" VPOS="1498" WIDTH="358" HEIGHT="36" WC="0.91" CONTENT="reparationsarbeten"/><SP WIDTH="23" VPOS="1498" HPOS="1597"/>
							<String ID="string_252" HPOS="1620" VPOS="1508" WIDTH="42" HEIGHT="20" WC="0.96" CONTENT="av"/><SP WIDTH="23" VPOS="1508" HPOS="1662"/>
							<String ID="string_253" HPOS="1685" VPOS="1498" WIDTH="94" HEIGHT="30" WC="0.96" CONTENT="olika"/>
						</TextLine>
						<TextLine ID="line_28" HPOS="274" VPOS="1537" WIDTH="1504" HEIGHT="51">
							<String ID="string_254" HPOS="274" VPOS="1538" WIDTH="72" HEIGHT="34" WC="0.96" CONTENT="slag"/><SP WIDTH="22" VPOS="1538" HPOS="346"/>
							<String ID="string_255" HPOS="368" VPOS="1538" WIDTH="66" HEIGHT="30" WC="0.96" CONTENT="och"/><SP WIDTH="23" VPOS="1538" HPOS="434"/>
							<String ID="string_256" HPOS="457" VPOS="1537" WIDTH="152" HEIGHT="36" WC="0.96" CONTENT="tjänster,"/><SP WIDTH="24" VPOS="1537" HPOS="609"/>
							<String ID="string_257" HPOS="633" VPOS="1548" WIDTH="74" HEIGHT="20" WC="0.96" CONTENT="som"/><SP WIDTH="22" VPOS="1548" HPOS="707"/>
							<String ID="string_258" HPOS="729" VPOS="1539" WIDTH="134" HEIGHT="30" WC="0.95" CONTENT="utföras"/><SP WIDTH="23" VPOS="1539" HPOS="863"/>
							<String ID="string_259" HPOS="886" VPOS="1549" WIDTH="42" HEIGHT="20" WC="0.96" CONTENT="av"/><SP WIDTH="22" VPOS="1549" HPOS="928"/>
							<String ID="string_260" HPOS="950" VPOS="1539" WIDTH="91" HEIGHT="30" WC="0.96" CONTENT="olika"/><SP WIDTH="21" VPOS="1539" HPOS="1041"/>
							<String ID="string_261" HPOS="1062" VPOS="1547" WIDTH="150" HEIGHT="28" WC="0.96" CONTENT="grupper"/><SP WIDTH="25" VPOS="1547" HPOS="1212"/>
							<String ID="string_262" HPOS="1237" VPOS="1549" WIDTH="41" HEIGHT="20" WC="0.96" CONTENT="av"/><SP WIDTH="25" VPOS="1549" HPOS="1278"/>
							<String ID="string_263" HPOS="1303" VPOS="1540" WIDTH="241" HEIGHT="48" WC="0.96" CONTENT="hantverkare,"/><SP WIDTH="24" VPOS="1540" HPOS="1544"/>
							<String ID="string_264" HPOS="1568" VPOS="1540" WIDTH="114" HEIGHT="31" WC="0.93" CONTENT="såsom"/><SP WIDTH="24" VPOS="1540" HPOS="1682"/>
							<String ID="string_265" HPOS="1706" VPOS="1540" WIDTH="72" HEIGHT="31" WC="0.88" CONTENT="må-"/>
						</TextLine>
						<TextLine ID="line_29" HPOS="274" VPOS="1580" WIDTH="1505" HEIGHT="38">
							<String ID="string_266" HPOS="274" VPOS="1581" WIDTH="81" HEIGHT="34" WC="0.89" CONTENT="lare,"/><SP WIDTH="20" VPOS="1581" HPOS="355"/>
							<String ID="string_267" HPOS="375" VPOS="1580" WIDTH="167" HEIGHT="35" WC="0.96" CONTENT="snickare,"/><SP WIDTH="20" VPOS="1580" HPOS="542"/>
							<String ID="string_268" HPOS="562" VPOS="1581" WIDTH="184" HEIGHT="29" WC="0.96" CONTENT="elektriska"/><SP WIDTH="21" VPOS="1581" HPOS="746"/>
							<String ID="string_269" HPOS="767" VPOS="1581" WIDTH="66" HEIGHT="30" WC="0.96" CONTENT="och"/><SP WIDTH="22" VPOS="1581" HPOS="833"/>
							<String ID="string_270" HPOS="855" VPOS="1582" WIDTH="109" HEIGHT="29" WC="0.92" CONTENT="andra"/><SP WIDTH="18" VPOS="1582" HPOS="964"/>
							<String ID="string_271" HPOS="982" VPOS="1581" WIDTH="240" HEIGHT="33" WC="0.92" CONTENT="installatörer,"/><SP WIDTH="21" VPOS="1581" HPOS="1222"/>
							<String ID="string_272" HPOS="1243" VPOS="1581" WIDTH="141" HEIGHT="31" WC="0.93" CONTENT="frisörer"/><SP WIDTH="19" VPOS="1581" HPOS="1384"/>
							<String ID="string_273" HPOS="1403" VPOS="1592" WIDTH="44" HEIGHT="20" WC="0.92" CONTENT="m."/><SP WIDTH="19" VPOS="1592" HPOS="1447"/>
							<String ID="string_274" HPOS="1466" VPOS="1592" WIDTH="45" HEIGHT="20" WC="0.91" CONTENT="m."/><SP WIDTH="21" VPOS="1592" HPOS="1511"/>
							<String ID="string_275" HPOS="1532" VPOS="1582" WIDTH="10" HEIGHT="30" WC="0.96" CONTENT="i"/><SP WIDTH="20" VPOS="1582" HPOS="1542"/>
							<String ID="string_276" HPOS="1562" VPOS="1582" WIDTH="99" HEIGHT="31" WC="0.93" CONTENT="deras"/><SP WIDTH="19" VPOS="1582" HPOS="1661"/>
							<String ID="string_277" HPOS="1680" VPOS="1591" WIDTH="99" HEIGHT="27" WC="0.92" CONTENT="egen-"/>
						</TextLine>
						<TextLine ID="line_30" HPOS="276" VPOS="1622" WIDTH="1502" HEIGHT="39">
							<String ID="string_278" HPOS="276" VPOS="1623" WIDTH="86" HEIGHT="34" WC="0.96" CONTENT="skap"/><SP WIDTH="26" VPOS="1623" HPOS="362"/>
							<String ID="string_279" HPOS="388" VPOS="1631" WIDTH="42" HEIGHT="21" WC="0.96" CONTENT="av"/><SP WIDTH="22" VPOS="1631" HPOS="430"/>
							<String ID="string_280" HPOS="452" VPOS="1630" WIDTH="85" HEIGHT="27" WC="0.96" CONTENT="egna"/><SP WIDTH="22" VPOS="1630" HPOS="537"/>
							<String ID="string_281" HPOS="559" VPOS="1622" WIDTH="201" HEIGHT="36" WC="0.96" CONTENT="företagare."/><SP WIDTH="34" VPOS="1622" HPOS="760"/>
							<String ID="string_282" HPOS="794" VPOS="1619" WIDTH="94" HEIGHT="34" WC="0.96" CONTENT="Även"/><SP WIDTH="25" VPOS="1619" HPOS="888"/>
							<String ID="string_283" HPOS="913" VPOS="1623" WIDTH="41" HEIGHT="30" WC="0.96" CONTENT="de"/><SP WIDTH="19" VPOS="1623" HPOS="954"/>
							<String ID="string_284" HPOS="973" VPOS="1626" WIDTH="108" HEIGHT="33" WC="0.96" CONTENT="taxor,"/><SP WIDTH="27" VPOS="1626" HPOS="1081"/>
							<String ID="string_285" HPOS="1108" VPOS="1633" WIDTH="75" HEIGHT="20" WC="0.96" CONTENT="som"/><SP WIDTH="25" VPOS="1633" HPOS="1183"/>
							<String ID="string_286" HPOS="1208" VPOS="1624" WIDTH="174" HEIGHT="36" WC="0.96" CONTENT="tillämpas"/><SP WIDTH="22" VPOS="1624" HPOS="1382"/>
							<String ID="string_287" HPOS="1404" VPOS="1634" WIDTH="42" HEIGHT="20" WC="0.92" CONTENT="av"/><SP WIDTH="24" VPOS="1634" HPOS="1446"/>
							<String ID="string_288" HPOS="1470" VPOS="1634" WIDTH="24" HEIGHT="20" WC="0.92" CONTENT="s."/><SP WIDTH="23" VPOS="1634" HPOS="1494"/>
							<String ID="string_289" HPOS="1517" VPOS="1625" WIDTH="33" HEIGHT="29" WC="0.92" CONTENT="k."/><SP WIDTH="24" VPOS="1625" HPOS="1550"/>
							<String ID="string_290" HPOS="1574" VPOS="1624" WIDTH="66" HEIGHT="30" WC="0.93" CONTENT="fria"/><SP WIDTH="22" VPOS="1624" HPOS="1640"/>
							<String ID="string_291" HPOS="1662" VPOS="1625" WIDTH="116" HEIGHT="36" WC="0.92" CONTENT="yrkes-"/>
						</TextLine>
						<TextLine ID="line_31" HPOS="274" VPOS="1648" WIDTH="1505" HEIGHT="54">
							<String ID="string_292" HPOS="274" VPOS="1665" WIDTH="144" HEIGHT="28" WC="0.96" CONTENT="utövare"/><SP WIDTH="19" VPOS="1665" HPOS="418"/>
							<String ID="string_293" HPOS="437" VPOS="1673" WIDTH="74" HEIGHT="20" WC="0.96" CONTENT="som"/><SP WIDTH="19" VPOS="1673" HPOS="511"/>
							<String ID="string_294" HPOS="530" VPOS="1665" WIDTH="127" HEIGHT="34" WC="0.96" CONTENT="läkare,"/><SP WIDTH="20" VPOS="1665" HPOS="657"/>
							<String ID="string_295" HPOS="677" VPOS="1664" WIDTH="214" HEIGHT="35" WC="0.96" CONTENT="tandläkare,"/><SP WIDTH="22" VPOS="1664" HPOS="891"/>
							<String ID="string_296" HPOS="913" VPOS="1648" WIDTH="187" HEIGHT="47" WC="0.96" CONTENT="advokater"/><SP WIDTH="20" VPOS="1648" HPOS="1100"/>
							<String ID="string_297" HPOS="1120" VPOS="1676" WIDTH="43" HEIGHT="19" WC="0.90" CONTENT="m."/><SP WIDTH="21" VPOS="1676" HPOS="1163"/>
							<String ID="string_298" HPOS="1184" VPOS="1675" WIDTH="44" HEIGHT="21" WC="0.80" CONTENT="m."/><SP WIDTH="20" VPOS="1675" HPOS="1228"/>
							<String ID="string_299" HPOS="1248" VPOS="1667" WIDTH="120" HEIGHT="29" WC="0.95" CONTENT="kunna"/><SP WIDTH="20" VPOS="1667" HPOS="1368"/>
							<String ID="string_300" HPOS="1388" VPOS="1667" WIDTH="106" HEIGHT="35" WC="0.92" CONTENT="ägnas"/><SP WIDTH="18" VPOS="1667" HPOS="1494"/>
							<String ID="string_301" HPOS="1512" VPOS="1667" WIDTH="267" HEIGHT="35" WC="0.91" CONTENT="uppmärksam-"/>
						</TextLine>
						<TextLine ID="line_32" HPOS="274" VPOS="1705" WIDTH="1506" HEIGHT="38">
							<String ID="string_302" HPOS="274" VPOS="1705" WIDTH="66" HEIGHT="30" WC="0.95" CONTENT="het."/><SP WIDTH="39" VPOS="1705" HPOS="340"/>
							<String ID="string_303" HPOS="379" VPOS="1705" WIDTH="13" HEIGHT="30" WC="0.96" CONTENT="I"/><SP WIDTH="25" VPOS="1705" HPOS="392"/>
							<String ID="string_304" HPOS="417" VPOS="1705" WIDTH="97" HEIGHT="36" WC="0.96" CONTENT="fråga"/><SP WIDTH="21" VPOS="1705" HPOS="514"/>
							<String ID="string_305" HPOS="535" VPOS="1715" WIDTH="58" HEIGHT="21" WC="0.96" CONTENT="om"/><SP WIDTH="21" VPOS="1715" HPOS="593"/>
							<String ID="string_306" HPOS="614" VPOS="1706" WIDTH="188" HEIGHT="36" WC="0.95" CONTENT="upplåtelse"/><SP WIDTH="22" VPOS="1706" HPOS="802"/>
							<String ID="string_307" HPOS="824" VPOS="1716" WIDTH="43" HEIGHT="20" WC="0.92" CONTENT="av"/><SP WIDTH="23" VPOS="1716" HPOS="867"/>
							<String ID="string_308" HPOS="890" VPOS="1707" WIDTH="420" HEIGHT="36" WC="0.72" CONTENT="förmögenhetsrättighet"/><SP WIDTH="22" VPOS="1707" HPOS="1310"/>
							<String ID="string_309" HPOS="1332" VPOS="1718" WIDTH="43" HEIGHT="20" WC="0.96" CONTENT="av"/><SP WIDTH="22" VPOS="1718" HPOS="1375"/>
							<String ID="string_310" HPOS="1397" VPOS="1708" WIDTH="218" HEIGHT="30" WC="0.31" CONTENT="immateriell"/><SP WIDTH="22" VPOS="1708" HPOS="1615"/>
							<String ID="string_311" HPOS="1637" VPOS="1711" WIDTH="53" HEIGHT="28" WC="0.96" CONTENT="art"/><SP WIDTH="25" VPOS="1711" HPOS="1690"/>
							<String ID="string_312" HPOS="1715" VPOS="1709" WIDTH="65" HEIGHT="30" WC="0.96" CONTENT="har"/>
						</TextLine>
						<TextLine ID="line_33" HPOS="274" VPOS="1747" WIDTH="1505" HEIGHT="39">
							<String ID="string_313" HPOS="274" VPOS="1747" WIDTH="271" HEIGHT="31" WC="0.95" CONTENT="kommissionen"/><SP WIDTH="24" VPOS="1747" HPOS="545"/>
							<String ID="string_314" HPOS="569" VPOS="1749" WIDTH="155" HEIGHT="29" WC="0.95" CONTENT="närmast"/><SP WIDTH="20" VPOS="1749" HPOS="724"/>
							<String ID="string_315" HPOS="744" VPOS="1749" WIDTH="99" HEIGHT="29" WC="0.96" CONTENT="tänkt"/><SP WIDTH="23" VPOS="1749" HPOS="843"/>
							<String ID="string_316" HPOS="866" VPOS="1748" WIDTH="44" HEIGHT="36" WC="0.96" CONTENT="på"/><SP WIDTH="19" VPOS="1748" HPOS="910"/>
							<String ID="string_317" HPOS="929" VPOS="1749" WIDTH="188" HEIGHT="36" WC="0.95" CONTENT="uthyrning"/><SP WIDTH="21" VPOS="1749" HPOS="1117"/>
							<String ID="string_318" HPOS="1138" VPOS="1759" WIDTH="42" HEIGHT="21" WC="0.95" CONTENT="av"/><SP WIDTH="22" VPOS="1759" HPOS="1180"/>
							<String ID="string_319" HPOS="1202" VPOS="1750" WIDTH="123" HEIGHT="36" WC="0.96" CONTENT="filmer,"/><SP WIDTH="25" VPOS="1750" HPOS="1325"/>
							<String ID="string_320" HPOS="1350" VPOS="1760" WIDTH="80" HEIGHT="20" WC="0.96" CONTENT="men"/><SP WIDTH="20" VPOS="1760" HPOS="1430"/>
							<String ID="string_321" HPOS="1450" VPOS="1752" WIDTH="86" HEIGHT="29" WC="0.96" CONTENT="även"/><SP WIDTH="21" VPOS="1752" HPOS="1536"/>
							<String ID="string_322" HPOS="1557" VPOS="1751" WIDTH="91" HEIGHT="31" WC="0.96" CONTENT="vissa"/><SP WIDTH="21" VPOS="1751" HPOS="1648"/>
							<String ID="string_323" HPOS="1669" VPOS="1752" WIDTH="110" HEIGHT="30" WC="0.96" CONTENT="andra"/>
						</TextLine>
						<TextLine ID="line_34" HPOS="275" VPOS="1789" WIDTH="1504" HEIGHT="39">
							<String ID="string_324" HPOS="275" VPOS="1789" WIDTH="206" HEIGHT="35" WC="0.96" CONTENT="företeelser,"/><SP WIDTH="27" VPOS="1789" HPOS="481"/>
							<String ID="string_325" HPOS="508" VPOS="1799" WIDTH="74" HEIGHT="21" WC="0.93" CONTENT="som"/><SP WIDTH="26" VPOS="1799" HPOS="582"/>
							<String ID="string_326" HPOS="608" VPOS="1791" WIDTH="276" HEIGHT="35" WC="0.90" CONTENT="sammanhänga"/><SP WIDTH="28" VPOS="1791" HPOS="884"/>
							<String ID="string_327" HPOS="912" VPOS="1792" WIDTH="77" HEIGHT="29" WC="0.95" CONTENT="med"/><SP WIDTH="26" VPOS="1792" HPOS="989"/>
							<String ID="string_328" HPOS="1015" VPOS="1793" WIDTH="111" HEIGHT="28" WC="0.96" CONTENT="rätten"/><SP WIDTH="26" VPOS="1793" HPOS="1126"/>
							<String ID="string_329" HPOS="1152" VPOS="1796" WIDTH="49" HEIGHT="27" WC="0.96" CONTENT="att"/><SP WIDTH="27" VPOS="1796" HPOS="1201"/>
							<String ID="string_330" HPOS="1228" VPOS="1792" WIDTH="174" HEIGHT="36" WC="0.96" CONTENT="offentligt"/><SP WIDTH="29" VPOS="1792" HPOS="1402"/>
							<String ID="string_331" HPOS="1431" VPOS="1793" WIDTH="170" HEIGHT="30" WC="0.93" CONTENT="framföra"/><SP WIDTH="26" VPOS="1793" HPOS="1601"/>
							<String ID="string_332" HPOS="1627" VPOS="1793" WIDTH="152" HEIGHT="31" WC="0.92" CONTENT="musika-"/>
						</TextLine>
						<TextLine ID="line_35" HPOS="273" VPOS="1831" WIDTH="1504" HEIGHT="40">
							<String ID="string_333" HPOS="273" VPOS="1831" WIDTH="89" HEIGHT="29" WC="0.91" CONTENT="liska"/><SP WIDTH="21" VPOS="1831" HPOS="362"/>
							<String ID="string_334" HPOS="383" VPOS="1832" WIDTH="65" HEIGHT="29" WC="0.96" CONTENT="och"/><SP WIDTH="21" VPOS="1832" HPOS="448"/>
							<String ID="string_335" HPOS="469" VPOS="1832" WIDTH="214" HEIGHT="30" WC="0.96" CONTENT="dramatiska"/><SP WIDTH="22" VPOS="1832" HPOS="683"/>
							<String ID="string_336" HPOS="705" VPOS="1833" WIDTH="80" HEIGHT="29" WC="0.95" CONTENT="verk"/><SP WIDTH="21" VPOS="1833" HPOS="785"/>
							<String ID="string_337" HPOS="806" VPOS="1833" WIDTH="82" HEIGHT="30" WC="0.95" CONTENT="eller"/><SP WIDTH="20" VPOS="1833" HPOS="888"/>
							<String ID="string_338" HPOS="908" VPOS="1833" WIDTH="234" HEIGHT="36" WC="0.94" CONTENT="utnyttjandet"/><SP WIDTH="21" VPOS="1833" HPOS="1142"/>
							<String ID="string_339" HPOS="1163" VPOS="1844" WIDTH="42" HEIGHT="20" WC="0.93" CONTENT="av"/><SP WIDTH="23" VPOS="1844" HPOS="1205"/>
							<String ID="string_340" HPOS="1228" VPOS="1834" WIDTH="327" HEIGHT="37" WC="0.91" CONTENT="patenträttigheter,"/><SP WIDTH="25" VPOS="1834" HPOS="1555"/>
							<String ID="string_341" HPOS="1580" VPOS="1836" WIDTH="120" HEIGHT="29" WC="0.93" CONTENT="kunna"/><SP WIDTH="21" VPOS="1836" HPOS="1700"/>
							<String ID="string_342" HPOS="1721" VPOS="1835" WIDTH="56" HEIGHT="30" WC="0.90" CONTENT="be-"/>
						</TextLine>
						<TextLine ID="line_36" HPOS="274" VPOS="1874" WIDTH="109" HEIGHT="29">
							<String ID="string_343" HPOS="274" VPOS="1874" WIDTH="109" HEIGHT="29" WC="0.92" CONTENT="aktas."/>
						</TextLine>
					</TextBlock>
					<TextBlock ID="block_4" HPOS="272" VPOS="1914" WIDTH="1506" HEIGHT="291">
						<TextLine ID="line_37" HPOS="318" VPOS="1914" WIDTH="1460" HEIGHT="42">
							<String ID="string_344" HPOS="318" VPOS="1915" WIDTH="185" HEIGHT="35" WC="0.96" CONTENT="Undantag"/><SP WIDTH="24" VPOS="1915" HPOS="503"/>
							<String ID="string_345" HPOS="527" VPOS="1914" WIDTH="78" HEIGHT="32" WC="0.96" CONTENT="från"/><SP WIDTH="24" VPOS="1914" HPOS="605"/>
							<String ID="string_346" HPOS="629" VPOS="1916" WIDTH="65" HEIGHT="30" WC="0.96" CONTENT="den"/><SP WIDTH="23" VPOS="1916" HPOS="694"/>
							<String ID="string_347" HPOS="717" VPOS="1916" WIDTH="64" HEIGHT="29" WC="0.96" CONTENT="här"/><SP WIDTH="25" VPOS="1916" HPOS="781"/>
							<String ID="string_348" HPOS="806" VPOS="1917" WIDTH="194" HEIGHT="36" WC="0.96" CONTENT="föreslagna"/><SP WIDTH="23" VPOS="1917" HPOS="1000"/>
							<String ID="string_349" HPOS="1023" VPOS="1918" WIDTH="278" HEIGHT="37" WC="0.96" CONTENT="övervakningen"/><SP WIDTH="25" VPOS="1918" HPOS="1301"/>
							<String ID="string_350" HPOS="1326" VPOS="1919" WIDTH="63" HEIGHT="30" WC="0.96" CONTENT="bör"/><SP WIDTH="24" VPOS="1919" HPOS="1389"/>
							<String ID="string_351" HPOS="1413" VPOS="1919" WIDTH="88" HEIGHT="30" WC="0.96" CONTENT="dock"/><SP WIDTH="27" VPOS="1919" HPOS="1501"/>
							<String ID="string_352" HPOS="1528" VPOS="1919" WIDTH="10" HEIGHT="29" WC="0.96" CONTENT="i"/><SP WIDTH="27" VPOS="1919" HPOS="1538"/>
							<String ID="string_353" HPOS="1565" VPOS="1920" WIDTH="88" HEIGHT="36" WC="0.96" CONTENT="regel"/><SP WIDTH="22" VPOS="1920" HPOS="1653"/>
							<String ID="string_354" HPOS="1675" VPOS="1920" WIDTH="103" HEIGHT="35" WC="0.96" CONTENT="göras"/>
						</TextLine>
						<TextLine ID="line_38" HPOS="274" VPOS="1935" WIDTH="1503" HEIGHT="71">
							<String ID="string_355" HPOS="274" VPOS="1955" WIDTH="53" HEIGHT="31" WC="0.96" CONTENT="för"/><SP WIDTH="20" VPOS="1955" HPOS="327"/>
							<String ID="string_356" HPOS="347" VPOS="1957" WIDTH="319" HEIGHT="49" WC="0.96" CONTENT="organisationerna"/><SP WIDTH="21" VPOS="1957" HPOS="666"/>
							<String ID="string_357" HPOS="687" VPOS="1958" WIDTH="43" HEIGHT="35" WC="0.96" CONTENT="på"/><SP WIDTH="22" VPOS="1958" HPOS="730"/>
							<String ID="string_358" HPOS="752" VPOS="1935" WIDTH="333" HEIGHT="64" WC="0.96" CONTENT="arbetsmarknaden"/><SP WIDTH="22" VPOS="1935" HPOS="1085"/>
							<String ID="string_359" HPOS="1107" VPOS="1960" WIDTH="65" HEIGHT="30" WC="0.96" CONTENT="och"/><SP WIDTH="22" VPOS="1960" HPOS="1172"/>
							<String ID="string_360" HPOS="1194" VPOS="1960" WIDTH="41" HEIGHT="30" WC="0.97" CONTENT="de"/><SP WIDTH="24" VPOS="1960" HPOS="1235"/>
							<String ID="string_361" HPOS="1259" VPOS="1961" WIDTH="128" HEIGHT="30" WC="0.96" CONTENT="mellan"/><SP WIDTH="22" VPOS="1961" HPOS="1387"/>
							<String ID="string_362" HPOS="1409" VPOS="1962" WIDTH="78" HEIGHT="29" WC="0.96" CONTENT="dem"/><SP WIDTH="24" VPOS="1962" HPOS="1487"/>
							<String ID="string_363" HPOS="1511" VPOS="1942" WIDTH="152" HEIGHT="49" WC="0.95" CONTENT="träffade"/><SP WIDTH="20" VPOS="1942" HPOS="1663"/>
							<String ID="string_364" HPOS="1683" VPOS="1966" WIDTH="94" HEIGHT="26" WC="0.92" CONTENT="avta-"/>
						</TextLine>
						<TextLine ID="line_39" HPOS="272" VPOS="1998" WIDTH="1505" HEIGHT="42">
							<String ID="string_365" HPOS="272" VPOS="1998" WIDTH="64" HEIGHT="30" WC="0.96" CONTENT="len."/><SP WIDTH="37" VPOS="1998" HPOS="336"/>
							<String ID="string_366" HPOS="373" VPOS="1998" WIDTH="13" HEIGHT="29" WC="0.96" CONTENT="I"/><SP WIDTH="23" VPOS="1998" HPOS="386"/>
							<String ID="string_367" HPOS="409" VPOS="1999" WIDTH="65" HEIGHT="29" WC="0.96" CONTENT="den"/><SP WIDTH="19" VPOS="1999" HPOS="474"/>
							<String ID="string_368" HPOS="493" VPOS="1998" WIDTH="83" HEIGHT="31" WC="0.96" CONTENT="mån"/><SP WIDTH="21" VPOS="1998" HPOS="576"/>
							<String ID="string_369" HPOS="597" VPOS="2000" WIDTH="259" HEIGHT="30" WC="0.96" CONTENT="kollektivavtal"/><SP WIDTH="24" VPOS="2000" HPOS="856"/>
							<String ID="string_370" HPOS="880" VPOS="2001" WIDTH="174" HEIGHT="30" WC="0.96" CONTENT="innehålla"/><SP WIDTH="20" VPOS="2001" HPOS="1054"/>
							<String ID="string_371" HPOS="1074" VPOS="2002" WIDTH="269" HEIGHT="36" WC="0.96" CONTENT="bestämmelser,"/><SP WIDTH="23" VPOS="2002" HPOS="1343"/>
							<String ID="string_372" HPOS="1366" VPOS="2003" WIDTH="93" HEIGHT="30" WC="0.96" CONTENT="vilka"/><SP WIDTH="22" VPOS="2003" HPOS="1459"/>
							<String ID="string_373" HPOS="1481" VPOS="2005" WIDTH="120" HEIGHT="28" WC="0.96" CONTENT="kunna"/><SP WIDTH="25" VPOS="2005" HPOS="1601"/>
							<String ID="string_374" HPOS="1626" VPOS="2003" WIDTH="151" HEIGHT="37" WC="0.96" CONTENT="påverka"/>
						</TextLine>
						<TextLine ID="line_40" HPOS="272" VPOS="2041" WIDTH="1504" HEIGHT="50">
							<String ID="string_375" HPOS="272" VPOS="2041" WIDTH="263" HEIGHT="29" WC="0.96" CONTENT="konkurrensen"/><SP WIDTH="25" VPOS="2041" HPOS="535"/>
							<String ID="string_376" HPOS="560" VPOS="2042" WIDTH="128" HEIGHT="29" WC="0.95" CONTENT="mellan"/><SP WIDTH="22" VPOS="2042" HPOS="688"/>
							<String ID="string_377" HPOS="710" VPOS="2042" WIDTH="229" HEIGHT="36" WC="0.96" CONTENT="företagarna,"/><SP WIDTH="24" VPOS="2042" HPOS="939"/>
							<String ID="string_378" HPOS="963" VPOS="2044" WIDTH="214" HEIGHT="47" WC="0.93" CONTENT="exempelvis"/><SP WIDTH="16" VPOS="2044" HPOS="1177"/>
							<String ID="string_379" HPOS="1193" VPOS="2044" WIDTH="126" HEIGHT="30" WC="0.95" CONTENT="förbud"/><SP WIDTH="25" VPOS="2044" HPOS="1319"/>
							<String ID="string_380" HPOS="1344" VPOS="2045" WIDTH="54" HEIGHT="30" WC="0.93" CONTENT="för"/><SP WIDTH="24" VPOS="2045" HPOS="1398"/>
							<String ID="string_381" HPOS="1422" VPOS="2046" WIDTH="354" HEIGHT="35" WC="0.90" CONTENT="fackföreningsmed-"/>
						</TextLine>
						<TextLine ID="line_41" HPOS="272" VPOS="2068" WIDTH="1504" HEIGHT="57">
							<String ID="string_382" HPOS="272" VPOS="2082" WIDTH="147" HEIGHT="30" WC="0.96" CONTENT="lemmar"/><SP WIDTH="19" VPOS="2082" HPOS="419"/>
							<String ID="string_383" HPOS="438" VPOS="2085" WIDTH="48" HEIGHT="27" WC="0.96" CONTENT="att"/><SP WIDTH="21" VPOS="2085" HPOS="486"/>
							<String ID="string_384" HPOS="507" VPOS="2086" WIDTH="78" HEIGHT="32" WC="0.96" CONTENT="taga"/><SP WIDTH="19" VPOS="2086" HPOS="585"/>
							<String ID="string_385" HPOS="604" VPOS="2083" WIDTH="115" HEIGHT="31" WC="0.96" CONTENT="arbete"/><SP WIDTH="23" VPOS="2083" HPOS="719"/>
							<String ID="string_386" HPOS="742" VPOS="2084" WIDTH="62" HEIGHT="30" WC="0.95" CONTENT="hos"/><SP WIDTH="20" VPOS="2084" HPOS="804"/>
							<String ID="string_387" HPOS="824" VPOS="2068" WIDTH="202" HEIGHT="57" WC="0.96" CONTENT="företagare,"/><SP WIDTH="25" VPOS="2068" HPOS="1026"/>
							<String ID="string_388" HPOS="1051" VPOS="2095" WIDTH="74" HEIGHT="21" WC="0.96" CONTENT="som"/><SP WIDTH="22" VPOS="2095" HPOS="1125"/>
							<String ID="string_389" HPOS="1147" VPOS="2086" WIDTH="30" HEIGHT="36" WC="0.95" CONTENT="ej"/><SP WIDTH="23" VPOS="2086" HPOS="1177"/>
							<String ID="string_390" HPOS="1200" VPOS="2086" WIDTH="137" HEIGHT="31" WC="0.96" CONTENT="tillhöra"/><SP WIDTH="22" VPOS="2086" HPOS="1337"/>
							<String ID="string_391" HPOS="1359" VPOS="2087" WIDTH="68" HEIGHT="30" WC="0.93" CONTENT="viss"/><SP WIDTH="21" VPOS="2087" HPOS="1427"/>
							<String ID="string_392" HPOS="1448" VPOS="2088" WIDTH="328" HEIGHT="36" WC="0.92" CONTENT="företagareorgani-"/>
						</TextLine>
						<TextLine ID="line_42" HPOS="273" VPOS="2124" WIDTH="1504" HEIGHT="42">
							<String ID="string_393" HPOS="273" VPOS="2124" WIDTH="123" HEIGHT="35" WC="0.92" CONTENT="sation,"/><SP WIDTH="25" VPOS="2124" HPOS="396"/>
							<String ID="string_394" HPOS="421" VPOS="2125" WIDTH="97" HEIGHT="29" WC="0.96" CONTENT="skola"/><SP WIDTH="27" VPOS="2125" HPOS="518"/>
							<String ID="string_395" HPOS="545" VPOS="2125" WIDTH="51" HEIGHT="35" WC="0.93" CONTENT="de,"/><SP WIDTH="26" VPOS="2125" HPOS="596"/>
							<String ID="string_396" HPOS="622" VPOS="2125" WIDTH="158" HEIGHT="31" WC="0.92" CONTENT="försåvitt"/><SP WIDTH="26" VPOS="2125" HPOS="780"/>
							<String ID="string_397" HPOS="806" VPOS="2127" WIDTH="114" HEIGHT="30" WC="0.96" CONTENT="denna"/><SP WIDTH="23" VPOS="2127" HPOS="920"/>
							<String ID="string_398" HPOS="943" VPOS="2128" WIDTH="234" HEIGHT="35" WC="0.96" CONTENT="organisation"/><SP WIDTH="28" VPOS="2128" HPOS="1177"/>
							<String ID="string_399" HPOS="1205" VPOS="2128" WIDTH="110" HEIGHT="32" WC="0.96" CONTENT="tillika"/><SP WIDTH="25" VPOS="2128" HPOS="1315"/>
							<String ID="string_400" HPOS="1340" VPOS="2130" WIDTH="149" HEIGHT="36" WC="0.96" CONTENT="reglerar"/><SP WIDTH="24" VPOS="2130" HPOS="1489"/>
							<String ID="string_401" HPOS="1513" VPOS="2130" WIDTH="110" HEIGHT="36" WC="0.93" CONTENT="priser"/><SP WIDTH="23" VPOS="2130" HPOS="1623"/>
							<String ID="string_402" HPOS="1646" VPOS="2140" WIDTH="45" HEIGHT="21" WC="0.92" CONTENT="m."/><SP WIDTH="28" VPOS="2140" HPOS="1691"/>
							<String ID="string_403" HPOS="1719" VPOS="2141" WIDTH="58" HEIGHT="25" WC="0.91" CONTENT="m.,"/>
						</TextLine>
						<TextLine ID="line_43" HPOS="272" VPOS="2149" WIDTH="839" HEIGHT="56">
							<String ID="string_404" HPOS="272" VPOS="2165" WIDTH="89" HEIGHT="30" WC="0.96" CONTENT="dock"/><SP WIDTH="20" VPOS="2165" HPOS="361"/>
							<String ID="string_405" HPOS="381" VPOS="2149" WIDTH="85" HEIGHT="47" WC="0.96" CONTENT="falla"/><SP WIDTH="20" VPOS="2149" HPOS="466"/>
							<String ID="string_406" HPOS="486" VPOS="2167" WIDTH="108" HEIGHT="30" WC="0.96" CONTENT="under"/><SP WIDTH="21" VPOS="2167" HPOS="594"/>
							<String ID="string_407" HPOS="615" VPOS="2167" WIDTH="66" HEIGHT="30" WC="0.96" CONTENT="den"/><SP WIDTH="19" VPOS="2167" HPOS="681"/>
							<String ID="string_408" HPOS="700" VPOS="2168" WIDTH="63" HEIGHT="30" WC="0.96" CONTENT="här"/><SP WIDTH="20" VPOS="2168" HPOS="763"/>
							<String ID="string_409" HPOS="783" VPOS="2168" WIDTH="196" HEIGHT="37" WC="0.96" CONTENT="föreslagna"/><SP WIDTH="23" VPOS="2168" HPOS="979"/>
							<String ID="string_410" HPOS="1002" VPOS="2171" WIDTH="109" HEIGHT="34" WC="0.96" CONTENT="lagen."/>
						</TextLine>
					</TextBlock>
					<TextBlock ID="block_5" HPOS="271" VPOS="2207" WIDTH="1505" HEIGHT="126">
						<TextLine ID="line_44" HPOS="315" VPOS="2207" WIDTH="1461" HEIGHT="43">
							<String ID="string_411" HPOS="315" VPOS="2207" WIDTH="54" HEIGHT="30" WC="0.93" CONTENT="En"/><SP WIDTH="22" VPOS="2207" HPOS="369"/>
							<String ID="string_412" HPOS="391" VPOS="2208" WIDTH="438" HEIGHT="38" WC="0.92" CONTENT="företagareorganisation,"/><SP WIDTH="21" VPOS="2208" HPOS="829"/>
							<String ID="string_413" HPOS="850" VPOS="2220" WIDTH="74" HEIGHT="21" WC="0.96" CONTENT="som"/><SP WIDTH="20" VPOS="2220" HPOS="924"/>
							<String ID="string_414" HPOS="944" VPOS="2212" WIDTH="174" HEIGHT="35" WC="0.96" CONTENT="samtidigt"/><SP WIDTH="19" VPOS="2212" HPOS="1118"/>
							<String ID="string_415" HPOS="1137" VPOS="2214" WIDTH="40" HEIGHT="28" WC="0.96" CONTENT="är"/><SP WIDTH="18" VPOS="2214" HPOS="1177"/>
							<String ID="string_416" HPOS="1195" VPOS="2212" WIDTH="88" HEIGHT="31" WC="0.93" CONTENT="både"/><SP WIDTH="17" VPOS="2212" HPOS="1283"/>
							<String ID="string_417" HPOS="1300" VPOS="2213" WIDTH="393" HEIGHT="37" WC="0.91" CONTENT="arbetsgivareförening"/><SP WIDTH="17" VPOS="2213" HPOS="1693"/>
							<String ID="string_418" HPOS="1710" VPOS="2214" WIDTH="66" HEIGHT="31" WC="0.96" CONTENT="och"/>
						</TextLine>
						<TextLine ID="line_45" HPOS="272" VPOS="2250" WIDTH="1504" HEIGHT="40">
							<String ID="string_419" HPOS="272" VPOS="2258" WIDTH="107" HEIGHT="26" WC="0.96" CONTENT="organ"/><SP WIDTH="28" VPOS="2258" HPOS="379"/>
							<String ID="string_420" HPOS="407" VPOS="2250" WIDTH="54" HEIGHT="30" WC="0.96" CONTENT="för"/><SP WIDTH="28" VPOS="2250" HPOS="461"/>
							<String ID="string_421" HPOS="489" VPOS="2251" WIDTH="192" HEIGHT="30" WC="0.96" CONTENT="samarbete"/><SP WIDTH="24" VPOS="2251" HPOS="681"/>
							<String ID="string_422" HPOS="705" VPOS="2252" WIDTH="8" HEIGHT="29" WC="0.92" CONTENT="i"/><SP WIDTH="29" VPOS="2252" HPOS="713"/>
							<String ID="string_423" HPOS="742" VPOS="2256" WIDTH="21" HEIGHT="26" WC="0.92" CONTENT="t."/><SP WIDTH="28" VPOS="2256" HPOS="763"/>
							<String ID="string_424" HPOS="791" VPOS="2262" WIDTH="50" HEIGHT="20" WC="0.93" CONTENT="ex."/><SP WIDTH="30" VPOS="2262" HPOS="841"/>
							<String ID="string_425" HPOS="871" VPOS="2254" WIDTH="319" HEIGHT="36" WC="0.92" CONTENT="marknadsfrågor,"/><SP WIDTH="27" VPOS="2254" HPOS="1190"/>
							<String ID="string_426" HPOS="1217" VPOS="2255" WIDTH="61" HEIGHT="30" WC="0.96" CONTENT="bör"/><SP WIDTH="26" VPOS="2255" HPOS="1278"/>
							<String ID="string_427" HPOS="1304" VPOS="2256" WIDTH="189" HEIGHT="30" WC="0.96" CONTENT="emellertid"/><SP WIDTH="30" VPOS="2256" HPOS="1493"/>
							<String ID="string_428" HPOS="1523" VPOS="2256" WIDTH="11" HEIGHT="30" WC="0.95" CONTENT="i"/><SP WIDTH="27" VPOS="2256" HPOS="1534"/>
							<String ID="string_429" HPOS="1561" VPOS="2257" WIDTH="215" HEIGHT="30" WC="0.96" CONTENT="sistnämnda"/>
						</TextLine>
						<TextLine ID="line_46" HPOS="271" VPOS="2291" WIDTH="1134" HEIGHT="42">
							<String ID="string_430" HPOS="271" VPOS="2292" WIDTH="173" HEIGHT="35" WC="0.96" CONTENT="egenskap"/><SP WIDTH="21" VPOS="2292" HPOS="444"/>
							<String ID="string_431" HPOS="465" VPOS="2291" WIDTH="192" HEIGHT="36" WC="0.96" CONTENT="jämställas"/><SP WIDTH="22" VPOS="2291" HPOS="657"/>
							<String ID="string_432" HPOS="679" VPOS="2295" WIDTH="79" HEIGHT="29" WC="0.96" CONTENT="med"/><SP WIDTH="22" VPOS="2295" HPOS="758"/>
							<String ID="string_433" HPOS="780" VPOS="2295" WIDTH="64" HEIGHT="29" WC="0.96" CONTENT="här"/><SP WIDTH="25" VPOS="2295" HPOS="844"/>
							<String ID="string_434" HPOS="869" VPOS="2296" WIDTH="149" HEIGHT="30" WC="0.96" CONTENT="avsedda"/><SP WIDTH="22" VPOS="2296" HPOS="1018"/>
							<String ID="string_435" HPOS="1040" VPOS="2297" WIDTH="365" HEIGHT="36" WC="0.96" CONTENT="sammanslutningar."/>
						</TextLine>
					</TextBlock>
					<TextBlock ID="block_6" HPOS="270" VPOS="2333" WIDTH="1506" HEIGHT="168">
						<TextLine ID="line_47" HPOS="316" VPOS="2333" WIDTH="1460" HEIGHT="43">
							<String ID="string_436" HPOS="316" VPOS="2333" WIDTH="117" HEIGHT="30" WC="0.96" CONTENT="Under"/><SP WIDTH="19" VPOS="2333" HPOS="433"/>
							<String ID="string_437" HPOS="452" VPOS="2335" WIDTH="115" HEIGHT="35" WC="0.96" CONTENT="lagens"/><SP WIDTH="20" VPOS="2335" HPOS="567"/>
							<String ID="string_438" HPOS="587" VPOS="2335" WIDTH="382" HEIGHT="47" WC="0.88" CONTENT="tillämpningsområde"/><SP WIDTH="18" VPOS="2335" HPOS="969"/>
							<String ID="string_439" HPOS="987" VPOS="2339" WIDTH="97" HEIGHT="29" WC="0.96" CONTENT="skola"/><SP WIDTH="24" VPOS="2339" HPOS="1084"/>
							<String ID="string_440" HPOS="1108" VPOS="2338" WIDTH="83" HEIGHT="31" WC="0.96" CONTENT="falla"/><SP WIDTH="21" VPOS="2338" HPOS="1191"/>
							<String ID="string_441" HPOS="1212" VPOS="2340" WIDTH="67" HEIGHT="29" WC="0.95" CONTENT="alla"/><SP WIDTH="23" VPOS="2340" HPOS="1279"/>
							<String ID="string_442" HPOS="1302" VPOS="2340" WIDTH="256" HEIGHT="36" WC="0.96" CONTENT="yrkesutövare,"/><SP WIDTH="22" VPOS="2340" HPOS="1558"/>
							<String ID="string_443" HPOS="1580" VPOS="2350" WIDTH="74" HEIGHT="21" WC="0.96" CONTENT="som"/><SP WIDTH="24" VPOS="2350" HPOS="1654"/>
							<String ID="string_444" HPOS="1678" VPOS="2340" WIDTH="98" HEIGHT="31" WC="0.96" CONTENT="driva"/>
						</TextLine>
						<TextLine ID="line_48" HPOS="271" VPOS="2376" WIDTH="1504" HEIGHT="42">
							<String ID="string_445" HPOS="271" VPOS="2376" WIDTH="220" HEIGHT="30" WC="0.95" CONTENT="verksamhet"/><SP WIDTH="17" VPOS="2376" HPOS="491"/>
							<String ID="string_446" HPOS="508" VPOS="2376" WIDTH="91" HEIGHT="30" WC="0.96" CONTENT="här"/><SP WIDTH="-20" VPOS="2376" HPOS="599"/>
							<String ID="string_447" HPOS="579" VPOS="2372" WIDTH="20" HEIGHT="50" WC="0.96" CONTENT="i"/><SP WIDTH="17" VPOS="2372" HPOS="599"/>
							<String ID="string_448" HPOS="616" VPOS="2377" WIDTH="97" HEIGHT="36" WC="0.96" CONTENT="riket,"/><SP WIDTH="18" VPOS="2377" HPOS="713"/>
							<String ID="string_449" HPOS="731" VPOS="2382" WIDTH="131" HEIGHT="26" WC="0.96" CONTENT="oavsett"/><SP WIDTH="20" VPOS="2382" HPOS="862"/>
							<String ID="string_450" HPOS="882" VPOS="2389" WIDTH="56" HEIGHT="20" WC="0.96" CONTENT="om"/><SP WIDTH="17" VPOS="2389" HPOS="938"/>
							<String ID="string_451" HPOS="955" VPOS="2380" WIDTH="258" HEIGHT="31" WC="0.96" CONTENT="vederbörande"/><SP WIDTH="17" VPOS="2380" HPOS="1213"/>
							<String ID="string_452" HPOS="1230" VPOS="2381" WIDTH="133" HEIGHT="37" WC="0.93" CONTENT="företag"/><SP WIDTH="17" VPOS="2381" HPOS="1363"/>
							<String ID="string_453" HPOS="1380" VPOS="2383" WIDTH="78" HEIGHT="34" WC="0.92" CONTENT="äges"/><SP WIDTH="20" VPOS="2383" HPOS="1458"/>
							<String ID="string_454" HPOS="1478" VPOS="2392" WIDTH="42" HEIGHT="20" WC="0.96" CONTENT="av"/><SP WIDTH="18" VPOS="2392" HPOS="1520"/>
							<String ID="string_455" HPOS="1538" VPOS="2384" WIDTH="124" HEIGHT="29" WC="0.93" CONTENT="svensk"/><SP WIDTH="18" VPOS="2384" HPOS="1662"/>
							<String ID="string_456" HPOS="1680" VPOS="2383" WIDTH="95" HEIGHT="29" WC="0.92" CONTENT="med-"/>
						</TextLine>
						<TextLine ID="line_49" HPOS="270" VPOS="2402" WIDTH="1506" HEIGHT="73">
							<String ID="string_457" HPOS="270" VPOS="2416" WIDTH="147" HEIGHT="36" WC="0.95" CONTENT="borgare"/><SP WIDTH="32" VPOS="2416" HPOS="417"/>
							<String ID="string_458" HPOS="449" VPOS="2418" WIDTH="81" HEIGHT="30" WC="0.96" CONTENT="eller"/><SP WIDTH="32" VPOS="2418" HPOS="530"/>
							<String ID="string_459" HPOS="562" VPOS="2402" WIDTH="190" HEIGHT="53" WC="0.96" CONTENT="utlänning."/><SP WIDTH="37" VPOS="2402" HPOS="752"/>
							<String ID="string_460" HPOS="789" VPOS="2421" WIDTH="192" HEIGHT="31" WC="0.93" CONTENT="Utländska"/><SP WIDTH="38" VPOS="2421" HPOS="981"/>
							<String ID="string_461" HPOS="1019" VPOS="2423" WIDTH="317" HEIGHT="36" WC="0.82" CONTENT="monopolföretags"/><SP WIDTH="36" VPOS="2423" HPOS="1336"/>
							<String ID="string_462" HPOS="1372" VPOS="2427" WIDTH="140" HEIGHT="46" WC="0.95" CONTENT="agenter"/><SP WIDTH="23" VPOS="2427" HPOS="1512"/>
							<String ID="string_463" HPOS="1535" VPOS="2426" WIDTH="81" HEIGHT="29" WC="0.96" CONTENT="eller"/><SP WIDTH="23" VPOS="2426" HPOS="1616"/>
							<String ID="string_464" HPOS="1639" VPOS="2424" WIDTH="137" HEIGHT="51" WC="0.92" CONTENT="försälj-"/>
						</TextLine>
						<TextLine ID="line_50" HPOS="271" VPOS="2458" WIDTH="1505" HEIGHT="44">
							<String ID="string_465" HPOS="271" VPOS="2458" WIDTH="205" HEIGHT="36" WC="0.91" CONTENT="ningsbolag"/><SP WIDTH="20" VPOS="2458" HPOS="476"/>
							<String ID="string_466" HPOS="496" VPOS="2461" WIDTH="96" HEIGHT="29" WC="0.96" CONTENT="skola"/><SP WIDTH="19" VPOS="2461" HPOS="592"/>
							<String ID="string_467" HPOS="611" VPOS="2460" WIDTH="145" HEIGHT="31" WC="0.96" CONTENT="sålunda"/><SP WIDTH="20" VPOS="2460" HPOS="756"/>
							<String ID="string_468" HPOS="776" VPOS="2472" WIDTH="83" HEIGHT="20" WC="0.96" CONTENT="vara"/><SP WIDTH="20" VPOS="2472" HPOS="859"/>
							<String ID="string_469" HPOS="879" VPOS="2463" WIDTH="145" HEIGHT="31" WC="0.96" CONTENT="föremål"/><SP WIDTH="20" VPOS="2463" HPOS="1024"/>
							<String ID="string_470" HPOS="1044" VPOS="2464" WIDTH="55" HEIGHT="30" WC="0.96" CONTENT="för"/><SP WIDTH="17" VPOS="2464" HPOS="1099"/>
							<String ID="string_471" HPOS="1116" VPOS="2465" WIDTH="236" HEIGHT="36" WC="0.96" CONTENT="övervakning"/><SP WIDTH="18" VPOS="2465" HPOS="1352"/>
							<String ID="string_472" HPOS="1370" VPOS="2466" WIDTH="65" HEIGHT="29" WC="0.96" CONTENT="och"/><SP WIDTH="19" VPOS="2466" HPOS="1435"/>
							<String ID="string_473" HPOS="1454" VPOS="2468" WIDTH="190" HEIGHT="29" WC="0.96" CONTENT="eventuella"/><SP WIDTH="20" VPOS="2468" HPOS="1644"/>
							<String ID="string_474" HPOS="1664" VPOS="2465" WIDTH="112" HEIGHT="37" WC="0.91" CONTENT="åtgär-"/>
						</TextLine>
					</TextBlock>
				</ComposedBlock>
			</PrintSpace>
		</Page>
	</Layout>
</alto>
