1878 2826
421 205 113 39 Tredje
552 205 218 38 lagutskottets
787 205 160 31 utlåtande
965 214 37 21 nr
1017 204 44 31 29
1078 204 35 31 år
1131 203 87 32 1969
1548 208 16 28 5

83 287 184 39 Sakkunnig
283 287 51 30 för
351 288 135 38 översyn
503 296 38 21 av
558 286 118 39 förslag
691 286 47 31 till
753 285 118 39 bihang
887 285 45 31 till
949 284 293 40 kyrkohandboken
1268 309 28 5 ..
1397 283 17 31 8
1429 282 76 31 020:
1521 282 42 30 46

83 341 184 40 Sakkunnig
282 341 50 30 för
348 342 134 38 översyn
498 350 39 21 av
552 340 118 39 förslag
684 340 45 31 till
746 339 163 31 alternativ
925 338 276 39 aftonsångsritual
1225 362 73 6 ....
1379 336 39 31 16
1435 336 72 31 174:
1522 336 43 30 50

82 395 177 39 Utredning
272 395 136 31 rörande
422 395 39 31 de
476 395 134 30 svenska
623 393 405 39 utlandsförsamlingarnas
1043 392 150 31 ekonomi
1206 402 41 20 m.
1262 401 41 20 m.
1376 390 39 31 33
1430 390 64 30 063
1512 391 51 30 :48

80 449 516 40 Kyrkoberedskapsutredningen
617 442 14 51 =
638 470 661 8 .....sseseseereeseererr
1156 442 58 51 rer
1223 442 81 51 rer
1355 442 152 31 125.573:
1523 442 41 31 57

84 503 183 39 Sakkunnig
292 503 51 30 för
369 504 135 38 översyn
530 512 39 21 av
595 502 280 31 bestämmelserna
901 500 135 32 rörande
1063 499 242 39 utlandskyrko-

124 556 171 31 herdarnas
312 555 327 41 avlöningsförmåner
658 576 639 10 ........s.sesssessese
1112 551 56 49 ere
1176 551 56 49 rst
1243 551 57 49 rea
1378 551 39 30 12
1434 551 72 31 157:
1523 550 42 31 60

130 664 302 37 Kammarkollegiet
454 664 180 31 hemställer
656 668 44 26 att
722 663 114 39 Kungl.
859 662 94 39 Maj:t
975 661 131 31 föreslår
1128 661 168 39 riksdagen
1317 665 44 26 att
1382 659 184 32 kostnader-

85 728 41 22 na
140 718 49 31 för
204 718 91 31 dessa
310 718 202 39 utredningar
526 718 78 30 skall
619 721 110 27 stanna
744 717 114 39 slutligt
871 716 41 40 på
929 714 227 41 kyrkofonden.

82 879 359 38 Departementschefen

130 962 50 29 De
200 961 135 39 angivna
353 960 245 39 utredningarna
617 961 34 29 är
669 960 94 39 enligt
781 959 66 31 min
865 959 127 40 mening
1010 960 61 30 alla
1090 969 38 21 av
1147 960 61 30 den
1227 964 46 26 art
1292 963 44 27 att
1354 958 213 32 kostnaderna

85 1014 50 30 för
154 1014 74 30 dem
246 1014 60 30 bör
323 1013 120 31 betalas
463 1023 39 20 av
520 1012 310 40 kyrkofondsmedel.
850 1013 59 39 Jag
925 1012 146 31 förordar
1089 1012 117 38 därför,
1227 1017 43 26 att
1288 1011 212 32 kostnaderna
1518 1012 50 30 för

86 1077 40 21 na
149 1067 50 31 för
222 1067 92 31 dessa
337 1066 202 39 utredningar
562 1066 78 31 skall
662 1071 111 26 stanna
796 1066 115 39 slutligt
932 1066 42 39 på
995 1065 230 40 kyrkofonden.

727 1365 201 37 Utskottet

128 1473 162 30 Utskottet
306 1472 57 31 har
377 1472 64 31 inte
456 1472 106 40 någon
575 1472 125 30 erinran
714 1476 68 26 mot
796 1472 61 30 vad
873 1481 68 21 som
956 1471 177 40 föreslagits
1147 1471 11 30 i
1172 1470 248 42 propositionen.
1438 1469 130 32 Utskot-

81 1530 43 27 tet
140 1526 181 31 hemställer
337 1526 108 31 därför

447 1611 45 26 att
507 1606 166 40 riksdagen
689 1606 125 31 bifaller
829 1605 239 41 propositionen
1084 1615 37 21 nr
1143 1606 48 30 17.

129 1714 184 31 Stockholm
330 1714 62 31 den
411 1714 37 31 15
467 1714 80 40 april
567 1714 83 31 1969

553 1821 44 31 På
616 1821 99 39 tredje
734 1821 219 39 lagutskottets
973 1822 126 37 vägnar:

658 1902 107 31 ERIK
788 1900 212 32 GREBÄCK

136 2173 62 31 Vid
212 2173 85 30 detta
311 2172 132 30 ärendes
458 2171 191 37 behandling
662 2171 57 30 har
732 2172 149 29 närvarit:

134 2252 71 31 från
223 2253 154 30 första
394 2252 194 30 kammaren:
609 2252 107 30 herrar
735 2251 110 31 Göran
864 2252 153 29 Karlsson
1036 2251 74 36 (s)",
1130 2251 114 30 Svante
1262 2250 215 31 Kristiansson
1497 2249 74 38 (s)",

89 2297 149 32 Åkesson
255 2297 94 40 (fp)",
367 2297 90 31 Ebbe
473 2297 140 30 Ohlsson
629 2296 69 37 (m),
716 2296 75 30 Erik
808 2296 136 30 Jansson
962 2295 60 37 (s)"
1042 2295 61 31 och
1119 2296 69 30 Nils
1203 2295 129 31 Nilsson
1349 2294 101 40 (cp)";

131 2361 73 31 från
233 2360 144 31 andra
394 2360 196 30 kammaren:
611 2359 108 30 herrar
737 2358 149 31 Grebäck
905 2358 76 40 (cp),
1001 2357 150 32 Ekström
1170 2357 52 38 (s),
1243 2356 150 32 Sundelin
1412 2357 51 37 (s),
1482 2354 90 33 Tobé

87 2406 73 40 (fp),
180 2405 234 39 Hammarberg
433 2404 51 37 (s),
504 2405 173 39 Hugosson
697 2404 52 37 (s),
769 2403 149 31 Josefson
936 2403 10 30 i
963 2402 94 31 Arrie
1079 2402 66 40 (cp)
1166 2403 62 30 och
1246 2402 188 30 Burenstam
1455 2399 118 31 Linder

89 2451 69 38 (m).

92 2613 27 33 +)
133 2614 30 32 Ej
179 2613 171 27 närvarande
364 2611 45 28 vid
422 2611 165 27 utlåtandets
603 2611 135 33 justering.
