1900 2802
266 160 19 31 6
701 163 263 29 Statsutskottets
987 164 166 29 utlåtande
1175 172 40 20 nr
1240 165 69 28 153.

316 235 66 32 dels
411 235 181 42 godkänna
615 237 94 31 såväl
732 247 41 21 av
795 236 376 42 departementschefen
1194 237 181 32 förordade
1398 237 150 42 grunder
1570 238 52 31 för
1644 237 124 43 bidrag

265 296 41 21 av
328 286 202 32 statsmedel
545 286 54 32 till
614 286 222 32 anordnande
852 298 40 20 av
908 287 206 42 skyddsrum
1130 287 12 32 i
1158 287 158 32 enskilda
1330 288 437 42 undervisningsanstalter

266 337 87 30 samt
385 336 54 32 för
461 336 390 42 socialtjänstcentraler,
876 337 390 42 socialdistriktsbyråer
1288 338 64 32 och
1374 338 392 43 luftskyddshärbärgen

267 397 73 21 som
356 398 40 20 av
412 386 380 42 departementschefen
807 388 161 32 förordad
984 388 251 42 avlöningsstat
1249 388 54 32 för
1313 388 455 42 luftskyddsinspektionen,

266 438 50 31 att
338 437 173 42 tillämpas
535 438 72 31 tills
628 438 118 32 vidare
768 439 74 31 från
865 438 64 32 och
952 439 78 31 med
1052 438 205 42 budgetåret
1280 438 146 39 1943/44,

316 487 64 32 dels
402 488 55 31 ock
479 488 53 32 för
553 488 204 41 budgetåret
781 487 136 34 1943/44
939 489 118 31 anvisa

317 538 52 31 till
406 538 473 43 Luftskyddsinspektionen:
917 539 210 42 Avlöningar
1164 542 50 29 ett
1249 540 269 42 förslagsanslag
1554 551 40 20 av
1629 540 138 38 403,000

264 588 134 39 kronor,

316 639 53 31 till
404 639 474 42 Luftskyddsinspektionen:
913 640 254 32 Omkostnader
1200 643 50 29 ett
1276 641 270 41 förslagsanslag
1567 652 41 20 av
1632 641 135 38 130,000

265 689 134 39 kronor,

316 740 53 31 till
403 740 106 32 Civilt
541 741 192 41 luftskydd:
769 741 464 42 Alarmeringsanordningar
1266 743 50 30 ett
1347 741 354 42 reservationsanslag
1726 752 41 21 av

263 790 136 39 342,500
421 791 136 38 kronor,

316 841 53 31 till
403 841 106 32 Civilt
531 841 192 42 luftskydd:
758 841 231 32 Anskaffande
1012 853 40 20 av
1074 841 71 32 viss
1168 842 349 41 gasskyddsmateriel
1539 843 53 31 för
1613 842 155 32 förbruk-

264 891 261 42 ningsändamål
547 903 42 21 m.
613 903 42 20 m.
681 894 50 29 ett
753 892 268 42 förslagsanslag
1042 903 41 20 av
1105 892 136 38 280,000
1262 892 136 38 kronor,

315 942 54 32 till
404 942 105 32 Civilt
542 943 193 42 luftskydd:
771 942 382 42 Luftskyddsövningar
1186 944 49 30 ett
1267 943 269 41 förslagsanslag
1568 954 41 20 av
1632 943 136 39 100,000

264 992 133 37 kronor,

315 1043 54 31 till
386 1043 106 32 Civilt
504 1043 191 42 luftskydd:
712 1043 370 32 Försöksverksamhet
1097 1045 50 30 ett
1161 1043 270 42 förslagsanslag
1447 1055 39 20 av
1498 1044 116 38 45,000
1628 1044 137 38 kronor,

316 1094 52 31 till
392 1093 106 32 Civilt
519 1094 191 42 luftskydd:
745 1093 140 33 Statens
907 1094 298 42 luftskyddsskola
1227 1095 50 30 ett
1298 1094 269 42 förslagsanslag
1588 1105 41 21 av
1651 1095 116 38 65,000

262 1143 134 39 kronor,

317 1194 51 32 till
392 1194 106 33 Civilt
519 1195 193 41 luftskydd:
736 1195 129 41 Bidrag
884 1195 54 31 till
959 1194 156 33 enskilda
1135 1195 350 41 sammanslutningar
1499 1195 54 31 för
1568 1195 201 42 utbildning

264 1256 40 21 av
325 1245 360 42 luftskyddspersonal
708 1257 43 20 m.
775 1256 43 21 m.
842 1247 49 30 ett
913 1245 120 42 anslag
1055 1256 40 21 av
1116 1245 138 39 425,000
1274 1245 136 38 kronor,

315 1296 53 31 till
391 1295 105 32 Civilt
511 1296 192 41 luftskydd:
727 1295 129 42 Bidrag
870 1295 54 32 till
939 1296 202 31 kommuner
1155 1295 54 32 för
1224 1295 221 32 anordnande
1461 1307 41 20 av
1517 1295 93 32 vissa
1626 1295 142 42 skydds-

262 1357 74 21 rum
359 1357 41 21 m.
425 1357 44 21 m.
493 1348 50 30 ett
564 1346 351 42 reservationsanslag
937 1357 40 21 av
999 1346 168 39 2,000,000
1188 1346 136 38 kronor,

315 1397 53 31 till
391 1396 106 33 Civilt
518 1397 192 42 luftskydd:
735 1396 159 32 Arvoden
911 1396 54 32 till
980 1396 93 32 vissa
1088 1396 314 42 luftskyddschefer
1424 1407 43 20 m.
1484 1407 43 21 m.
1544 1398 50 30 ett
1609 1395 160 43 förslags-

264 1448 119 41 anslag
405 1458 40 21 av
468 1448 115 38 50,000
604 1448 137 38 kronor,
1051 1456 2 4 |

316 1498 53 31 till
392 1497 106 33 Civilt
519 1498 192 42 luftskydd:
737 1492 237 47 Övertagande
998 1509 40 20 av
1061 1497 167 42 egendom
1251 1497 12 32 i
1285 1508 112 21 annan
1420 1496 149 42 ordning
1584 1499 42 29 än
1643 1507 124 31 genom

263 1548 202 32 rekvisition
488 1550 50 30 ett
559 1549 269 41 förslagsanslag
849 1559 40 21 av
911 1548 137 39 300,000
1069 1548 136 38 kronor,

315 1598 54 32 till
392 1598 105 32 Civilt
519 1599 192 42 luftskydd:
736 1598 128 42 Bidrag
885 1599 53 31 till
961 1599 202 31 kommuner
1184 1598 54 32 för
1260 1597 220 33 anordnande
1503 1608 41 21 av
1558 1597 211 42 luftskydds-

263 1649 96 32 radio
382 1650 51 31 ett
454 1650 354 41 reservationsanslag
830 1660 40 21 av
892 1649 115 38 50,000
1029 1649 135 38 kronor,

315 1699 53 32 till
407 1699 141 33 Statens
585 1699 460 43 utrymningskommission:
1087 1699 212 42 Avlöningar
1335 1700 49 30 ett
1420 1698 270 42 förslagsanslag
1726 1708 41 21 av

262 1750 135 39 300,000
419 1750 136 39 kronor,

315 1801 53 31 till
404 1800 140 33 Statens
579 1800 461 43 utrymningskommission:
1075 1799 254 33 Omkostnader
1362 1801 49 30 ett
1433 1799 272 42 förslagsanslag
1726 1809 41 21 av

263 1852 114 39 90,000
399 1851 137 39 kronor,

316 1902 52 32 till
390 1902 232 32 Anskaffande
646 1913 39 21 av
707 1902 200 41 utrustning
929 1901 55 32 till
1006 1900 389 42 luftskyddskärbärgen
1418 1900 66 32 och
1501 1900 126 42 rörliga
1642 1899 126 43 utspis-

263 1952 247 42 ningsenheter
532 1964 42 20 m.
598 1964 42 20 m.
666 1954 50 30 ett
738 1952 351 41 reservationsanslag
1112 1963 40 20 av
1174 1951 137 39 790,000
1332 1951 135 38 kronor,

315 2003 63 31 och
413 2003 55 31 till
494 2003 265 32 Förberedande
783 2003 156 41 åtgärder
961 2002 53 32 för
1036 2001 251 32 samordnande
1310 2012 40 21 av
1372 2001 323 32 hemortsförsvaret
1718 2001 49 31 ett

262 2053 269 42 förslagsanslag
553 2065 39 20 av
616 2054 135 38 110,000
773 2053 133 32 kronor.

645 2180 489 41 Luftskyddsinspektionen:
1157 2178 232 41 Avlöningar.

313 2248 69 32 För
414 2248 230 32 innevarande
677 2247 170 42 budgetår
876 2247 44 32 ha
942 2247 54 31 till
1020 2246 199 42 avlöningar
1240 2245 58 33 vid
1320 2245 446 42 luftskyddsinspektionen

262 2298 151 32 anvisats
429 2299 136 38 353,000
579 2299 136 38 kronor,
732 2309 100 20 varav
850 2298 134 38 175,000
998 2297 126 32 kronor
1139 2297 110 31 under
1264 2297 264 41 anslagsposten
1546 2296 54 32 till
1616 2294 150 33 arvoden

262 2349 65 32 och
350 2349 170 32 särskilda
542 2349 239 42 ersättningar,
805 2348 179 32 bestämda
1006 2359 40 21 av
1068 2347 127 42 Kungl.
1218 2347 108 42 Maj:t.

314 2399 69 32 För
414 2402 101 30 nästa
546 2399 169 42 budgetår
742 2399 143 32 föreslås
908 2398 75 32 icke
1005 2409 112 21 annan
1140 2397 147 42 ändring
1308 2399 43 30 än
1374 2399 50 30 att
1447 2396 216 33 sistnämnda
1686 2396 81 41 post

263 2450 78 31 med
363 2450 135 42 hänsyn
521 2450 54 32 till
596 2449 241 42 belastningen
861 2449 197 42 uppräknas
1080 2448 79 32 med
1181 2448 115 38 50,000
1317 2448 137 31 kronor.
