1884 2854
266 207 40 30 12
700 205 103 29 Andra
826 205 193 36 lagutskottets
1041 203 147 29 utlåtande
1209 202 47 29 Nr
1279 202 49 28 11.

266 281 175 41 tillämpas
466 279 64 32 och
554 279 74 32 dels
650 279 13 31 i
687 278 63 32 vad
773 280 88 36 mån,
886 277 60 32 där
969 279 37 30 så
1029 277 30 41 ej
1085 278 36 30 är
1143 276 103 38 fallet,
1271 275 221 41 olägenheter
1507 275 53 31 för
1575 274 193 41 respektive

265 330 246 33 kontrahenter
533 331 88 30 mött
644 340 122 30 genom
790 331 51 29 att
863 328 206 37 densamma,
1094 328 113 31 såsom
1231 327 107 31 ersatt
1360 336 40 20 av
1423 325 88 31 avtal
1533 325 12 31 i
1568 335 111 21 annan
1696 324 73 31 ord-

265 382 93 41 ning,
381 381 117 41 bragts
521 392 41 20 ur
583 379 227 42 tillämpning.

321 433 61 30 Ett
397 431 196 43 ytterligare
611 430 73 32 skäl
699 431 53 31 för
768 432 50 29 att
834 429 28 42 ej
881 440 47 20 nu
943 431 44 39 på
998 428 111 41 grund
1125 439 40 20 av
1177 427 176 32 motionen
1367 425 211 32 omedelbart
1590 424 115 32 skrida
1717 424 53 31 till

266 482 230 42 upphävande
509 492 40 20 av
560 481 223 42 legostadgan
795 479 130 42 ligger
913 472 18 56 i
938 479 57 32 det
1008 478 174 39 samband,
1200 488 74 21 som
1286 477 184 31 förefinnes
1484 476 145 31 emellan
1642 485 128 21 samma

267 533 124 41 stadga
415 532 64 32 och
502 532 107 31 andra
630 531 326 42 lagbestämmelser.
1004 529 152 32 Sålunda
1178 528 205 32 föreskrives
1407 526 207 41 exempelvis
1637 526 9 31 i
1663 525 110 41 fattig-

267 583 222 41 vårdslagens
522 584 22 30 4
575 582 30 42 8,
640 584 58 36 att,
723 582 62 31 där
817 583 45 39 på
894 581 110 41 grund
1027 591 41 20 av
1091 579 145 32 särskild
1259 577 202 41 författning
1482 576 183 32 husbonde
1688 576 84 31 eller

265 645 116 20 annan
415 633 229 41 arbetsgivare
678 632 62 31 har
762 633 50 30 att
835 632 113 31 lämna
970 630 180 32 underhåll
1173 629 60 32 och
1259 628 84 32 vård
1366 630 34 29 åt
1422 628 129 41 tjänare
1574 627 83 30 eller
1679 626 91 31 arbe-

267 687 83 36 tare,
385 684 58 32 det
477 684 127 41 åligger
636 683 127 31 honom
798 684 51 30 att
881 683 175 40 gentemot
1089 680 58 32 det
1173 680 171 31 allmänna
1366 689 142 21 ansvara
1530 678 53 30 för
1605 678 50 30 att
1677 676 95 32 detta

268 736 164 41 fullgöres
457 736 45 34 så,
525 736 50 29 att
598 734 129 41 tjänare
751 733 64 32 och
839 733 153 31 arbetare
1015 732 30 41 ej
1069 732 80 31 falla
1170 730 227 41 fattigvården
1420 729 52 31 till
1495 729 76 31 last.
1605 727 61 32 Ett
1689 738 82 30 upp-

268 786 155 31 hävande
447 797 40 19 av
509 784 222 42 legostadgan
754 783 63 31 har
840 782 134 32 således
997 782 52 32 till
1073 781 94 42 följd,
1181 783 49 29 att
1253 779 182 33 husbonde
1458 779 127 31 befrias
1608 778 73 31 från
1705 777 66 31 den

268 837 128 31 honom
420 836 11 31 i
455 835 94 31 detta
571 834 196 32 hänseende
790 833 126 32 hittills
938 832 180 42 påvilande
1143 831 248 42 skyldigheten.

322 886 130 32 Härtill
474 886 162 37 kommer,
653 886 49 30 att
725 885 53 31 för
800 883 227 42 upphävande
1050 894 40 20 av
1110 881 222 43 legostadgan
1349 891 103 31 synas
1467 879 92 32 vissa
1575 880 198 40 övergångs-

269 937 270 36 bestämmelser,
575 935 158 42 syftande
767 934 53 32 till
853 933 198 42 reglerande
1084 944 41 20 av
1158 932 41 32 de
1233 932 57 31 vid
1314 931 95 31 tiden
1432 931 51 31 för
1506 929 161 41 stadgans
1691 940 82 29 upp-

270 986 155 33 hävande
448 986 148 41 löpande
618 984 227 43 tjänsteavtal,
869 995 78 20 vara
969 983 228 41 erforderliga.

323 1037 83 31 Med
439 1037 135 41 hänsyn
607 1036 52 31 till
693 1037 50 30 att
776 1035 117 41 frågan
927 1045 54 21 om
1014 1033 241 42 legostadgans
1278 1031 228 42 upphävande
1529 1030 11 31 i
1565 1030 42 31 de
1630 1041 39 19 av
1691 1029 82 31 riks-

271 1089 110 40 dagen
405 1088 92 30 förut
519 1087 11 31 i
554 1088 114 30 ämnet
691 1086 53 31 till
767 1085 127 41 Kungl.
918 1085 97 41 Maj:t
1038 1084 134 31 avlåtna
1205 1082 227 33 skrivelserna
1455 1081 107 41 gjorts
1586 1080 111 31 direkt
1719 1079 54 32 be-

271 1138 127 32 roende
432 1148 41 20 av
504 1136 294 42 åvägabringande
821 1136 12 30 i
856 1136 80 30 dess
959 1135 99 31 ställe
1081 1145 40 20 av
1143 1145 66 29 nya
1230 1132 316 42 lagbestämmelser
1569 1133 19 29 å
1611 1130 161 37 området,

269 1199 106 31 synes
398 1188 169 31 utskottet
590 1187 11 31 i
624 1186 199 40 anslutning
847 1185 52 31 till
921 1185 65 31 vad
1009 1195 86 21 ovan
1119 1184 138 37 anförts,
1282 1184 51 30 att
1355 1182 117 41 giltiga
1495 1181 73 32 skäl
1590 1181 184 31 förefinnas

272 1239 53 31 till
348 1237 177 32 avlåtande
548 1248 42 20 av
613 1248 41 20 en
670 1236 145 42 förnyad
832 1235 162 32 skrivelse
1010 1235 11 31 i
1037 1236 114 29 ämnet
1167 1234 52 31 till
1234 1233 126 41 Kungl.
1379 1232 106 40 Maj:t,
1503 1231 73 32 däri
1592 1231 78 31 med
1685 1231 88 31 hem-

269 1289 128 32 ställan
421 1300 54 20 om
499 1287 184 41 utredning
705 1287 12 30 i
740 1297 87 21 ovan
851 1297 40 20 av
914 1286 168 31 utskottet
1105 1284 143 42 angivna
1270 1282 221 33 hänseenden
1510 1281 153 42 påkallas
1678 1282 96 30 fram-

272 1339 166 42 läggande
461 1339 53 31 för
536 1337 181 41 riksdagen
741 1348 40 20 av
804 1336 43 32 de
870 1336 135 41 förslag,
1027 1335 160 42 syftande
1210 1334 53 31 till
1279 1333 241 42 legostadgans
1536 1331 237 42 upphävande,

272 1390 114 31 vartill
409 1388 228 42 utredningen
660 1387 66 32 kan
749 1387 76 42 giva
848 1386 192 41 anledning.

326 1440 82 31 Med
432 1439 78 32 stöd
533 1450 41 20 av
596 1438 65 31 vad
685 1437 145 32 sålunda
853 1437 130 31 anförts
1006 1436 50 31 får
1080 1436 167 31 utskottet
1269 1434 190 37 hemstiälla,

596 1515 50 30 att
678 1513 183 41 riksdagen
895 1512 78 31 med
995 1511 185 40 anledning
1202 1521 39 20 av
1264 1508 222 33 förevarande
1509 1508 131 31 motion
1663 1507 78 31 ville
1764 1507 12 31 i

544 1564 164 31 skrivelse
742 1563 52 31 till
829 1562 125 41 Kungl.
989 1562 98 40 Maj:t
1120 1560 143 38 anhålla,
1299 1561 50 30 att
1371 1559 125 41 Kungl.
1520 1558 100 41 Maj:t
1642 1560 134 29 snarast

544 1616 114 35 måtte,
692 1614 86 31 efter
811 1613 173 40 förebragt
1016 1611 184 41 utredning
1232 1610 12 31 i
1267 1620 87 21 ovan
1377 1621 40 19 av
1440 1609 170 31 utskottet
1632 1608 145 41 angivna

544 1664 231 37 hänseenden,
810 1664 53 30 för
896 1662 181 41 riksdagen
1110 1661 185 40 framlägga
1318 1660 42 31 de
1383 1660 135 40 förslag,
1543 1658 157 42 syftande
1724 1658 53 31 till

544 1714 228 42 upphävande
806 1725 41 19 av
880 1712 231 42 legostadgan,
1146 1710 111 32 vartill
1284 1710 229 41 utredningen
1536 1709 66 31 kan
1625 1709 75 41 giva
1722 1720 54 20 an-

545 1765 149 41 ledning.

327 1817 202 32 Stockholm
554 1816 66 31 den
644 1816 39 30 28
706 1825 91 21 mars
823 1815 89 30 1924.

730 1890 50 31 På
802 1889 107 32 andra
930 1888 244 42 lagutskottets
1196 1889 139 39 vägnar:

855 1965 128 31 BROR
1004 1955 197 40 PETRÉN.

331 2117 65 27 Vid
420 2116 148 28 ärendets
592 2114 197 36 behandling
811 2113 85 27 hava
919 2112 154 28 närvarit:

333 2158 72 28 från
439 2158 102 28 första
578 2158 199 26 kammaren:
809 2155 111 28 herrar
953 2154 80 28 Bror
1066 2153 113 34 Petrén,
1211 2151 141 36 Lindert,
1377 2160 94 28 greve
1494 2150 100 37 Spens,
1621 2150 157 36 Tjällgren,

280 2200 117 37 Sigfrid
421 2200 146 33 Hansson,
594 2198 153 36 Thorberg,
772 2196 114 29 Martin
909 2195 157 29 Svensson"
1089 2195 57 28 och
1170 2203 53 20 von
1247 2194 218 40 Stockenström;

333 2242 72 29 från
429 2243 101 27 andra
553 2242 199 27 kammaren:
777 2240 110 27 herrar
910 2238 177 36 Magnusson
1107 2238 5 27 i
1129 2236 159 35 Kalmar",
1308 2232 122 40 Öberg",
1447 2235 146 36 Hagman,
1611 2234 141 28 Karlsson
1769 2234 10 26 i

279 2285 178 34 Gasabäck,
481 2283 118 29 Nilsson
622 2284 10 26 i
648 2282 170 34 Vibberbo,
836 2281 139 28 Svensson
989 2281 11 26 i
1016 2280 188 35 Skönsberg,
1222 2278 142 36 Sundling
1379 2278 59 28 och
1456 2277 121 29 Olovson
1593 2277 10 27 i
1619 2275 161 29 Västerås.
