1898 2854
81 274 101 23 Motion
201 273 42 23 vid

94 308 71 23 1883
184 307 43 24 års

100 342 115 30 riksdag.

76 428 101 23 Motion
196 427 44 24 vid

94 462 70 23 1896
183 461 43 24 års

101 496 114 30 riksdag.

80 1284 102 23 Motion
200 1283 44 24 vid

95 1316 71 25 1898
183 1318 43 23 års

100 1353 114 30 riksdag.

85 2087 149 25 Kommatté-

110 2123 102 30 förslag

104 2158 30 22 år
153 2156 74 25 1900.

279 192 19 30 2
716 194 104 29 Andra
842 195 193 36 lagutskottets
1056 196 147 29 utlåtande
1225 196 46 28 Nr
1293 196 48 28 11.

331 267 54 31 En
408 266 57 32 vid
490 267 81 32 1883
594 269 54 30 års
671 267 139 42 riksdag
832 268 12 31 i
867 268 105 32 andra
995 269 195 32 kammaren
1213 270 98 31 väckt
1334 270 131 31 motion
1481 271 79 32 med
1576 271 204 33 hemställan

279 328 55 21 om
368 317 225 32 utarbetande
625 329 40 20 av
698 329 42 20 en
764 330 46 30 ny
832 319 199 42 legostadga
1053 331 89 20 vann
1166 321 28 41 ej
1219 320 194 41 någondera
1436 320 215 33 kammarens
1674 322 106 32 bifall.

331 419 68 31 Vid
434 419 81 31 1896
549 420 55 30 års
637 419 139 42 riksdag
809 420 136 31 väcktes
978 421 12 31 i
1024 420 107 32 andra
1153 421 194 32 kammaren
1370 433 42 20 en
1435 422 133 32 motion
1592 423 77 32 med
1692 424 89 30 hem-

281 470 132 37 ställan,
446 471 50 30 att
530 469 126 41 Kungl.
684 470 98 41 Maj:t
816 472 104 30 måtte
953 471 69 31 låta
1055 471 158 32 utarbeta
1240 473 64 31 och
1328 473 51 31 till
1402 472 184 42 riksdagen
1608 474 175 31 inkomma

280 520 79 31 med
381 520 128 41 förslag
531 520 53 31 till
607 520 144 42 förnyad
774 520 208 42 legostadga,
1006 522 11 30 i
1042 521 89 42 syfte
1155 524 49 29 att
1225 524 51 39 ett
1299 523 100 31 friare
1423 523 89 31 avtal
1536 524 144 31 emellan
1704 524 77 32 hus-

279 569 133 32 bönder
434 570 65 31 och
522 570 129 41 tjänare
675 572 104 30 måtte
802 570 116 32 kunna
940 573 62 40 äga
1024 583 84 20 rum.

332 620 245 41 Lagutskottet
599 621 173 41 avstyrkte
795 621 175 32 motionen
993 622 112 31 under
1127 623 175 31 uttalande
1326 634 39 21 av
1389 624 65 31 den
1470 624 172 41 farhågan,
1659 626 49 30 att
1724 625 58 31 vid

279 681 43 21 en
354 670 150 32 revision
538 682 40 20 av
611 671 220 41 legostadgan
864 672 10 30 i
909 672 79 32 dess
1011 672 118 32 helhet
1151 684 121 30 genom
1296 674 149 31 ändrade
1467 674 317 41 lagbestämmelser

281 721 109 32 skulle
424 721 161 31 bortfalla
607 721 67 32 den
697 724 92 29 ännu
812 722 224 32 kvarlevande
1060 724 153 31 återstod
1236 735 40 20 av
1299 724 57 32 det
1379 725 260 41 patriarkaliska
1661 725 121 32 förhål-

278 771 101 31 lande
403 771 124 31 mellan
550 771 183 32 husbonde
757 772 64 32 och
844 773 219 41 tjänstehjon,
1089 774 78 31 varå
1189 774 156 41 gällande
1367 775 200 42 legostadga
1589 787 78 20 vore
1684 787 98 30 grun-

280 822 76 37 dad,
381 822 64 31 och
468 821 105 32 vilket
588 822 213 32 förhållande
817 823 156 42 utgjorde
990 824 239 41 kärnpunkten
1245 825 11 31 i
1271 827 58 29 vår
1344 826 215 41 lagstiftning
1575 838 54 19 om
1646 827 136 41 tjänste-

279 872 193 41 hjonsavtal
506 874 89 30 samt
627 873 104 42 höjde
764 873 94 32 detta
891 874 88 31 avtal
1013 876 80 30 över
1116 877 49 29 ett
1187 875 128 42 vanligt
1337 876 215 31 arbetsavtal.
1598 877 53 30 En
1675 877 106 31 sådan

280 923 175 41 synpunkt
487 933 81 21 vore
602 923 63 31 ock
697 924 12 30 i
733 924 100 31 stånd
857 926 58 37 att,
943 935 55 21 om
1022 936 77 20 man
1124 925 138 41 utginge
1285 926 73 31 från
1381 927 199 31 densamma
1602 927 57 31 vid
1681 927 100 31 bedö-

280 972 122 32 mande
424 973 94 31 inom
541 973 376 42 tjänstehjonsavtalets
940 977 141 39 gränser
1103 987 40 20 av
1167 976 187 42 ömsesidig
1375 978 67 30 rätt
1466 977 64 31 och
1548 977 204 42 skyldighet,
1770 979 11 30 i

280 1022 261 42 tillämpningen
572 1023 122 32 mildra
728 1026 144 40 mången
905 1036 40 20 av
974 1025 241 42 legostadgans
1249 1027 179 41 onekligen
1463 1029 104 39 något
1589 1028 192 31 föråldrade

280 1073 366 40 detaljbestämmelser
669 1074 64 31 och
756 1075 243 38 åstadkomma,
1024 1078 50 29 att
1087 1076 152 41 stadgan,
1254 1077 107 32 eburu
1379 1077 119 31 stiftad
1514 1078 52 31 för
1579 1080 79 29 över
1670 1079 110 31 sextio

279 1125 37 29 år
339 1123 114 39 sedan,
478 1126 92 29 ännu
593 1124 114 32 kunde
729 1125 103 31 verka
855 1126 51 31 till
928 1137 96 30 gagn.

332 1174 262 41 Lagutskottets
617 1175 227 41 avstyrkande
867 1176 204 32 hemställan
1095 1177 116 32 bifölls
1235 1189 40 19 av
1298 1178 88 31 båda
1408 1179 187 31 kamrarna.

331 1275 67 32 Vid
433 1277 80 31 1898
547 1279 55 29 års
624 1277 139 42 riksdag
785 1278 136 32 väcktes
944 1278 12 31 i
978 1279 109 31 första
1109 1279 193 32 kammaren
1327 1291 41 20 en
1392 1281 131 31 motion
1547 1281 78 31 med
1637 1281 144 41 förnyad

278 1326 204 32 hemställan
506 1338 55 20 om
585 1328 127 41 förslag
734 1328 53 31 till
810 1340 45 30 ny
878 1329 207 41 legostadga.

332 1376 81 32 Med
447 1377 186 42 anledning
666 1389 39 20 av
739 1379 112 31 denna
884 1379 130 31 motion
1041 1380 204 31 hemställde
1268 1381 233 41 lagutskottet,
1527 1384 49 29 att
1599 1382 182 41 riksdagen

280 1429 103 29 måtte
406 1427 11 31 i
442 1428 163 31 skrivelse
628 1429 52 30 till
703 1429 127 41 Kungl.
854 1430 98 40 Maj:t
974 1430 136 31 anhålla
1133 1441 54 20 om
1211 1431 223 32 utarbetande
1451 1432 65 31 och
1529 1432 252 41 framläggande

279 1477 52 32 för
352 1477 182 42 riksdagen
558 1490 40 20 av
621 1479 127 41 förslag
770 1479 52 31 till
845 1491 45 30 ny
912 1480 207 41 legostadga.
1166 1481 179 31 Utskottet
1367 1483 125 40 ansåge
1517 1482 42 32 de
1582 1484 67 29 rätt
1660 1485 122 38 många

279 1528 191 32 föråldrade
484 1529 63 31 och
561 1529 52 31 för
629 1529 190 32 dåvarande
835 1530 236 32 förhållanden
1089 1531 182 41 olämpliga
1282 1532 269 39 bestämmelser,
1567 1544 73 21 som
1656 1534 125 31 funnes

279 1578 11 31 i
315 1578 152 41 stadgan,
492 1579 153 31 medföra
679 1580 29 40 ej
733 1580 197 41 obetydliga
954 1581 211 41 svårigheter
1188 1584 86 28 samt
1298 1593 79 20 vara
1398 1583 124 40 jämväl
1545 1583 11 31 i
1579 1585 120 40 många
1722 1584 59 30 fall

280 1640 40 20 av
353 1628 66 32 den
441 1629 247 38 beskaffenhet,
723 1632 49 29 att
805 1630 156 41 partiella
984 1631 236 42 förändringar
1243 1632 205 32 därutinnan
1472 1633 111 32 skulle
1607 1633 175 32 föranleda

279 1679 172 42 rubbning
484 1690 40 21 av
554 1680 58 31 det
649 1680 164 32 inbördes
848 1681 252 42 sammanhang,
1136 1693 73 20 som
1232 1682 107 32 borde
1362 1683 109 31 finnas
1495 1684 125 31 mellan
1644 1695 41 20 en
1708 1684 73 41 lags

280 1729 157 41 samtliga
471 1730 222 41 stadganden.
738 1731 181 31 Utskottet
950 1734 125 39 ansåge
1103 1732 198 39 emellertid,
1326 1735 49 29 att
1397 1734 57 31 vid
1477 1745 43 20 en
1545 1734 238 42 omarbetning

279 1791 40 20 av
347 1780 223 41 legostadgan
603 1780 313 42 huvudgrunderna
948 1783 52 31 för
1034 1782 199 32 densamma
1266 1783 113 32 kunde
1413 1785 63 31 och
1510 1785 107 31 borde
1650 1785 131 31 lämnas

280 1830 175 32 orubbade
478 1831 83 31 eller
583 1831 11 31 i
617 1831 60 31 allt
698 1832 58 31 fall
783 1843 41 20 av
847 1843 41 20 en
912 1832 105 32 sådan
1040 1836 150 28 varsamt
1211 1833 149 33 beröras.

331 1880 262 42 Lagutskottets
627 1881 203 33 hemställan
862 1883 116 31 bifölls
1012 1895 40 19 av
1085 1884 186 38 kamrarna,
1306 1885 63 31 och
1393 1896 41 20 en
1457 1885 325 42 riksdagsskrivelse

281 1931 77 31 med
391 1931 145 42 begäran
574 1943 55 20 om
663 1933 225 31 utarbetande
922 1944 40 20 av
994 1945 46 30 ny
1062 1934 199 41 legostadga
1284 1935 78 31 kom
1386 1935 145 32 sålunda
1554 1936 93 31 detta
1670 1937 36 30 år
1728 1935 53 32 till

282 1981 108 32 stånd.

334 2083 81 31 Med
439 2084 185 40 anledning
647 2095 39 20 av
709 2084 148 32 nämnda
880 2085 325 41 riksdagsskrivelse
1228 2086 142 32 tillsatte
1394 2087 125 42 Kungl.
1545 2088 98 41 Maj:t
1658 2089 66 31 den
1741 2090 39 30 27

282 2133 143 32 oktober
460 2134 80 31 1899
575 2145 42 20 en
651 2134 178 32 kommitté
862 2135 78 31 med
973 2136 158 41 uppdrag
1153 2137 44 31 bl.
1222 2148 26 19 a.
1274 2139 49 29 att
1346 2137 135 42 vidtaga
1504 2149 42 20 en
1569 2139 149 31 revision
1741 2150 41 20 av

281 2184 231 42 legostadgan.
557 2184 123 32 Denna
702 2185 178 31 kommitté
904 2196 103 31 avgav
1030 2186 67 31 den
1121 2187 38 30 31
1185 2187 143 32 oktober
1351 2188 81 31 1900
1448 2188 129 42 förslag
1592 2189 52 31 till
1659 2189 55 42 lag
1726 2201 55 20 om

281 2235 218 40 tjänsteavtal
522 2235 126 31 mellan
671 2235 202 32 husbönder
896 2236 63 31 och
982 2237 141 40 tjänare,
1147 2237 104 32 vilket
1274 2238 128 41 förslag
1423 2249 59 21 var
1497 2241 111 29 avsett
1624 2241 49 30 att
1685 2240 97 31 träda

281 2284 11 32 i
327 2285 114 31 stället
474 2285 52 31 för
559 2285 231 42 legostadgan.
835 2286 187 41 Förslaget,
1059 2298 73 20 som
1156 2287 133 42 byggde
1313 2290 19 29 å
1354 2288 257 33 bibehållandet
1633 2301 39 20 av
1695 2290 87 42 lego-

282 2335 162 40 stadgans
477 2335 215 41 grundtanke
727 2347 54 20 om
816 2338 49 29 ett
898 2337 388 41 partriarkaliskt-etiskt
1319 2339 212 32 förhållande
1555 2340 123 31 mellan
1705 2341 77 30 hus-

281 2385 132 31 bönder
436 2386 64 31 och
528 2386 130 41 tjänare
686 2388 88 29 samt
796 2386 155 42 inrymde
975 2398 42 21 en
1040 2388 129 40 ganska
1191 2388 187 32 vidsträckt
1400 2389 208 42 befogenhet
1630 2391 51 31 för
1703 2391 79 31 kon-

282 2435 219 32 trahenterna
524 2438 49 29 att
596 2436 189 31 bestämma
807 2437 145 31 rörande
974 2438 272 41 tjänsteavtalets
1269 2439 160 39 innehåll,
1446 2440 199 32 föranledde
1662 2441 28 41 ej
1708 2441 76 31 från

282 2485 125 41 Kungl.
432 2486 115 41 Maj:ts
572 2486 74 32 sida
669 2487 251 41 framläggande
943 2488 52 31 för
1017 2488 181 42 riksdagen
1223 2500 39 20 av
1285 2491 103 39 något
1411 2490 127 42 förslag
1561 2491 11 31 i
1596 2493 120 30 ämnet.
