2214 2624
254 446 101 23 Istånd-

211 481 120 23 sättande
350 482 48 23 och

219 516 162 30 ombyggnad

228 550 26 22 af
273 551 112 22 Skanörs

262 585 84 23 hamn.

481 199 20 32 6
896 204 259 35 Statsutskottets
1188 207 178 33 Utlåtande
1392 209 65 32 N:o
1486 212 57 30 24.

1189 358 73 35 2:0.

528 435 89 38 Med
657 437 209 51 anledning
908 439 41 36 af
988 440 131 37 därom
1154 442 84 36 utaf
1271 443 140 50 Kungl.
1445 446 108 49 Maj:t
1584 447 112 49 gjord
1730 447 285 52 framställning

425 487 68 36 har
520 488 221 49 Riksdagen
783 493 40 33 år
867 493 95 35 1906
992 492 58 36 till
1076 492 301 40 iståndsättande
1406 497 69 36 och
1505 498 244 50 ombyggnad
1780 500 39 37 af
1846 500 167 39 Skanörs

425 539 126 48 hamn,
580 540 12 36 i
620 541 270 51 hufvudsaklig
917 544 399 40 öfverensstämmelse
1349 548 85 37 med
1463 549 64 37 det
1554 550 12 36 i
1594 548 420 58 statsrådsprotokollet

425 591 110 37 öfver
555 592 256 38 civilärenden
831 594 73 37 den
926 598 45 34 13
986 597 150 49 januari
1157 600 96 35 1906
1275 600 259 50 omförmälda,
1552 602 40 36 af
1607 602 169 49 majoren
1796 605 45 37 V.
1860 604 154 50 Gagner

423 644 228 48 upprättade
697 646 148 49 förslag
885 647 119 49 jämte
1049 649 79 37 däri
1174 650 122 49 enligt
1342 665 142 24 samma
1525 655 190 49 protokoll
1757 656 36 36 af
1822 662 92 44 väg-
1942 659 71 35 och

423 696 522 52 vattenbyggnadsstyrelsen
976 701 137 48 gjorda
1140 702 208 50 ändringar
1367 705 70 36 och
1456 705 150 49 tillägg,
1626 707 158 49 beviljat
1804 714 54 31 ett
1878 709 136 50 anslag

423 747 41 36 af
490 750 163 45 272,900
682 749 143 38 kronor
853 751 70 37 och
951 752 112 37 däraf
1086 756 47 46 på
1168 759 108 32 extra
1304 760 75 32 stat
1406 756 60 37 för
1494 760 41 34 år
1566 760 95 35 1907
1693 760 152 37 anvisat
1874 763 138 45 72.900

423 799 152 47 kronor,
618 801 97 37 dock
752 806 54 32 att
834 803 33 49 ej
898 806 127 46 någon
1055 805 60 36 del
1142 807 42 35 af
1213 807 174 48 anslaget
1415 808 102 50 finge
1545 813 102 46 utgå,
1676 811 129 37 förrän
1835 813 178 37 städerna

423 850 148 38 Skanör
613 853 70 36 och
724 853 196 38 Falsterbo
961 856 194 37 förbundit
1196 858 59 49 sig
1296 864 65 43 att,
1398 861 115 36 sedan
1542 862 165 37 hamnen
1736 862 128 38 blifvit
1891 865 122 49 enligt

420 903 163 37 berörda
623 905 89 48 plan
752 906 204 37 iståndsatt
998 908 70 37 och
1109 910 208 50 ombyggd,
1360 911 59 37 för
1454 913 207 38 framtiden
1689 919 93 33 utan
1810 916 135 50 bidrag
1973 917 42 37 af

421 956 219 37 statsmedel
668 958 220 37 underhålla
915 960 227 38 densamma.

524 1008 140 49 Kungl.
695 1009 107 49 Maj:t
831 1011 67 36 har
925 1025 49 23 nu
1002 1012 200 50 föreslagit
1229 1014 218 49 Riksdagen
1477 1021 56 32 att
1560 1017 42 37 af
1626 1018 164 38 nämnda
1811 1020 134 49 anslag
1964 1024 47 47 på

421 1064 107 32 extra
557 1066 75 31 stat
659 1061 59 37 för
746 1065 41 34 år
817 1064 95 35 1908
943 1064 130 37 anvisa
1102 1070 53 32 ett
1183 1066 140 50 belopp
1352 1068 40 35 af
1419 1070 162 41 100,000
1610 1070 153 37 kronor.

522 1112 53 36 Af
609 1114 417 50 statsrådsprotokollet
1062 1116 12 37 i
1107 1117 102 37 detta
1238 1118 139 37 ärende
1406 1119 199 50 inhämtas,
1635 1130 51 28 att
1714 1123 141 49 Kungl.
1885 1123 126 50 Maj:ts

418 1163 424 51 befallningshafvande
857 1167 11 36 i
883 1167 211 38 Malmöhus
1109 1169 62 36 län
1187 1170 86 36 med
1292 1171 201 38 skrifvelse
1514 1173 72 36 den
1610 1175 44 34 13
1676 1175 215 49 september
1913 1178 96 35 1906

419 1215 56 36 till
502 1216 142 50 Kungl.
674 1217 108 50 Maj:t
802 1219 250 38 öfverlämnat
1071 1235 47 23 en
1138 1221 40 37 af
1192 1222 332 50 hamnstyrelsen
1514 1211 23 69 i
1544 1224 149 38 Skanör
1713 1227 71 36 och
1798 1227 212 49 Falsterbo,

417 1267 12 36 i
458 1268 170 49 enlighet
655 1271 87 36 med
769 1270 188 39 allmänna
984 1273 227 50 rådstugans
1239 1274 13 36 i
1271 1276 164 36 nämnda
1455 1277 128 37 städer
1602 1277 74 37 den
1697 1280 20 35 6
1739 1279 150 49 augusti
1912 1282 96 36 1906

417 1319 143 38 fattade
588 1321 135 49 beslut,
754 1323 72 36 den
857 1325 45 35 18
921 1324 12 36 i
952 1336 142 25 samma
1114 1326 136 36 månad
1265 1327 177 37 utfärdad
1458 1328 244 49 förbindelse,
1720 1331 122 49 enligt
1856 1332 154 37 hvilken

418 1371 176 39 städerna
623 1373 148 38 Skanör
800 1375 69 37 och
891 1375 197 38 Falsterbo
1114 1378 119 49 åtagit
1261 1379 59 48 sig
1340 1384 65 43 att,
1426 1380 118 37 sedan
1565 1380 166 39 Skanörs
1751 1383 115 37 hamn
1884 1384 126 37 blifvit

416 1423 203 38 iståndsatt
639 1426 70 36 och
725 1427 195 50 ombyggd
934 1428 13 37 i
961 1429 273 50 hufvudsaklig
1249 1431 394 39 öfverensstämmelse
1658 1434 86 37 med
1760 1435 249 38 omförmälda

416 1476 147 47 förslag
594 1478 86 37 med
709 1479 80 36 däri
817 1480 41 36 af
886 1485 91 44 väg-
1006 1481 71 37 och
1104 1483 524 50 vattenbyggnadsstyrelsen
1647 1487 136 48 gjorda
1802 1488 207 49 ändringar

416 1528 70 36 och
522 1528 147 50 tillägg,
706 1531 61 36 för
803 1531 203 39 framtiden
1042 1538 88 32 utan
1171 1534 137 50 bidrag
1340 1536 41 36 af
1414 1537 220 37 statemedel
1671 1538 11 36 i
1710 1538 165 50 fullgodt
1903 1541 106 36 skick

415 1579 220 39 underhålla
674 1582 181 47 hamnen;
893 1592 52 29 att
971 1586 190 36 allmänna
1188 1587 230 48 rådstugans
1447 1588 249 38 omförmälda
1724 1591 136 48 beslut,
1889 1592 120 49 enligt

413 1632 194 38 utfärdadt
625 1634 119 47 bevis,
765 1635 85 37 icke
869 1628 125 45 blifv&t
1020 1638 71 36 hos
1118 1638 143 49 Kungl.
1291 1640 126 48 Maj:ts
1445 1640 423 51 befallningshafvande
1883 1644 124 37 öfver-

414 1684 175 49 klagadt;
606 1694 93 29 samt
716 1694 52 29 att
781 1687 139 49 Kungl.
942 1688 107 49 Maj:t
1062 1703 138 35 genom
1220 1690 124 37 beslut
1363 1691 73 38 den
1458 1695 46 34 12
1525 1693 158 37 oktober
1706 1696 97 35 1906
1823 1696 184 37 fastställt

414 1735 162 39 berörda
604 1738 88 49 plan
720 1739 86 37 med
835 1740 79 36 däri
942 1741 135 48 gjorda
1105 1742 207 49 ändringar
1340 1744 70 36 och
1438 1744 138 50 tillägg
1596 1751 99 31 samt
1715 1747 104 37 ställt
1838 1747 56 37 till
1914 1753 93 44 väg-

414 1788 70 36 och
527 1791 551 50 vattenbyggnadsstyrelsens
1119 1794 228 49 förfogande
1388 1796 64 36 det
1493 1797 60 36 för
1594 1801 41 33 år
1679 1800 97 36 1907
1815 1799 190 49 beviljade

413 1840 186 49 anslaget,
646 1845 135 45 72,900
820 1844 150 48 kronor,
1000 1845 198 38 äfvensom
1227 1847 251 49 föreskrifvit,
1508 1854 56 31 att
1591 1850 42 36 af
1658 1849 46 37 de
1734 1850 60 37 för
1822 1852 184 37 hamnens

412 1892 251 49 begagnande
699 1895 208 50 inflytande
944 1897 167 49 afgifter,
1150 1912 80 23 som
1259 1899 84 37 icke
1380 1900 235 38 omedelbart
1651 1901 167 38 behöfde
1856 1905 147 47 tagas
1980 1888 26 68 i

412 1945 166 48 anspråk
620 1946 60 37 för
719 1947 199 37 underhåll
959 1950 41 35 af
1023 1950 177 48 hamnen,
1230 1950 120 38 skulle
1384 1952 122 38 bildas
1534 1967 48 23 en
1609 1954 59 36 för
1696 1955 105 36 detta
1830 1955 175 38 ändamål

411 1996 132 37 afsedd
576 1997 106 49 fond,
712 1999 111 37 öfver
850 2000 111 37 hvars
992 2002 236 49 förvaltning
1255 2003 141 49 Kungl.
1426 2004 128 49 Maj:ts
1583 2006 421 49 befallningshafvande

411 2048 119 37 skulle
559 2063 140 35 genom
728 2051 127 37 utsedt
883 2053 138 36 ombud
1048 2054 132 37 utöfva
1207 2055 177 37 kontroll.

513 2151 196 39 Utskottet
736 2154 234 51 hemställer,

910 2264 56 32 att
1007 2261 140 49 Kungl.
1186 2261 128 49 Maj:ts
1346 2262 252 39 förevarande
1627 2265 288 50 framställning
1943 2269 60 34 må

808 2311 114 37 vinna
949 2312 239 49 Riksdagens
1217 2314 118 36 bifall.
