2240 2640
692 193 245 33 Statsutskottets
965 195 167 33 Utlåtande
1154 196 64 32 N:o
1244 199 48 30 73.
1732 201 18 30 3

187 277 40 36 af
260 279 157 43 100,000
449 280 140 36 kronor
621 281 55 35 till
705 282 279 37 underlättande
1011 282 40 37 af
1075 285 170 47 åtgärder
1272 285 55 37 för
1354 287 184 37 arbetares
1566 288 226 49 olycksfalls-

186 327 207 51 försäkring
432 331 66 35 och
537 332 227 46 sjukkassors
804 333 182 37 bildande.
1040 335 74 36 Vid
1157 338 89 34 1891
1285 341 57 32 års
1374 338 149 49 riksdag
1550 339 91 36 hade
1668 339 58 36 för
1753 344 39 31 år

189 381 94 34 1892
324 379 127 38 afsatts
489 381 57 36 för
577 395 138 23 samma
742 384 168 36 ändamål
938 386 216 48 ytterligare
1184 390 156 40 100,000
1369 389 135 35 kronor
1531 391 65 34 och
1626 391 126 43 tillika,
1781 392 11 34 i

187 429 260 48 hufvudsaklig
487 431 375 39 öfverensstämmelse
890 435 82 36 med
1007 436 129 48 Kongl.
1165 437 120 48 Maj:ts
1311 438 147 48 förslag,
1489 440 219 48 medgifvits,
1737 447 55 30 att

186 480 130 49 Kongl.
345 481 104 48 Maj:t
475 483 97 48 finge
600 484 165 36 använda
795 486 44 34 de
866 487 155 35 sålunda
1048 487 130 36 afsatta
1206 489 142 36 medlen
1376 491 12 34 i
1416 494 82 31 mån
1528 491 38 35 af
1592 491 112 36 behof

320 532 72 35 dels
420 534 57 35 till
504 533 377 51 förvaltningsbidrag
908 539 36 33 åt
972 538 218 46 sjukkassor,
1222 540 115 36 under
1363 541 120 35 vilkor

323 580 69 47 1:0)
433 589 53 30 att
527 584 212 47 sjukkassan
780 587 116 35 skulle
936 600 86 23 vara
1055 588 63 36 hos
1151 589 271 38 vederbörande
1450 592 217 49 myndighet
1694 593 97 46 regi-

184 633 142 36 strerad
352 634 13 34 i
392 635 162 48 enlighet
582 636 83 36 med
691 637 108 48 lagen
827 651 58 22 om
914 638 224 47 sjukkassor;

320 682 72 47 2:0)
432 691 54 30 att
513 686 211 47 sjukkassan
752 688 116 36 skulle
896 689 116 36 under
1038 689 218 48 föregående
1284 694 40 33 år
1352 692 78 36 haft
1457 706 94 35 egna
1577 694 213 45 inkomster,

185 735 214 47 uppgående
438 736 58 35 till
538 737 111 36 minst
687 743 55 31 tre
781 742 140 45 gånger
962 740 62 36 det
1063 741 161 48 begärda
1262 741 434 51 förvaltningsbidragets
1728 746 62 35 be-

184 787 101 47 lopp;
314 786 66 36 och

318 833 72 48 3:0)
431 842 54 31 att
523 836 415 52 förvaltningsbidraget
977 842 118 36 skulle
1135 842 57 36 för
1232 846 40 33 år
1311 848 89 44 utgå
1431 845 12 34 i
1477 844 225 38 förhållande
1734 847 56 35 till

182 887 62 35 dét
284 888 98 35 antal
422 887 286 50 afgiftspligtiga
748 891 249 45 medlemmar,
1031 893 214 46 sjukkassan
1278 895 117 36 under
1422 895 301 48 nästföregående
1751 900 40 32 år

183 937 121 37 städse
332 937 88 46 haft,

317 989 82 36 med
431 991 16 34 1
478 990 115 36 krona
619 990 56 36 för
702 991 125 47 hvarje
856 992 156 37 medlem
1041 994 55 35 till
1124 995 66 35 och
1219 995 83 37 med
1330 998 59 42 50,

317 1039 82 36 med
440 1042 47 34 50
527 1047 62 30 öre
628 1041 57 36 för
712 1042 127 48 hvarje
866 1044 158 36 medlem
1052 1044 211 37 derutöfver
1289 1047 57 35 till
1373 1047 67 36 och
1469 1048 82 36 med
1585 1050 83 43 250,
1697 1055 94 30 samt

317 1091 83 35 med
429 1093 44 34 25
503 1098 61 29 öre
591 1091 59 37 för
678 1093 126 47 hvarje
832 1094 158 36 medlem
1019 1095 221 46 derutöfver,

316 1141 93 36 dock
450 1142 31 47 ej
522 1141 58 37 för
620 1146 113 45 något
764 1147 40 32 år
832 1145 81 36 med
942 1147 267 47 sammanlagdt
1236 1148 110 47 högre
1374 1149 129 48 belopp
1531 1157 46 28 än
1605 1152 72 34 300
1705 1151 84 35 kro-

183 1204 78 31 nor,
290 1192 66 35 och

315 1243 74 36 dels
415 1243 57 35 till
501 1244 240 36 utarbetande
768 1245 67 36 och
863 1245 330 51 offentliggörande
1219 1260 129 35 genom
1374 1249 415 50 försäkringsinspektö-

181 1304 82 24 rens
289 1291 146 49 försorg
461 1293 40 36 af
524 1295 289 47 årsredogörelse
839 1296 59 36 för
925 1297 364 46 sjukkasseväsendet
1315 1300 12 35 i
1355 1301 106 34 riket.

315 1343 214 36 Sedermera
569 1345 90 35 hade
700 1345 56 36 för
795 1347 107 35 hvart
941 1347 40 37 af
1017 1351 85 33 åren
1146 1351 244 35 1893—1895
1428 1351 56 35 för
1510 1351 279 48 ifrågavarande

181 1393 168 36 ändamål
377 1394 129 37 afsatts
533 1396 214 48 ytterligare
778 1399 158 43 100,000
965 1400 145 44 kronor,
1138 1400 201 47 hvarjemte
1359 1401 208 48 Riksdagen
1586 1402 57 36 för
1662 1403 127 47 hvarje

180 1447 40 32 år
247 1445 57 35 till
331 1445 67 35 och
426 1445 83 36 med
536 1447 245 37 innevarande
810 1446 205 49 medgifvit,
1044 1455 54 31 att
1124 1450 45 36 de
1197 1451 154 36 sålunda
1376 1451 134 37 afsatta
1529 1453 142 36 medlen
1690 1454 98 49 finge

180 1495 186 36 användas
393 1499 46 44 på
466 1497 188 36 enahanda
682 1504 83 38 sätt,
796 1511 78 24 som
902 1500 62 36 vid
995 1502 93 35 1891
1119 1505 57 32 års
1203 1502 148 48 riksdag
1378 1503 182 37 beslutits.

314 1546 124 49 Enligt
471 1548 172 35 särskildt
672 1549 188 36 meddelad
889 1549 187 37 föreskrift
1104 1552 90 35 hade
1223 1553 566 50 registreringsmyndigheterna

179 1601 54 30 att
272 1596 56 36 till
369 1598 378 48 civildepartementet
786 1600 218 37 öfversända
1035 1602 44 35 de
1106 1603 55 35 till
1190 1604 111 46 sagda
1329 1605 259 48 myndigheter
1615 1606 173 35 inkomna

181 1646 188 48 uppgifter
396 1648 66 36 och
491 1649 390 37 revisionsberättelser
908 1653 156 35 rörande
1091 1654 187 43 kassorna;
1308 1655 66 34 och
1403 1655 115 36 blifva
1537 1656 81 35 med
1638 1656 150 48 ledning

180 1697 107 36 häraf
314 1710 131 35 genom
474 1698 479 50 försäkringsinspektörens
980 1702 143 48 försorg
1151 1705 217 46 upprättade
1396 1706 116 46 årliga
1539 1706 249 47 redogörelser

179 1746 102 37 öfver
309 1748 172 36 kassorna
509 1748 39 36 af
571 1751 143 47 trycket
742 1751 156 48 utgifna.

312 1797 63 36 Uti
408 1811 44 23 en
481 1799 62 35 vid
573 1802 93 34 1896
696 1805 57 32 års
781 1802 149 48 riksdag
956 1803 12 34 i
997 1803 126 35 Andra
1151 1803 216 37 Kammaren
1395 1806 107 35 väckt
1530 1807 137 35 motion
1696 1808 91 35 hade

178 1847 206 49 föreslagits
411 1849 159 49 ändring
596 1852 12 34 i
636 1851 130 36 dittills
792 1853 170 46 gällande
991 1853 271 37 bestämmelser
1290 1868 58 23 om
1372 1855 415 51 förvaltningsbidraget

178 1899 57 35 till
275 1898 277 49 ifrågavarande
592 1901 219 47 sjukkassor.
866 1903 125 36 Under
1031 1904 210 45 anförande,
1270 1907 177 36 hurusom
1480 1921 42 22 en
1558 1913 75 30 stor
1666 1908 55 36 del
1751 1909 39 35 af

178 1949 45 36 de
263 1951 231 35 existerande
533 1952 256 46 sjukkassorna
821 1955 78 34 icke
927 1955 82 35 låtit
1038 1956 193 44 registrera
1258 1957 56 48 sig
1341 1963 93 30 samt
1462 1963 53 30 att
1543 1959 242 48 anledningen

179 2001 123 35 härtill
343 2013 85 24 vore
468 2001 81 44 den,
579 2008 53 30 att
663 2002 411 50 förvaltningsbidraget
1102 2019 85 23 vore
1214 2006 58 37 för
1299 2009 76 45 lågt
1401 2008 57 35 för
1485 2014 52 29 att
1565 2009 151 35 betäcka
1743 2009 43 36 de

179 2050 81 36 med
302 2051 283 47 registreringen
629 2052 171 37 förenade
840 2055 255 44 kostnaderna,
1137 2057 90 35 hade
1268 2058 227 35 motionären
1524 2058 191 48 föreslagit
1742 2073 44 21 en

180 2102 139 46 ökning
356 2100 39 36 af
433 2101 413 49 förvaltningsbidraget
888 2106 165 43 sålunda,
1083 2112 53 29 att
1164 2107 200 36 detsamma
1392 2109 118 34 skulle
1538 2112 88 43 utgå
1654 2110 81 34 med
1765 2112 19 32 2

179 2152 134 34 kronor
344 2151 57 35 för
433 2152 124 46 hvarje
586 2153 154 36 medlem
769 2155 56 34 till
854 2155 66 36 och
949 2156 82 35 med
1061 2159 57 40 50,
1148 2158 81 35 med
1261 2160 12 32 1
1308 2158 113 35 krona
1447 2158 57 35 för
1532 2159 124 47 hvarje
1685 2160 100 35 med-

178 2203 70 35 lem
290 2202 215 35 derutöfver
545 2203 55 36 till
642 2204 64 35 och
741 2204 81 36 med
853 2207 82 42 250,
966 2206 80 35 med
1076 2209 46 33 50
1151 2214 62 29 öre
1240 2208 56 36 för
1324 2208 124 47 hvarje
1477 2209 154 36 medlem
1660 2209 125 36 derut-
