2226 2626
396 215 19 30 8
866 212 251 32 Statsutskottets
1145 210 174 33 Utlåtande
1342 210 61 32 N:o
1429 212 73 29 103.

397 294 209 48 antagligen
649 294 31 48 ej
725 294 121 36 blefve
888 294 177 45 afsevärd,
1109 294 111 37 äfven
1262 307 55 23 om
1346 297 121 44 någon
1495 294 112 35 sådan
1634 293 124 36 kunde
1787 294 206 36 föranledas

396 349 114 44 däraf,
550 352 53 32 att
636 351 132 44 tyngre
797 348 94 35 räler
919 351 114 33 måste
1062 349 196 36 användas.
1316 348 64 35 Uti
1409 347 58 36 sin
1495 347 250 47 underdåniga
1773 348 219 36 hemställan

396 402 226 36 beträffande
651 401 382 49 hamnanläggningen
1061 401 14 36 i
1104 401 316 37 Grankullaviken
1450 401 69 35 den
1539 403 45 33 18
1606 401 152 36 oktober
1782 404 98 32 1900
1900 402 93 35 hade

398 457 176 47 styrelsen
603 455 213 44 framhållit,
848 460 53 32 att
930 455 211 48 stegringen
1169 456 41 35 af
1235 455 272 47 kronoparkens
1538 455 109 36 värde
1676 467 128 35 genom
1835 467 45 23 en
1895 455 98 48 järn-

395 515 87 43 vägs
525 509 225 48 anläggning
778 510 82 35 från
888 510 209 36 densamma
1125 510 112 35 borde
1264 510 125 34 kunna
1418 510 77 46 lågt
1523 508 182 36 beräknas
1734 508 58 36 till
1824 510 168 42 250,000

395 564 146 35 kronor.
599 565 74 34 Det
716 576 82 24 vore
837 564 204 35 emellertid
1084 563 191 47 antagligt,
1320 566 53 32 att
1415 563 164 35 fördelen
1610 562 40 35 af
1671 562 324 48 järnvägsanlägg-

396 617 138 48 ningen
572 617 121 36 skulle
735 617 80 36 visa
848 617 57 47 sig
932 617 181 48 betydligt
1141 621 127 40 större,
1299 619 93 34 samt
1420 619 54 33 att
1501 616 141 36 kronan
1672 616 116 35 under
1816 617 69 34 den
1914 622 80 30 när-

397 675 114 32 maste
550 671 104 36 tiden
696 671 95 36 efter
828 671 459 48 järnvägsanläggningen,
1336 671 129 35 medan
1494 671 43 34 de
1566 670 213 36 nuvarande
1808 669 187 48 betydliga

397 725 287 47 besparingarna
726 724 39 37 af
801 725 105 36 virke
935 725 123 36 kunde
1087 725 66 36 och
1182 725 112 35 borde
1322 724 256 48 tillgodogöras
1603 723 13 35 i
1645 726 40 33 så
1714 726 75 33 stor
1817 724 177 35 utsträck-

398 779 89 47 ning
524 792 74 23 som
640 778 56 48 sig
738 784 86 42 göra
852 779 85 43 läte,
969 779 120 36 skulle
1119 778 113 36 vinna
1261 778 67 36 full
1357 777 205 48 ersättning
1590 778 56 35 för
1675 778 163 35 lämnadt
1865 777 130 47 bidrag

398 833 13 35 i
452 833 329 47 skogseffekternas
823 832 241 48 prisstegring
1103 835 94 33 samt
1238 844 127 35 genom
1399 831 236 48 möjligheten
1665 834 54 33 att
1761 831 134 36 afsätta
1937 831 57 35 de-

398 899 144 23 samma.
603 887 187 47 Styrelsen
833 889 132 45 ansåge
995 886 56 47 sig
1094 886 93 36 dock
1225 886 30 47 ej
1286 886 87 35 böra
1401 885 146 35 förorda
1575 888 53 33 ett
1657 885 221 47 statsanslag
1906 888 88 32 utan

397 939 510 49 återbetalningsskyldighet,
952 944 88 32 utan
1082 942 47 44 på
1170 940 119 47 grund
1318 939 39 35 af
1382 939 84 35 hela
1494 939 197 47 företagets
1721 942 108 32 natur
1859 941 53 33 att
1939 938 56 36 till

399 994 180 47 väsentlig
621 994 59 35 del
722 993 77 36 afse
842 994 322 35 åstadkommande
1194 993 40 35 af
1260 1005 45 23 en
1333 993 279 46 transportbana
1641 992 56 36 för
1727 992 202 47 afsättning
1958 992 40 35 af

398 1061 47 23 en
482 1048 159 35 kronans
684 1047 275 47 skogstillgång,
999 1059 75 23 som
1103 1046 136 36 hittills
1269 1045 94 37 varit
1391 1046 142 35 mindre
1562 1045 189 44 eftersökt,
1782 1045 112 36 funne
1924 1048 70 45 sty-

398 1102 117 36 relsen
544 1102 60 35 det
632 1100 177 47 lämpligt,
840 1103 53 33 att
921 1101 140 35 kronan
1081 1100 56 36 för
1166 1100 301 47 skogsväsendets
1496 1099 159 47 räkning
1678 1098 241 37 intresserade
1939 1099 57 47 sig

399 1156 56 35 för
480 1156 221 48 järnvägens
731 1154 223 47 anläggning
983 1166 126 35 genom
1140 1153 276 47 aktieteckning
1443 1153 13 35 i
1486 1154 219 42 densamma,
1736 1152 13 35 i
1773 1152 142 37 hvilket
1930 1153 64 35 fall

399 1210 139 35 kronan
567 1211 118 33 såsom
710 1208 191 48 jordägare
929 1208 121 36 blefve
1079 1207 246 36 underkastad
1353 1219 137 23 samma
1520 1206 97 36 vinst
1645 1207 90 35 eller
1764 1206 130 36 förlust
1919 1218 74 24 som

400 1264 45 34 de
474 1262 178 37 enskilde.
710 1262 128 35 Under
865 1261 264 47 förutsättning
1158 1264 54 33 att
1240 1261 70 35 den
1338 1260 168 36 enskilda
1525 1260 326 47 aktieteckningen
1870 1260 124 35 kunde

401 1316 223 48 uppbringas
667 1315 58 36 till
769 1318 167 41 225,000
967 1316 143 43 kronor,
1143 1317 132 45 ansåge
1304 1315 189 47 styrelsen,
1525 1317 53 33 att
1607 1314 160 36 kronans
1796 1313 198 36 aktieteck-

400 1370 92 48 ning
531 1370 55 36 för
627 1370 103 34 Böda
771 1369 207 47 kronopark
1019 1369 112 35 borde
1174 1369 126 34 kunna
1327 1368 205 35 utsträckas
1561 1367 58 36 till
1650 1370 169 42 275,000
1849 1368 143 35 kronor.

400 1425 51 35 På
493 1424 118 47 grund
654 1423 40 35 af
732 1423 95 35 hvad
870 1423 153 35 sålunda
1050 1421 124 37 blifvit
1203 1421 155 44 anfördt,
1390 1422 66 35 har
1485 1422 311 47 domänstyrelsen
1824 1421 13 35 i
1866 1422 129 34 under-

401 1477 175 48 dånighbet
618 1476 197 41 hemställt,
860 1479 53 33 att
951 1477 69 35 den
1049 1475 249 48 föreliggande
1326 1474 249 48 underdåniga
1604 1475 251 47 ansökningen
1885 1477 111 33 måtte

401 1535 47 43 på
485 1532 60 35 det
583 1533 74 34 sätt
698 1530 157 44 bifallas,
898 1533 54 33 att
993 1530 141 35 kronan
1177 1542 128 34 genom
1334 1528 273 48 aktieteckning
1631 1529 59 35 till
1719 1532 52 32 ett
1799 1529 130 46 belopp
1960 1528 40 35 af

404 1587 167 42 275,000
616 1584 146 44 kronor,
808 1587 53 33 att
893 1586 88 45 utgå
1009 1584 40 35 af
1074 1583 238 48 skogsmedel,
1343 1582 149 48 bidroge
1520 1582 58 36 till
1602 1582 355 48 järnvägsföretaget
1985 1581 13 35 i

402 1639 115 47 fråga,
548 1638 93 36 dock
670 1638 129 35 endast
827 1638 115 35 under
971 1637 144 45 villkor,
1147 1640 55 33 att
1230 1649 118 23 annan
1377 1636 183 36 bindande
1577 1635 279 48 aktieteckning
1875 1635 123 37 blifvit

401 1692 104 47 gjord
534 1692 56 36 för
619 1694 53 33 ett
701 1692 127 46 belopp
854 1691 40 36 af
922 1694 166 41 225,000
1119 1691 144 43 kronor,
1294 1693 92 33 samt
1415 1694 53 32 att
1492 1690 212 48 järnvägen,
1736 1690 81 35 med
1836 1702 45 23 en
1901 1692 97 45 spår-

403 1747 86 35 vidd
532 1746 39 36 af
612 1748 75 33 890
727 1745 220 44 millimeter,
979 1745 218 36 utsträcktes
1226 1744 59 36 till
1313 1756 45 23 en
1387 1744 119 47 punkt
1534 1744 98 35 inom
1662 1744 102 35 Böda
1792 1743 206 47 kronopark

403 1801 130 35 mellan
561 1801 218 34 hemmanen
809 1800 177 46 Fagerum
1015 1799 66 35 och
1111 1798 181 36 Svartvik.

507 1855 19 34 I
569 1853 201 46 anledning
811 1853 39 35 af
889 1853 96 35 hvad
1018 1852 309 47 domänstyrelsen
1356 1851 153 36 sålunda
1536 1851 198 43 hemställt,
1766 1851 65 34 har
1860 1850 136 47 Kungl.

401 1907 126 49 Maj:ts
568 1906 405 48 befallningshafvande
1012 1906 13 35 i
1066 1906 151 35 Kalmar
1258 1906 60 34 län
1360 1904 193 36 inkommit
1590 1905 80 35 med
1699 1917 45 22 en
1773 1903 227 47 underdånig

403 1961 193 36 skrifvelse
625 1961 41 34 af
692 1961 69 35 den
794 1963 44 32 12
870 1960 168 35 sistlidne
1062 1959 149 48 januari
1239 1960 65 34 och
1334 1958 121 36 däruti
1483 1958 121 36 anfört
1633 1958 170 48 följande.

509 2014 360 48 Befolkningen
793 2006 20 60 i
835 2006 42 60 de
898 2014 150 43 trakter,
1079 2026 75 23 som
1185 2013 119 36 skulle
1332 2012 145 36 beröras
1511 2012 39 35 af
1576 2012 69 35 den
1675 2012 205 46 föreslagna
1903 2010 97 48 järn-

403 2074 126 41 vägen,
574 2068 126 47 insåge
744 2069 71 34 den
854 2071 97 32 stora
990 2071 114 44 nytta,
1148 2079 75 23 som
1262 2067 201 47 järnvägen
1496 2066 120 35 skulle
1646 2066 162 35 medföra
1836 2064 55 35 för
1920 2063 82 35 hela

404 2134 108 24 norra
541 2115 130 51 Öland,
689 2122 65 35 och
784 2134 82 24 vore
895 2121 106 47 lifligt
1020 2121 222 36 intresserad
1262 2120 55 35 för
1336 2120 217 35 densamma.
1598 2120 125 35 Under
1743 2116 256 47 förhoppning,

404 2178 54 33 att
487 2175 327 47 domänstyrelsens
844 2174 249 47 underdåniga
1121 2173 273 47 framställning
1422 2173 118 36 skulle
1570 2173 111 36 vinna
1710 2171 135 47 Kungl.
1876 2170 126 47 Maj:ts

403 2229 276 47 godkännande,
711 2230 92 34 hade
832 2228 122 36 därför
983 2229 119 34 denna
1130 2227 214 46 befolkning
1371 2226 95 37 varit
1495 2226 199 47 angelägen
1723 2227 53 33 att
1805 2223 88 37 söka
1911 2236 89 35 upp-

403 2283 90 48 fylla
522 2282 60 36 det
610 2281 133 37 villkor
771 2282 13 36 i
813 2283 103 46 fråga
944 2295 54 22 om
1028 2282 172 46 beloppet
1229 2281 39 35 af
1294 2281 69 35 den
1382 2280 168 36 enskilda
1570 2277 335 48 aktieteckningen,
1927 2290 74 23 som
