1935 2828
266 175 18 28 2
583 171 118 31 Andra
719 170 240 40 lagutskottets
980 168 176 32 utlåtande
1175 178 40 21 nr
1235 168 41 31 38
1296 167 37 31 år
1355 167 84 31 1970

266 264 146 40 behörig
436 264 211 35 tillverkare,
673 262 191 40 apotekare
889 262 82 30 eller
996 262 67 30 den
1089 270 75 21 som
1189 261 67 29 har
1279 258 142 32 särskilt
1445 257 158 32 tillstånd
1631 257 51 39 (14
1708 255 45 41 $).

267 313 213 37 Överlåtelse
499 328 43 21 av
559 318 64 40 gift
641 317 56 31 får
714 317 62 31 ske
793 317 123 30 endast
934 316 53 31 till
1004 326 42 21 en
1064 315 196 40 begränsad
1277 314 95 31 krets
1391 324 43 20 av
1449 323 170 30 personer
1639 311 51 40 (15
1709 310 45 41 $).

267 374 74 31 Den
361 384 76 21 som
456 373 172 40 olovligen
647 372 191 36 tillverkar,
858 370 192 33 saluhåller
1068 371 85 31 eller
1171 368 174 33 överlåter
1363 368 64 41 gift
1447 369 119 30 dömes
1585 367 53 31 till
1658 367 98 40 dags-

267 428 99 31 böter
384 429 93 35 eller,
497 437 57 21 om
572 428 130 30 brottet
720 428 40 29 är
779 429 107 37 grovt,
906 426 52 30 till
976 425 156 40 fängelse
1151 426 10 30 i
1180 425 101 39 högst
1302 427 47 27 ett
1368 422 38 32 år
1428 422 51 39 (27
1500 421 45 41 $).

900 534 221 31 Motionerna

311 610 13 30 I
350 609 222 31 motionerna
599 607 185 32 framhålls
812 607 251 40 inledningsvis
1092 609 49 28 att
1169 606 184 31 samhället
1379 605 67 31 har
1470 614 128 21 ansvar
1623 604 57 30 för
1705 606 50 28 att

266 663 190 42 tillgången
483 664 54 30 till
564 663 359 40 narkotikapreparat
951 662 66 31 och
1045 662 110 30 andra
1182 661 114 30 medel
1323 660 81 31 med
1431 658 324 41 berusningseffekt

266 718 178 32 försvåras
461 720 10 31 i
489 717 38 33 så
544 719 69 39 hög
631 718 85 40 grad
733 728 76 21 som
825 716 147 41 möjligt.
993 715 447 41 Uppfinningsrikedomen
1459 723 105 31 anges
1582 723 83 21 vara
1684 716 73 28 stor

266 774 65 30 när
345 774 58 30 det
418 773 108 40 gäller
541 776 50 28 att
607 773 100 31 finna
724 782 69 30 nya
809 774 166 38 preparat
990 771 80 31 med
1086 769 334 41 berusningseffekt.
1437 769 166 30 Härefter
1617 768 137 35 uttalas,

268 831 50 27 att
338 828 58 30 det
419 828 126 30 »bland
565 827 202 39 ungdomen
789 826 120 39 spritts
930 825 164 39 kunskap
1115 834 58 21 om
1194 827 50 27 att
1264 823 347 40 fenyl-metyl-keton
1635 821 122 39 (fenyl-

266 880 136 39 aceton)
423 881 11 30 i
450 881 97 30 stark
563 880 271 30 koncentration
852 888 58 30 ger
925 878 337 31 narkotikaeffekt».
1281 878 49 29 De
1347 875 316 40 undersökningar,
1682 885 75 20 som

268 934 109 40 gjorts
397 944 43 21 av
458 933 345 41 fenyl-metyl-keton
823 933 39 30 är
882 932 107 39 enligt
1008 931 223 31 motionerna
1251 929 263 40 ofullständiga,
1534 938 81 22 men
1635 928 123 40 gjorda

266 989 123 31 försök
412 988 103 36 visar,
540 991 50 28 att
613 990 202 37 preparatet
838 988 67 29 har
927 986 186 31 narkotisk
1137 986 122 30 effekt.
1284 985 15 30 I
1322 984 204 40 tillräckligt
1550 984 98 30 stark
1671 984 85 30 kon-

266 1043 197 31 centration
478 1043 67 30 har
558 1042 141 39 mycket
715 1042 120 30 starka
851 1040 133 32 sådana
1001 1040 153 31 effekter
1169 1039 89 31 visat
1273 1039 52 40 sig
1339 1039 57 31 vid
1412 1038 123 31 försök
1550 1038 80 31 med
1646 1036 112 32 råttor

268 1097 66 31 och
355 1097 104 30 möss.
482 1096 76 31 Den
579 1096 114 30 ökade
713 1095 274 39 användningen
1008 1104 42 20 av
1071 1093 346 39 fenyl-metyl-keton
1438 1102 76 21 som
1534 1091 224 39 berusnings-

266 1152 113 30 medel
399 1152 103 39 utgör
521 1150 106 40 enligt
648 1149 264 32 motionärerna
932 1159 42 21 en
995 1148 190 31 hälsofara.

837 1266 350 39 Remissyttrandena

311 1340 281 39 Socialstyrelsen
622 1338 208 32 framhåller
858 1337 253 40 inledningsvis
1141 1338 67 30 den
1238 1347 89 20 ovan
1356 1337 11 30 i
1396 1337 179 39 ingressen
1606 1336 150 39 angivna

267 1394 255 32 distinktionen
548 1393 130 31 mellan
704 1393 224 39 fenylaceton
955 1393 66 30 och
1047 1392 211 31 acetofenon
1284 1391 66 31 och
1375 1389 168 41 påpekar,
1571 1393 50 28 att
1647 1390 110 39 fenyl-

267 1452 124 28 aceton
408 1457 127 31 genom
551 1448 236 39 kungörelsen
809 1446 178 40 (1969:17)
1009 1447 109 30 redan
1137 1447 39 30 är
1193 1444 150 32 föremål
1362 1445 57 31 för
1437 1455 42 21 en
1497 1445 164 36 kontroll,
1682 1454 75 21 som

266 1504 100 30 torde
386 1512 83 21 vara
487 1502 205 39 tillräckligt
712 1501 149 31 effektiv
879 1505 73 27 mot
972 1500 169 40 obehörig
1161 1499 154 32 åtkomst
1336 1500 66 30 och
1422 1499 187 31 missbruk.
1633 1499 124 39 Styrel-

267 1567 60 21 sen
344 1557 131 31 uttalar
490 1559 50 28 att
557 1556 227 39 uppgifterna
800 1565 43 21 ur
859 1555 195 40 tillgänglig
1068 1554 178 31 litteratur
1261 1563 58 21 om
1336 1553 209 31 acetofenon
1563 1554 40 30 är
1618 1553 139 39 mycket

266 1611 278 39 knapphändiga
568 1611 66 30 och
660 1610 194 31 fortsätter:

312 1692 65 30 Det
396 1692 66 30 har
480 1691 158 39 tidigare,
659 1691 57 30 för
734 1700 76 21 mer
827 1691 45 29 än
893 1691 41 29 50
956 1689 39 31 år
1015 1690 117 32 sedan,
1155 1690 147 30 använts
1323 1699 76 20 som
1420 1689 226 33 sömnmedel,
1668 1689 90 30 dock

267 1737 113 38 aldrig
398 1739 10 30 i
430 1735 148 40 Sverige.
600 1735 169 39 Vanligen
791 1735 274 31 distribuerades
1086 1735 57 30 det
1164 1735 10 30 i
1195 1735 146 38 kapslar
1359 1735 81 29 med
1461 1734 209 31 acetofenon
1691 1734 67 30 löst

267 1783 9 30 i
301 1782 49 31 fet
373 1782 71 38 olja
467 1782 84 30 eller
578 1783 5 30 i
606 1781 184 31 emulsion.
816 1780 153 31 Numera
993 1780 157 31 används
1175 1780 57 30 det
1256 1789 76 21 som
1353 1779 126 31 tillsats
1503 1779 51 31 till
1576 1779 182 39 parfymer

271 1825 389 40 (pomeransblomdoft)
684 1826 66 31 och
772 1835 76 21 som
868 1824 312 39 utgångsmaterial
1201 1826 11 30 i
1233 1824 91 31 vissa
1346 1824 187 39 organiska
1555 1827 166 36 synteser.
1744 1824 14 30 I

268 1873 66 30 den
353 1882 125 21 senare
496 1872 222 38 egenskapen
739 1872 71 30 kan
828 1872 57 30 det
904 1871 222 31 förekomma
1146 1870 56 31 vid
1220 1869 368 39 laboratoriemässiga
1610 1869 148 31 skolför-

268 1918 63 31 sök
351 1918 10 30 i
382 1918 66 30 den
469 1917 108 38 högre
596 1916 308 39 undervisningen.

313 1962 215 31 Acetofenon
552 1963 40 29 är
614 1962 77 30 icke
713 1964 169 37 upptaget
905 1960 47 40 på
975 1961 262 38 giftnämndens
1261 1959 267 39 förteckningar
1551 1961 81 30 över
1656 1960 104 36 gifter

268 2008 66 30 och
350 2006 138 40 vådliga
504 2008 128 30 ämnen
649 2007 66 31 och
733 2006 125 40 frågan
876 2016 57 21 om
951 2007 77 30 dess
1045 2005 262 39 klassificering
1323 2016 76 20 som
1415 2005 223 38 hälsofarligt
1656 2006 102 29 ämne

267 2054 66 29 har
356 2053 72 30 inte
451 2052 91 31 varit
565 2051 150 32 föremål
741 2052 57 30 för
822 2052 241 38 övervägande
1088 2051 12 31 i
1123 2052 188 30 nämnden.
1338 2051 58 30 Ett
1421 2051 105 30 värde
1551 2050 46 39 på
1622 2052 135 29 ämnets

268 2098 157 30 toxicitet
449 2096 46 40 på
520 2096 113 32 råttor
656 2097 67 30 har
747 2097 193 31 redovisats
966 2106 80 21 men
1073 2097 40 30 är
1137 2096 32 39 ej
1195 2106 42 21 av
1263 2095 109 32 sådan
1399 2099 63 32 art,
1488 2099 50 28 att
1564 2097 56 29 det
1647 2096 111 30 skulle

267 2143 120 31 kunna
413 2143 184 31 föranleda
624 2153 41 21 en
691 2142 274 39 giftförklaring.

312 2188 279 37 Användningen
615 2198 43 20 av
681 2187 209 31 acetofenon
914 2188 10 29 i
949 2186 75 31 vårt
1046 2187 83 30 land
1154 2196 102 29 synes
1280 2196 84 21 vara
1388 2186 140 39 mycket
1551 2187 205 35 begränsad.

268 2234 65 30 Det
351 2233 96 31 finns
466 2233 32 38 ej
516 2235 11 31 i
544 2233 97 38 lager
656 2232 46 39 på
721 2233 139 39 apotek,
880 2233 64 30 hos
962 2230 403 38 läkemedelsgrossister
1386 2230 266 39 (droghandeln)
1675 2232 83 30 eller

268 2279 10 30 i
302 2278 244 38 färghandeln.
570 2278 135 39 Import
728 2278 66 30 och
818 2277 213 39 försäljning
1052 2275 175 40 försiggår
1248 2276 58 31 vid
1330 2280 47 27 ett
1401 2275 87 32 fåtal
1513 2276 144 36 företag,
1682 2286 74 20 som

269 2323 238 39 specialiserat
531 2322 52 39 sig
604 2322 47 37 på
674 2323 344 38 analyskemikalier.
1044 2322 58 30 Ett
1126 2332 65 28 par
1214 2332 43 20 av
1280 2322 101 30 dessa
1405 2322 66 29 har
1494 2321 57 30 vid
1575 2320 181 37 förfrågan

268 2368 168 39 uppgivit,
456 2371 49 28 att
523 2367 214 40 försäljning
753 2378 43 21 av
814 2368 209 30 acetofenon
1043 2367 32 38 ej
1094 2368 40 30 är
1151 2367 117 38 vanlig
1288 2367 66 30 och
1372 2366 225 31 kvantitativt
1617 2367 141 37 obetyd-

268 2413 55 39 lig.
350 2412 121 37 Någon
496 2411 133 41 ökning
651 2413 113 30 under
787 2422 122 21 senare
931 2413 51 30 tid
1005 2413 68 30 har
1095 2412 32 39 ej
1150 2413 145 30 märkts.
1320 2412 217 30 Leveranser
1559 2421 43 21 av
1626 2410 131 32 sådana

267 2468 104 20 varor
390 2459 81 29 sker
490 2467 76 22 som
586 2459 93 38 regel
700 2459 123 30 endast
842 2458 53 30 till
916 2458 117 30 kända
1054 2458 147 29 kunder.

312 2539 98 31 Vissa
428 2539 204 30 uttalanden
650 2540 10 30 i
677 2539 223 30 motionerna
918 2539 100 38 tyder
1034 2538 107 39 enligt
1158 2538 170 39 styrelsen
1345 2536 46 41 på
1408 2540 50 28 att
1473 2538 129 30 medlet
1619 2537 138 31 sniffas.
