1866 2764
264 161 17 27 4
567 163 384 36 Bevillningsutskottets
970 165 208 28 betänkande
1197 174 38 19 nr
1253 167 36 27 37
1308 164 37 29 år
1364 166 74 28 1964

264 267 114 36 dylika
403 268 196 36 fastigheter
623 270 144 28 medfört
792 270 52 28 för
868 270 92 29 såväl
987 272 39 28 de
1053 272 242 36 skattskyldiga
1322 281 69 19 som
1418 273 324 36 taxeringsmyndig-

263 320 147 35 heterna,
430 321 119 29 främst
569 322 52 28 till
640 323 83 35 följd
743 332 42 19 av
805 324 39 28 de
864 324 195 29 invecklade
1080 325 293 29 bestämmelserna
1392 328 85 26 samt
1498 326 56 29 det
1574 326 169 29 omständ-

264 373 67 36 liga
355 374 240 30 deklarations-
620 376 60 28 och
704 377 368 35 uppgiftsförfarandet.
1098 377 110 36 Några
1234 379 211 35 allvarligare
1471 379 121 28 brister
1618 380 58 28 hos
1702 380 41 28 de

264 435 66 27 nya
350 427 491 38 schablontaxeringsreglerna,
863 431 90 28 vilka
974 431 178 29 utformats
1173 430 35 30 så
1230 434 49 26 att
1299 432 40 28 de
1361 432 103 35 enligt
1484 432 118 36 gjorda
1623 432 119 29 beräk-

263 481 119 35 ningar
397 482 264 35 genomsnittligt
677 483 107 28 skulle
801 483 73 29 leda
892 484 50 28 till
959 486 48 26 ett
1024 483 100 37 något
1141 493 254 27 gynnsammare
1412 485 99 29 utfall
1529 487 43 27 än
1590 487 152 34 taxering

263 533 105 36 enligt
384 534 140 36 tidigare
541 535 154 35 gällande
712 536 257 35 bestämmelser,
988 537 70 35 har,
1078 537 100 30 såvitt
1197 539 162 28 utskottet
1376 539 60 28 har
1454 539 50 35 sig
1521 539 134 35 bekant,
1674 539 68 28 inte

264 587 333 35 uppmärksammats.

301 640 247 30 Motionärerna
566 650 98 27 synes
682 651 96 20 mena
797 646 48 26 att
863 643 119 37 många
1001 645 216 28 medlemmar
1235 645 60 28 och
1315 645 153 35 delägare
1487 646 11 27 i
1517 645 223 28 bostadsföre-

262 695 65 33 tag,
346 695 60 27 när
424 694 39 28 de
481 694 130 29 betalar
629 695 211 37 föreningens
859 697 243 35 omkostnader,
1123 698 165 28 inklusive
1307 698 64 28 den
1390 698 214 29 kommunala
1623 706 118 28 garan-

265 746 168 35 tiskatten,
452 748 147 29 indirekt
616 749 127 29 betalar
762 759 41 19 en
821 751 89 27 skatt
927 759 70 20 som
1016 752 37 27 är
1071 751 52 28 för
1141 751 63 35 hög
1223 751 75 29 med
1316 751 130 36 hänsyn
1463 752 52 28 till
1533 751 66 29 vad
1617 752 40 28 de
1676 752 67 28 kan

264 798 35 30 få
321 802 37 26 ut
378 809 42 19 av
440 801 165 36 företaget
625 802 56 28 vid
702 802 254 30 frånträdandet
978 813 41 20 av
1041 804 197 36 lägenheten
1261 805 61 28 och
1344 805 40 28 de
1407 805 94 35 tycks
1524 804 99 29 också
1645 813 96 20 mena

261 855 49 26 att
325 853 64 28 den
404 854 148 29 enskilde
567 856 222 28 intressenten
803 857 60 28 har
879 859 48 27 att
942 858 133 35 erlägga
1091 858 338 35 förmögenhetsskatt
1444 858 76 28 med
1535 858 120 36 belopp
1672 867 69 20 som

261 907 182 35 överstiger
460 907 55 29 det
531 908 150 36 verkliga
698 909 234 30 andelsvärdet
947 910 42 36 på
1005 911 84 28 hans
1106 911 162 35 lägenhet.

303 960 168 30 Utskottet
492 961 60 28 vill
574 962 75 28 med
671 962 178 36 anledning
871 963 103 29 härav
997 963 179 30 framhålla
1198 967 48 26 att
1269 965 56 28 det
1347 964 105 29 under
1475 964 266 29 remissbehand-

260 1012 113 36 lingen
390 1022 41 19 av
449 1014 76 28 1950
543 1013 54 30 års
615 1015 406 38 skattelagssakkunnigas
1040 1018 219 35 promemoria
1279 1017 169 36 angående
1468 1018 213 36 beskattning
1700 1027 41 19 av

261 1065 328 38 bostadsföreningar
611 1068 60 28 och
693 1069 324 37 bostadsaktiebolag
1039 1073 86 26 samt
1148 1079 40 20 av
1210 1071 95 28 deras
1328 1071 217 29 medlemmar
1568 1071 81 29 eller
1672 1071 69 29 del-

261 1120 108 35 ägare,
385 1120 111 28 vilken
511 1123 221 33 promemoria
747 1122 105 36 ligger
868 1123 50 28 till
932 1124 108 35 grund
1056 1124 52 28 för
1124 1124 63 28 den
1203 1133 64 26 nya
1282 1124 263 36 lagstiftningen,
1561 1133 42 20 av
1618 1124 123 36 Hyres-

259 1174 171 33 gästernas
451 1174 191 35 sparkasse-
665 1175 59 28 och
747 1175 382 37 byggnadsföreningars
1152 1177 215 29 riksförbund
1390 1186 114 27 u.p.a.
1528 1176 213 37 ifrågasattes

260 1228 50 26 att
338 1235 70 19 som
437 1227 162 36 underlag
628 1228 52 28 för
709 1229 417 36 schablonbeskattningen
1156 1230 106 28 skulle
1293 1231 113 28 kunna
1437 1231 171 28 användas
1639 1233 101 26 annat

261 1279 104 28 värde
390 1281 41 27 än
455 1280 56 28 det
535 1279 108 30 åsatta
668 1282 296 35 taxeringsvärdet.
991 1283 191 28 Förbundet
1207 1283 139 29 anförde
1372 1284 118 28 därvid
1517 1286 48 27 att
1591 1284 56 28 det
1673 1284 66 28 s.k.

258 1332 192 29 saluvärdet
468 1334 70 28 inte
556 1334 103 28 borde
677 1343 79 20 vara
776 1344 95 19 norm
889 1336 57 28 vid
965 1337 154 35 taxering
1139 1345 40 19 av
1199 1336 325 36 bostadsföretagens
1544 1337 196 35 fastigheter

259 1386 135 28 särskilt
411 1386 75 28 med
503 1387 132 36 hänsyn
652 1388 50 28 till
720 1390 49 27 att
787 1389 142 28 medlem
947 1389 56 28 vid
1022 1389 197 29 överlåtelse
1237 1399 42 19 av
1297 1390 156 35 lägenhet
1471 1391 69 27 inte
1560 1390 95 28 alltid
1674 1391 66 28 kan

259 1439 218 36 tillgodogöra
496 1441 51 35 sig
567 1449 152 20 summan
740 1450 42 20 av
803 1443 71 27 sina
896 1442 280 35 kapitaltillskott.
1198 1443 256 28 Vederbörande
1477 1443 263 36 departements-

257 1492 76 28 chef
349 1493 130 35 yttrade
494 1494 77 28 med
588 1494 178 36 anledning
782 1495 104 28 härav
902 1497 48 27 att
966 1504 41 20 en
1023 1496 184 35 beräkning
1223 1505 42 20 av
1281 1496 326 36 bostadsföretagens
1623 1497 116 35 fastig-

258 1545 258 29 hetsinkomster
535 1546 43 36 på
599 1548 164 35 grundval
785 1557 41 19 av
848 1552 100 25 annat
969 1549 104 28 värde
1094 1551 43 27 än
1157 1550 290 35 taxeringsvärdet
1467 1550 109 29 skulle
1598 1550 141 36 kompli-

258 1607 75 20 cera
356 1600 379 35 taxeringsförfarandet
757 1602 61 28 och
842 1603 10 27 i
875 1603 66 27 viss
965 1603 231 35 utsträckning
1219 1602 197 36 möjliggöra
1439 1603 53 28 för
1515 1603 224 29 bostadsföre-

258 1654 100 34 tagen
376 1655 48 26 att
441 1653 109 35 själva
568 1654 183 28 bestämma
770 1655 56 28 det
844 1655 101 29 värde
964 1655 81 29 varå
1065 1655 314 29 schablonmetoden
1398 1656 85 29 skall
1503 1657 177 35 tillämpas.

297 1706 169 29 Utskottet
485 1707 61 28 vill
567 1707 130 29 ansluta
717 1708 50 35 sig
788 1708 51 29 till
860 1708 382 36 departementschefens
1263 1709 224 36 uppfattning.
1510 1710 72 28 Vad
1604 1710 135 29 särskilt

256 1758 105 36 angår
386 1760 284 36 uppskattningen
695 1770 41 19 av
763 1761 171 36 lägenhets
962 1762 218 29 andelsvärde
1208 1763 55 28 vid
1291 1762 447 37 förmögenhetstaxeringen

260 1812 60 28 vill
341 1813 162 28 utskottet
524 1813 222 37 understryka
769 1816 49 27 att
840 1814 107 36 dylikt
968 1815 104 28 värde
1094 1815 84 29 skall
1201 1818 120 33 upptas
1344 1816 51 29 till
1417 1816 120 36 belopp
1560 1824 72 21 som
1653 1818 84 27 mot-

256 1873 117 21 svarar
391 1866 64 28 vad
474 1866 199 36 lägenheten
693 1868 66 28 kan
778 1876 95 20 anses
892 1868 86 29 hava
998 1868 150 36 betingat
1168 1869 55 28 vid
1243 1869 199 36 försäljning
1461 1870 107 28 under
1587 1869 150 29 normala

257 1917 241 30 förhållanden.
521 1920 64 28 Vid
607 1920 221 36 värderingen
849 1921 85 28 skall
954 1922 132 35 hänsyn
1107 1921 96 29 alltså
1226 1924 92 33 tagas
1341 1922 52 28 till
1414 1922 83 29 bl.a.
1521 1922 124 30 sådana
1668 1931 68 20 om-

256 1972 227 36 ständigheter
508 1981 71 20 som
606 1975 49 27 att
680 1974 64 28 den
770 1974 149 29 enskilde
946 1976 222 27 intressenten
1195 1976 55 27 vid
1278 1978 47 25 ett
1353 1976 182 29 eventuellt
1563 1975 172 30 frånträde

257 2034 42 19 av
320 2025 198 36 lägenheten
538 2026 70 29 inte
630 2028 77 35 äger
729 2027 218 36 tillgodogöra
969 2029 49 34 sig
1041 2028 56 29 det
1119 2028 149 36 verkliga
1291 2029 243 29 andelsvärdet.

295 2079 112 35 Enligt
427 2079 120 36 Kungl.
569 2080 114 35 Maj:ts
704 2080 265 36 bemyndigande
991 2081 64 28 den
1078 2083 35 27 12
1134 2082 132 35 januari
1289 2082 76 28 1962
1387 2082 60 29 har
1469 2083 176 29 tillkalats
1666 2085 70 27 sär-

254 2132 109 28 skilda
387 2133 209 36 sakkunniga
620 2133 441 36 (bostadsrättskommittén)
1087 2135 52 28 för
1164 2137 48 27 att
1236 2135 182 29 verkställa
1443 2137 143 35 översyn
1612 2145 41 20 av
1678 2137 58 28 bo-

254 2185 439 37 stadsrättslagstiftningen.
713 2188 53 27 Av
785 2187 188 29 direktiven
991 2188 47 34 (se
1058 2188 355 35 riksdagsberättelsen
1431 2188 37 29 år
1488 2190 75 28 1963
1583 2199 25 20 s.
1628 2190 36 28 63
1684 2190 50 34 ff.)

256 2238 148 36 framgår
426 2241 48 26 att
495 2239 41 29 de
557 2240 209 35 sakkunniga
788 2240 61 28 har
871 2243 48 26 att
940 2241 183 28 verkställa
1146 2250 40 20 en
1209 2241 124 29 allmän
1355 2243 142 35 översyn
1520 2252 42 19 av
1585 2243 150 29 bostads-

255 2292 182 35 rättslagen
462 2293 60 28 och
548 2293 118 28 därvid
691 2294 84 35 ägna
802 2294 295 35 uppmärksamhet
1123 2294 82 29 bl.a.
1232 2294 34 29 åt
1292 2294 127 36 frågan,
1447 2296 64 28 hur
1537 2296 198 35 erforderlig

254 2345 156 36 trygghet
430 2346 85 28 skall
538 2346 120 36 skapas
680 2347 52 27 för
754 2346 370 30 bostadsrättshavarna
1147 2348 59 28 och
1230 2348 64 29 hur
1316 2348 111 29 dessas
1450 2348 211 30 förhållande
1684 2350 50 27 in-

254 2398 120 29 bördes
396 2399 59 28 och
476 2399 52 28 till
550 2399 197 36 föreningen
768 2400 179 35 lämpligen
969 2400 60 29 bör
1052 2400 154 37 regleras.
1229 2397 96 34 Även
1347 2402 11 28 i
1380 2402 109 37 övrigt
1512 2402 85 29 skall
1621 2402 113 30 utred-

252 2453 124 35 ningen
397 2452 152 31 bedrivas
570 2453 331 37 förutsättningslöst,
