2342 2716
599 185 37 28 42
1052 182 81 38 Lag-
1143 181 165 31 Utskottets
1336 180 167 31 Utlåtande
1529 180 58 31 N:o
1611 181 45 28 14.

560 277 95 32 stort
683 271 166 43 röstetal,
880 270 107 36 alltid
1023 270 154 48 uppläte
1207 282 44 23 en
1283 269 91 36 eller
1401 268 90 36 flera
1521 267 103 37 delar
1653 267 39 37 af
1728 266 122 38 denna
1891 266 266 49 egendors:på

562 323 171 45 arrende,
777 322 47 36 då
865 335 89 22 vore
997 322 222 47 visserligen
1261 320 246 48 möjligheten
1551 319 40 36 af
1627 333 45 22 en
1706 319 92 36 eller
1826 322 118 45 några
1974 317 34 37 få
2037 323 119 31 större

556 375 220 50 jordegares
817 373 268 48 röstöfvervigt
1126 373 116 48 ringa.
1297 371 86 37 Men
1424 370 172 37 deremot
1635 370 110 37 torde
1786 371 93 36 böra
1913 370 154 44 erinras,
2102 374 56 31 att

561 428 211 47 säkerligen
801 425 141 49 ganska
972 427 134 45 många
1134 431 140 30 smärre
1303 424 223 35 kommuner
1553 423 134 43 finnas,
1717 422 68 37 der
1805 435 44 23 en
1866 419 292 51 jordegendom,

562 485 91 31 utan
683 485 54 29 att
764 478 58 35 till
851 477 149 36 arealen
1029 489 89 24 vara
1146 479 39 33 så
1214 481 88 37 stor,
1334 480 54 31 att
1416 474 72 36 den
1517 474 58 36 till
1604 477 123 45 någon
1758 474 60 36 del
1843 476 120 34 måste
1985 478 173 32 utarren-

562 532 120 43 deras,
700 529 144 37 ändock
861 536 52 36 är,
930 529 9 35 i
954 527 215 49 jemförelse
1197 526 86 37 med
1313 527 71 35 den
1413 525 119 48 öfriga
1556 525 327 49 jordegendomen
1913 525 109 36 inom
2050 525 108 36 kom-

563 595 151 31 munen,
742 580 222 47 tillräckligt
992 578 217 51 betydande
1237 578 57 36 för
1322 583 55 31 att
1406 580 37 33 åt
1471 578 57 35 sin
1557 590 123 35 egare,
1708 577 225 50 isynnerhet
1954 589 61 23 om
2036 576 122 36 denne

563 635 123 36 tillika
726 633 143 36 skattar
909 631 57 36 för
1007 632 166 35 inkomst
1213 629 39 37 af
1280 630 142 49 kapital
1452 629 68 36 och
1551 629 141 45 arbete,
1723 627 170 38 medföra
1922 633 55 32 ett
2004 626 156 52 fyrktal,

566 692 118 31 större
715 692 43 28 än
789 685 73 35 alla
892 683 44 36 de
966 682 120 50 öfriga
1115 682 312 36 medlemmarnes
1449 680 39 36 af
1503 681 229 35 kommunen
1754 679 284 48 sammanlagda
2058 680 101 35 antal

564 743 129 30 röster.
750 734 308 48 Olägenheterna
1099 732 109 37 häraf
1246 746 110 35 synas
1397 731 195 36 Utskottet
1634 732 231 48 uppenbara,
1907 731 159 36 likasom
2095 730 66 36 det

565 789 69 36 ock
674 786 252 37 förekommer
967 784 195 36 Utskottet
1196 784 196 45 naturligt,
1423 787 54 30 att
1504 782 121 35 under
1654 782 130 49 dylika
1811 781 266 36 förhållanden
2107 785 54 31 ett

565 839 39 37 af
627 837 505 38 kommunalinstitutionens
1161 835 201 48 vigtigaste
1392 833 134 49 syften:
1556 833 210 36 väckandet
1795 833 69 36 och
1894 832 266 37 underhållan-

566 891 64 36 det
659 888 39 38 af
723 889 157 35 intresse
910 886 57 38 för
995 888 250 35 kommunens
1274 898 278 35 gemensamma
1594 884 318 49 angelägenheter
1947 884 10 35 i
1987 882 175 38 väsendt-

566 942 52 46 lig
647 943 85 33 mån
761 942 115 33 måste
905 937 180 38 förfelas».
1140 938 73 35 Det
1241 949 111 36 synes
1381 937 76 45 mig
1485 936 109 44 klart,
1637 940 66 39 att,
1745 948 61 23 om
1849 936 31 47 ej
1915 935 57 35 till
2008 933 154 37 Utskot-

566 999 73 30 tets
681 1005 49 22 nu
771 990 134 49 gjorda
946 990 140 47 förslag
1129 990 11 35 i
1182 987 247 37 förevarande
1465 987 122 48 punkt
1621 989 115 46 något
1771 986 135 49 tillägg
1935 993 110 41 göres
2076 985 87 37 med

570 1043 160 37 särskild
760 1043 144 47 hänsyn
948 1042 56 36 till
1040 1041 63 36 det
1134 1039 39 37 af
1198 1041 95 35 1868
1323 1042 58 33 års
1409 1037 252 50 Lag-Utskott
1688 1038 195 49 påpekade
1912 1037 247 44 förhållande,

570 1109 46 23 en
633 1095 111 36 lucka
773 1098 157 45 uppstår
959 1094 10 34 i
999 1092 45 37 de
1073 1091 248 49 stadganden,
1352 1103 80 23 som
1461 1089 75 37 afse
1565 1088 309 38 förekommande
1896 1088 39 37 af
1950 1102 47 23 en
2017 1088 147 49 skadlig

569 1145 280 47 röstöfvervigt,
885 1146 68 35 och
996 1150 53 30 att
1090 1142 237 38 fördenskull
1366 1142 227 35 åtminstone
1635 1141 109 48 något
1778 1140 117 37 borde
1937 1141 227 48 upptagas
2143 1136 24 60 i

569 1199 134 36 sådant
731 1196 110 50 syfte,
873 1197 68 36 och
972 1196 104 36 detta
1103 1195 122 36 tillika
1252 1197 41 33 så
1321 1192 187 45 affattadt,
1538 1199 54 30 att
1621 1193 31 47 ej
1683 1196 46 45 på
1760 1191 73 38 den
1861 1191 190 50 tillfälliga
2081 1199 84 29 när-

571 1250 91 36 eller
701 1248 202 36 frånvaron
938 1247 39 36 af
1006 1250 122 45 någon
1158 1245 96 37 enda
1281 1244 226 47 röstegande
1537 1243 163 36 medlem
1730 1242 39 37 af
1793 1244 229 35 kommunen
2047 1243 116 47 jemte

571 1313 42 24 en
653 1305 118 30 större
816 1299 198 48 jordegare
1056 1298 120 36 skulle
1213 1297 90 35 bero
1347 1295 140 36 dennes
1529 1294 211 37 öfvermakt
1781 1293 104 37 öfver
1927 1294 72 35 alla
2028 1293 46 36 de
2104 1306 61 23 an-

574 1352 67 35 dra
669 1350 64 36 vid
762 1350 224 48 afgörandet
1014 1348 40 37 af
1077 1349 247 35 kommunens
1354 1346 327 49 angelägenheter.
1734 1345 53 36 Af
1815 1344 116 37 sådan
1961 1344 205 48 anledning

571 1402 57 37 får
652 1403 65 47 jag
744 1401 176 37 vördsam
948 1401 199 35 hemställa
1189 1412 59 22 om
1290 1397 106 37 bifall
1441 1398 57 35 till
1544 1396 247 37 förevarande
1824 1396 121 49 punkt
1972 1397 11 35 i
2012 1395 154 37 Utskot-

573 1459 73 31 tets
674 1452 251 44 betänkande,
955 1454 47 47 på
1031 1450 165 48 följande
1226 1455 74 31 sätt
1328 1448 255 37 modifieradt:

968 1501 214 38 röstvärdet
1209 1501 184 36 beräknas
1422 1499 95 37 efter
1544 1520 48 3 —
1619 1518 49 5 —
1696 1519 47 4 —
1771 1498 154 50 fyrktal,
1978 1498 103 36 Dock
2108 1502 60 33 må

974 1554 31 47 ej
1034 1553 57 36 för
1120 1558 113 31 annat
1261 1560 45 27 än
1332 1550 390 49 jordbruksfastighet
1750 1550 41 36 af
1812 1553 125 45 någon
1964 1554 120 32 röstas
2109 1548 59 37 för

971 1618 92 30 mer,
1092 1612 46 27 än
1167 1617 45 22 en
1241 1602 196 37 tiondedel
1467 1601 39 37 af
1521 1603 250 35 kommunens
1791 1602 86 35 hela
1895 1601 155 36 röstetal
2072 1599 96 38 efter

971 1654 257 49 röstlängden,
1258 1654 67 36 och
1355 1654 11 35 i
1394 1654 96 35 intet
1517 1653 64 37 fall
1610 1653 57 36 för
1695 1665 91 32 mer,
1828 1659 45 29 än
1904 1665 44 23 en
1978 1650 190 49 tredjedel

974 1706 38 36 af
1036 1719 142 23 samma
1206 1706 166 35 röstetal;

710 1756 76 47 2:0)
815 1758 77 35 Mot
921 1759 87 34 11:te
1033 1757 160 47 punkten
1235 1756 38 36 af
1310 1755 214 36 Utskottets
1554 1754 249 37 betänkande.
1869 1754 33 35 »I
1935 1753 65 36 det
2034 1752 136 38 under-

576 1811 137 47 dåniga
740 1808 239 38 betänkande
1009 1808 69 36 och
1103 1807 140 49 förslag
1261 1808 56 35 till
1339 1807 337 46 kommunallagar,
1705 1818 80 23 som
1807 1804 40 37 af
1862 1804 127 37 dertill
2007 1803 161 37 utsedde

576 1861 234 36 komiterade
854 1864 39 32 år
941 1861 93 35 1859
1082 1858 130 49 afgafs,
1255 1859 68 35 och
1357 1858 144 36 hvilket
1529 1856 141 49 förslag
1699 1856 84 36 med
1814 1855 36 37 få
1879 1855 205 49 ändringar
2112 1861 58 30 ut-

577 1921 67 40 gör
672 1926 51 22 nu
764 1911 175 49 gällande
977 1911 339 46 kommunallagar,
1357 1914 104 44 yttra
1503 1907 233 38 komiterade
1788 1906 84 48 (sid.
1915 1904 78 47 XI),
2028 1906 141 37 beträf-

577 1964 112 36 fande
718 1962 303 37 bestämmandet
1049 1961 39 37 af
1113 1962 127 35 hvilka
1282 1960 318 48 angelägenheter
1640 1972 80 23 som
1747 1958 120 37 borde
1895 1972 90 23 vara
2013 1957 157 37 föremål

577 2015 58 36 för
680 2015 292 35 kommunernas
1013 2012 327 49 sjelfverksamhet
1368 2011 69 36 och
1466 2010 315 44 beslutanderätt,
1817 2014 54 31 att
1900 2022 45 23 en
1976 2009 194 35 inskränk-

578 2067 90 47 ning
697 2065 39 36 af
761 2065 107 36 dessa
896 2064 318 48 angelägenheter
1241 2064 57 35 till
1329 2076 42 23 en
1403 2068 152 41 trängre
1584 2062 112 43 krets,
1726 2069 45 28 än
1800 2060 101 36 hvad
1934 2059 162 37 medelst
2125 2059 45 37 de

582 2116 38 37 af
660 2115 236 37 komiterade
939 2116 212 47 föreslagna
1193 2115 68 35 och
1304 2115 8 34 i
1348 2127 50 22 nu
1439 2112 175 47 gällande
1656 2113 104 47 lagar
1800 2111 222 49 begagnade
2052 2110 120 37 orden

580 2169 117 35 finnes
738 2167 189 48 stadgadt,
956 2172 129 44 syntes
1127 2165 234 37 komiterade
1403 2164 119 36 strida
1562 2170 79 29 mot
1670 2163 73 36 den
1773 2163 144 48 princip
1947 2161 40 37 af
2010 2160 163 51 sjelfsty-

580 2220 109 42 relse,
718 2219 143 48 hvarpå
889 2218 372 47 kommunallagarne
1291 2224 64 28 äro
1383 2215 214 49 grundade;
1638 2219 54 32 ett
1726 2213 272 50 uppräknande
2029 2216 79 33 åter
2137 2211 40 38 af

581 2271 73 35 alla
683 2270 44 36 de
756 2269 163 36 ärenden
950 2269 121 35 denna
1100 2268 244 49 sjelfstyrelse
1374 2267 120 36 skulle
1524 2265 168 45 omfatta,
1734 2265 164 48 ogörligt
1926 2265 59 37 till
2013 2264 94 48 följd
2137 2263 40 37 af
