2270 2766
521 169 36 30 36
970 170 80 38 Lag-
1071 165 171 48 Utskottets
1260 170 165 30 Ut!åtande
1452 170 56 30 N:o
1533 173 45 28 14.

479 256 268 50 röstöfvervigt
788 256 71 36 kan
899 258 255 50 undertrycka
1194 260 73 35 alla
1309 258 45 37 de
1397 257 136 51 öfriges
1568 259 151 49 mening
1753 259 67 36 och
1850 258 222 48 derigenom

479 317 90 42 göra
603 309 125 37 desses
757 314 75 30 rätt
860 310 58 35 till
949 310 226 50 deltagande
1205 312 10 35 i
1246 311 247 36 kommunens
1522 310 317 50 angelägenheter
1867 310 203 36 illusorisk.

479 362 113 37 Detta
634 361 124 37 medel
800 367 40 28 är
881 368 54 30 att
976 363 207 36 bestämma
1213 364 285 35 röstmaximum
1527 362 57 38 för
1614 363 84 45 den,
1728 376 81 23 som
1838 362 69 38 har
1934 368 137 31 största

477 413 193 50 fyrktalet,
699 414 57 35 till
785 425 44 23 en
859 414 73 35 viss
967 415 235 47 proportion,
1236 421 23 29 t.
1290 428 56 23 ex.
1376 413 143 38 hälften
1549 416 91 35 eller
1668 418 64 33 två
1759 413 243 49 tredjedelar,
2032 412 39 38 af

479 467 73 35 alla
594 464 117 49 öfrige
754 465 500 38 kommunal-medlemmars
1284 467 283 48 sammanlagda
1594 467 165 36 röstetal.
1812 465 85 37 Man
1927 466 145 48 möjlig-

477 516 133 50 gjorde
640 516 217 49 derigenora
886 518 10 34 i
927 517 74 36 alla
1030 518 224 36 kommuner
1282 517 57 37 för
1368 518 45 35 de
1436 518 145 36 mindre
1603 518 270 49 inflytelserika
1893 517 179 37 medlem-

479 582 127 23 marne
649 574 53 30 att
742 581 138 36 genom
921 570 87 48 enig
1048 570 222 36 samverkan
1311 568 95 38 fatta
1442 569 124 37 beslut
1596 569 108 37 äfven
1734 575 101 31 emot
1864 568 73 37 den
1967 569 107 48 eljest

478 620 272 48 öfvermäktige
780 620 235 49 godsegaren
1045 623 92 35 eller
1165 621 248 37 fabrikanten.
1468 622 81 36 Den
1577 622 201 48 vigtigaste
1800 620 186 49 befogade
2011 634 61 23 an-

480 672 198 48 märkning
712 679 102 29 emot
843 671 72 37 den
944 687 50 22 nu
1021 672 58 38 för
1107 673 128 36 landet
1262 673 175 48 gällande
1466 673 203 49 röstgrund
1698 686 90 23 vore
1818 673 68 36 ock
1916 672 156 36 härmed

477 723 224 49 undanröjd.
754 723 83 37 Men
876 725 66 48 jag
981 724 162 45 befarar,
1178 731 55 30 att
1261 724 116 37 sådan
1406 725 257 49 begränsning
1692 724 36 37 af
1755 730 204 31 rösträtten
1989 723 81 37 icke

477 775 176 37 öfverallt
693 775 121 36 skulle
851 777 125 34 kunna
1003 782 90 30 utan
1123 777 180 35 orättvisa
1332 777 201 47 tillämpas.
1588 776 72 48 Jag
1688 782 81 30 tror
1797 777 76 46 mig
1902 781 86 30 veta
2017 781 54 30 att

477 827 222 34 kommuner
739 827 130 44 finnas,
913 826 66 35 der
1011 827 11 34 i
1056 827 64 35 det
1148 832 187 30 närmaste
1365 828 72 35 alla
1470 827 248 48 utskylderna
1746 826 185 36 bestridas
1961 825 38 36 af
2025 838 44 23 en

476 877 98 36 enda
602 890 136 35 person
767 877 69 36 och
866 877 66 36 der
961 877 57 45 de,
1048 892 80 22 som
1152 878 118 48 jemte
1299 878 139 36 honom
1467 878 111 37 hafva
1602 884 167 38 rösträtt,
1790 877 203 37 inskränka
2014 878 57 47 sig

476 929 59 36 till
564 932 116 44 några
708 928 35 36 få
773 942 187 35 personer.
1004 929 68 36 Att
1100 928 191 49 medgifva
1309 929 108 36 dessa
1434 936 55 30 att
1511 935 78 30 mot
1605 929 72 36 den
1693 929 118 36 förres
1829 928 240 37 bestridande

475 981 210 35 bestämma
724 980 251 36 kommunens
1005 980 168 49 utgifter,
1213 981 153 36 hvartill
1397 981 45 35 de
1471 982 9 34 i
1511 981 109 48 högst
1648 981 107 47 ringa
1784 983 85 32 mån
1898 979 171 48 bidraga,

475 1045 88 23 vore
595 1031 199 36 kanhända
823 1032 81 35 icke
933 1032 108 35 alltid
1069 1031 150 49 rådligt.
1275 1031 85 37 Man
1391 1036 117 32 måste
1538 1031 147 38 derföre
1715 1031 58 36 för
1800 1031 139 36 sådana
1965 1031 106 36 kom-

476 1096 146 27 muner,
651 1083 126 35 hvilka
806 1082 95 36 dock
930 1084 191 35 sannolikt
1148 1084 32 47 ej
1212 1091 64 28 äro
1306 1086 146 45 många,
1481 1097 89 23 vara
1597 1083 157 36 betänkt
1782 1085 48 46 på
1857 1085 115 45 något
2002 1095 69 23 un-

474 1134 384 48 dantagsstadgande;
893 1135 69 35 och
991 1148 85 22 man
1105 1134 135 45 kunde,
1269 1148 111 36 synes
1410 1134 65 37 det
1504 1135 86 47 mig,
1618 1134 85 36 med
1735 1133 240 37 förklarande
2013 1139 54 30 att

477 1185 70 36 den
582 1184 286 48 ifrågavarande
903 1187 382 46 röstbegränsningen
1315 1186 80 35 icke
1425 1187 121 34 skulle
1575 1198 69 35 ega
1672 1198 83 23 rum
1785 1186 9 34 i
1825 1184 109 36 dessa
1962 1185 104 35 kom-

474 1250 146 31 muner,
663 1250 60 22 om
752 1237 80 35 icke
862 1236 234 45 föreskrifva,
1130 1239 225 34 åtminstone
1391 1236 216 37 underlätta
1642 1236 109 37 deras
1779 1235 177 48 förening
1983 1235 87 36 med

477 1288 115 35 andra
627 1288 91 35 eller
753 1288 68 35 ock
856 1288 191 48 medgifva
1075 1288 294 36 medlemmarne
1400 1287 39 37 af
1463 1289 229 35 kommunen
1722 1293 53 30 att
1802 1288 99 35 sluta
1929 1288 57 46 sig
2013 1286 57 35 till

476 1351 124 24 annan
630 1338 192 45 kommun,
852 1342 39 32 så
918 1338 114 37 framt
1061 1340 31 46 ej
1123 1339 71 36 den
1224 1346 119 29 större
1372 1339 255 48 rösteganden
1655 1339 87 36 ville
1765 1338 230 36 underkasta
2014 1338 57 47 sig

477 1390 75 36 den
581 1390 10 35 i
621 1390 205 35 allmänhet
854 1390 182 49 stadgade
1066 1391 395 48 röstbegränsningen.

608 1441 16 36 I
658 1454 50 22 nu
744 1440 152 48 angifna
923 1441 170 49 syftning
1120 1455 111 35 synes
1261 1442 76 47 mig
1365 1455 46 23 en
1440 1441 288 47 lagförändring
1756 1454 89 23 vara
1873 1439 198 38 önskvärd.

475 1491 124 50 Något
628 1492 224 47 detaljeradt
880 1493 139 47 förslag
1047 1493 127 35 dertill
1203 1493 66 36 har
1283 1493 58 47 jag
1362 1493 96 35 dock
1474 1493 79 35 icke
1571 1493 131 35 tillåtit
1723 1493 75 48 mig
1819 1498 55 30 att
1889 1497 182 43 uppgöra.

475 1544 137 35 Dertill
640 1544 134 35 saknas
803 1543 110 36 äfven
943 1544 46 35 de
1019 1544 239 43 materialier,
1287 1544 143 48 hvarpå
1458 1544 127 47 hvarje
1615 1543 285 48 lagförändring
1928 1544 10 34 i
1968 1543 104 35 detta

476 1603 107 28 ämne
624 1598 117 33 måste
784 1608 89 23 vara
906 1595 187 47 grundad,
1128 1608 59 23 om
1222 1596 71 35 den
1322 1595 80 35 icke
1431 1595 95 36 skall
1553 1603 110 40 göras
1693 1594 132 37 endast
1853 1594 56 36 för
1938 1593 132 48 dagen.

476 1645 100 36 Utan
611 1652 54 30 att
699 1658 68 33 ega
796 1659 44 22 en
868 1646 237 48 någorlunda
1133 1646 222 47 fullständig
1382 1646 113 44 tablå,
1524 1659 82 23 som
1636 1646 141 36 utvisar
1806 1646 98 35 huru
1932 1644 139 37 förhål-

473 1697 162 36 landena
675 1697 57 35 för
769 1697 233 36 närvarande
1042 1698 162 47 gestalta
1243 1698 57 47 sig
1341 1698 101 35 inom
1478 1698 174 47 samtliga
1692 1697 335 35 landtkommuner
2060 1696 11 35 i

474 1748 110 44 riket,
612 1748 136 35 saknar
776 1761 84 22 man
892 1748 73 36 den
992 1748 96 36 fasta
1117 1748 210 48 hållpunkt,
1351 1755 90 29 utan
1463 1749 151 35 hvilken
1632 1761 85 22 man
1734 1749 80 34 icke
1832 1748 98 35 lärer
1946 1748 126 34 kunna

476 1798 148 37 besluta
659 1802 115 45 några
806 1798 264 49 förändriugar
1100 1798 84 37 med
1214 1799 99 48 hopp
1344 1812 59 23 om
1433 1805 55 30 att
1517 1799 191 36 desamma
1736 1798 200 37 allestädes
1964 1798 107 35 skola

473 1849 117 37 blifva
631 1850 187 48 praktiskt
859 1851 190 48 lämpliga.
1109 1849 249 37 Infordrande
1393 1848 40 37 af
1465 1850 209 36 statistiska
1701 1848 204 50 uppgifter,
1936 1853 134 45 uppta-

474 1900 123 48 gande
627 1902 57 35 för
712 1901 129 47 hvarje
871 1901 181 36 kommun
1082 1902 143 35 antalet
1254 1900 40 36 af
1318 1901 84 36 dess
1431 1901 225 47 röstegande
1686 1902 246 35 medlemmar
1953 1900 117 48 enligt

473 1951 326 49 fyrktalslängden
842 1952 68 36 och
954 1952 108 37 deras
1103 1951 214 49 fördelning
1346 1956 46 44 på
1430 1953 99 35 vissa
1570 1953 225 47 kategorier,
1829 1955 40 33 så
1898 1957 55 31 att
1981 1964 85 23 man

474 2002 110 37 deraf
607 2003 56 36 får
692 2017 45 22 en
766 2005 69 34 lätt
863 2003 181 49 öfversigt
1073 2003 40 36 af
1135 2003 302 37 förbehållandet
1466 2004 160 36 emellan
1655 2004 45 35 de
1729 2003 117 48 högre
1876 2003 69 36 och
1964 2003 102 48 lägre

474 2054 241 36 beskattades
745 2055 100 36 antal
876 2055 68 35 och
974 2060 166 39 rösträtt,
1171 2068 108 22 anser
1302 2056 66 47 jag
1396 2054 146 37 således
1563 2055 91 35 böra
1674 2055 248 47 ovilkorligen
1939 2053 129 49 föregå

473 2105 129 48 hvarje
631 2105 220 48 förändring
880 2105 36 36 af
942 2106 270 48 röstgrunden;
1242 2119 85 23 men
1348 2119 45 23 en
1414 2106 116 37 sådan
1547 2106 165 36 statistik
1728 2106 99 36 lärer
1842 2105 80 36 icke
1941 2106 127 34 kunna

474 2163 88 30 utan
592 2157 135 48 Kongl.
756 2157 123 48 Maj:ts
907 2157 138 48 nådiga
1074 2156 229 37 medverkan
1332 2157 291 37 åstadkommas.

608 2208 235 48 Förändring
884 2208 39 36 af
960 2208 73 36 den
1068 2214 166 38 rösträtt,
1262 2221 78 23 som
1372 2222 49 22 nu
1451 2209 231 36 tillkommer
1711 2209 172 46 bolagen,
1911 2206 156 38 framför

473 2261 67 35 allt
582 2260 276 48 aktiebolagen,
899 2264 121 31 såsom
1051 2260 299 47 korporationer,
1380 2274 107 21 anser
1512 2260 66 47 jag
1607 2259 107 37 äfven
1746 2272 88 24 vara
1863 2264 54 31 ett
1945 2264 83 42 steg
2056 2260 9 34 i
