2230 2632
735 192 226 29 Statsutskottels
989 189 152 29 Utlåtande
1164 188 55 29 N:o
1245 190 26 25 9.
1745 185 59 28 379

201 274 228 38 sistnämnda
465 277 40 33 år
541 272 92 37 hade
668 271 219 46 föreningen
919 268 56 36 för
1003 266 148 37 bistånd
1178 269 37 32 åt
1243 263 151 37 vanföra
1422 264 68 35 och
1518 264 96 47 lytta
1640 263 12 34 i
1680 262 126 35 Karls-

200 329 118 34 krona
352 326 157 36 beslutit
545 328 55 31 att
636 323 75 35 tills
748 320 126 36 vidare
903 319 167 48 upphöra
1097 317 82 36 med
1207 317 57 34 sin
1292 314 243 37 verksamhet.
1589 312 131 37 Skälen
1748 313 58 34 till

202 379 103 35 detta
343 378 123 35 beslut
507 374 92 36 hade
641 371 207 50 uppgifvits
889 383 96 30 vara,
1027 374 55 30 att
1117 367 271 36 arbetsskolans
1415 366 119 34 lärare
1563 368 159 44 uppsagt
1751 363 56 35 sin

203 430 99 47 plats
340 428 67 35 och
448 425 165 49 afflyttat
652 424 57 35 till
751 435 121 23 annan
908 426 69 39 ort,
1007 424 55 31 att
1089 418 219 36 elevantalet
1335 429 87 23 vore
1449 415 59 36 för
1534 415 106 47 ringa
1667 414 58 36 för
1753 418 55 30 att

202 484 188 31 motsvara
428 477 238 46 föreningens
708 471 258 50 uppoffringar
1007 471 67 35 och
1102 474 54 30 att
1182 468 219 47 föreningen
1429 466 232 48 misslyckats
1688 466 12 34 i
1729 465 80 34 sina

202 530 126 36 försök
355 533 54 32 att
437 528 139 35 erhålla
604 526 120 35 bättre
751 524 98 35 lokal
877 521 58 36 för
963 522 127 35 skolan
1118 526 45 28 än
1191 519 71 35 den
1289 517 102 36 förut
1418 515 211 44 innehafda,
1659 515 149 35 hvilken

201 582 81 35 icke
310 580 96 36 varit
431 578 59 36 för
518 576 207 37 ändamålet
750 573 166 48 lämplig.
1779 582 2 2 :

304 631 55 35 Då
386 630 62 36 det
476 628 180 43 ändamål,
676 625 58 36 för
753 624 141 36 hvilket
912 622 262 47 föreningarna
1192 618 58 37 för
1268 618 149 36 bistånd
1436 621 37 32 åt
1492 615 153 38 vanföra
1658 615 150 44 bildats,

204 686 118 32 måste
358 693 103 23 anses
498 682 119 32 såsom
654 675 237 50 synnerligen
927 670 322 50 behjertansvärdt
1278 669 67 36 och
1373 669 57 36 väl
1458 667 120 45 värdt,
1607 671 54 31 att
1689 670 121 31 staten

204 734 58 35 till
300 733 82 35 dess
413 728 299 48 förverkligande
738 725 167 48 bidroge,
934 724 68 36 och
1030 723 46 35 då
1102 721 124 36 vidare
1255 719 129 37 sådant
1410 719 134 47 bidrag
1571 722 125 45 syntes
1724 729 87 22 vara

204 784 143 47 nödigt,
388 781 58 36 för
486 785 55 31 att
581 778 263 47 föreningarna
871 775 117 36 skulle
1016 774 125 34 kunna
1167 771 177 36 fortsätta
1371 769 83 36 med
1482 770 57 35 sin
1566 767 243 43 verksamhet,

205 833 204 37 hemstälde
437 831 132 47 Kongl.
607 828 122 48 Maj:ts
762 822 418 51 befallningshafvande,
1209 822 63 35 det
1303 820 132 48 Kongl.
1469 819 116 48 Maj:t,
1619 817 82 36 med
1733 816 77 36 för-

206 883 203 37 anledande
449 881 40 36 af
527 881 70 36 den
624 880 12 34 i
664 878 152 36 ärendet
843 876 132 48 gjorda
1003 874 264 46 ansökningen,
1298 875 112 32 måtte
1438 871 114 35 väcka
1579 868 233 49 proposition

206 936 67 35 hos
313 933 210 48 Riksdagen
564 931 136 42 derom,
743 933 55 31 att
838 932 54 30 ett
931 926 112 47 årligt
1084 922 298 38 statsunderstöd
1421 920 40 36 af
1500 920 133 44 25,000
1674 920 138 34 kronor

207 990 115 32 måtte
364 985 125 35 ställas
526 982 57 35 till
621 980 131 47 Kongl.
781 977 124 48 Maj:ts
931 974 220 49 förfogande
1177 972 59 37 för
1263 978 66 38 att,
1358 971 94 37 efter
1480 971 43 35 de
1551 969 164 49 grunder
1744 969 68 35 och

208 1037 119 35 under
363 1035 44 36 de
444 1034 120 36 vilkor
600 1031 132 47 Kongl.
770 1028 106 48 Maj:t
912 1025 176 50 pröfvade
1121 1025 135 47 skäligt
1287 1024 215 42 bestämma,
1539 1020 160 36 tilldelas
1728 1019 85 35 de
1791 1015 26 67 i

207 1087 151 47 Sverige
385 1084 192 47 befintliga
604 1081 214 47 föreningar
845 1078 58 36 för
930 1076 148 37 bistånd
1105 1079 37 32 åt
1169 1073 164 38 vanföra.

309 1137 70 35 För
407 1148 92 36 egen
527 1134 58 36 del
613 1134 65 34 har
705 1126 407 53 departementschefen
1138 1127 57 34 till
1224 1138 45 22 en
1296 1124 131 47 början
1455 1123 150 43 erinrat,
1631 1122 182 34 hurusom

208 1189 59 35 för
295 1185 228 38 närvarande
550 1185 79 35 icke
656 1182 135 36 funnes
824 1184 121 44 någon
972 1178 154 36 allmänt
1152 1175 171 49 gällande
1350 1172 192 38 föreskrift
1569 1185 59 22 om
1657 1170 157 37 särskild

210 1238 269 46 undervisning
519 1235 58 35 för
618 1234 134 35 sådana
792 1230 195 49 olyckliga,
1026 1241 77 22 som
1138 1228 55 34 uti
1220 1224 282 48 ifrågavarande
1538 1222 277 46 framställning

209 1289 155 48 afsåges.
418 1287 16 35 I
465 1284 170 50 gällande
667 1278 446 51 fattigvårdsförordning
1141 1275 196 48 stadgades
1365 1280 65 39 att,
1460 1274 46 35 då
1533 1276 121 44 någon
1680 1273 13 34 i
1720 1270 96 48 följd

210 1340 40 36 af
280 1338 196 37 vanförhet
512 1336 89 35 eller
635 1335 78 48 lyte
741 1345 87 23 vore
857 1329 215 48 oförmögen
1099 1333 55 30 att
1180 1339 135 36 genom
1352 1325 124 35 arbete
1503 1321 188 37 förvärfva
1718 1321 98 36 hvad

210 1391 58 35 till
296 1389 125 36 lifvets
457 1384 268 51 uppehållande
754 1381 303 47 oundgängligen
1085 1377 231 37 erfordrades
1345 1376 66 35 och
1439 1376 73 34 han
1541 1373 158 36 saknade
1723 1384 94 35 egna

211 1441 119 35 medel
371 1443 94 32 samt
507 1436 192 36 underhåll
741 1434 67 35 och
850 1431 88 37 vård
979 1429 40 37 af
1056 1441 129 31 annan,
1219 1426 210 47 nödtorftig
1456 1423 204 49 fattigvård
1697 1423 119 41 skulle

212 1493 136 34 honom
375 1491 152 34 lemnas.
574 1486 83 35 Men
679 1485 160 35 hvarken
859 1479 399 50 fattigvårdssamhälle
1278 1478 88 35 eller
1385 1489 121 23 annan
1525 1474 123 36 kunde
1667 1474 150 47 åläggas

212 1547 55 31 att
307 1540 134 37 bereda
482 1538 104 49 dylik
620 1548 132 36 person
780 1532 146 37 tillfälle
955 1536 55 31 att
1037 1530 37 36 få
1100 1531 77 34 lära
1204 1534 54 30 ett
1286 1529 101 48 yrke,
1415 1538 134 36 genom
1579 1525 138 35 hvilket
1745 1524 72 34 han

212 1592 125 36 kunde
366 1589 87 50 sjelf
477 1589 162 47 förtjena
666 1587 65 35 sitt
761 1584 195 48 uppehälle
984 1583 89 34 eller
1101 1581 223 34 åtminstone
1352 1577 94 36 efter
1471 1580 131 31 måttet
1622 1574 38 36 af
1676 1572 142 37 krafter

213 1644 68 35 och
309 1641 203 49 begåfning
539 1638 123 36 dertill
690 1636 165 47 bidraga.

315 1693 71 34 Det
425 1693 82 45 låge
544 1689 92 35 dock
672 1688 10 34 i
720 1691 139 30 statens
886 1685 167 40 intresse,
1083 1686 53 30 att
1165 1684 37 31 så
1231 1683 132 42 många
1391 1691 78 21 som
1498 1677 146 46 möjligt
1672 1674 39 36 af
1737 1674 82 35 dess

215 1743 241 46 medborgare
484 1738 183 37 fostrades
695 1742 55 29 att
777 1735 117 35 blifva
921 1733 148 49 nyttiga
1097 1729 429 39 samhällsmedlemmar;
1557 1726 66 34 och
1652 1725 62 35 det
1741 1724 78 34 till-

215 1793 125 42 hörde,
370 1792 114 47 enligt
514 1785 423 51 departementschefens
966 1781 247 42 förmenande,
1243 1781 12 34 i
1283 1779 66 35 allt
1385 1778 63 35 fall
1488 1790 44 22 en
1560 1776 138 35 kristen
1728 1779 92 30 stats

217 1842 192 50 uppgifter
449 1846 55 30 att
544 1839 153 46 bidraga
737 1836 136 43 dertill,
905 1839 54 30 att
996 1833 44 35 de
1080 1833 11 34 i
1129 1831 208 47 kroppsligt
1365 1829 87 34 eller
1480 1826 143 47 andligt
1650 1824 171 36 afseende

215 1896 80 35 icke
332 1893 160 36 normalt
531 1888 235 37 utvecklades
803 1885 180 48 olyckliga
1016 1882 215 48 belägenhet
1262 1879 197 36 mildrades
1488 1881 38 31 så
1554 1876 157 49 mycket,
1742 1887 78 23 som

217 1943 366 47 omständigheterna
611 1938 121 36 kunde
766 1935 196 48 medgifva.
1009 1932 132 36 Derför
1170 1931 91 35 hade
1290 1935 119 30 staten
1437 1929 79 34 icke
1544 1927 193 35 inskränkt
1766 1926 56 46 sig

217 1996 156 35 allenast
412 1993 57 34 till
511 1989 207 47 främjande
759 1986 39 36 af
833 1987 69 34 den
935 1986 182 34 allmänna
1148 1979 406 46 folkundervisningen,
1585 1982 87 30 utan
1700 1977 12 34 i
1741 1979 81 32 vårt

217 2045 86 36 land
343 2042 169 48 utgåfves
550 2039 106 36 äfven
685 2038 141 46 årligen
854 2036 39 35 af
919 2033 208 37 statsmedel
1159 2037 100 30 stora
1288 2042 163 23 summor
1479 2028 58 35 till
1565 2026 258 36 läroanstalter

217 2095 59 35 för
304 2093 237 41 döfstumma,
571 2089 126 35 blinda
725 2088 67 34 och
822 2086 210 41 sinnesslöa,
1062 2087 37 31 åt
1128 2082 122 35 hvilka
1279 2079 195 36 såmedelst
1501 2076 236 47 bibringades
1766 2079 57 31 så-

219 2146 57 34 väl
306 2143 127 46 boklig
463 2139 267 46 undervisning
759 2150 77 21 som
867 2134 267 46 undervisning
1162 2133 8 33 i
1202 2131 208 47 kroppsligt
1451 2128 136 35 arbete.
1641 2125 182 36 Särskildt

218 2197 8 33 i
272 2194 44 35 de
356 2192 269 39 läroanstalter,
668 2201 76 21 som
785 2199 85 22 vore
898 2183 210 37 anordnade
1138 2181 55 35 för
1222 2181 175 34 abnorma
1424 2178 103 43 barn,
1556 2179 125 44 intoge
1710 2174 114 47 slöjd-

222 2243 311 46 undervisningen
577 2245 52 29 ett
673 2236 244 37 framstående
960 2247 93 21 rum.
1095 2232 165 35 Rättvisa
1288 2230 65 34 och
1391 2229 170 46 billighet
1598 2225 138 43 kräfde,
1770 2229 54 30 att
