2222 2636
418 190 62 29 400
951 194 228 31 Statsutskottets
1208 196 151 30 Utlåtande
1383 199 57 28 N:o
1464 198 27 30 9.

419 267 236 47 egendomen,
685 281 79 24 som
792 271 194 36 orsakades
1015 272 40 36 af
1078 274 238 48 asyltomtens
1343 275 230 49 utbrytning,
1601 280 120 31 ansett
1743 276 127 36 kunna
1888 275 133 48 ifråga-

417 323 123 40 sättas,
568 318 185 38 huruvida
780 322 29 45 ej
833 320 59 37 för
910 328 120 31 staten
1049 324 122 36 blefve
1189 324 242 47 fördelaktigt
1449 331 54 31 att
1520 327 221 48 tillmötesgå
1760 327 259 37 arrendatorns

418 370 142 35 önskan
588 375 54 30 att
668 370 118 37 blifva
814 372 95 36 skild
935 372 83 37 från
1046 374 182 46 arrendet,
1256 377 247 46 synnerligast
1530 390 75 23 som
1635 377 171 37 arrendet
1832 377 57 37 för
1917 392 104 32 qvar-

417 420 164 36 varande
620 420 215 48 åkerjorden
874 424 59 35 till
972 423 93 49 följd
1101 424 40 37 af
1163 425 191 38 försvårad
1381 428 189 46 brukning
1596 428 84 36 med
1708 442 101 23 mera
1835 429 185 36 måhända

417 470 150 37 komme
602 476 55 31 att
693 473 108 35 ställa
835 473 54 48 sig
916 473 39 36 så
981 475 86 47 lågt,
1095 481 54 31 att
1176 477 71 36 den
1274 476 143 47 förlust,
1445 491 77 23 som
1551 492 134 33 genom
1713 479 189 37 arrendets
1930 493 90 35 upp-

416 521 174 45 hörande,
617 522 47 46 på
692 528 73 30 sätt
791 524 242 37 arrendatorn
1059 526 167 48 påyrkat,
1254 528 147 37 komme
1428 535 55 30 att
1509 529 140 36 drabba
1668 531 245 44 statsverkets,
1932 530 88 36 fullt

416 572 149 36 komme
600 578 54 30 att
689 579 189 43 motvägas
906 574 40 37 af
971 575 164 38 fördelen
1163 584 54 30 att
1244 579 117 36 under
1388 580 299 48 byggnadstiden
1715 581 196 47 disponera
1937 582 83 35 hela

417 623 224 45 egendomen
670 625 83 36 med
781 624 79 38 dess
888 625 248 48 åbyggnader,
1163 629 203 46 hvarjemte
1393 630 266 47 kronofogden,
1687 645 89 31 som,
1803 632 120 36 under
1948 632 70 36 för-

415 674 208 46 utsättning
658 680 55 30 att
748 675 131 47 Kongl.
914 676 103 48 Maj:t
1042 679 179 37 beaktade
1248 681 262 36 arrendatorns
1538 683 383 48 ersättningsanspråk
1949 684 69 35 och

415 723 120 49 öfriga
573 725 193 48 yrkanden
793 727 12 35 i
831 727 265 39 vidsträcktare
1134 730 87 36 mån
1261 738 47 29 än
1346 732 100 36 hvad
1483 732 44 37 de
1561 732 260 38 sammanfölle
1846 734 85 36 med
1958 735 60 35 be-

415 776 277 36 stämmelserna
710 778 10 34 i
740 776 100 37 förut
857 777 206 50 åberopade
1085 782 42 34 15
1147 782 167 45 punkten
1333 782 41 36 af
1385 783 379 46 arrendekontraktet,
1779 790 120 31 ansett
1914 785 104 36 dessa

415 826 177 46 anspråks
619 827 69 35 och
715 828 211 44 yrkandens
954 831 146 46 lösning
1127 832 92 36 böra
1244 833 61 36 ske
1332 833 48 46 på
1407 833 309 50 godvillighetens
1743 843 71 39 väg
1841 835 59 36 för
1926 835 92 36 und-

414 877 161 35 vikande
610 877 40 36 af
683 878 184 37 måhända
903 880 216 49 mångåriga
1145 884 138 45 tvister,
1310 884 184 46 hemstält,
1521 891 62 40 att,
1610 886 121 36 derest
1757 886 131 46 Kongl.
1916 886 102 46 Maj:t

413 927 202 45 beslutade,
655 935 54 29 att
749 931 125 48 asylen
914 932 120 36 skulle
1069 932 186 48 förläggas
1282 935 59 35 till
1367 935 146 46 Restad,
1541 937 68 35 och
1637 936 45 37 de
1709 936 41 37 af
1775 937 242 36 arrendatorn

412 977 219 37 framstälda
657 982 232 45 ersättnings-
916 982 84 36 med
1028 983 88 36 flera
1143 984 86 36 kraf
1253 985 79 36 icke
1359 986 149 37 komme
1534 993 54 29 att
1605 988 115 35 vinna
1745 987 132 47 Kongl.
1897 988 119 46 Maj:ts

412 1028 117 44 bifall,
570 1030 172 46 samtliga
782 1032 260 37 arrendatorns
1082 1036 309 45 ersättningskraf
1424 1036 189 37 äfvensom
1649 1038 93 36 hans
1768 1039 167 48 yrkande
1964 1044 53 30 att

412 1080 117 36 varda
567 1079 143 38 befriad
745 1080 80 37 från
863 1084 172 36 arrendet
1061 1084 113 37 måtte
1202 1086 215 48 hänskjutas
1445 1088 57 35 till
1530 1088 201 47 afgörande
1759 1089 41 50 af
1823 1090 192 47 skiljemän

411 1131 61 35 till
513 1130 61 36 det
612 1132 111 44 antal,
761 1136 20 32 3
819 1130 17 48 $
874 1133 40 35 af
947 1135 107 45 lagen
1082 1149 60 22 om
1170 1136 137 36 sådana
1334 1137 72 37 den
1435 1140 45 35 28
1510 1140 154 36 oktober
1694 1143 92 33 1887
1818 1140 197 45 bestämde,

413 1181 71 35 och
520 1181 107 36 valda
663 1182 48 46 på
738 1188 71 30 sätt
836 1184 9 35 i
873 1184 157 37 berörda
1057 1186 60 46 lag
1144 1186 183 47 angåfves,
1356 1189 84 36 med
1466 1195 73 30 rätt
1565 1189 58 36 för
1649 1195 119 31 staten
1796 1191 68 35 och
1896 1205 119 22 arren-

412 1231 134 37 datorn
574 1238 53 30 att
653 1232 99 36 inför
779 1234 266 47 skiljemännen
1072 1236 205 37 framställa
1303 1240 79 35 sina
1410 1240 166 46 anspråk,
1596 1248 95 29 samt
1709 1247 55 30 att
1781 1242 97 36 hvad
1898 1243 118 45 skilje-

411 1290 161 29 männen
611 1283 140 37 beslöte
791 1286 119 35 skulle
950 1287 98 45 gälla
1087 1287 118 37 såsom
1245 1290 83 47 laga
1365 1289 239 47 kraftegande
1632 1292 122 36 beslut
1781 1292 107 37 äfven
1916 1293 98 36 hvad

412 1339 119 31 staten
560 1334 220 36 vidkomime.
831 1335 72 37 Vid
933 1337 272 47 kronofogdens
1232 1340 193 37 utlåtande
1452 1342 94 35 hade
1572 1342 142 36 funnits
1741 1342 130 48 fogadt
1899 1349 51 30 ett
1978 1343 40 36 af

411 1384 241 36 arrendatorn
691 1385 152 46 afgifvet
879 1387 209 37 bevittnadt
1114 1388 239 39 förklarande
1381 1397 55 30 att
1463 1393 71 35 han
1563 1392 58 37 för
1648 1395 56 34 sin
1732 1394 58 35 del
1818 1395 196 45 godkände

411 1435 76 35 alla
514 1436 303 47 uppkommande
843 1438 252 47 tvistefrågors
1123 1441 146 47 lösning
1297 1443 115 45 enligt
1439 1443 105 47 lagen
1574 1457 60 22 om
1662 1445 201 45 skiljemän.

514 1486 129 47 Kongl.
671 1486 118 47 Maj:ts
818 1487 406 50 befallningshafvande
1252 1492 93 37 hade
1373 1493 119 36 såsom
1521 1500 80 40 eget
1628 1494 190 37 utlåtande
1838 1495 177 47 åberopat

410 1536 101 36 hvad
539 1536 256 47 kronofogden
821 1539 11 35 i
860 1540 152 36 ärendet
1038 1540 131 37 anfört.

512 1587 78 36 Den
628 1588 234 45 kommisson,
898 1603 78 23 som
1013 1590 78 37 haft
1118 1593 58 35 till
1205 1593 170 48 uppdrag
1402 1600 56 30 att
1485 1594 138 48 afgifva
1649 1595 139 45 förslag
1814 1597 58 35 till
1900 1598 114 47 lämp-

409 1638 53 47 lig
489 1639 96 45 plats
611 1638 58 37 för
695 1638 282 49 ifrågavarande
1004 1643 79 43 asyl
1110 1665 47 4 —
1183 1644 147 48 yttrade
1358 1644 316 50 domänstyrelsen
1702 1648 127 36 vidare
1851 1669 41 2 —
1920 1648 94 36 hade

409 1689 12 35 i
448 1687 105 49 fråga
580 1702 58 23 om
667 1689 71 37 den
766 1690 58 37 för
850 1693 129 47 asylen
1006 1693 183 48 behöfliga
1216 1696 144 35 arealen
1384 1696 129 36 endast
1531 1696 199 48 föreslagit,
1750 1704 54 30 att
1822 1700 56 35 till
1899 1699 114 46 bygg-

408 1739 191 47 nadsplats
639 1740 115 37 måtte
794 1741 36 36 få
870 1744 187 35 användas
1094 1745 172 46 omkring
1296 1749 41 34 15
1366 1747 185 36 tunnland
1578 1747 41 36 af
1642 1748 152 36 Restads
1822 1750 190 45 egendom,

407 1803 86 22 men
535 1790 163 37 deremot
737 1792 79 36 icke
856 1792 147 48 afgifvit
1038 1793 138 50 förslag
1213 1797 56 34 till
1296 1796 45 36 de
1368 1797 175 36 områden
1570 1799 12 34 i
1609 1798 123 48 öfrigt,
1760 1812 76 23 som
1865 1800 59 36 för
1951 1800 62 36 det

408 1840 86 36 med
535 1842 124 43 asylen
697 1841 152 38 afsedda
884 1844 208 37 ändamålet
1119 1846 93 36 efter
1239 1847 283 48 byggnadernas
1549 1849 232 48 uppförande
1808 1851 124 36 kunde
1961 1865 51 22 er-

407 1890 156 47 fordras,
599 1893 117 36 ehuru
753 1893 119 37 denna
907 1895 201 36 sistnämda
1135 1896 106 47 fråga
1268 1898 93 36 hade
1387 1906 91 28 nära
1505 1901 269 48 sammanhang
1800 1902 84 35 med
1912 1902 100 36 såväl

408 1942 146 47 asylens
581 1944 231 46 anläggande
840 1945 20 36 å
886 1945 137 37 Restad
1050 1959 78 24 som
1155 1948 85 36 med
1260 1949 261 37 arrendatorns
1541 1952 381 48 ersättningsanspråk
1942 1953 68 35 och

408 1992 247 48 egendomens
680 1994 177 37 framtida
883 1995 237 50 förvaltning.
1159 1996 61 38 Af
1242 1999 273 47 handlingarna
1541 2002 228 37 inhemtades
1797 2004 213 44 emellertid,

408 2049 55 29 att
505 2043 154 46 afsigten
700 2059 89 23 vore
829 2052 52 30 att
916 2049 210 47 sysselsätta
1153 2055 51 30 ett
1232 2055 92 30 stort
1351 2051 102 35 antal
1480 2053 181 46 patienter
1687 2053 83 36 med
1795 2054 215 47 jordbruks-

407 2094 161 44 arbeten,
596 2101 52 29 att
675 2097 12 34 i
714 2097 137 47 skogen
879 2098 169 36 anordna
1072 2100 245 45 promenader
1342 2100 59 37 för
1428 2102 45 36 de
1500 2103 115 46 sjuka,
1644 2109 55 30 att
1725 2104 21 35 å
1772 2118 141 22 mossar
1940 2105 69 35 och

406 2158 126 23 annan
559 2144 124 37 derför
710 2148 154 47 lämplig
890 2149 107 35 mark
1024 2151 197 35 verkställa
1248 2151 223 49 nyodlingar
1498 2159 94 30 samt
1618 2160 53 30 att
1689 2154 81 36 fritt
1787 2154 58 37 för
1863 2156 146 47 asylens

406 2195 118 36 behof
558 2195 197 48 disponera
782 2199 72 35 alla
881 2198 20 36 å
928 2200 178 47 inegorna
1132 2201 192 46 befintliga
1350 2216 80 23 mer
1457 2204 89 36 eller
1572 2204 144 37 mindre
1743 2206 267 46 skogbevuxna

404 2246 229 47 bergbackar
652 2247 68 36 och
740 2249 291 47 impedimenter.
1058 2251 127 37 Under
1203 2252 136 37 sådana
1357 2253 257 38 förhållanden
1634 2262 125 42 syntes
1779 2257 61 35 det
1859 2256 149 37 domän-
