2228 2638
748 185 229 30 Statsutskottets
1007 185 152 29 Utlåtande
1181 185 58 29 N:o
1264 184 26 28 9.
1760 182 58 28 351

212 264 315 40 omhänderhafva
568 264 66 36 och
674 263 160 37 förvalta
874 263 44 36 de
960 263 130 44 medel,
1131 262 212 48 Riksdagen
1370 260 57 36 för
1455 259 366 37 åstadkommande
1797 255 27 59 i

212 318 110 35 södra
357 316 150 48 Sverige
535 315 40 36 af
600 320 53 31 ett
680 315 230 35 sanatorium
937 313 59 36 för
1023 313 359 49 lungsotspatienter
1408 312 144 35 anvisat
1580 311 118 35 under
1725 311 96 35 riks-

212 374 141 30 statens
380 367 152 36 åttonde
560 365 229 37 hufvudtitel
814 364 58 37 för
892 364 185 49 utgående
1097 364 117 36 under
1233 368 41 31 år
1296 364 104 35 1899.
1455 362 128 36 Denna
1601 362 220 35 hemställan

213 419 93 36 hade
334 419 71 35 den
434 420 18 33 7
483 418 154 35 oktober
667 418 94 34 1898
792 415 40 36 af
856 416 132 48 Kongl.
1018 415 104 48 Maj:t
1148 414 170 36 bifallits.

313 468 104 37 Efter
457 469 63 35 det
559 468 210 47 Riksdagen
810 466 39 36 af
886 467 62 35 det
989 467 57 35 till
1087 465 251 49 nyssnämnda
1378 464 227 35 sanatorium
1637 462 185 51 beviljade

212 522 128 46 anslag
375 520 218 49 ytterligare
628 522 46 44 på
719 523 107 30 extra
866 523 73 30 stat
978 516 59 36 för
1077 520 40 32 år
1159 518 95 33 1900
1295 516 143 35 anvisat
1479 515 159 41 250,000
1671 514 149 43 kronor,

213 572 93 35 hade
348 571 132 47 Kongl.
521 569 105 48 Maj:t
666 569 71 35 den
772 570 43 33 19
846 568 71 47 maj
950 569 95 34 1899
1073 568 139 35 lemnat
1239 566 130 36 chefen
1396 565 58 36 för
1482 564 340 47 hofförvaltningen

212 622 191 36 enahanda
429 620 298 49 bemyndigande
755 620 13 35 i
795 618 172 36 afseende
995 622 20 32 å
1042 618 102 36 detta
1171 618 147 48 belopp.

313 670 414 51 Departementschefen
754 670 205 48 tillstyrkte
987 682 62 31 nu,
1078 669 61 35 det
1167 668 133 48 Kongl.
1326 667 105 48 Maj:t
1458 667 86 35 ville
1562 665 134 36 föreslå
1714 665 109 35 Riks-

213 724 120 48 dagen
374 728 54 31 att
460 721 41 37 af
524 721 281 49 ifrågavarande
832 722 129 46 anslag
988 723 46 45 på
1061 725 106 30 extra
1195 724 73 30 stat
1295 718 58 36 för
1380 721 39 32 år
1449 719 92 33 1901
1572 717 122 35 anvisa
1726 719 96 32 åter-

214 775 143 43 stoden,
388 775 159 42 250,000
576 774 146 34 kronor.

316 825 14 36 I
359 825 217 47 anslutning
604 824 124 35 härtill
758 823 214 35 hemställer
1001 822 194 42 utskottet,

717 929 57 30 att
801 923 211 48 Riksdagen
1039 925 59 33 må
1123 921 59 36 för
1209 920 327 37 åstadkommande
1563 919 39 36 af
1634 924 54 31 ett
1720 932 105 22 sana-

617 976 141 34 torium
799 974 59 36 för
896 973 361 48 lungsotspatienter
1296 973 12 34 i
1342 971 107 36 södra
1481 970 150 48 Sverige
1658 969 40 36 af
1721 969 105 36 förut

617 1025 181 48 beviljadt
825 1025 128 47 anslag
980 1027 47 45 på
1054 1029 106 30 extra
1187 1028 75 30 stat
1289 1022 58 36 för
1374 1025 40 32 år
1444 1023 92 34 1901
1567 1021 126 35 anvisa
1726 1024 98 32 åter-

619 1077 142 44 stoden,
792 1077 160 43 250,000
980 1076 147 34 kronor.

464 1226 622 45 Barnmorskeundervisningen
1113 1225 74 36 och
1214 1223 368 37 barnbördshusen.

321 1329 98 48 95:0)
448 1331 132 47 Kongl.
622 1330 104 47 Maj:t
767 1330 66 34 har
871 1328 194 48 föreslagit
1105 1327 221 47 Riksdagen,
1367 1331 55 30 att
1463 1329 46 44 på
1536 1329 105 31 extra
1669 1329 74 31 stat
1769 1323 112 38 förAng
1895 1331 84 39 anslag
1992 1330 35 23 till

219 1386 40 32 år
290 1384 91 34 1901
414 1383 126 34 anvisa
572 1386 53 30 ett
652 1381 129 47 anslag
808 1379 40 36 af
874 1381 109 43 2,000
1012 1380 137 33 kronor
1187 1378 57 35 till
1283 1376 238 36 anordnande
1548 1374 40 37 af
1612 1375 217 47 repetitions-
1855 1368 151 60 myser
1957 1364 52 68 för

218 1434 126 35 kurser
363 1433 66 48 för
456 1433 103 35 äldre
588 1431 251 36 barnmorskor
866 1430 66 35 och
960 1430 59 36 till
1048 1428 218 40 beredande,
1296 1431 37 32 så
1360 1427 80 36 vidt
1469 1428 62 34 ske
1558 1425 134 45 kunde,
1722 1424 41 36 af
1778 1424 49 36 fri
1839 1433 186 23 barnmorskor.

218 1484 134 36 bostad
379 1485 89 35 eller
495 1482 244 49 hyresbidrag
766 1485 37 32 åt
831 1481 327 47 deltagarinnorna
1185 1479 79 36 deri
1294 1478 116 35 under
1438 1478 72 35 den
1537 1477 54 36 tid
1611 1477 44 35 de
1673 1489 154 35 genom-
1884 1464 93 49 [92.]

220 1536 113 47 ginge
362 1535 105 36 dessa
493 1535 142 34 kurser.

322 1584 119 37 Sedan
494 1584 221 48 Riksdagen,
773 1583 82 35 med
908 1581 105 37 bifall
1067 1582 57 34 till
1174 1580 133 48 Kongl.
1358 1579 123 47 Maj:ts
1526 1578 125 35 derom
1696 1577 133 48 gjorda

220 1636 329 47 framställningar,
589 1635 143 35 anvisat
773 1637 46 44 på
859 1638 107 30 extra
1007 1637 73 29 stat
1119 1631 58 36 för
1217 1635 40 31 år
1297 1632 92 33 1899
1418 1635 54 30 ett
1499 1630 127 46 anslag
1653 1627 40 36 af
1718 1629 110 41 3,000

221 1689 138 33 kronor
400 1687 66 34 och
507 1685 58 35 för
605 1689 40 31 år
688 1686 95 33 1900
824 1688 54 30 ett
918 1684 129 45 anslag
1074 1681 40 36 af
1141 1683 109 42 2,000
1279 1682 136 33 kronor
1441 1680 58 35 till
1528 1678 237 35 anordnande
1793 1677 39 36 af

221 1738 355 47 repetitionskurser
615 1735 58 35 för
701 1734 102 35 äldre
830 1733 265 35 barnmorskor
1123 1732 66 35 och
1231 1732 56 34 till
1330 1729 217 43 beredande,
1590 1732 37 32 så
1658 1728 81 36 vidt
1767 1729 62 34 ske

222 1788 135 42 kunde,
399 1786 39 36 af
462 1786 50 36 fri
539 1785 132 36 bostad
699 1785 89 35 eller
815 1783 246 48 hyresbidrag
1088 1786 36 31 åt
1152 1781 327 47 deltagarinnorna
1506 1780 79 34 deri
1613 1778 118 35 under
1759 1778 70 35 den

221 1838 67 40 tid,
331 1838 44 35 de
415 1837 247 48 genomginge
703 1835 106 35 dessa
829 1835 148 39 'kurser,
1008 1833 75 43 har,
1113 1832 117 47 enligt
1259 1831 93 35 hvad
1382 1831 10 34 i
1421 1829 408 48 stafsrådsprotokollet

223 1888 196 44 meddelas,
446 1886 379 48 medicinalstyrelsen
853 1886 11 34 i
898 1883 191 36 skrifvelse
1116 1883 56 35 till
1202 1882 133 47 Kongl.
1364 1881 105 47 Maj:t
1497 1880 70 36 den
1595 1882 44 33 29
1670 1884 159 43 septem-

221 1939 67 35 ber
318 1940 93 34 1899
441 1938 165 42 anhållit,
635 1942 55 30 att
717 1936 133 47 Kongl.
879 1935 106 47 Maj:t
1013 1935 86 34 ville
1127 1934 65 34 hos
1217 1932 210 47 Riksdagen
1446 1938 90 40 göra
1554 1930 277 47 framställning

224 2002 59 22 om
312 1989 198 35 anvisande
534 1988 137 47 jemväl
699 1986 59 35 för
785 1990 40 31 år
855 1987 91 33 1901
978 1984 40 35 af
1043 1990 53 29 ett
1124 1985 128 45 anslag
1279 1983 56 35 till
1357 1982 112 47 sagda
1488 1981 178 35 ändamål.
1713 1980 117 35 Medi-

224 2040 281 47 cinalstyrelsen
539 2038 91 35 hade
658 2037 129 35 dervid
815 2035 135 44 anfört,
980 2040 55 29 att
1064 2034 117 35 under
1208 2034 131 34 hösten
1366 2033 109 34 hvart
1503 2032 66 34 och
1598 2036 53 30 ett
1678 2030 40 35 af
1743 2034 86 31 åren

228 2092 93 33 1898
351 2090 66 34 och
450 2090 94 33 1899
573 2093 94 29 samt
696 2087 118 34 under
842 2089 110 31 våren
981 2084 227 35 sistnämnda
1237 2087 40 31 år
1306 2083 96 34 såväl
1430 2083 11 34 i
1471 2081 211 35 Stockholm
1712 2093 78 22 som
1818 2081 12 34 i

225 2140 189 46 Göteborg
453 2138 200 35 anordnats
681 2137 128 47 dylika
835 2137 131 33 kurser
994 2135 82 34 med
1104 2135 244 34 tillsammans
1377 2132 119 34 under
1522 2132 93 34 båda
1643 2135 86 31 åren
1761 2131 68 33 123

225 2191 102 34 äldre
367 2188 272 36 barnmorskor.
693 2187 55 34 Då
776 2187 179 34 kurserna
988 2185 83 34 med
1095 2183 232 48 begärlighet
1355 2181 191 35 omfattats
1574 2181 39 35 af
1637 2182 193 33 barnmor-

226 2242 130 33 skorna
388 2239 66 35 och
484 2238 105 35 äfven
619 2242 161 43 gynnats
808 2235 39 36 af
871 2236 87 34 flere
987 2235 187 46 landsting
1203 2233 81 35 med
1313 2232 130 46 bidrag
1475 2231 58 35 för
1553 2231 278 35 barnmorskor-
