2230 2632
728 195 227 29 Statsutskottets
984 193 153 29 Utlåtande
1161 192 57 28 N:o
1243 192 26 27 9.
1746 187 63 28 373

302 275 213 39 Granskade
543 288 84 22 man
655 287 51 22 nu
736 273 44 35 de
808 272 97 36 olika
931 270 282 48 föreningarnas
1232 267 239 37 ekonomiska
1490 265 188 48 ställning,
1698 263 113 37 fram-

201 330 122 48 ginge,
349 332 55 31 att
432 324 428 49 Göteborgsföreningen
887 323 13 35 i
927 321 95 48 följd
1049 320 39 36 af
1114 321 66 35 sitt
1209 324 117 31 större
1353 317 139 48 kapital
1520 328 87 24 vore
1634 317 13 34 i
1675 316 136 35 ekono-

202 380 113 35 miskt
342 376 207 38 hänseende
575 377 84 35 bäst
685 375 131 36 lottad.
870 372 84 37 Men
981 384 132 36 genom
1143 371 57 35 sin
1225 368 262 49 orthopediska
1505 367 197 48 poliklinik
1721 365 91 36 hade

203 431 71 35 den
315 430 108 35 också
462 427 188 49 betydligt
685 426 157 36 belastat
879 425 57 34 sin
971 423 152 46 budget.
1178 421 71 35 Det
1281 433 88 22 vore
1397 417 123 37 derför
1548 423 53 30 ett
1628 416 185 37 lifsvilkor

202 481 59 36 för
288 480 220 47 föreningen
535 483 55 30 att
618 477 139 36 erhålla
784 481 53 30 ett
865 474 190 47 offentligt
1083 471 214 44 understöd,
1328 469 121 37 såvidt
1467 469 214 35 densamma
1696 468 117 35 skulle

204 533 126 34 kunna
357 529 146 37 ostördt
529 527 176 37 fortsätta
734 527 56 35 sin
818 525 243 37 verksamhet.
1577 539 6 6 :

305 581 127 36 Redan
476 581 92 34 1895
607 582 58 32 års
702 578 182 35 revisorer
916 575 200 43 anmärkte,
1146 578 55 30 att
1228 572 239 47 föreningens
1494 568 321 49 kapitalställning

205 632 187 50 betydligt
432 630 167 44 rubbats,
640 630 13 35 i
690 629 62 35 det
788 626 261 47 behållningen
1077 624 45 36 då
1151 623 169 36 utvisade
1348 635 46 22 en
1422 621 213 47 minskning
1663 618 40 37 af
1727 625 89 29 nära

207 685 108 43 3,000
343 683 150 43 kronor,
523 681 67 35 och
619 692 138 23 samma
785 677 245 47 anmärkning
1050 674 232 49 upprepades
1301 676 40 33 år
1363 673 107 43 1896,
1491 671 45 36 då
1555 670 259 47 minskningen

206 735 146 47 belöpte
394 733 57 47 sig
490 732 58 35 till
592 731 106 45 1,536
740 730 149 34 kronor.
943 726 230 48 Visserligen
1209 724 93 36 hade
1336 723 107 36 dessa
1469 716 345 58 missförhållanden

208 797 125 23 senare
371 784 202 47 utjemnats
607 793 134 36 genom
769 793 45 22 en
841 778 189 44 donation,
1059 789 83 23 men
1171 779 46 44 på
1244 775 127 48 dylika
1397 773 162 49 lyckliga
1587 770 229 47 omständig-

207 837 104 34 heter
338 833 124 36 kunde
489 834 79 34 icke
595 833 13 34 i
635 831 162 48 längden
824 830 153 48 byggas.

309 884 107 37 Hvad
457 883 44 36 de
541 882 120 48 öfriga
701 881 280 47 föreningarnas
1017 877 178 47 ställning
1222 875 222 43 vidkomme,
1473 873 209 48 framginge
1710 871 108 37 äfven

208 936 152 49 tydligt,
388 939 56 31 att
472 934 104 35 dessa
595 945 87 23 vore
701 933 13 35 i
732 930 115 37 behof
864 929 39 36 af
920 935 54 31 ett
994 929 145 35 säkrare
1160 925 213 45 understöd,
1393 932 47 28 än
1459 937 77 23 som
1561 936 88 23 vore
1669 928 55 30 att
1742 922 75 36 för-

209 992 111 31 vänta
346 985 85 36 från
458 998 45 22 en
531 983 238 47 oberäknelig
796 981 211 36 allmänhet.
1053 979 70 35 För
1151 978 73 35 alla
1250 976 214 47 föreningar
1490 974 108 49 gälde
1626 974 71 35 den
1723 974 95 35 iakt-

209 1037 177 49 tagelsen,
415 1040 55 31 att
499 1034 117 36 under
644 1034 45 35 de
716 1032 116 37 första
859 1035 99 40 åren,
987 1029 131 36 medan
1146 1028 268 36 allmänhetens
1437 1026 156 35 intresse
1614 1031 99 29 ännu
1733 1036 87 23 vore

211 1093 120 31 varmt
366 1086 59 36 för
461 1086 70 35 den
558 1085 97 48 goda
683 1085 121 43 saken,
834 1082 43 36 de
905 1083 71 34 alla
1003 1080 72 36 fått
1102 1086 91 29 röna
1221 1083 100 31 stora
1348 1078 102 35 bevis
1478 1079 46 45 på
1550 1075 152 47 välvilja
1728 1074 92 36 både

210 1140 13 35 i
260 1138 199 49 pekuniärt
495 1136 67 36 och
597 1140 112 31 annat
737 1133 217 36 hänseende.
1008 1131 84 36 Men
1118 1131 14 35 i
1160 1130 71 35 den
1258 1132 85 32 mån
1371 1127 266 36 allmänhetens
1664 1126 156 35 intresse

211 1189 152 48 började
391 1187 135 48 aftaga,
556 1185 209 36 minskades
791 1184 180 47 bidragen
997 1182 84 36 från
1108 1181 223 36 densamma.
1373 1178 116 36 Förut
1507 1176 194 37 betalande
1719 1175 101 36 leda-

214 1245 117 30 möter
360 1238 155 48 utginge
543 1236 39 36 af
607 1249 46 23 en
680 1237 90 34 eller
789 1247 120 23 annan
929 1233 210 46 anledning,
1161 1236 91 29 utan
1271 1235 55 30 att
1345 1242 75 36 nya
1434 1228 202 36 ledamöter
1649 1226 172 36 inträdde

212 1292 13 34 i
254 1303 138 23 samma
419 1291 96 40 mån,
544 1285 159 37 dödsfall
730 1284 209 44 inträffade,
968 1283 66 35 allt
1061 1280 329 48 omständigheter,
1411 1291 79 23 som
1509 1277 158 36 verkade
1683 1276 138 36 minsk-

214 1341 91 47 ning
332 1339 39 36 af
394 1339 282 46 föreningarnas
703 1337 215 34 inkomster.
972 1333 83 36 Men
1083 1336 20 32 å
1130 1331 115 36 andra
1273 1330 105 36 sidan
1397 1328 135 36 stäldes
1552 1327 169 48 stegrade
1740 1325 85 36 kraf

215 1395 46 44 på
288 1391 100 47 hjelp
416 1388 84 36 från
526 1387 272 48 föreningarna.
845 1382 402 47 Arbetsbefolkningen
1275 1380 134 36 ökades
1427 1380 13 35 i
1460 1379 44 36 de
1519 1384 118 30 större
1653 1377 170 36 städerna

215 1454 133 36 genom
383 1440 45 36 de
457 1444 99 30 stora
582 1437 237 37 industriella
846 1435 279 48 anläggningar,
1156 1445 78 23 som
1262 1431 64 36 der
1355 1430 194 48 uppstode.
1591 1428 17 36 I
1636 1428 105 36 dessa
1767 1426 56 36 fa-

215 1493 125 35 briker
366 1489 200 38 inträffade
594 1488 78 36 ofta
700 1486 205 50 olycksfall,
935 1498 78 23 som
1041 1490 86 42 toge
1154 1482 282 48 föreningarnas
1455 1479 148 37 bistånd
1622 1480 13 34 i
1654 1478 168 48 anspråk.

316 1542 132 47 Någon
475 1540 87 36 fullt
590 1538 214 37 användbar
831 1536 163 36 statistik
1021 1534 57 36 för
1104 1534 199 48 belysning
1330 1531 40 37 af
1395 1532 44 35 de
1458 1529 267 44 förhållanden,
1746 1541 78 23 som

216 1595 82 46 låge
334 1593 58 35 till
424 1591 125 48 grund
581 1589 58 36 för
666 1587 281 49 ifrågavarande
975 1585 286 47 framställning,
1289 1582 148 45 funnes,
1467 1581 103 36 sades
1598 1581 63 35 det
1688 1575 135 57 vidare,

217 1645 80 35 icke
325 1647 55 31 att
407 1642 117 47 tillgå,
554 1647 87 29 enär
670 1638 192 50 uppgifter
890 1637 148 36 alldeles
1064 1634 177 37 saknades
1262 1647 59 22 om
1340 1634 140 35 antalet
1498 1631 39 36 af
1554 1637 25 30 t.
1601 1644 57 22 ex.
1680 1630 144 42 sådana,

220 1708 77 21 som
326 1706 134 35 genom
489 1691 216 48 sjukdomar
732 1691 13 34 i
773 1689 303 46 centralorganen
1103 1684 127 37 blifvit
1257 1684 203 35 förlamade
1487 1683 13 34 i
1519 1695 68 22 ena
1605 1682 89 34 eller
1713 1680 114 35 andra

220 1744 115 36 sidan.
389 1743 175 35 Deremot
590 1740 169 36 lemnade
791 1736 398 49 medicinalstyrelsens
1225 1734 218 36 berättelser
1471 1745 44 22 en
1542 1730 200 49 belysande
1769 1731 57 34 in-

221 1795 97 36 blick
345 1794 13 35 i
387 1793 120 36 denna
533 1791 121 48 fråga;
685 1791 67 34 och
780 1789 123 36 kunde
932 1787 39 36 af
996 1788 105 35 dessa
1127 1786 195 42 inhemtas,
1352 1789 55 30 att
1433 1783 116 35 under
1567 1781 259 47 femårsperio-

222 1846 69 35 den
323 1844 245 35 1891—1895
597 1845 19 32 å
645 1841 193 48 patienter,
867 1838 58 36 för
950 1839 96 34 olika
1065 1837 149 35 orsaker
1233 1836 153 47 intagna
1406 1837 20 32 å
1443 1833 143 35 landets
1614 1830 213 49 sjukvårds-

223 1895 260 47 inrättningar,
525 1893 119 48 gjorts
686 1896 54 31 ett
781 1895 94 31 stort
915 1890 99 34 antal
1055 1887 235 48 operationer
1333 1889 20 31 å
1400 1885 44 35 de
1491 1883 77 35 öfre
1609 1883 68 35 och
1717 1881 111 36 nedre

223 1946 316 41 extremiteterna,
568 1943 125 35 hvilka
721 1942 234 47 operationer
983 1939 122 35 kunde
1134 1950 105 23 anses
1267 1935 166 36 medföra
1456 1934 147 35 absolut
1623 1932 204 36 vanförhet.

223 1997 188 46 Derjemte
446 1994 227 36 förekomme
710 2006 44 22 en
783 1991 135 47 mängd
946 1990 114 35 andra
1088 1988 135 36 skador
1250 1991 20 31 å
1298 1986 149 42 händer,
1475 1984 113 35 fötter
1621 1984 67 34 och
1716 1982 114 36 andra

225 2047 100 35 delar
353 2045 40 35 af
417 2046 177 45 kroppen,
624 2056 78 22 som
731 2044 10 33 i
771 2055 77 22 mer
875 2042 89 34 eller
992 2039 142 36 mindre
1164 2041 83 32 mån
1267 2036 211 36 försvårade
1496 2034 57 35 för
1573 2034 71 35 den
1673 2032 157 36 skadade

227 2095 218 36 utöfvandet
474 2094 39 35 af
537 2095 90 33 hans
655 2092 107 36 forna
790 2093 100 47 yrke.
946 2090 69 35 För
1042 2088 161 36 nämnda
1230 2085 266 47 femårsperiod
1528 2083 217 37 hänvisades
1773 2082 54 34 till

228 2145 161 50 följande
417 2145 115 35 tablå:
