2230 2634
708 192 254 32 Statsutskottets
992 188 175 33 Utlåtande
1189 189 61 30 N:o
1275 190 28 29 9.
1750 185 59 29 407

201 277 104 35 heter
338 287 78 24 som
449 277 136 45 uppstå
611 272 58 36 för
697 271 235 49 sjukvården,
962 283 60 22 om
1050 268 58 37 för
1135 271 132 45 många
1296 267 183 48 patienter
1507 263 264 37 sammanföras
1799 263 12 35 i

202 340 140 23 samma
377 323 400 51 sjukvårdsafdelning.
832 320 99 37 Skall
967 333 45 23 en
1040 331 258 37 noggrannare
1324 316 228 48 behandling
1580 316 145 34 komma
1753 314 59 35 till

203 378 120 43 stånd,
366 380 114 32 måste
521 376 139 35 antalet
696 374 184 48 patienter
913 375 45 45 på
986 371 127 48 hvarje
1141 369 191 48 afdelning
1360 381 85 23 vara
1472 365 234 50 begränsadt.
1760 364 53 36 På

204 429 119 35 denna
341 427 124 48 grund
484 427 67 35 har
570 425 126 47 hvarje
716 422 375 50 hospitalsafdelning
1109 421 197 35 beräknats
1327 418 59 37 för
1405 418 129 36 endast
1553 419 43 33 15
1617 417 194 48 patienter.

205 478 376 50 Asylafdelningarna
617 480 77 31 åter
732 474 108 36 hafva
868 474 196 35 beräknats
1093 473 124 34 kunna
1246 476 90 30 utan
1365 469 196 48 olägenhet
1588 468 186 48 inrymma
1801 467 11 34 i

205 530 201 35 allmänhet
434 528 61 35 det
515 527 139 36 dubbla
673 526 138 35 antalet
831 525 183 47 patienter
1034 526 45 44 på
1099 522 126 47 hvarje
1246 518 401 51 sjukvårdsafdelning,
1670 517 143 35 undan-

205 580 179 48 tagandes
413 580 95 35 vissa
535 576 233 48 afdelningar
795 575 60 36 för
882 574 235 36 våldsamma.

306 631 54 35 De
402 629 235 49 olägenheter
677 627 57 36 för
775 625 237 49 sjukvården,
1050 624 124 36 hvilka
1211 625 171 45 uppstått
1409 624 20 32 å
1457 619 126 36 Lunds
1612 619 89 49 asyl,
1731 618 83 36 der-

207 684 148 46 igenom
394 686 54 30 att
483 680 45 35 de
557 680 107 47 sjuka
691 679 11 35 i
730 690 45 23 en
803 677 59 35 del
890 675 40 36 af
955 675 233 48 paviljonger
1215 674 103 35 skola
1345 673 126 46 intaga
1499 672 80 35 sina
1608 669 169 36 måltider
1806 670 8 33 i

204 732 286 48 jordvåningen,
525 729 185 36 stundtals
739 729 113 34 vistas
880 728 11 35 i
919 726 335 46 bottenvåningens
1283 723 168 48 dagrum,
1481 722 127 35 arbeta
1637 723 44 45 på
1709 720 107 35 verk-

210 783 172 36 städerna
409 788 56 29 tre
492 787 154 41 trappor
675 792 75 35 upp
780 779 68 35 och
877 778 178 46 slutligen
1083 776 192 46 tillbringa
1303 778 128 31 natten
1458 773 12 35 i
1499 771 142 37 sofrum
1670 783 55 32 en,
1755 773 63 32 två

210 834 19 35 å
258 840 56 29 tre
342 839 153 41 trappor
525 844 86 35 upp,
649 829 109 37 hafva
796 830 54 34 uti
887 826 281 49 ifrågavarande
1195 825 141 48 förslag
1364 823 176 48 afhjelpts
1569 821 163 45 sålunda,
1762 826 57 29 att
1847 848 2 3 -

210 887 112 46 ingen
352 884 190 47 paviljong
569 882 72 35 fått
669 886 116 30 större
815 879 87 47 höjd
931 885 45 28 än
1005 884 56 29 tre
1090 877 188 47 våningar,
1309 875 67 35 och
1405 879 53 30 att
1486 873 44 36 de
1558 878 57 30 tre
1639 872 179 47 våningar

211 936 91 47 höga
334 933 361 50 asylpaviljongerna
723 928 321 38 sammanbundits
1073 927 83 36 med
1174 940 45 22 en
1238 925 188 50 byggnad,
1446 922 257 38 innehållande
1723 927 95 30 mat-

211 987 95 34 salar
340 988 42 45 på
417 984 114 35 nedra
562 983 156 35 bottnen
746 982 67 34 och
843 979 214 37 verkstäder
1084 979 12 35 i
1124 977 300 47 öfvervåningen.
1478 975 98 47 Dag-
1593 974 66 35 och
1675 971 143 37 sofrum

213 1035 106 37 hafva
350 1035 199 36 anordnats
576 1035 11 35 i
617 1045 137 23 samma
782 1044 138 35 våning
949 1033 43 45 på
1021 1029 62 35 det
1111 1033 84 39 sätt,
1216 1032 55 31 att
1290 1026 262 36 korridorerna
1573 1023 149 37 utanför
1743 1023 76 35 sof-

214 1099 170 23 rummen
410 1086 120 48 gjorts
558 1083 218 48 tillräckligt
804 1082 113 35 breda
944 1080 57 36 för
1030 1085 55 30 att
1112 1080 126 34 kunna
1265 1078 103 47 tjena
1395 1090 77 22 som
1500 1076 167 47 dagrum.
1724 1073 96 37 Här-

212 1140 149 46 igenom
397 1135 266 49 tillgodogöres
700 1133 108 36 äfven
847 1136 204 45 utrymmet
1087 1131 132 43 bättre,
1259 1129 68 35 och
1355 1128 176 49 tillsynen
1560 1125 40 36 af
1624 1126 195 47 patienter,

214 1201 77 22 som
321 1186 241 49 tillfälligtvis
590 1185 71 36 fått
689 1185 100 47 ligga
817 1196 91 34 qvar
934 1183 12 34 i
975 1181 227 36 sofrummen
1232 1183 47 44 på
1308 1180 128 46 dagen,
1465 1177 242 36 underlättas.

316 1238 169 36 Likasom
514 1237 165 48 asylerna
709 1236 11 34 i
749 1233 108 36 Lund
877 1233 67 36 och
968 1232 133 47 Upsala
1120 1231 152 35 föreslås
1293 1234 55 30 att
1370 1228 156 48 uppföra
1546 1227 118 35 denna
1683 1227 136 34 anstalt

214 1290 117 47 enligt
359 1288 369 48 paviljongsystemet
758 1283 165 44 sålunda,
953 1288 54 30 att
1035 1281 58 36 för
1121 1281 126 47 hvarje
1275 1292 124 36 grupp
1426 1278 40 36 af
1492 1278 181 48 patienter
1692 1276 40 35 af
1747 1277 72 34 lik-

215 1339 105 36 artad
349 1336 376 38 sinnesbeskaffenhet
753 1335 68 35 och
851 1346 137 23 samma
1018 1334 69 34 kön
1116 1332 179 35 beräknas
1316 1343 45 22 en
1381 1329 200 48 paviljong.
1610 1327 121 35 Mans-
1752 1327 67 34 och

215 1389 391 48 qvinspaviljongerna
642 1394 62 27 äro
740 1384 241 47 fullständigt
1017 1383 155 46 analoga
1209 1382 68 35 och
1317 1386 131 42 utgöra
1481 1382 19 32 5
1531 1391 75 35 par,
1635 1373 185 56 nemligen

216 1446 53 30 ett
298 1453 67 35 par
384 1439 57 36 för
460 1436 341 40 konvalescerande,
824 1437 124 45 lugna,
970 1432 220 48 halforoliga
1211 1432 66 35 och
1299 1431 139 47 oroliga
1460 1431 91 34 akut
1571 1428 249 47 sinnessjuka;

216 1497 53 30 ett
285 1504 66 35 par
370 1490 57 36 för
445 1491 112 47 lugna
579 1489 67 35 och
667 1486 204 48 halflugna,
891 1485 168 36 kroniskt
1080 1483 248 47 sinnessjuka;
1358 1487 53 29 ett
1432 1494 63 35 par
1514 1479 59 37 för
1593 1480 140 46 oroliga
1753 1478 68 35 och

217 1542 166 47 orenliga
410 1540 168 36 kroniskt
607 1538 246 47 sinnessjuka;
883 1541 54 30 ett
965 1548 65 35 par
1058 1534 57 36 för
1143 1534 236 42 våldsamma,
1405 1530 210 37 stormande
1634 1530 66 35 och
1721 1532 101 33 svårt

217 1605 178 36 osnygga,
426 1592 88 34 akut
543 1589 228 47 sinnessjuka
803 1588 67 34 och
900 1587 175 47 slutligen
1105 1590 52 31 ett
1186 1597 64 35 par
1278 1583 58 35 för
1356 1582 234 43 våldsamma,
1612 1579 210 36 stormande

219 1644 67 34 och
316 1645 100 32 svårt
444 1654 177 35 osnygga,
652 1639 167 36 kroniskt
849 1637 243 47 sinnessjuka.
1136 1635 51 35 De
1204 1633 179 37 särskilda
1403 1633 278 47 paviljongerna
1701 1638 64 28 äro
1787 1634 37 31 så

219 1695 104 46 långt
351 1692 117 35 skilda
495 1691 82 35 från
608 1689 214 43 hvarandra,
853 1693 54 30 att
935 1687 43 35 de
1009 1690 44 43 på
1081 1687 71 34 alla
1180 1685 100 35 sidor
1299 1683 109 36 hafva
1426 1683 47 35 fri
1494 1683 159 46 tillgång
1672 1682 57 34 till
1750 1680 74 35 luft

220 1744 67 35 och
316 1743 86 47 ljus,
432 1755 80 22 men
541 1742 110 34 likväl
683 1743 38 32 så
748 1746 99 36 nära,
869 1743 53 30 att
942 1750 44 21 en
1006 1736 285 48 öfverflyttning
1310 1733 39 36 af
1366 1734 182 47 patienter
1566 1731 83 36 från
1668 1731 71 35 den
1758 1743 68 22 ena

218 1794 57 35 till
305 1793 69 35 den
404 1792 113 35 andra
546 1790 220 50 byggnaden
794 1789 79 35 icke
903 1789 68 34 kan
1000 1792 99 30 möta
1127 1789 113 44 några
1260 1784 238 47 svårigheter.
1540 1782 285 47 Paviljongerna

220 1852 63 28 äro
313 1843 125 36 vidare
467 1842 115 36 stälda
613 1843 9 33 i
652 1840 61 35 rad
745 1839 94 36 efter
868 1837 216 43 hvarandra,
1116 1837 125 46 hvarje
1262 1835 191 48 paviljong
1472 1834 10 34 i
1504 1833 214 48 rigtningen
1738 1844 89 23 norr

220 1896 67 34 och
318 1894 115 44 söder,
463 1898 36 30 så
529 1898 54 29 att
612 1892 103 35 deras
744 1888 188 49 långsidor
960 1888 145 49 belysas
1134 1890 43 45 på
1205 1899 68 22 ena
1301 1885 102 36 sidan
1424 1884 39 36 af
1481 1883 343 47 förmiddagssolen,

222 1950 45 43 på
304 1945 115 34 andra
451 1944 103 35 sidan
584 1941 39 36 af
648 1939 381 48 eftermiddagssolen.
1073 1938 137 46 Hvarje
1239 1936 191 48 paviljong
1457 1936 66 34 har
1543 1935 79 34 sina
1650 1932 179 36 särskilda

223 1993 349 50 promenadgårdar,
612 1992 61 35 vid
710 1990 283 45 afdelningarna
1028 1987 58 36 för
1120 1989 113 44 lugna
1269 1984 174 37 försedda
1477 1983 84 37 med
1594 1983 76 46 lågt
1698 1983 131 42 staket,

222 2045 62 35 vid
313 2042 475 47 isoleringsafdelningarna
817 2039 207 46 inhägnade
1052 2038 83 36 med
1155 2043 69 29 tätt
1244 2036 114 44 plank
1379 2036 65 34 och
1464 2034 60 36 vid
1547 2033 281 45 afdelningarna

222 2094 59 36 för
322 2107 78 23 mer
440 2094 87 35 eller
568 2091 143 36 mindre
748 2091 142 44 oroliga
926 2089 65 35 och
1022 2088 188 46 opålitliga
1240 2086 108 47 sjuka
1376 2084 225 45 omgärdade
1628 2083 82 37 med
1740 2088 51 30 ett
1820 2084 8 33 i

222 2143 234 38 förhållande
491 2143 55 35 till
586 2142 44 35 de
665 2142 124 47 sjukas
825 2139 164 36 tillstånd
1025 2137 186 47 afpassadt
1239 2136 170 45 stängsel.
1461 2134 113 36 Dessa
1600 2133 232 47 paviljonger

219 2196 114 47 jemte
362 2194 123 36 dertill
513 2191 164 37 hörande
695 2190 257 47 förvaltnings
969 2188 66 36 och
1057 2185 390 47 ekonomibyggnader
1467 2191 132 40 utgöra
1619 2184 69 35 den
1707 2183 125 35 slutna
