1900 2800
86 1627 124 26 Statistik.

277 153 39 28 12
709 158 109 27 Första
844 159 207 35 lagutskottets
1077 160 158 28 utlåtande
1258 161 47 28 Nr
1329 162 44 27 16.

319 242 222 32 Sistnämnda
566 245 326 39 lagstiftningsfråga
913 247 64 30 har
994 247 66 31 ock
1077 247 105 38 gjorts
1198 249 51 30 till
1265 248 145 32 föremål
1426 250 53 30 för
1496 251 149 30 särskild
1659 252 111 30 utred-

274 295 82 37 ning
381 296 48 30 uti
454 300 45 27 ett
519 307 42 21 av
579 298 444 39 behörighetssakkunniga
1038 301 106 37 jämte
1159 302 194 38 ytterligare
1370 312 42 21 en
1429 304 199 37 sakkunnig
1644 314 126 29 person

274 349 66 29 den
365 350 42 29 24
420 349 139 37 januari
579 352 84 29 1923
681 352 136 36 avgivet
833 352 232 40 betänkande,
1081 354 237 31 innefattande
1336 356 184 37 utredning
1536 357 67 30 och
1620 357 150 37 förslag
1754 345 20 53 i

273 401 93 38 fråga
382 411 58 22 om
458 403 149 31 kvinnas
624 404 204 38 behörighet
845 408 47 28 att
906 406 176 32 innehava
1099 408 180 39 prästerlig
1291 409 66 30 och
1371 418 117 22 annan
1507 410 137 39 kyrklig
1656 410 113 38 tjänst.

274 455 113 38 Enligt
404 457 90 30 detta
512 457 128 38 förslag
655 458 88 31 skall
757 459 10 30 i
781 459 94 38 fråga
893 469 57 21 om
968 461 203 37 behörighet
1188 465 48 27 att
1249 462 190 39 prästvigas
1453 464 66 30 och
1533 466 47 28 att
1596 464 173 31 innehava

272 509 179 38 prästerlig
475 510 104 37 tjänst
595 512 80 29 med
692 512 92 30 vissa
801 513 149 37 angivna
967 514 178 37 undantag
1162 515 131 30 kvinna
1310 525 83 21 vara
1408 516 153 30 likställd
1579 519 79 28 med
1677 527 92 21 man.

273 561 11 29 I
304 561 93 38 fråga
422 572 58 21 om
505 563 203 38 behörighet
733 568 47 27 att
803 565 174 32 innehava
995 567 138 39 kyrklig
1148 567 114 40 tjänst,
1278 568 117 31 vilken
1411 569 77 30 icke
1505 571 38 28 är
1559 573 48 27 att
1624 570 146 31 hänföra

272 614 50 30 till
355 616 179 39 prästerlig
568 616 114 41 tjänst,
717 619 88 30 skall
831 619 141 40 kvinna,
1002 623 83 28 utan
1114 620 266 41 inskränkning,
1405 632 83 21 vara
1512 623 152 31 likställd
1690 625 78 29 med

272 678 91 21 man.
411 670 186 38 Angående
634 671 209 33 sistberörda
877 673 142 38 tjänster
1055 675 90 30 hava
1182 675 41 31 de
1260 676 230 40 sakkunniga,
1521 677 106 31 bland
1652 681 117 36 annat,

271 723 125 31 anfört:
425 724 117 31 Under
567 735 42 20 en
634 726 221 40 lagstiftning,
880 728 80 30 med
985 728 116 31 vilken
1127 729 173 40 åsyftades
1325 733 47 27 att
1389 731 129 37 reglera
1540 731 148 31 kvinnas
1707 732 62 30 till-

271 777 96 29 träde
392 777 50 30 till
463 779 179 38 prästerlig
659 779 201 40 befattning,
878 784 116 36 syntes
1012 782 85 29 böra
1113 782 198 40 inbegripas
1329 783 261 31 bestämmelser
1606 784 10 30 i
1634 794 134 21 samma

271 830 171 30 avseende
480 832 148 29 rörande
662 832 118 37 övriga
805 833 158 39 kyrkliga
988 834 151 37 tjänster.
1189 836 218 30 Beträffande
1431 836 263 37 ifrågavarande
1719 837 50 30 till

271 882 67 30 den
375 892 25 21 s.
438 883 32 31 k.
508 884 336 40 kyrkobetjäningen
873 887 156 30 hörande
1054 888 82 30 eller
1159 888 11 30 i
1195 888 110 38 övrigt
1329 889 53 31 för
1406 889 133 31 biträde
1564 890 34 30 åt
1623 886 145 48 präster-

271 936 122 40 skapet
416 938 152 30 avsedda
594 938 240 41 befattningar,
859 940 94 31 vilka
978 940 53 32 för
1055 943 217 30 närvarande
1289 952 82 21 vore
1389 944 121 30 endast
1530 943 238 39 ofullständigt

271 990 171 36 reglerade
480 999 125 29 genom
641 992 222 40 lagstiftning,
888 994 108 30 borde
1025 995 104 37 enligt
1153 996 284 30 kommitterades
1462 997 221 39 uppfattning
1706 998 63 29 lik-

270 1042 171 37 ställighet
466 1044 128 30 mellan
619 1054 82 21 man
718 1046 66 30 och
802 1046 131 30 kvinna
951 1047 130 39 kunna,
1100 1048 62 30 där
1179 1049 66 29 den
1262 1049 76 30 icke
1356 1050 106 29 redan
1480 1050 136 39 funnes,
1630 1059 138 28 genom-

269 1094 92 31 föras
387 1099 83 27 utan
495 1097 171 31 särskilda
690 1098 305 39 inskränkningar.
1026 1100 146 31 Särskilt
1196 1105 115 36 syntes
1328 1102 92 30 detta
1437 1103 99 38 gälla,
1554 1112 69 30 om,
1641 1103 43 40 på
1702 1105 66 29 sätt

269 1148 196 41 föresloges,
501 1150 132 31 kvinna
667 1152 130 31 erhölle
822 1152 148 32 tillträde
994 1153 51 31 till
1070 1155 255 39 prästämbetet.
1351 1170 43 2 —
1419 1155 166 39 Slutligen
1610 1157 91 30 hava
1725 1157 42 30 de

269 1202 220 39 sakkunniga
525 1205 172 39 anmärkt,
734 1209 47 27 att
817 1207 56 30 det
896 1207 193 38 framlagda
1113 1208 161 38 förslaget
1298 1209 50 30 till
1373 1210 55 37 lag
1451 1210 236 31 innefattande
1712 1211 55 30 be-

269 1257 215 30 stämmelser
520 1258 177 37 angående
735 1259 148 31 kvinnas
919 1260 149 31 tillträde
1104 1262 49 30 till
1187 1263 180 39 prästerlig
1396 1264 66 30 och
1487 1273 117 21 annan
1629 1264 138 40 kyrklig

268 1309 113 39 tjänst,
413 1310 4 30 i
442 1311 134 30 saknad
602 1321 42 21 av
661 1312 262 31 bestämmelser
946 1315 149 29 rörande
1120 1315 60 37 gift
1197 1316 142 38 kvinna,
1360 1317 124 37 avsåge
1500 1320 48 27 att
1565 1317 200 37 genomföra

268 1362 222 38 likställighet
514 1365 128 29 mellan
668 1365 83 38 ogift
775 1367 66 29 och
865 1366 61 38 gift
950 1367 141 31 kvinna.
1140 1369 53 29 En
1217 1378 42 21 av
1284 1369 42 30 de
1351 1370 221 37 sakkunniga
1596 1370 65 30 har
1677 1371 91 30 dock

267 1419 111 27 ansett
402 1417 213 38 lagstiftning
638 1427 59 21 om
722 1419 148 31 kvinnas
895 1419 149 32 tillträde
1068 1421 51 30 till
1144 1422 246 39 prästämbetet
1410 1423 84 31 böra
1512 1423 186 37 begränsas
1715 1424 51 30 till

267 1471 47 27 att
349 1470 88 36 gälla
474 1471 82 37 ogift
586 1471 146 39 kvinna;
762 1473 66 30 och
854 1473 111 30 skulle
991 1474 157 38 kvinnlig
1172 1476 104 38 präst,
1302 1485 75 21 som
1403 1477 120 30 trädde
1548 1476 10 30 i
1584 1476 182 39 giftermål,

267 1522 143 31 därmed
440 1533 100 21 anses
566 1525 90 30 hava
681 1526 137 38 nedlagt
843 1527 56 30 det
922 1527 200 39 prästerliga
1147 1528 160 31 ämbetet.

312 1630 75 29 Den
415 1630 235 32 ovanstående
674 1633 229 38 utredningen
928 1634 102 39 visar,
1056 1638 47 27 att
1127 1635 114 38 någon
1267 1636 212 39 lagstiftning
1502 1637 10 30 i
1538 1637 226 32 förevarande

266 1684 102 29 ämne
393 1685 96 29 ännu
514 1684 76 31 icke
616 1685 149 31 kommit
789 1687 50 30 till
865 1687 110 31 stånd.
1025 1688 94 31 Efter
1143 1689 141 40 dispens
1309 1690 91 31 hava
1425 1691 201 39 emellertid,
1648 1692 115 31 såsom

267 1737 150 38 nämnts,
453 1737 151 31 kvinnor
639 1739 125 30 beretts
788 1740 149 31 tillträde
961 1741 50 30 till
1036 1741 261 38 ifrågavarande
1323 1743 240 38 befattningar.
1613 1745 116 37 Enligt
1753 1746 9 29 i

267 1789 231 31 omförmälda
534 1791 371 32 historisk-statistiska
940 1794 153 30 översikt
1128 1804 43 21 av
1207 1795 387 32 klockarinstitutionen
1623 1798 139 37 intagna

266 1842 181 40 uppgifter,
472 1844 170 30 avseende
660 1845 38 30 år
720 1846 95 38 1916,
836 1846 112 31 skulle
966 1847 44 30 då
1026 1847 91 31 hava
1134 1847 132 31 funnits
1287 1850 41 29 92
1345 1849 178 38 kvinnliga
1541 1850 221 38 befattnings-

266 1895 138 40 havare,
429 1897 107 31 därav
561 1899 42 29 59
620 1899 171 31 anställda
811 1899 57 31 vid
886 1900 86 30 folk-
993 1901 82 30 eller
1092 1902 207 31 småskolor.
1346 1903 51 31 Av
1415 1904 100 30 dessa
1532 1904 159 31 bestredo
1709 1906 52 38 63,

265 1950 106 30 därav
397 1951 41 29 23
463 1951 277 41 oexaminerade,
766 1953 156 31 klockar-
948 1954 81 30 eller
1054 1955 157 30 klockar-
1232 1956 65 30 och
1318 1957 354 38 organistbefattning.
1712 1959 50 30 Av

264 2002 214 32 återstående
515 2006 52 37 29,
603 2014 75 21 som
713 2006 173 31 innehade
923 2008 165 37 organist-
1124 2009 81 30 eller
1229 2010 164 37 organist-
1419 2011 66 30 och
1510 2011 252 39 kyrkosångar-

264 2056 82 30 eller
374 2057 411 42 orgelspelarbefattning,
811 2060 111 31 skulle
950 2062 39 29 14
1014 2071 83 21 vara
1122 2062 276 32 oexaminerade.
1446 2064 241 38 Anledningen
1711 2065 50 30 till

263 2112 48 28 att
343 2110 37 30 så
416 2113 85 28 stort
525 2112 93 30 antal
644 2122 84 22 voro
753 2114 267 31 oexaminerade
1044 2115 65 30 har
1132 2119 128 28 ansetts
1286 2117 108 31 delvis
1420 2117 88 38 ligga
1532 2118 85 39 däri,
1643 2121 48 28 att
1715 2119 46 30 åt-

263 2163 136 38 skilliga
434 2165 146 31 allenast
610 2166 116 31 såsom
751 2167 151 31 vikarier
926 2168 81 31 eller
1032 2168 95 39 eljest
1151 2179 95 21 mera
1270 2170 161 38 tillfälligt
1456 2171 192 41 uppehållit
1672 2172 90 38 ledig

263 2217 200 39 befattning,
488 2219 81 30 eller
593 2223 48 27 att
665 2221 134 39 platsen
823 2221 136 31 tillsatts
985 2223 121 30 endast
1130 2233 76 21 som
1232 2224 157 31 klockar-
1415 2225 81 30 eller
1521 2225 157 31 klockar-
1695 2227 66 29 och

263 2271 410 40 orgelspelarbefattning.

308 2325 217 31 Beträffande
561 2327 128 30 antalet
725 2328 111 30 under
871 2329 42 29 de
947 2332 115 27 senast
1097 2329 165 31 förflutna
1291 2331 49 30 tio
1365 2331 82 30 åren
1471 2331 289 31 förekommande

262 2377 426 40 dispensansökningarna
712 2380 54 31 för
790 2382 66 29 rätt
879 2384 48 27 att
951 2382 86 30 söka
1062 2383 66 30 och
1147 2383 175 31 innehava
1343 2384 338 38 klockarbefattning
1696 2385 64 30 har

263 2431 164 31 utskottet
456 2432 172 31 inhämtat
652 2433 152 38 följande
830 2435 181 39 uppgifter,
1036 2436 122 31 därvid
1184 2436 144 31 bifallna
1353 2438 67 30 och
1444 2438 166 37 avslagna
1635 2439 124 30 ansök-

263 2483 120 38 ningar
407 2488 169 37 upptagas
601 2486 53 31 för
679 2487 62 37 sig:
