1912 2860
542 185 318 34 Bunkoutskottets
879 182 188 33 utlåtande
1087 182 51 31 Nr
1162 180 52 30 52.
1546 177 39 30 11

264 266 134 38 Kungl.
420 265 128 37 Maj:ts
570 263 153 38 förslag:
1103 258 199 33 Utskottets
1324 256 153 37 förslag:

120 329 45 20 en
200 318 160 37 tredjedel
396 328 43 20 av
475 316 64 31 den
574 314 133 31 mindre
735 314 93 34 eller,
853 323 54 20 om
931 312 88 31 båda
1044 311 223 36 pensionerna
1290 311 60 28 äro
1373 308 82 34 lika,
1480 307 63 30 den
1566 316 65 21 ena

121 381 45 20 av
191 371 87 35 dem,
303 369 88 31 ökad
415 368 77 31 med
515 378 41 20 en
580 366 173 36 tredjedel.

168 423 121 30 Därest
324 421 75 31 med
432 420 222 35 tillämpning
678 428 45 20 av
746 417 40 30 de
811 417 106 30 under
940 418 42 36 a),
1006 416 34 37 b)
1064 415 61 31 och
1148 416 30 36 c)
1201 414 107 36 givna
1331 413 299 30 bestämmelserna

123 473 261 36 sammanlagda
418 472 153 36 beloppet
605 481 45 20 av
685 470 98 30 lönen
818 469 82 30 eller
927 467 140 31 arvodet
1090 466 61 31 och
1175 466 183 35 pensionen
1381 464 82 31 eller
1486 474 46 20 av
1555 473 77 26 pen-

123 527 161 30 sionerna
318 524 215 35 understiger
560 523 171 30 femtusen
756 521 136 34 kronor,
916 519 88 30 skall
1029 518 130 35 avdrag
1187 518 20 29 å
1231 516 313 36 pensionsbeloppet
1566 517 66 34 äga

124 588 80 21 rum
238 577 120 31 endast
393 577 11 29 i
438 576 63 30 den
535 575 93 34 mån,
652 582 72 21 som
751 572 170 31 erfordras
944 571 54 30 för
1020 571 50 29 att
1094 569 183 36 pensionen
1301 568 230 30 tillsammans
1555 567 76 30 med

126 630 67 30 vad
228 628 252 32 vederbörande
513 626 153 36 åtnjuter
701 626 12 29 i
741 624 56 30 lön
821 623 81 31 eller
925 622 125 31 arvode
1072 622 83 30 eller
1177 630 115 21 annan
1317 619 138 36 pension
1479 619 74 30 icke
1576 621 57 28 mä

123 681 173 36 överstiga
319 681 171 30 femtusen
512 679 136 30 kronor.

838 762 40 30 30
902 762 27 37 $.

170 828 64 32 Om
268 828 76 35 den,
377 837 72 21 som
484 828 37 28 är
555 824 192 36 berättigad
782 823 55 31 till
871 821 267 37 tjänstepension
1161 820 109 36 enligt
1294 819 111 30 denna
1427 818 68 35 lag,
1519 815 116 32 tillika

125 884 41 28 är
199 879 193 36 berättigad
425 879 56 30 till
515 877 139 36 pension
685 876 80 30 från
793 871 501 40 pensionsförsäkringsfonden
1316 871 43 35 på
1382 869 113 37 grund
1517 878 44 21 av
1586 869 50 29 in-

126 933 178 35 betalning
328 931 57 30 till
412 928 323 38 pensionsstyrelsen
760 926 141 37 jämlikt
925 926 40 30 12
989 926 18 37 $
1031 925 12 30 i
1067 924 109 31 denna
1199 924 57 36 lag
1280 923 83 30 eller
1386 921 153 31 däremot
1561 929 75 21 sva-

127 984 104 32 rande
265 982 188 37 stadgande
487 982 13 30 i
527 990 117 22 annan
667 980 57 36 lag
748 979 84 30 eller
854 977 208 35 författning
1086 975 146 31 rörande
1255 973 237 38 pensionering
1516 982 45 20 av
1582 971 54 31 be-

127 1036 301 36 fattningshavare
463 1035 12 29 i
509 1034 128 30 statens
672 1032 117 36 tjänst,
824 1030 89 31 skall
941 1029 185 36 pensionen
1148 1028 79 30 från
1250 1024 386 39 pensionsförsäkrings-

128 1089 126 32 fonden
289 1089 126 30 räknas
449 1088 111 29 såsom
595 1085 53 31 del
683 1094 44 21 av
763 1084 65 30 den
863 1083 126 30 honom
1023 1081 108 36 enligt
1158 1080 113 31 denna
1294 1080 56 35 lag
1373 1076 263 33 tillkommande

127 1141 322 38 tjänstepensionen,
484 1139 118 31 vilken
637 1137 102 31 alltså
773 1136 54 30 för
860 1135 64 31 den
956 1133 61 37 tid,
1041 1134 183 35 pensionen
1247 1132 80 31 från
1350 1129 288 38 pensionsförsäk-

129 1193 226 38 ringsfonden
377 1192 159 36 åtnjutes,
560 1190 90 31 skall
673 1189 155 31 minskas
852 1187 77 31 med
952 1185 216 32 sistnämnda
1191 1185 158 36 pensions
1371 1183 130 35 belopp.

839 1274 40 31 303
903 1275 26 37 $.

175 1341 68 31 Vid
279 1340 222 35 tillämpning
539 1355 38 4 —
613 1355 38 4 —
688 1354 38 3 —
760 1335 208 32 tillhörande
992 1334 70 30 30:e
1085 1332 204 36 lönegraden
1312 1331 62 30 och
1397 1329 77 31 med
1497 1338 41 21 en
1562 1337 76 27 pen-

129 1393 190 32 sionsålder
342 1403 45 20 av
412 1391 40 31 65
476 1392 47 29 år.
956 1409 10 8 -

842 1474 40 31 39
906 1474 27 38 $.

176 1541 122 30 Därest
332 1539 60 31 vid
426 1538 222 35 tillämpning
682 1546 44 21 av
763 1536 39 31 de
837 1536 12 30 i
884 1534 39 31 23
959 1535 18 38 $
1011 1533 151 36 angivna
1189 1530 150 38 grunder
1363 1547 40 4 —
1429 1546 39 4 —
1493 1545 41 5 —
1558 1528 84 29 mot-

130 1593 170 31 svarande
322 1591 203 35 befattning.

177 1750 120 30 Denna
321 1749 57 35 lag
401 1747 114 32 träder
538 1747 13 30 i
575 1745 94 31 kraft
693 1745 65 31 den
782 1745 19 29 1
825 1743 67 36 juli
915 1742 95 31 1925.

701 1987 379 45 Åldersförteckning,

134 2078 197 37 angivande
366 2077 63 31 den
464 2077 13 29 i
512 2076 40 30 19
585 2076 17 38 $
630 2076 11 29 i
665 2075 101 36 lagen
788 2073 145 31 avsedda
956 2070 256 38 pensionsålder
1235 2069 55 30 för
1311 2078 41 20 en
1376 2077 62 20 var
1461 2065 107 32 sådan
1589 2064 55 31 be-

136 2131 152 36 fattning
313 2130 61 31 vid
397 2128 202 37 postverket,
624 2126 275 37 telegrafverket,
923 2126 128 29 statens
1074 2123 190 36 järnvägar
1285 2120 61 31 och
1367 2120 126 30 statens
1512 2118 132 30 vatten-

136 2183 177 35 fallsverk,
337 2192 72 21 som
433 2181 161 31 tillsättes
618 2188 121 27 genom
762 2176 267 33 konstitutorial.
