1906 2816
519 145 114 30 Andra
655 145 237 35 lagutskottets
915 146 174 31 utlåtande
1110 147 50 30 Nr
1186 147 49 30 19.
1609 142 18 29 3

169 227 157 32 Rörande
344 229 66 30 den
430 229 202 36 ifrågasatta
651 230 258 36 lagstiftningen
930 230 176 36 angående
1123 231 202 36 suspension
1346 241 41 21 av
1409 232 17 28 2
1444 232 78 35 kap.
1547 232 38 29 19
1607 231 18 37 $

124 279 368 37 nyltjanderättslagen
512 281 65 29 har
594 280 272 30 kommissionen
885 284 117 32 yttrat:

167 330 63 31 Det
250 331 63 30 har
332 331 108 30 redan
442 326 21 48 i
490 331 86 30 flera
596 332 61 30 fall
678 333 86 29 visat
785 333 58 35 sig,
866 336 49 27 att
935 332 206 37 jordägaren
1162 334 78 29 med
1262 334 75 29 stöd
1358 342 42 21 av
1423 334 202 36 stadgandet

120 373 10 30 i
147 374 18 29 2
183 374 78 36 kap.
282 374 37 29 19
337 371 20 39 8
376 373 368 37 nyttjanderättslagen
763 374 170 37 förbjudit
950 376 227 29 arrendatorn
1195 378 48 28 att
1262 375 144 37 försälja
1425 376 104 35 halm,
1550 385 74 21 som

120 417 226 29 arrendatorn
365 416 88 36 själv
472 420 110 27 ansett
601 417 50 36 sig
670 418 117 29 kunna
806 419 167 29 undvara.
994 418 133 30 Bakom
1147 419 91 29 detta
1258 418 127 30 förbud
1406 419 62 29 har
1488 417 44 31 då
1551 418 73 30 ofta

121 459 88 36 legat
231 468 42 21 en
295 460 136 29 önskan
453 460 62 29 hos
537 459 208 37 jordägaren
767 463 49 27 att
839 461 185 30 bekomma
1047 470 42 20 en
1114 462 106 29 större
1243 462 80 29 eller
1346 460 135 31 mindre
1505 461 53 30 del
1582 470 42 20 av

121 501 232 36 ersättningen
382 502 56 29 för
466 502 149 30 halmen.
645 502 52 30 En
726 502 107 31 sådan
864 504 129 35 vägran
1023 502 79 31 från
1130 502 224 37 jordägarens
1385 503 73 30 sida
1489 503 135 30 medför

121 544 196 35 emellertid,
346 546 49 28 att
424 544 184 31 stråfodret
637 545 75 30 icke
739 546 68 28 kan
836 545 45 36 på
909 546 184 29 snabbaste
1121 546 65 30 och
1213 546 155 30 enklaste
1396 547 65 29 sätt
1489 548 95 34 tagas
1615 546 9 29 i

121 586 151 37 anspråk
298 587 54 30 för
379 587 267 35 tillgodoseende
672 596 41 21 av
740 588 41 29 de
806 588 103 35 olika,
936 588 105 30 delvis
1068 588 216 36 synnerligen
1312 588 200 36 trängande,
1540 587 83 31 strå-

120 629 265 31 foderbehoven.
418 629 484 30 Livsmedelskommissionen
934 631 70 29 kan
1034 631 173 35 nämligen
1237 629 44 31 då
1312 631 131 36 nödgas
1474 631 150 36 tillgripa

121 672 56 30 det
199 671 133 31 relativt
356 671 230 37 omständliga
610 673 65 29 och
699 672 205 30 tidsödande
928 672 201 31 förfarande
1154 682 74 20 som
1251 673 137 29 anvisas
1413 673 10 29 i
1447 673 177 30 allmänna

120 714 317 36 förfogandelagen.
455 713 47 31 På
519 715 110 36 grund
646 715 107 29 härav
770 724 101 27 synes
888 716 86 28 även
992 715 228 36 nyssberörda
1237 715 245 36 lagstadgande
1498 731 44 4 —
1559 715 65 30 och

120 756 10 30 i
157 757 341 30 överensstämmelse
525 757 143 30 därmed
696 756 174 31 avfattade
898 757 441 30 kontraktsbestämmelser
1364 773 45 4 —
1434 757 109 30 under
1571 756 52 31 rå-

121 799 112 30 dande
255 798 243 31 förhållanden
519 799 85 30 böra
626 799 238 36 suspenderas.

169 841 119 31 Därest
305 851 42 20 en
364 841 95 36 dylik
478 841 204 36 suspension
702 850 97 21 anses
816 841 86 30 böra
920 840 265 37 ifrågakomma,
1205 841 96 30 torde
1321 841 56 31 det
1393 841 130 36 jämväl
1539 842 85 30 böra

122 885 195 35 övervägas,
343 884 173 30 huruvida
539 883 31 36 ej
597 883 206 36 jordägaren
828 884 65 29 bör
916 884 226 30 tillerkännas
1166 884 69 30 rätt
1259 887 48 27 att
1330 893 43 21 av
1398 885 225 30 arrendatorn

122 926 223 31 utbekomma
366 927 68 29 viss
457 927 100 29 andel
577 936 44 20 av
642 926 188 37 ersättning
851 926 56 31 för
927 926 180 36 stråfoder,
1130 936 74 21 som
1224 926 159 37 försäljes
1406 926 79 31 från
1507 927 116 36 fastig-

122 969 111 31 heten.
276 969 52 30 En
351 968 109 31 sådan
482 969 68 30 rätt
571 968 110 31 skulle
704 969 9 29 i
736 968 38 31 så
793 969 61 30 fall
878 969 151 36 grundas
1052 969 45 36 på
1119 972 50 27 att
1192 969 64 30 den
1279 970 126 35 gödsel,
1428 979 74 20 som
1524 970 101 30 faller

122 1011 87 30 efter
228 1011 107 37 foder,
359 1011 105 30 vilket
483 1012 122 30 alstras
625 1012 66 29 och
710 1011 157 30 utfodras
888 1011 20 31 å
930 1011 216 37 fastigheten,
1166 1021 98 21 anses
1284 1012 140 30 tillhöra
1445 1012 122 30 denna.

167 1073 89 36 Över
279 1079 487 31 livsmedelskommissionens
793 1079 165 31 skrivelse
982 1079 65 31 har
1071 1079 88 31 efter
1181 1079 120 31 remiss
1327 1080 160 36 yttrande
1513 1080 66 30 den
1606 1080 19 29 4

122 1129 88 37 april
237 1130 79 30 1941
344 1130 145 36 avgivits
516 1139 42 22 av
581 1129 360 37 lantbruksstyrelsen.
993 1130 48 30 Av
1067 1131 93 30 detta
1183 1131 160 36 yttrande
1367 1130 59 31 må
1448 1131 65 30 här
1538 1130 86 32 åter-

122 1181 93 36 givas
233 1181 164 37 följande.

161 1239 119 31 Såsom
309 1239 208 32 framhållits
544 1250 43 21 av
615 1240 470 31 livsmedelskommissionen
1112 1241 98 30 torde
1237 1241 384 31 arrendekontraktsbe-

118 1283 222 36 stämmelser,
369 1293 75 20 som
470 1283 158 31 medföra
653 1283 104 37 tvång
782 1284 10 30 i
819 1283 100 37 fråga
945 1293 57 21 om
1029 1284 68 30 viss
1124 1283 170 36 växtföljd
1320 1293 45 21 m.
1394 1293 56 27 m.,
1478 1293 66 27 nog
1572 1283 51 31 stå

117 1325 194 31 hindrande
338 1326 10 29 i
377 1327 110 35 vägen
514 1326 56 30 för
597 1336 43 20 en
669 1328 78 30 med
774 1327 138 35 hänsyn
940 1326 50 30 till
1018 1325 155 32 rådande
1200 1325 293 31 krisförhållande
1520 1327 102 30 önsk-

116 1369 85 29 värd
228 1367 252 38 intensifiering
508 1369 83 30 eller
617 1369 221 36 omläggning
866 1378 44 21 av
936 1368 328 37 jordbruksdriften.
1306 1369 317 36 Lantbruksstyrel-

118 1420 60 20 sen
196 1411 64 30 har
276 1410 119 31 därför
413 1410 83 31 intet
515 1414 48 27 att
581 1411 152 30 invända
751 1415 72 26 mot
841 1414 48 27 att
907 1412 67 30 den
991 1420 42 21 av
1053 1414 127 27 statens
1199 1411 425 30 livsmedelskommission

116 1453 212 30 härutinnan
356 1452 202 36 ifrågasatta
586 1453 258 36 lagstiftningen
875 1454 158 29 kommer
1060 1454 51 29 till
1150 1452 109 36 stånd,
1301 1453 199 36 varigenom
1538 1454 84 29 kon-

117 1495 370 30 traktsbestämmelser
506 1505 42 21 av
566 1495 66 30 här
651 1496 145 30 berörda
817 1496 73 36 slag
909 1496 10 29 i
938 1495 143 37 lämplig
1102 1495 208 36 omfattning
1329 1496 191 35 upphävas,
1543 1496 81 29 eller

116 1537 198 36 varigenom
338 1537 124 36 Kungl.
486 1537 101 36 Maj:t
608 1537 147 31 erhåller
775 1538 207 36 befogenhet
1005 1540 49 28 att
1075 1537 167 31 förordna
1264 1547 58 21 om
1345 1537 124 31 sådant
1489 1538 133 36 upphä-

117 1581 121 29 vande.

162 1622 502 31 Livsmedelskommissionens
692 1622 128 36 förslag
848 1623 10 29 i
888 1621 98 37 fråga
1014 1632 58 20 om
1100 1622 203 36 suspension
1332 1623 112 29 under
1470 1621 154 32 rådande

116 1664 318 31 krisförhållanden
455 1675 41 20 av
517 1665 259 36 lagstadgandet
797 1666 149 30 rörande
967 1665 218 30 arrendators
1206 1666 66 29 rätt
1292 1668 49 27 att
1361 1664 155 31 bortföra
1539 1664 83 31 strå-

117 1707 100 30 foder
240 1707 79 31 från
341 1707 163 36 fastighet
528 1708 64 29 och
617 1708 10 29 i
652 1708 341 30 överensstämmelse
1017 1708 143 30 därmed
1184 1707 175 31 avfattade
1384 1708 238 29 kontraktsbe-

117 1751 214 29 stämmelser
352 1750 59 30 vill
434 1751 350 35 lantbruksstyrelsen
805 1749 147 37 biträda,
975 1750 87 30 dock
1086 1750 79 30 med
1187 1750 67 30 viss
1277 1750 263 35 inskränkning.
1564 1750 59 29 Ar-

116 1793 162 29 rendator
305 1793 63 30 bör
397 1791 145 32 sålunda
572 1793 105 34 enligt
704 1793 366 36 lantbruksstyrelsens
1098 1791 140 37 mening
1265 1791 198 37 visserligen
1493 1791 130 31 erhålla

117 1835 67 30 rätt
204 1838 48 27 att
277 1834 4 30 i
302 1836 201 29 nuvarande
524 1835 75 36 läge
619 1838 83 26 utan
723 1834 224 37 jordägarens
969 1835 176 35 samtycke
1165 1834 76 31 föra
1263 1833 171 31 stråfoder
1454 1833 79 31 från
1555 1834 67 30 fas-

115 1877 116 35 tighet,
260 1887 79 20 men
368 1877 144 30 allenast
538 1877 11 29 i
578 1877 192 35 begränsad
798 1877 219 35 omfattning.
1059 1877 366 35 Lantbruksstyrelsen
1453 1876 169 35 förordar,

117 1921 49 28 att
185 1919 93 36 dylik
299 1920 67 29 rätt
384 1918 57 31 må
459 1928 79 21 avse
557 1928 41 20 en
618 1918 87 36 årlig
723 1918 348 36 stråfoderkvantitet,
1093 1919 242 29 motsvarande
1355 1918 100 36 högst
1473 1928 42 20 en
1535 1919 87 29 tred-

115 1961 90 36 jedel
228 1971 42 20 av
290 1960 90 31 årets
402 1962 104 29 skörd
529 1970 43 21 av
594 1961 46 30 hö
662 1960 192 37 respektive
875 1961 105 30 halm.
1004 1961 51 29 En
1079 1961 249 30 vidsträcktare
1349 1960 210 37 omfattning
1582 1970 41 20 av

119 2005 66 29 den
213 2003 200 36 ifrågasatta
440 2005 109 28 rätten
578 2013 101 26 synes
706 2004 73 29 icke
806 2004 119 29 kunna
953 2003 182 30 motiveras
1164 2004 77 28 med
1269 2003 277 29 önskvärdheten
1575 2005 47 27 att

117 2046 92 30 olika
234 2046 247 36 jordbrukares
506 2046 111 29 behov
641 2055 43 20 av
709 2044 170 31 stråfoder
903 2044 58 31 må
986 2045 119 30 kunna
1130 2044 43 37 på
1199 2048 45 27 ett
1269 2045 125 30 snabbt
1420 2045 63 29 och
1510 2045 114 29 enkelt

118 2089 66 29 sätt
207 2087 205 37 tillgodoses.

162 2130 77 30 Med
268 2131 187 35 anledning
483 2140 42 19 av
553 2131 66 29 vad
650 2129 469 31 livsmedelskommissionen
1147 2129 117 30 vidare
1292 2129 126 35 anfört,
1449 2129 57 31 vill
1536 2130 86 29 lant-

116 2173 275 35 bruksstyrelsen
410 2171 196 36 framhålla,
628 2175 49 26 att
696 2172 102 35 enligt
818 2173 183 35 styrelsens
1020 2171 227 30 förmenande
1265 2172 183 35 jordägare
1468 2172 73 28 icke
1561 2171 64 29 bör

117 2215 223 29 tillerkännas
365 2215 67 29 rätt
458 2217 48 27 att
530 2224 42 20 av
596 2215 202 29 arrendator
822 2215 223 28 utbekomma
1071 2213 68 30 viss
1164 2214 99 29 andel
1289 2223 42 20 av
1357 2213 187 35 ersättning
1569 2213 55 29 för

117 2256 178 34 stråfoder,
320 2266 73 20 som
416 2257 226 28 arrendatorn
664 2255 120 30 försålt
806 2255 80 30 från
909 2256 214 33 fastigheten.
1157 2255 123 29 Alltför
1302 2258 91 26 stora
1416 2254 208 35 svårigheter

117 2299 110 28 skulle
248 2298 172 34 nämligen
443 2298 76 28 med
542 2298 159 29 säkerhet
721 2298 90 29 möta
834 2300 48 26 att
906 2297 167 29 fastställa
1095 2297 140 29 rättvisa
1254 2297 152 34 grunder
1426 2296 55 29 för
1501 2297 121 29 beräk-

118 2340 83 36 ning
219 2350 40 20 av
280 2339 108 31 sådan
409 2339 319 34 ersättningsandel.
761 2339 101 35 Dylik
884 2340 67 28 rätt
971 2339 139 29 komme
1130 2339 119 29 därför
1268 2338 174 29 sannolikt
1463 2341 47 26 att
1531 2339 92 28 med-

118 2382 75 29 föra
216 2380 317 36 svåröverskådliga
557 2382 255 28 konsekvenser
835 2381 8 28 i
867 2380 98 36 fråga
988 2390 55 20 om
1067 2379 352 30 rättsförhållandena
1443 2380 181 35 jordägare

118 2424 64 29 och
204 2424 201 29 arrendator
425 2424 155 28 emellan.
616 2423 123 29 Härtill
762 2423 167 34 kommer,
952 2425 46 27 att
1019 2423 285 28 arrendatorerna
1326 2431 144 20 numera
1494 2422 130 35 ganska

118 2467 143 29 allmänt
279 2466 96 29 torde
394 2466 43 29 ha
457 2464 143 30 kommit
621 2464 49 30 till
691 2465 64 29 den
774 2464 267 36 uppfattningen
1060 2467 48 26 att
1127 2464 8 29 i
1156 2465 85 33 regel
1263 2464 81 29 intet
1364 2463 70 30 står
1452 2467 48 27 att
1519 2464 104 29 vinna
