2200 2587
734 203 265 32 Statsutskottets
1030 203 177 32 Utlåtande
1230 203 65 32 N:o
1320 206 29 28 9.
1779 204 38 31 13

245 284 74 36 den
365 284 44 34 17
448 282 153 48 januari
641 285 112 46 1879,
797 288 100 31 samt
924 282 518 49 tjenstgöringspenningar,
1478 285 74 36 500
1582 284 154 46 kronor,
1767 283 94 37 eller

244 335 253 36 tillsammans
530 336 112 45 1,500
672 336 156 47 kronor,
858 335 174 36 förordat
1050 335 109 36 bifall
1179 335 57 36 till
1257 335 74 36 den
1352 335 139 49 gjorda
1511 335 347 48 framställningen.

347 386 201 37 Utskottet
575 387 237 48 hemställer,

752 496 56 31 att
851 490 138 49 Kongl.
1033 490 129 48 Maj:ts
1200 490 257 36 förevarande
1487 490 285 49 framställning
1802 494 59 33 må

649 542 42 36 af
716 542 223 49 Riksdagen
967 542 163 37 bifallas.

352 648 98 34 11:o.
507 646 89 36 Med
626 646 210 48 anledning
865 646 42 36 af
930 659 46 23 en
1001 646 87 36 utaf
1102 651 94 43 väg-
1217 646 73 36 och
1309 646 550 49 vattenbyggnadsstyrelsen,

245 701 48 45 på
321 698 176 36 anhällan
527 698 43 35 af
595 698 395 47 stationsingeniören
1020 698 62 36 vid
1103 703 148 31 statens
1267 698 421 48 jernvägsbyggnader
1707 698 152 36 Anders

245 750 94 36 Erik
368 749 136 37 Daniel
532 749 193 36 Rudelius”
756 750 98 36 enka
881 751 107 36 Julia
1022 751 184 45 Rudelius,
1237 750 94 35 född
1360 749 134 48 Behm,
1520 749 114 48 gjord
1655 750 205 36 framställ-

245 802 94 47 ning
368 802 68 35 har
465 801 142 48 Kongl.
638 801 108 48 Maj:t
775 801 213 49 föreslagit,
1020 807 55 30 att
1094 802 78 35 hon
1192 804 118 33 måtte
1331 801 212 48 berättigas
1565 802 84 35 från
1670 801 191 36 allmänna

245 853 388 48 indragningsstaten
676 853 146 48 åtnjuta
859 853 97 48 årlig
992 853 164 48 pension
1185 853 58 36 till
1271 853 143 48 belopp
1445 853 42 36 af
1513 855 75 34 400
1618 853 155 48 kronor,
1805 858 54 31 att

245 908 92 45 utgå
365 905 84 36 från
479 905 73 36 och
581 905 87 36 med
698 905 152 48 augusti
879 905 137 36 månad
1037 908 39 33 år
1099 906 111 46 1886,
1232 907 42 33 så
1293 905 114 48 länge
1428 905 77 36 hon
1527 905 202 36 förblifver
1749 905 108 36 enka.

349 957 56 35 Af
448 957 65 35 det
559 956 514 49 statsverkspropositionen
1124 956 154 49 bilagda
1326 956 429 49 statsrådsprotokollet
1803 956 56 49 (se

246 1008 141 36 nionde
430 1008 260 36 hufvudtiteln
732 1008 63 36 bil.
838 1010 45 35 10
920 1009 68 35 sid.
1022 1007 61 49 35)
1113 1008 206 46 inhemtas,
1350 1013 55 31 att
1433 1009 182 35 Rudelius
1646 1008 64 36 allt
1741 1009 118 35 sedan

246 1064 40 32 år
317 1062 98 34 1872
444 1060 100 36 varit
572 1059 151 37 anstäld
756 1060 64 35 vid
851 1065 147 31 statens
1022 1060 421 48 jernvägsbyggnader
1474 1060 71 36 och
1574 1060 121 36 under
1724 1060 46 35 de
1802 1073 59 23 se-

246 1125 91 23 nare
366 1112 53 35 tio
450 1114 91 33 åren
570 1111 228 48 tjenstgjort
827 1115 126 32 såsom
984 1111 356 49 stationsingenlör,
1368 1112 157 35 hvilken
1545 1111 221 48 befattning
1785 1112 75 35 han

248 1164 71 35 ock
347 1163 63 36 vid
440 1163 67 36 sitt
536 1163 177 36 frånfälle
743 1163 206 45 beklädde;
980 1168 55 30 att
1063 1164 75 35 han
1166 1163 123 36 under
1319 1163 114 36 dessa
1465 1166 46 33 14
1540 1166 40 33 år
1605 1163 87 36 med
1712 1164 57 34 nit
1789 1164 72 35 och

247 1215 233 48 skicklighet
510 1220 99 30 samt
637 1215 57 35 till
724 1215 83 35 sina
836 1214 170 37 förmäns
1036 1215 93 35 fulla
1153 1215 223 36 belåtenhet
1401 1215 176 48 fullgjort
1597 1215 83 35 sina
1699 1215 162 48 tjenste-

247 1266 249 49 åligganden;
541 1271 55 31 att
638 1266 95 36 hans
777 1266 146 36 krafter
965 1266 182 36 särskildt
1181 1266 119 48 tagits
1335 1266 11 36 1
1381 1267 167 48 anspråk
1585 1266 63 36 vid
1677 1267 183 47 tillsynen

247 1319 110 36 öfver
387 1318 74 36 den
489 1318 122 36 under
643 1320 97 34 1886
772 1321 59 33 års
862 1331 168 23 sommar
1057 1318 224 36 verkstälda
1310 1318 371 48 spårförändringen
1705 1321 21 33 å
1746 1323 115 31 stats-

249 1370 125 36 banan
417 1369 572 49 MSundsvall--Torpshammar,
1032 1383 83 22 som
1157 1370 157 36 bedrefs
1358 1370 87 35 med
1484 1383 48 23 cen
1570 1370 117 35 sådan
1719 1370 142 48 skynd-

250 1422 162 46 samhet,
456 1426 55 31 att
554 1421 75 36 den
666 1422 176 36 lemnade
876 1421 142 36 honom
1047 1421 94 48 föga
1168 1421 56 36 tid
1252 1421 58 36 till
1338 1421 114 47 hvila,
1483 1421 151 36 hvadan
1664 1422 72 35 ock
1763 1422 97 35 hans

250 1473 86 47 död,
368 1486 83 23 som
479 1473 203 36 inträffade
713 1473 73 36 den
819 1475 44 34 15
889 1473 71 48 juli
988 1473 166 36 nämnda
1182 1476 50 37 år,
1255 1473 240 36 förorsakats
1517 1473 42 36 af
1576 1473 125 36 denna
1719 1478 142 44 ytterst

249 1525 286 48 ansträngande
565 1524 280 48 tjenstgörimg,
877 1530 99 30 samt
1005 1530 54 30 att
1088 1525 96 35 hans
1215 1524 280 36 efterlemnade
1525 1525 110 47 enka,
1663 1538 83 22 som
1765 1538 96 35 upp-

248 1580 83 32 nått
360 1590 47 22 en
437 1577 105 35 ålder
571 1576 41 36 af
639 1578 47 34 29
718 1579 50 44 år,
798 1576 12 35 i
839 1576 193 36 anseende
1061 1576 57 36 till
1149 1576 210 48 sjuklighet
1389 1576 99 48 egde
1517 1576 112 48 ringa
1656 1576 122 48 utsigt
1806 1581 56 31 att

249 1628 93 48 sjelf
367 1628 129 36 kunna
523 1628 162 48 bidraga
713 1628 57 35 till
800 1628 66 35 sitt
894 1628 215 48 uppehälle.

353 1680 55 35 Af
447 1679 217 48 åberopade
707 1679 253 49 läkarebetyg
1000 1679 98 36 hade
1136 1679 223 47 inhemtats,
1390 1679 82 36 dels
1503 1685 55 30 att
1587 1679 275 48 stationsinge-

248 1731 135 36 nlören.
426 1731 182 36 Rudelius
647 1731 121 36 under
797 1731 59 36 sin
884 1731 263 48 tjenstgöring
1175 1731 64 35 vid
1269 1736 148 31 statens
1442 1731 421 48 jernvägsbyggnader

248 1783 150 47 ådragit
436 1783 61 47 sig
537 1788 55 30 ett
620 1782 267 48 hjernlidande
919 1783 201 48 (blödning
1149 1783 93 35 eller
1270 1782 168 49 bulnad),
1470 1796 83 22 som
1582 1783 91 47 lång
1701 1783 55 35 tid
1785 1783 78 36 för-

247 1835 96 48 lupit
372 1840 138 30 nästan
537 1839 90 31 utan
659 1840 250 42 symptomer,
939 1848 88 22 men
1056 1834 239 36 omedelbart
1324 1834 100 36 efter
1453 1848 46 23 en
1529 1834 97 36 både
1655 1835 57 35 till
1738 1835 125 48 kropp

249 1887 72 36 och
359 1886 72 48 själ
466 1891 143 43 ytterst
644 1887 287 47 ansträngande
960 1886 264 48 tjenstgöring
1252 1886 179 49 plötsligt
1460 1886 211 36 förvärrats
1702 1886 72 36 och
1803 1899 60 23 or-

248 1939 110 36 sakat
396 1938 96 35 hans
536 1938 88 47 död,
665 1938 82 36 dels
778 1938 72 36 ock
879 1943 54 31 att
963 1938 124 36 enkan
1116 1938 182 36 Rudelius
1327 1951 92 22 vore
1450 1938 119 36 sedan
1598 1938 93 35 flera
1720 1941 39 32 år
1791 1938 71 35 till-

246 1991 99 36 baka
379 1989 183 36 behäftad
592 1989 87 36 med
708 1989 191 36 blodbrist
927 1990 12 35 i
966 1990 80 47 hög
1074 1990 95 47 grad
1201 1990 71 35 och
1302 1990 139 35 allmän
1471 1990 263 47 nervsvaghet
1764 1996 98 30 samt

246 2043 12 35 i
287 2042 120 47 öfrigt
445 2041 100 48 egde
584 2054 48 23 en
662 2054 96 35 svag
786 2041 423 49 kroppskonstitution;
1240 2042 71 35 och
1341 2041 99 36 hade
1468 2047 59 29 tre
1556 2054 188 35 personer
1772 2042 11 35 i
1813 2055 48 23 en

247 2093 186 37 likaledes
462 2093 66 36 vid
557 2092 335 49 framställningen
923 2093 118 48 fogad
1071 2093 171 48 skriftlig
1261 2093 187 48 handling
1467 2093 163 48 intygat,
1652 2098 65 43 att,
1740 2094 121 47 enligt

246 2145 369 49 bouppteckningen
645 2144 100 36 efter
766 2144 396 49 stationsingeniören
1182 2145 195 46 Rudelius,
1399 2145 126 35 enkan
1545 2144 298 49 Rudelius,efter

245 2198 139 48 afdrag
412 2197 42 36 af
479 2196 110 37 boets
618 2196 63 36 vid
710 2196 366 48 bouppteckningen
1100 2196 200 48 befintliga
1320 2197 72 36 och
1413 2196 220 36 sedermera
1650 2196 202 37 tillkomna

247 2250 168 46 skulder,
450 2249 86 36 icke
571 2248 99 49 egde
698 2251 128 45 någon
857 2248 162 36 kontant
1046 2249 176 47 tillgång,
1252 2254 91 30 utan
1373 2247 138 36 endast
1540 2253 55 31 ett
1624 2249 149 36 mindre
1803 2249 60 35 för

248 2301 67 36 sitt
343 2301 122 36 behof
492 2300 249 49 erforderligt
769 2300 141 48 bohag,
941 2313 82 23 som
1053 2301 84 35 icke
1166 2300 116 48 gåfve
1311 2303 129 45 någon
1468 2300 181 36 inkomst.

1881 663 135 30 Angående
2026 670 60 22 pen-

1896 705 54 15 sion
1964 698 47 30 för
2029 701 48 18 sta-

1880 733 209 29 tionsingenioren

1879 767 34 23 td.
1934 767 29 23 EE.
1984 767 31 22 DD.
2036 766 52 23 La

1897 801 84 22 delius”
2001 800 69 23 enka.

1939 836 94 46 [10.]
