1916 2860
77 617 166 32 Behandling
252 624 32 17 av

94 653 175 32 för:vorande

86 689 128 31 spörsmål
233 688 43 23 vid

77 725 70 24 1923
164 724 44 24 års
221 724 64 23 riks-

154 759 59 32 dag.

109 1528 166 31 Behandling

108 1565 45 24 vid
170 1564 106 24 inneva-

87 1601 84 23 rande
187 1599 106 31 tiksdag

88 1644 33 15 av
140 1634 97 31 frågan
254 1642 41 15 om

110 1670 167 24 kommunala

133 1705 121 24 arvoden.

347 190 18 30 2
693 185 123 32 Andra
832 183 253 38 lagutskottets
1102 182 184 33 utlåtande
1304 181 53 33 Nr
1377 183 31 30 9.

303 273 327 36 skrivmaterialier,
665 272 177 36 postporto
877 271 90 29 samt
1002 268 172 31 skrivare-
1199 267 62 32 och
1285 267 325 37 räkenskapshjälp,
1635 268 44 30 än
1703 270 99 34 även,

303 327 116 32 därest
442 323 403 39 fattigvårdssamhället
869 331 112 27 anser,
1005 322 52 30 att
1081 320 133 36 jämväl
1238 320 200 36 ersättning
1462 319 52 31 för
1539 319 56 32 det
1619 318 77 32 med
1720 330 83 27 upp-

303 379 123 36 draget
460 377 163 32 förenade
646 376 124 31 besvär
793 375 57 31 må
875 374 57 31 till
956 374 127 30 honom
1107 373 96 35 utgå,
1228 372 128 32 arvode
1380 372 57 31 till
1462 372 132 36 belopp,
1620 380 73 22 som
1717 382 86 21 sam-

302 431 109 31 hället
436 430 77 31 med
537 429 136 36 hänsyn
698 428 56 31 till
778 427 152 31 arbetets
954 424 216 36 omfattning
1193 423 112 32 finner
1330 424 143 35 skäligt.
1518 423 122 31 Beslut
1662 433 54 21 om
1734 424 69 30 till-

302 482 145 32 delande
482 492 44 20 av
561 480 124 32 sådant
717 478 128 32 arvode
869 478 84 31 eller
978 476 206 36 förhöjning
1207 475 108 32 därav
1340 475 91 32 skall
1456 475 234 32 underställas
1713 475 91 31 läns-

302 535 191 37 styrelsens
516 533 186 37 prövning.

346 612 18 32 I
386 612 216 37 proposition
625 621 41 20 nr
691 610 61 31 130
776 609 58 31 till
858 608 83 31 1923
964 609 58 29 års
1045 607 144 36 riksdag
1213 606 150 36 föreslog
1388 605 134 36 Kungl.
1546 605 102 37 Maj:t
1672 615 130 21 samma

303 664 154 37 ändring
491 662 215 33 beträffande
740 659 228 33 förenämnda
1004 660 151 35 lagrum,
1179 668 71 22 som
1275 658 192 31 innefattas
1491 658 12 30 i
1527 656 39 32 de
1591 667 47 21 nu
1664 657 139 36 förelig-

304 717 111 37 gande
451 716 227 31 motionerna.
724 713 130 31 Genom
889 712 66 31 den
989 711 210 36 ifrågasatta
1233 709 198 37 ändringen
1465 709 114 31 skulle
1603 709 65 31 den
1692 709 111 35 enligt

303 770 231 35 lagrummets
568 765 205 33 nuvarande
808 764 131 37 lydelse
962 764 36 30 åt
1022 761 257 33 vederbörande
1303 761 388 37 fattigvårdssamhälle
1714 760 89 32 med-

304 822 109 36 givna
438 821 114 30 rätten
575 820 53 30 att
652 818 134 31 besluta
811 826 56 22 om
890 815 198 36 ersättning
1112 816 36 29 åt
1172 813 404 36 fattigvårdsstyrelsens
1598 812 205 32 ordförande

303 874 141 31 komma
478 873 51 30 att
563 870 198 32 utsträckas
796 869 57 31 till
883 869 53 30 att
960 867 94 36 gälla
1078 866 134 37 jämväl
1236 865 191 37 styrelsens
1450 865 123 35 övriga
1597 865 206 35 ledamöter;

303 925 63 32 och
389 924 116 32 skulle
528 921 214 34 beträffande
766 920 99 38 dylik
889 919 198 36 ersättning
1112 919 11 30 i
1147 918 215 36 tillämpliga
1389 917 95 31 delar
1509 916 104 31 lända
1631 917 57 30 till
1705 917 99 31 efter-

303 977 142 31 rättelse
480 975 67 32 vad
580 975 12 30 i
626 973 354 35 kommunallagarna
1015 970 183 37 stadgades
1232 969 179 36 angående
1446 969 185 31 kommuns
1660 970 70 29 rätt
1752 970 52 29 att

304 1030 192 30 bestämma
519 1027 198 34 ersättning
741 1027 35 29 åt
800 1022 208 34 ordförande
1032 1023 62 31 och
1119 1022 188 31 ledamöter
1332 1022 11 30 i
1368 1021 164 37 styrelser
1557 1021 63 31 och
1637 1020 168 31 nämnder

305 1082 90 30 samt
418 1079 179 37 angående
621 1076 285 36 underställning
930 1085 44 21 av
992 1075 216 31 därutinnan
1224 1073 131 32 fattade
1372 1073 125 31 beslut.
1543 1072 17 31 I
1579 1071 225 32 förenämnda

304 1132 217 37 proposition
555 1129 187 32 framlades
777 1128 120 32 tillika
931 1127 133 36 förslag
1098 1136 56 21 om
1189 1125 193 36 ändringar
1407 1126 12 30 i
1443 1125 362 35 kommunallagarna,

305 1183 242 33 innefattande
571 1193 41 21 en
636 1181 130 36 vidgad
791 1182 71 30 rätt
885 1180 55 30 för
964 1179 254 31 kommunerna
1242 1178 12 30 i
1277 1178 102 35 fråga
1401 1187 55 21 om
1472 1176 274 31 bestämmandet
1761 1186 43 20 av

305 1236 198 36 ersättning
516 1237 36 30 åt
565 1234 214 32 innehavare
791 1243 43 20 av
852 1232 46 31 bl.
916 1242 30 20 a.
963 1241 48 21 nu
1028 1230 152 31 nämnda
1197 1229 227 32 kommunala
1437 1227 368 37 förtroendeuppdrag.

305 1288 140 37 Frågan
481 1288 120 31 härom
636 1286 119 31 förföll
790 1283 196 33 emellertid
1022 1282 59 32 vid
1116 1281 144 32 berörda
1284 1280 146 37 riksdag
1454 1290 123 26 genom
1601 1280 206 31 kamrarnas

307 1341 218 31 därutinnan
559 1338 132 32 fattade
726 1336 208 37 skiljaktiga
968 1335 129 34 beslut;
1132 1334 63 31 och
1229 1343 73 21 som
1336 1333 204 36 därigenom
1569 1332 161 36 grunden
1753 1331 54 31 för

309 1393 64 31 den
409 1392 209 35 ifrågasatta
641 1389 197 36 ändringen
863 1388 12 30 i
899 1386 318 37 fattigvårdslagen
1242 1385 187 36 bortfallit,
1454 1383 178 32 lämnades
1656 1384 150 36 proposi-

310 1445 119 31 tionen
453 1443 132 37 jämväl
610 1443 11 29 i
645 1442 113 31 denna
781 1440 55 32 del
860 1442 87 29 utan
971 1439 111 31 bifall.

355 1522 130 31 Genom
520 1523 126 29 tvenne
680 1519 171 31 motioner
887 1517 60 32 vid
981 1516 237 32 innevarande
1253 1517 54 30 ars
1343 1514 154 37 riksdag,
1532 1524 41 21 nr
1602 1515 39 30 52
1666 1514 12 30 i
1702 1513 107 31 första

313 1575 203 30 kammaren
546 1572 62 32 och
632 1582 42 21 nr
698 1571 62 31 134
785 1571 11 30 i
820 1569 110 32 andra
953 1569 214 35 kammaren,
1192 1568 63 31 har
1278 1567 206 36 spörsmålet
1508 1576 55 21 om
1588 1564 127 38 vidgad
1740 1565 68 31 rätt

313 1626 53 31 för
390 1626 254 30 kommunerna
668 1623 57 31 till
748 1621 192 32 beredande
963 1631 44 21 av
1031 1620 194 36 ersättning
1242 1621 35 29 åt
1295 1619 211 31 innehavare
1523 1628 43 20 av
1584 1617 225 32 kommunala

314 1676 354 37 förtroendeuppdrag
693 1676 75 30 åter
784 1674 167 36 förelagts
968 1673 186 36 riksdagen
1167 1672 53 30 för
1233 1671 184 37 prövning.
1442 1669 216 37 Riksdagens
1672 1669 138 30 kamrar

314 1730 91 31 hava
429 1728 60 32 vid
512 1727 213 36 behandling
748 1737 44 20 av
817 1726 97 31 dessa
938 1725 170 31 motioner
1133 1724 64 31 den
1221 1723 39 31 23
1285 1723 11 30 i
1320 1722 116 32 denna
1458 1721 127 32 månad
1602 1721 105 31 fattat
1723 1730 86 22 sam-

313 1781 189 37 stämmiga
524 1780 113 32 beslut
661 1780 12 30 i
697 1779 117 30 ämnet
837 1778 91 31 samt
951 1776 123 32 därvid
1098 1776 54 31 för
1175 1776 54 30 sin
1253 1774 53 32 del
1330 1774 139 37 antagit
1484 1773 193 36 ändringar
1696 1772 10 30 i
1719 1772 92 31 kom-

314 1833 281 36 munallagarna,
621 1832 200 35 varigenom
844 1830 253 30 kommunerna
1117 1828 139 31 komma
1271 1827 52 30 att
1340 1827 12 30 i
1369 1826 119 31 vidare
1504 1825 246 36 utsträckning
1767 1826 45 28 än

317 1886 67 31 vad
408 1885 129 31 hittills
561 1884 94 30 varit
679 1883 99 31 fallet
802 1881 141 32 beredas
971 1882 70 29 rätt
1064 1881 63 35 att,
1152 1880 60 31 där
1236 1878 123 32 sådant
1383 1878 113 31 finnes
1519 1887 44 21 av
1586 1877 147 31 behovet
1755 1877 56 35 på-

317 1937 122 35 kallat,
474 1937 136 30 besluta
638 1945 55 21 om
718 1933 209 38 gottgörelse
950 1933 56 31 till
1031 1932 45 31 bl.
1101 1942 29 20 a.
1156 1930 205 32 ordförande
1386 1930 63 31 och
1473 1929 188 31 ledamöter
1684 1929 12 29 i
1720 1928 91 31 kom-

318 1989 145 31 munala
497 1988 163 37 styrelser
683 1987 63 30 och
770 1985 180 31 nämnder.
995 1984 117 31 Såvitt
1136 1984 109 36 angår
1268 1982 122 31 utsedd
1415 1982 148 31 ledamot
1586 1981 12 30 i
1622 1980 98 37 dylik
1744 1981 68 34 sty-

318 2041 86 31 relse
428 2040 85 31 eller
536 2039 141 36 nämnd,
695 2039 69 30 kan
788 2037 208 37 gottgörelse
1020 2037 207 30 bestämmas
1250 2036 52 29 att
1326 2035 88 35 utgå
1438 2033 71 31 dels
1533 2033 11 30 i
1568 2032 91 31 form
1676 2042 44 20 av
1734 2031 78 36 dag-

320 2093 233 31 traktamente
588 2091 76 31 med
697 2091 100 36 högst
832 2089 70 31 fem
927 2089 125 30 kronor
1075 2088 53 30 för
1151 2085 289 33 sammanträdes-
1463 2085 83 31 eller
1569 2084 244 36 förrättnings-

319 2145 77 37 dag,
431 2144 62 31 och
528 2143 81 36 dels,
642 2142 62 31 där
732 2138 592 35 kommunikationsförhållandena
1347 2147 101 21 anses
1471 2137 109 30 kräva
1603 2136 125 31 sådant
1753 2131 60 45 och

320 2195 222 38 väglängden
571 2195 130 31 mellan
724 2194 151 31 hemmet
899 2193 62 30 och
985 2191 286 32 sammanträdes-
1294 2190 85 31 eller
1402 2187 351 37 förrättningsstället
1777 2189 38 29 är

320 2250 109 30 större
453 2251 46 28 än
522 2248 69 30 fem
614 2247 192 35 kilometer,
831 2245 12 31 i
868 2245 90 31 form
974 2254 43 21 av
1036 2243 281 36 reseersättning,
1331 2241 121 31 vilken
1466 2241 83 31 dock
1563 2240 75 31 icke
1650 2240 58 30 må
1720 2241 94 29 över-

320 2301 94 36 stiga
446 2300 134 30 hälften
603 2309 43 21 av
670 2299 134 35 belopp,
828 2296 170 32 beräknat
1023 2296 87 31 efter
1135 2295 113 36 lägsta
1271 2294 129 36 skjuts-
1424 2293 62 31 och
1509 2291 221 37 åkdonslega,
1754 2291 62 31 där

321 2353 75 30 icke
430 2352 150 36 järnväg
615 2353 37 29 är
686 2351 50 30 att
770 2349 104 36 tillgå
897 2348 84 31 eller
1004 2347 297 37 fartygslägenhet
1325 2347 184 35 begagnas,
1534 2344 30 37 ej
1589 2344 110 31 heller
1722 2345 93 29 över-

321 2405 93 36 stiga
436 2404 160 36 avgiften
619 2403 12 30 i
655 2402 109 37 tredje
788 2402 157 30 klassens
969 2408 91 28 vagn
1084 2401 44 35 på
1152 2399 157 36 järnväg,
1334 2398 63 31 där
1421 2397 106 32 sådan
1544 2396 123 35 finnes,
1684 2395 63 31 och
1762 2395 54 30 för

322 2466 42 21 en
398 2455 233 37 salongsplats
666 2456 44 34 på
743 2454 128 36 fartyg,
906 2452 61 31 där
1002 2461 99 21 resan
1125 2450 183 32 såmedelst
1331 2450 89 31 sker.
1467 2447 218 32 Beträffande
1709 2446 103 32 sådan

323 2507 151 33 ledamot
508 2517 43 21 av
587 2506 202 32 kommunal
824 2504 145 37 styrelse
1003 2503 83 32 eller
1111 2502 139 36 nämnd,
1274 2512 72 21 som
1371 2502 125 31 utsetts
1520 2499 55 32 till
1601 2498 215 36 ordförande,
