<?xml version="1.0" encoding="UTF-8"?>
<alto xmlns="http://www.loc.gov/standards/alto/ns-v3#" xmlns:xlink="http://www.w3.org/1999/xlink" xmlns:xsi="http://www.w3.org/2001/XMLSchema-instance" xsi:schemaLocation="http://www.loc.gov/standards/alto/ns-v3# http://www.loc.gov/alto/v3/alto-3-0.xsd">
	<Description>
		<MeasurementUnit>pixel</MeasurementUnit>
		<sourceImageInformation>
			<fileName>/tmp/tess_02yd3fu1_input.PNG</fileName>
		</sourceImageInformation>
		<OCRProcessing ID="OCR_0">
			<ocrProcessingStep>
				<processingSoftware>
					<softwareName>tesseract 5.3.0</softwareName>
				</processingSoftware>
			</ocrProcessingStep>
		</OCRProcessing>
	</Description>
	<Layout>
		<Page WIDTH="1882" HEIGHT="2810" PHYSICAL_IMG_NR="0" ID="page_0">
			<PrintSpace HPOS="0" VPOS="0" WIDTH="1882" HEIGHT="2810">
				<ComposedBlock ID="cblock_0" HPOS="492" VPOS="126" WIDTH="1116" HEIGHT="38">
					<TextBlock ID="block_0" HPOS="492" VPOS="126" WIDTH="1116" HEIGHT="38">
						<TextLine ID="line_0" HPOS="492" VPOS="126" WIDTH="1116" HEIGHT="38">
							<String ID="string_0" HPOS="492" VPOS="131" WIDTH="379" HEIGHT="33" WC="0.91" CONTENT="Jordbruksutskottets"/><SP WIDTH="23" VPOS="131" HPOS="871"/>
							<String ID="string_1" HPOS="894" VPOS="131" WIDTH="177" HEIGHT="33" WC="0.69" CONTENT="utlåtånde"/><SP WIDTH="23" VPOS="131" HPOS="1071"/>
							<String ID="string_2" HPOS="1094" VPOS="141" WIDTH="41" HEIGHT="22" WC="0.95" CONTENT="nr"/><SP WIDTH="25" VPOS="141" HPOS="1135"/>
							<String ID="string_3" HPOS="1160" VPOS="133" WIDTH="49" HEIGHT="29" WC="0.93" CONTENT="58."/><SP WIDTH="363" VPOS="133" HPOS="1209"/>
							<String ID="string_4" HPOS="1572" VPOS="126" WIDTH="36" HEIGHT="30" WC="0.96" CONTENT="17"/>
						</TextLine>
					</TextBlock>
				</ComposedBlock>
				<ComposedBlock ID="cblock_1" HPOS="106" VPOS="213" WIDTH="1503" HEIGHT="143">
					<TextBlock ID="block_1" HPOS="106" VPOS="213" WIDTH="1503" HEIGHT="143">
						<TextLine ID="line_1" HPOS="107" VPOS="213" WIDTH="1501" HEIGHT="40">
							<String ID="string_5" HPOS="107" VPOS="219" WIDTH="74" HEIGHT="30" WC="0.96" CONTENT="skäl"/><SP WIDTH="26" VPOS="219" HPOS="181"/>
							<String ID="string_6" HPOS="207" VPOS="219" WIDTH="71" HEIGHT="30" WC="0.96" CONTENT="tala"/><SP WIDTH="26" VPOS="219" HPOS="278"/>
							<String ID="string_7" HPOS="304" VPOS="218" WIDTH="55" HEIGHT="30" WC="0.96" CONTENT="för"/><SP WIDTH="24" VPOS="218" HPOS="359"/>
							<String ID="string_8" HPOS="383" VPOS="220" WIDTH="50" HEIGHT="28" WC="0.96" CONTENT="att"/><SP WIDTH="23" VPOS="220" HPOS="433"/>
							<String ID="string_9" HPOS="456" VPOS="216" WIDTH="101" HEIGHT="31" WC="0.96" CONTENT="dessa"/><SP WIDTH="25" VPOS="216" HPOS="557"/>
							<String ID="string_10" HPOS="582" VPOS="217" WIDTH="133" HEIGHT="36" WC="0.96" CONTENT="företag"/><SP WIDTH="25" VPOS="217" HPOS="715"/>
							<String ID="string_11" HPOS="740" VPOS="217" WIDTH="142" HEIGHT="30" WC="0.96" CONTENT="komma"/><SP WIDTH="26" VPOS="217" HPOS="882"/>
							<String ID="string_12" HPOS="908" VPOS="216" WIDTH="51" HEIGHT="31" WC="0.96" CONTENT="till"/><SP WIDTH="26" VPOS="216" HPOS="959"/>
							<String ID="string_13" HPOS="985" VPOS="215" WIDTH="194" HEIGHT="31" WC="0.95" CONTENT="utförande."/><SP WIDTH="28" VPOS="215" HPOS="1179"/>
							<String ID="string_14" HPOS="1207" VPOS="215" WIDTH="65" HEIGHT="37" WC="0.96" CONTENT="Jag"/><SP WIDTH="26" VPOS="215" HPOS="1272"/>
							<String ID="string_15" HPOS="1298" VPOS="215" WIDTH="95" HEIGHT="30" WC="0.96" CONTENT="torde"/><SP WIDTH="26" VPOS="215" HPOS="1393"/>
							<String ID="string_16" HPOS="1419" VPOS="213" WIDTH="189" HEIGHT="32" WC="0.95" CONTENT="emellertid"/>
						</TextLine>
						<TextLine ID="line_2" HPOS="106" VPOS="264" WIDTH="1503" HEIGHT="39">
							<String ID="string_17" HPOS="106" VPOS="268" WIDTH="57" HEIGHT="31" WC="0.96" CONTENT="vid"/><SP WIDTH="18" VPOS="268" HPOS="163"/>
							<String ID="string_18" HPOS="181" VPOS="272" WIDTH="48" HEIGHT="27" WC="0.96" CONTENT="ett"/><SP WIDTH="20" VPOS="272" HPOS="229"/>
							<String ID="string_19" HPOS="249" VPOS="277" WIDTH="121" HEIGHT="22" WC="0.94" CONTENT="senare"/><SP WIDTH="19" VPOS="277" HPOS="370"/>
							<String ID="string_20" HPOS="389" VPOS="267" WIDTH="145" HEIGHT="36" WC="0.94" CONTENT="tillfälle,"/><SP WIDTH="22" VPOS="267" HPOS="534"/>
							<String ID="string_21" HPOS="556" VPOS="268" WIDTH="104" HEIGHT="30" WC="0.96" CONTENT="sedan"/><SP WIDTH="20" VPOS="268" HPOS="660"/>
							<String ID="string_22" HPOS="680" VPOS="267" WIDTH="185" HEIGHT="36" WC="0.96" CONTENT="riksdagen"/><SP WIDTH="21" VPOS="267" HPOS="865"/>
							<String ID="string_23" HPOS="886" VPOS="267" WIDTH="174" HEIGHT="30" WC="0.96" CONTENT="meddelat"/><SP WIDTH="19" VPOS="267" HPOS="1060"/>
							<String ID="string_24" HPOS="1079" VPOS="267" WIDTH="111" HEIGHT="30" WC="0.96" CONTENT="beslut"/><SP WIDTH="22" VPOS="267" HPOS="1190"/>
							<String ID="string_25" HPOS="1212" VPOS="265" WIDTH="148" HEIGHT="31" WC="0.96" CONTENT="rörande"/><SP WIDTH="20" VPOS="265" HPOS="1360"/>
							<String ID="string_26" HPOS="1380" VPOS="264" WIDTH="229" HEIGHT="31" WC="0.96" CONTENT="förevarande"/>
						</TextLine>
						<TextLine ID="line_3" HPOS="108" VPOS="315" WIDTH="1369" HEIGHT="41">
							<String ID="string_27" HPOS="108" VPOS="319" WIDTH="247" HEIGHT="37" WC="0.90" CONTENT="anslagsfråga,"/><SP WIDTH="20" VPOS="319" HPOS="355"/>
							<String ID="string_28" HPOS="375" VPOS="319" WIDTH="88" HEIGHT="36" WC="0.95" CONTENT="ånyo"/><SP WIDTH="21" VPOS="319" HPOS="463"/>
							<String ID="string_29" HPOS="484" VPOS="318" WIDTH="37" HEIGHT="32" WC="0.96" CONTENT="få"/><SP WIDTH="16" VPOS="318" HPOS="521"/>
							<String ID="string_30" HPOS="537" VPOS="319" WIDTH="140" HEIGHT="30" WC="0.96" CONTENT="anmäla"/><SP WIDTH="20" VPOS="319" HPOS="677"/>
							<String ID="string_31" HPOS="697" VPOS="319" WIDTH="99" HEIGHT="30" WC="0.96" CONTENT="dessa"/><SP WIDTH="21" VPOS="319" HPOS="796"/>
							<String ID="string_32" HPOS="817" VPOS="318" WIDTH="294" HEIGHT="36" WC="0.96" CONTENT="framställningar"/><SP WIDTH="18" VPOS="318" HPOS="1111"/>
							<String ID="string_33" HPOS="1129" VPOS="318" WIDTH="55" HEIGHT="30" WC="0.96" CONTENT="för"/><SP WIDTH="19" VPOS="318" HPOS="1184"/>
							<String ID="string_34" HPOS="1203" VPOS="317" WIDTH="123" HEIGHT="36" WC="0.96" CONTENT="Kungl."/><SP WIDTH="21" VPOS="317" HPOS="1326"/>
							<String ID="string_35" HPOS="1347" VPOS="315" WIDTH="130" HEIGHT="37" WC="0.84" CONTENT="Maj:t.»"/>
						</TextLine>
					</TextBlock>
				</ComposedBlock>
				<ComposedBlock ID="cblock_2" HPOS="107" VPOS="416" WIDTH="1501" HEIGHT="1129">
					<TextBlock ID="block_2" HPOS="107" VPOS="416" WIDTH="1501" HEIGHT="782">
						<TextLine ID="line_4" HPOS="153" VPOS="416" WIDTH="1452" HEIGHT="41">
							<String ID="string_36" HPOS="153" VPOS="419" WIDTH="122" HEIGHT="31" WC="0.92" CONTENT="Såsom"/><SP WIDTH="32" VPOS="419" HPOS="275"/>
							<String ID="string_37" HPOS="307" VPOS="419" WIDTH="377" HEIGHT="36" WC="0.88" CONTENT="departementschefen"/><SP WIDTH="32" VPOS="419" HPOS="684"/>
							<String ID="string_38" HPOS="716" VPOS="417" WIDTH="193" HEIGHT="32" WC="0.69" CONTENT="framhållit"/><SP WIDTH="31" VPOS="417" HPOS="909"/>
							<String ID="string_39" HPOS="940" VPOS="418" WIDTH="54" HEIGHT="39" WC="0.95" CONTENT="är"/><SP WIDTH="20" VPOS="418" HPOS="994"/>
							<String ID="string_40" HPOS="1014" VPOS="418" WIDTH="56" HEIGHT="30" WC="0.95" CONTENT="det"/><SP WIDTH="32" VPOS="418" HPOS="1070"/>
							<String ID="string_41" HPOS="1102" VPOS="416" WIDTH="242" HEIGHT="32" WC="0.95" CONTENT="företrädesvis"/><SP WIDTH="33" VPOS="416" HPOS="1344"/>
							<String ID="string_42" HPOS="1377" VPOS="420" WIDTH="126" HEIGHT="26" WC="0.93" CONTENT="tvenne"/><SP WIDTH="32" VPOS="420" HPOS="1503"/>
							<String ID="string_43" HPOS="1535" VPOS="425" WIDTH="70" HEIGHT="20" WC="0.92" CONTENT="om-"/>
						</TextLine>
						<TextLine ID="line_5" HPOS="109" VPOS="465" WIDTH="1498" HEIGHT="40">
							<String ID="string_44" HPOS="109" VPOS="469" WIDTH="232" HEIGHT="36" WC="0.92" CONTENT="ständigheter"/><SP WIDTH="26" VPOS="469" HPOS="341"/>
							<String ID="string_45" HPOS="367" VPOS="478" WIDTH="73" HEIGHT="21" WC="0.96" CONTENT="som"/><SP WIDTH="26" VPOS="478" HPOS="440"/>
							<String ID="string_46" HPOS="466" VPOS="468" WIDTH="57" HEIGHT="31" WC="0.96" CONTENT="för"/><SP WIDTH="25" VPOS="468" HPOS="523"/>
							<String ID="string_47" HPOS="548" VPOS="468" WIDTH="217" HEIGHT="31" WC="0.96" CONTENT="närvarande"/><SP WIDTH="27" VPOS="468" HPOS="765"/>
							<String ID="string_48" HPOS="792" VPOS="469" WIDTH="60" HEIGHT="29" WC="0.96" CONTENT="äro"/><SP WIDTH="26" VPOS="469" HPOS="852"/>
							<String ID="string_49" HPOS="878" VPOS="467" WIDTH="262" HEIGHT="31" WC="0.96" CONTENT="bestämmande"/><SP WIDTH="25" VPOS="467" HPOS="1140"/>
							<String ID="string_50" HPOS="1165" VPOS="467" WIDTH="56" HEIGHT="30" WC="0.96" CONTENT="för"/><SP WIDTH="27" VPOS="467" HPOS="1221"/>
							<String ID="string_51" HPOS="1248" VPOS="467" WIDTH="68" HEIGHT="30" WC="0.96" CONTENT="den"/><SP WIDTH="25" VPOS="467" HPOS="1316"/>
							<String ID="string_52" HPOS="1341" VPOS="466" WIDTH="72" HEIGHT="31" WC="0.96" CONTENT="takt"/><SP WIDTH="39" VPOS="466" HPOS="1413"/>
							<String ID="string_53" HPOS="1452" VPOS="466" WIDTH="11" HEIGHT="30" WC="0.96" CONTENT="i"/><SP WIDTH="29" VPOS="466" HPOS="1463"/>
							<String ID="string_54" HPOS="1492" VPOS="465" WIDTH="115" HEIGHT="31" WC="0.96" CONTENT="vilken"/>
						</TextLine>
						<TextLine ID="line_6" HPOS="107" VPOS="515" WIDTH="1501" HEIGHT="39">
							<String ID="string_55" HPOS="107" VPOS="517" WIDTH="289" HEIGHT="37" WC="0.96" CONTENT="elektrifieringen"/><SP WIDTH="25" VPOS="517" HPOS="396"/>
							<String ID="string_56" HPOS="421" VPOS="517" WIDTH="46" HEIGHT="37" WC="0.96" CONTENT="på"/><SP WIDTH="24" VPOS="517" HPOS="467"/>
							<String ID="string_57" HPOS="491" VPOS="518" WIDTH="237" HEIGHT="36" WC="0.96" CONTENT="landsbygden"/><SP WIDTH="25" VPOS="518" HPOS="728"/>
							<String ID="string_58" HPOS="753" VPOS="518" WIDTH="71" HEIGHT="30" WC="0.96" CONTENT="kan"/><SP WIDTH="27" VPOS="518" HPOS="824"/>
							<String ID="string_59" HPOS="851" VPOS="516" WIDTH="121" HEIGHT="38" WC="0.96" CONTENT="fortgå."/><SP WIDTH="28" VPOS="516" HPOS="972"/>
							<String ID="string_60" HPOS="1000" VPOS="516" WIDTH="74" HEIGHT="31" WC="0.96" CONTENT="Den"/><SP WIDTH="25" VPOS="516" HPOS="1074"/>
							<String ID="string_61" HPOS="1099" VPOS="516" WIDTH="270" HEIGHT="31" WC="0.96" CONTENT="förhållandevis"/><SP WIDTH="26" VPOS="516" HPOS="1369"/>
							<String ID="string_62" HPOS="1395" VPOS="515" WIDTH="213" HEIGHT="37" WC="0.96" CONTENT="begränsade"/>
						</TextLine>
						<TextLine ID="line_7" HPOS="108" VPOS="564" WIDTH="1498" HEIGHT="40">
							<String ID="string_63" HPOS="108" VPOS="566" WIDTH="185" HEIGHT="38" WC="0.96" CONTENT="tillgången"/><SP WIDTH="26" VPOS="566" HPOS="293"/>
							<String ID="string_64" HPOS="319" VPOS="567" WIDTH="46" HEIGHT="37" WC="0.96" CONTENT="på"/><SP WIDTH="23" VPOS="567" HPOS="365"/>
							<String ID="string_65" HPOS="388" VPOS="568" WIDTH="136" HEIGHT="36" WC="0.96" CONTENT="koppar"/><SP WIDTH="25" VPOS="568" HPOS="524"/>
							<String ID="string_66" HPOS="549" VPOS="568" WIDTH="64" HEIGHT="30" WC="0.96" CONTENT="och"/><SP WIDTH="26" VPOS="568" HPOS="613"/>
							<String ID="string_67" HPOS="639" VPOS="577" WIDTH="117" HEIGHT="21" WC="0.96" CONTENT="annan"/><SP WIDTH="28" VPOS="577" HPOS="756"/>
							<String ID="string_68" HPOS="784" VPOS="567" WIDTH="54" HEIGHT="30" WC="0.96" CONTENT="för"/><SP WIDTH="26" VPOS="567" HPOS="838"/>
							<String ID="string_69" HPOS="864" VPOS="566" WIDTH="246" HEIGHT="36" WC="0.96" CONTENT="elektrifiering"/><SP WIDTH="23" VPOS="566" HPOS="1110"/>
							<String ID="string_70" HPOS="1133" VPOS="566" WIDTH="202" HEIGHT="36" WC="0.96" CONTENT="erforderlig"/><SP WIDTH="25" VPOS="566" HPOS="1335"/>
							<String ID="string_71" HPOS="1360" VPOS="564" WIDTH="154" HEIGHT="32" WC="0.93" CONTENT="materiel"/><SP WIDTH="25" VPOS="564" HPOS="1514"/>
							<String ID="string_72" HPOS="1539" VPOS="565" WIDTH="67" HEIGHT="30" WC="0.93" CONTENT="för-"/>
						</TextLine>
						<TextLine ID="line_8" HPOS="108" VPOS="614" WIDTH="1500" HEIGHT="34">
							<String ID="string_73" HPOS="108" VPOS="617" WIDTH="139" HEIGHT="31" WC="0.92" CONTENT="anleder"/><SP WIDTH="22" VPOS="617" HPOS="247"/>
							<String ID="string_74" HPOS="269" VPOS="617" WIDTH="145" HEIGHT="31" WC="0.96" CONTENT="sålunda"/><SP WIDTH="22" VPOS="617" HPOS="414"/>
							<String ID="string_75" HPOS="436" VPOS="626" WIDTH="43" HEIGHT="21" WC="0.96" CONTENT="en"/><SP WIDTH="22" VPOS="626" HPOS="479"/>
							<String ID="string_76" HPOS="501" VPOS="617" WIDTH="68" HEIGHT="30" WC="0.96" CONTENT="viss"/><SP WIDTH="23" VPOS="617" HPOS="569"/>
							<String ID="string_77" HPOS="592" VPOS="616" WIDTH="281" HEIGHT="31" WC="0.96" CONTENT="återhållsamhet"/><SP WIDTH="22" VPOS="616" HPOS="873"/>
							<String ID="string_78" HPOS="895" VPOS="617" WIDTH="66" HEIGHT="30" WC="0.96" CONTENT="och"/><SP WIDTH="23" VPOS="617" HPOS="961"/>
							<String ID="string_79" HPOS="984" VPOS="615" WIDTH="110" HEIGHT="31" WC="0.93" CONTENT="likaså"/><SP WIDTH="22" VPOS="615" HPOS="1094"/>
							<String ID="string_80" HPOS="1116" VPOS="615" WIDTH="278" HEIGHT="31" WC="0.92" CONTENT="önskvärdheten"/><SP WIDTH="21" VPOS="615" HPOS="1394"/>
							<String ID="string_81" HPOS="1415" VPOS="624" WIDTH="44" HEIGHT="21" WC="0.96" CONTENT="av"/><SP WIDTH="23" VPOS="624" HPOS="1459"/>
							<String ID="string_82" HPOS="1482" VPOS="618" WIDTH="50" HEIGHT="27" WC="0.96" CONTENT="att"/><SP WIDTH="22" VPOS="618" HPOS="1532"/>
							<String ID="string_83" HPOS="1554" VPOS="614" WIDTH="54" HEIGHT="31" WC="0.96" CONTENT="för"/>
						</TextLine>
						<TextLine ID="line_9" HPOS="107" VPOS="664" WIDTH="1499" HEIGHT="37">
							<String ID="string_84" HPOS="107" VPOS="666" WIDTH="199" HEIGHT="31" WC="0.95" CONTENT="ändamålet"/><SP WIDTH="22" VPOS="666" HPOS="306"/>
							<String ID="string_85" HPOS="328" VPOS="667" WIDTH="74" HEIGHT="30" WC="0.96" CONTENT="icke"/><SP WIDTH="23" VPOS="667" HPOS="402"/>
							<String ID="string_86" HPOS="425" VPOS="666" WIDTH="175" HEIGHT="32" WC="0.96" CONTENT="användes"/><SP WIDTH="25" VPOS="666" HPOS="600"/>
							<String ID="string_87" HPOS="625" VPOS="666" WIDTH="156" HEIGHT="30" WC="0.96" CONTENT="materiel"/><SP WIDTH="23" VPOS="666" HPOS="781"/>
							<String ID="string_88" HPOS="804" VPOS="675" WIDTH="43" HEIGHT="21" WC="0.96" CONTENT="av"/><SP WIDTH="22" VPOS="675" HPOS="847"/>
							<String ID="string_89" HPOS="869" VPOS="665" WIDTH="108" HEIGHT="31" WC="0.96" CONTENT="sådan"/><SP WIDTH="25" VPOS="665" HPOS="977"/>
							<String ID="string_90" HPOS="1002" VPOS="665" WIDTH="182" HEIGHT="36" WC="0.95" CONTENT="bristfällig"/><SP WIDTH="26" VPOS="665" HPOS="1184"/>
							<String ID="string_91" HPOS="1210" VPOS="664" WIDTH="244" HEIGHT="31" WC="0.96" CONTENT="beskaffenhet"/><SP WIDTH="23" VPOS="664" HPOS="1454"/>
							<String ID="string_92" HPOS="1477" VPOS="668" WIDTH="49" HEIGHT="28" WC="0.93" CONTENT="att"/><SP WIDTH="23" VPOS="668" HPOS="1526"/>
							<String ID="string_93" HPOS="1549" VPOS="674" WIDTH="57" HEIGHT="21" WC="0.92" CONTENT="an-"/>
						</TextLine>
						<TextLine ID="line_10" HPOS="107" VPOS="714" WIDTH="1499" HEIGHT="38">
							<String ID="string_94" HPOS="107" VPOS="716" WIDTH="247" HEIGHT="36" WC="0.90" CONTENT="läggningarna"/><SP WIDTH="18" VPOS="716" HPOS="354"/>
							<String ID="string_95" HPOS="372" VPOS="716" WIDTH="186" HEIGHT="31" WC="0.91" CONTENT="framdeles"/><SP WIDTH="19" VPOS="716" HPOS="558"/>
							<String ID="string_96" HPOS="577" VPOS="715" WIDTH="108" HEIGHT="31" WC="0.93" CONTENT="måste"/><SP WIDTH="19" VPOS="715" HPOS="685"/>
							<String ID="string_97" HPOS="704" VPOS="716" WIDTH="175" HEIGHT="36" WC="0.92" CONTENT="omläggas"/><SP WIDTH="19" VPOS="716" HPOS="879"/>
							<String ID="string_98" HPOS="898" VPOS="716" WIDTH="80" HEIGHT="29" WC="0.96" CONTENT="med"/><SP WIDTH="20" VPOS="716" HPOS="978"/>
							<String ID="string_99" HPOS="998" VPOS="715" WIDTH="107" HEIGHT="30" WC="0.96" CONTENT="därav"/><SP WIDTH="17" VPOS="715" HPOS="1105"/>
							<String ID="string_100" HPOS="1122" VPOS="714" WIDTH="156" HEIGHT="36" WC="0.96" CONTENT="följande"/><SP WIDTH="20" VPOS="714" HPOS="1278"/>
							<String ID="string_101" HPOS="1298" VPOS="718" WIDTH="93" HEIGHT="26" WC="0.96" CONTENT="extra"/><SP WIDTH="19" VPOS="718" HPOS="1391"/>
							<String ID="string_102" HPOS="1410" VPOS="714" WIDTH="196" HEIGHT="30" WC="0.96" CONTENT="kostnader."/>
						</TextLine>
						<TextLine ID="line_11" HPOS="108" VPOS="763" WIDTH="1498" HEIGHT="38">
							<String ID="string_103" HPOS="108" VPOS="764" WIDTH="51" HEIGHT="32" WC="0.96" CONTENT="Då"/><SP WIDTH="23" VPOS="764" HPOS="159"/>
							<String ID="string_104" HPOS="182" VPOS="765" WIDTH="190" HEIGHT="31" WC="0.93" CONTENT="emellertid"/><SP WIDTH="23" VPOS="765" HPOS="372"/>
							<String ID="string_105" HPOS="395" VPOS="765" WIDTH="380" HEIGHT="36" WC="0.92" CONTENT="departementschefen"/><SP WIDTH="24" VPOS="765" HPOS="775"/>
							<String ID="string_106" HPOS="799" VPOS="765" WIDTH="124" HEIGHT="30" WC="0.96" CONTENT="räknat"/><SP WIDTH="25" VPOS="765" HPOS="923"/>
							<String ID="string_107" HPOS="948" VPOS="764" WIDTH="81" HEIGHT="31" WC="0.95" CONTENT="med"/><SP WIDTH="23" VPOS="764" HPOS="1029"/>
							<String ID="string_108" HPOS="1052" VPOS="767" WIDTH="49" HEIGHT="28" WC="0.92" CONTENT="att"/><SP WIDTH="22" VPOS="767" HPOS="1101"/>
							<String ID="string_109" HPOS="1123" VPOS="763" WIDTH="483" HEIGHT="37" WC="0.90" CONTENT="elektrifieringsverksamhe-"/>
						</TextLine>
						<TextLine ID="line_12" HPOS="108" VPOS="813" WIDTH="1499" HEIGHT="38">
							<String ID="string_110" HPOS="108" VPOS="819" WIDTH="56" HEIGHT="26" WC="0.96" CONTENT="ten"/><SP WIDTH="23" VPOS="819" HPOS="164"/>
							<String ID="string_111" HPOS="187" VPOS="815" WIDTH="112" HEIGHT="30" WC="0.96" CONTENT="under"/><SP WIDTH="25" VPOS="815" HPOS="299"/>
							<String ID="string_112" HPOS="324" VPOS="815" WIDTH="98" HEIGHT="31" WC="0.96" CONTENT="nästa"/><SP WIDTH="23" VPOS="815" HPOS="422"/>
							<String ID="string_113" HPOS="445" VPOS="814" WIDTH="167" HEIGHT="37" WC="0.96" CONTENT="budgetår"/><SP WIDTH="24" VPOS="814" HPOS="612"/>
							<String ID="string_114" HPOS="636" VPOS="815" WIDTH="88" HEIGHT="30" WC="0.95" CONTENT="skall"/><SP WIDTH="28" VPOS="815" HPOS="724"/>
							<String ID="string_115" HPOS="752" VPOS="815" WIDTH="119" HEIGHT="30" WC="0.95" CONTENT="kunna"/><SP WIDTH="25" VPOS="815" HPOS="871"/>
							<String ID="string_116" HPOS="896" VPOS="814" WIDTH="160" HEIGHT="31" WC="0.95" CONTENT="bedrivas"/><SP WIDTH="25" VPOS="814" HPOS="1056"/>
							<String ID="string_117" HPOS="1081" VPOS="813" WIDTH="10" HEIGHT="30" WC="0.96" CONTENT="i"/><SP WIDTH="23" VPOS="813" HPOS="1091"/>
							<String ID="string_118" HPOS="1114" VPOS="813" WIDTH="237" HEIGHT="37" WC="0.96" CONTENT="ungefärligen"/><SP WIDTH="26" VPOS="813" HPOS="1351"/>
							<String ID="string_119" HPOS="1377" VPOS="823" WIDTH="135" HEIGHT="21" WC="0.92" CONTENT="samma"/><SP WIDTH="25" VPOS="823" HPOS="1512"/>
							<String ID="string_120" HPOS="1537" VPOS="822" WIDTH="70" HEIGHT="21" WC="0.92" CONTENT="om-"/>
						</TextLine>
						<TextLine ID="line_13" HPOS="109" VPOS="863" WIDTH="1499" HEIGHT="38">
							<String ID="string_121" HPOS="109" VPOS="864" WIDTH="148" HEIGHT="37" WC="0.96" CONTENT="fattning"/><SP WIDTH="19" VPOS="864" HPOS="257"/>
							<String ID="string_122" HPOS="276" VPOS="874" WIDTH="74" HEIGHT="21" WC="0.96" CONTENT="som"/><SP WIDTH="20" VPOS="874" HPOS="350"/>
							<String ID="string_123" HPOS="370" VPOS="864" WIDTH="119" HEIGHT="31" WC="0.95" CONTENT="hittills"/><SP WIDTH="21" VPOS="864" HPOS="489"/>
							<String ID="string_124" HPOS="510" VPOS="865" WIDTH="65" HEIGHT="29" WC="0.96" CONTENT="och"/><SP WIDTH="19" VPOS="865" HPOS="575"/>
							<String ID="string_125" HPOS="594" VPOS="868" WIDTH="47" HEIGHT="26" WC="0.96" CONTENT="att"/><SP WIDTH="19" VPOS="868" HPOS="641"/>
							<String ID="string_126" HPOS="660" VPOS="864" WIDTH="122" HEIGHT="30" WC="0.96" CONTENT="härför"/><SP WIDTH="20" VPOS="864" HPOS="782"/>
							<String ID="string_127" HPOS="802" VPOS="864" WIDTH="95" HEIGHT="30" WC="0.96" CONTENT="torde"/><SP WIDTH="19" VPOS="864" HPOS="897"/>
							<String ID="string_128" HPOS="916" VPOS="863" WIDTH="175" HEIGHT="31" WC="0.96" CONTENT="erfordras"/><SP WIDTH="21" VPOS="863" HPOS="1091"/>
							<String ID="string_129" HPOS="1112" VPOS="863" WIDTH="185" HEIGHT="31" WC="0.96" CONTENT="enahanda"/><SP WIDTH="17" VPOS="863" HPOS="1297"/>
							<String ID="string_130" HPOS="1314" VPOS="864" WIDTH="124" HEIGHT="36" WC="0.96" CONTENT="belopp"/><SP WIDTH="21" VPOS="864" HPOS="1438"/>
							<String ID="string_131" HPOS="1459" VPOS="872" WIDTH="75" HEIGHT="21" WC="0.96" CONTENT="som"/><SP WIDTH="20" VPOS="872" HPOS="1534"/>
							<String ID="string_132" HPOS="1554" VPOS="863" WIDTH="54" HEIGHT="30" WC="0.96" CONTENT="för"/>
						</TextLine>
						<TextLine ID="line_14" HPOS="107" VPOS="912" WIDTH="1500" HEIGHT="38">
							<String ID="string_133" HPOS="107" VPOS="914" WIDTH="235" HEIGHT="31" WC="0.95" CONTENT="innevarande"/><SP WIDTH="19" VPOS="914" HPOS="342"/>
							<String ID="string_134" HPOS="361" VPOS="913" WIDTH="176" HEIGHT="37" WC="0.96" CONTENT="budgetår,"/><SP WIDTH="23" VPOS="913" HPOS="537"/>
							<String ID="string_135" HPOS="560" VPOS="913" WIDTH="57" HEIGHT="30" WC="0.96" CONTENT="vill"/><SP WIDTH="20" VPOS="913" HPOS="617"/>
							<String ID="string_136" HPOS="637" VPOS="915" WIDTH="166" HEIGHT="30" WC="0.96" CONTENT="utskottet"/><SP WIDTH="20" VPOS="915" HPOS="803"/>
							<String ID="string_137" HPOS="823" VPOS="913" WIDTH="171" HEIGHT="37" WC="0.93" CONTENT="tillstyrka"/><SP WIDTH="21" VPOS="913" HPOS="994"/>
							<String ID="string_138" HPOS="1015" VPOS="912" WIDTH="186" HEIGHT="32" WC="0.90" CONTENT="anvisande"/><SP WIDTH="22" VPOS="912" HPOS="1201"/>
							<String ID="string_139" HPOS="1223" VPOS="922" WIDTH="43" HEIGHT="21" WC="0.93" CONTENT="av"/><SP WIDTH="20" VPOS="922" HPOS="1266"/>
							<String ID="string_140" HPOS="1286" VPOS="913" WIDTH="128" HEIGHT="30" WC="0.91" CONTENT="äskade"/><SP WIDTH="19" VPOS="913" HPOS="1414"/>
							<String ID="string_141" HPOS="1433" VPOS="913" WIDTH="19" HEIGHT="29" WC="0.96" CONTENT="4"/><SP WIDTH="15" VPOS="913" HPOS="1452"/>
							<String ID="string_142" HPOS="1467" VPOS="913" WIDTH="63" HEIGHT="30" WC="0.95" CONTENT="000"/><SP WIDTH="15" VPOS="913" HPOS="1530"/>
							<String ID="string_143" HPOS="1545" VPOS="913" WIDTH="62" HEIGHT="29" WC="0.96" CONTENT="000"/>
						</TextLine>
						<TextLine ID="line_15" HPOS="109" VPOS="962" WIDTH="1499" HEIGHT="37">
							<String ID="string_144" HPOS="109" VPOS="964" WIDTH="136" HEIGHT="30" WC="0.96" CONTENT="kronor."/><SP WIDTH="33" VPOS="964" HPOS="245"/>
							<String ID="string_145" HPOS="278" VPOS="963" WIDTH="224" HEIGHT="31" WC="0.93" CONTENT="Beträffande"/><SP WIDTH="32" VPOS="963" HPOS="502"/>
							<String ID="string_146" HPOS="534" VPOS="963" WIDTH="274" HEIGHT="30" WC="0.91" CONTENT="motionärernas"/><SP WIDTH="29" VPOS="963" HPOS="808"/>
							<String ID="string_147" HPOS="837" VPOS="963" WIDTH="156" HEIGHT="36" WC="0.97" CONTENT="yrkande"/><SP WIDTH="30" VPOS="963" HPOS="993"/>
							<String ID="string_148" HPOS="1023" VPOS="972" WIDTH="57" HEIGHT="20" WC="0.96" CONTENT="om"/><SP WIDTH="30" VPOS="972" HPOS="1080"/>
							<String ID="string_149" HPOS="1110" VPOS="963" WIDTH="170" HEIGHT="36" WC="0.95" CONTENT="anslagets"/><SP WIDTH="31" VPOS="963" HPOS="1280"/>
							<String ID="string_150" HPOS="1311" VPOS="962" WIDTH="160" HEIGHT="37" WC="0.96" CONTENT="höjande,"/><SP WIDTH="33" VPOS="962" HPOS="1471"/>
							<String ID="string_151" HPOS="1504" VPOS="962" WIDTH="104" HEIGHT="30" WC="0.94" CONTENT="vilket"/>
						</TextLine>
						<TextLine ID="line_16" HPOS="108" VPOS="1011" WIDTH="1499" HEIGHT="38">
							<String ID="string_152" HPOS="108" VPOS="1013" WIDTH="164" HEIGHT="30" WC="0.96" CONTENT="utskottet"/><SP WIDTH="19" VPOS="1013" HPOS="272"/>
							<String ID="string_153" HPOS="291" VPOS="1013" WIDTH="12" HEIGHT="30" WC="0.96" CONTENT="i"/><SP WIDTH="20" VPOS="1013" HPOS="303"/>
							<String ID="string_154" HPOS="323" VPOS="1013" WIDTH="200" HEIGHT="30" WC="0.96" CONTENT="nuvarande"/><SP WIDTH="22" VPOS="1013" HPOS="523"/>
							<String ID="string_155" HPOS="545" VPOS="1013" WIDTH="74" HEIGHT="36" WC="0.96" CONTENT="läge"/><SP WIDTH="21" VPOS="1013" HPOS="619"/>
							<String ID="string_156" HPOS="640" VPOS="1013" WIDTH="75" HEIGHT="30" WC="0.96" CONTENT="icke"/><SP WIDTH="22" VPOS="1013" HPOS="715"/>
							<String ID="string_157" HPOS="737" VPOS="1022" WIDTH="100" HEIGHT="21" WC="0.96" CONTENT="anser"/><SP WIDTH="22" VPOS="1022" HPOS="837"/>
							<String ID="string_158" HPOS="859" VPOS="1011" WIDTH="49" HEIGHT="38" WC="0.96" CONTENT="sig"/><SP WIDTH="20" VPOS="1011" HPOS="908"/>
							<String ID="string_159" HPOS="928" VPOS="1013" WIDTH="121" HEIGHT="29" WC="0.96" CONTENT="kunna"/><SP WIDTH="21" VPOS="1013" HPOS="1049"/>
							<String ID="string_160" HPOS="1070" VPOS="1011" WIDTH="145" HEIGHT="37" WC="0.96" CONTENT="biträda,"/><SP WIDTH="24" VPOS="1011" HPOS="1215"/>
							<String ID="string_161" HPOS="1239" VPOS="1011" WIDTH="59" HEIGHT="30" WC="0.96" CONTENT="vill"/><SP WIDTH="20" VPOS="1011" HPOS="1298"/>
							<String ID="string_162" HPOS="1318" VPOS="1012" WIDTH="164" HEIGHT="30" WC="0.93" CONTENT="utskottet"/><SP WIDTH="21" VPOS="1012" HPOS="1482"/>
							<String ID="string_163" HPOS="1503" VPOS="1011" WIDTH="104" HEIGHT="31" WC="0.90" CONTENT="fram-"/>
						</TextLine>
						<TextLine ID="line_17" HPOS="109" VPOS="1061" WIDTH="1497" HEIGHT="37">
							<String ID="string_164" HPOS="109" VPOS="1062" WIDTH="92" HEIGHT="31" WC="0.96" CONTENT="hålla"/><SP WIDTH="25" VPOS="1062" HPOS="201"/>
							<String ID="string_165" HPOS="226" VPOS="1066" WIDTH="50" HEIGHT="28" WC="0.93" CONTENT="att"/><SP WIDTH="26" VPOS="1066" HPOS="276"/>
							<String ID="string_166" HPOS="302" VPOS="1080" WIDTH="45" HEIGHT="4" WC="0.91" CONTENT="—"/><SP WIDTH="23" VPOS="1080" HPOS="347"/>
							<String ID="string_167" HPOS="370" VPOS="1062" WIDTH="113" HEIGHT="30" WC="0.96" CONTENT="därest"/><SP WIDTH="26" VPOS="1062" HPOS="483"/>
							<String ID="string_168" HPOS="509" VPOS="1062" WIDTH="56" HEIGHT="30" WC="0.96" CONTENT="det"/><SP WIDTH="25" VPOS="1062" HPOS="565"/>
							<String ID="string_169" HPOS="590" VPOS="1062" WIDTH="116" HEIGHT="36" WC="0.96" CONTENT="längre"/><SP WIDTH="26" VPOS="1062" HPOS="706"/>
							<String ID="string_170" HPOS="732" VPOS="1062" WIDTH="93" HEIGHT="30" WC="0.96" CONTENT="fram"/><SP WIDTH="26" VPOS="1062" HPOS="825"/>
							<String ID="string_171" HPOS="851" VPOS="1062" WIDTH="110" HEIGHT="30" WC="0.96" CONTENT="skulle"/><SP WIDTH="27" VPOS="1062" HPOS="961"/>
							<String ID="string_172" HPOS="988" VPOS="1061" WIDTH="73" HEIGHT="31" WC="0.96" CONTENT="visa"/><SP WIDTH="26" VPOS="1061" HPOS="1061"/>
							<String ID="string_173" HPOS="1087" VPOS="1061" WIDTH="49" HEIGHT="36" WC="0.96" CONTENT="sig"/><SP WIDTH="26" VPOS="1061" HPOS="1136"/>
							<String ID="string_174" HPOS="1162" VPOS="1061" WIDTH="137" HEIGHT="37" WC="0.96" CONTENT="möjligt"/><SP WIDTH="24" VPOS="1061" HPOS="1299"/>
							<String ID="string_175" HPOS="1323" VPOS="1064" WIDTH="48" HEIGHT="27" WC="0.96" CONTENT="att"/><SP WIDTH="24" VPOS="1064" HPOS="1371"/>
							<String ID="string_176" HPOS="1395" VPOS="1065" WIDTH="86" HEIGHT="27" WC="0.93" CONTENT="utan"/><SP WIDTH="27" VPOS="1065" HPOS="1481"/>
							<String ID="string_177" HPOS="1508" VPOS="1061" WIDTH="98" HEIGHT="30" WC="0.92" CONTENT="efter-"/>
						</TextLine>
						<TextLine ID="line_18" HPOS="108" VPOS="1111" WIDTH="1499" HEIGHT="37">
							<String ID="string_178" HPOS="108" VPOS="1111" WIDTH="138" HEIGHT="31" WC="0.91" CONTENT="låtande"/><SP WIDTH="25" VPOS="1111" HPOS="246"/>
							<String ID="string_179" HPOS="271" VPOS="1122" WIDTH="43" HEIGHT="20" WC="0.93" CONTENT="av"/><SP WIDTH="22" VPOS="1122" HPOS="314"/>
							<String ID="string_180" HPOS="336" VPOS="1111" WIDTH="249" HEIGHT="31" WC="0.91" CONTENT="förutnämnda"/><SP WIDTH="24" VPOS="1111" HPOS="585"/>
							<String ID="string_181" HPOS="609" VPOS="1112" WIDTH="215" HEIGHT="36" WC="0.96" CONTENT="synpunkter"/><SP WIDTH="25" VPOS="1112" HPOS="824"/>
							<String ID="string_182" HPOS="849" VPOS="1111" WIDTH="101" HEIGHT="36" WC="0.96" CONTENT="vidga"/><SP WIDTH="25" VPOS="1111" HPOS="950"/>
							<String ID="string_183" HPOS="975" VPOS="1111" WIDTH="263" HEIGHT="30" WC="0.93" CONTENT="verksamheten"/><SP WIDTH="23" VPOS="1111" HPOS="1238"/>
							<String ID="string_184" HPOS="1261" VPOS="1128" WIDTH="45" HEIGHT="3" WC="0.92" CONTENT="—"/><SP WIDTH="24" VPOS="1128" HPOS="1306"/>
							<String ID="string_185" HPOS="1330" VPOS="1111" WIDTH="194" HEIGHT="36" WC="0.91" CONTENT="ytterligare"/><SP WIDTH="26" VPOS="1111" HPOS="1524"/>
							<String ID="string_186" HPOS="1550" VPOS="1120" WIDTH="57" HEIGHT="21" WC="0.91" CONTENT="an-"/>
						</TextLine>
						<TextLine ID="line_19" HPOS="108" VPOS="1161" WIDTH="735" HEIGHT="37">
							<String ID="string_187" HPOS="108" VPOS="1162" WIDTH="71" HEIGHT="36" WC="0.96" CONTENT="slag"/><SP WIDTH="23" VPOS="1162" HPOS="179"/>
							<String ID="string_188" HPOS="202" VPOS="1161" WIDTH="97" HEIGHT="31" WC="0.96" CONTENT="torde"/><SP WIDTH="24" VPOS="1161" HPOS="299"/>
							<String ID="string_189" HPOS="323" VPOS="1162" WIDTH="84" HEIGHT="30" WC="0.96" CONTENT="böra"/><SP WIDTH="21" VPOS="1162" HPOS="407"/>
							<String ID="string_190" HPOS="428" VPOS="1161" WIDTH="138" HEIGHT="31" WC="0.93" CONTENT="anvisas"/><SP WIDTH="23" VPOS="1161" HPOS="566"/>
							<String ID="string_191" HPOS="589" VPOS="1161" WIDTH="20" HEIGHT="31" WC="0.89" CONTENT="å"/><SP WIDTH="23" VPOS="1161" HPOS="609"/>
							<String ID="string_192" HPOS="632" VPOS="1161" WIDTH="211" HEIGHT="36" WC="0.89" CONTENT="tilläggsstat."/>
						</TextLine>
					</TextBlock>
					<TextBlock ID="block_3" HPOS="107" VPOS="1209" WIDTH="1500" HEIGHT="287">
						<TextLine ID="line_20" HPOS="152" VPOS="1209" WIDTH="1453" HEIGHT="38">
							<String ID="string_193" HPOS="152" VPOS="1211" WIDTH="64" HEIGHT="30" WC="0.93" CONTENT="Det"/><SP WIDTH="20" VPOS="1211" HPOS="216"/>
							<String ID="string_194" HPOS="236" VPOS="1210" WIDTH="200" HEIGHT="31" WC="0.91" CONTENT="motionsvis"/><SP WIDTH="22" VPOS="1210" HPOS="436"/>
							<String ID="string_195" HPOS="458" VPOS="1210" WIDTH="218" HEIGHT="31" WC="0.96" CONTENT="framställda"/><SP WIDTH="21" VPOS="1210" HPOS="676"/>
							<String ID="string_196" HPOS="697" VPOS="1210" WIDTH="164" HEIGHT="37" WC="0.96" CONTENT="förslaget"/><SP WIDTH="20" VPOS="1210" HPOS="861"/>
							<String ID="string_197" HPOS="881" VPOS="1220" WIDTH="56" HEIGHT="20" WC="0.93" CONTENT="om"/><SP WIDTH="24" VPOS="1220" HPOS="937"/>
							<String ID="string_198" HPOS="961" VPOS="1209" WIDTH="181" HEIGHT="32" WC="0.92" CONTENT="avlåtande"/><SP WIDTH="20" VPOS="1209" HPOS="1142"/>
							<String ID="string_199" HPOS="1162" VPOS="1219" WIDTH="43" HEIGHT="21" WC="0.96" CONTENT="av"/><SP WIDTH="23" VPOS="1219" HPOS="1205"/>
							<String ID="string_200" HPOS="1228" VPOS="1210" WIDTH="162" HEIGHT="30" WC="0.95" CONTENT="skrivelse"/><SP WIDTH="22" VPOS="1210" HPOS="1390"/>
							<String ID="string_201" HPOS="1412" VPOS="1210" WIDTH="50" HEIGHT="30" WC="0.96" CONTENT="till"/><SP WIDTH="23" VPOS="1210" HPOS="1462"/>
							<String ID="string_202" HPOS="1485" VPOS="1210" WIDTH="120" HEIGHT="35" WC="0.95" CONTENT="Kungl."/>
						</TextLine>
						<TextLine ID="line_21" HPOS="108" VPOS="1259" WIDTH="1498" HEIGHT="38">
							<String ID="string_203" HPOS="108" VPOS="1259" WIDTH="100" HEIGHT="38" WC="0.96" CONTENT="Maj:t"/><SP WIDTH="24" VPOS="1259" HPOS="208"/>
							<String ID="string_204" HPOS="232" VPOS="1260" WIDTH="178" HEIGHT="37" WC="0.96" CONTENT="angående"/><SP WIDTH="24" VPOS="1260" HPOS="410"/>
							<String ID="string_205" HPOS="434" VPOS="1260" WIDTH="148" HEIGHT="36" WC="0.96" CONTENT="ändring"/><SP WIDTH="23" VPOS="1260" HPOS="582"/>
							<String ID="string_206" HPOS="605" VPOS="1260" WIDTH="10" HEIGHT="30" WC="0.96" CONTENT="i"/><SP WIDTH="23" VPOS="1260" HPOS="615"/>
							<String ID="string_207" HPOS="638" VPOS="1260" WIDTH="275" HEIGHT="30" WC="0.96" CONTENT="hittillsvarande"/><SP WIDTH="25" VPOS="1260" HPOS="913"/>
							<String ID="string_208" HPOS="938" VPOS="1259" WIDTH="150" HEIGHT="37" WC="0.96" CONTENT="grunder"/><SP WIDTH="24" VPOS="1259" HPOS="1088"/>
							<String ID="string_209" HPOS="1112" VPOS="1260" WIDTH="55" HEIGHT="30" WC="0.96" CONTENT="för"/><SP WIDTH="24" VPOS="1260" HPOS="1167"/>
							<String ID="string_210" HPOS="1191" VPOS="1259" WIDTH="190" HEIGHT="37" WC="0.96" CONTENT="tilldelning"/><SP WIDTH="25" VPOS="1259" HPOS="1381"/>
							<String ID="string_211" HPOS="1406" VPOS="1269" WIDTH="43" HEIGHT="21" WC="0.92" CONTENT="av"/><SP WIDTH="25" VPOS="1269" HPOS="1449"/>
							<String ID="string_212" HPOS="1474" VPOS="1260" WIDTH="132" HEIGHT="30" WC="0.92" CONTENT="elektri-"/>
						</TextLine>
						<TextLine ID="line_22" HPOS="108" VPOS="1308" WIDTH="1498" HEIGHT="39">
							<String ID="string_213" HPOS="108" VPOS="1309" WIDTH="265" HEIGHT="37" WC="0.92" CONTENT="fieringsbidrag"/><SP WIDTH="24" VPOS="1309" HPOS="373"/>
							<String ID="string_214" HPOS="397" VPOS="1319" WIDTH="100" HEIGHT="28" WC="0.96" CONTENT="synes"/><SP WIDTH="25" VPOS="1319" HPOS="497"/>
							<String ID="string_215" HPOS="522" VPOS="1310" WIDTH="165" HEIGHT="30" WC="0.96" CONTENT="utskottet"/><SP WIDTH="26" VPOS="1310" HPOS="687"/>
							<String ID="string_216" HPOS="713" VPOS="1309" WIDTH="77" HEIGHT="31" WC="0.96" CONTENT="icke"/><SP WIDTH="24" VPOS="1309" HPOS="790"/>
							<String ID="string_217" HPOS="814" VPOS="1310" WIDTH="84" HEIGHT="30" WC="0.96" CONTENT="böra"/><SP WIDTH="25" VPOS="1310" HPOS="898"/>
							<String ID="string_218" HPOS="923" VPOS="1309" WIDTH="182" HEIGHT="31" WC="0.96" CONTENT="föranleda"/><SP WIDTH="26" VPOS="1309" HPOS="1105"/>
							<String ID="string_219" HPOS="1131" VPOS="1308" WIDTH="115" HEIGHT="37" WC="0.96" CONTENT="någon"/><SP WIDTH="26" VPOS="1308" HPOS="1246"/>
							<String ID="string_220" HPOS="1272" VPOS="1308" WIDTH="118" HEIGHT="37" WC="0.96" CONTENT="åtgärd"/><SP WIDTH="26" VPOS="1308" HPOS="1390"/>
							<String ID="string_221" HPOS="1416" VPOS="1308" WIDTH="80" HEIGHT="31" WC="0.93" CONTENT="från"/><SP WIDTH="26" VPOS="1308" HPOS="1496"/>
							<String ID="string_222" HPOS="1522" VPOS="1309" WIDTH="84" HEIGHT="30" WC="0.91" CONTENT="riks-"/>
						</TextLine>
						<TextLine ID="line_23" HPOS="108" VPOS="1358" WIDTH="1498" HEIGHT="38">
							<String ID="string_223" HPOS="108" VPOS="1360" WIDTH="126" HEIGHT="36" WC="0.96" CONTENT="dagens"/><SP WIDTH="20" VPOS="1360" HPOS="234"/>
							<String ID="string_224" HPOS="254" VPOS="1359" WIDTH="84" HEIGHT="36" WC="0.96" CONTENT="sida,"/><SP WIDTH="19" VPOS="1359" HPOS="338"/>
							<String ID="string_225" HPOS="357" VPOS="1359" WIDTH="162" HEIGHT="30" WC="0.96" CONTENT="eftersom"/><SP WIDTH="20" VPOS="1359" HPOS="519"/>
							<String ID="string_226" HPOS="539" VPOS="1359" WIDTH="239" HEIGHT="31" WC="0.96" CONTENT="erfarenheten"/><SP WIDTH="18" VPOS="1359" HPOS="778"/>
							<String ID="string_227" HPOS="796" VPOS="1359" WIDTH="94" HEIGHT="30" WC="0.96" CONTENT="torde"/><SP WIDTH="18" VPOS="1359" HPOS="890"/>
							<String ID="string_228" HPOS="908" VPOS="1360" WIDTH="46" HEIGHT="29" WC="0.95" CONTENT="ha"/><SP WIDTH="19" VPOS="1360" HPOS="954"/>
							<String ID="string_229" HPOS="973" VPOS="1358" WIDTH="83" HEIGHT="37" WC="0.96" CONTENT="givit"/><SP WIDTH="17" VPOS="1358" HPOS="1056"/>
							<String ID="string_230" HPOS="1073" VPOS="1358" WIDTH="58" HEIGHT="31" WC="0.96" CONTENT="vid"/><SP WIDTH="17" VPOS="1358" HPOS="1131"/>
							<String ID="string_231" HPOS="1148" VPOS="1359" WIDTH="150" HEIGHT="35" WC="0.96" CONTENT="handen,"/><SP WIDTH="21" VPOS="1359" HPOS="1298"/>
							<String ID="string_232" HPOS="1319" VPOS="1361" WIDTH="48" HEIGHT="28" WC="0.93" CONTENT="att"/><SP WIDTH="17" VPOS="1361" HPOS="1367"/>
							<String ID="string_233" HPOS="1384" VPOS="1358" WIDTH="222" HEIGHT="37" WC="0.90" CONTENT="tilldelnings-"/>
						</TextLine>
						<TextLine ID="line_24" HPOS="108" VPOS="1407" WIDTH="1499" HEIGHT="38">
							<String ID="string_234" HPOS="108" VPOS="1409" WIDTH="196" HEIGHT="36" WC="0.96" CONTENT="grunderna"/><SP WIDTH="25" VPOS="1409" HPOS="304"/>
							<String ID="string_235" HPOS="329" VPOS="1410" WIDTH="59" HEIGHT="29" WC="0.96" CONTENT="äro"/><SP WIDTH="24" VPOS="1410" HPOS="388"/>
							<String ID="string_236" HPOS="412" VPOS="1410" WIDTH="10" HEIGHT="29" WC="0.95" CONTENT="i"/><SP WIDTH="24" VPOS="1410" HPOS="422"/>
							<String ID="string_237" HPOS="446" VPOS="1412" WIDTH="86" HEIGHT="27" WC="0.96" CONTENT="stort"/><SP WIDTH="22" VPOS="1412" HPOS="532"/>
							<String ID="string_238" HPOS="554" VPOS="1411" WIDTH="66" HEIGHT="28" WC="0.96" CONTENT="sett"/><SP WIDTH="23" VPOS="1411" HPOS="620"/>
							<String ID="string_239" HPOS="643" VPOS="1407" WIDTH="305" HEIGHT="38" WC="0.96" CONTENT="ändamålsenliga,"/><SP WIDTH="26" VPOS="1407" HPOS="948"/>
							<String ID="string_240" HPOS="974" VPOS="1409" WIDTH="66" HEIGHT="30" WC="0.96" CONTENT="och"/><SP WIDTH="25" VPOS="1409" HPOS="1040"/>
							<String ID="string_241" HPOS="1065" VPOS="1408" WIDTH="121" HEIGHT="36" WC="0.95" CONTENT="Kungl."/><SP WIDTH="26" VPOS="1408" HPOS="1186"/>
							<String ID="string_242" HPOS="1212" VPOS="1407" WIDTH="102" HEIGHT="37" WC="0.96" CONTENT="Maj:t"/><SP WIDTH="24" VPOS="1407" HPOS="1314"/>
							<String ID="string_243" HPOS="1338" VPOS="1409" WIDTH="69" HEIGHT="30" WC="0.96" CONTENT="kan"/><SP WIDTH="23" VPOS="1409" HPOS="1407"/>
							<String ID="string_244" HPOS="1430" VPOS="1409" WIDTH="177" HEIGHT="30" WC="0.96" CONTENT="förväntas"/>
						</TextLine>
						<TextLine ID="line_25" HPOS="107" VPOS="1455" WIDTH="1499" HEIGHT="41">
							<String ID="string_245" HPOS="107" VPOS="1459" WIDTH="137" HEIGHT="37" WC="0.96" CONTENT="vidtaga"/><SP WIDTH="19" VPOS="1459" HPOS="244"/>
							<String ID="string_246" HPOS="263" VPOS="1459" WIDTH="223" HEIGHT="37" WC="0.93" CONTENT="erforderliga"/><SP WIDTH="19" VPOS="1459" HPOS="486"/>
							<String ID="string_247" HPOS="505" VPOS="1455" WIDTH="221" HEIGHT="41" WC="0.91" CONTENT="jämkningar"/><SP WIDTH="20" VPOS="1455" HPOS="726"/>
							<String ID="string_248" HPOS="746" VPOS="1458" WIDTH="11" HEIGHT="30" WC="0.96" CONTENT="i"/><SP WIDTH="19" VPOS="1458" HPOS="757"/>
							<String ID="string_249" HPOS="776" VPOS="1459" WIDTH="187" HEIGHT="35" WC="0.96" CONTENT="desamma,"/><SP WIDTH="21" VPOS="1459" HPOS="963"/>
							<String ID="string_250" HPOS="984" VPOS="1460" WIDTH="64" HEIGHT="29" WC="0.96" CONTENT="när"/><SP WIDTH="20" VPOS="1460" HPOS="1048"/>
							<String ID="string_251" HPOS="1068" VPOS="1458" WIDTH="37" HEIGHT="31" WC="0.96" CONTENT="så"/><SP WIDTH="18" VPOS="1458" HPOS="1105"/>
							<String ID="string_252" HPOS="1123" VPOS="1459" WIDTH="71" HEIGHT="30" WC="0.96" CONTENT="kan"/><SP WIDTH="18" VPOS="1459" HPOS="1194"/>
							<String ID="string_253" HPOS="1212" VPOS="1459" WIDTH="142" HEIGHT="30" WC="0.96" CONTENT="komma"/><SP WIDTH="18" VPOS="1459" HPOS="1354"/>
							<String ID="string_254" HPOS="1372" VPOS="1462" WIDTH="48" HEIGHT="27" WC="0.96" CONTENT="att"/><SP WIDTH="21" VPOS="1462" HPOS="1420"/>
							<String ID="string_255" HPOS="1441" VPOS="1458" WIDTH="165" HEIGHT="37" WC="0.96" CONTENT="påkallas."/>
						</TextLine>
					</TextBlock>
					<TextBlock ID="block_4" HPOS="152" VPOS="1508" WIDTH="1100" HEIGHT="37">
						<TextLine ID="line_26" HPOS="152" VPOS="1508" WIDTH="1100" HEIGHT="37">
							<String ID="string_256" HPOS="152" VPOS="1509" WIDTH="116" HEIGHT="31" WC="0.95" CONTENT="Under"/><SP WIDTH="25" VPOS="1509" HPOS="268"/>
							<String ID="string_257" HPOS="293" VPOS="1509" WIDTH="218" HEIGHT="36" WC="0.96" CONTENT="åberopande"/><SP WIDTH="26" VPOS="1509" HPOS="511"/>
							<String ID="string_258" HPOS="537" VPOS="1518" WIDTH="42" HEIGHT="21" WC="0.96" CONTENT="av"/><SP WIDTH="24" VPOS="1518" HPOS="579"/>
							<String ID="string_259" HPOS="603" VPOS="1509" WIDTH="55" HEIGHT="30" WC="0.96" CONTENT="det"/><SP WIDTH="24" VPOS="1509" HPOS="658"/>
							<String ID="string_260" HPOS="682" VPOS="1508" WIDTH="150" HEIGHT="31" WC="0.96" CONTENT="anförda"/><SP WIDTH="24" VPOS="1508" HPOS="832"/>
							<String ID="string_261" HPOS="856" VPOS="1509" WIDTH="199" HEIGHT="30" WC="0.95" CONTENT="hemställer"/><SP WIDTH="24" VPOS="1509" HPOS="1055"/>
							<String ID="string_262" HPOS="1079" VPOS="1509" WIDTH="173" HEIGHT="35" WC="0.95" CONTENT="utskottet,"/>
						</TextLine>
					</TextBlock>
				</ComposedBlock>
				<ComposedBlock ID="cblock_3" HPOS="414" VPOS="1600" WIDTH="1193" HEIGHT="137">
					<TextBlock ID="block_5" HPOS="414" VPOS="1600" WIDTH="1193" HEIGHT="137">
						<TextLine ID="line_27" HPOS="458" VPOS="1600" WIDTH="1149" HEIGHT="37">
							<String ID="string_263" HPOS="458" VPOS="1604" WIDTH="50" HEIGHT="28" WC="0.96" CONTENT="att"/><SP WIDTH="24" VPOS="1604" HPOS="508"/>
							<String ID="string_264" HPOS="532" VPOS="1601" WIDTH="185" HEIGHT="36" WC="0.96" CONTENT="riksdagen"/><SP WIDTH="26" VPOS="1601" HPOS="717"/>
							<String ID="string_265" HPOS="743" VPOS="1600" WIDTH="68" HEIGHT="36" WC="0.95" CONTENT="må,"/><SP WIDTH="26" VPOS="1600" HPOS="811"/>
							<String ID="string_266" HPOS="837" VPOS="1601" WIDTH="79" HEIGHT="30" WC="0.96" CONTENT="med"/><SP WIDTH="23" VPOS="1601" HPOS="916"/>
							<String ID="string_267" HPOS="939" VPOS="1600" WIDTH="101" HEIGHT="31" WC="0.96" CONTENT="bifall"/><SP WIDTH="26" VPOS="1600" HPOS="1040"/>
							<String ID="string_268" HPOS="1066" VPOS="1600" WIDTH="48" HEIGHT="30" WC="0.95" CONTENT="till"/><SP WIDTH="26" VPOS="1600" HPOS="1114"/>
							<String ID="string_269" HPOS="1140" VPOS="1600" WIDTH="227" HEIGHT="31" WC="0.95" CONTENT="förevarande"/><SP WIDTH="26" VPOS="1600" HPOS="1367"/>
							<String ID="string_270" HPOS="1393" VPOS="1600" WIDTH="214" HEIGHT="37" WC="0.96" CONTENT="proposition"/>
						</TextLine>
						<TextLine ID="line_28" HPOS="415" VPOS="1648" WIDTH="1191" HEIGHT="39">
							<String ID="string_271" HPOS="415" VPOS="1654" WIDTH="90" HEIGHT="27" WC="0.96" CONTENT="samt"/><SP WIDTH="18" VPOS="1654" HPOS="505"/>
							<String ID="string_272" HPOS="523" VPOS="1651" WIDTH="116" HEIGHT="36" WC="0.93" CONTENT="avslag"/><SP WIDTH="19" VPOS="1651" HPOS="639"/>
							<String ID="string_273" HPOS="658" VPOS="1649" WIDTH="21" HEIGHT="32" WC="0.93" CONTENT="å"/><SP WIDTH="18" VPOS="1649" HPOS="679"/>
							<String ID="string_274" HPOS="697" VPOS="1650" WIDTH="216" HEIGHT="31" WC="0.96" CONTENT="motionerna"/><SP WIDTH="21" VPOS="1650" HPOS="913"/>
							<String ID="string_275" HPOS="934" VPOS="1649" WIDTH="44" HEIGHT="31" WC="0.89" CONTENT="II:"/><SP WIDTH="15" VPOS="1649" HPOS="978"/>
							<String ID="string_276" HPOS="993" VPOS="1650" WIDTH="43" HEIGHT="30" WC="0.95" CONTENT="32"/><SP WIDTH="18" VPOS="1650" HPOS="1036"/>
							<String ID="string_277" HPOS="1054" VPOS="1650" WIDTH="65" HEIGHT="30" WC="0.96" CONTENT="och"/><SP WIDTH="19" VPOS="1650" HPOS="1119"/>
							<String ID="string_278" HPOS="1138" VPOS="1650" WIDTH="44" HEIGHT="30" WC="0.95" CONTENT="II:"/><SP WIDTH="18" VPOS="1650" HPOS="1182"/>
							<String ID="string_279" HPOS="1200" VPOS="1650" WIDTH="71" HEIGHT="36" WC="0.96" CONTENT="168,"/><SP WIDTH="23" VPOS="1650" HPOS="1271"/>
							<String ID="string_280" HPOS="1294" VPOS="1650" WIDTH="49" HEIGHT="30" WC="0.93" CONTENT="till"/><SP WIDTH="18" VPOS="1650" HPOS="1343"/>
							<String ID="string_281" HPOS="1361" VPOS="1648" WIDTH="245" HEIGHT="38" WC="0.90" CONTENT="Befrämjande"/>
						</TextLine>
						<TextLine ID="line_29" HPOS="414" VPOS="1696" WIDTH="1193" HEIGHT="41">
							<String ID="string_282" HPOS="414" VPOS="1708" WIDTH="41" HEIGHT="21" WC="0.96" CONTENT="av"/><SP WIDTH="24" VPOS="1708" HPOS="455"/>
							<String ID="string_283" HPOS="479" VPOS="1699" WIDTH="254" HEIGHT="38" WC="0.95" CONTENT="landsbygdens"/><SP WIDTH="27" VPOS="1699" HPOS="733"/>
							<String ID="string_284" HPOS="760" VPOS="1699" WIDTH="244" HEIGHT="37" WC="0.96" CONTENT="elektrifiering"/><SP WIDTH="24" VPOS="1699" HPOS="1004"/>
							<String ID="string_285" HPOS="1028" VPOS="1699" WIDTH="54" HEIGHT="30" WC="0.96" CONTENT="för"/><SP WIDTH="22" VPOS="1699" HPOS="1082"/>
							<String ID="string_286" HPOS="1104" VPOS="1698" WIDTH="203" HEIGHT="38" WC="0.93" CONTENT="budgetåret"/><SP WIDTH="26" VPOS="1698" HPOS="1307"/>
							<String ID="string_287" HPOS="1333" VPOS="1696" WIDTH="140" HEIGHT="34" WC="0.91" CONTENT="1944/45"/><SP WIDTH="24" VPOS="1696" HPOS="1473"/>
							<String ID="string_288" HPOS="1497" VPOS="1700" WIDTH="110" HEIGHT="30" WC="0.96" CONTENT="under"/>
						</TextLine>
					</TextBlock>
				</ComposedBlock>
				<ComposedBlock ID="cblock_4" HPOS="414" VPOS="1749" WIDTH="1192" HEIGHT="80">
					<TextBlock ID="block_6" HPOS="414" VPOS="1749" WIDTH="1192" HEIGHT="80">
						<TextLine ID="line_30" HPOS="414" VPOS="1749" WIDTH="1192" HEIGHT="37">
							<String ID="string_289" HPOS="414" VPOS="1749" WIDTH="128" HEIGHT="31" WC="0.93" CONTENT="nionde"/><SP WIDTH="18" VPOS="1749" HPOS="542"/>
							<String ID="string_290" HPOS="560" VPOS="1749" WIDTH="219" HEIGHT="31" WC="0.92" CONTENT="huvudtiteln"/><SP WIDTH="21" VPOS="1749" HPOS="779"/>
							<String ID="string_291" HPOS="800" VPOS="1749" WIDTH="118" HEIGHT="31" WC="0.96" CONTENT="anvisa"/><SP WIDTH="20" VPOS="1749" HPOS="918"/>
							<String ID="string_292" HPOS="938" VPOS="1752" WIDTH="46" HEIGHT="28" WC="0.93" CONTENT="ett"/><SP WIDTH="19" VPOS="1752" HPOS="984"/>
							<String ID="string_293" HPOS="1003" VPOS="1749" WIDTH="347" HEIGHT="37" WC="0.91" CONTENT="reservationsanslag"/><SP WIDTH="20" VPOS="1749" HPOS="1350"/>
							<String ID="string_294" HPOS="1370" VPOS="1759" WIDTH="42" HEIGHT="20" WC="0.96" CONTENT="av"/><SP WIDTH="21" VPOS="1759" HPOS="1412"/>
							<String ID="string_295" HPOS="1433" VPOS="1750" WIDTH="19" HEIGHT="29" WC="0.92" CONTENT="4"/><SP WIDTH="14" VPOS="1750" HPOS="1452"/>
							<String ID="string_296" HPOS="1466" VPOS="1750" WIDTH="64" HEIGHT="29" WC="0.92" CONTENT="000"/><SP WIDTH="13" VPOS="1750" HPOS="1530"/>
							<String ID="string_297" HPOS="1543" VPOS="1749" WIDTH="63" HEIGHT="30" WC="0.96" CONTENT="000"/>
						</TextLine>
						<TextLine ID="line_31" HPOS="414" VPOS="1800" WIDTH="139" HEIGHT="29">
							<String ID="string_298" HPOS="414" VPOS="1800" WIDTH="139" HEIGHT="29" WC="0.96" CONTENT="kronor."/>
						</TextLine>
					</TextBlock>
				</ComposedBlock>
				<ComposedBlock ID="cblock_5" HPOS="151" VPOS="1897" WIDTH="1002" HEIGHT="138">
					<TextBlock ID="block_7" HPOS="151" VPOS="1897" WIDTH="1002" HEIGHT="138">
						<TextLine ID="line_32" HPOS="151" VPOS="1897" WIDTH="555" HEIGHT="37">
							<String ID="string_299" HPOS="151" VPOS="1899" WIDTH="201" HEIGHT="31" WC="0.96" CONTENT="Stockholm"/><SP WIDTH="20" VPOS="1899" HPOS="352"/>
							<String ID="string_300" HPOS="372" VPOS="1898" WIDTH="65" HEIGHT="30" WC="0.96" CONTENT="den"/><SP WIDTH="19" VPOS="1898" HPOS="437"/>
							<String ID="string_301" HPOS="456" VPOS="1899" WIDTH="42" HEIGHT="29" WC="0.94" CONTENT="25"/><SP WIDTH="20" VPOS="1899" HPOS="498"/>
							<String ID="string_302" HPOS="518" VPOS="1897" WIDTH="71" HEIGHT="37" WC="0.96" CONTENT="maj"/><SP WIDTH="25" VPOS="1897" HPOS="589"/>
							<String ID="string_303" HPOS="614" VPOS="1898" WIDTH="92" HEIGHT="30" WC="0.96" CONTENT="1944."/>
						</TextLine>
						<TextLine ID="line_33" HPOS="555" VPOS="1998" WIDTH="598" HEIGHT="37">
							<String ID="string_304" HPOS="555" VPOS="1999" WIDTH="49" HEIGHT="31" WC="0.93" CONTENT="På"/><SP WIDTH="17" VPOS="1999" HPOS="604"/>
							<String ID="string_305" HPOS="621" VPOS="1998" WIDTH="372" HEIGHT="37" WC="0.90" CONTENT="jordbruksutskottets"/><SP WIDTH="21" VPOS="1998" HPOS="993"/>
							<String ID="string_306" HPOS="1014" VPOS="1999" WIDTH="139" HEIGHT="35" WC="0.96" CONTENT="vägnar:"/>
						</TextLine>
					</TextBlock>
				</ComposedBlock>
				<ComposedBlock ID="cblock_6" HPOS="690" VPOS="2093" WIDTH="329" HEIGHT="35">
					<TextBlock ID="block_8" HPOS="690" VPOS="2093" WIDTH="329" HEIGHT="35">
						<TextLine ID="line_34" HPOS="690" VPOS="2093" WIDTH="329" HEIGHT="35">
							<String ID="string_307" HPOS="690" VPOS="2098" WIDTH="37" HEIGHT="30" WC="0.92" CONTENT="L."/><SP WIDTH="23" VPOS="2098" HPOS="727"/>
							<String ID="string_308" HPOS="750" VPOS="2093" WIDTH="269" HEIGHT="35" WC="0.91" CONTENT="TJÄLLGREN."/>
						</TextLine>
					</TextBlock>
				</ComposedBlock>
				<ComposedBlock ID="cblock_7" HPOS="144" VPOS="2494" WIDTH="1430" HEIGHT="36">
					<TextBlock ID="block_9" HPOS="144" VPOS="2494" WIDTH="1430" HEIGHT="36">
						<TextLine ID="line_35" HPOS="144" VPOS="2494" WIDTH="1430" HEIGHT="36">
							<String ID="string_309" HPOS="144" VPOS="2496" WIDTH="109" HEIGHT="34" WC="0.23" CONTENT="Bihang"/><SP WIDTH="12" VPOS="2496" HPOS="253"/>
							<String ID="string_310" HPOS="265" VPOS="2499" WIDTH="42" HEIGHT="25" WC="0.95" CONTENT="till"/><SP WIDTH="12" VPOS="2499" HPOS="307"/>
							<String ID="string_311" HPOS="319" VPOS="2498" WIDTH="164" HEIGHT="32" WC="0.95" CONTENT="riksdagens"/><SP WIDTH="13" VPOS="2498" HPOS="483"/>
							<String ID="string_312" HPOS="496" VPOS="2497" WIDTH="143" HEIGHT="32" WC="0.96" CONTENT="protokoll"/><SP WIDTH="14" VPOS="2497" HPOS="639"/>
							<String ID="string_313" HPOS="653" VPOS="2497" WIDTH="74" HEIGHT="27" WC="0.96" CONTENT="1944."/><SP WIDTH="24" VPOS="2497" HPOS="727"/>
							<String ID="string_314" HPOS="751" VPOS="2498" WIDTH="31" HEIGHT="25" WC="0.96" CONTENT="10"/><SP WIDTH="12" VPOS="2498" HPOS="782"/>
							<String ID="string_315" HPOS="794" VPOS="2496" WIDTH="79" HEIGHT="26" WC="0.95" CONTENT="saml."/><SP WIDTH="23" VPOS="2496" HPOS="873"/>
							<String ID="string_316" HPOS="896" VPOS="2498" WIDTH="39" HEIGHT="22" WC="0.93" CONTENT="Nr"/><SP WIDTH="17" VPOS="2498" HPOS="935"/>
							<String ID="string_317" HPOS="952" VPOS="2496" WIDTH="106" HEIGHT="24" WC="0.33" CONTENT="57—69."/><SP WIDTH="501" VPOS="2496" HPOS="1058"/>
							<String ID="string_318" HPOS="1559" VPOS="2494" WIDTH="15" HEIGHT="24" WC="0.96" CONTENT="2"/>
						</TextLine>
					</TextBlock>
				</ComposedBlock>
				<ComposedBlock ID="cblock_8" HPOS="1658" VPOS="422" WIDTH="128" HEIGHT="24">
					<TextBlock ID="block_10" HPOS="1658" VPOS="422" WIDTH="128" HEIGHT="24">
						<TextLine ID="line_36" HPOS="1658" VPOS="422" WIDTH="128" HEIGHT="24">
							<String ID="string_319" HPOS="1658" VPOS="422" WIDTH="128" HEIGHT="24" WC="0.96" CONTENT="Utskottet."/>
						</TextLine>
					</TextBlock>
				</ComposedBlock>
			</PrintSpace>
		</Page>
	</Layout>
</alto>
