2196 2636
406 205 59 31 126
799 204 354 41 Bevillningsutskottets
1176 204 210 32 Betänkande
1411 205 58 31 N:o
1492 207 49 29 19.

560 284 108 41 (Kongl
693 286 109 36 Maj:ts
824 284 136 39 förslag.)

438 337 74 49 3:0)
541 336 74 37 den
642 337 59 36 för
729 336 130 48 sådan,
888 336 121 37 under
1024 336 131 50 loppet

362 390 41 37 af
441 388 330 49 nästföregångna
811 388 76 37 fem
930 391 52 44 år,
1011 388 143 37 försåld

362 440 188 65 egendom
579 447 131 30 senast
738 440 207 49 betingade
965 440 190 48 köpeskul-

362 495 87 57 ling,
478 495 42 34 så
547 492 89 37 vida
663 492 86 37 icke
778 470 191 59 derunder
987 491 169 59 inbegri-

362 545 77 50 pits
467 544 249 50 godtgörelse
737 544 58 36 för
813 543 236 37 inventarier
1065 543 91 37 eller

364 596 175 38 växande
566 595 134 50 gröda,
729 595 93 37 eller
848 596 116 49 köpet
980 595 176 37 afslutats

364 648 139 38 mellan
532 652 91 32 nära
651 647 199 49 anhöriga,
880 647 93 37 eller
1002 647 64 37 vid
1082 648 74 35 för-

365 700 216 50 säljningen
621 699 188 37 förbehåll
849 699 122 50 gjorts
1014 712 60 24 om
1116 701 41 34 så

364 753 150 37 kallade
529 751 423 50 undantagsförmåner,
970 751 90 36 eller
1075 751 82 37 der-

365 804 65 37 vid
459 803 241 38 förekommit
728 803 118 37 andra
870 803 187 37 särskilda
1077 816 79 23 om-

366 855 277 49 ständigheter,
699 868 82 24 som
823 854 175 51 skäligen
1045 867 112 24 anses

366 908 114 37 hafva
522 907 177 37 inverkat
741 910 48 47 på
826 906 332 51 köpeskillingens

367 959 286 38 bestämmande
703 959 154 37 utöfver
902 959 93 37 eller
1040 958 119 37 under

367 1011 262 51 egendomens
650 1010 175 50 verkliga
841 1010 132 46 värde;
990 1010 169 38 börande

368 1064 65 37 vid
462 1063 287 38 bestämmande
778 1063 42 37 af
843 1062 102 37 detta
965 1040 126 59 värde
1106 1061 54 37 af-

368 1115 141 39 seende
537 1115 85 37 icke
650 1115 120 37 fästas
799 1118 21 33 å
847 1114 312 37 beskaffenheten

368 1168 42 37 af
433 1167 143 37 sådana
604 1166 241 50 byggnader,
875 1180 80 23 som
985 1168 48 47 på
1048 1178 113 36 egen-

368 1220 159 37 domens
555 1218 229 49 afkastning
808 1218 83 37 icke
910 1218 116 37 hafva
1045 1221 117 46 något

368 1271 190 49 egentligt
585 1270 225 52 inflytande,
840 1270 160 37 likasom
1030 1269 133 37 värdet

369 1324 42 36 af
447 1323 168 47 kreatur,
657 1322 166 50 redskap
860 1322 70 37 och
959 1321 120 38 andra
1106 1320 57 37 in-

370 1374 191 38 ventarier
589 1375 90 36 eller
708 1374 124 49 förlag
860 1374 61 37 vid
937 1372 226 50 jordbruks-

370 1427 184 49 fastighet
586 1426 85 38 icke
700 1426 121 37 heller
850 1429 59 33 må
937 1425 63 37 vid
1029 1424 136 49 fastig-

371 1478 243 38 hetsvärdets
644 1478 287 37 bestämmande
948 1484 110 42 tagas
1074 1477 13 36 i
1102 1477 63 37 be-

371 1531 181 49 räkning;

448 1583 74 49 4:0)
564 1582 119 49 årliga
725 1583 121 48 hyres-
878 1581 91 38 eller
997 1582 168 36 arrende-

372 1648 166 24 summan
573 1635 58 36 för
659 1634 142 50 uthyrd
830 1634 93 37 eller
950 1634 215 37 bortarren-

372 1687 118 37 derad
532 1686 203 50 egendom,
778 1689 41 34 så
860 1686 88 37 vida
975 1685 85 38 icke
1089 1689 77 32 sär-

372 1738 125 38 skilda
524 1739 191 36 förmåner
730 1738 92 37 eller
837 1737 231 51 åligganden
1085 1736 82 37 blif-

373 1791 55 36 vit
456 1791 188 36 derunder
673 1789 244 50 inbegripna,
946 1792 126 34 såsom
1093 1793 75 32 rät-

372 1843 127 49 tighet
533 1842 59 37 till
620 1841 253 38 inventariers
900 1841 268 50 begagnande,

374 1893 277 38 arbetsbiträde
693 1894 83 36 från
817 1907 126 24 annan
980 1892 188 51 egendom

376 1946 69 38 och
459 1946 214 49 skogsfång
684 1945 151 37 utöfver
846 1944 247 39 husbehofm.
1107 1958 61 33 m.,

375 1998 90 37 eller
506 1998 224 49 skyldighet
763 2002 56 32 att
851 1997 177 50 uppodla,
1063 2009 107 37 repa-

376 2064 84 23 rera
502 2050 70 37 och
612 2050 165 50 uppföra
817 2049 227 50 byggnader
1080 2049 91 36 eller

376 2103 125 37 utföra
542 2103 117 36 andra
700 2102 157 37 arbeten
893 2105 21 33 å
941 2102 75 37 den
1045 2113 126 25 arren-

377 2154 139 38 derade
552 2154 243 49 egendomen
829 2159 98 31 samt
954 2154 104 36 inom
1088 2153 86 36 kort

378 2207 55 37 tid
461 2207 221 36 densamma
711 2206 160 48 afträda,
900 2206 92 36 eller
1021 2207 41 34 så
1087 2204 88 37 vida

376 2258 97 48 icke,
489 2258 96 37 efter
600 2258 100 37 hvad
719 2257 65 37 vid
795 2257 224 50 jemförelse
1036 2256 138 37 mellan

378 2310 125 38 denna
531 2310 71 37 och
630 2309 235 51 närbelägna
889 2309 235 50 egendomar
1138 2307 42 38 af

1421 285 171 36 (Utskottets
1615 284 138 36 förslag)
