2190 2638
428 173 20 30 6
811 174 353 43 Bevillningsutskottets
1189 175 208 33 Betänkande
1420 176 64 32 N:o
1508 177 49 30 19.

386 253 117 36 heten
546 253 124 36 blifvit
711 259 92 31 utan
844 259 121 32 större
1007 254 198 49 betydelse
1247 254 58 36 för
1346 254 239 48 taxeringen.
1654 254 326 50 Taxeringsmyn-

386 304 226 50 digheterna
652 305 115 36 hafva
808 305 11 36 i
861 306 146 37 saknad
1045 307 42 35 af
1110 306 244 48 tillförlitliga
1384 306 282 50 upplysningar
1693 319 59 23 om
1784 306 46 36 de
1859 307 120 36 skatt-

386 356 202 50 skyldiges
630 356 212 38 inkomster
884 358 174 37 alltmera
1091 361 97 34 måst
1217 358 176 48 begagna
1422 359 62 47 sig
1512 358 42 36 af
1578 358 73 36 den
1680 358 299 49 nödfallsutväg,

386 421 83 23 som
507 408 13 36 1
552 411 43 33 13
625 408 21 50 8
675 409 41 36 af
739 409 283 37 instruktionen
1052 410 57 36 för
1136 409 525 50 taxeringsmyndigheterna
1686 410 208 36 anbefalles
1923 410 58 36 för

387 460 181 48 taxering
606 461 42 35 af
672 466 56 30 ett
756 461 97 36 visst
881 461 106 49 slags
1016 462 179 47 inkomst,
1225 461 192 49 nemligen
1447 461 235 50 presumtion
1713 465 49 46 på
1789 462 126 48 grund
1944 462 40 36 af

384 517 104 44 yttre
517 512 279 48 kännetecken,
825 518 54 31 ett
906 514 298 49 förfaringssätt,
1235 526 79 23 som
1345 515 146 35 lemnar
1519 514 82 36 fritt
1625 514 165 49 spelrum
1821 517 38 33 åt
1886 514 95 48 god-

386 564 146 48 tycket,
561 564 70 37 och
661 564 59 36 för
747 565 117 48 öfrigt
892 570 42 31 är
962 566 209 49 oförenligt
1200 565 85 36 med
1315 564 45 38 de
1377 566 181 48 grunder,
1580 568 48 46 på
1643 566 131 36 hvilka
1790 566 191 36 allmänna

385 615 325 37 inkomstskatten
739 615 134 38 hvilar.

519 668 17 36 I
565 668 124 36 denna
717 668 96 36 brist
841 671 47 47 på
916 669 222 49 tillräckligt
1167 670 162 36 faktiskt
1357 668 188 49 underlag
1573 669 58 36 för
1659 669 226 48 taxeringen
1914 668 69 37 har

386 733 88 23 man
516 724 91 32 utan
649 720 66 36 allt
757 720 135 37 tvifvel
920 727 56 30 att
1004 721 95 36 söka
1127 735 46 23 en
1203 723 42 35 af
1269 722 45 36 de
1343 721 211 36 förnämsta
1582 721 209 36 orsakerna
1821 720 55 37 till
1906 721 73 36 den

385 771 275 49 öfverklagade
689 771 144 37 bristen
862 775 47 46 på
936 773 199 48 jemlikhet
1153 772 476 49 iinkomstbevillningen.
1672 773 230 47 Inkomster,
1919 786 61 23 om

386 823 155 36 hvilkas
583 823 137 49 belopp
756 823 84 37 fullt
869 825 141 36 exakta
1039 826 195 48 uppgifter
1262 825 310 36 tillhandahållas
1601 824 381 49 taxeringsmyndig-

385 876 172 47 heterna,
600 878 124 34 såsom
768 876 105 36 fallet
908 882 41 30 är
977 883 26 30 t.
1033 890 57 22 ex.
1121 877 87 36 med
1237 877 383 49 aflöningsförmåner
1648 876 65 36 vid
1742 876 140 36 allmän
1911 876 71 36 och

384 928 12 35 i
439 927 105 36 vissa
582 926 64 37 fall
674 927 112 36 äfven
816 928 65 35 vid
910 928 153 37 enskild
1092 929 129 48 tjenst,
1251 935 152 30 taxeras
1432 928 58 36 till
1521 928 90 36 fulla
1640 928 193 49 beloppet,
1862 928 121 36 under

386 979 65 36 det
480 984 56 31 att
551 978 118 37 andra
683 978 225 49 inkomster,
925 980 183 36 särskildt
1124 981 310 48 kapitalisternas
1450 986 100 30 samt
1578 980 45 36 de
1653 985 123 31 större
1805 979 179 36 handels-

387 1031 72 36 och
488 1030 361 49 industriidkarnes,
877 1032 79 36 ofta
985 1046 78 33 nog
1092 1032 57 35 till
1177 1045 46 23 en
1254 1032 173 48 betydlig
1451 1032 62 36 del
1531 1031 127 49 undgå
1674 1031 191 48 taxering.
1909 1031 75 36 Vill

386 1096 85 23 man
516 1082 239 48 undanrödja
797 1082 122 37 denna
955 1083 98 37 brist
1081 1083 70 37 och
1182 1084 263 36 åstadkomma
1473 1097 47 22 en
1551 1083 166 48 verkligt
1746 1082 136 37 rättvis
1910 1083 71 36 och

385 1134 137 49 jemlik
567 1133 263 50 beskattning,
872 1139 41 32 är
953 1135 107 36 detta
1091 1135 59 36 för
1178 1135 102 36 visso
1309 1136 83 36 icke
1421 1135 151 48 möjligt
1600 1137 47 47 på
1675 1148 123 23 annan
1828 1139 78 43 väg
1935 1139 47 31 än

384 1199 141 35 genom
555 1185 245 49 fullständigt
825 1186 200 36 införande
1055 1187 41 35 af
1120 1187 252 48 obligatorisk
1402 1187 338 48 sjelfdeklaration.
1784 1186 58 36 En
1863 1186 119 37 sådan

388 1238 136 47 åtgärd
553 1238 69 36 har
649 1237 79 37 ofta
758 1238 100 36 förut
885 1238 198 49 påyrkats,
1114 1252 85 23 men
1230 1239 132 48 frågan
1391 1239 69 36 har
1489 1238 127 37 städse
1646 1238 107 47 fallit,
1770 1238 149 37 mindre
1936 1241 48 46 på

385 1290 127 49 grund
554 1289 42 36 af
632 1292 117 46 något
790 1289 233 37 allmännare
1064 1290 325 37 underskattande
1418 1290 42 36 af
1484 1290 117 36 sådan
1631 1290 259 36 deklarations
1920 1290 63 36 be-

386 1341 152 49 tydelse
566 1341 58 36 för
651 1354 46 23 en
727 1355 201 35 noggrann
957 1342 178 48 taxering
1163 1347 48 31 än
1240 1346 48 45 på
1315 1343 125 48 grund
1472 1342 41 37 af
1536 1342 201 49 praktiska
1766 1341 217 49 betänklig-

387 1394 109 36 heter
538 1399 77 31 mot
657 1393 74 36 den
759 1393 293 48 ifrågavarande
1081 1394 281 48 grundsatsens
1391 1393 251 50 fullständiga
1669 1393 312 50 genomförande.

386 1445 89 36 Man
506 1445 68 37 har
604 1445 181 49 åberopat
813 1445 47 37 de
889 1446 306 49 skattskyldiges
1225 1446 271 48 obenägenhet
1525 1446 10 35 i
1564 1445 208 37 allmänhet
1787 1451 55 31 att
1858 1446 124 36 lemna

387 1497 141 37 exakta
557 1496 197 50 uppgifter
782 1510 58 23 om
871 1497 58 36 sin
959 1498 169 36 inkomst
1156 1498 70 36 och
1256 1498 73 36 den
1358 1498 109 36 deraf
1491 1498 165 36 alstrade
1685 1497 107 37 faran
1809 1498 57 36 för
1881 1497 102 48 orig-

386 1549 82 48 tiga
507 1549 72 37 och
621 1548 258 37 vilseledande
913 1549 282 37 deklarationer
1223 1556 99 30 samt
1349 1550 124 36 tillika
1502 1550 136 47 anfört,
1669 1555 54 30 att
1751 1562 88 23 man
1867 1549 11 35 i
1907 1549 76 36 den

388 1601 193 36 allmänna
621 1600 265 48 sedlighetens
923 1601 165 36 intresse
1116 1601 116 37 borde
1261 1602 169 36 undvika
1459 1601 301 46 bestämmelser,
1789 1614 80 23 som
1899 1613 85 24 ver-

387 1652 99 37 kade
529 1652 10 36 i
569 1652 173 48 riktning
770 1657 56 32 att
854 1652 138 37 bereda
1020 1653 46 36 de
1095 1653 146 37 mindre
1270 1659 319 43 samvetsgranna
1618 1652 365 37 samhällsmedlem-

388 1718 133 22 marne
564 1704 165 36 fördelar
769 1707 48 46 på
857 1704 46 36 de
946 1718 102 23 mera
1076 1705 229 49 rättrådiges
1334 1705 224 37 bekostnad.
1615 1705 119 36 Dessa
1763 1704 83 37 skäl
1874 1704 109 36 torde

387 1756 99 36 dock
514 1756 85 37 icke
627 1760 100 44 väga
757 1756 167 36 särdeles
952 1762 127 43 tungt.
1122 1757 110 36 Hvad
1262 1757 11 35 i
1302 1758 69 35 och
1401 1757 59 36 för
1488 1757 61 49 sig
1577 1756 321 49 obenägenheten
1927 1761 56 31 att

386 1807 128 38 lemna
543 1808 193 48 uppgifter
765 1811 131 45 angår,
926 1808 112 37 beror
1067 1808 123 37 denna
1219 1809 61 36 väl
1309 1809 12 35 i
1345 1809 209 36 allmänhet
1569 1809 183 47 antingen
1768 1812 48 45 på
1833 1808 148 36 önskan

388 1865 55 31 att
485 1859 12 36 i
541 1865 120 31 större
704 1859 95 37 eller
838 1859 146 37 mindre
1028 1863 85 33 mån
1156 1860 249 49 undandraga
1438 1861 62 47 sig
1529 1860 73 36 den
1631 1860 122 49 enligt
1781 1859 202 37 faststälda

388 1912 171 48 grunder
586 1911 214 49 belöpande
828 1912 115 46 skatt,
972 1912 11 36 i
1013 1911 148 37 hvilket
1190 1911 63 37 fall
1284 1912 73 45 det,
1387 1915 125 34 såsom
1544 1912 83 36 med
1656 1917 98 31 rätta
1774 1910 208 48 anmärkts,

388 1969 41 30 är
472 1963 264 49 lagstiftarens
764 1963 101 49 pligt
893 1970 54 30 att
975 1963 87 37 icke
1092 1964 88 36 vika
1209 1964 128 36 undan
1367 1964 57 36 för
1452 1978 47 22 en
1528 1964 117 36 sådan
1676 1964 184 44 sträfvan,
1890 1963 92 36 eller

388 2015 71 37 ock
489 2021 42 31 är
561 2015 73 37 den
663 2015 286 50 skattskyldige
977 2015 58 37 för
1064 2015 58 37 sin
1151 2016 147 36 kredits
1328 2016 99 36 skull
1455 2016 93 36 eller
1577 2016 41 36 af
1641 2016 118 36 andra
1787 2015 83 36 skäl
1886 2020 96 31 mot-

390 2067 109 50 villig
541 2073 54 31 att
635 2067 120 36 blotta
797 2080 46 24 en
873 2067 147 37 mindre
1049 2067 78 49 god
1154 2068 223 37 ekonomisk
1407 2068 195 48 ställning.
1659 2068 67 36 Ett
1754 2067 136 36 sådant
1918 2066 66 37 be-

389 2119 188 37 mödande
607 2122 59 33 må
694 2132 51 22 nu
773 2119 12 36 i
814 2119 70 37 och
913 2120 57 35 för
999 2119 62 48 sig
1084 2119 129 37 kunna
1229 2133 90 23 vara
1335 2119 147 37 mindre
1498 2119 177 37 lofvärdt.
1717 2119 106 36 Inom
1840 2119 143 36 skatte-

387 2170 320 49 lagstiftningens
737 2171 152 49 uppgift
916 2171 110 37 torde
1055 2171 65 36 det
1136 2171 98 37 dock
1250 2172 84 36 icke
1350 2172 90 36 falla
1457 2177 55 31 att
1530 2172 211 36 motarbeta
1759 2170 223 37 detsamma.

387 2222 78 37 Vill
494 2222 74 37 den
597 2221 283 51 skattskyldige
908 2223 11 36 i
948 2223 68 37 sitt
1045 2228 101 43 eget,
1176 2223 173 49 verkliga
1378 2223 91 37 eller
1497 2223 187 36 förmenta
1708 2222 165 37 intresse
1890 2235 95 36 upp-

387 2274 107 48 gifva
536 2274 59 37 sin
636 2274 168 37 inkomst
832 2275 119 49 högre
980 2280 49 32 än
1058 2274 74 38 den
1161 2279 40 32 är
1230 2275 70 37 och
1329 2275 101 49 förty
1459 2274 160 50 erlägga
1647 2274 121 49 högre
1797 2275 104 36 skatt
1934 2277 47 32 än
