2198 2642
615 179 359 42 Bevillningsutskottets
1000 180 206 33 Betänkande
1229 181 61 32 N:o
1316 182 46 29 19.
1711 180 59 31 199

217 258 189 38 bördorna
434 259 164 37 fördelas
627 259 219 37 samhällets
875 259 245 38 medlemmar
1148 260 163 37 emellan
1338 263 50 46 på
1416 264 54 33 ett
1498 259 85 38 med
1611 259 203 38 rättvisans

218 310 183 49 enklaste,
443 311 59 37 för
534 311 93 37 hvar
659 311 71 37 och
763 325 47 23 en
843 312 164 37 fattbara
1035 312 70 37 och
1134 311 247 50 obestridliga
1409 311 252 50 grundsatser
1689 312 124 37 öfver-

218 363 307 37 ensstämmande
555 368 91 41 sätt;

346 415 47 37 då
435 415 64 37 det
539 416 57 36 för
635 415 316 49 genomförandet
987 417 42 36 af
1058 429 47 24 en
1139 416 117 37 sådan
1283 416 140 38 reform
1451 416 135 37 hittills
1616 416 198 50 befintliga

218 467 143 48 hinder,
392 481 81 23 som
503 468 109 36 beror
640 471 46 45 på
714 467 537 50 kommunalbeskattningens
1280 468 226 50 ovilkorliga
1525 468 184 37 samband
1730 468 85 37 med

218 519 294 50 lagstiftningen
547 533 60 23 om
639 519 271 50 bevillningen,
940 534 49 22 nu
1020 534 114 35 synes
1164 534 89 23 vara
1281 524 48 46 på
1357 525 78 45 väg
1462 525 55 32 att
1544 520 271 50 undanrödjas,

219 571 116 38 sedan
375 571 219 49 Riksdagen
626 571 159 50 nyligen
816 571 168 37 beslutat
1019 577 77 31 »att
1135 572 12 36 i
1181 572 199 37 skrifvelse
1415 572 57 36 till
1501 573 219 48 Konungen
1748 586 65 23 an-

219 623 110 48 hålla,
365 628 55 32 att
448 623 138 50 Kongl.
617 624 107 49 Maj:t
751 624 148 37 täcktes
926 623 79 37 låta
1031 624 145 47 utreda,
1205 624 186 37 huruvida
1419 625 34 49 ej
1484 625 74 37 den
1574 624 242 37 kommunala

218 675 298 50 beskattningen
549 678 61 34 må
636 675 130 37 kunna
793 676 149 49 byggas
970 679 50 47 på
1048 689 125 24 annan
1200 676 124 50 grund
1354 681 48 32 än
1430 676 73 37 den
1532 676 192 37 allmänna
1751 677 64 36 be-

220 727 223 50 villningen,
487 727 81 48 och,
611 728 127 37 derest
771 728 104 37 detta
916 728 122 37 finnes
1071 728 164 49 möjligt,
1269 729 59 36 för
1354 728 220 50 Riksdagen
1604 728 212 50 framlägga

219 779 144 50 förslag
390 779 58 37 till
477 779 161 37 särskild
666 780 221 37 kommunal
915 780 206 50 skattelag;

348 832 47 36 då
429 832 158 37 sålunda
626 832 204 49 möjlighet
856 832 205 37 förefinnes
1090 837 55 32 att
1172 832 11 36 i
1212 832 204 38 framtiden
1444 832 130 37 kunna
1601 832 131 50 bygga
1751 833 64 36 be-

221 884 247 49 skattningen
496 884 57 36 till
581 889 126 32 staten
735 887 49 46 på
812 897 47 24 en
888 884 86 37 från
992 884 316 50 sammanhanget
1322 884 87 37 med
1425 884 391 37 kommunalbeskatt-

220 936 141 49 ningen
389 936 160 49 frigjord
578 936 140 36 allmän
744 935 287 49 inkomstskatt,

348 988 59 36 får
430 988 71 49 jag
532 987 85 38 med
645 988 208 49 anledning
880 988 41 36 af
945 988 73 37 den
1046 989 42 36 af
1111 989 87 36 herr
1226 988 104 37 Ollas
1358 988 44 37 A.
1433 988 179 37 Ericsson
1640 988 12 36 i
1677 987 140 38 Ofvan-

221 1054 106 36 myra
367 1040 138 37 väckta
538 1040 69 37 och
635 1041 43 36 af
702 1040 188 37 utskottet
918 1040 187 50 afstyrkta
1134 1040 205 48 motionen,
1368 1040 108 37 hvari
1500 1040 177 37 anhållan
1705 1046 113 43 göres

221 1107 60 22 om
327 1097 77 32 >»att
445 1092 139 49 Kongl.
626 1092 109 49 Maj:t
767 1092 148 37 täcktes
953 1093 86 36 med
1078 1093 119 37 första
1237 1092 56 37 till
1329 1092 242 50 Riksdagens
1602 1092 215 49 antagande

219 1144 215 50 framlägga
466 1144 145 49 förslag
643 1144 57 37 till
727 1144 226 50 förordning
980 1144 199 49 angående
1207 1144 393 50 inkomstbevillning,
1628 1144 191 49 grundadt

220 1200 49 46 på
310 1196 41 37 af
387 1196 220 49 Riksdagen
642 1197 103 37 förut
776 1196 135 50 gjorda
942 1194 245 40 uttalanden»
1220 1197 68 37 och
1321 1200 50 46 på
1404 1197 41 36 af
1474 1197 80 49 mig
1581 1210 51 23 nu
1661 1196 157 50 angifna

223 1249 83 36 skäl
332 1248 216 37 hemställa:

750 1356 56 32 att
825 1350 219 51 Riksdagen
1064 1351 195 49 behagade
1278 1351 12 36 i
1310 1351 201 37 skrifvelse
1526 1351 59 36 till
1599 1351 218 49 Konungen

620 1403 163 47 anhålla,
810 1403 63 37 det
900 1404 147 36 täcktes
1067 1402 139 50 Kongl.
1224 1403 107 49 Maj:t
1347 1408 56 32 att
1430 1404 5 35 i
1456 1402 182 38 samband
1654 1403 86 37 med
1758 1407 59 32 ut-

617 1455 212 49 redningen
857 1468 60 23 om
946 1455 538 49 kommunalbeskattningens
1513 1454 190 50 skiljande
1731 1455 87 36 från

616 1507 298 50 beskattningen
942 1507 57 37 till
1027 1512 125 32 staten
1182 1512 149 32 snarast
1359 1507 150 50 möjligt
1537 1507 78 36 låta
1643 1507 176 37 utarbeta

617 1564 87 45 nytt
744 1559 147 49 förslag
932 1559 57 37 till
1022 1559 465 49 bevillningsförordning,
1521 1558 123 50 bygdt
1679 1562 49 46 på
1760 1559 58 36 in-

617 1611 449 49 komstbeskattningens
1094 1611 168 49 grunder
1290 1611 70 37 och
1389 1614 42 34 så
1460 1611 187 47 affattadt,
1677 1615 56 32 att
1751 1611 66 36 be-

619 1663 245 49 skattningen
906 1663 58 36 till
998 1668 126 32 staten
1159 1663 171 37 kommer
1369 1668 57 32 att
1454 1663 141 36 drabba
1623 1662 45 37 de
1698 1662 119 37 skatt-

617 1714 175 49 skyldige
820 1718 50 45 på
898 1719 56 32 ett
981 1715 12 35 i
1021 1714 235 37 förhållande
1286 1715 57 36 till
1369 1715 115 36 hvars
1505 1714 70 37 och
1591 1728 68 23 ens
1676 1714 141 37 skatte-

615 1766 174 48 förmåga
816 1766 154 36 rättvist
999 1766 71 36 och
1096 1765 126 49 billigt
1250 1770 88 43 sätt,
1369 1767 60 35 för
1455 1766 145 36 hvilket
1621 1766 197 36 ändamåls

616 1817 191 37 vinnande
844 1817 108 37 torde
994 1817 118 37 blifva
1144 1818 183 49 behöfligt
1361 1817 82 37 icke
1476 1818 99 36 blott
1604 1822 56 31 att
1688 1822 90 45 taga
1807 1817 11 36 i

614 1869 264 48 betraktande,
922 1883 61 23 om
1024 1869 82 37 icke
1147 1869 63 36 vid
1251 1869 217 37 införandet
1510 1870 41 36 af
1589 1868 139 38 allmän
1761 1869 57 36 in-

613 1921 234 37 komstskatt
888 1935 51 22 nu
976 1921 191 49 utgående
1208 1921 221 50 personliga
1458 1921 154 49 afgifter
1638 1921 93 37 böra
1760 1921 56 36 af-

615 1973 153 45 skaffas,
818 1978 92 32 utan
956 1974 113 36 äfven
1115 1973 100 37 fästa
1263 1973 176 50 behörigt
1480 1973 180 37 afseende
1703 1973 114 36 bland

615 2029 116 32 annat
758 2025 62 36 vid

742 2082 56 29 att
831 2079 126 33 såsom
996 2076 371 36 existensminimum
1402 2076 208 36 fastställes
1639 2081 56 31 ett
1715 2075 102 37 inom

614 2127 104 36 vissa
744 2132 161 43 gränser
925 2126 136 48 rörligt
1081 2126 323 49 inkomstbelopp,
1425 2140 81 23 som
1528 2127 85 36 med
1635 2127 181 36 afseende

613 2181 47 46 på
689 2178 192 36 storleken
912 2176 174 50 afpassas
1115 2178 95 36 efter
1238 2178 125 36 lokala
1393 2178 277 47 förhållanden,
1693 2178 127 36 famil-

607 2230 87 48 jens
720 2229 143 36 storlek
894 2236 98 29 samt
1022 2230 200 36 ömmande
1247 2229 333 49 omständigheter
1600 2230 70 35 och
1693 2229 127 36 tillika

612 2286 114 44 göres
756 2281 57 36 för
842 2280 223 38 samhällets
1093 2281 73 37 alla
1195 2281 248 37 medlemmar
1471 2281 230 46 skattefritt;
