2214 2626
707 145 342 35 Jordbruksutskottets
1070 145 164 35 utlåtande
1257 146 53 41 Nr
1332 148 73 32 110.
1769 148 41 36 18

447 224 122 39 (Kungl.
591 224 105 37 Maj:ts
718 225 141 39 förslag)
1286 226 173 38 (Utskottets
1480 226 149 39 förslag
1597 222 35 50 :y

383 274 72 38 Om
487 276 105 37 tiden
626 276 59 37 för
712 276 149 38 hästars
890 278 90 37 eller
1007 277 208 38 farkosters
1242 277 224 38 inställande
1493 277 96 38 skall
1612 278 243 50 Konungens

253 327 423 55 befallningshafvande
712 328 144 50 jämväl
897 329 170 38 meddela
1095 329 205 37 föreskrift.
1354 330 47 49 Ej
1431 332 62 34 må
1520 330 132 37 därvid
1680 330 170 59 stadgas,

255 383 56 33 att
337 379 87 37 häst
451 380 90 37 eller
568 380 145 37 farkost
740 381 95 36 skall
858 381 169 43 inställas
1056 387 137 42 genast
1220 381 65 37 vid
1314 381 213 48 anfordran,
1556 382 91 37 eller
1675 388 55 31 att
1747 383 105 36 inom

254 431 149 37 kortare
430 431 56 37 tid
514 436 47 32 än
589 445 47 24 en
664 432 132 37 timme
825 432 95 38 efter
947 433 205 37 anfordran
1175 433 96 37 skall
1290 433 303 38 tillhandahållas
1612 438 119 33 större
1750 435 103 36 antal

254 483 128 37 hästar
422 484 90 36 eller
552 484 186 37 farkoster
770 488 47 33 än
850 485 75 48 det,
954 498 81 24 som
1064 485 122 37 under
1212 485 321 50 nästföregående
1561 488 40 34 år
1628 485 185 50 dagligen
1839 487 13 35 i

255 535 177 37 medeltal
459 535 62 37 vid
551 535 312 49 skjutsanstalten
891 514 137 71 utgått.

382 580 56 43 År
460 587 123 49 skjuts
611 587 161 37 beställd
795 588 80 37 före
904 588 71 37 den
1002 588 178 38 resandes
1209 589 187 48 ankomst,
1425 589 107 37 skola
1551 589 47 37 de
1617 578 129 48 hästar
1764 589 92 37 eller

253 638 198 48 farkoster,
486 639 130 37 hvilka
644 640 60 36 för
732 639 173 49 skjutsen
932 641 199 48 utlämnas,
1161 640 175 37 afräknas
1364 643 22 34 å
1414 640 141 38 antalet
1583 641 42 37 af
1644 640 52 38 de
1722 641 133 37 hästar

254 689 89 38 eller
369 690 198 48 farkoster,
595 691 131 37 hvilka
748 691 102 37 inom
879 692 72 37 den
978 693 152 49 längsta
1157 692 104 37 tiden
1289 692 105 37 skola
1420 692 320 37 tillhandahållas.

384 742 72 37 Om
484 742 100 37 olika
608 744 85 48 slag
720 743 42 37 af
785 743 136 49 åkdon,
946 757 81 24 som
1043 722 117 59 "skola
1187 744 65 37 vid
1267 744 265 49 skjutsanstalt
1547 758 91 23 vara
1658 749 54 32 att
1730 744 120 50 tillgå,

254 794 70 36 och
364 793 110 38 deras
514 794 261 38 beskaffenhet
809 796 95 36 skall
931 796 102 49 gälla
1056 795 101 38 hvad
1185 795 220 50 Konungen
1431 796 64 37 vid
1524 796 261 38 fastställande
1814 797 46 36 af

254 845 114 49 afgift
396 846 60 36 för
478 846 252 49 begagnande
759 848 41 36 af
824 825 142 59 sådana
993 847 124 37 åkdon
1144 848 237 37 bestämmer.

381 897 129 38 Jämte
526 875 152 60 farkost
706 899 94 36 skall
823 899 303 37 tillhandahållas
1153 899 137 49 nödigt
1311 899 112 37 rodd-
1438 899 90 38 eller
1542 899 312 51 segelmanskap;

253 949 71 37 och
347 949 97 37 skall
470 950 240 49 Konungens
738 950 423 49 befallningshafvande
1189 929 174 59 meddela
1389 951 192 37 föreskrift
1601 952 104 36 såväl
1719 952 132 36 härom

253 1014 81 24 som
362 1001 196 49 angående
583 1002 210 37 farkostens
821 1001 260 39 beskaffenhet
1108 1003 72 37 och
1208 1003 65 37 det
1292 1003 138 50 högsta
1450 1003 103 37 antal
1566 1016 182 36 personer
1762 1003 95 37 eller

253 1057 139 33 största
418 1053 85 47 last,
532 1066 82 24 som
640 1053 65 37 vid
733 1054 132 49 hvarje
891 1054 146 37 tillfälle
1065 1058 62 33 må
1154 1055 86 37 med
1267 1033 192 59 farkosten
1486 1054 209 38 befordras.

382 1104 72 37 Om
483 1105 123 49 skjuts
634 1105 86 38 med
750 1107 207 37 automobil
985 1107 91 36 eller
1103 1107 188 37 motorbåt
1318 1106 157 49 stadgas
1501 1107 13 36 i
1538 1108 48 36 63
1616 1106 32 50 &.

1012 1263 21 35 6
1060 1261 31 50 $.

380 1362 74 38 Vid
495 1363 265 49 skjutsanstalt
800 1364 105 44 skola
933 1364 104 37 såväl
1063 1364 244 59 gästgifveri-
1336 1365 91 37 eller
1453 1364 398 50 stationshållningen,

252 1415 179 36 hvarmed
472 1415 136 37 förstås
650 1415 376 38 tillhandahållandet
1065 1416 44 37 af
1145 1416 45 37 de
1231 1417 11 36 i
1284 1418 22 35 3
1340 1415 21 50 &
1390 1416 183 38 härofvan
1602 1417 249 37 omförmälda

252 1466 292 38 förnödenheter
581 1467 71 37 och
693 1466 203 60 förmåner,
925 1480 80 24 som
1038 1468 271 49 skjutsningen
1337 1474 237 44 gemensamt
1600 1469 175 50 upplåtas
1802 1473 49 46 på

252 1518 249 49 entreprenad
530 1519 98 36 efter
655 1525 42 43 ty
724 1518 13 38 i
764 1519 35 37 V
825 1520 85 49 kap.
936 1520 129 36 därom
1094 1519 238 38 bestämmes.

383 1569 71 38 Om
500 1570 274 50 uppehållande
820 1571 41 37 af
902 1571 263 49 skjutsanstalt
1206 1572 222 37 annorledes
1467 1577 48 31 än
1556 1585 140 37 genom
1733 1573 116 37 sådan

251 1622 248 49 entreprenad
527 1622 90 37 skils
645 1622 12 36 1
684 1622 73 37 VII
783 1623 86 49 kap.

1008 1728 20 33 7
1052 1701 37 78 &.

382 1826 235 50 Gästgifveri
661 1828 93 36 skall
788 1827 156 38 förestås
973 1828 42 37 af
1038 1829 249 48 gästgifvare,
1317 1828 265 50 skjutsstation
1610 1829 42 38 af
1674 1830 179 37 stations-

252 1878 268 38 föreståndare.

379 1930 77 36 Där
496 1931 260 49 entreprenad,
790 1944 81 24 som
895 1932 12 36 i
935 1932 33 36 V
995 1932 86 49 kap.
1110 1932 112 47 afses,
1251 1932 64 37 vid
1343 1932 263 50 skjutsanstalt
1634 1938 93 44 äger
1752 1947 97 34 rum,

252 1981 95 37 skall
388 1986 294 45 entreprenören
723 1996 89 23 vara
854 1983 236 49 gästgifvare
1122 1983 91 37 eller
1241 1958 441 80 stationsföreståndare;
1708 1985 140 36 honom

251 2032 94 37 dock
387 2033 178 48 obetaget
606 2038 56 32 att
689 2033 58 37 till
775 2034 116 36 sådan
917 2034 219 49 befattning
1163 2035 12 35 i
1203 2035 67 36 sitt
1297 2035 107 37 ställe
1431 2038 50 46 på
1507 2048 99 36 egen
1636 2014 212 60 bekostnad

251 2088 98 38 sätta
390 2097 124 23 annan
548 2097 150 36 person,
727 2097 81 25 som
836 2086 42 35 af
901 2065 235 69 Konungens
1163 2085 423 62 befallningshafvande
1613 2086 232 49 godkännes.

380 2131 230 70 Uppehålles
634 2136 266 48 skjutsanstalt
927 2136 221 37 annorledes
1176 2141 48 32 än
1252 2150 140 36 genom
1421 2138 249 49 entreprenad
1690 2138 157 36 hvarom

250 2199 92 36 nyss
375 2191 40 31 är
449 2186 168 48 nämndt,
647 2186 97 37 skall
773 2186 159 38 särskild
956 2200 136 36 person
1120 2188 56 36 till
1202 2166 239 71 gästgifvare
1470 2189 90 36 eller
1587 2188 261 38 stationsföre-

251 2236 175 38 ståndare
454 2237 41 36 af
519 2215 234 72 Konungens
781 2238 420 49 befallningshafvande
1229 2245 170 44 antagas.
1835 2256 4 13 :
