2214 2630
709 153 348 34 Jordbruksutskottets
1079 150 166 33 utlåtande
1267 150 53 32 Nr
1344 150 72 31 110.
1772 146 39 30 21

448 234 121 42 (Kungl.
594 235 106 36 Maj:ts
722 232 142 41 förslag)

1003 354 44 33 21

1290 228 174 42 (Utskottets
1487 228 113 36 förslag
1607 225 21 42 :)

1082 350 19 29 S

1080 371 34 29 s:

388 443 132 49 Skjuts
561 442 97 36 intill
700 455 46 23 en
789 440 82 36 half
909 439 65 36 mil
1013 438 144 37 betalas
1200 440 122 33 såsom
1365 437 58 34 för
1463 450 46 22 en
1546 433 83 38 half
1655 433 76 37 mil.
1788 433 73 37 Vid

256 496 123 49 skjuts
407 495 153 36 utöfver
587 507 46 23 en
661 493 83 36 half
768 492 65 36 mil
860 491 183 37 beräknas
1071 489 243 48 betalningen
1343 488 93 37 efter
1464 488 72 36 den
1564 485 296 51 tillryggalagda

256 547 257 51 väglängden,
552 546 96 36 dock
681 550 55 31 att
765 557 81 23 som
875 543 67 36 full
970 541 210 37 tiondedels
1208 541 65 36 mil
1301 540 135 36 räknas
1465 538 308 49 öfverskjutande
1802 537 60 36 del

257 601 42 36 af
323 600 127 36 sådan.

605 721 47 34 28
681 718 33 49 $.

335 807 173 37 Resande
556 811 71 44 äge
676 805 83 36 icke
806 808 55 32 att
908 803 125 37 fordra

258 860 316 49 skyndsammare
616 856 205 38 fortkomst
861 862 49 30 än
943 855 91 38 efter

259 924 43 24 en
331 913 63 35 och
418 923 43 25 en
476 911 208 45 fjärdedels
704 911 121 34 timme
839 910 53 44 på
911 908 120 35 milen.

256 959 59 41 Är
368 964 186 42 afståndet
605 962 134 36 mellan
791 962 58 34 två
899 961 135 42 skjuts-

258 1016 176 36 anstalter
487 1016 160 44 ovanligt
702 1014 107 44 långt,
860 1012 89 36 eller
994 1014 40 31 är

258 1072 125 44 vägen
413 1066 40 37 af
479 1069 151 34 svårare
658 1063 265 38 beskaffenhet
942 1062 91 37 eller

259 1120 42 35 af
322 1119 139 36 backar
481 1119 12 35 i
512 1119 79 47 hög
618 1117 96 49 grad
743 1115 196 46 besvärad,
969 1128 65 22 an-

258 1172 151 35 komme
443 1173 49 46 på
520 1169 238 48 Konungens
786 1166 248 49 befallnings-

259 1223 189 35 hafvande
490 1227 56 31 att
582 1221 59 36 för
669 1220 135 37 sådant
832 1217 201 50 skjutshåll

259 1275 211 35 bestämma
507 1273 120 45 ställe,
661 1273 154 35 hvarest
843 1275 191 42 entrepre-

258 1331 121 31 nören
416 1328 61 33 må
512 1338 92 22 vara
633 1323 214 48 berättigad
878 1327 54 31 att
958 1322 77 35 låta

258 1378 136 36 hästen
423 1376 104 37 hvila
555 1378 101 44 högst
684 1387 43 24 en
756 1375 88 43 half
866 1376 127 34 timme.

338 1687 132 37 Under
515 1687 133 36 färden
694 1687 61 34 må
803 1686 40 34 af
880 1684 156 36 resande

260 1744 112 44 göras
413 1738 180 49 uppehåll
634 1738 115 47 högst
790 1742 54 30 tre
877 1736 158 35 timmar.

260 1791 74 36 För
362 1791 71 35 den
462 1790 54 36 tid
544 1789 171 49 skjutsen
744 1788 156 36 sålunda
921 1799 116 36 uppe-

261 1842 117 37 hålles
425 1841 106 37 öfver
574 1854 46 23 en
662 1839 205 50 fjärdedels
908 1839 129 36 timme

262 1894 94 36 skall
376 1894 72 36 den
467 1893 157 36 resande
645 1892 155 48 erlägga
816 1891 223 48 väntnings-

260 1946 213 48 penningar
501 1944 94 37 efter
620 1944 103 36 den
709 1938 20 60 i
747 1945 44 34 19
817 1942 20 49 $
858 1942 181 48 stadgade

264 1996 364 49 beräkningsgrund.

1011 2116 47 29 20

1011 2138 19 10 ka
1041 2140 4 8 t

1411 715 47 35 28
1486 713 32 49 $.

1165 802 172 36 Resande
1387 805 72 45 äge
1509 801 81 36 icke
1638 805 55 31 att
1739 799 124 35 fordra

1087 854 312 49 skyndsammare
1440 853 201 36 fortkomst
1681 858 50 30 än
1773 850 92 42 efter

1088 917 43 24 en
1160 907 64 35 och
1253 917 43 25 en
1313 906 211 43 fjärdedels
1551 906 118 34 timme
1685 905 51 44 på
1755 903 105 35 milen

1089 959 73 42 och,
1192 959 70 34 där
1290 958 185 43 afståndet
1502 957 134 36 mellan
1656 958 60 33 två
1734 956 130 42 skjuts-

1089 1010 178 36 anstalter
1312 1009 213 45 öfverstiger
1572 1010 52 34 25
1672 1008 190 41 kiuometer,

1087 1062 94 41 efter
1209 1074 42 24 en
1281 1062 63 35 och
1371 1072 44 24 en
1434 1060 88 45 half
1535 1062 119 34 timme
1670 1060 52 46 på
1742 1059 121 35 milen.

1088 1109 56 40 Är
1164 1114 187 43 afståndet
1370 1113 134 36 mellan
1523 1111 342 45 skjutsanstalterna

1089 1170 116 32 större
1246 1171 49 29 än
1337 1177 50 23 mu
1419 1168 107 42 sagts,
1557 1164 89 36 eller
1673 1168 41 30 är
1741 1166 124 44 vägen

1089 1217 41 36 af
1180 1219 149 33 svårare
1379 1216 259 36 beskaffenhet
1689 1215 89 35 eller
1829 1214 40 34 af

1088 1269 139 36 backar
1264 1268 11 35 i
1308 1268 79 47 hög
1428 1267 95 48 grad
1563 1266 195 46 besvärad,
1801 1278 64 23 an-

1088 1321 151 36 komme
1274 1322 49 46 på
1354 1319 237 48 Konungens
1620 1317 247 48 befallnings-

1088 1371 189 37 hafvande
1318 1376 54 31 att
1413 1371 59 35 för
1508 1370 133 36 sådant
1669 1368 199 50 skjutshåll

1088 1424 210 36 bestämma
1339 1423 119 46 ställe,
1497 1422 153 36 hvarest
1678 1426 189 43 entrepre-

1088 1481 120 31 nören
1249 1478 61 33 må
1351 1488 89 22 vara
1468 1473 213 49 berättigad
1711 1478 55 31 att
1792 1472 75 35 låta

1088 1528 135 36 hästen
1265 1527 100 36 hvila
1407 1527 63 36 och
1506 1527 142 43 jämväl
1676 1525 190 44 fastställa

1090 1580 150 46 lämplig
1271 1581 54 34 tid
1354 1579 138 43 härför,
1523 1579 88 35 dock
1640 1580 35 41 ej
1701 1577 102 43 öfver
1824 1587 40 25 en

1089 1633 132 35 timme.

1170 1682 128 37 Under
1347 1682 129 36 färden
1523 1683 61 33 må
1631 1680 40 36 af
1712 1679 157 36 resande

1091 1739 113 42 göras
1246 1733 177 49 uppehåll
1465 1733 113 46 högst
1615 1737 56 30 tre
1706 1731 162 36 timmar.

1092 1785 75 36 För
1196 1785 73 36 den
1298 1784 53 37 tid
1380 1785 173 48 skjutsen
1575 1783 158 36 sålunda
1752 1795 118 35 uppe-

1091 1837 118 36 hålles
1255 1837 106 36 öfver
1407 1850 45 23 en
1498 1835 202 48 fjärdedels
1741 1834 129 36 timme

1094 1889 96 36 skall
1210 1888 73 36 den
1303 1888 156 37 resande
1475 1888 155 47 erlägga
1645 1886 224 47 väntnings-

1093 1940 215 50 penningar
1332 1941 94 35 efter
1445 1940 71 35 den
1538 1939 9 34 i
1571 1940 45 34 19
1637 1937 21 49 $
1687 1936 184 48 stadgade

1093 1991 370 49 beräkningsgrund.

1089 2112 21 47 LP

367 2202 94 35 Sker
506 2214 137 35 genom
685 2199 180 37 resandes
907 2199 89 36 eller
1037 2198 139 36 honom
1216 2196 206 49 åtföljande
1456 2208 155 37 persons
1642 2192 230 38 förvållande

261 2254 117 36 skada
409 2255 18 33 å
458 2252 99 39 häst,
589 2252 137 39 åkdon,
765 2252 125 47 seltyg
922 2251 87 35 eller
1037 2249 114 47 sadel,
1182 2251 59 34 må
1271 2248 46 49 ej,
1348 2248 113 35 innan
1490 2244 383 38 öfverenskommelse
