<?xml version="1.0" encoding="UTF-8"?>
<alto xmlns="http://www.loc.gov/standards/alto/ns-v3#" xmlns:xlink="http://www.w3.org/1999/xlink" xmlns:xsi="http://www.w3.org/2001/XMLSchema-instance" xsi:schemaLocation="http://www.loc.gov/standards/alto/ns-v3# http://www.loc.gov/alto/v3/alto-3-0.xsd">
	<Description>
		<MeasurementUnit>pixel</MeasurementUnit>
		<sourceImageInformation>
			<fileName>/tmp/tess_wotm_7pp_input.PNG</fileName>
		</sourceImageInformation>
		<OCRProcessing ID="OCR_0">
			<ocrProcessingStep>
				<processingSoftware>
					<softwareName>tesseract 5.3.0</softwareName>
				</processingSoftware>
			</ocrProcessingStep>
		</OCRProcessing>
	</Description>
	<Layout>
		<Page WIDTH="1874" HEIGHT="2808" PHYSICAL_IMG_NR="0" ID="page_0">
			<PrintSpace HPOS="0" VPOS="0" WIDTH="1874" HEIGHT="2808">
				<ComposedBlock ID="cblock_0" HPOS="422" VPOS="169" WIDTH="1154" HEIGHT="36">
					<TextBlock ID="block_0" HPOS="422" VPOS="169" WIDTH="1154" HEIGHT="36">
						<TextLine ID="line_0" HPOS="422" VPOS="169" WIDTH="1154" HEIGHT="36">
							<String ID="string_0" HPOS="422" VPOS="171" WIDTH="103" HEIGHT="27" WC="0.93" CONTENT="Andra"/><SP WIDTH="26" VPOS="171" HPOS="525"/>
							<String ID="string_1" HPOS="551" VPOS="171" WIDTH="216" HEIGHT="34" WC="0.90" CONTENT="lagutskottets"/><SP WIDTH="24" VPOS="171" HPOS="767"/>
							<String ID="string_2" HPOS="791" VPOS="169" WIDTH="157" HEIGHT="28" WC="0.96" CONTENT="utlåtande"/><SP WIDTH="23" VPOS="169" HPOS="948"/>
							<String ID="string_3" HPOS="971" VPOS="178" WIDTH="36" HEIGHT="18" WC="0.96" CONTENT="nr"/><SP WIDTH="23" VPOS="178" HPOS="1007"/>
							<String ID="string_4" HPOS="1030" VPOS="170" WIDTH="50" HEIGHT="32" WC="0.95" CONTENT="40;"/><SP WIDTH="25" VPOS="170" HPOS="1080"/>
							<String ID="string_5" HPOS="1105" VPOS="169" WIDTH="127" HEIGHT="34" WC="0.96" CONTENT="bilagor."/><SP WIDTH="324" VPOS="169" HPOS="1232"/>
							<String ID="string_6" HPOS="1556" VPOS="169" WIDTH="20" HEIGHT="29" WC="0.96" CONTENT="9"/>
						</TextLine>
					</TextBlock>
				</ComposedBlock>
				<ComposedBlock ID="cblock_1" HPOS="1394" VPOS="299" WIDTH="176" HEIGHT="39">
					<TextBlock ID="block_1" HPOS="1394" VPOS="299" WIDTH="176" HEIGHT="39">
						<TextLine ID="line_1" HPOS="1394" VPOS="299" WIDTH="176" HEIGHT="39">
							<String ID="string_7" HPOS="1394" VPOS="300" WIDTH="118" HEIGHT="38" WC="0.90" CONTENT="Bilaga"/><SP WIDTH="25" VPOS="300" HPOS="1512"/>
							<String ID="string_8" HPOS="1537" VPOS="299" WIDTH="33" HEIGHT="30" WC="0.90" CONTENT="B."/>
						</TextLine>
					</TextBlock>
				</ComposedBlock>
				<ComposedBlock ID="cblock_2" HPOS="193" VPOS="401" WIDTH="664" HEIGHT="39">
					<TextBlock ID="block_2" HPOS="193" VPOS="401" WIDTH="664" HEIGHT="39">
						<TextLine ID="line_2" HPOS="193" VPOS="401" WIDTH="664" HEIGHT="39">
							<String ID="string_9" HPOS="193" VPOS="403" WIDTH="68" HEIGHT="30" WC="0.95" CONTENT="Till"/><SP WIDTH="23" VPOS="403" HPOS="261"/>
							<String ID="string_10" HPOS="284" VPOS="403" WIDTH="216" HEIGHT="37" WC="0.96" CONTENT="Riksdagens"/><SP WIDTH="23" VPOS="403" HPOS="500"/>
							<String ID="string_11" HPOS="523" VPOS="401" WIDTH="111" HEIGHT="30" WC="0.93" CONTENT="andra"/><SP WIDTH="21" VPOS="401" HPOS="634"/>
							<String ID="string_12" HPOS="655" VPOS="401" WIDTH="202" HEIGHT="38" WC="0.92" CONTENT="lagutskott."/>
						</TextLine>
					</TextBlock>
				</ComposedBlock>
				<ComposedBlock ID="cblock_3" HPOS="83" VPOS="531" WIDTH="1505" HEIGHT="1964">
					<TextBlock ID="block_3" HPOS="83" VPOS="531" WIDTH="1492" HEIGHT="271">
						<TextLine ID="line_3" HPOS="128" VPOS="531" WIDTH="1445" HEIGHT="46">
							<String ID="string_13" HPOS="128" VPOS="540" WIDTH="131" HEIGHT="30" WC="0.96" CONTENT="Genom"/><SP WIDTH="25" VPOS="540" HPOS="259"/>
							<String ID="string_14" HPOS="284" VPOS="536" WIDTH="105" HEIGHT="41" WC="0.96" CONTENT="nådig"/><SP WIDTH="25" VPOS="536" HPOS="389"/>
							<String ID="string_15" HPOS="414" VPOS="536" WIDTH="120" HEIGHT="31" WC="0.96" CONTENT="remiss"/><SP WIDTH="24" VPOS="536" HPOS="534"/>
							<String ID="string_16" HPOS="558" VPOS="536" WIDTH="67" HEIGHT="29" WC="0.96" CONTENT="den"/><SP WIDTH="27" VPOS="536" HPOS="625"/>
							<String ID="string_17" HPOS="652" VPOS="536" WIDTH="39" HEIGHT="29" WC="0.95" CONTENT="15"/><SP WIDTH="25" VPOS="536" HPOS="691"/>
							<String ID="string_18" HPOS="716" VPOS="535" WIDTH="153" HEIGHT="30" WC="0.96" CONTENT="februari"/><SP WIDTH="29" VPOS="535" HPOS="869"/>
							<String ID="string_19" HPOS="898" VPOS="536" WIDTH="83" HEIGHT="29" WC="0.96" CONTENT="1946"/><SP WIDTH="24" VPOS="536" HPOS="981"/>
							<String ID="string_20" HPOS="1005" VPOS="535" WIDTH="64" HEIGHT="29" WC="0.93" CONTENT="har"/><SP WIDTH="26" VPOS="535" HPOS="1069"/>
							<String ID="string_21" HPOS="1095" VPOS="533" WIDTH="351" HEIGHT="39" WC="0.90" CONTENT="medicinalstyrelsen"/><SP WIDTH="26" VPOS="533" HPOS="1446"/>
							<String ID="string_22" HPOS="1472" VPOS="531" WIDTH="101" HEIGHT="30" WC="0.90" CONTENT="anbe-"/>
						</TextLine>
						<TextLine ID="line_4" HPOS="84" VPOS="576" WIDTH="1489" HEIGHT="44">
							<String ID="string_23" HPOS="84" VPOS="584" WIDTH="96" HEIGHT="30" WC="0.90" CONTENT="fallts"/><SP WIDTH="25" VPOS="584" HPOS="180"/>
							<String ID="string_24" HPOS="205" VPOS="587" WIDTH="50" HEIGHT="26" WC="0.96" CONTENT="att"/><SP WIDTH="27" VPOS="587" HPOS="255"/>
							<String ID="string_25" HPOS="282" VPOS="582" WIDTH="52" HEIGHT="30" WC="0.96" CONTENT="till"/><SP WIDTH="26" VPOS="582" HPOS="334"/>
							<String ID="string_26" HPOS="360" VPOS="582" WIDTH="204" HEIGHT="38" WC="0.96" CONTENT="riksdagens"/><SP WIDTH="25" VPOS="582" HPOS="564"/>
							<String ID="string_27" HPOS="589" VPOS="581" WIDTH="112" HEIGHT="29" WC="0.93" CONTENT="andra"/><SP WIDTH="25" VPOS="581" HPOS="701"/>
							<String ID="string_28" HPOS="726" VPOS="580" WIDTH="191" HEIGHT="39" WC="0.91" CONTENT="lagutskott"/><SP WIDTH="24" VPOS="580" HPOS="917"/>
							<String ID="string_29" HPOS="941" VPOS="579" WIDTH="124" HEIGHT="39" WC="0.93" CONTENT="avgiva"/><SP WIDTH="25" VPOS="579" HPOS="1065"/>
							<String ID="string_30" HPOS="1090" VPOS="578" WIDTH="163" HEIGHT="40" WC="0.96" CONTENT="yttrande"/><SP WIDTH="26" VPOS="578" HPOS="1253"/>
							<String ID="string_31" HPOS="1279" VPOS="579" WIDTH="84" HEIGHT="29" WC="0.96" CONTENT="över"/><SP WIDTH="23" VPOS="579" HPOS="1363"/>
							<String ID="string_32" HPOS="1386" VPOS="578" WIDTH="67" HEIGHT="29" WC="0.96" CONTENT="den"/><SP WIDTH="24" VPOS="578" HPOS="1453"/>
							<String ID="string_33" HPOS="1477" VPOS="576" WIDTH="96" HEIGHT="30" WC="0.96" CONTENT="inom"/>
						</TextLine>
						<TextLine ID="line_5" HPOS="83" VPOS="620" WIDTH="1491" HEIGHT="47">
							<String ID="string_34" HPOS="83" VPOS="629" WIDTH="190" HEIGHT="38" WC="0.96" CONTENT="riksdagen"/><SP WIDTH="19" VPOS="629" HPOS="273"/>
							<String ID="string_35" HPOS="292" VPOS="628" WIDTH="126" HEIGHT="29" WC="0.96" CONTENT="väckta"/><SP WIDTH="20" VPOS="628" HPOS="418"/>
							<String ID="string_36" HPOS="438" VPOS="626" WIDTH="182" HEIGHT="30" WC="0.96" CONTENT="motionen"/><SP WIDTH="22" VPOS="626" HPOS="620"/>
							<String ID="string_37" HPOS="642" VPOS="625" WIDTH="45" HEIGHT="30" WC="0.93" CONTENT="II:"/><SP WIDTH="18" VPOS="625" HPOS="687"/>
							<String ID="string_38" HPOS="705" VPOS="626" WIDTH="60" HEIGHT="30" WC="0.96" CONTENT="135"/><SP WIDTH="22" VPOS="626" HPOS="765"/>
							<String ID="string_39" HPOS="787" VPOS="624" WIDTH="181" HEIGHT="40" WC="0.96" CONTENT="angående"/><SP WIDTH="21" VPOS="624" HPOS="968"/>
							<String ID="string_40" HPOS="989" VPOS="624" WIDTH="69" HEIGHT="30" WC="0.96" CONTENT="viss"/><SP WIDTH="19" VPOS="624" HPOS="1058"/>
							<String ID="string_41" HPOS="1077" VPOS="624" WIDTH="150" HEIGHT="38" WC="0.96" CONTENT="ändring"/><SP WIDTH="21" VPOS="624" HPOS="1227"/>
							<String ID="string_42" HPOS="1248" VPOS="633" WIDTH="42" HEIGHT="20" WC="0.96" CONTENT="av"/><SP WIDTH="26" VPOS="633" HPOS="1290"/>
							<String ID="string_43" HPOS="1316" VPOS="624" WIDTH="14" HEIGHT="28" WC="0.91" CONTENT="1"/><SP WIDTH="24" VPOS="624" HPOS="1330"/>
							<String ID="string_44" HPOS="1354" VPOS="620" WIDTH="20" HEIGHT="41" WC="0.77" CONTENT="$"/><SP WIDTH="20" VPOS="620" HPOS="1374"/>
							<String ID="string_45" HPOS="1394" VPOS="622" WIDTH="101" HEIGHT="38" WC="0.96" CONTENT="lagen"/><SP WIDTH="22" VPOS="622" HPOS="1495"/>
							<String ID="string_46" HPOS="1517" VPOS="630" WIDTH="57" HEIGHT="21" WC="0.96" CONTENT="om"/>
						</TextLine>
						<TextLine ID="line_6" HPOS="84" VPOS="667" WIDTH="1491" HEIGHT="44">
							<String ID="string_47" HPOS="84" VPOS="672" WIDTH="216" HEIGHT="39" WC="0.96" CONTENT="behandling"/><SP WIDTH="29" VPOS="672" HPOS="300"/>
							<String ID="string_48" HPOS="329" VPOS="682" WIDTH="43" HEIGHT="21" WC="0.96" CONTENT="av"/><SP WIDTH="26" VPOS="682" HPOS="372"/>
							<String ID="string_49" HPOS="398" VPOS="671" WIDTH="230" HEIGHT="31" WC="0.91" CONTENT="alkoholister"/><SP WIDTH="25" VPOS="671" HPOS="628"/>
							<String ID="string_50" HPOS="653" VPOS="674" WIDTH="91" HEIGHT="26" WC="0.96" CONTENT="samt"/><SP WIDTH="25" VPOS="674" HPOS="744"/>
							<String ID="string_51" HPOS="769" VPOS="673" WIDTH="50" HEIGHT="27" WC="0.96" CONTENT="att"/><SP WIDTH="28" VPOS="673" HPOS="819"/>
							<String ID="string_52" HPOS="847" VPOS="670" WIDTH="52" HEIGHT="30" WC="0.93" CONTENT="till"/><SP WIDTH="28" VPOS="670" HPOS="899"/>
							<String ID="string_53" HPOS="927" VPOS="669" WIDTH="389" HEIGHT="38" WC="0.90" CONTENT="socialdepartementet"/><SP WIDTH="26" VPOS="669" HPOS="1316"/>
							<String ID="string_54" HPOS="1342" VPOS="667" WIDTH="148" HEIGHT="30" WC="0.93" CONTENT="insända"/><SP WIDTH="29" VPOS="667" HPOS="1490"/>
							<String ID="string_55" HPOS="1519" VPOS="675" WIDTH="56" HEIGHT="20" WC="0.91" CONTENT="av-"/>
						</TextLine>
						<TextLine ID="line_7" HPOS="84" VPOS="710" WIDTH="1491" HEIGHT="46">
							<String ID="string_56" HPOS="84" VPOS="717" WIDTH="105" HEIGHT="31" WC="0.96" CONTENT="skrift"/><SP WIDTH="21" VPOS="717" HPOS="189"/>
							<String ID="string_57" HPOS="210" VPOS="727" WIDTH="43" HEIGHT="21" WC="0.96" CONTENT="av"/><SP WIDTH="20" VPOS="727" HPOS="253"/>
							<String ID="string_58" HPOS="273" VPOS="717" WIDTH="187" HEIGHT="39" WC="0.95" CONTENT="yttrandet."/><SP WIDTH="34" VPOS="717" HPOS="460"/>
							<String ID="string_59" HPOS="494" VPOS="716" WIDTH="67" HEIGHT="30" WC="0.93" CONTENT="Till"/><SP WIDTH="20" VPOS="716" HPOS="561"/>
							<String ID="string_60" HPOS="581" VPOS="714" WIDTH="170" HEIGHT="39" WC="0.92" CONTENT="åtlydnad"/><SP WIDTH="21" VPOS="714" HPOS="751"/>
							<String ID="string_61" HPOS="772" VPOS="715" WIDTH="110" HEIGHT="29" WC="0.96" CONTENT="härav"/><SP WIDTH="22" VPOS="715" HPOS="882"/>
							<String ID="string_62" HPOS="904" VPOS="713" WIDTH="58" HEIGHT="31" WC="0.93" CONTENT="får"/><SP WIDTH="19" VPOS="713" HPOS="962"/>
							<String ID="string_63" HPOS="981" VPOS="713" WIDTH="361" HEIGHT="38" WC="0.92" CONTENT="medicinalstyrelsen"/><SP WIDTH="22" VPOS="713" HPOS="1342"/>
							<String ID="string_64" HPOS="1364" VPOS="711" WIDTH="126" HEIGHT="30" WC="0.93" CONTENT="anföra"/><SP WIDTH="21" VPOS="711" HPOS="1490"/>
							<String ID="string_65" HPOS="1511" VPOS="710" WIDTH="64" HEIGHT="30" WC="0.92" CONTENT="föl-"/>
						</TextLine>
						<TextLine ID="line_8" HPOS="85" VPOS="763" WIDTH="116" HEIGHT="39">
							<String ID="string_66" HPOS="85" VPOS="763" WIDTH="116" HEIGHT="39" WC="0.90" CONTENT="jande."/>
						</TextLine>
					</TextBlock>
					<TextBlock ID="block_4" HPOS="86" VPOS="800" WIDTH="1494" HEIGHT="584">
						<TextLine ID="line_9" HPOS="130" VPOS="800" WIDTH="1446" HEIGHT="45">
							<String ID="string_67" HPOS="130" VPOS="809" WIDTH="14" HEIGHT="29" WC="0.96" CONTENT="I"/><SP WIDTH="32" VPOS="809" HPOS="144"/>
							<String ID="string_68" HPOS="176" VPOS="808" WIDTH="55" HEIGHT="29" WC="0.96" CONTENT="sin"/><SP WIDTH="30" VPOS="808" HPOS="231"/>
							<String ID="string_69" HPOS="261" VPOS="806" WIDTH="209" HEIGHT="39" WC="0.96" CONTENT="motivering"/><SP WIDTH="30" VPOS="806" HPOS="470"/>
							<String ID="string_70" HPOS="500" VPOS="805" WIDTH="139" HEIGHT="39" WC="0.96" CONTENT="påpeka"/><SP WIDTH="32" VPOS="805" HPOS="639"/>
							<String ID="string_71" HPOS="671" VPOS="805" WIDTH="263" HEIGHT="30" WC="0.96" CONTENT="motionärerna"/><SP WIDTH="33" VPOS="805" HPOS="934"/>
							<String ID="string_72" HPOS="967" VPOS="804" WIDTH="56" HEIGHT="30" WC="0.96" CONTENT="det"/><SP WIDTH="30" VPOS="804" HPOS="1023"/>
							<String ID="string_73" HPOS="1053" VPOS="802" WIDTH="250" HEIGHT="36" WC="0.96" CONTENT="förhållandet,"/><SP WIDTH="31" VPOS="802" HPOS="1303"/>
							<String ID="string_74" HPOS="1334" VPOS="805" WIDTH="50" HEIGHT="27" WC="0.97" CONTENT="att"/><SP WIDTH="31" VPOS="805" HPOS="1384"/>
							<String ID="string_75" HPOS="1415" VPOS="800" WIDTH="161" HEIGHT="39" WC="0.95" CONTENT="gällande"/>
						</TextLine>
						<TextLine ID="line_10" HPOS="86" VPOS="845" WIDTH="1490" HEIGHT="45">
							<String ID="string_76" HPOS="86" VPOS="851" WIDTH="414" HEIGHT="39" WC="0.89" CONTENT="alkoholistlagstiftning"/><SP WIDTH="26" VPOS="851" HPOS="500"/>
							<String ID="string_77" HPOS="526" VPOS="849" WIDTH="155" HEIGHT="31" WC="0.96" CONTENT="framför"/><SP WIDTH="23" VPOS="849" HPOS="681"/>
							<String ID="string_78" HPOS="704" VPOS="851" WIDTH="61" HEIGHT="29" WC="0.96" CONTENT="allt"/><SP WIDTH="25" VPOS="851" HPOS="765"/>
							<String ID="string_79" HPOS="790" VPOS="853" WIDTH="99" HEIGHT="35" WC="0.96" CONTENT="tager"/><SP WIDTH="24" VPOS="853" HPOS="889"/>
							<String ID="string_80" HPOS="913" VPOS="849" WIDTH="90" HEIGHT="30" WC="0.96" CONTENT="sikte"/><SP WIDTH="26" VPOS="849" HPOS="1003"/>
							<String ID="string_81" HPOS="1029" VPOS="848" WIDTH="45" HEIGHT="39" WC="0.96" CONTENT="på"/><SP WIDTH="27" VPOS="848" HPOS="1074"/>
							<String ID="string_82" HPOS="1101" VPOS="849" WIDTH="42" HEIGHT="29" WC="0.96" CONTENT="de"/><SP WIDTH="26" VPOS="849" HPOS="1143"/>
							<String ID="string_83" HPOS="1169" VPOS="847" WIDTH="130" HEIGHT="31" WC="0.93" CONTENT="sociala"/><SP WIDTH="26" VPOS="847" HPOS="1299"/>
							<String ID="string_84" HPOS="1325" VPOS="845" WIDTH="251" HEIGHT="39" WC="0.92" CONTENT="följdföreteel-"/>
						</TextLine>
						<TextLine ID="line_11" HPOS="86" VPOS="890" WIDTH="1491" HEIGHT="38">
							<String ID="string_85" HPOS="86" VPOS="906" WIDTH="103" HEIGHT="22" WC="0.96" CONTENT="serna"/><SP WIDTH="26" VPOS="906" HPOS="189"/>
							<String ID="string_86" HPOS="215" VPOS="906" WIDTH="43" HEIGHT="21" WC="0.93" CONTENT="av"/><SP WIDTH="25" VPOS="906" HPOS="258"/>
							<String ID="string_87" HPOS="283" VPOS="895" WIDTH="359" HEIGHT="32" WC="0.92" CONTENT="alkoholmissbruket"/><SP WIDTH="26" VPOS="895" HPOS="642"/>
							<String ID="string_88" HPOS="668" VPOS="904" WIDTH="82" HEIGHT="20" WC="0.96" CONTENT="men"/><SP WIDTH="27" VPOS="904" HPOS="750"/>
							<String ID="string_89" HPOS="777" VPOS="898" WIDTH="49" HEIGHT="27" WC="0.96" CONTENT="att"/><SP WIDTH="28" VPOS="898" HPOS="826"/>
							<String ID="string_90" HPOS="854" VPOS="894" WIDTH="131" HEIGHT="30" WC="0.95" CONTENT="antalet"/><SP WIDTH="26" VPOS="894" HPOS="985"/>
							<String ID="string_91" HPOS="1011" VPOS="894" WIDTH="73" HEIGHT="34" WC="0.96" CONTENT="fall,"/><SP WIDTH="26" VPOS="894" HPOS="1084"/>
							<String ID="string_92" HPOS="1110" VPOS="893" WIDTH="65" HEIGHT="30" WC="0.93" CONTENT="där"/><SP WIDTH="25" VPOS="893" HPOS="1175"/>
							<String ID="string_93" HPOS="1200" VPOS="890" WIDTH="377" HEIGHT="32" WC="0.91" CONTENT="alkoholmissbrukets"/>
						</TextLine>
						<TextLine ID="line_12" HPOS="87" VPOS="934" WIDTH="1490" HEIGHT="44">
							<String ID="string_94" HPOS="87" VPOS="942" WIDTH="219" HEIGHT="31" WC="0.96" CONTENT="medicinska"/><SP WIDTH="28" VPOS="942" HPOS="306"/>
							<String ID="string_95" HPOS="334" VPOS="940" WIDTH="325" HEIGHT="38" WC="0.96" CONTENT="skadeverkningar"/><SP WIDTH="24" VPOS="940" HPOS="659"/>
							<String ID="string_96" HPOS="683" VPOS="941" WIDTH="83" HEIGHT="37" WC="0.96" CONTENT="göra"/><SP WIDTH="26" VPOS="941" HPOS="766"/>
							<String ID="string_97" HPOS="792" VPOS="940" WIDTH="50" HEIGHT="38" WC="0.96" CONTENT="sig"/><SP WIDTH="27" VPOS="940" HPOS="842"/>
							<String ID="string_98" HPOS="869" VPOS="939" WIDTH="172" HEIGHT="38" WC="0.96" CONTENT="gällande,"/><SP WIDTH="27" VPOS="939" HPOS="1041"/>
							<String ID="string_99" HPOS="1068" VPOS="939" WIDTH="40" HEIGHT="29" WC="0.96" CONTENT="är"/><SP WIDTH="27" VPOS="939" HPOS="1108"/>
							<String ID="string_100" HPOS="1135" VPOS="937" WIDTH="72" HEIGHT="30" WC="0.96" CONTENT="lika"/><SP WIDTH="27" VPOS="937" HPOS="1207"/>
							<String ID="string_101" HPOS="1234" VPOS="940" WIDTH="86" HEIGHT="27" WC="0.96" CONTENT="stort"/><SP WIDTH="26" VPOS="940" HPOS="1320"/>
							<String ID="string_102" HPOS="1346" VPOS="945" WIDTH="74" HEIGHT="21" WC="0.96" CONTENT="som"/><SP WIDTH="26" VPOS="945" HPOS="1420"/>
							<String ID="string_103" HPOS="1446" VPOS="934" WIDTH="131" HEIGHT="31" WC="0.95" CONTENT="antalet"/>
						</TextLine>
						<TextLine ID="line_13" HPOS="87" VPOS="981" WIDTH="1489" HEIGHT="41">
							<String ID="string_104" HPOS="87" VPOS="997" WIDTH="42" HEIGHT="21" WC="0.96" CONTENT="av"/><SP WIDTH="23" VPOS="997" HPOS="129"/>
							<String ID="string_105" HPOS="152" VPOS="988" WIDTH="43" HEIGHT="30" WC="0.96" CONTENT="de"/><SP WIDTH="24" VPOS="988" HPOS="195"/>
							<String ID="string_106" HPOS="219" VPOS="986" WIDTH="74" HEIGHT="35" WC="0.96" CONTENT="fall,"/><SP WIDTH="26" VPOS="986" HPOS="293"/>
							<String ID="string_107" HPOS="319" VPOS="995" WIDTH="75" HEIGHT="21" WC="0.96" CONTENT="som"/><SP WIDTH="23" VPOS="995" HPOS="394"/>
							<String ID="string_108" HPOS="417" VPOS="985" WIDTH="184" HEIGHT="30" WC="0.96" CONTENT="föranleda"/><SP WIDTH="25" VPOS="985" HPOS="601"/>
							<String ID="string_109" HPOS="626" VPOS="983" WIDTH="209" HEIGHT="39" WC="0.96" CONTENT="ingripande"/><SP WIDTH="24" VPOS="983" HPOS="835"/>
							<String ID="string_110" HPOS="859" VPOS="983" WIDTH="107" HEIGHT="39" WC="0.93" CONTENT="enligt"/><SP WIDTH="23" VPOS="983" HPOS="966"/>
							<String ID="string_111" HPOS="989" VPOS="982" WIDTH="304" HEIGHT="37" WC="0.90" CONTENT="alkoholistlagen."/><SP WIDTH="37" VPOS="982" HPOS="1293"/>
							<String ID="string_112" HPOS="1330" VPOS="981" WIDTH="14" HEIGHT="30" WC="0.96" CONTENT="I"/><SP WIDTH="26" VPOS="981" HPOS="1344"/>
							<String ID="string_113" HPOS="1370" VPOS="981" WIDTH="93" HEIGHT="29" WC="0.93" CONTENT="detta"/><SP WIDTH="25" VPOS="981" HPOS="1463"/>
							<String ID="string_114" HPOS="1488" VPOS="988" WIDTH="88" HEIGHT="21" WC="0.92" CONTENT="sam-"/>
						</TextLine>
						<TextLine ID="line_14" HPOS="88" VPOS="1024" WIDTH="1490" HEIGHT="46">
							<String ID="string_115" HPOS="88" VPOS="1032" WIDTH="180" HEIGHT="38" WC="0.92" CONTENT="manhang"/><SP WIDTH="28" VPOS="1032" HPOS="268"/>
							<String ID="string_116" HPOS="296" VPOS="1030" WIDTH="216" HEIGHT="35" WC="0.89" CONTENT="framhålles,"/><SP WIDTH="29" VPOS="1030" HPOS="512"/>
							<String ID="string_117" HPOS="541" VPOS="1032" WIDTH="50" HEIGHT="27" WC="0.93" CONTENT="att"/><SP WIDTH="29" VPOS="1032" HPOS="591"/>
							<String ID="string_118" HPOS="620" VPOS="1028" WIDTH="360" HEIGHT="31" WC="0.91" CONTENT="alkoholmissbruket"/><SP WIDTH="31" VPOS="1028" HPOS="980"/>
							<String ID="string_119" HPOS="1011" VPOS="1026" WIDTH="141" HEIGHT="31" WC="0.96" CONTENT="medför"/><SP WIDTH="29" VPOS="1026" HPOS="1152"/>
							<String ID="string_120" HPOS="1181" VPOS="1036" WIDTH="43" HEIGHT="20" WC="0.95" CONTENT="en"/><SP WIDTH="28" VPOS="1036" HPOS="1224"/>
							<String ID="string_121" HPOS="1252" VPOS="1026" WIDTH="159" HEIGHT="30" WC="0.96" CONTENT="avsevärt"/><SP WIDTH="28" VPOS="1026" HPOS="1411"/>
							<String ID="string_122" HPOS="1439" VPOS="1024" WIDTH="139" HEIGHT="30" WC="0.96" CONTENT="nedsatt"/>
						</TextLine>
						<TextLine ID="line_15" HPOS="87" VPOS="1067" WIDTH="1491" HEIGHT="47">
							<String ID="string_123" HPOS="87" VPOS="1075" WIDTH="281" HEIGHT="39" WC="0.96" CONTENT="arbetsförmåga"/><SP WIDTH="40" VPOS="1075" HPOS="368"/>
							<String ID="string_124" HPOS="408" VPOS="1076" WIDTH="65" HEIGHT="29" WC="0.95" CONTENT="och"/><SP WIDTH="39" VPOS="1076" HPOS="473"/>
							<String ID="string_125" HPOS="512" VPOS="1073" WIDTH="133" HEIGHT="31" WC="0.95" CONTENT="sådana"/><SP WIDTH="42" VPOS="1073" HPOS="645"/>
							<String ID="string_126" HPOS="687" VPOS="1073" WIDTH="203" HEIGHT="39" WC="0.96" CONTENT="kroppsliga"/><SP WIDTH="32" VPOS="1073" HPOS="890"/>
							<String ID="string_127" HPOS="922" VPOS="1073" WIDTH="66" HEIGHT="30" WC="0.96" CONTENT="och"/><SP WIDTH="35" VPOS="1073" HPOS="988"/>
							<String ID="string_128" HPOS="1023" VPOS="1071" WIDTH="169" HEIGHT="40" WC="0.93" CONTENT="psykiska"/><SP WIDTH="32" VPOS="1071" HPOS="1192"/>
							<String ID="string_129" HPOS="1224" VPOS="1067" WIDTH="354" HEIGHT="42" WC="0.91" CONTENT="sjukdomstillstånd,"/>
						</TextLine>
						<TextLine ID="line_16" HPOS="89" VPOS="1114" WIDTH="1490" HEIGHT="45">
							<String ID="string_130" HPOS="89" VPOS="1131" WIDTH="75" HEIGHT="21" WC="0.92" CONTENT="som"/><SP WIDTH="31" VPOS="1131" HPOS="164"/>
							<String ID="string_131" HPOS="195" VPOS="1120" WIDTH="287" HEIGHT="39" WC="0.92" CONTENT="nödvändiggöra"/><SP WIDTH="31" VPOS="1120" HPOS="482"/>
							<String ID="string_132" HPOS="513" VPOS="1118" WIDTH="87" HEIGHT="31" WC="0.96" CONTENT="vård"/><SP WIDTH="28" VPOS="1118" HPOS="600"/>
							<String ID="string_133" HPOS="628" VPOS="1117" WIDTH="45" HEIGHT="39" WC="0.93" CONTENT="på"/><SP WIDTH="35" VPOS="1117" HPOS="673"/>
							<String ID="string_134" HPOS="708" VPOS="1117" WIDTH="317" HEIGHT="40" WC="0.91" CONTENT="sjukvårdsanstalt"/><SP WIDTH="32" VPOS="1117" HPOS="1025"/>
							<String ID="string_135" HPOS="1057" VPOS="1117" WIDTH="84" HEIGHT="30" WC="0.95" CONTENT="eller"/><SP WIDTH="30" VPOS="1117" HPOS="1141"/>
							<String ID="string_136" HPOS="1171" VPOS="1115" WIDTH="186" HEIGHT="31" WC="0.96" CONTENT="förorsaka"/><SP WIDTH="34" VPOS="1115" HPOS="1357"/>
							<String ID="string_137" HPOS="1391" VPOS="1114" WIDTH="113" HEIGHT="30" WC="0.96" CONTENT="behov"/><SP WIDTH="32" VPOS="1114" HPOS="1504"/>
							<String ID="string_138" HPOS="1536" VPOS="1122" WIDTH="43" HEIGHT="21" WC="0.96" CONTENT="av"/>
						</TextLine>
						<TextLine ID="line_17" HPOS="88" VPOS="1158" WIDTH="1490" HEIGHT="47">
							<String ID="string_139" HPOS="88" VPOS="1167" WIDTH="121" HEIGHT="38" WC="0.96" CONTENT="längre"/><SP WIDTH="20" VPOS="1167" HPOS="209"/>
							<String ID="string_140" HPOS="229" VPOS="1166" WIDTH="85" HEIGHT="29" WC="0.96" CONTENT="eller"/><SP WIDTH="19" VPOS="1166" HPOS="314"/>
							<String ID="string_141" HPOS="333" VPOS="1166" WIDTH="142" HEIGHT="29" WC="0.96" CONTENT="kortare"/><SP WIDTH="19" VPOS="1166" HPOS="475"/>
							<String ID="string_142" HPOS="494" VPOS="1164" WIDTH="69" HEIGHT="30" WC="0.96" CONTENT="tids"/><SP WIDTH="18" VPOS="1164" HPOS="563"/>
							<String ID="string_143" HPOS="581" VPOS="1162" WIDTH="190" HEIGHT="31" WC="0.96" CONTENT="läkarvård"/><SP WIDTH="19" VPOS="1162" HPOS="771"/>
							<String ID="string_144" HPOS="790" VPOS="1166" WIDTH="90" HEIGHT="26" WC="0.96" CONTENT="samt"/><SP WIDTH="21" VPOS="1166" HPOS="880"/>
							<String ID="string_145" HPOS="901" VPOS="1161" WIDTH="167" HEIGHT="31" WC="0.95" CONTENT="frånvaro"/><SP WIDTH="20" VPOS="1161" HPOS="1068"/>
							<String ID="string_146" HPOS="1088" VPOS="1160" WIDTH="81" HEIGHT="31" WC="0.93" CONTENT="från"/><SP WIDTH="22" VPOS="1160" HPOS="1169"/>
							<String ID="string_147" HPOS="1191" VPOS="1158" WIDTH="387" HEIGHT="38" WC="0.88" CONTENT="arbetsanställningen."/>
						</TextLine>
						<TextLine ID="line_18" HPOS="90" VPOS="1202" WIDTH="1489" HEIGHT="46">
							<String ID="string_148" HPOS="90" VPOS="1211" WIDTH="181" HEIGHT="30" WC="0.96" CONTENT="Motionen"/><SP WIDTH="24" VPOS="1211" HPOS="271"/>
							<String ID="string_149" HPOS="295" VPOS="1213" WIDTH="190" HEIGHT="35" WC="0.95" CONTENT="utmynnar"/><SP WIDTH="22" VPOS="1213" HPOS="485"/>
							<String ID="string_150" HPOS="507" VPOS="1210" WIDTH="11" HEIGHT="29" WC="0.96" CONTENT="i"/><SP WIDTH="23" VPOS="1210" HPOS="518"/>
							<String ID="string_151" HPOS="541" VPOS="1217" WIDTH="44" HEIGHT="21" WC="0.96" CONTENT="en"/><SP WIDTH="21" VPOS="1217" HPOS="585"/>
							<String ID="string_152" HPOS="606" VPOS="1208" WIDTH="221" HEIGHT="34" WC="0.96" CONTENT="hemställan,"/><SP WIDTH="25" VPOS="1208" HPOS="827"/>
							<String ID="string_153" HPOS="852" VPOS="1211" WIDTH="50" HEIGHT="26" WC="0.96" CONTENT="att"/><SP WIDTH="25" VPOS="1211" HPOS="902"/>
							<String ID="string_154" HPOS="927" VPOS="1207" WIDTH="188" HEIGHT="38" WC="0.96" CONTENT="riksdagen"/><SP WIDTH="23" VPOS="1207" HPOS="1115"/>
							<String ID="string_155" HPOS="1138" VPOS="1206" WIDTH="80" HEIGHT="30" WC="0.96" CONTENT="ville"/><SP WIDTH="23" VPOS="1206" HPOS="1218"/>
							<String ID="string_156" HPOS="1241" VPOS="1206" WIDTH="66" HEIGHT="29" WC="0.96" CONTENT="hos"/><SP WIDTH="23" VPOS="1206" HPOS="1307"/>
							<String ID="string_157" HPOS="1330" VPOS="1203" WIDTH="124" HEIGHT="39" WC="0.93" CONTENT="Kungl."/><SP WIDTH="25" VPOS="1203" HPOS="1454"/>
							<String ID="string_158" HPOS="1479" VPOS="1202" WIDTH="100" HEIGHT="39" WC="0.96" CONTENT="Maj:t"/>
						</TextLine>
						<TextLine ID="line_19" HPOS="90" VPOS="1244" WIDTH="1489" HEIGHT="50">
							<String ID="string_159" HPOS="90" VPOS="1257" WIDTH="84" HEIGHT="37" WC="0.96" CONTENT="göra"/><SP WIDTH="23" VPOS="1257" HPOS="174"/>
							<String ID="string_160" HPOS="197" VPOS="1254" WIDTH="262" HEIGHT="39" WC="0.96" CONTENT="framställning"/><SP WIDTH="22" VPOS="1254" HPOS="459"/>
							<String ID="string_161" HPOS="481" VPOS="1264" WIDTH="57" HEIGHT="20" WC="0.96" CONTENT="om"/><SP WIDTH="23" VPOS="1264" HPOS="538"/>
							<String ID="string_162" HPOS="561" VPOS="1253" WIDTH="134" HEIGHT="38" WC="0.96" CONTENT="förslag"/><SP WIDTH="24" VPOS="1253" HPOS="695"/>
							<String ID="string_163" HPOS="719" VPOS="1254" WIDTH="52" HEIGHT="29" WC="0.96" CONTENT="till"/><SP WIDTH="24" VPOS="1254" HPOS="771"/>
							<String ID="string_164" HPOS="795" VPOS="1252" WIDTH="111" HEIGHT="31" WC="0.96" CONTENT="sådan"/><SP WIDTH="25" VPOS="1252" HPOS="906"/>
							<String ID="string_165" HPOS="931" VPOS="1251" WIDTH="150" HEIGHT="39" WC="0.96" CONTENT="ändring"/><SP WIDTH="23" VPOS="1251" HPOS="1081"/>
							<String ID="string_166" HPOS="1104" VPOS="1260" WIDTH="42" HEIGHT="21" WC="0.93" CONTENT="av"/><SP WIDTH="23" VPOS="1260" HPOS="1146"/>
							<String ID="string_167" HPOS="1169" VPOS="1248" WIDTH="312" HEIGHT="39" WC="0.92" CONTENT="alkoholistlagens"/><SP WIDTH="27" VPOS="1248" HPOS="1481"/>
							<String ID="string_168" HPOS="1508" VPOS="1248" WIDTH="14" HEIGHT="29" WC="0.96" CONTENT="1"/><SP WIDTH="27" VPOS="1248" HPOS="1522"/>
							<String ID="string_169" HPOS="1549" VPOS="1244" WIDTH="30" HEIGHT="41" WC="0.91" CONTENT="8,"/>
						</TextLine>
						<TextLine ID="line_20" HPOS="90" VPOS="1292" WIDTH="1490" HEIGHT="46">
							<String ID="string_170" HPOS="90" VPOS="1304" WIDTH="50" HEIGHT="27" WC="0.93" CONTENT="att"/><SP WIDTH="27" VPOS="1304" HPOS="140"/>
							<String ID="string_171" HPOS="167" VPOS="1299" WIDTH="378" HEIGHT="39" WC="0.91" CONTENT="samhällsingripande"/><SP WIDTH="26" VPOS="1299" HPOS="545"/>
							<String ID="string_172" HPOS="571" VPOS="1301" WIDTH="73" HEIGHT="27" WC="0.93" CONTENT="mot"/><SP WIDTH="25" VPOS="1301" HPOS="644"/>
							<String ID="string_173" HPOS="669" VPOS="1297" WIDTH="385" HEIGHT="31" WC="0.91" CONTENT="alkoholmissbrukare"/><SP WIDTH="27" VPOS="1297" HPOS="1054"/>
							<String ID="string_174" HPOS="1081" VPOS="1297" WIDTH="88" HEIGHT="29" WC="0.96" CONTENT="även"/><SP WIDTH="24" VPOS="1297" HPOS="1169"/>
							<String ID="string_175" HPOS="1193" VPOS="1305" WIDTH="43" HEIGHT="20" WC="0.96" CONTENT="av"/><SP WIDTH="25" VPOS="1305" HPOS="1236"/>
							<String ID="string_176" HPOS="1261" VPOS="1293" WIDTH="218" HEIGHT="31" WC="0.96" CONTENT="medicinska"/><SP WIDTH="25" VPOS="1293" HPOS="1479"/>
							<String ID="string_177" HPOS="1504" VPOS="1292" WIDTH="76" HEIGHT="30" WC="0.96" CONTENT="skäl"/>
						</TextLine>
						<TextLine ID="line_21" HPOS="90" VPOS="1345" WIDTH="238" HEIGHT="39">
							<String ID="string_178" HPOS="90" VPOS="1345" WIDTH="238" HEIGHT="39" WC="0.91" CONTENT="möjliggöras."/>
						</TextLine>
					</TextBlock>
					<TextBlock ID="block_5" HPOS="90" VPOS="1386" WIDTH="1498" HEIGHT="1109">
						<TextLine ID="line_22" HPOS="135" VPOS="1386" WIDTH="1445" HEIGHT="41">
							<String ID="string_179" HPOS="135" VPOS="1391" WIDTH="13" HEIGHT="29" WC="0.96" CONTENT="I"/><SP WIDTH="21" VPOS="1391" HPOS="148"/>
							<String ID="string_180" HPOS="169" VPOS="1393" WIDTH="47" HEIGHT="27" WC="0.96" CONTENT="ett"/><SP WIDTH="22" VPOS="1393" HPOS="216"/>
							<String ID="string_181" HPOS="238" VPOS="1389" WIDTH="141" HEIGHT="38" WC="0.96" CONTENT="mycket"/><SP WIDTH="20" VPOS="1389" HPOS="379"/>
							<String ID="string_182" HPOS="399" VPOS="1392" WIDTH="86" HEIGHT="26" WC="0.96" CONTENT="stort"/><SP WIDTH="22" VPOS="1392" HPOS="485"/>
							<String ID="string_183" HPOS="507" VPOS="1388" WIDTH="96" HEIGHT="29" WC="0.95" CONTENT="antal"/><SP WIDTH="20" VPOS="1388" HPOS="603"/>
							<String ID="string_184" HPOS="623" VPOS="1396" WIDTH="44" HEIGHT="21" WC="0.96" CONTENT="av"/><SP WIDTH="19" VPOS="1396" HPOS="667"/>
							<String ID="string_185" HPOS="686" VPOS="1388" WIDTH="42" HEIGHT="29" WC="0.96" CONTENT="de"/><SP WIDTH="21" VPOS="1388" HPOS="728"/>
							<String ID="string_186" HPOS="749" VPOS="1388" WIDTH="112" HEIGHT="29" WC="0.91" CONTENT="under"/><SP WIDTH="19" VPOS="1388" HPOS="861"/>
							<String ID="string_187" HPOS="880" VPOS="1387" WIDTH="312" HEIGHT="39" WC="0.71" CONTENT="alkoholistlagens"/><SP WIDTH="21" VPOS="1387" HPOS="1192"/>
							<String ID="string_188" HPOS="1213" VPOS="1387" WIDTH="263" HEIGHT="30" WC="0.93" CONTENT="bestämmelser"/><SP WIDTH="19" VPOS="1387" HPOS="1476"/>
							<String ID="string_189" HPOS="1495" VPOS="1386" WIDTH="85" HEIGHT="29" WC="0.89" CONTENT="hän-"/>
						</TextLine>
						<TextLine ID="line_23" HPOS="91" VPOS="1430" WIDTH="1489" HEIGHT="41">
							<String ID="string_190" HPOS="91" VPOS="1434" WIDTH="144" HEIGHT="30" WC="0.91" CONTENT="förbara"/><SP WIDTH="26" VPOS="1434" HPOS="235"/>
							<String ID="string_191" HPOS="261" VPOS="1433" WIDTH="110" HEIGHT="30" WC="0.96" CONTENT="fallen"/><SP WIDTH="24" VPOS="1433" HPOS="371"/>
							<String ID="string_192" HPOS="395" VPOS="1433" WIDTH="188" HEIGHT="38" WC="0.96" CONTENT="föreligger"/><SP WIDTH="23" VPOS="1433" HPOS="583"/>
							<String ID="string_193" HPOS="606" VPOS="1432" WIDTH="158" HEIGHT="30" WC="0.96" CONTENT="förutom"/><SP WIDTH="27" VPOS="1432" HPOS="764"/>
							<String ID="string_194" HPOS="791" VPOS="1433" WIDTH="68" HEIGHT="29" WC="0.96" CONTENT="den"/><SP WIDTH="26" VPOS="1433" HPOS="859"/>
							<String ID="string_195" HPOS="885" VPOS="1432" WIDTH="130" HEIGHT="30" WC="0.96" CONTENT="sociala"/><SP WIDTH="25" VPOS="1432" HPOS="1015"/>
							<String ID="string_196" HPOS="1040" VPOS="1433" WIDTH="88" HEIGHT="29" WC="0.96" CONTENT="även"/><SP WIDTH="26" VPOS="1433" HPOS="1128"/>
							<String ID="string_197" HPOS="1154" VPOS="1442" WIDTH="42" HEIGHT="19" WC="0.96" CONTENT="en"/><SP WIDTH="25" VPOS="1442" HPOS="1196"/>
							<String ID="string_198" HPOS="1221" VPOS="1432" WIDTH="195" HEIGHT="29" WC="0.91" CONTENT="medicinsk"/><SP WIDTH="29" VPOS="1432" HPOS="1416"/>
							<String ID="string_199" HPOS="1445" VPOS="1430" WIDTH="135" HEIGHT="30" WC="0.91" CONTENT="indika-"/>
						</TextLine>
						<TextLine ID="line_24" HPOS="92" VPOS="1474" WIDTH="1489" HEIGHT="41">
							<String ID="string_200" HPOS="92" VPOS="1479" WIDTH="75" HEIGHT="30" WC="0.96" CONTENT="tion"/><SP WIDTH="26" VPOS="1479" HPOS="167"/>
							<String ID="string_201" HPOS="193" VPOS="1479" WIDTH="57" HEIGHT="29" WC="0.96" CONTENT="för"/><SP WIDTH="25" VPOS="1479" HPOS="250"/>
							<String ID="string_202" HPOS="275" VPOS="1481" WIDTH="47" HEIGHT="26" WC="0.93" CONTENT="ett"/><SP WIDTH="24" VPOS="1481" HPOS="322"/>
							<String ID="string_203" HPOS="346" VPOS="1476" WIDTH="389" HEIGHT="39" WC="0.92" CONTENT="samhällsingripande."/><SP WIDTH="38" VPOS="1476" HPOS="735"/>
							<String ID="string_204" HPOS="773" VPOS="1477" WIDTH="53" HEIGHT="30" WC="0.96" CONTENT="En"/><SP WIDTH="25" VPOS="1477" HPOS="826"/>
							<String ID="string_205" HPOS="851" VPOS="1486" WIDTH="60" HEIGHT="20" WC="0.95" CONTENT="ens"/><SP WIDTH="24" VPOS="1486" HPOS="911"/>
							<String ID="string_206" HPOS="935" VPOS="1476" WIDTH="282" HEIGHT="30" WC="0.96" CONTENT="tillnärmelsevis"/><SP WIDTH="27" VPOS="1476" HPOS="1217"/>
							<String ID="string_207" HPOS="1244" VPOS="1476" WIDTH="201" HEIGHT="38" WC="0.93" CONTENT="tillförlitlig"/><SP WIDTH="24" VPOS="1476" HPOS="1445"/>
							<String ID="string_208" HPOS="1469" VPOS="1474" WIDTH="112" HEIGHT="31" WC="0.92" CONTENT="statis-"/>
						</TextLine>
						<TextLine ID="line_25" HPOS="90" VPOS="1519" WIDTH="1492" HEIGHT="37">
							<String ID="string_209" HPOS="90" VPOS="1524" WIDTH="52" HEIGHT="30" WC="0.96" CONTENT="tik"/><SP WIDTH="22" VPOS="1524" HPOS="142"/>
							<String ID="string_210" HPOS="164" VPOS="1522" WIDTH="227" HEIGHT="31" WC="0.96" CONTENT="beträffande"/><SP WIDTH="21" VPOS="1522" HPOS="391"/>
							<String ID="string_211" HPOS="412" VPOS="1523" WIDTH="130" HEIGHT="29" WC="0.96" CONTENT="antalet"/><SP WIDTH="24" VPOS="1523" HPOS="542"/>
							<String ID="string_212" HPOS="566" VPOS="1521" WIDTH="74" HEIGHT="35" WC="0.96" CONTENT="fall,"/><SP WIDTH="25" VPOS="1521" HPOS="640"/>
							<String ID="string_213" HPOS="665" VPOS="1521" WIDTH="63" HEIGHT="30" WC="0.91" CONTENT="där"/><SP WIDTH="21" VPOS="1521" HPOS="728"/>
							<String ID="string_214" HPOS="749" VPOS="1520" WIDTH="359" HEIGHT="31" WC="0.91" CONTENT="alkoholmissbruket"/><SP WIDTH="24" VPOS="1520" HPOS="1108"/>
							<String ID="string_215" HPOS="1132" VPOS="1520" WIDTH="106" HEIGHT="31" WC="0.96" CONTENT="vållat"/><SP WIDTH="25" VPOS="1520" HPOS="1238"/>
							<String ID="string_216" HPOS="1263" VPOS="1520" WIDTH="217" HEIGHT="30" WC="0.92" CONTENT="medicinska"/><SP WIDTH="25" VPOS="1520" HPOS="1480"/>
							<String ID="string_217" HPOS="1505" VPOS="1519" WIDTH="77" HEIGHT="30" WC="0.92" CONTENT="ska-"/>
						</TextLine>
						<TextLine ID="line_26" HPOS="94" VPOS="1566" WIDTH="1487" HEIGHT="41">
							<String ID="string_218" HPOS="94" VPOS="1570" WIDTH="252" HEIGHT="37" WC="0.91" CONTENT="deverkningar"/><SP WIDTH="26" VPOS="1570" HPOS="346"/>
							<String ID="string_219" HPOS="372" VPOS="1570" WIDTH="10" HEIGHT="29" WC="0.96" CONTENT="i"/><SP WIDTH="24" VPOS="1570" HPOS="382"/>
							<String ID="string_220" HPOS="406" VPOS="1569" WIDTH="91" HEIGHT="29" WC="0.96" CONTENT="form"/><SP WIDTH="27" VPOS="1569" HPOS="497"/>
							<String ID="string_221" HPOS="524" VPOS="1578" WIDTH="42" HEIGHT="20" WC="0.96" CONTENT="av"/><SP WIDTH="27" VPOS="1578" HPOS="566"/>
							<String ID="string_222" HPOS="593" VPOS="1568" WIDTH="178" HEIGHT="38" WC="0.96" CONTENT="kroppslig"/><SP WIDTH="26" VPOS="1568" HPOS="771"/>
							<String ID="string_223" HPOS="797" VPOS="1567" WIDTH="81" HEIGHT="30" WC="0.91" CONTENT="eller"/><SP WIDTH="25" VPOS="1567" HPOS="878"/>
							<String ID="string_224" HPOS="903" VPOS="1566" WIDTH="142" HEIGHT="40" WC="0.96" CONTENT="psykisk"/><SP WIDTH="31" VPOS="1566" HPOS="1045"/>
							<String ID="string_225" HPOS="1076" VPOS="1567" WIDTH="173" HEIGHT="38" WC="0.96" CONTENT="sjukdom,"/><SP WIDTH="28" VPOS="1567" HPOS="1249"/>
							<String ID="string_226" HPOS="1277" VPOS="1567" WIDTH="96" HEIGHT="30" WC="0.96" CONTENT="torde"/><SP WIDTH="28" VPOS="1567" HPOS="1373"/>
							<String ID="string_227" HPOS="1401" VPOS="1566" WIDTH="31" HEIGHT="39" WC="0.96" CONTENT="ej"/><SP WIDTH="30" VPOS="1566" HPOS="1432"/>
							<String ID="string_228" HPOS="1462" VPOS="1567" WIDTH="119" HEIGHT="29" WC="0.96" CONTENT="kunna"/>
						</TextLine>
						<TextLine ID="line_27" HPOS="92" VPOS="1609" WIDTH="1490" HEIGHT="37">
							<String ID="string_229" HPOS="92" VPOS="1613" WIDTH="275" HEIGHT="30" WC="0.94" CONTENT="åstadkommas."/><SP WIDTH="36" VPOS="1613" HPOS="367"/>
							<String ID="string_230" HPOS="403" VPOS="1611" WIDTH="177" HEIGHT="30" WC="0.94" CONTENT="Eftersom"/><SP WIDTH="25" VPOS="1611" HPOS="580"/>
							<String ID="string_231" HPOS="605" VPOS="1610" WIDTH="153" HEIGHT="31" WC="0.93" CONTENT="flertalet"/><SP WIDTH="23" VPOS="1610" HPOS="758"/>
							<String ID="string_232" HPOS="781" VPOS="1610" WIDTH="395" HEIGHT="36" WC="0.91" CONTENT="alkoholmissbrukare,"/><SP WIDTH="24" VPOS="1610" HPOS="1176"/>
							<String ID="string_233" HPOS="1200" VPOS="1610" WIDTH="11" HEIGHT="30" WC="0.96" CONTENT="i"/><SP WIDTH="23" VPOS="1610" HPOS="1211"/>
							<String ID="string_234" HPOS="1234" VPOS="1611" WIDTH="68" HEIGHT="29" WC="0.96" CONTENT="den"/><SP WIDTH="22" VPOS="1611" HPOS="1302"/>
							<String ID="string_235" HPOS="1324" VPOS="1609" WIDTH="83" HEIGHT="31" WC="0.96" CONTENT="mån"/><SP WIDTH="24" VPOS="1609" HPOS="1407"/>
							<String ID="string_236" HPOS="1431" VPOS="1610" WIDTH="42" HEIGHT="29" WC="0.96" CONTENT="de"/><SP WIDTH="23" VPOS="1610" HPOS="1473"/>
							<String ID="string_237" HPOS="1496" VPOS="1609" WIDTH="86" HEIGHT="30" WC="0.96" CONTENT="söka"/>
						</TextLine>
						<TextLine ID="line_28" HPOS="93" VPOS="1654" WIDTH="1489" HEIGHT="42">
							<String ID="string_238" HPOS="93" VPOS="1657" WIDTH="201" HEIGHT="39" WC="0.92" CONTENT="läkarhjälp"/><SP WIDTH="20" VPOS="1657" HPOS="294"/>
							<String ID="string_239" HPOS="314" VPOS="1657" WIDTH="57" HEIGHT="30" WC="0.96" CONTENT="för"/><SP WIDTH="18" VPOS="1657" HPOS="371"/>
							<String ID="string_240" HPOS="389" VPOS="1657" WIDTH="75" HEIGHT="30" WC="0.96" CONTENT="sina"/><SP WIDTH="20" VPOS="1657" HPOS="464"/>
							<String ID="string_241" HPOS="484" VPOS="1656" WIDTH="350" HEIGHT="39" WC="0.96" CONTENT="sjukdomssymtom,"/><SP WIDTH="19" VPOS="1656" HPOS="834"/>
							<String ID="string_242" HPOS="853" VPOS="1656" WIDTH="100" HEIGHT="30" WC="0.96" CONTENT="torde"/><SP WIDTH="20" VPOS="1656" HPOS="953"/>
							<String ID="string_243" HPOS="973" VPOS="1656" WIDTH="193" HEIGHT="29" WC="0.96" CONTENT="behandlas"/><SP WIDTH="21" VPOS="1656" HPOS="1166"/>
							<String ID="string_244" HPOS="1187" VPOS="1665" WIDTH="42" HEIGHT="20" WC="0.96" CONTENT="av"/><SP WIDTH="21" VPOS="1665" HPOS="1229"/>
							<String ID="string_245" HPOS="1250" VPOS="1656" WIDTH="120" HEIGHT="29" WC="0.96" CONTENT="läkare"/><SP WIDTH="21" VPOS="1656" HPOS="1370"/>
							<String ID="string_246" HPOS="1391" VPOS="1654" WIDTH="57" HEIGHT="30" WC="0.96" CONTENT="vid"/><SP WIDTH="19" VPOS="1654" HPOS="1448"/>
							<String ID="string_247" HPOS="1467" VPOS="1655" WIDTH="115" HEIGHT="37" WC="0.96" CONTENT="öppen"/>
						</TextLine>
						<TextLine ID="line_29" HPOS="94" VPOS="1698" WIDTH="1489" HEIGHT="43">
							<String ID="string_248" HPOS="94" VPOS="1703" WIDTH="221" HEIGHT="38" WC="0.96" CONTENT="mottagning"/><SP WIDTH="28" VPOS="1703" HPOS="315"/>
							<String ID="string_249" HPOS="343" VPOS="1703" WIDTH="71" HEIGHT="29" WC="0.96" CONTENT="kan"/><SP WIDTH="29" VPOS="1703" HPOS="414"/>
							<String ID="string_250" HPOS="443" VPOS="1701" WIDTH="139" HEIGHT="39" WC="0.96" CONTENT="uppgift"/><SP WIDTH="28" VPOS="1701" HPOS="582"/>
							<String ID="string_251" HPOS="610" VPOS="1700" WIDTH="181" HEIGHT="39" WC="0.96" CONTENT="angående"/><SP WIDTH="29" VPOS="1700" HPOS="791"/>
							<String ID="string_252" HPOS="820" VPOS="1701" WIDTH="212" HEIGHT="30" WC="0.96" CONTENT="frekvensen"/><SP WIDTH="26" VPOS="1701" HPOS="1032"/>
							<String ID="string_253" HPOS="1058" VPOS="1710" WIDTH="43" HEIGHT="21" WC="0.93" CONTENT="av"/><SP WIDTH="28" VPOS="1710" HPOS="1101"/>
							<String ID="string_254" HPOS="1129" VPOS="1699" WIDTH="331" HEIGHT="39" WC="0.89" CONTENT="alkoholbetingade"/><SP WIDTH="28" VPOS="1699" HPOS="1460"/>
							<String ID="string_255" HPOS="1488" VPOS="1698" WIDTH="95" HEIGHT="38" WC="0.89" CONTENT="sjuk-"/>
						</TextLine>
						<TextLine ID="line_30" HPOS="95" VPOS="1743" WIDTH="1488" HEIGHT="41">
							<String ID="string_256" HPOS="95" VPOS="1749" WIDTH="126" HEIGHT="28" WC="0.96" CONTENT="domar"/><SP WIDTH="29" VPOS="1749" HPOS="221"/>
							<String ID="string_257" HPOS="250" VPOS="1748" WIDTH="137" HEIGHT="29" WC="0.95" CONTENT="lämnas"/><SP WIDTH="27" VPOS="1748" HPOS="387"/>
							<String ID="string_258" HPOS="414" VPOS="1747" WIDTH="122" HEIGHT="30" WC="0.95" CONTENT="endast"/><SP WIDTH="31" VPOS="1747" HPOS="536"/>
							<String ID="string_259" HPOS="567" VPOS="1746" WIDTH="57" HEIGHT="29" WC="0.96" CONTENT="för"/><SP WIDTH="29" VPOS="1746" HPOS="624"/>
							<String ID="string_260" HPOS="653" VPOS="1746" WIDTH="90" HEIGHT="30" WC="0.91" CONTENT="vissa"/><SP WIDTH="32" VPOS="1746" HPOS="743"/>
							<String ID="string_261" HPOS="775" VPOS="1745" WIDTH="367" HEIGHT="39" WC="0.91" CONTENT="sjukvårdsanstalter,"/><SP WIDTH="30" VPOS="1745" HPOS="1142"/>
							<String ID="string_262" HPOS="1172" VPOS="1746" WIDTH="65" HEIGHT="29" WC="0.91" CONTENT="där"/><SP WIDTH="26" VPOS="1746" HPOS="1237"/>
							<String ID="string_263" HPOS="1263" VPOS="1743" WIDTH="203" HEIGHT="32" WC="0.91" CONTENT="tabellarisk"/><SP WIDTH="28" VPOS="1743" HPOS="1466"/>
							<String ID="string_264" HPOS="1494" VPOS="1752" WIDTH="89" HEIGHT="20" WC="0.91" CONTENT="sam-"/>
						</TextLine>
						<TextLine ID="line_31" HPOS="95" VPOS="1787" WIDTH="1489" HEIGHT="43">
							<String ID="string_265" HPOS="95" VPOS="1791" WIDTH="252" HEIGHT="39" WC="0.90" CONTENT="manställning"/><SP WIDTH="40" VPOS="1791" HPOS="347"/>
							<String ID="string_266" HPOS="387" VPOS="1801" WIDTH="42" HEIGHT="20" WC="0.93" CONTENT="av"/><SP WIDTH="38" VPOS="1801" HPOS="429"/>
							<String ID="string_267" HPOS="467" VPOS="1791" WIDTH="378" HEIGHT="38" WC="0.89" CONTENT="sjukdomsorsakerna"/><SP WIDTH="41" VPOS="1791" HPOS="845"/>
							<String ID="string_268" HPOS="886" VPOS="1790" WIDTH="182" HEIGHT="38" WC="0.91" CONTENT="upprättas"/><SP WIDTH="44" VPOS="1790" HPOS="1068"/>
							<String ID="string_269" HPOS="1112" VPOS="1787" WIDTH="339" HEIGHT="41" WC="0.91" CONTENT="(sinnessjukhusen)"/><SP WIDTH="43" VPOS="1787" HPOS="1451"/>
							<String ID="string_270" HPOS="1494" VPOS="1791" WIDTH="90" HEIGHT="26" WC="0.96" CONTENT="samt"/>
						</TextLine>
						<TextLine ID="line_32" HPOS="95" VPOS="1832" WIDTH="1489" HEIGHT="42">
							<String ID="string_271" HPOS="95" VPOS="1837" WIDTH="92" HEIGHT="30" WC="0.93" CONTENT="vissa"/><SP WIDTH="34" VPOS="1837" HPOS="187"/>
							<String ID="string_272" HPOS="221" VPOS="1836" WIDTH="294" HEIGHT="38" WC="0.91" CONTENT="kroppssjukhus,"/><SP WIDTH="34" VPOS="1836" HPOS="515"/>
							<String ID="string_273" HPOS="549" VPOS="1844" WIDTH="76" HEIGHT="21" WC="0.96" CONTENT="som"/><SP WIDTH="31" VPOS="1844" HPOS="625"/>
							<String ID="string_274" HPOS="656" VPOS="1835" WIDTH="105" HEIGHT="38" WC="0.96" CONTENT="ägnat"/><SP WIDTH="32" VPOS="1835" HPOS="761"/>
							<String ID="string_275" HPOS="793" VPOS="1834" WIDTH="133" HEIGHT="31" WC="0.96" CONTENT="vården"/><SP WIDTH="32" VPOS="1834" HPOS="926"/>
							<String ID="string_276" HPOS="958" VPOS="1844" WIDTH="42" HEIGHT="20" WC="0.93" CONTENT="av"/><SP WIDTH="33" VPOS="1844" HPOS="1000"/>
							<String ID="string_277" HPOS="1033" VPOS="1834" WIDTH="250" HEIGHT="38" WC="0.92" CONTENT="alkoholsjuka"/><SP WIDTH="33" VPOS="1834" HPOS="1283"/>
							<String ID="string_278" HPOS="1316" VPOS="1832" WIDTH="150" HEIGHT="31" WC="0.93" CONTENT="särskild"/><SP WIDTH="31" VPOS="1832" HPOS="1466"/>
							<String ID="string_279" HPOS="1497" VPOS="1841" WIDTH="87" HEIGHT="29" WC="0.93" CONTENT="upp-"/>
						</TextLine>
						<TextLine ID="line_33" HPOS="96" VPOS="1872" WIDTH="1489" HEIGHT="45">
							<String ID="string_280" HPOS="96" VPOS="1881" WIDTH="241" HEIGHT="29" WC="0.91" CONTENT="märksamhet"/><SP WIDTH="27" VPOS="1881" HPOS="337"/>
							<String ID="string_281" HPOS="364" VPOS="1881" WIDTH="84" HEIGHT="29" WC="0.96" CONTENT="eller"/><SP WIDTH="23" VPOS="1881" HPOS="448"/>
							<String ID="string_282" HPOS="471" VPOS="1881" WIDTH="56" HEIGHT="30" WC="0.96" CONTENT="för"/><SP WIDTH="25" VPOS="1881" HPOS="527"/>
							<String ID="string_283" HPOS="552" VPOS="1881" WIDTH="95" HEIGHT="28" WC="0.96" CONTENT="detta"/><SP WIDTH="24" VPOS="1881" HPOS="647"/>
							<String ID="string_284" HPOS="671" VPOS="1879" WIDTH="91" HEIGHT="38" WC="0.96" CONTENT="syfte"/><SP WIDTH="25" VPOS="1879" HPOS="762"/>
							<String ID="string_285" HPOS="787" VPOS="1880" WIDTH="144" HEIGHT="29" WC="0.96" CONTENT="inrättat"/><SP WIDTH="24" VPOS="1880" HPOS="931"/>
							<String ID="string_286" HPOS="955" VPOS="1879" WIDTH="172" HEIGHT="30" WC="0.96" CONTENT="särskilda"/><SP WIDTH="25" VPOS="1879" HPOS="1127"/>
							<String ID="string_287" HPOS="1152" VPOS="1878" WIDTH="238" HEIGHT="37" WC="0.96" CONTENT="avdelningar."/><SP WIDTH="38" VPOS="1878" HPOS="1390"/>
							<String ID="string_288" HPOS="1428" VPOS="1872" WIDTH="45" HEIGHT="34" WC="0.96" CONTENT="Är"/><SP WIDTH="29" VPOS="1872" HPOS="1473"/>
							<String ID="string_289" HPOS="1502" VPOS="1877" WIDTH="83" HEIGHT="29" WC="0.96" CONTENT="1943"/>
						</TextLine>
						<TextLine ID="line_34" HPOS="96" VPOS="1921" WIDTH="1488" HEIGHT="43">
							<String ID="string_290" HPOS="96" VPOS="1925" WIDTH="138" HEIGHT="39" WC="0.92" CONTENT="intogos"/><SP WIDTH="26" VPOS="1925" HPOS="234"/>
							<String ID="string_291" HPOS="260" VPOS="1924" WIDTH="45" HEIGHT="39" WC="0.96" CONTENT="på"/><SP WIDTH="26" VPOS="1924" HPOS="305"/>
							<String ID="string_292" HPOS="331" VPOS="1926" WIDTH="42" HEIGHT="29" WC="0.96" CONTENT="de"/><SP WIDTH="25" VPOS="1926" HPOS="373"/>
							<String ID="string_293" HPOS="398" VPOS="1925" WIDTH="138" HEIGHT="38" WC="0.96" CONTENT="statliga"/><SP WIDTH="27" VPOS="1925" HPOS="536"/>
							<String ID="string_294" HPOS="563" VPOS="1924" WIDTH="67" HEIGHT="30" WC="0.96" CONTENT="och"/><SP WIDTH="30" VPOS="1924" HPOS="630"/>
							<String ID="string_295" HPOS="660" VPOS="1924" WIDTH="43" HEIGHT="29" WC="0.96" CONTENT="de"/><SP WIDTH="26" VPOS="1924" HPOS="703"/>
							<String ID="string_296" HPOS="729" VPOS="1925" WIDTH="229" HEIGHT="28" WC="0.93" CONTENT="kommunala"/><SP WIDTH="30" VPOS="1925" HPOS="958"/>
							<String ID="string_297" HPOS="988" VPOS="1923" WIDTH="316" HEIGHT="37" WC="0.91" CONTENT="sinnessjukhusen"/><SP WIDTH="25" VPOS="1923" HPOS="1304"/>
							<String ID="string_298" HPOS="1329" VPOS="1922" WIDTH="11" HEIGHT="30" WC="0.96" CONTENT="i"/><SP WIDTH="30" VPOS="1922" HPOS="1340"/>
							<String ID="string_299" HPOS="1370" VPOS="1921" WIDTH="214" HEIGHT="36" WC="0.96" CONTENT="Stockholm,"/>
						</TextLine>
						<TextLine ID="line_35" HPOS="96" VPOS="1966" WIDTH="1489" HEIGHT="42">
							<String ID="string_300" HPOS="96" VPOS="1970" WIDTH="175" HEIGHT="38" WC="0.96" CONTENT="Göteborg"/><SP WIDTH="20" VPOS="1970" HPOS="271"/>
							<String ID="string_301" HPOS="291" VPOS="1970" WIDTH="67" HEIGHT="29" WC="0.96" CONTENT="och"/><SP WIDTH="24" VPOS="1970" HPOS="358"/>
							<String ID="string_302" HPOS="382" VPOS="1969" WIDTH="129" HEIGHT="30" WC="0.96" CONTENT="Malmö"/><SP WIDTH="23" VPOS="1969" HPOS="511"/>
							<String ID="string_303" HPOS="534" VPOS="1969" WIDTH="62" HEIGHT="29" WC="0.95" CONTENT="299"/><SP WIDTH="23" VPOS="1969" HPOS="596"/>
							<String ID="string_304" HPOS="619" VPOS="1969" WIDTH="84" HEIGHT="28" WC="0.96" CONTENT="män"/><SP WIDTH="22" VPOS="1969" HPOS="703"/>
							<String ID="string_305" HPOS="725" VPOS="1970" WIDTH="64" HEIGHT="28" WC="0.96" CONTENT="hos"/><SP WIDTH="23" VPOS="1970" HPOS="789"/>
							<String ID="string_306" HPOS="812" VPOS="1968" WIDTH="94" HEIGHT="30" WC="0.96" CONTENT="vilka"/><SP WIDTH="24" VPOS="1968" HPOS="906"/>
							<String ID="string_307" HPOS="930" VPOS="1968" WIDTH="67" HEIGHT="30" WC="0.93" CONTENT="den"/><SP WIDTH="25" VPOS="1968" HPOS="997"/>
							<String ID="string_308" HPOS="1022" VPOS="1966" WIDTH="446" HEIGHT="39" WC="0.92" CONTENT="sjukdomsframkallande"/><SP WIDTH="24" VPOS="1966" HPOS="1468"/>
							<String ID="string_309" HPOS="1492" VPOS="1975" WIDTH="93" HEIGHT="20" WC="0.92" CONTENT="orsa-"/>
						</TextLine>
						<TextLine ID="line_36" HPOS="96" VPOS="2010" WIDTH="1489" HEIGHT="40">
							<String ID="string_310" HPOS="96" VPOS="2015" WIDTH="69" HEIGHT="29" WC="0.96" CONTENT="ken"/><SP WIDTH="21" VPOS="2015" HPOS="165"/>
							<String ID="string_311" HPOS="186" VPOS="2024" WIDTH="62" HEIGHT="21" WC="0.96" CONTENT="var"/><SP WIDTH="18" VPOS="2024" HPOS="248"/>
							<String ID="string_312" HPOS="266" VPOS="2013" WIDTH="333" HEIGHT="30" WC="0.96" CONTENT="alkoholmissbruk."/><SP WIDTH="33" VPOS="2013" HPOS="599"/>
							<String ID="string_313" HPOS="632" VPOS="2012" WIDTH="124" HEIGHT="31" WC="0.96" CONTENT="Totala"/><SP WIDTH="22" VPOS="2012" HPOS="756"/>
							<String ID="string_314" HPOS="778" VPOS="2014" WIDTH="130" HEIGHT="29" WC="0.96" CONTENT="antalet"/><SP WIDTH="22" VPOS="2014" HPOS="908"/>
							<String ID="string_315" HPOS="930" VPOS="2012" WIDTH="142" HEIGHT="38" WC="0.96" CONTENT="intagna"/><SP WIDTH="20" VPOS="2012" HPOS="1072"/>
							<String ID="string_316" HPOS="1092" VPOS="2022" WIDTH="62" HEIGHT="20" WC="0.96" CONTENT="var"/><SP WIDTH="19" VPOS="2022" HPOS="1154"/>
							<String ID="string_317" HPOS="1173" VPOS="2013" WIDTH="95" HEIGHT="29" WC="0.96" CONTENT="detta"/><SP WIDTH="19" VPOS="2013" HPOS="1268"/>
							<String ID="string_318" HPOS="1287" VPOS="2011" WIDTH="40" HEIGHT="30" WC="0.96" CONTENT="år"/><SP WIDTH="19" VPOS="2011" HPOS="1327"/>
							<String ID="string_319" HPOS="1346" VPOS="2012" WIDTH="19" HEIGHT="28" WC="0.90" CONTENT="3"/><SP WIDTH="15" VPOS="2012" HPOS="1365"/>
							<String ID="string_320" HPOS="1380" VPOS="2011" WIDTH="71" HEIGHT="29" WC="0.90" CONTENT="751."/><SP WIDTH="32" VPOS="2011" HPOS="1451"/>
							<String ID="string_321" HPOS="1483" VPOS="2010" WIDTH="102" HEIGHT="29" WC="0.92" CONTENT="Alko-"/>
						</TextLine>
						<TextLine ID="line_37" HPOS="97" VPOS="2054" WIDTH="1489" HEIGHT="41">
							<String ID="string_322" HPOS="97" VPOS="2060" WIDTH="124" HEIGHT="29" WC="0.92" CONTENT="holens"/><SP WIDTH="24" VPOS="2060" HPOS="221"/>
							<String ID="string_323" HPOS="245" VPOS="2059" WIDTH="104" HEIGHT="29" WC="0.95" CONTENT="andel"/><SP WIDTH="25" VPOS="2059" HPOS="349"/>
							<String ID="string_324" HPOS="374" VPOS="2068" WIDTH="74" HEIGHT="20" WC="0.90" CONTENT="som"/><SP WIDTH="27" VPOS="2068" HPOS="448"/>
							<String ID="string_325" HPOS="475" VPOS="2057" WIDTH="184" HEIGHT="38" WC="0.90" CONTENT="etiologisk"/><SP WIDTH="29" VPOS="2057" HPOS="659"/>
							<String ID="string_326" HPOS="688" VPOS="2057" WIDTH="120" HEIGHT="31" WC="0.96" CONTENT="faktor"/><SP WIDTH="23" VPOS="2057" HPOS="808"/>
							<String ID="string_327" HPOS="831" VPOS="2067" WIDTH="61" HEIGHT="20" WC="0.96" CONTENT="var"/><SP WIDTH="27" VPOS="2067" HPOS="892"/>
							<String ID="string_328" HPOS="919" VPOS="2057" WIDTH="102" HEIGHT="31" WC="0.96" CONTENT="alltså"/><SP WIDTH="26" VPOS="2057" HPOS="1021"/>
							<String ID="string_329" HPOS="1047" VPOS="2059" WIDTH="19" HEIGHT="28" WC="0.93" CONTENT="8"/><SP WIDTH="27" VPOS="2059" HPOS="1066"/>
							<String ID="string_330" HPOS="1093" VPOS="2055" WIDTH="52" HEIGHT="32" WC="0.78" CONTENT="?/o."/><SP WIDTH="39" VPOS="2055" HPOS="1145"/>
							<String ID="string_331" HPOS="1184" VPOS="2056" WIDTH="48" HEIGHT="31" WC="0.96" CONTENT="På"/><SP WIDTH="25" VPOS="2056" HPOS="1232"/>
							<String ID="string_332" HPOS="1257" VPOS="2057" WIDTH="66" HEIGHT="30" WC="0.96" CONTENT="den"/><SP WIDTH="26" VPOS="2057" HPOS="1323"/>
							<String ID="string_333" HPOS="1349" VPOS="2054" WIDTH="155" HEIGHT="39" WC="0.95" CONTENT="speciellt"/><SP WIDTH="26" VPOS="2054" HPOS="1504"/>
							<String ID="string_334" HPOS="1530" VPOS="2054" WIDTH="56" HEIGHT="30" WC="0.96" CONTENT="för"/>
						</TextLine>
						<TextLine ID="line_38" HPOS="98" VPOS="2099" WIDTH="1488" HEIGHT="42">
							<String ID="string_335" HPOS="98" VPOS="2103" WIDTH="183" HEIGHT="30" WC="0.91" CONTENT="somatiskt"/><SP WIDTH="23" VPOS="2103" HPOS="281"/>
							<String ID="string_336" HPOS="304" VPOS="2103" WIDTH="249" HEIGHT="38" WC="0.90" CONTENT="alkoholsjuka"/><SP WIDTH="21" VPOS="2103" HPOS="553"/>
							<String ID="string_337" HPOS="574" VPOS="2102" WIDTH="152" HEIGHT="30" WC="0.96" CONTENT="avsedda"/><SP WIDTH="22" VPOS="2102" HPOS="726"/>
							<String ID="string_338" HPOS="748" VPOS="2102" WIDTH="233" HEIGHT="38" WC="0.96" CONTENT="avdelningen"/><SP WIDTH="20" VPOS="2102" HPOS="981"/>
							<String ID="string_339" HPOS="1001" VPOS="2102" WIDTH="58" HEIGHT="29" WC="0.96" CONTENT="vid"/><SP WIDTH="22" VPOS="2102" HPOS="1059"/>
							<String ID="string_340" HPOS="1081" VPOS="2102" WIDTH="49" HEIGHT="29" WC="0.96" CONTENT="S:t"/><SP WIDTH="23" VPOS="2102" HPOS="1130"/>
							<String ID="string_341" HPOS="1153" VPOS="2101" WIDTH="104" HEIGHT="29" WC="0.96" CONTENT="Eriks"/><SP WIDTH="22" VPOS="2101" HPOS="1257"/>
							<String ID="string_342" HPOS="1279" VPOS="2100" WIDTH="148" HEIGHT="38" WC="0.93" CONTENT="sjukhus"/><SP WIDTH="22" VPOS="2100" HPOS="1427"/>
							<String ID="string_343" HPOS="1449" VPOS="2099" WIDTH="137" HEIGHT="38" WC="0.91" CONTENT="intogos"/>
						</TextLine>
						<TextLine ID="line_39" HPOS="98" VPOS="2146" WIDTH="1486" HEIGHT="41">
							<String ID="string_344" HPOS="98" VPOS="2150" WIDTH="110" HEIGHT="29" WC="0.95" CONTENT="under"/><SP WIDTH="20" VPOS="2150" HPOS="208"/>
							<String ID="string_345" HPOS="228" VPOS="2150" WIDTH="162" HEIGHT="37" WC="0.95" CONTENT="perioden"/><SP WIDTH="24" VPOS="2150" HPOS="390"/>
							<String ID="string_346" HPOS="414" VPOS="2150" WIDTH="36" HEIGHT="28" WC="0.93" CONTENT="12"/><SP WIDTH="21" VPOS="2150" HPOS="450"/>
							<String ID="string_347" HPOS="471" VPOS="2149" WIDTH="159" HEIGHT="37" WC="0.50" CONTENT="juni—31"/><SP WIDTH="24" VPOS="2149" HPOS="630"/>
							<String ID="string_348" HPOS="654" VPOS="2149" WIDTH="179" HEIGHT="29" WC="0.96" CONTENT="december"/><SP WIDTH="22" VPOS="2149" HPOS="833"/>
							<String ID="string_349" HPOS="855" VPOS="2148" WIDTH="81" HEIGHT="29" WC="0.96" CONTENT="1945"/><SP WIDTH="23" VPOS="2148" HPOS="936"/>
							<String ID="string_350" HPOS="959" VPOS="2148" WIDTH="55" HEIGHT="28" WC="0.96" CONTENT="161"/><SP WIDTH="24" VPOS="2148" HPOS="1014"/>
							<String ID="string_351" HPOS="1038" VPOS="2148" WIDTH="91" HEIGHT="31" WC="0.96" CONTENT="män,"/><SP WIDTH="19" VPOS="2148" HPOS="1129"/>
							<String ID="string_352" HPOS="1148" VPOS="2148" WIDTH="65" HEIGHT="28" WC="0.96" CONTENT="och"/><SP WIDTH="20" VPOS="2148" HPOS="1213"/>
							<String ID="string_353" HPOS="1233" VPOS="2146" WIDTH="44" HEIGHT="38" WC="0.96" CONTENT="på"/><SP WIDTH="20" VPOS="2146" HPOS="1277"/>
							<String ID="string_354" HPOS="1297" VPOS="2146" WIDTH="287" HEIGHT="37" WC="0.96" CONTENT="Södersjukhuset"/>
						</TextLine>
						<TextLine ID="line_40" HPOS="98" VPOS="2187" WIDTH="1488" HEIGHT="41">
							<String ID="string_355" HPOS="98" VPOS="2193" WIDTH="238" HEIGHT="29" WC="0.96" CONTENT="behandlades"/><SP WIDTH="21" VPOS="2193" HPOS="336"/>
							<String ID="string_356" HPOS="357" VPOS="2193" WIDTH="113" HEIGHT="29" WC="0.96" CONTENT="under"/><SP WIDTH="17" VPOS="2193" HPOS="470"/>
							<String ID="string_357" HPOS="487" VPOS="2192" WIDTH="40" HEIGHT="30" WC="0.95" CONTENT="år"/><SP WIDTH="20" VPOS="2192" HPOS="527"/>
							<String ID="string_358" HPOS="547" VPOS="2191" WIDTH="82" HEIGHT="29" WC="0.95" CONTENT="1945"/><SP WIDTH="20" VPOS="2191" HPOS="629"/>
							<String ID="string_359" HPOS="649" VPOS="2192" WIDTH="232" HEIGHT="36" WC="0.96" CONTENT="sammanlagt"/><SP WIDTH="20" VPOS="2192" HPOS="881"/>
							<String ID="string_360" HPOS="901" VPOS="2191" WIDTH="41" HEIGHT="30" WC="0.96" CONTENT="45"/><SP WIDTH="23" VPOS="2191" HPOS="942"/>
							<String ID="string_361" HPOS="965" VPOS="2190" WIDTH="230" HEIGHT="30" WC="0.96" CONTENT="alkoholister"/><SP WIDTH="20" VPOS="2190" HPOS="1195"/>
							<String ID="string_362" HPOS="1215" VPOS="2190" WIDTH="57" HEIGHT="30" WC="0.96" CONTENT="för"/><SP WIDTH="20" VPOS="2190" HPOS="1272"/>
							<String ID="string_363" HPOS="1292" VPOS="2188" WIDTH="181" HEIGHT="38" WC="0.93" CONTENT="kroppslig"/><SP WIDTH="19" VPOS="2188" HPOS="1473"/>
							<String ID="string_364" HPOS="1492" VPOS="2187" WIDTH="94" HEIGHT="38" WC="0.92" CONTENT="sjuk-"/>
						</TextLine>
						<TextLine ID="line_41" HPOS="99" VPOS="2232" WIDTH="1488" HEIGHT="35">
							<String ID="string_365" HPOS="99" VPOS="2237" WIDTH="82" HEIGHT="30" WC="0.96" CONTENT="dom"/><SP WIDTH="31" VPOS="2237" HPOS="181"/>
							<String ID="string_366" HPOS="212" VPOS="2237" WIDTH="9" HEIGHT="29" WC="0.96" CONTENT="i"/><SP WIDTH="30" VPOS="2237" HPOS="221"/>
							<String ID="string_367" HPOS="251" VPOS="2237" WIDTH="173" HEIGHT="29" WC="0.96" CONTENT="samband"/><SP WIDTH="25" VPOS="2237" HPOS="424"/>
							<String ID="string_368" HPOS="449" VPOS="2237" WIDTH="81" HEIGHT="28" WC="0.96" CONTENT="med"/><SP WIDTH="26" VPOS="2237" HPOS="530"/>
							<String ID="string_369" HPOS="556" VPOS="2235" WIDTH="323" HEIGHT="30" WC="0.96" CONTENT="alkoholmissbruk"/><SP WIDTH="29" VPOS="2235" HPOS="879"/>
							<String ID="string_370" HPOS="908" VPOS="2236" WIDTH="84" HEIGHT="28" WC="0.96" CONTENT="eller"/><SP WIDTH="26" VPOS="2236" HPOS="992"/>
							<String ID="string_371" HPOS="1018" VPOS="2235" WIDTH="58" HEIGHT="30" WC="0.96" CONTENT="för"/><SP WIDTH="25" VPOS="2235" HPOS="1076"/>
							<String ID="string_372" HPOS="1101" VPOS="2234" WIDTH="146" HEIGHT="30" WC="0.96" CONTENT="kronisk"/><SP WIDTH="30" VPOS="2234" HPOS="1247"/>
							<String ID="string_373" HPOS="1277" VPOS="2232" WIDTH="221" HEIGHT="31" WC="0.95" CONTENT="alkoholism."/><SP WIDTH="40" VPOS="2232" HPOS="1498"/>
							<String ID="string_374" HPOS="1538" VPOS="2232" WIDTH="49" HEIGHT="28" WC="0.94" CONTENT="Av"/>
						</TextLine>
						<TextLine ID="line_42" HPOS="99" VPOS="2277" WIDTH="1488" HEIGHT="40">
							<String ID="string_375" HPOS="99" VPOS="2285" WIDTH="47" HEIGHT="26" WC="0.96" CONTENT="ett"/><SP WIDTH="21" VPOS="2285" HPOS="146"/>
							<String ID="string_376" HPOS="167" VPOS="2281" WIDTH="84" HEIGHT="29" WC="0.96" CONTENT="visst"/><SP WIDTH="22" VPOS="2281" HPOS="251"/>
							<String ID="string_377" HPOS="273" VPOS="2280" WIDTH="146" HEIGHT="30" WC="0.96" CONTENT="intresse"/><SP WIDTH="22" VPOS="2280" HPOS="419"/>
							<String ID="string_378" HPOS="441" VPOS="2280" WIDTH="57" HEIGHT="30" WC="0.96" CONTENT="för"/><SP WIDTH="19" VPOS="2280" HPOS="498"/>
							<String ID="string_379" HPOS="517" VPOS="2279" WIDTH="143" HEIGHT="38" WC="0.96" CONTENT="frågans"/><SP WIDTH="22" VPOS="2279" HPOS="660"/>
							<String ID="string_380" HPOS="682" VPOS="2279" WIDTH="219" HEIGHT="30" WC="0.96" CONTENT="bedömande"/><SP WIDTH="23" VPOS="2279" HPOS="901"/>
							<String ID="string_381" HPOS="924" VPOS="2280" WIDTH="101" HEIGHT="29" WC="0.96" CONTENT="torde"/><SP WIDTH="20" VPOS="2280" HPOS="1025"/>
							<String ID="string_382" HPOS="1045" VPOS="2278" WIDTH="107" HEIGHT="31" WC="0.96" CONTENT="också"/><SP WIDTH="20" VPOS="2278" HPOS="1152"/>
							<String ID="string_383" HPOS="1172" VPOS="2287" WIDTH="83" HEIGHT="21" WC="0.96" CONTENT="vara"/><SP WIDTH="22" VPOS="2287" HPOS="1255"/>
							<String ID="string_384" HPOS="1277" VPOS="2287" WIDTH="43" HEIGHT="20" WC="0.96" CONTENT="en"/><SP WIDTH="19" VPOS="2287" HPOS="1320"/>
							<String ID="string_385" HPOS="1339" VPOS="2277" WIDTH="10" HEIGHT="29" WC="0.96" CONTENT="i"/><SP WIDTH="22" VPOS="2277" HPOS="1349"/>
							<String ID="string_386" HPOS="1371" VPOS="2280" WIDTH="107" HEIGHT="26" WC="0.93" CONTENT="annat"/><SP WIDTH="20" VPOS="2280" HPOS="1478"/>
							<String ID="string_387" HPOS="1498" VPOS="2285" WIDTH="89" HEIGHT="20" WC="0.89" CONTENT="sam-"/>
						</TextLine>
						<TextLine ID="line_43" HPOS="100" VPOS="2320" WIDTH="1487" HEIGHT="42">
							<String ID="string_388" HPOS="100" VPOS="2326" WIDTH="180" HEIGHT="36" WC="0.91" CONTENT="manhang"/><SP WIDTH="27" VPOS="2326" HPOS="280"/>
							<String ID="string_389" HPOS="307" VPOS="2324" WIDTH="96" HEIGHT="30" WC="0.92" CONTENT="inom"/><SP WIDTH="29" VPOS="2324" HPOS="403"/>
							<String ID="string_390" HPOS="432" VPOS="2324" WIDTH="361" HEIGHT="37" WC="0.90" CONTENT="medicinalstyrelsen"/><SP WIDTH="31" VPOS="2324" HPOS="793"/>
							<String ID="string_391" HPOS="824" VPOS="2324" WIDTH="100" HEIGHT="38" WC="0.95" CONTENT="gjord"/><SP WIDTH="30" VPOS="2324" HPOS="924"/>
							<String ID="string_392" HPOS="954" VPOS="2322" WIDTH="187" HEIGHT="39" WC="0.95" CONTENT="utredning"/><SP WIDTH="31" VPOS="2322" HPOS="1141"/>
							<String ID="string_393" HPOS="1172" VPOS="2321" WIDTH="225" HEIGHT="31" WC="0.93" CONTENT="beträffande"/><SP WIDTH="30" VPOS="2321" HPOS="1397"/>
							<String ID="string_394" HPOS="1427" VPOS="2320" WIDTH="160" HEIGHT="30" WC="0.92" CONTENT="frekven-"/>
						</TextLine>
						<TextLine ID="line_44" HPOS="99" VPOS="2364" WIDTH="1488" HEIGHT="41">
							<String ID="string_395" HPOS="99" VPOS="2379" WIDTH="60" HEIGHT="21" WC="0.96" CONTENT="sen"/><SP WIDTH="23" VPOS="2379" HPOS="159"/>
							<String ID="string_396" HPOS="182" VPOS="2379" WIDTH="42" HEIGHT="20" WC="0.96" CONTENT="av"/><SP WIDTH="21" VPOS="2379" HPOS="224"/>
							<String ID="string_397" HPOS="245" VPOS="2368" WIDTH="322" HEIGHT="31" WC="0.96" CONTENT="alkoholmissbruk"/><SP WIDTH="24" VPOS="2368" HPOS="567"/>
							<String ID="string_398" HPOS="591" VPOS="2368" WIDTH="106" HEIGHT="29" WC="0.96" CONTENT="bland"/><SP WIDTH="24" VPOS="2368" HPOS="697"/>
							<String ID="string_399" HPOS="721" VPOS="2369" WIDTH="111" HEIGHT="28" WC="0.96" CONTENT="under"/><SP WIDTH="21" VPOS="2369" HPOS="832"/>
							<String ID="string_400" HPOS="853" VPOS="2368" WIDTH="40" HEIGHT="30" WC="0.96" CONTENT="år"/><SP WIDTH="25" VPOS="2368" HPOS="893"/>
							<String ID="string_401" HPOS="918" VPOS="2368" WIDTH="81" HEIGHT="29" WC="0.93" CONTENT="1944"/><SP WIDTH="22" VPOS="2368" HPOS="999"/>
							<String ID="string_402" HPOS="1021" VPOS="2366" WIDTH="319" HEIGHT="39" WC="0.90" CONTENT="rättspsykiatriskt"/><SP WIDTH="23" VPOS="2366" HPOS="1340"/>
							<String ID="string_403" HPOS="1363" VPOS="2364" WIDTH="224" HEIGHT="30" WC="0.96" CONTENT="undersökta."/>
						</TextLine>
						<TextLine ID="line_45" HPOS="101" VPOS="2409" WIDTH="1487" HEIGHT="42">
							<String ID="string_404" HPOS="101" VPOS="2413" WIDTH="105" HEIGHT="31" WC="0.96" CONTENT="Cirka"/><SP WIDTH="22" VPOS="2413" HPOS="206"/>
							<String ID="string_405" HPOS="228" VPOS="2410" WIDTH="52" HEIGHT="32" WC="0.96" CONTENT="1/4"/><SP WIDTH="20" VPOS="2410" HPOS="280"/>
							<String ID="string_406" HPOS="300" VPOS="2422" WIDTH="42" HEIGHT="21" WC="0.96" CONTENT="av"/><SP WIDTH="20" VPOS="2422" HPOS="342"/>
							<String ID="string_407" HPOS="362" VPOS="2414" WIDTH="41" HEIGHT="29" WC="0.96" CONTENT="de"/><SP WIDTH="21" VPOS="2414" HPOS="403"/>
							<String ID="string_408" HPOS="424" VPOS="2414" WIDTH="50" HEIGHT="28" WC="0.96" CONTENT="till"/><SP WIDTH="24" VPOS="2414" HPOS="474"/>
							<String ID="string_409" HPOS="498" VPOS="2412" WIDTH="169" HEIGHT="39" WC="0.96" CONTENT="styrelsen"/><SP WIDTH="19" VPOS="2412" HPOS="667"/>
							<String ID="string_410" HPOS="686" VPOS="2412" WIDTH="41" HEIGHT="30" WC="0.96" CONTENT="år"/><SP WIDTH="20" VPOS="2412" HPOS="727"/>
							<String ID="string_411" HPOS="747" VPOS="2413" WIDTH="81" HEIGHT="29" WC="0.96" CONTENT="1944"/><SP WIDTH="20" VPOS="2413" HPOS="828"/>
							<String ID="string_412" HPOS="848" VPOS="2412" WIDTH="169" HEIGHT="29" WC="0.93" CONTENT="inkomna"/><SP WIDTH="20" VPOS="2412" HPOS="1017"/>
							<String ID="string_413" HPOS="1037" VPOS="2411" WIDTH="227" HEIGHT="30" WC="0.91" CONTENT="utlåtandena"/><SP WIDTH="22" VPOS="2411" HPOS="1264"/>
							<String ID="string_414" HPOS="1286" VPOS="2410" WIDTH="97" HEIGHT="30" WC="0.96" CONTENT="torde"/><SP WIDTH="21" VPOS="2410" HPOS="1383"/>
							<String ID="string_415" HPOS="1404" VPOS="2409" WIDTH="45" HEIGHT="29" WC="0.93" CONTENT="ha"/><SP WIDTH="22" VPOS="2409" HPOS="1449"/>
							<String ID="string_416" HPOS="1471" VPOS="2416" WIDTH="117" HEIGHT="30" WC="0.92" CONTENT="grans-"/>
						</TextLine>
						<TextLine ID="line_46" HPOS="101" VPOS="2452" WIDTH="1487" HEIGHT="43">
							<String ID="string_417" HPOS="101" VPOS="2459" WIDTH="78" HEIGHT="29" WC="0.90" CONTENT="kats"/><SP WIDTH="27" VPOS="2459" HPOS="179"/>
							<String ID="string_418" HPOS="206" VPOS="2467" WIDTH="42" HEIGHT="20" WC="0.96" CONTENT="ur"/><SP WIDTH="24" VPOS="2467" HPOS="248"/>
							<String ID="string_419" HPOS="272" VPOS="2458" WIDTH="115" HEIGHT="29" WC="0.96" CONTENT="denna"/><SP WIDTH="28" VPOS="2458" HPOS="387"/>
							<String ID="string_420" HPOS="415" VPOS="2457" WIDTH="188" HEIGHT="38" WC="0.96" CONTENT="synpunkt."/><SP WIDTH="41" VPOS="2457" HPOS="603"/>
							<String ID="string_421" HPOS="644" VPOS="2456" WIDTH="81" HEIGHT="30" WC="0.96" CONTENT="Som"/><SP WIDTH="29" VPOS="2456" HPOS="725"/>
							<String ID="string_422" HPOS="754" VPOS="2457" WIDTH="183" HEIGHT="30" WC="0.96" CONTENT="kriterium"/><SP WIDTH="28" VPOS="2457" HPOS="937"/>
							<String ID="string_423" HPOS="965" VPOS="2456" WIDTH="44" HEIGHT="38" WC="0.93" CONTENT="på"/><SP WIDTH="30" VPOS="2456" HPOS="1009"/>
							<String ID="string_424" HPOS="1039" VPOS="2454" WIDTH="355" HEIGHT="32" WC="0.91" CONTENT="förhandenvarande"/><SP WIDTH="28" VPOS="2454" HPOS="1394"/>
							<String ID="string_425" HPOS="1422" VPOS="2463" WIDTH="41" HEIGHT="20" WC="0.93" CONTENT="av"/><SP WIDTH="30" VPOS="2463" HPOS="1463"/>
							<String ID="string_426" HPOS="1493" VPOS="2452" WIDTH="95" HEIGHT="30" WC="0.88" CONTENT="alko-"/>
						</TextLine>
					</TextBlock>
				</ComposedBlock>
			</PrintSpace>
		</Page>
	</Layout>
</alto>
