1878 2802
308 154 19 28 2
725 153 103 26 Andra
852 154 212 33 lagutskottets
1088 154 157 27 utlåtande
1267 164 36 17 nr
1324 156 47 26 40.

310 242 191 29 hemfallen
532 241 34 30 åt
593 242 324 30 alkoholmissbruk
946 243 76 30 icke
1050 252 126 30 genom
1203 243 223 40 hjälpåtgärd
1456 245 136 30 kunnat
1621 245 168 34 återföras

310 295 51 29 till
387 298 47 26 ett
459 295 139 38 nyktert
622 296 66 29 och
712 296 187 38 ordentligt
923 296 46 29 liv
994 297 83 29 eller
1102 297 99 38 eljest
1227 298 277 39 uppenbarligen
1530 299 109 29 utsikt
1665 300 125 31 saknas

310 351 49 27 att
382 351 84 26 utan
487 347 104 40 tvång
611 348 154 31 återföra
787 350 132 29 honom
941 350 127 34 därtill,
1091 351 70 29 kan
1182 351 248 38 länsstyrelsen
1452 352 106 38 enligt
1581 353 18 28 4
1622 353 79 38 kap.
1725 354 67 28 för-

310 402 111 29 ordna
443 405 48 26 att
511 402 70 29 han
601 402 134 39 intages
758 401 19 31 å
797 403 131 29 allmän
952 404 331 30 alkoholistanstalt.

355 490 261 30 Motionärerna
633 491 46 29 ha
697 491 52 29 till
767 501 41 20 en
828 492 125 38 början
972 492 206 35 framhållit,
1197 496 49 26 att
1266 493 294 39 alkoholistlagen
1579 494 215 30 framförallt

310 546 97 36 tager
430 543 88 30 sikte
542 543 45 39 på
614 545 42 28 de
682 544 129 30 sociala
836 545 175 38 följderna
1038 555 42 20 av
1107 546 369 30 alkoholmissbruket.
1504 547 98 30 Efter
1628 557 43 20 en
1698 549 95 29 redo-

310 598 134 37 görelse
465 597 54 29 för
538 598 42 29 de
599 597 10 29 i
634 599 13 28 1
670 596 20 39 $
711 598 9 28 i
740 599 100 37 lagen
860 599 200 38 uppställda
1082 599 341 39 förutsältningarna
1445 601 55 28 för
1522 600 210 39 vidtagande
1753 611 42 20 av

310 649 162 39 åtgärder
491 650 105 39 enligt
615 652 102 37 lagen
736 652 126 29 anföra
881 652 264 30 motionärerna
1164 653 130 29 vidare:

353 704 94 29 F.n.
476 707 52 26 stå
552 704 8 29 i
585 705 79 29 hela
689 705 118 29 landet
834 706 110 28 under
970 706 446 37 nykterhetsnämndernas
1443 707 239 39 övervakning
1707 717 86 29 upp-

307 748 250 38 skattningsvis
578 750 40 28 20
632 750 63 28 000
716 759 175 28 personer,
913 750 65 29 och
999 749 46 39 på
1064 751 322 30 alkoholistanstalt
1408 761 83 19 voro
1513 748 99 33 31/12
1638 753 82 29 1945
1744 752 49 29 in-

308 792 143 30 skrivna
476 794 17 27 2
507 794 63 28 039
593 794 155 37 stycken.
775 794 105 30 Dessa
904 794 122 30 siffror
1049 795 173 30 innefatta
1247 796 194 29 emellertid
1465 796 178 29 sannolikt
1669 797 31 36 ej
1725 797 67 29 alla

308 837 41 29 de
376 838 71 33 fall,
475 838 61 28 där
562 841 47 26 ett
637 838 228 30 inskridande
891 839 106 38 enligt
1023 839 293 39 alkoholistlagen
1343 841 113 29 skulle
1486 850 82 20 vara
1596 841 196 34 motiverat,

307 882 44 28 bl.
371 891 30 20 a.
419 892 42 19 av
480 883 66 28 den
565 883 161 32 orsaken,
746 886 49 26 att
817 883 78 35 viss,
915 884 161 38 samtliga
1097 884 119 29 läkare
1235 883 161 31 åvilande
1416 885 376 38 anmälningsskyldig-

307 926 58 29 het
387 927 223 29 beträffande
631 927 230 30 alkoholister
882 937 42 20 av
945 928 93 30 olika
1060 929 76 29 skäl
1159 929 31 37 ej
1212 929 204 38 skrupulöst
1440 930 177 37 fullgöres.

352 971 81 29 Man
452 972 38 28 är
507 971 19 29 å
544 972 110 29 andra
676 972 99 29 sidan
794 972 195 38 berättigad
1009 976 50 26 att
1078 976 137 35 antaga,
1236 977 49 26 att
1304 974 132 29 antalet
1457 974 71 34 fall,
1549 975 63 28 där
1635 974 157 29 alkohol-

306 1015 231 30 missbrukets
562 1016 218 30 medicinska
807 1017 323 38 skadeverkningar
1157 1019 82 37 göra
1264 1018 50 38 sig
1341 1019 170 37 gällande,
1541 1019 38 29 är
1606 1019 71 29 lika
1706 1021 86 27 stort

307 1069 76 19 som
409 1061 130 28 antalet
565 1070 43 20 av
633 1061 42 29 de
702 1061 71 34 fall,
801 1070 75 20 som
904 1062 183 29 föranleda
1116 1062 206 38 ingripande
1354 1063 106 38 enligt
1487 1063 304 37 alkoholistlagen.

307 1104 131 29 Härför
455 1105 88 29 talar
558 1114 41 20 en
617 1106 134 29 samlad
767 1106 313 30 läkarerfarenhet.
1099 1107 47 29 Ur
1162 1107 113 29 denna
1293 1107 180 38 synpunkt
1489 1108 64 28 har
1568 1117 83 19 man
1667 1108 124 29 främst

306 1151 50 26 att
382 1149 111 29 räkna
518 1150 78 28 med
623 1159 41 20 en
690 1151 159 28 avsevärt
873 1151 137 29 nedsatt
1035 1150 280 39 arbetsförmåga
1340 1152 66 29 och
1432 1150 131 31 sådana
1588 1152 204 38 kroppsliga

307 1194 65 28 och
397 1193 167 38 psykiska
586 1194 354 37 sjukdomstillstånd,
964 1205 75 20 som
1062 1196 285 38 nödvändiggöra
1369 1195 85 30 vård
1476 1195 45 39 på
1543 1195 249 39 sjukvårdsan-

307 1238 81 29 stalt
410 1238 82 29 eller
513 1239 160 29 medföra
695 1239 112 29 behov
828 1249 42 19 av
894 1240 118 37 längre
1035 1241 84 28 eller
1142 1240 140 30 kortare
1307 1240 65 30 tids
1395 1239 188 31 läkarvård
1605 1241 80 29 med
1709 1241 83 29 nöd-

306 1285 154 35 tvungen
481 1281 166 31 frånvaro
670 1282 79 30 från
772 1284 388 38 arbetsanställningen.
1187 1284 118 38 Någon
1329 1286 104 28 exakt
1457 1284 153 30 statistik
1636 1286 81 28 över
1741 1283 51 31 så-

306 1327 108 29 lunda
445 1328 176 29 förlorade
650 1328 226 37 arbetsdagar
904 1329 69 29 kan
1002 1329 90 29 dock
1122 1329 31 38 ej
1183 1332 84 26 utan
1296 1329 234 37 omständliga
1564 1329 228 37 utredningar

307 1370 272 31 åstadkommas.
605 1372 74 29 Den
704 1372 155 38 diagnos,
884 1374 175 28 varunder
1085 1374 119 38 dylika
1229 1374 62 29 fall
1318 1374 203 33 behandlas,
1548 1374 138 29 lämnar
1711 1374 22 29 f.
1762 1375 28 28 ö.

307 1416 74 29 ofta
402 1416 85 29 intet
507 1416 129 30 besked
659 1426 57 19 om
739 1417 66 29 den
827 1417 51 29 till
899 1418 112 37 grund
1034 1419 55 28 för
1111 1417 378 39 sjukdomstillståndet
1511 1418 162 38 liggande
1695 1418 97 29 verk-

307 1460 67 37 liga
396 1460 159 29 orsaken.

352 1504 75 30 Den
455 1506 202 29 nuvarande
684 1506 459 39 alkoholistlagstiftningen
1172 1508 63 29 har
1262 1512 85 26 utan
1376 1509 103 30 tvivel
1507 1511 205 29 medverkat
1740 1511 49 29 till

306 1549 348 38 omhändertagande
678 1560 42 19 av
744 1549 126 39 många
893 1551 125 38 farliga
1044 1552 65 29 och
1136 1552 152 30 asociala
1313 1553 396 31 alkoholmissbrukare.
1735 1556 57 28 Att

306 1593 107 29 likväl
433 1593 75 30 icke
526 1603 60 20 ens
606 1593 45 39 på
669 1595 93 29 detta
781 1595 215 37 begränsade
1017 1595 143 30 område
1180 1597 60 28 allt
1258 1597 38 29 är
1315 1598 53 29 väl
1388 1599 139 29 beställt
1546 1599 74 29 visa
1640 1600 42 29 de
1704 1598 88 31 åter-

306 1638 213 29 konmande
549 1638 375 31 misshandelsbrotten
954 1641 64 28 och
1050 1641 111 29 andra
1191 1641 101 30 brott.
1324 1641 182 39 begångna
1536 1653 43 19 av
1609 1643 181 30 notoriska

306 1682 396 30 alkoholmissbrukare.
720 1684 167 28 Förutom
904 1684 55 29 för
977 1694 41 20 en
1036 1684 279 39 effektivisering
1330 1696 43 20 av
1390 1688 107 28 redan
1514 1686 189 32 bestående
1722 1688 69 29 för-

307 1726 211 38 fattningars
544 1727 224 39 tillämpning
794 1737 101 29 synes
922 1729 94 29 tiden
1043 1739 146 20 numera
1216 1738 124 30 mogen
1367 1731 55 29 för
1451 1741 41 19 en
1519 1731 206 39 utvidgning
1751 1742 42 20 av

306 1771 378 30 indikationsområdet
710 1773 54 28 för
787 1773 393 39 samhällsingripandet
1203 1774 52 29 till
1278 1778 49 26 att
1350 1776 149 29 omfatta
1523 1777 88 29 även
1633 1777 158 29 alkohol-

307 1815 230 30 missbrukets
560 1816 215 30 medicinska
799 1817 333 38 skadeverkningar.
1156 1818 52 29 En
1233 1819 68 29 viss
1323 1820 221 30 tveksamhet
1567 1821 224 30 beträffande

306 1869 42 20 en
369 1861 172 28 eventucll
563 1861 194 38 skärpning
779 1871 43 19 av
842 1862 468 39 alkoholistlagstiftningen,
1333 1873 76 19 som
1430 1865 162 29 härleder
1613 1865 50 38 sig
1687 1875 41 20 ur
1750 1875 41 20 en

306 1904 198 38 principiell
528 1905 241 38 obenägenhet
793 1909 48 26 att
866 1906 97 29 stifta
987 1907 97 37 lagar
1108 1905 45 39 på
1176 1910 47 26 ett
1248 1906 152 34 område,
1426 1909 62 28 där
1514 1909 277 38 uppenbarligen

306 1949 227 29 individuella
558 1950 256 29 levnadsvanor
842 1951 94 37 spela
964 1960 41 19 en
1032 1954 72 26 stor
1130 1952 64 28 roll
1221 1952 64 29 och
1311 1952 234 30 bedömandet
1572 1963 43 20 av
1642 1954 148 37 gränsen

305 1994 129 28 mellan
452 1994 88 29 bruk
559 1994 65 29 och
640 1994 178 30 missbruk
835 1995 9 28 i
861 1995 56 29 det
935 1995 159 30 enskilda
1114 1996 97 29 fallet
1229 1996 66 29 blir
1312 2007 41 19 en
1374 1997 195 29 medicinsk
1585 1998 206 37 angelägen-

306 2038 67 32 het,
398 2039 38 28 är
458 2038 183 38 förklarlig
664 2039 65 29 och
753 2039 204 38 berättigad.
982 2040 11 29 I
1017 2040 95 29 detta
1135 2041 256 37 sammanhang
1416 2040 57 30 må
1496 2041 106 30 likväl
1626 2042 164 30 hänvisas

307 2082 49 28 till
377 2085 50 26 att
445 2083 184 29 samhället
647 2082 45 39 på
711 2086 47 27 ett
775 2087 107 26 annat
900 2084 209 29 medicinskt
1128 2084 142 30 område
1289 2089 64 26 sett
1372 2085 50 38 sig
1441 2086 173 29 nödsakat
1634 2089 50 27 att
1704 2086 87 38 rigo-

305 2127 71 28 röst
399 2127 169 37 begränsa
590 2128 67 28 den
679 2128 175 29 enskildes
879 2129 249 33 rörelsefrihet,
1154 2129 174 38 nämligen
1352 2129 45 30 då
1419 2131 55 28 det
1499 2131 108 37 gäller
1629 2130 162 39 åtgärder

304 2174 73 26 mot
396 2171 188 38 spridande
603 2181 43 20 av
665 2172 41 29 de
726 2172 182 30 veneriska
928 2173 265 37 sjukdomarna.
1215 2173 209 39 Visserligen
1445 2175 38 28 är
1504 2174 202 31 ändamålet
1727 2176 64 29 här

305 2215 89 30 först
411 2216 66 29 och
496 2216 124 29 främst
637 2219 50 26 att
706 2216 125 30 hindra
850 2217 188 37 spridande
1058 2227 43 20 av
1120 2218 100 29 dessa
1239 2218 216 38 sjukdomar,
1478 2228 80 20 men
1576 2220 57 29 det
1653 2220 100 29 torde
1771 2219 19 30 å

304 2260 111 29 andra
437 2260 99 29 sidan
558 2261 79 28 med
660 2260 59 38 fog
739 2261 120 29 kunna
880 2260 127 38 påstås,
1030 2265 50 26 att
1103 2262 360 30 alkoholmissbruket
1487 2273 41 19 ur
1551 2263 239 38 familjelivets

304 2304 181 38 synpunkt
507 2305 125 29 verkar
654 2305 106 29 minst
783 2305 71 29 lika
878 2306 194 29 förödande
1096 2305 45 39 på
1163 2306 193 38 livslyckan
1380 2317 76 20 som
1480 2307 176 38 följderna
1680 2318 43 20 av
1748 2309 42 29 de

304 2348 183 30 veneriska
510 2348 242 30 åkommorna.
777 2350 47 28 På
847 2350 112 37 grund
980 2360 42 19 av
1043 2351 42 29 de
1107 2350 167 39 psykiska
1297 2351 258 38 förändringar,
1579 2362 75 20 som
1679 2353 110 29 föror-

303 2393 104 29 sakas
426 2403 42 19 av
485 2397 46 25 ett
547 2393 163 30 kroniskt
726 2394 333 34 alkoholmissbruk,
1077 2394 92 30 inses
1188 2395 99 29 dessa
1304 2396 261 30 konsekvenser
1582 2397 91 29 dock
1694 2406 95 20 mera

303 2438 112 29 sällan
433 2447 42 20 av
494 2438 235 29 alkoholisten
748 2438 97 37 själv.
