1906 2810
260 181 21 30 4
750 174 228 30 Statsutskottets
1001 171 148 28 utlåtande
1170 167 59 41 Nr
1242 166 47 31 89.

573 258 91 41 givet
701 255 110 32 indelt
847 253 177 41 manskap,
1064 262 73 21 som
1165 250 11 30 i
1205 247 165 33 samband
1398 245 78 32 med
1504 245 66 31 den
1598 254 66 32 nya
1691 238 73 52 här-

573 308 296 42 organisationens
905 302 266 45 genomförande
1198 301 74 31 icke
1300 300 130 30 kunnat
1456 297 145 31 beredas
1628 296 139 31 fortsatt

575 360 137 41 ständig
747 357 238 43 tjänstgöring,
1025 356 54 30 må
1114 354 51 31 för
1205 352 67 31 den
1312 350 61 39 tid,
1412 350 42 31 de
1491 348 74 31 icke
1601 347 86 32 varit
1719 346 48 30 in-

575 411 144 39 kallade,
749 411 73 30 från
849 408 260 32 lantförsvarets
1136 402 299 43 avlöningsanslag
1456 399 145 32 beredas
1621 397 147 34 särskild

578 463 192 41 ersättning
806 462 83 31 efter
917 460 42 31 de
987 458 159 43 grunder,
1177 467 73 21 som
1279 452 364 40 arméförvaltningens
1670 450 100 32 civila

579 516 237 42 departement
842 514 11 30 i
881 511 177 33 utlåtande
1087 509 66 32 den
1183 509 46 30 20
1258 505 184 33 november
1465 504 96 31 1928
1582 502 186 41 föreslagit.

322 578 201 34 Stockholm
552 577 65 31 den
648 577 20 30 3
697 574 66 42 maj
797 573 106 32 1929.

762 661 49 30 På
838 657 277 33 statsutskottets
1141 657 140 39 vägnar:

777 738 33 31 8.
841 736 45 31 H.
916 731 350 36 KVARNZELIUS.

328 913 62 27 Vid
413 910 202 29 förestående
639 908 135 28 ärendes
799 904 263 36 slutbehandling
1085 903 85 27 inom
1193 901 159 27 utskottet
1374 899 85 26 hava
1481 896 158 28 närvarit:

328 971 73 28 från
423 970 125 28 första
570 969 199 26 kammaren:
798 966 107 26 herrar
928 962 30 29 S.
983 962 42 28 H.
1049 959 202 33 Kvarnzelius,
1274 958 36 27 A.
1336 956 29 28 C.
1383 955 156 33 Lindblad,
1560 953 29 28 J.
1607 953 35 28 LL.
1664 952 115 33 Widell,

281 1013 72 36 Olof
374 1012 111 32 Olsson,
512 1010 33 28 O.
581 1008 162 37 Bergqvist,
766 1007 30 28 J.
820 1006 120 28 Nilsson
969 1005 5 27 i
998 1004 126 28 Malmö.
1151 1001 29 29 C.
1205 1001 35 28 P.
1270 1000 30 27 V.
1325 999 117 28 Nilsson
1469 998 9 26 i
1503 996 155 34 Gränebo,
1684 994 34 28 P.
1742 994 36 27 A.

279 1055 91 35 Dahl,
393 1054 37 28 N.
455 1054 31 28 J.
512 1052 42 29 M.
580 1051 138 29 Svensson
746 1051 10 26 i
779 1047 251 38 Kompersmåla,
1068 1045 29 28 &C.
1122 1044 25 28 I.
1172 1041 142 38 Asplund,
1348 1040 34 29 P.
1407 1040 34 28 A.
1467 1040 167 35 Bergström
1657 1037 57 28 och
1741 1035 37 28 D.

279 1098 138 34 Hansén
404 1094 17 44 ;

333 1139 72 29 från
440 1138 119 28 andra
593 1137 199 26 kammaren:
827 1134 107 40 herrar
967 1131 37 27 4.
1033 1129 148 28 Anderson
1202 1128 11 26 i
1236 1126 146 34 Råstock,
1407 1124 35 28 P.
1467 1123 120 28 Nilsson
1610 1123 10 26 i
1644 1122 137 34 Bonarp,

281 1182 36 28 L.
352 1181 31 29 J.
422 1176 316 34 Carlsson-Frosterud,
773 1176 35 27 A.
832 1176 87 27 Å:son
946 1171 158 30 Törnkvist
1124 1172 10 26 i
1157 1169 205 39 Karlskrona,
1386 1167 36 27 B.
1447 1165 88 28 F:son
1559 1164 169 35 Holmgren,
1750 1162 31 28 J.

288 1224 134 35 Olofsson
445 1224 10 26 i
478 1222 166 36 Digernäs,
669 1218 30 29 S.
724 1218 121 28 Persson
869 1218 10 26 i
902 1216 135 35 Fritorp,
1064 1213 32 28 0.
1120 1212 120 28 Nilsson
1262 1211 11 27 i
1296 1210 128 32 Örebro,
1450 1208 35 28 G.
1504 1205 180 34 Strindlund,
1700 1204 29 28 C.
1747 1205 35 27 A.

280 1266 149 29 Anderson
455 1265 10 27 i
493 1262 220 37 Storegården,
737 1260 30 29 J.
792 1259 122 29 Jönsson
937 1258 10 27 i
970 1257 142 35 Revinge
1134 1255 58 28 och
1216 1253 38 28 K.
1280 1251 28 29 S.
1339 1251 29 28 V.
1400 1250 100 28 Ward.
