1938 2832
314 145 40 28 24
649 144 103 27 Andra
775 145 214 32 lagutskottets
1013 145 157 27 utlåtande
1194 146 42 26 Nr
1261 148 50 25 36;
1336 147 125 33 bilagor.

311 221 108 37 hållit,
441 222 173 39 naturligt,
639 227 49 26 att
710 223 388 39 fattigvårdssamhället
1120 225 9 29 i
1153 226 112 29 stället
1287 225 93 31 utfår
1402 227 189 38 ersättning
1614 237 42 20 av
1679 231 119 27 staten.

318 268 259 30 Bestämmelser
605 278 57 20 om
691 269 251 38 ersättningens
970 269 209 39 omfattning
1205 270 125 30 liksom
1359 281 57 20 om
1444 271 215 39 prövningen
1687 282 42 20 av
1759 274 39 29 de

317 311 71 36 fall,
413 311 43 30 då
482 312 189 38 ersättning
695 313 70 29 kan
790 312 263 39 ifrågakomma,
1078 314 62 30 bör
1167 315 56 29 det
1247 315 189 30 ankomma
1459 314 45 39 på
1528 316 168 30 särskilda
1724 318 73 28 sak-

315 356 155 38 kunniga
491 359 49 27 att
557 357 167 29 utarbeta.

360 399 385 39 Fattigvårdsstyrelsen
771 401 62 30 har
859 402 110 30 under
993 401 82 31 åren
1104 403 216 29 1931—1936
1345 403 10 29 i
1381 404 41 29 23
1447 403 71 35 fall,
1547 404 183 31 däribland
1761 407 36 26 192

313 443 61 30 fall
397 444 109 30 under
527 444 38 30 år
591 445 93 34 1935,
708 446 76 28 sökt
805 446 188 37 ersättning
1016 456 41 19 av
1081 456 115 20 vuxna
1219 447 86 30 barn
1329 446 54 31 för
1406 447 186 38 fattigvård
1615 458 74 20 som
1711 450 82 28 läm-

315 490 76 27 nats
411 488 98 30 deras
529 488 181 30 föräldrar.

357 531 403 40 Fattigvårdsstyrelsens
779 534 246 30 arbetsutskott
1043 534 59 30 vill
1121 535 159 38 slutligen
1299 536 167 35 meddela,
1488 539 49 27 att
1556 537 56 29 det
1632 536 58 30 vid
1709 537 83 29 flera

312 575 158 31 tillfällen
495 576 10 29 i
533 577 183 37 styrelsens
745 578 220 30 verksamhet
991 578 223 31 förekommit
1242 579 71 35 fall,
1342 580 62 29 där
1430 580 57 30 det
1513 581 90 29 varit
1629 582 164 37 styrelsen

312 620 250 38 motbjudande
582 624 49 27 att
652 622 79 29 med
754 623 224 37 begagnande
999 632 42 20 av
1064 623 52 29 sin
1137 623 126 38 lagliga
1283 625 68 28 rätt
1371 625 147 29 utkräva
1540 625 189 38 ersättning
1753 636 40 18 av

312 664 87 30 barn
417 664 55 30 för
490 665 142 30 lämnad
650 665 186 39 fattigvård
856 666 51 30 till
926 666 180 36 föräldrar,
1126 676 75 21 som
1220 668 10 29 i
1248 671 122 34 ytterst
1387 668 98 38 ringa
1503 668 83 30 mån
1604 668 123 31 vårdat
1747 670 47 35 sig

313 718 56 19 om
396 708 75 30 sina
494 709 97 34 barn,
616 710 66 29 och
710 711 165 37 styrelsen
901 711 111 30 skulle
1036 711 119 31 därför
1179 712 80 30 med
1284 712 295 31 tillfredsställelse
1607 722 45 27 se,
1678 717 49 26 att
1754 723 40 20 en

312 752 183 38 utredning
525 753 9 29 i
563 754 41 29 de
634 763 42 20 av
706 754 256 31 motionärerna
991 756 144 29 berörda
1164 756 223 30 hänseenden
1415 760 135 27 snarast
1577 758 140 30 komme
1748 759 46 28 till

312 795 109 31 stånd.

356 858 229 39 Hälsingborg
608 860 67 29 den
700 861 40 29 24
763 860 151 30 februari
941 861 91 30 1936.

599 938 48 30 På
667 939 389 39 fattigvårdsstyrelsens
1075 942 265 29 arbetsutskotts
1360 943 142 37 vägnar:

877 1002 151 30 ENOCH
1054 1003 165 30 BRUHN.

1510 1048 35 30 U.
1564 1048 184 30 Hernroth.

1528 1223 133 31 Bilaga
1682 1223 69 26 A;.

337 1255 88 25 Gävle
448 1257 80 24 stads
551 1255 311 33 fattigvårdsstyrelses
888 1259 53 29 ytt-

302 1292 91 25 rande
412 1292 44 24 till
476 1294 109 23 statens
606 1293 152 31 inspektör
778 1293 47 25 för
845 1293 97 31 fattig-

303 1326 71 27 vård
411 1329 55 24 och
503 1327 166 27 barnavård
697 1329 69 24 över
793 1328 149 25 motionen

312 1364 37 25 II:
362 1364 60 25 188:

439 1473 134 30 Statens
592 1473 178 39 inspektör
789 1473 54 37 för
864 1473 188 38 fattigvård
1073 1473 65 30 och
1162 1473 205 30 barnavård.

350 1553 12 28 I
387 1553 162 30 skrivelse
572 1553 67 29 den
666 1554 37 28 17
729 1553 151 30 februari
908 1553 83 29 1936
1013 1553 64 29 har
1101 1553 96 30 Gefle
1220 1554 92 29 stads
1335 1552 366 40 fattigvårdsstyrelses
1725 1558 62 34 ytt-

301 1597 107 30 rande
430 1597 188 30 infordrats
641 1598 81 29 över
744 1597 290 38 riksdagsmotion
1058 1597 45 29 II:
1121 1598 61 29 188
1205 1607 42 20 av
1269 1597 56 30 fru
1348 1597 112 31 Olivia
1484 1598 178 39 Nordgren
1685 1608 45 20 m.
1755 1599 35 29 fl.

305 1640 179 39 angående
509 1641 90 30 vissa
624 1641 189 38 ändringar
838 1641 10 29 i
872 1640 308 39 fattigvårdslagen
1202 1651 45 20 m.
1272 1651 45 21 m.
1343 1641 53 31 Då
1420 1642 183 38 styrelsens
1629 1643 160 37 yttrande

305 1685 75 30 icke
398 1686 135 29 kunnat
552 1685 177 30 inhämtas
748 1685 94 30 inom
862 1685 147 38 angiven
1028 1686 58 34 tid,
1106 1685 55 30 får
1179 1686 271 36 undertecknad,
1470 1686 317 38 fattigvårdsdirek-

304 1730 53 29 tör
376 1728 11 31 i
408 1729 105 35 Gefle,
534 1729 10 30 i
565 1730 143 29 ärendet
727 1729 123 30 anföra
870 1729 164 39 följande.

349 1773 70 30 När
437 1773 257 39 framställning
716 1775 96 37 göres
835 1783 57 20 om
914 1773 405 39 fattigvårdsunderstöd,
1344 1775 77 30 sker
1442 1775 10 29 i
1472 1775 100 37 regel,
1595 1785 57 20 om
1674 1775 112 37 fattig-

304 1816 130 32 vården
461 1819 39 29 är
526 1817 118 39 riktigt
674 1818 143 34 ordnad,
846 1827 42 20 en
917 1826 179 30 noggrann
1123 1818 185 38 utredning
1335 1828 58 21 om
1422 1819 67 30 den
1517 1819 270 39 hjälpsökandes

304 1860 253 37 förhållanden,
576 1862 109 29 innan
702 1862 188 30 understöd
907 1862 144 30 lämnas.
1072 1862 130 30 Finnas
1219 1872 115 20 vuxna
1351 1863 98 35 barn,
1468 1862 37 31 så
1522 1865 126 37 prövas
1666 1864 120 31 därvid

304 1906 99 30 deras
419 1905 158 39 förmåga
594 1909 51 27 att
663 1906 153 38 bidraga,
835 1906 66 30 och
920 1916 82 20 man
1020 1907 99 29 söker
1135 1906 105 30 träffa
1260 1908 333 30 överenskommelse
1611 1909 80 29 med
1708 1909 78 29 dem

303 1959 57 21 om
380 1950 126 38 skäligt
524 1949 193 31 underhåll.
739 1949 48 31 På
809 1950 37 30 så
867 1951 66 29 sätt
953 1951 119 29 kunna
1093 1951 89 37 goda
1202 1951 142 30 resultat
1364 1950 72 31 nås.
1458 1951 131 31 Genom
1608 1952 178 39 rättegång

303 1995 38 29 är
362 1994 157 30 däremot
539 1994 106 30 oftast
666 1994 76 30 icke
764 1994 36 30 så
821 1995 138 38 mycket
982 1998 49 26 att
1052 1994 115 31 vinna.
1190 1994 47 31 På
1259 1995 99 30 dessa
1382 1996 150 37 grunder
1553 1996 232 31 förekommer

301 2038 10 29 i
338 2037 96 31 Gefle
458 2037 332 39 återvinningstalan
814 2042 173 35 gentemot
1009 2039 87 29 barn
1121 2039 122 30 endast
1267 2039 10 30 i
1302 2040 133 37 ganska
1458 2040 82 30 liten
1565 2040 219 37 omfattning.

303 2081 114 39 Några
439 2081 119 31 siffror
581 2083 121 29 kunna
725 2084 116 37 tyvärr
863 2083 75 30 icke
960 2082 134 31 lämnas
1117 2086 85 27 utan
1226 2083 116 30 alltför
1364 2084 206 30 tidsödande
1590 2084 194 38 utredning.

347 2126 64 30 Det
432 2126 70 30 kan
525 2126 75 30 icke
620 2126 174 35 förnekas,
815 2130 50 27 att
885 2126 182 31 emellanåt
1088 2127 220 38 olägenheter
1329 2127 126 40 uppstå
1476 2138 42 20 av
1539 2129 66 29 den
1627 2132 62 31 art,
1711 2138 74 21 som

302 2170 139 39 angives
465 2171 10 29 i
498 2171 187 30 motionen.
711 2171 78 30 Men
813 2171 239 31 erfarenheten
1077 2172 57 29 vid
1157 2171 231 39 fattigvården
1412 2172 10 30 i
1448 2172 94 31 Gefle
1565 2173 220 30 beträffande

301 2215 302 38 länsstyrelsernas
635 2216 66 29 och
733 2216 290 30 kammarrättens
1055 2216 261 38 handläggning
1350 2226 42 20 av
1424 2217 63 30 här
1518 2216 267 39 ifrågavarande

301 2259 151 30 ärenden
470 2258 42 39 gå
529 2258 11 30 i
558 2259 70 30 helt
647 2269 119 20 annan
782 2260 153 38 riktning
953 2261 45 28 än
1014 2260 258 31 motionärerna
1289 2263 52 27 tro
1361 2261 51 38 sig
1429 2261 46 30 ha
1493 2261 125 30 funnit.
1640 2261 65 31 Det
1720 2262 63 29 har

301 2301 87 32 visat
403 2303 50 38 sig
470 2303 137 38 mycket
624 2303 93 31 svårt
733 2307 48 27 att
797 2303 43 39 på
857 2304 104 38 laglig
977 2305 64 37 väg
1056 2307 120 35 uttaga
1195 2305 188 38 ersättning
1399 2304 79 31 från
1493 2305 87 31 barn
1596 2308 73 27 mot
1684 2306 100 29 deras

300 2353 84 31 egen
404 2347 92 39 vilja.

345 2389 63 31 Det
432 2391 11 30 i
466 2392 176 30 motionen
667 2392 188 30 relaterade
878 2392 98 30 fallet
1000 2393 69 30 kan
1094 2393 76 30 icke
1193 2394 175 32 bedömas,
1394 2397 83 27 utan
1501 2397 49 26 att
1573 2393 211 39 upplysning

300 2435 134 29 lämnas
453 2434 210 32 åtminstone
684 2446 57 20 om
759 2436 66 30 den
844 2436 265 38 ifrågavarande
1129 2438 206 30 svärsonens
1355 2437 198 31 inkomster.
1576 2437 13 30 I
1609 2437 95 39 varje
1723 2437 60 31 fall

300 2479 37 29 är
363 2478 55 30 det
444 2480 56 29 väl
527 2480 99 38 tidigt
653 2483 50 27 att
729 2481 106 38 draga
864 2479 107 39 några
997 2481 177 30 slutsatser
1199 2482 131 34 därom,
1358 2481 108 30 innan
1492 2482 290 30 kammarrättens
