2224 2632
462 219 19 30 6
587 218 247 32 Sammansatta
860 217 221 40 Bevillnings-
1110 217 55 32 och
1192 217 241 40 Lagutskottets
1463 217 214 32 Betänkande
1703 218 67 31 N:o
1798 220 28 28 1.

411 299 351 49 säljningsrummet
802 298 195 48 befintliga
1038 297 156 37 bränvin
1235 297 57 37 till
1336 298 69 36 och
1434 297 87 37 med
1554 299 69 35 150
1651 298 86 37 liter
1765 297 120 37 tillika
1912 298 87 36 med

411 351 92 47 kärl,
548 365 80 23 som
669 352 60 36 för
770 351 88 36 dess
899 349 238 49 afhemtning
1164 349 160 50 tjenliga
1352 354 74 42 äro,
1456 350 12 35 i
1496 350 147 48 ganska
1670 352 139 46 många
1835 349 65 37 fall
1928 355 72 43 gör

411 403 63 37 det
503 403 172 49 omöjligt
703 403 60 37 för
791 401 283 38 vederbörande
1103 402 175 48 åklagare
1309 406 53 32 att
1386 402 162 48 kraftigt
1566 402 148 49 ingripa
1732 402 57 36 till
1810 401 189 49 stäfjande

409 455 41 37 af
474 455 275 49 lönkrögeriet,
779 454 47 37 då
852 454 254 48 lönkrögaren
1134 454 11 35 i
1165 453 206 37 allmänhet
1388 453 190 49 iakttager
1596 454 72 36 den
1689 454 310 49 försigtigheten,

410 512 53 31 att
490 508 77 36 han
595 508 59 36 för
680 512 55 32 att
763 506 127 49 undgå
916 505 136 49 beslag
1079 505 80 37 icke
1188 506 172 36 förvarar
1385 505 202 37 bränvinet
1613 506 12 36 i
1654 506 63 36 det
1737 519 94 34 rum,
1851 505 66 37 der
1936 506 65 36 det

409 560 201 47 utlemnas,
650 564 90 31 utan
783 559 115 36 oftast
939 558 299 47 undangömmer
1281 557 208 37 detsamma
1529 558 13 35 i
1582 557 123 48 uthus,
1744 557 157 37 hölador
1929 558 72 36 och

411 611 209 49 skogssnår
660 610 92 38 eller
793 613 48 46 på
868 609 117 37 andra
1012 609 176 37 liknande
1218 609 147 37 ställen.
1420 609 287 49 Beslagsrätten
1735 609 109 37 torde
1873 609 129 37 derför

410 663 92 36 böra
543 663 12 36 i
597 677 49 22 nu
687 662 168 50 antydda
895 661 182 37 afseende
1118 661 226 46 utsträckas,
1374 663 40 34 så
1443 666 54 32 att
1527 662 73 36 den
1628 664 59 34 må
1714 661 129 37 kunna
1870 664 48 46 på
1946 666 56 32 ett

411 715 278 37 verksammare
718 719 77 32 sätt
822 718 112 43 göras
962 713 189 49 gällande.

512 767 129 36 Under
668 766 206 47 uttalande,
904 770 54 31 att
986 765 64 37 det
1078 765 39 36 af
1143 765 279 36 motionärerna
1449 765 179 49 påvisade
1653 764 349 38 missförhållandet

409 818 206 49 lämpligen
656 818 108 36 torde
806 818 125 36 kunna
973 817 252 48 undanrödjas
1267 816 13 36 i
1317 817 72 36 den
1426 817 42 36 af
1492 817 184 36 utskottet
1703 817 116 36 ofvan
1847 817 155 48 angifna

410 871 183 48 rigtning,
621 870 117 37 håller
756 870 188 36 utskottet
972 868 95 48 före,
1097 874 53 31 att
1179 868 154 48 frågans
1362 868 277 49 hänskjutande
1657 868 58 36 till
1735 868 139 48 Kongl.
1896 868 107 49 Maj:t

409 923 84 36 bäst
522 923 95 36 skall
644 921 179 38 befordra
852 921 88 37 dess
971 920 349 37 tillfredsställande
1349 920 163 49 lösning,
1542 920 69 37 och
1637 920 220 37 hemställer
1876 919 121 49 alltså,

910 1029 55 32 att
1006 1024 216 48 Riksdagen
1265 1023 86 37 med
1391 1022 209 49 anledning
1639 1024 42 36 af
1713 1024 290 48 ifrågavarande

809 1076 143 37 motion
993 1079 115 33 måtte
1147 1076 13 36 1
1201 1075 199 37 skrifvelse
1439 1074 57 36 till
1538 1075 139 49 Kongl.
1708 1076 106 49 Maj:t
1842 1076 159 47 anhålla,

809 1129 63 36 det
911 1128 146 37 täcktes
1100 1128 138 48 Kongl.
1274 1127 104 48 Maj:t
1410 1132 90 42 taga
1527 1126 12 36 i
1568 1126 293 50 öfvervägande,
1890 1128 111 36 huru-

808 1180 87 37 vida
940 1180 71 37 och
1058 1182 47 47 på
1144 1179 98 37 hvad
1286 1184 74 32 sätt
1399 1178 10 36 i
1452 1177 128 50 kongl.
1622 1179 273 49 förordningen
1937 1193 66 23 an-

810 1232 146 49 gående
984 1232 229 48 försäljning
1241 1231 40 36 af
1308 1230 155 37 bränvin
1492 1244 47 22 m.
1570 1244 46 22 m.
1646 1231 74 36 den
1740 1233 48 34 24
1808 1232 72 48 maj
1905 1233 97 34 1895

811 1284 203 48 ändringar
1042 1286 60 34 må
1129 1284 125 36 kunna
1280 1283 172 48 vidtagas
1471 1282 13 36 i
1504 1282 100 48 syfte
1624 1287 54 31 att
1692 1295 140 36 genom
1849 1283 155 49 skärpta

811 1336 406 37 straffbestämmelser
1258 1335 71 36 och
1370 1334 185 36 utsträckt
1596 1334 229 48 beslagsrätt
1861 1337 47 47 på
1950 1340 55 30 ett

810 1401 101 23 mera
944 1388 193 36 verksamt
1165 1392 75 32 sätt
1269 1391 47 32 än
1345 1385 130 37 hittills
1504 1386 193 36 förhindra
1727 1386 114 37 sådan
1872 1386 131 48 oloflig

809 1439 330 46 bränvinshandel,
1169 1452 82 24 som
1280 1443 41 32 är
1349 1443 54 31 att
1426 1437 176 37 betrakta
1627 1441 123 33 såsom
1771 1438 231 48 lönkrögeri,

810 1498 97 30 samt
947 1491 57 36 till
1039 1491 218 48 Riksdagen
1299 1490 191 36 inkomma
1528 1489 87 37 med
1642 1490 64 36 det
1734 1489 157 49 förslag,
1920 1503 83 23 som

811 1543 136 48 Kongl.
992 1543 106 49 Maj:t
1130 1544 9 35 i
1168 1543 135 36 sådant
1332 1542 99 49 syfte
1461 1542 76 37 kan
1566 1542 99 36 finna
1692 1541 207 49 anledning
1926 1542 76 36 låta

809 1595 182 37 utarbeta.

517 1663 219 37 Stockholm
765 1663 75 37 den
870 1665 19 34 6
919 1664 72 49 maj
1030 1665 104 36 1898.

605 1767 51 35 På
684 1772 268 32 sammansatta
980 1766 244 50 bevillnings-
1254 1768 70 36 och
1352 1767 271 49 lagutskottets
1652 1771 160 44 vägnar:

949 1871 239 37 FRITHIOF
1218 1871 246 38 OHLSSON.

1083 2045 233 34 Reservation

411 2112 41 36 af
476 2112 88 37 herr
592 2126 65 23 von
685 2112 227 48 Stapelmohr
940 2117 80 31 mot
1048 2112 100 37 vissa
1176 2112 105 37 delar
1308 2112 41 37 af
1373 2112 206 37 utskottets
1608 2111 239 48 motivering.

841 2339 156 28 Stockholm,
1017 2338 30 22 K.
1068 2339 27 22 L.
1117 2339 140 22 Beckmans
1278 2339 178 29 Boktryckeri,
1478 2339 74 21 1898.
