1854 2778
269 148 20 30 8
634 148 120 30 Andra
775 147 246 40 lagutskottets
1044 148 179 31 utlåtande
1244 158 43 20 nr
1308 150 20 29 2
1349 149 39 30 år
1411 149 84 30 1956

316 231 13 30 I
367 231 132 40 kapitel
538 233 26 28 V
604 231 191 31 behandlas
846 231 257 31 förmåner
1153 233 80 29 vid
1284 233 348 42 havandeskap
1683 235 89 30 och

271 282 294 30 barnsbörd.
600 282 67 29 För
691 282 154 39 Sveriges
868 282 55 29 del
947 292 98 20 avses
1068 283 64 30 här
1154 285 49 28 ett
1227 283 125 36 flertal,
1376 283 11 29 i
1410 284 284 40 slutprotokollet
1714 295 61 21 an-

272 332 104 38 givna
398 333 188 33 förmåner,
609 332 175 39 nämligen
807 333 172 38 följande:

320 392 329 39 Moderskapshjälp
669 392 107 39 enligt
797 392 99 39 lagen
919 393 66 29 den
1008 393 37 29 21
1071 393 69 38 maj
1167 393 82 30 1954
1273 402 56 20 om
1352 394 341 41 moderskapshjälp.

320 434 221 39 Mödrahjälp
561 434 106 39 enligt
686 434 250 40 förordningen
955 435 66 29 den
1043 436 35 29 11
1099 435 78 38 juni
1199 435 81 30 1937
1301 445 57 19 om
1377 436 234 40 mödrahjälp.

320 477 150 29 Förmån
498 477 106 39 enligt
632 477 232 39 kungörelsen
892 478 67 29 den
990 478 37 30 15
1055 478 78 39 juni
1164 478 85 29 1944
1276 478 178 39 angående
1483 479 211 39 statsbidrag
1722 479 54 30 till

274 518 257 40 förebyggande
555 519 135 29 mödra-
714 520 63 28 och
800 520 208 29 barnavård.

319 561 209 30 Läkemedel
552 562 107 38 enligt
684 562 233 39 kungörelsen
944 562 66 29 den
1038 563 39 29 22
1103 563 78 38 juni
1211 562 83 31 19389
1320 563 179 39 angående
1525 564 251 30 kostnadsfritt

276 603 337 31 tillhandahållande
633 614 41 19 av
692 604 328 39 skyddsläkemedel
1038 605 34 30 åt
1090 606 95 31 vissa
1202 606 150 29 kvinnor
1372 606 64 28 och
1455 606 98 29 barn.

319 646 209 29 Läkemedel
553 646 107 39 enligt
685 647 233 39 kungörelsen
945 648 66 29 den
1041 648 36 29 15
1104 647 78 39 juni
1213 648 83 29 1944
1321 648 178 38 angående
1526 649 249 29 kostnadsfritt

273 688 338 30 tillhandahållande
632 698 44 20 av
697 689 192 30 läkemedel
911 689 35 30 åt
968 690 93 30 vissa
1083 690 160 34 kvinnor,
1266 691 139 29 lidande
1428 700 42 20 av
1492 691 284 40 havandeskaps-

277 730 217 39 sjukdomar.

320 773 151 30 Förmån
497 773 107 40 enligt
627 774 232 38 kungörelsen
885 775 67 29 den
978 775 38 29 21
1044 775 180 29 december
1252 775 83 30 1943
1360 775 178 40 angående
1565 776 210 39 statsbidrag

276 815 53 29 till
344 816 70 29 viss
432 816 224 29 verksamhet
675 816 54 29 för
748 817 75 29 stöd
843 817 65 29 och
925 816 208 40 rådgivning
1152 817 34 30 åt
1206 818 158 29 havande
1385 818 151 30 kvinnor
1554 819 11 29 i
1585 818 190 30 abortföre-

275 857 179 39 byggande
476 858 100 39 syfte.

320 900 92 30 Vård
438 910 41 21 av
503 901 232 30 barnmorska
757 902 109 38 enligt
890 902 249 40 förordningen
1166 903 67 29 den
1259 903 21 29 3
1302 902 78 39 juni
1410 903 81 30 1955
1518 912 58 20 om
1600 903 176 30 distrikts-

274 941 262 31 barnmorskor.

320 984 331 40 Förlossningsvård
671 985 56 30 vid
749 986 138 39 statliga
908 987 65 29 och
994 987 328 30 statsunderstödda
1342 988 180 29 anstalter.

319 1027 92 29 Vård
431 1028 19 28 å
472 1028 328 30 statsunderstödda
820 1029 278 39 spädbarnshem
1118 1029 81 30 eller
1221 1030 214 29 mödrahem.

316 1094 176 29 Eftersom
514 1095 96 39 varje
632 1094 141 35 kvinna,
796 1104 75 21 som
893 1097 38 29 är
953 1096 185 30 försäkrad
1158 1096 145 40 jämlikt
1324 1097 100 39 lagen
1446 1106 57 20 om
1524 1097 131 30 allmän
1677 1097 97 40 sjuk-

272 1144 210 39 försäkring,
505 1146 80 37 äger
607 1145 131 30 erhålla
759 1146 332 40 moderskapshjälp
1113 1147 107 39 enligt
1242 1147 99 39 lagen
1363 1147 67 30 den
1453 1148 38 30 21
1516 1147 70 39 maj
1613 1148 83 30 1954
1717 1157 56 20 om

272 1194 111 29 sådan
400 1194 110 40 hjälp,
529 1195 123 30 vinnes
670 1195 222 31 beträffande
911 1196 115 30 denna
1046 1196 139 30 förmån
1203 1197 108 30 redan
1332 1205 124 31 genom
1476 1197 126 30 artikel
1621 1198 18 30 6
1658 1198 12 29 i
1689 1198 85 30 kon-

271 1244 186 30 ventionen
482 1245 229 40 likställighet
733 1246 129 30 mellan
886 1246 236 40 utlänningar,
1148 1256 75 21 som
1247 1247 167 30 omfattas
1438 1257 43 20 av
1504 1247 269 35 konventionen,

270 1295 66 28 och
356 1295 149 30 svenska
524 1295 236 40 medborgare.
779 1296 125 40 Övriga
923 1297 65 29 här
1007 1297 149 30 avsedda
1175 1297 179 30 förmåner
1373 1297 64 30 har
1456 1298 42 30 de
1516 1297 72 30 fem
1607 1298 167 30 nordiska

273 1344 168 31 länderna
463 1346 107 29 redan
590 1354 125 31 genom
734 1356 42 20 en
795 1347 216 30 konvention
1030 1356 42 20 av
1090 1348 68 29 den
1179 1348 41 29 20
1240 1348 67 38 juli
1329 1348 82 29 1953
1438 1347 93 34 (SFS
1551 1347 146 36 600/54)
1722 1349 54 29 ut-

272 1395 71 30 fäst
358 1396 51 39 sig
427 1398 50 27 att
493 1397 203 39 ömsesidigt
713 1399 89 37 utge.
818 1397 123 30 Denna
958 1398 214 29 konvention
1188 1399 38 29 är
1243 1398 127 30 avsedd
1387 1400 50 27 att
1452 1398 182 40 upphävas
1651 1406 123 31 genom

271 1446 68 29 den
360 1455 67 31 nya
448 1447 270 30 konventionen.

316 1522 140 38 Kapitel
477 1523 43 28 VI
537 1522 193 30 innehåller
748 1522 265 30 bestämmelser
1032 1523 147 29 rörande
1211 1523 320 39 barnbidrag.
1564 1524 72 29 Här
1656 1525 119 29 avsed-

271 1572 45 30 da
337 1573 149 29 svenska
507 1573 178 29 förmåner
706 1575 38 28 är
764 1573 173 40 följande:

320 1632 187 29 Allmänna
527 1632 212 40 barnbidrag
759 1632 107 40 enligt
888 1634 100 38 lagen
1011 1633 66 30 den
1099 1633 44 30 26
1161 1634 67 39 juli
1252 1633 81 30 1947
1358 1643 56 20 om
1437 1634 180 29 allmänna
1637 1634 140 30 barnbi-

274 1673 95 30 drag.

321 1692 178 68 Särskilda
521 1717 213 39 barnbidrag
755 1717 106 40 enligt
885 1718 100 39 lagen
1009 1719 66 29 den
1098 1719 41 29 26
1161 1718 67 40 juli
1254 1719 81 29 1947
1360 1728 58 20 om
1442 1719 174 30 särskilda
1637 1719 139 30 barnbi-

275 1759 87 39 drag
380 1760 54 29 till
452 1760 129 29 änkors
601 1760 65 29 och
685 1760 187 30 invaliders
892 1770 45 21 m.
957 1761 38 29 fl.
1015 1761 97 30 barn.

319 1827 13 28 I
357 1826 128 29 artikel
511 1827 39 29 17
576 1826 109 30 första
713 1827 64 29 och
804 1827 109 29 andra
941 1828 166 38 styckena
1136 1827 141 30 fastslås
1306 1827 430 41 likställighetsprincipen
1762 1828 12 29 i

273 1876 99 39 fråga
392 1886 57 19 om
470 1877 101 29 dessa
591 1877 187 30 förmåner.
799 1878 203 30 Emellertid
1021 1879 64 28 har
1103 1879 56 29 det
1179 1878 180 30 befunnits
1379 1878 223 40 erforderligt
1622 1880 50 29 att
1692 1879 82 39 göra

274 1927 92 29 vissa
388 1929 117 38 avsteg
528 1928 78 29 från
629 1928 114 29 denna
765 1929 147 39 princip.
934 1929 269 30 Bestämmelser
1226 1930 123 29 härom
1371 1929 65 30 har
1458 1930 177 40 upptagits
1659 1929 12 29 i
1693 1930 81 29 arti-

273 1978 100 29 kelns
392 1979 112 39 tredje
523 1979 129 38 stycke.
671 1979 115 39 Enligt
806 1980 94 29 detta
921 1980 119 39 stycke
1060 1980 54 29 får
1133 1981 114 29 rätten
1266 1980 52 30 till
1336 1980 214 40 barnbidrag
1567 1999 44 2 —
1628 1980 147 30 allmän-

273 2037 45 21 na
337 2029 94 29 såväl
450 2038 75 21 som
542 2030 173 29 särskilda
731 2048 44 3 —
792 2031 99 38 göras
908 2031 172 29 beroende
1097 2041 43 19 av
1157 2033 50 29 att
1225 2032 122 29 barnet
1365 2031 82 30 eller
1466 2041 42 20 en
1527 2040 42 20 av
1586 2031 188 30 föräldrar-

273 2088 45 20 na
335 2080 125 29 vistats
480 2081 11 28 i
510 2081 257 29 vederbörande
789 2082 79 29 land
890 2082 183 29 oavbrutet
1093 2083 107 28 minst
1222 2091 58 20 sex
1301 2082 167 29 månader
1489 2082 214 30 omedelbart
1723 2082 51 29 in-

272 2140 72 21 nan
358 2132 158 29 ansökan
532 2141 55 21 om
604 2132 125 30 sådant
743 2132 121 40 bidrag
879 2134 98 38 göres
994 2137 90 27 samt
1099 2135 49 28 att
1163 2134 123 30 barnet
1301 2134 129 29 fostras
1446 2143 42 21 av
1504 2134 124 39 någon,
1646 2143 74 21 som
1736 2135 38 29 är

273 2181 115 30 bosatt
408 2182 64 28 och
492 2182 295 29 mantalsskriven
807 2183 10 28 i
838 2184 128 28 landet.
986 2183 65 30 Det
1070 2183 63 29 har
1152 2184 236 29 överlämnats
1408 2183 34 29 åt
1462 2184 40 29 de
1523 2184 159 29 enskilda
1703 2184 72 29 län-

275 2232 106 30 derna
408 2234 50 27 att
486 2233 111 38 själva
623 2233 204 36 bestämma,
855 2234 11 29 i
892 2234 66 29 vad
987 2234 81 29 mån
1095 2235 114 28 rätten
1238 2234 51 30 till
1316 2234 213 39 barnbidrag
1557 2235 89 29 skall
1674 2236 100 38 göras

273 2283 171 29 beroende
465 2292 41 20 av
524 2284 101 29 dessa
643 2284 136 29 villkor.

316 2334 116 39 Enligt
455 2335 66 29 den
546 2335 149 30 svenska
719 2335 265 40 lagstiftningen
1007 2345 56 20 om
1087 2336 179 30 allmänna
1289 2335 211 40 barnbidrag
1524 2337 101 37 utgår
1650 2336 125 29 sådant

274 2383 120 40 bidrag
412 2385 122 29 endast
553 2385 51 29 till
623 2386 96 34 barn,
739 2395 74 20 som
832 2387 37 28 är
888 2387 137 30 bosatta
1045 2388 9 28 i
1074 2387 146 39 Sverige.
1240 2387 67 29 För
1325 2387 96 33 barn,
1443 2395 75 20 som
1538 2386 29 40 ej
1590 2388 38 28 är
1648 2385 125 31 svensk

272 2435 235 39 medborgare,
533 2436 123 30 kräves
681 2437 188 33 dessutom,
895 2438 51 29 att
971 2437 56 29 det
1052 2438 128 29 fostras
1205 2447 42 19 av
1271 2437 113 38 någon
1409 2446 75 20 som
1509 2438 38 28 är
1571 2437 114 29 bosatt
1709 2437 64 30 och
