1908 2810
538 170 378 33 Jordbruksutskottets
939 171 177 33 utlåtande
1139 181 42 21 nr
1206 172 28 30 2.
1619 167 13 28 1

826 453 60 40 Nr
912 453 37 40 2.

640 574 110 24 Ankom
773 574 42 23 till
834 574 155 29 riksdagens
1008 574 87 23 kansli
1113 574 53 24 den
1184 572 16 25 5
1218 574 118 24 februari
1356 571 64 26 1943
1439 574 34 24 kl.
1492 572 15 25 2
1526 580 20 17 e.
1566 581 35 16 m.

357 660 181 31 Utlåtande
559 661 10 30 i
590 660 186 38 anledning
797 670 42 21 av
861 661 124 36 Kungl.
1009 661 118 36 Maj:ts
1149 662 215 36 proposition
1387 661 175 37 angående
1585 664 50 27 ut-

572 712 103 37 gifter
698 711 20 31 å
739 711 202 38 tilläggsstat
964 712 51 30 till
1036 711 185 31 riksstaten
1242 712 57 37 för
1320 712 199 37 budgetåret
1540 707 96 41 1942|

574 763 54 38 43,
657 764 10 29 i
699 763 67 31 vad
793 763 261 37 propositionen
1083 772 99 21 avser
1209 763 427 37 jordbruksdepartemen-

575 816 63 28 tets
656 814 390 30 verksamhetsområde.

1405 865 68 40 (1:a
1497 864 87 41 avd.)

178 966 171 31 Utskottet
376 965 56 32 får
458 966 203 37 härigenom
689 966 122 37 avgiva
838 966 179 31 utlåtande
1044 966 11 30 i
1083 966 186 37 anledning
1296 976 42 21 av
1366 967 122 36 Kungl.
1518 966 117 37 Maj:ts

132 1017 50 30 till
202 1017 184 37 riksdagen
411 1017 66 30 den
498 1018 20 29 4
539 1017 138 39 januari
702 1018 83 30 1943
807 1016 139 32 avlåtna
967 1017 226 37 proposition,
1216 1027 41 20 nr
1280 1019 29 35 2,
1333 1016 179 38 angående
1532 1017 101 36 utgif-

132 1070 50 28 ter
206 1067 21 32 å
254 1068 203 37 tilläggsstat
480 1068 51 31 till
556 1068 186 31 riksstaten
765 1068 56 31 för
844 1067 203 37 budgetåret
1075 1063 148 43 1942/43,
1249 1068 11 30 i
1285 1069 66 30 vad
1375 1068 259 37 propositionen

134 1128 98 21 avser
263 1119 299 37 framställningar
590 1119 193 31 berörande
812 1119 479 39 jordbruksdepartementets
1324 1119 311 31 verksamhetsom-

130 1169 93 32 råde.

176 1221 226 31 Beträffande
428 1221 229 37 utredningen
685 1221 11 30 i
723 1221 99 31 dessa
849 1221 151 31 ärenden
1026 1220 56 32 får
1107 1221 166 30 utskottet
1300 1220 146 32 hänvisa
1471 1221 51 30 till
1549 1224 86 27 mot-

130 1273 170 31 svarande
320 1273 151 36 punkter
490 1273 12 30 i
523 1272 375 37 statsrådsprotokollet
919 1274 81 30 över
1021 1272 342 37 jordbruksärenden
1391 1272 190 40 (bilagorna
1603 1273 30 35 9,

132 1323 61 30 sid.
220 1324 139 35 75—85,
384 1324 64 30 och
476 1325 48 34 17,
548 1323 63 31 sid.
639 1322 200 41 165—169).

713 1504 356 51 Driftbudgeten.

579 1608 209 34 Nionde
823 1608 374 34 huvudtiteln.

125 1721 43 33 D.
215 1720 515 44 Undervisningsanstalter
767 1720 64 34 för
866 1720 200 44 jordbruk
1100 1720 74 34 och
1209 1720 427 45 lantmannanäringar

820 1793 51 23 m.
896 1793 50 23 m.

175 1871 65 40 1:0)
271 1872 413 36 Lantbrukshögskolan:
703 1872 333 37 Byggnadsarbeten
1054 1881 46 22 m.
1118 1882 47 21 m.
1183 1873 56 30 för
1256 1873 378 37 försöksverksamhet,

130 1922 358 37 reservationsanslag.
516 1923 14 29 I
556 1923 165 30 skrivelse
743 1923 68 30 den
836 1924 16 28 7
878 1922 64 37 juli
970 1924 82 28 1942
1077 1923 66 30 har
1166 1923 166 37 styrelsen
1359 1924 55 36 för
1438 1923 194 30 lantbruks-

130 1973 192 37 högskolan
346 1974 183 34 hemställt,
555 1976 48 27 att
626 1977 47 27 ett
696 1974 125 35 belopp
849 1983 42 21 av
917 1973 116 36 10,000
1058 1974 130 29 kronor
1209 1973 106 31 måtte
1336 1974 138 30 anvisas
1499 1974 55 30 för
1577 1975 54 29 be-

128 2023 179 32 stridande
326 2034 41 21 av
387 2024 232 31 kostnaderna
637 2024 55 30 för
713 2024 256 36 ändrings-
998 2024 87 30 och
1115 2024 518 37 inredningsarbeten

130 2075 10 29 i
178 2075 224 31 kemiska
442 2075 533 37 analyslaboratoriet
1012 2074 79 31 vid
1129 2075 190 31 Ultuna.

174 2125 125 31 Vidare
321 2127 65 29 har
406 2126 334 36 högskolestyrelsen
763 2126 11 29 i
797 2125 163 31 skrivelse
985 2126 65 29 den
1073 2127 38 28 21
1135 2127 196 35 september
1356 2127 80 29 1942
1460 2127 173 30 hemställt

130 2186 57 20 om
212 2179 47 28 ett
282 2178 124 35 belopp
432 2186 41 21 av
499 2177 114 34 15,000
638 2177 129 29 kronor
789 2177 57 29 för
867 2176 220 36 uppförande
1111 2187 41 20 av
1175 2179 70 28 ett
1279 2177 354 36 potatislager-

131 2227 86 30 hus
253 2227 78 30 vid
368 2227 219 36 Ugerups
633 2226 343 37 försöksgård.

174 2278 389 37 Departementschefen
586 2278 66 29 har
674 2277 75 30 icke
772 2277 116 30 funnit
912 2277 186 36 anledning
1124 2277 50 30 till
1198 2277 137 30 erinran
1360 2280 71 28 mot
1455 2278 177 36 högskole-

130 2329 184 35 styrelsens
340 2327 264 37 ifrågavarande
627 2327 92 31 båda
742 2327 139 36 förslag.

176 2429 170 30 Utskottet
374 2428 152 30 biträder
555 2428 121 36 Kungl.
707 2428 116 35 Maj:ts
852 2427 255 37 framställning
1136 2429 8 29 i
1173 2429 139 29 ärendet
1344 2429 63 30 och
1438 2429 196 30 hemställer

132 2479 155 36 sålunda,

172 2545 110 32 Bihang
294 2545 41 25 till
346 2545 166 29 riksdagens
524 2544 145 32 protokoll
682 2545 74 24 1943.
780 2545 30 24 10
822 2544 79 25 saml.
923 2545 39 24 Nr
988 2544 22 24 2.
1586 2543 12 24 1

1681 2440 127 24 Utskottet.
