1900 2809
249 170 36 28 16
553 169 122 38 Tredje
695 169 245 38 lagutskottets
961 168 178 30 utlåtande
1158 177 42 20 nr
1221 169 38 28 14
1278 168 38 29 år
1338 169 83 28 1962

243 248 91 29 avtal
356 248 105 38 enligt
482 248 228 38 jordabalken
739 248 139 38 tköpes-
898 248 82 28 eller
1001 247 209 39 bytesavtal)
1237 247 54 28 för
1313 250 49 26 att
1384 247 153 28 därefter
1560 247 167 38 avskiljas

243 299 125 30 genom
393 291 230 38 avstyckning
648 291 65 29 och
739 291 279 38 sammanläggas
1046 291 76 28 med
1149 291 375 38 byteskontrahentens
1552 290 175 39 fastighet.

243 335 64 29 Vid
332 335 79 39 byte
436 335 127 29 mellan
589 335 58 29 två
672 334 205 39 fastigheter
900 335 67 29 blir
992 334 56 30 det
1073 334 102 30 alltså
1200 334 57 29 två
1283 334 271 39 avstyckningar
1579 334 65 29 och
1670 334 57 29 två

244 380 376 39 sammanläggningar.
637 379 98 30 Efter
749 380 99 29 dessa
865 379 367 39 sammanläggningar
1245 378 131 30 erhålla
1393 378 250 39 fastigheterna
1661 387 66 29 nya

244 424 403 39 registerbeteckningar.
678 423 137 39 Fången
848 423 96 29 skola
975 423 162 39 lagfaras.
1166 424 69 28 För
1264 422 271 39 genomförande
1567 432 42 20 av
1638 432 89 20 sam-

243 468 288 39 manläggningar
551 468 97 29 skola
668 467 213 38 förefintliga
901 467 243 38 inteckningar
1162 467 108 29 dödas
1289 467 82 29 eller
1391 467 171 29 relaxeras
1582 467 10 29 i
1612 467 40 28 de
1672 476 56 20 av-

242 512 165 38 styckade
430 512 199 33 områdena,
652 511 150 29 varefter
824 512 55 28 vid
904 511 109 29 behov
1037 511 393 38 inteckningsreglering
1454 511 110 29 måste
1589 511 60 29 ske
1673 511 54 28 för

242 556 218 28 inordnande
481 565 42 19 av
545 556 290 37 inteckningarna
858 556 9 27 i
891 555 40 29 de
954 563 122 30 genom
1100 555 326 38 sammanläggning
1448 554 137 29 bildade
1608 554 118 38 fastig-

241 600 154 29 heterna.
418 599 102 29 Detta
540 599 202 29 förfarande
763 599 39 28 är
822 599 101 29 alltså
944 599 72 29 ofta
1039 599 136 38 mycket
1198 598 236 39 omständligt.
1456 599 12 28 I
1490 598 93 29 vissa
1605 598 60 28 fall
1688 598 38 28 är

242 643 56 29 det
314 643 75 29 icke
405 652 61 20 ens
482 643 137 39 möjligt
636 645 49 27 att
702 643 168 39 tillämpa.

286 687 11 29 I
322 687 109 29 andra
454 687 97 30 fallet
575 688 79 28 sker
676 687 95 39 bytet
794 696 41 20 av
858 687 292 29 markområdena
1174 694 122 31 genom
1321 686 260 39 omreglerande
1608 685 117 40 fastig-

241 731 470 39 hetsbildningsförrättning
741 732 94 38 (laga
861 731 105 29 skifte
991 731 82 29 eller
1098 731 217 39 ägoutbyte).
1342 731 48 29 De
1415 731 96 38 bytta
1537 730 188 30 områdena

243 775 125 39 övergå
392 775 43 29 då
460 775 50 29 till
537 775 42 29 de
605 784 66 29 nya
699 775 250 38 fastigheterna
975 777 84 27 utan
1087 775 92 38 fång,
1207 777 83 27 utan
1317 775 138 38 lagfart,
1483 777 85 26 utan
1595 775 131 28 inteck-

241 819 275 38 ningsreglering
532 819 65 29 och
613 822 83 25 utan
715 819 181 29 åsättande
912 828 42 20 av
969 828 69 29 nya
1053 819 405 38 registerbeteckningar.
1476 819 48 28 De
1542 818 183 33 sakrätter,

242 872 72 19 som
338 863 94 30 förut
453 863 83 38 gällt
557 863 11 29 i
590 862 261 39 fastigheterna,
873 863 89 38 gälla
984 863 10 28 i
1017 863 135 38 princip
1176 862 217 30 fortfarande
1416 863 9 28 i
1449 872 136 19 samma
1607 862 119 38 fastig-

241 907 106 29 heter.
370 906 269 39 Omreglerande
663 906 210 39 förrättning
894 906 39 29 är
955 906 101 30 alltså
1078 907 10 28 i
1109 906 41 30 de
1173 906 59 29 fall
1256 915 74 21 som
1353 906 63 30 här
1439 915 97 21 avses
1558 906 166 39 betydligt

240 950 141 29 enklare
399 951 44 27 än
463 950 192 39 avtalsbyte
675 951 77 28 med
772 950 193 39 åtföljande
984 951 270 38 avstyckningar
1274 951 63 28 och
1358 950 367 39 sammanläggningar

240 995 64 28 och
330 995 125 29 kräver
478 1004 42 19 en
545 994 185 39 väsentligt
755 995 135 28 mindre
914 995 228 29 arbetsinsats
1168 994 77 30 från
1271 995 261 38 myndigheters
1557 994 64 29 och
1647 994 79 29 sak-

241 1040 120 37 ägares
383 1038 83 29 sida.
489 1039 147 29 Särskilt
656 1039 39 28 är
716 1038 37 30 så
774 1038 96 30 fallet
892 1048 55 20 om
968 1039 126 38 bytena
1115 1039 47 28 bli
1183 1039 202 28 invecklade
1407 1039 65 29 och
1493 1039 123 29 beröra
1638 1038 86 29 flera

242 1082 212 39 fastigheter.
479 1082 45 28 Är
547 1083 128 28 antalet
700 1082 146 29 berörda
872 1083 202 38 fastigheter
1099 1085 96 30 stort,
1221 1083 95 28 torde
1342 1083 190 37 avtalsbyte
1558 1091 41 20 ur
1622 1083 102 37 prak-

241 1126 69 29 tisk
328 1127 177 38 synpunkt
521 1136 83 19 vara
621 1127 84 28 nära
722 1135 66 30 nog
805 1127 168 38 omöjligt.

285 1170 49 28 Av
356 1170 100 29 dessa
478 1170 57 29 två
557 1170 59 29 fall
640 1180 102 29 synes
763 1170 448 39 vattenkraftutredningen
1235 1172 157 27 närmast
1413 1171 45 28 ha
1480 1171 100 29 tänkt
1601 1170 43 39 på
1666 1171 56 28 det

242 1213 104 34 förra,
367 1214 175 38 nämligen
561 1215 91 28 avtal
673 1214 78 29 med
772 1214 192 38 åtföljande
985 1215 229 38 avstyckning
1235 1215 53 28 för
1309 1215 334 37 sammanläggning.
1666 1214 56 29 Ut-

241 1257 189 38 redningen
452 1257 97 30 torde
570 1257 192 29 emellertid
783 1258 45 28 ha
850 1258 125 30 räknat
998 1258 76 28 med
1098 1260 49 27 att
1169 1258 178 38 uppdämd
1369 1259 101 28 mark
1492 1258 111 29 skulle
1626 1260 95 36 tagas

240 1302 8 27 1
268 1301 153 38 anspråk
441 1309 123 30 genom
583 1301 112 30 beslut
716 1311 41 19 av
775 1302 269 29 vattendomstol
1066 1302 105 38 enligt
1192 1302 66 33 VL,
1280 1302 124 29 medan
1426 1302 295 38 markvederlaget

241 1345 112 28 skulle
381 1345 87 29 efter
497 1345 202 29 överlåtelse
728 1346 183 37 avstyckas
942 1345 54 29 för
1024 1346 325 38 sammanläggning
1377 1354 122 30 genom
1530 1345 120 38 åtgärd
1680 1355 41 19 av

240 1388 581 39 fastighetsbildningsmyndighet.
855 1390 10 28 1
901 1389 56 29 det
991 1389 95 29 förra
1119 1390 90 29 ledet
1243 1399 39 19 av
1328 1390 124 37 >»bytet>
1489 1390 106 37 gäller
1629 1389 92 29 VL:s

240 1432 244 39 tvångsregler,
504 1432 172 38 varjämte
696 1433 86 29 visst
804 1433 103 38 tvång
928 1433 97 29 torde
1046 1434 43 28 ha
1112 1433 148 39 åsvftats
1281 1434 56 28 vid
1359 1433 227 29 överlåtelsen
1608 1443 39 19 av
1668 1443 56 19 ve-

239 1476 294 38 derlagsmarken.
555 1477 130 29 Genom
709 1477 113 28 denna
845 1477 195 38 anordning
1063 1477 230 38 uppkommer
1317 1478 69 28 viss
1410 1477 158 30 oklarhet
1592 1478 9 28 i
1626 1477 97 38 fråga

239 1529 54 19 om
316 1521 320 38 gränsdragningen
660 1521 127 28 mellan
811 1521 40 28 de
874 1521 91 28 olika
989 1521 306 38 myndigheternas
1319 1522 171 37 prövning
1512 1531 40 19 av
1575 1522 148 37 näralig-

239 1564 120 36 gande,
378 1573 41 20 av
436 1564 172 29 varandra
626 1564 170 29 heroende
815 1564 127 38 frågor.
962 1565 194 29 Problemet
1175 1565 97 29 torde
1292 1566 120 28 kunna
1431 1565 290 38 ändamålsenligt

238 1608 91 29 lösas
347 1617 55 20 om
422 1608 217 30 förfarandet
655 1609 57 29 vid
729 1609 193 38 ersättning
939 1610 10 28 i
968 1609 98 29 mark
1085 1609 53 29 för
1157 1609 186 29 överdämd
1361 1610 99 28 mark
1480 1609 44 39 på
1541 1611 68 28 sätt
1628 1609 90 30 förut

239 1652 134 29 anförts
399 1653 227 29 konstrueras
653 1662 73 20 som
752 1656 47 26 ett
826 1654 145 38 verkligt
998 1654 232 38 dubbelsidigt
1256 1654 89 38 byte,
1371 1654 105 30 vilket
1505 1654 53 29 får
1584 1662 138 31 genom-

239 1697 93 29 föras
355 1697 77 29 med
457 1697 39 28 de
519 1697 110 28 medel
653 1698 64 28 och
739 1697 45 39 på
806 1697 55 30 det
885 1698 67 29 sätt
976 1697 627 39 fastighetsbildningslagstiftningen
1628 1699 94 28 anvi-

238 1749 66 19 sar.
331 1740 58 29 Att
416 1740 40 29 de
483 1741 259 38 omreglerande
770 1740 548 39 fastighetsbildningsinstituten
1346 1742 119 28 därvid
1493 1743 9 27 i
1531 1742 189 29 allmänhet

238 1784 84 28 böra
338 1791 56 31 ges
412 1783 174 30 företräde
602 1784 65 29 har
682 1784 93 29 förut
791 1785 119 28 visats.

283 1827 77 29 Med
379 1827 66 28 den
466 1827 137 39 lösning
623 1836 74 20 som
718 1837 46 19 nu
786 1827 196 39 föreslagits
1002 1829 141 28 komma
1162 1829 92 28 vissa
1274 1839 41 18 av
1335 1829 40 29 de
1396 1830 153 37 problem
1572 1839 74 19 som
1666 1830 55 28 be-

239 1871 162 29 handlats
421 1872 8 28 i
448 1871 233 30 betänkandet
703 1874 47 27 att
771 1871 34 30 få
825 1872 52 29 sin
897 1872 99 39 givna
1018 1872 227 39 utformning.
1264 1873 134 38 Frågan
1420 1873 173 29 huruvida
1612 1874 108 28 andra

239 1915 127 29 värden
390 1916 43 28 än
456 1917 101 27 mark
579 1916 88 29 skall
691 1916 118 29 kunna
833 1918 147 28 ersättas
1003 1917 8 28 i
1035 1917 99 28 mark
1157 1917 82 29 eHer
1261 1918 74 28 icke
1359 1917 53 29 får
1435 1918 42 28 då
1500 1918 91 29 lösas
1615 1918 104 37 enligt

237 1960 117 28 JDLE:s
372 1960 178 29 allmänna
568 1960 119 39 regler.
706 1961 127 29 Likaså
851 1961 111 29 skulle
980 1961 55 29 det
1053 1961 334 39 värderingssystem
1407 1971 72 20 som
1498 1963 80 28 JDL
1596 1963 56 28 rör
1670 1963 50 38 sig

240 2004 77 28 med
345 2004 64 28 och
437 2013 73 20 som
539 2004 105 39 enligt
673 2005 390 38 lantmäteristyrelsens
1092 2006 139 37 mening
1258 2006 52 28 väl
1340 2006 135 38 lämpar
1503 2007 51 38 sig
1581 2006 54 29 för
1663 2007 55 28 det

238 2048 73 37 slag
324 2057 41 19 av
378 2048 88 38 byte,
480 2057 119 20 varom
615 2048 62 28 här
691 2049 38 28 är
744 2048 107 39 fråga,
867 2049 140 28 komma
1021 2052 47 26 att
1085 2050 185 37 tillämpas.

282 2092 62 28 Det
363 2091 62 29 bör
444 2092 188 28 anmärkas
653 2095 48 26 att
722 2094 46 27 ett
790 2093 223 38 utnyttjande
1035 2102 40 19 av
1095 2093 116 29 JDL:s
1232 2094 387 38 omregleringsinstitut
1641 2095 8 27 i
1671 2103 47 19 nu

237 2135 227 29 förevarande
486 2136 254 38 sammanhang
762 2137 74 27 icke
860 2138 38 27 är
921 2136 110 38 någon
1056 2137 104 37 nyhet
1191 2155 1 2 —
1247 2138 54 28 det
1325 2138 39 28 är
1385 2138 173 38 nämligen
1582 2138 136 38 möjligt

236 2178 106 28 redan
362 2179 78 28 med
461 2179 222 38 tillämpning
703 2189 41 19 av
764 2180 159 37 gällande
943 2180 79 29 rätt.
1044 2180 152 29 Sålunda
1217 2181 79 32 kan,
1319 2182 8 28 i
1348 2182 96 37 varje
1466 2181 59 29 fall
1545 2182 58 28 vid
1624 2182 96 28 över-

236 2223 265 33 enskommelse,
524 2224 183 38 ägoutbyte
730 2224 59 28 ske
811 2224 54 28 för
885 2224 271 37 genomförande
1178 2234 40 19 av
1241 2225 106 28 sådan
1370 2226 147 37 ändring
1539 2235 41 19 av
1602 2226 119 38 fastig-

236 2267 301 38 hetsindelningen
564 2276 73 20 som
665 2268 62 28 här
752 2277 107 19 avses.
886 2268 206 29 Nuvarande
1117 2269 390 38 omregleringsinstitut
1532 2270 60 28 äro
1619 2270 98 28 emel-

238 2311 99 28 lertid
354 2311 74 28 icke
444 2311 10 28 i
470 2311 67 28 alla
553 2311 193 29 avseenden
761 2311 165 39 lämpliga
942 2311 53 30 för
1013 2312 268 39 tillgodoseende
1298 2323 41 18 av
1355 2313 40 28 de
1412 2314 95 32 krav,
1525 2322 72 21 som
1616 2323 40 19 ur
1672 2323 44 19 nu

236 2355 227 28 förevarande
488 2355 218 38 synpunkter
730 2356 120 28 kunna
875 2356 203 38 uppställas.
1103 2356 63 29 Det
1191 2357 38 29 är
1253 2357 191 29 emellertid
1472 2358 53 28 för
1551 2358 166 38 styrelsen

235 2397 127 30 bekant
388 2401 48 26 att
464 2398 83 29 1954
571 2399 56 29 års
653 2399 558 39 fastighetsbildningskommitté,
1237 2401 33 28 åt
1296 2401 114 28 vilken
1438 2401 205 29 anförtrotts
1668 2404 49 26 att

237 2442 111 29 företa
370 2452 41 19 en
435 2443 130 28 allmän
587 2443 149 28 revision
760 2452 40 20 av
824 2444 640 38 fastighetsbildningslagstiftningen,
1489 2446 105 37 ägnar
1618 2445 98 28 dessa

238 2487 116 38 trågor
373 2487 149 29 särskild
543 2488 311 37 uppmärksamhet
874 2488 63 28 och
958 2491 47 26 att
1028 2489 208 28 kommittén
1255 2489 63 28 har
1339 2488 54 29 för
1411 2489 111 30 avsikt
1544 2492 49 26 att
1614 2489 104 29 fram-
