<?xml version="1.0" encoding="UTF-8"?>
<alto xmlns="http://www.loc.gov/standards/alto/ns-v3#" xmlns:xlink="http://www.w3.org/1999/xlink" xmlns:xsi="http://www.w3.org/2001/XMLSchema-instance" xsi:schemaLocation="http://www.loc.gov/standards/alto/ns-v3# http://www.loc.gov/alto/v3/alto-3-0.xsd">
	<Description>
		<MeasurementUnit>pixel</MeasurementUnit>
		<sourceImageInformation>
			<fileName>/tmp/tess__ko0itzs_input.PNG</fileName>
		</sourceImageInformation>
		<OCRProcessing ID="OCR_0">
			<ocrProcessingStep>
				<processingSoftware>
					<softwareName>tesseract 5.3.0</softwareName>
				</processingSoftware>
			</ocrProcessingStep>
		</OCRProcessing>
	</Description>
	<Layout>
		<Page WIDTH="2206" HEIGHT="2628" PHYSICAL_IMG_NR="0" ID="page_0">
			<PrintSpace HPOS="0" VPOS="0" WIDTH="2206" HEIGHT="2628">
				<ComposedBlock ID="cblock_0" HPOS="415" VPOS="183" WIDTH="1382" HEIGHT="43">
					<TextBlock ID="block_0" HPOS="415" VPOS="183" WIDTH="1382" HEIGHT="43">
						<TextLine ID="line_0" HPOS="415" VPOS="183" WIDTH="1382" HEIGHT="43">
							<String ID="string_0" HPOS="415" VPOS="183" WIDTH="246" HEIGHT="33" WC="0.88" CONTENT="Sammansatta"/><SP WIDTH="23" VPOS="183" HPOS="661"/>
							<String ID="string_1" HPOS="684" VPOS="183" WIDTH="216" HEIGHT="42" WC="0.87" CONTENT="Bevillnings-"/><SP WIDTH="24" VPOS="183" HPOS="900"/>
							<String ID="string_2" HPOS="924" VPOS="184" WIDTH="55" HEIGHT="33" WC="0.93" CONTENT="och"/><SP WIDTH="23" VPOS="184" HPOS="979"/>
							<String ID="string_3" HPOS="1002" VPOS="184" WIDTH="239" HEIGHT="42" WC="0.91" CONTENT="Lagutskottets"/><SP WIDTH="28" VPOS="184" HPOS="1241"/>
							<String ID="string_4" HPOS="1269" VPOS="184" WIDTH="174" HEIGHT="34" WC="0.95" CONTENT="Utlåtande"/><SP WIDTH="22" VPOS="184" HPOS="1443"/>
							<String ID="string_5" HPOS="1465" VPOS="185" WIDTH="63" HEIGHT="32" WC="0.70" CONTENT="N:o"/><SP WIDTH="23" VPOS="185" HPOS="1528"/>
							<String ID="string_6" HPOS="1551" VPOS="187" WIDTH="31" HEIGHT="30" WC="0.95" CONTENT="2."/><SP WIDTH="199" VPOS="187" HPOS="1582"/>
							<String ID="string_7" HPOS="1781" VPOS="186" WIDTH="16" HEIGHT="30" WC="0.96" CONTENT="1"/>
						</TextLine>
					</TextBlock>
				</ComposedBlock>
				<ComposedBlock ID="cblock_1" HPOS="936" VPOS="888" WIDTH="125" HEIGHT="39">
					<TextBlock ID="block_1" HPOS="936" VPOS="888" WIDTH="125" HEIGHT="39">
						<TextLine ID="line_1" HPOS="936" VPOS="888" WIDTH="125" HEIGHT="39">
							<String ID="string_8" HPOS="936" VPOS="888" WIDTH="60" HEIGHT="39" WC="0.95" CONTENT="N:o"/><SP WIDTH="30" VPOS="888" HPOS="996"/>
							<String ID="string_9" HPOS="1026" VPOS="888" WIDTH="35" HEIGHT="39" WC="0.96" CONTENT="2."/>
						</TextLine>
					</TextBlock>
				</ComposedBlock>
				<ComposedBlock ID="cblock_2" HPOS="915" VPOS="1047" WIDTH="883" HEIGHT="35">
					<TextBlock ID="block_2" HPOS="915" VPOS="1047" WIDTH="883" HEIGHT="35">
						<TextLine ID="line_2" HPOS="915" VPOS="1047" WIDTH="883" HEIGHT="35">
							<String ID="string_10" HPOS="915" VPOS="1049" WIDTH="73" HEIGHT="25" WC="0.92" CONTENT="Ank."/><SP WIDTH="21" VPOS="1049" HPOS="988"/>
							<String ID="string_11" HPOS="1009" VPOS="1049" WIDTH="44" HEIGHT="26" WC="0.93" CONTENT="till"/><SP WIDTH="19" VPOS="1049" HPOS="1053"/>
							<String ID="string_12" HPOS="1072" VPOS="1049" WIDTH="97" HEIGHT="25" WC="0.91" CONTENT="Riksd."/><SP WIDTH="22" VPOS="1049" HPOS="1169"/>
							<String ID="string_13" HPOS="1191" VPOS="1049" WIDTH="93" HEIGHT="26" WC="0.96" CONTENT="kansli"/><SP WIDTH="20" VPOS="1049" HPOS="1284"/>
							<String ID="string_14" HPOS="1304" VPOS="1049" WIDTH="55" HEIGHT="26" WC="0.96" CONTENT="den"/><SP WIDTH="20" VPOS="1049" HPOS="1359"/>
							<String ID="string_15" HPOS="1379" VPOS="1047" WIDTH="35" HEIGHT="27" WC="0.96" CONTENT="28"/><SP WIDTH="20" VPOS="1047" HPOS="1414"/>
							<String ID="string_16" HPOS="1434" VPOS="1048" WIDTH="71" HEIGHT="34" WC="0.96" CONTENT="april"/><SP WIDTH="20" VPOS="1048" HPOS="1505"/>
							<String ID="string_17" HPOS="1525" VPOS="1048" WIDTH="77" HEIGHT="32" WC="0.95" CONTENT="1903,"/><SP WIDTH="22" VPOS="1048" HPOS="1602"/>
							<String ID="string_18" HPOS="1624" VPOS="1049" WIDTH="36" HEIGHT="25" WC="0.96" CONTENT="kl."/><SP WIDTH="22" VPOS="1049" HPOS="1660"/>
							<String ID="string_19" HPOS="1682" VPOS="1048" WIDTH="14" HEIGHT="26" WC="0.80" CONTENT="1"/><SP WIDTH="21" VPOS="1048" HPOS="1696"/>
							<String ID="string_20" HPOS="1717" VPOS="1055" WIDTH="25" HEIGHT="21" WC="0.90" CONTENT="e."/><SP WIDTH="19" VPOS="1055" HPOS="1742"/>
							<String ID="string_21" HPOS="1761" VPOS="1056" WIDTH="37" HEIGHT="19" WC="0.92" CONTENT="m."/>
						</TextLine>
					</TextBlock>
				</ComposedBlock>
				<ComposedBlock ID="cblock_3" HPOS="417" VPOS="1137" WIDTH="1382" HEIGHT="192">
					<TextBlock ID="block_3" HPOS="417" VPOS="1137" WIDTH="1382" HEIGHT="192">
						<TextLine ID="line_3" HPOS="417" VPOS="1137" WIDTH="1382" HEIGHT="50">
							<String ID="string_22" HPOS="417" VPOS="1137" WIDTH="286" HEIGHT="38" WC="0.91" CONTENT="Sammansatta"/><SP WIDTH="44" VPOS="1137" HPOS="703"/>
							<String ID="string_23" HPOS="747" VPOS="1138" WIDTH="237" HEIGHT="49" WC="0.66" CONTENT="bevillmings-"/><SP WIDTH="35" VPOS="1138" HPOS="984"/>
							<String ID="string_24" HPOS="1019" VPOS="1139" WIDTH="65" HEIGHT="36" WC="0.93" CONTENT="och"/><SP WIDTH="29" VPOS="1139" HPOS="1084"/>
							<String ID="string_25" HPOS="1113" VPOS="1138" WIDTH="253" HEIGHT="49" WC="0.91" CONTENT="lagutskottets"/><SP WIDTH="29" VPOS="1138" HPOS="1366"/>
							<String ID="string_26" HPOS="1395" VPOS="1138" WIDTH="196" HEIGHT="37" WC="0.95" CONTENT="utlåtande"/><SP WIDTH="28" VPOS="1138" HPOS="1591"/>
							<String ID="string_27" HPOS="1619" VPOS="1138" WIDTH="83" HEIGHT="36" WC="0.93" CONTENT="med"/><SP WIDTH="29" VPOS="1138" HPOS="1702"/>
							<String ID="string_28" HPOS="1731" VPOS="1152" WIDTH="68" HEIGHT="23" WC="0.89" CONTENT="an-"/>
						</TextLine>
						<TextLine ID="line_4" HPOS="632" VPOS="1209" WIDTH="1167" HEIGHT="49">
							<String ID="string_29" HPOS="632" VPOS="1209" WIDTH="151" HEIGHT="49" WC="0.96" CONTENT="ledning"/><SP WIDTH="31" VPOS="1209" HPOS="783"/>
							<String ID="string_30" HPOS="814" VPOS="1210" WIDTH="48" HEIGHT="47" WC="0.96" CONTENT="af"/><SP WIDTH="19" VPOS="1210" HPOS="862"/>
							<String ID="string_31" HPOS="881" VPOS="1210" WIDTH="107" HEIGHT="36" WC="0.96" CONTENT="väckt"/><SP WIDTH="27" VPOS="1210" HPOS="988"/>
							<String ID="string_32" HPOS="1015" VPOS="1209" WIDTH="138" HEIGHT="37" WC="0.76" CONTENT="motion"/><SP WIDTH="31" VPOS="1209" HPOS="1153"/>
							<String ID="string_33" HPOS="1184" VPOS="1209" WIDTH="199" HEIGHT="49" WC="0.96" CONTENT="angående"/><SP WIDTH="19" VPOS="1209" HPOS="1383"/>
							<String ID="string_34" HPOS="1402" VPOS="1209" WIDTH="175" HEIGHT="49" WC="0.95" CONTENT="förnyad"/><SP WIDTH="21" VPOS="1209" HPOS="1577"/>
							<String ID="string_35" HPOS="1598" VPOS="1210" WIDTH="201" HEIGHT="48" WC="0.96" CONTENT="utredning"/>
						</TextLine>
						<TextLine ID="line_5" HPOS="630" VPOS="1279" WIDTH="552" HEIGHT="50">
							<String ID="string_36" HPOS="630" VPOS="1281" WIDTH="49" HEIGHT="47" WC="0.93" CONTENT="af"/><SP WIDTH="21" VPOS="1281" HPOS="679"/>
							<String ID="string_37" HPOS="700" VPOS="1279" WIDTH="482" HEIGHT="50" WC="0.88" CONTENT="kommunalskattefrågan."/>
						</TextLine>
					</TextBlock>
				</ComposedBlock>
				<ComposedBlock ID="cblock_4" HPOS="200" VPOS="1432" WIDTH="1605" HEIGHT="907">
					<TextBlock ID="block_4" HPOS="306" VPOS="1432" WIDTH="1494" HEIGHT="57">
						<TextLine ID="line_6" HPOS="306" VPOS="1432" WIDTH="1494" HEIGHT="57">
							<String ID="string_38" HPOS="306" VPOS="1442" WIDTH="21" HEIGHT="35" WC="0.96" CONTENT="I"/><SP WIDTH="31" VPOS="1442" HPOS="327"/>
							<String ID="string_39" HPOS="358" VPOS="1442" WIDTH="136" HEIGHT="35" WC="0.96" CONTENT="motion"/><SP WIDTH="34" VPOS="1442" HPOS="494"/>
							<String ID="string_40" HPOS="528" VPOS="1454" WIDTH="60" HEIGHT="24" WC="0.95" CONTENT="n:o"/><SP WIDTH="32" VPOS="1454" HPOS="588"/>
							<String ID="string_41" HPOS="620" VPOS="1443" WIDTH="20" HEIGHT="34" WC="0.96" CONTENT="2"/><SP WIDTH="31" VPOS="1443" HPOS="640"/>
							<String ID="string_42" HPOS="671" VPOS="1442" WIDTH="13" HEIGHT="34" WC="0.96" CONTENT="i"/><SP WIDTH="26" VPOS="1442" HPOS="684"/>
							<String ID="string_43" HPOS="710" VPOS="1442" WIDTH="126" HEIGHT="35" WC="0.96" CONTENT="Första"/><SP WIDTH="29" VPOS="1442" HPOS="836"/>
							<String ID="string_44" HPOS="865" VPOS="1442" WIDTH="221" HEIGHT="34" WC="0.96" CONTENT="Kammaren"/><SP WIDTH="21" VPOS="1442" HPOS="1086"/>
							<String ID="string_45" HPOS="1107" VPOS="1441" WIDTH="64" HEIGHT="35" WC="0.96" CONTENT="har"/><SP WIDTH="20" VPOS="1441" HPOS="1171"/>
							<String ID="string_46" HPOS="1191" VPOS="1441" WIDTH="80" HEIGHT="35" WC="0.93" CONTENT="herr"/><SP WIDTH="25" VPOS="1441" HPOS="1271"/>
							<String ID="string_47" HPOS="1296" VPOS="1439" WIDTH="46" HEIGHT="39" WC="0.26" CONTENT="G."/><SP WIDTH="21" VPOS="1439" HPOS="1342"/>
							<String ID="string_48" HPOS="1363" VPOS="1440" WIDTH="43" HEIGHT="36" WC="0.17" CONTENT="PF."/><SP WIDTH="29" VPOS="1440" HPOS="1406"/>
							<String ID="string_49" HPOS="1435" VPOS="1432" WIDTH="151" HEIGHT="56" WC="0.96" CONTENT="Östberg"/><SP WIDTH="20" VPOS="1432" HPOS="1586"/>
							<String ID="string_50" HPOS="1606" VPOS="1441" WIDTH="194" HEIGHT="48" WC="0.94" CONTENT="föreslagit,"/>
						</TextLine>
					</TextBlock>
					<TextBlock ID="block_5" HPOS="200" VPOS="1494" WIDTH="1603" HEIGHT="316">
						<TextLine ID="line_7" HPOS="307" VPOS="1494" WIDTH="1495" HEIGHT="49">
							<String ID="string_51" HPOS="307" VPOS="1495" WIDTH="63" HEIGHT="36" WC="0.96" CONTENT="det"/><SP WIDTH="27" VPOS="1495" HPOS="370"/>
							<String ID="string_52" HPOS="397" VPOS="1495" WIDTH="209" HEIGHT="48" WC="0.93" CONTENT="Riksdagen"/><SP WIDTH="31" VPOS="1495" HPOS="606"/>
							<String ID="string_53" HPOS="637" VPOS="1495" WIDTH="182" HEIGHT="47" WC="0.92" CONTENT="behagade"/><SP WIDTH="29" VPOS="1495" HPOS="819"/>
							<String ID="string_54" HPOS="848" VPOS="1495" WIDTH="139" HEIGHT="35" WC="0.96" CONTENT="besluta"/><SP WIDTH="29" VPOS="1495" HPOS="987"/>
							<String ID="string_55" HPOS="1016" VPOS="1497" WIDTH="55" HEIGHT="33" WC="0.96" CONTENT="att"/><SP WIDTH="26" VPOS="1497" HPOS="1071"/>
							<String ID="string_56" HPOS="1097" VPOS="1495" WIDTH="13" HEIGHT="35" WC="0.96" CONTENT="i"/><SP WIDTH="27" VPOS="1495" HPOS="1110"/>
							<String ID="string_57" HPOS="1137" VPOS="1494" WIDTH="185" HEIGHT="36" WC="0.96" CONTENT="skrifvelse"/><SP WIDTH="29" VPOS="1494" HPOS="1322"/>
							<String ID="string_58" HPOS="1351" VPOS="1494" WIDTH="58" HEIGHT="36" WC="0.96" CONTENT="till"/><SP WIDTH="28" VPOS="1494" HPOS="1409"/>
							<String ID="string_59" HPOS="1437" VPOS="1495" WIDTH="139" HEIGHT="47" WC="0.95" CONTENT="Kungl."/><SP WIDTH="31" VPOS="1495" HPOS="1576"/>
							<String ID="string_60" HPOS="1607" VPOS="1495" WIDTH="109" HEIGHT="47" WC="0.93" CONTENT="Maj:t"/><SP WIDTH="27" VPOS="1495" HPOS="1716"/>
							<String ID="string_61" HPOS="1743" VPOS="1508" WIDTH="59" HEIGHT="22" WC="0.92" CONTENT="an-"/>
						</TextLine>
						<TextLine ID="line_8" HPOS="201" VPOS="1548" WIDTH="1602" HEIGHT="50">
							<String ID="string_62" HPOS="201" VPOS="1549" WIDTH="95" HEIGHT="36" WC="0.96" CONTENT="hålla"/><SP WIDTH="29" VPOS="1549" HPOS="296"/>
							<String ID="string_63" HPOS="325" VPOS="1561" WIDTH="59" HEIGHT="23" WC="0.96" CONTENT="om"/><SP WIDTH="29" VPOS="1561" HPOS="384"/>
							<String ID="string_64" HPOS="413" VPOS="1549" WIDTH="155" HEIGHT="49" WC="0.96" CONTENT="förnyad"/><SP WIDTH="38" VPOS="1549" HPOS="568"/>
							<String ID="string_65" HPOS="606" VPOS="1549" WIDTH="196" HEIGHT="47" WC="0.95" CONTENT="utredning"/><SP WIDTH="27" VPOS="1549" HPOS="802"/>
							<String ID="string_66" HPOS="829" VPOS="1549" WIDTH="38" HEIGHT="35" WC="0.93" CONTENT="af"/><SP WIDTH="28" VPOS="1549" HPOS="867"/>
							<String ID="string_67" HPOS="895" VPOS="1548" WIDTH="468" HEIGHT="47" WC="0.92" CONTENT="kommunalskattefrågan,"/><SP WIDTH="29" VPOS="1548" HPOS="1363"/>
							<String ID="string_68" HPOS="1392" VPOS="1548" WIDTH="166" HEIGHT="35" WC="0.96" CONTENT="särskildt"/><SP WIDTH="27" VPOS="1548" HPOS="1558"/>
							<String ID="string_69" HPOS="1585" VPOS="1549" WIDTH="13" HEIGHT="34" WC="0.95" CONTENT="i"/><SP WIDTH="27" VPOS="1549" HPOS="1598"/>
							<String ID="string_70" HPOS="1625" VPOS="1549" WIDTH="95" HEIGHT="48" WC="0.96" CONTENT="syfte"/><SP WIDTH="29" VPOS="1549" HPOS="1720"/>
							<String ID="string_71" HPOS="1749" VPOS="1551" WIDTH="54" HEIGHT="33" WC="0.96" CONTENT="att"/>
						</TextLine>
						<TextLine ID="line_9" HPOS="201" VPOS="1601" WIDTH="1600" HEIGHT="49">
							<String ID="string_72" HPOS="201" VPOS="1603" WIDTH="37" HEIGHT="35" WC="0.93" CONTENT="få"/><SP WIDTH="29" VPOS="1603" HPOS="238"/>
							<String ID="string_73" HPOS="267" VPOS="1604" WIDTH="135" HEIGHT="40" WC="0.87" CONTENT="utrönt,"/><SP WIDTH="30" VPOS="1604" HPOS="402"/>
							<String ID="string_74" HPOS="432" VPOS="1603" WIDTH="178" HEIGHT="34" WC="0.96" CONTENT="huruvida"/><SP WIDTH="28" VPOS="1603" HPOS="610"/>
							<String ID="string_75" HPOS="638" VPOS="1602" WIDTH="77" HEIGHT="35" WC="0.91" CONTENT="icke"/><SP WIDTH="30" VPOS="1602" HPOS="715"/>
							<String ID="string_76" HPOS="745" VPOS="1602" WIDTH="278" HEIGHT="35" WC="0.96" CONTENT="kommunernas"/><SP WIDTH="28" VPOS="1602" HPOS="1023"/>
							<String ID="string_77" HPOS="1051" VPOS="1602" WIDTH="153" HEIGHT="34" WC="0.95" CONTENT="finanser"/><SP WIDTH="27" VPOS="1602" HPOS="1204"/>
							<String ID="string_78" HPOS="1231" VPOS="1601" WIDTH="57" HEIGHT="36" WC="0.95" CONTENT="till"/><SP WIDTH="29" VPOS="1601" HPOS="1288"/>
							<String ID="string_79" HPOS="1317" VPOS="1614" WIDTH="44" HEIGHT="23" WC="0.95" CONTENT="en"/><SP WIDTH="25" VPOS="1614" HPOS="1361"/>
							<String ID="string_80" HPOS="1386" VPOS="1601" WIDTH="57" HEIGHT="35" WC="0.95" CONTENT="del"/><SP WIDTH="28" VPOS="1601" HPOS="1443"/>
							<String ID="string_81" HPOS="1471" VPOS="1602" WIDTH="109" HEIGHT="35" WC="0.95" CONTENT="borde"/><SP WIDTH="20" VPOS="1602" HPOS="1580"/>
							<String ID="string_82" HPOS="1600" VPOS="1602" WIDTH="137" HEIGHT="48" WC="0.96" CONTENT="byggas"/><SP WIDTH="19" VPOS="1602" HPOS="1737"/>
							<String ID="string_83" HPOS="1756" VPOS="1604" WIDTH="45" HEIGHT="46" WC="0.96" CONTENT="på"/>
						</TextLine>
						<TextLine ID="line_10" HPOS="201" VPOS="1654" WIDTH="1599" HEIGHT="49">
							<String ID="string_84" HPOS="201" VPOS="1668" WIDTH="135" HEIGHT="23" WC="0.95" CONTENT="samma"/><SP WIDTH="43" VPOS="1668" HPOS="336"/>
							<String ID="string_85" HPOS="379" VPOS="1656" WIDTH="118" HEIGHT="47" WC="0.89" CONTENT="grund"/><SP WIDTH="37" VPOS="1656" HPOS="497"/>
							<String ID="string_86" HPOS="534" VPOS="1668" WIDTH="77" HEIGHT="23" WC="0.93" CONTENT="som"/><SP WIDTH="42" VPOS="1668" HPOS="611"/>
							<String ID="string_87" HPOS="653" VPOS="1658" WIDTH="134" HEIGHT="32" WC="0.93" CONTENT="statens"/><SP WIDTH="40" VPOS="1658" HPOS="787"/>
							<String ID="string_88" HPOS="827" VPOS="1655" WIDTH="139" HEIGHT="35" WC="0.95" CONTENT="direkta"/><SP WIDTH="28" VPOS="1655" HPOS="966"/>
							<String ID="string_89" HPOS="994" VPOS="1655" WIDTH="243" HEIGHT="47" WC="0.96" CONTENT="beskattning,"/><SP WIDTH="30" VPOS="1655" HPOS="1237"/>
							<String ID="string_90" HPOS="1267" VPOS="1667" WIDTH="83" HEIGHT="23" WC="0.96" CONTENT="men"/><SP WIDTH="29" VPOS="1667" HPOS="1350"/>
							<String ID="string_91" HPOS="1379" VPOS="1654" WIDTH="56" HEIGHT="36" WC="0.96" CONTENT="till"/><SP WIDTH="28" VPOS="1654" HPOS="1435"/>
							<String ID="string_92" HPOS="1463" VPOS="1655" WIDTH="69" HEIGHT="35" WC="0.96" CONTENT="den"/><SP WIDTH="29" VPOS="1655" HPOS="1532"/>
							<String ID="string_93" HPOS="1561" VPOS="1655" WIDTH="109" HEIGHT="35" WC="0.96" CONTENT="andra"/><SP WIDTH="27" VPOS="1655" HPOS="1670"/>
							<String ID="string_94" HPOS="1697" VPOS="1655" WIDTH="103" HEIGHT="36" WC="0.96" CONTENT="delen"/>
						</TextLine>
						<TextLine ID="line_11" HPOS="201" VPOS="1707" WIDTH="1599" HEIGHT="49">
							<String ID="string_95" HPOS="201" VPOS="1710" WIDTH="46" HEIGHT="46" WC="0.93" CONTENT="på"/><SP WIDTH="41" VPOS="1710" HPOS="247"/>
							<String ID="string_96" HPOS="288" VPOS="1709" WIDTH="248" HEIGHT="47" WC="0.87" CONTENT="själfständiga"/><SP WIDTH="42" VPOS="1709" HPOS="536"/>
							<String ID="string_97" HPOS="578" VPOS="1708" WIDTH="231" HEIGHT="35" WC="0.92" CONTENT="kommunala"/><SP WIDTH="42" VPOS="1708" HPOS="809"/>
							<String ID="string_98" HPOS="851" VPOS="1707" WIDTH="271" HEIGHT="47" WC="0.92" CONTENT="objektskatter,"/><SP WIDTH="31" VPOS="1707" HPOS="1122"/>
							<String ID="string_99" HPOS="1153" VPOS="1710" WIDTH="116" HEIGHT="33" WC="0.88" CONTENT="såsom"/><SP WIDTH="43" VPOS="1710" HPOS="1269"/>
							<String ID="string_100" HPOS="1312" VPOS="1708" WIDTH="206" HEIGHT="46" WC="0.67" CONTENT="fastighets-"/><SP WIDTH="30" VPOS="1708" HPOS="1518"/>
							<String ID="string_101" HPOS="1548" VPOS="1709" WIDTH="64" HEIGHT="34" WC="0.92" CONTENT="och"/><SP WIDTH="31" VPOS="1709" HPOS="1612"/>
							<String ID="string_102" HPOS="1643" VPOS="1708" WIDTH="157" HEIGHT="47" WC="0.83" CONTENT="närings-"/>
						</TextLine>
						<TextLine ID="line_12" HPOS="200" VPOS="1761" WIDTH="1185" HEIGHT="49">
							<String ID="string_103" HPOS="200" VPOS="1762" WIDTH="150" HEIGHT="43" WC="0.96" CONTENT="skatter,"/><SP WIDTH="25" VPOS="1762" HPOS="350"/>
							<String ID="string_104" HPOS="375" VPOS="1764" WIDTH="93" HEIGHT="33" WC="0.96" CONTENT="samt"/><SP WIDTH="27" VPOS="1764" HPOS="468"/>
							<String ID="string_105" HPOS="495" VPOS="1763" WIDTH="46" HEIGHT="47" WC="0.93" CONTENT="på"/><SP WIDTH="28" VPOS="1763" HPOS="541"/>
							<String ID="string_106" HPOS="569" VPOS="1762" WIDTH="147" HEIGHT="46" WC="0.92" CONTENT="afgifter"/><SP WIDTH="28" VPOS="1762" HPOS="716"/>
							<String ID="string_107" HPOS="744" VPOS="1762" WIDTH="66" HEIGHT="34" WC="0.97" CONTENT="och"/><SP WIDTH="29" VPOS="1762" HPOS="810"/>
							<String ID="string_108" HPOS="839" VPOS="1761" WIDTH="126" HEIGHT="47" WC="0.96" CONTENT="bidrag"/><SP WIDTH="28" VPOS="1761" HPOS="965"/>
							<String ID="string_109" HPOS="993" VPOS="1761" WIDTH="37" HEIGHT="34" WC="0.93" CONTENT="af"/><SP WIDTH="28" VPOS="1761" HPOS="1030"/>
							<String ID="string_110" HPOS="1058" VPOS="1761" WIDTH="181" HEIGHT="47" WC="0.91" CONTENT="vederlags"/><SP WIDTH="29" VPOS="1761" HPOS="1239"/>
							<String ID="string_111" HPOS="1268" VPOS="1763" WIDTH="117" HEIGHT="33" WC="0.96" CONTENT="natur."/>
						</TextLine>
					</TextBlock>
					<TextBlock ID="block_6" HPOS="309" VPOS="1813" WIDTH="1490" HEIGHT="48">
						<TextLine ID="line_13" HPOS="309" VPOS="1813" WIDTH="1490" HEIGHT="48">
							<String ID="string_112" HPOS="309" VPOS="1815" WIDTH="72" HEIGHT="35" WC="0.96" CONTENT="Till"/><SP WIDTH="29" VPOS="1815" HPOS="381"/>
							<String ID="string_113" HPOS="410" VPOS="1815" WIDTH="81" HEIGHT="35" WC="0.96" CONTENT="stöd"/><SP WIDTH="29" VPOS="1815" HPOS="491"/>
							<String ID="string_114" HPOS="520" VPOS="1815" WIDTH="55" HEIGHT="35" WC="0.96" CONTENT="för"/><SP WIDTH="29" VPOS="1815" HPOS="575"/>
							<String ID="string_115" HPOS="604" VPOS="1815" WIDTH="98" HEIGHT="35" WC="0.97" CONTENT="detta"/><SP WIDTH="30" VPOS="1815" HPOS="702"/>
							<String ID="string_116" HPOS="732" VPOS="1814" WIDTH="131" HEIGHT="47" WC="0.96" CONTENT="förslag"/><SP WIDTH="29" VPOS="1814" HPOS="863"/>
							<String ID="string_117" HPOS="892" VPOS="1815" WIDTH="64" HEIGHT="34" WC="0.96" CONTENT="har"/><SP WIDTH="29" VPOS="1815" HPOS="956"/>
							<String ID="string_118" HPOS="985" VPOS="1814" WIDTH="221" HEIGHT="35" WC="0.96" CONTENT="motionären"/><SP WIDTH="25" VPOS="1814" HPOS="1206"/>
							<String ID="string_119" HPOS="1231" VPOS="1815" WIDTH="13" HEIGHT="34" WC="0.93" CONTENT="i"/><SP WIDTH="19" VPOS="1815" HPOS="1244"/>
							<String ID="string_120" HPOS="1263" VPOS="1813" WIDTH="207" HEIGHT="36" WC="0.91" CONTENT="hufvudsak"/><SP WIDTH="19" VPOS="1813" HPOS="1470"/>
							<String ID="string_121" HPOS="1489" VPOS="1814" WIDTH="120" HEIGHT="35" WC="0.96" CONTENT="anfört"/><SP WIDTH="24" VPOS="1814" HPOS="1609"/>
							<String ID="string_122" HPOS="1633" VPOS="1814" WIDTH="166" HEIGHT="47" WC="0.96" CONTENT="följande."/>
						</TextLine>
					</TextBlock>
					<TextBlock ID="block_7" HPOS="202" VPOS="1867" WIDTH="1603" HEIGHT="418">
						<TextLine ID="line_14" HPOS="316" VPOS="1867" WIDTH="1485" HEIGHT="49">
							<String ID="string_123" HPOS="316" VPOS="1883" WIDTH="12" HEIGHT="16" WC="0.78" CONTENT="»"/><SP WIDTH="11" VPOS="1883" HPOS="328"/>
							<String ID="string_124" HPOS="339" VPOS="1869" WIDTH="158" HEIGHT="35" WC="0.78" CONTENT="Krafvet"/><SP WIDTH="43" VPOS="1869" HPOS="497"/>
							<String ID="string_125" HPOS="540" VPOS="1869" WIDTH="46" HEIGHT="47" WC="0.96" CONTENT="på"/><SP WIDTH="33" VPOS="1869" HPOS="586"/>
							<String ID="string_126" HPOS="619" VPOS="1880" WIDTH="44" HEIGHT="23" WC="0.96" CONTENT="en"/><SP WIDTH="29" VPOS="1880" HPOS="663"/>
							<String ID="string_127" HPOS="692" VPOS="1868" WIDTH="148" HEIGHT="35" WC="0.96" CONTENT="modern"/><SP WIDTH="29" VPOS="1868" HPOS="840"/>
							<String ID="string_128" HPOS="869" VPOS="1867" WIDTH="208" HEIGHT="47" WC="0.96" CONTENT="utbildning"/><SP WIDTH="28" VPOS="1867" HPOS="1077"/>
							<String ID="string_129" HPOS="1105" VPOS="1867" WIDTH="37" HEIGHT="35" WC="0.96" CONTENT="af"/><SP WIDTH="27" VPOS="1867" HPOS="1142"/>
							<String ID="string_130" HPOS="1169" VPOS="1867" WIDTH="68" HEIGHT="36" WC="0.96" CONTENT="den"/><SP WIDTH="30" VPOS="1867" HPOS="1237"/>
							<String ID="string_131" HPOS="1267" VPOS="1867" WIDTH="138" HEIGHT="36" WC="0.93" CONTENT="direkta"/><SP WIDTH="28" VPOS="1867" HPOS="1405"/>
							<String ID="string_132" HPOS="1433" VPOS="1867" WIDTH="368" HEIGHT="47" WC="0.91" CONTENT="statsbeskattningen"/>
						</TextLine>
						<TextLine ID="line_15" HPOS="202" VPOS="1920" WIDTH="1601" HEIGHT="49">
							<String ID="string_133" HPOS="202" VPOS="1923" WIDTH="13" HEIGHT="33" WC="0.96" CONTENT="i"/><SP WIDTH="27" VPOS="1923" HPOS="215"/>
							<String ID="string_134" HPOS="242" VPOS="1922" WIDTH="146" HEIGHT="47" WC="0.96" CONTENT="Sverige"/><SP WIDTH="43" VPOS="1922" HPOS="388"/>
							<String ID="string_135" HPOS="431" VPOS="1923" WIDTH="65" HEIGHT="33" WC="0.96" CONTENT="har"/><SP WIDTH="44" VPOS="1923" HPOS="496"/>
							<String ID="string_136" HPOS="540" VPOS="1922" WIDTH="114" HEIGHT="35" WC="0.92" CONTENT="under"/><SP WIDTH="28" VPOS="1922" HPOS="654"/>
							<String ID="string_137" HPOS="682" VPOS="1922" WIDTH="61" HEIGHT="35" WC="0.96" CONTENT="det"/><SP WIDTH="27" VPOS="1922" HPOS="743"/>
							<String ID="string_138" HPOS="770" VPOS="1923" WIDTH="138" HEIGHT="34" WC="0.96" CONTENT="senaste"/><SP WIDTH="28" VPOS="1923" HPOS="908"/>
							<String ID="string_139" HPOS="936" VPOS="1921" WIDTH="180" HEIGHT="35" WC="0.96" CONTENT="årtiondet"/><SP WIDTH="27" VPOS="1921" HPOS="1116"/>
							<String ID="string_140" HPOS="1143" VPOS="1922" WIDTH="98" HEIGHT="45" WC="0.96" CONTENT="gjort"/><SP WIDTH="27" VPOS="1922" HPOS="1241"/>
							<String ID="string_141" HPOS="1268" VPOS="1921" WIDTH="55" HEIGHT="47" WC="0.96" CONTENT="sig"/><SP WIDTH="28" VPOS="1921" HPOS="1323"/>
							<String ID="string_142" HPOS="1351" VPOS="1920" WIDTH="162" HEIGHT="47" WC="0.96" CONTENT="gällande"/><SP WIDTH="29" VPOS="1920" HPOS="1513"/>
							<String ID="string_143" HPOS="1542" VPOS="1921" WIDTH="81" HEIGHT="35" WC="0.93" CONTENT="med"/><SP WIDTH="24" VPOS="1921" HPOS="1623"/>
							<String ID="string_144" HPOS="1647" VPOS="1921" WIDTH="156" HEIGHT="46" WC="0.91" CONTENT="alitjämt"/>
						</TextLine>
						<TextLine ID="line_16" HPOS="202" VPOS="1974" WIDTH="1602" HEIGHT="49">
							<String ID="string_145" HPOS="202" VPOS="1975" WIDTH="159" HEIGHT="35" WC="0.96" CONTENT="växande"/><SP WIDTH="39" VPOS="1975" HPOS="361"/>
							<String ID="string_146" HPOS="400" VPOS="1975" WIDTH="134" HEIGHT="48" WC="0.93" CONTENT="styrka."/><SP WIDTH="59" VPOS="1975" HPOS="534"/>
							<String ID="string_147" HPOS="593" VPOS="1975" WIDTH="195" HEIGHT="46" WC="0.0" CONTENT="Samtidigt"/><SP WIDTH="41" VPOS="1975" HPOS="788"/>
							<String ID="string_148" HPOS="829" VPOS="1975" WIDTH="63" HEIGHT="34" WC="0.95" CONTENT="har"/><SP WIDTH="42" VPOS="1975" HPOS="892"/>
							<String ID="string_149" HPOS="934" VPOS="1974" WIDTH="62" HEIGHT="35" WC="0.96" CONTENT="det"/><SP WIDTH="40" VPOS="1974" HPOS="996"/>
							<String ID="string_150" HPOS="1036" VPOS="1974" WIDTH="65" HEIGHT="35" WC="0.93" CONTENT="allt"/><SP WIDTH="38" VPOS="1974" HPOS="1101"/>
							<String ID="string_151" HPOS="1139" VPOS="1974" WIDTH="136" HEIGHT="35" WC="0.96" CONTENT="klarare"/><SP WIDTH="30" VPOS="1974" HPOS="1275"/>
							<String ID="string_152" HPOS="1305" VPOS="1974" WIDTH="91" HEIGHT="35" WC="0.96" CONTENT="visat"/><SP WIDTH="28" VPOS="1974" HPOS="1396"/>
							<String ID="string_153" HPOS="1424" VPOS="1974" WIDTH="65" HEIGHT="47" WC="0.96" CONTENT="sig,"/><SP WIDTH="31" VPOS="1974" HPOS="1489"/>
							<String ID="string_154" HPOS="1520" VPOS="1974" WIDTH="68" HEIGHT="34" WC="0.96" CONTENT="hur"/><SP WIDTH="23" VPOS="1974" HPOS="1588"/>
							<String ID="string_155" HPOS="1611" VPOS="1974" WIDTH="193" HEIGHT="47" WC="0.96" CONTENT="väsentligt"/>
						</TextLine>
						<TextLine ID="line_17" HPOS="203" VPOS="2027" WIDTH="1600" HEIGHT="46">
							<String ID="string_156" HPOS="203" VPOS="2040" WIDTH="44" HEIGHT="23" WC="0.96" CONTENT="en"/><SP WIDTH="43" VPOS="2040" HPOS="247"/>
							<String ID="string_157" HPOS="290" VPOS="2028" WIDTH="109" HEIGHT="34" WC="0.96" CONTENT="sådan"/><SP WIDTH="44" VPOS="2028" HPOS="399"/>
							<String ID="string_158" HPOS="443" VPOS="2029" WIDTH="133" HEIGHT="35" WC="0.94" CONTENT="reform"/><SP WIDTH="40" VPOS="2029" HPOS="576"/>
							<String ID="string_159" HPOS="616" VPOS="2028" WIDTH="201" HEIGHT="35" WC="0.94" CONTENT="förhindras"/><SP WIDTH="29" VPOS="2028" HPOS="817"/>
							<String ID="string_160" HPOS="846" VPOS="2028" WIDTH="66" HEIGHT="34" WC="0.96" CONTENT="och"/><SP WIDTH="30" VPOS="2028" HPOS="912"/>
							<String ID="string_161" HPOS="942" VPOS="2027" WIDTH="172" HEIGHT="35" WC="0.96" CONTENT="försvåras"/><SP WIDTH="29" VPOS="2027" HPOS="1114"/>
							<String ID="string_162" HPOS="1143" VPOS="2027" WIDTH="218" HEIGHT="46" WC="0.96" CONTENT="därigenom,"/><SP WIDTH="31" VPOS="2027" HPOS="1361"/>
							<String ID="string_163" HPOS="1392" VPOS="2029" WIDTH="53" HEIGHT="33" WC="0.96" CONTENT="att"/><SP WIDTH="29" VPOS="2029" HPOS="1445"/>
							<String ID="string_164" HPOS="1474" VPOS="2027" WIDTH="69" HEIGHT="35" WC="0.96" CONTENT="den"/><SP WIDTH="29" VPOS="2027" HPOS="1543"/>
							<String ID="string_165" HPOS="1572" VPOS="2027" WIDTH="231" HEIGHT="35" WC="0.95" CONTENT="kommunala"/>
						</TextLine>
						<TextLine ID="line_18" HPOS="203" VPOS="2080" WIDTH="1599" HEIGHT="47">
							<String ID="string_166" HPOS="203" VPOS="2080" WIDTH="279" HEIGHT="46" WC="0.96" CONTENT="beskattningen"/><SP WIDTH="43" VPOS="2080" HPOS="482"/>
							<String ID="string_167" HPOS="525" VPOS="2082" WIDTH="12" HEIGHT="34" WC="0.96" CONTENT="i"/><SP WIDTH="40" VPOS="2082" HPOS="537"/>
							<String ID="string_168" HPOS="577" VPOS="2082" WIDTH="79" HEIGHT="34" WC="0.96" CONTENT="vårt"/><SP WIDTH="40" VPOS="2082" HPOS="656"/>
							<String ID="string_169" HPOS="696" VPOS="2081" WIDTH="85" HEIGHT="34" WC="0.96" CONTENT="land"/><SP WIDTH="38" VPOS="2081" HPOS="781"/>
							<String ID="string_170" HPOS="819" VPOS="2081" WIDTH="13" HEIGHT="34" WC="0.96" CONTENT="i"/><SP WIDTH="43" VPOS="2081" HPOS="832"/>
							<String ID="string_171" HPOS="875" VPOS="2092" WIDTH="44" HEIGHT="23" WC="0.96" CONTENT="en"/><SP WIDTH="40" VPOS="2092" HPOS="919"/>
							<String ID="string_172" HPOS="959" VPOS="2081" WIDTH="124" HEIGHT="33" WC="0.95" CONTENT="nästan"/><SP WIDTH="40" VPOS="2081" HPOS="1083"/>
							<String ID="string_173" HPOS="1123" VPOS="2080" WIDTH="212" HEIGHT="35" WC="0.96" CONTENT="enastående"/><SP WIDTH="30" VPOS="2080" HPOS="1335"/>
							<String ID="string_174" HPOS="1365" VPOS="2080" WIDTH="221" HEIGHT="45" WC="0.96" CONTENT="omfattning"/><SP WIDTH="27" VPOS="2080" HPOS="1586"/>
							<String ID="string_175" HPOS="1613" VPOS="2083" WIDTH="37" HEIGHT="32" WC="0.96" CONTENT="är"/><SP WIDTH="29" VPOS="2083" HPOS="1650"/>
							<String ID="string_176" HPOS="1679" VPOS="2080" WIDTH="123" HEIGHT="47" WC="0.96" CONTENT="byggd"/>
						</TextLine>
						<TextLine ID="line_19" HPOS="203" VPOS="2132" WIDTH="1600" HEIGHT="48">
							<String ID="string_177" HPOS="203" VPOS="2134" WIDTH="46" HEIGHT="46" WC="0.93" CONTENT="på"/><SP WIDTH="39" VPOS="2134" HPOS="249"/>
							<String ID="string_178" HPOS="288" VPOS="2133" WIDTH="128" HEIGHT="47" WC="0.93" CONTENT="tillägg"/><SP WIDTH="41" VPOS="2133" HPOS="416"/>
							<String ID="string_179" HPOS="457" VPOS="2133" WIDTH="58" HEIGHT="35" WC="0.95" CONTENT="till"/><SP WIDTH="42" VPOS="2133" HPOS="515"/>
							<String ID="string_180" HPOS="557" VPOS="2134" WIDTH="42" HEIGHT="35" WC="0.96" CONTENT="de"/><SP WIDTH="41" VPOS="2134" HPOS="599"/>
							<String ID="string_181" HPOS="640" VPOS="2133" WIDTH="138" HEIGHT="36" WC="0.92" CONTENT="direkta"/><SP WIDTH="41" VPOS="2133" HPOS="778"/>
							<String ID="string_182" HPOS="819" VPOS="2133" WIDTH="280" HEIGHT="35" WC="0.80" CONTENT="statsskatterna."/><SP WIDTH="58" VPOS="2133" HPOS="1099"/>
							<String ID="string_183" HPOS="1157" VPOS="2133" WIDTH="73" HEIGHT="35" WC="0.95" CONTENT="Det"/><SP WIDTH="41" VPOS="2133" HPOS="1230"/>
							<String ID="string_184" HPOS="1271" VPOS="2145" WIDTH="63" HEIGHT="22" WC="0.96" CONTENT="var"/><SP WIDTH="28" VPOS="2145" HPOS="1334"/>
							<String ID="string_185" HPOS="1362" VPOS="2132" WIDTH="116" HEIGHT="35" WC="0.96" CONTENT="därför"/><SP WIDTH="29" VPOS="2132" HPOS="1478"/>
							<String ID="string_186" HPOS="1507" VPOS="2144" WIDTH="41" HEIGHT="23" WC="0.96" CONTENT="en"/><SP WIDTH="31" VPOS="2144" HPOS="1548"/>
							<String ID="string_187" HPOS="1579" VPOS="2132" WIDTH="224" HEIGHT="47" WC="0.95" CONTENT="fullkomligt"/>
						</TextLine>
						<TextLine ID="line_20" HPOS="204" VPOS="2185" WIDTH="1599" HEIGHT="48">
							<String ID="string_188" HPOS="204" VPOS="2186" WIDTH="112" HEIGHT="46" WC="0.96" CONTENT="riktig"/><SP WIDTH="42" VPOS="2186" HPOS="316"/>
							<String ID="string_189" HPOS="358" VPOS="2186" WIDTH="122" HEIGHT="44" WC="0.95" CONTENT="tanke,"/><SP WIDTH="42" VPOS="2186" HPOS="480"/>
							<String ID="string_190" HPOS="522" VPOS="2199" WIDTH="77" HEIGHT="22" WC="0.94" CONTENT="som"/><SP WIDTH="43" VPOS="2199" HPOS="599"/>
							<String ID="string_191" HPOS="642" VPOS="2187" WIDTH="59" HEIGHT="46" WC="0.94" CONTENT="låg"/><SP WIDTH="41" VPOS="2187" HPOS="701"/>
							<String ID="string_192" HPOS="742" VPOS="2186" WIDTH="57" HEIGHT="35" WC="0.96" CONTENT="till"/><SP WIDTH="37" VPOS="2186" HPOS="799"/>
							<String ID="string_193" HPOS="836" VPOS="2186" WIDTH="117" HEIGHT="47" WC="0.96" CONTENT="grund"/><SP WIDTH="34" VPOS="2186" HPOS="953"/>
							<String ID="string_194" HPOS="987" VPOS="2185" WIDTH="54" HEIGHT="35" WC="0.96" CONTENT="för"/><SP WIDTH="29" VPOS="2185" HPOS="1041"/>
							<String ID="string_195" HPOS="1070" VPOS="2185" WIDTH="67" HEIGHT="35" WC="0.96" CONTENT="den"/><SP WIDTH="29" VPOS="2185" HPOS="1137"/>
							<String ID="string_196" HPOS="1166" VPOS="2185" WIDTH="199" HEIGHT="44" WC="0.95" CONTENT="skrifvelse,"/><SP WIDTH="29" VPOS="2185" HPOS="1365"/>
							<String ID="string_197" HPOS="1394" VPOS="2197" WIDTH="77" HEIGHT="23" WC="0.96" CONTENT="som"/><SP WIDTH="28" VPOS="2197" HPOS="1471"/>
							<String ID="string_198" HPOS="1499" VPOS="2185" WIDTH="205" HEIGHT="47" WC="0.95" CONTENT="Riksdagen"/><SP WIDTH="30" VPOS="2185" HPOS="1704"/>
							<String ID="string_199" HPOS="1734" VPOS="2185" WIDTH="69" HEIGHT="35" WC="0.96" CONTENT="den"/>
						</TextLine>
						<TextLine ID="line_21" HPOS="208" VPOS="2238" WIDTH="1597" HEIGHT="47">
							<String ID="string_200" HPOS="208" VPOS="2241" WIDTH="18" HEIGHT="33" WC="0.82" CONTENT="5"/><SP WIDTH="33" VPOS="2241" HPOS="226"/>
							<String ID="string_201" HPOS="259" VPOS="2240" WIDTH="70" HEIGHT="45" WC="0.94" CONTENT="maj"/><SP WIDTH="49" VPOS="2240" HPOS="329"/>
							<String ID="string_202" HPOS="378" VPOS="2240" WIDTH="99" HEIGHT="35" WC="0.92" CONTENT="1897"/><SP WIDTH="45" VPOS="2240" HPOS="477"/>
							<String ID="string_203" HPOS="522" VPOS="2240" WIDTH="94" HEIGHT="43" WC="0.90" CONTENT="aflät,"/><SP WIDTH="44" VPOS="2240" HPOS="616"/>
							<String ID="string_204" HPOS="660" VPOS="2240" WIDTH="66" HEIGHT="35" WC="0.96" CONTENT="och"/><SP WIDTH="42" VPOS="2240" HPOS="726"/>
							<String ID="string_205" HPOS="768" VPOS="2240" WIDTH="61" HEIGHT="34" WC="0.96" CONTENT="där"/><SP WIDTH="42" VPOS="2240" HPOS="829"/>
							<String ID="string_206" HPOS="871" VPOS="2238" WIDTH="194" HEIGHT="47" WC="0.95" CONTENT="utredning"/><SP WIDTH="28" VPOS="2238" HPOS="1065"/>
							<String ID="string_207" HPOS="1093" VPOS="2239" WIDTH="169" HEIGHT="46" WC="0.96" CONTENT="begärdes"/><SP WIDTH="29" VPOS="2239" HPOS="1262"/>
							<String ID="string_208" HPOS="1291" VPOS="2238" WIDTH="183" HEIGHT="47" WC="0.96" CONTENT="angående"/><SP WIDTH="29" VPOS="2238" HPOS="1474"/>
							<String ID="string_209" HPOS="1503" VPOS="2238" WIDTH="235" HEIGHT="47" WC="0.96" CONTENT="möjligheten"/><SP WIDTH="29" VPOS="2238" HPOS="1738"/>
							<String ID="string_210" HPOS="1767" VPOS="2239" WIDTH="38" HEIGHT="34" WC="0.96" CONTENT="af"/>
						</TextLine>
					</TextBlock>
					<TextBlock ID="block_8" HPOS="249" VPOS="2298" WIDTH="1506" HEIGHT="41">
						<TextLine ID="line_22" HPOS="249" VPOS="2298" WIDTH="1506" HEIGHT="41">
							<String ID="string_211" HPOS="249" VPOS="2299" WIDTH="75" HEIGHT="32" WC="0.88" CONTENT="DBih."/><SP WIDTH="28" VPOS="2299" HPOS="324"/>
							<String ID="string_212" HPOS="352" VPOS="2300" WIDTH="48" HEIGHT="31" WC="0.92" CONTENT="till"/><SP WIDTH="23" VPOS="2300" HPOS="400"/>
							<String ID="string_213" HPOS="423" VPOS="2299" WIDTH="111" HEIGHT="33" WC="0.90" CONTENT="Riksd."/><SP WIDTH="27" VPOS="2299" HPOS="534"/>
							<String ID="string_214" HPOS="561" VPOS="2299" WIDTH="85" HEIGHT="33" WC="0.93" CONTENT="Prot."/><SP WIDTH="27" VPOS="2299" HPOS="646"/>
							<String ID="string_215" HPOS="673" VPOS="2302" WIDTH="95" HEIGHT="29" WC="0.96" CONTENT="1903."/><SP WIDTH="29" VPOS="2302" HPOS="768"/>
							<String ID="string_216" HPOS="797" VPOS="2302" WIDTH="19" HEIGHT="29" WC="0.92" CONTENT="5"/><SP WIDTH="24" VPOS="2302" HPOS="816"/>
							<String ID="string_217" HPOS="840" VPOS="2298" WIDTH="99" HEIGHT="33" WC="0.86" CONTENT="Saml."/><SP WIDTH="26" VPOS="2298" HPOS="939"/>
							<String ID="string_218" HPOS="965" VPOS="2301" WIDTH="23" HEIGHT="29" WC="0.92" CONTENT="2"/><SP WIDTH="22" VPOS="2301" HPOS="988"/>
							<String ID="string_219" HPOS="1010" VPOS="2298" WIDTH="77" HEIGHT="40" WC="0.88" CONTENT="Afd."/><SP WIDTH="26" VPOS="2298" HPOS="1087"/>
							<String ID="string_220" HPOS="1113" VPOS="2301" WIDTH="22" HEIGHT="28" WC="0.93" CONTENT="2"/><SP WIDTH="22" VPOS="2301" HPOS="1135"/>
							<String ID="string_221" HPOS="1157" VPOS="2299" WIDTH="93" HEIGHT="39" WC="0.61" CONTENT="Iäft."/><SP WIDTH="27" VPOS="2299" HPOS="1250"/>
							<String ID="string_222" HPOS="1277" VPOS="2299" WIDTH="78" HEIGHT="39" WC="0.95" CONTENT="(N:o"/><SP WIDTH="24" VPOS="2299" HPOS="1355"/>
							<String ID="string_223" HPOS="1379" VPOS="2299" WIDTH="48" HEIGHT="40" WC="0.74" CONTENT="2.)"/><SP WIDTH="313" VPOS="2299" HPOS="1427"/>
							<String ID="string_224" HPOS="1740" VPOS="2301" WIDTH="15" HEIGHT="28" WC="0.93" CONTENT="1"/>
						</TextLine>
					</TextBlock>
				</ComposedBlock>
			</PrintSpace>
		</Page>
	</Layout>
</alto>
