2262 2644
731 212 242 43 Lagutskottets
1002 212 176 32 Utlåtande
1201 212 64 31 N:o
1287 213 52 30 53.
1752 212 36 31 11

240 303 248 50 kyrkoboken
528 302 138 37 funnes
710 313 61 24 om
813 300 112 37 oäkta
964 300 114 37 barns
1106 300 198 36 härkomst
1331 300 117 38 borde
1478 298 119 49 enligt
1625 299 206 37 utskottets

238 355 245 37 förmenande
524 359 94 43 göra
658 353 201 49 tillfyllest.
914 352 215 37 Utskottets
1170 352 12 36 i
1224 352 171 50 enlighet
1434 351 155 39 härmed
1618 351 214 50 uppgjorda

238 407 145 49 förslag
410 407 56 37 till
494 406 161 48 ändring
683 405 42 36 af
749 404 338 38 bestämmelserna
1114 405 12 36 i
1158 406 96 35 1866
1285 408 58 34 års
1364 403 224 48 förordning
1605 403 226 49 godkändes

239 460 63 36 vid
330 460 95 36 båda
454 459 46 36 de
529 456 257 51 nyssnämnda
813 457 248 49 riksdagarne
1091 457 40 36 af
1143 456 130 39 Andra
1292 458 229 37 Kammaren
1536 460 90 32 utan
1642 456 189 48 votering,

239 525 86 23 men
354 511 146 49 afslogs
530 511 40 36 af
593 510 136 36 Första
757 509 240 36 Kammaren.

341 562 149 38 Jemväl
530 562 253 48 lagutskottet
822 561 63 36 vid
930 562 97 35 1885
1069 564 59 33 års
1156 561 167 49 riksdag,
1353 575 80 23 som
1460 561 12 36 i
1501 559 116 49 öfrigt
1644 559 188 50 afstyrkte

240 616 131 49 hvarje
399 615 224 46 förändring
650 614 12 36 i
691 613 73 37 den
791 613 206 36 bestående
1027 613 303 49 lagstiftningen,
1359 614 89 36 fann
1478 611 290 50 tillämpningen
1795 613 41 36 af

243 669 97 36 1866
382 670 59 34 års
483 666 226 48 förordning
750 665 145 37 mindre
924 664 364 48 tillfredsställande,
1317 666 12 36 i
1358 666 64 36 det
1449 671 54 31 att
1531 663 74 36 den
1633 667 49 45 på
1708 664 124 49 grund

239 721 42 35 af
318 719 189 48 åtskilliga
534 718 263 37 förhållanden
824 717 83 37 icke
936 717 164 37 verkade
1130 720 51 39 så,
1212 731 81 23 som
1322 717 85 37 med
1437 717 221 37 densamma
1685 716 145 37 afsetts.

239 772 195 37 Utskottet
478 770 210 37 hemstälde
730 771 59 35 för
829 775 42 43 ty
903 769 57 36 till
993 769 218 49 Riksdagen
1240 775 55 32 att
1321 770 13 36 i
1362 769 200 37 skrifvelse
1591 767 161 49 anhålla,
1781 772 53 33 att

238 836 139 36 genom
420 822 161 37 cirkulär
621 822 70 37 hos
720 821 286 37 vederbörande
1035 822 244 49 presterskap
1309 825 114 33 måtte
1451 821 201 49 inskärpas
1681 820 152 49 angelä-

237 876 192 48 genheten
458 874 116 47 deraf,
604 879 55 31 att
686 873 288 49 ifrågavarande
1003 873 231 50 anteckning
1262 874 237 36 verkstäldes
1525 877 47 45 på
1592 872 134 37 sådant
1745 877 87 43 sätt,

239 933 55 31 att
322 928 73 36 den
422 926 234 37 innefattade
686 926 117 47 bevis,
834 930 54 31 att
917 925 164 49 qvinnan
1110 925 82 37 låtit
1221 926 185 37 anteckna
1433 926 133 36 barnet
1600 927 125 34 såsom
1754 924 76 37 sitt.

238 979 134 37 Denna
411 978 226 38 hemställan
672 977 83 38 blef
778 978 43 36 af
844 977 219 48 Riksdagen
1091 977 164 49 bifallen,
1286 978 72 37 och
1385 978 219 36 utfärdades
1634 976 160 37 cirkulär
1820 977 13 37 i

238 1036 126 32 ämnet
392 1031 73 36 den
495 1033 20 34 5
540 1030 84 50 juni
654 1031 109 36 1885.

342 1083 132 37 Såsom
502 1083 188 36 utskottet
718 1082 117 37 redan
863 1081 145 49 antydt,
1038 1094 111 24 anser
1176 1082 187 37 utskottet
1391 1081 209 38 emellertid
1618 1080 124 50 billigt
1762 1082 71 36 och

240 1136 160 47 rättvist,
430 1140 65 41 att,
524 1135 114 36 äfven
667 1148 61 23 om
756 1134 43 36 af
823 1147 47 23 en
899 1133 91 37 eller
1017 1147 123 23 annan
1169 1134 217 49 anledning,
1414 1139 24 31 t.
1468 1147 56 24 ex.
1551 1134 178 36 moderns
1758 1134 76 36 död

239 1187 62 37 vid
329 1187 270 46 barnsbörden,
629 1186 232 48 anteckning
888 1185 83 37 icke
1000 1187 137 35 kunnat
1164 1186 67 37 ske
1259 1186 12 36 i
1292 1186 74 37 den
1389 1186 162 49 ordning
1578 1186 177 49 gällande
1771 1186 64 48 lag

237 1239 259 45 föreskrifver,
526 1239 112 36 oäkta
666 1239 104 45 barn,
800 1251 60 23 om
888 1238 114 35 hvars
1031 1238 198 35 härkomst
1255 1238 84 36 icke
1367 1238 207 48 föreligger
1601 1241 117 45 något
1745 1238 87 36 tvif-

237 1291 73 46 vel,
352 1291 69 36 bör
461 1290 245 37 tillerkännas
749 1290 155 36 arfsrätt
941 1289 97 36 efter
1066 1289 58 36 sin
1152 1289 141 36 moder.
1348 1290 94 36 Lika
1470 1289 86 37 med
1583 1289 251 49 lagutskottet

237 1343 62 36 vid
330 1343 94 35 1881
456 1343 71 35 och
558 1343 97 35 1882
685 1344 110 33 årens
823 1341 198 47 riksdagar
1048 1341 121 36 finner
1197 1341 185 37 utskottet
1409 1341 12 36 i
1455 1341 134 37 sådant
1616 1342 233 36 hänseende
1831 1337 22 55 :

238 1409 47 22 en
314 1394 230 48 anteckning
571 1394 12 36 i
611 1394 262 48 kyrkoboken,
903 1393 111 36 äfven
1045 1406 60 23 om
1135 1392 73 37 den
1235 1393 83 37 icke
1347 1393 216 37 tillkommit
1591 1396 48 47 på
1654 1393 178 37 moderns

237 1446 311 47 föranstaltande,
576 1446 12 36 i
616 1445 206 37 allmänhet
850 1446 89 35 böra
969 1449 93 43 göra
1089 1444 200 49 tillfyllest,
1319 1458 86 24 men
1429 1445 143 50 jemväl
1589 1458 48 23 en
1655 1448 48 47 på
1722 1453 112 29 annat

239 1503 74 32 sätt
341 1499 232 48 åvägabragt
596 1497 179 50 juridiskt
802 1497 189 37 bindande
1021 1497 441 49 maternitetsbevisning
1489 1497 108 37 torde
1626 1497 82 37 icke
1740 1498 93 36 böra

238 1551 229 36 frånkännas
514 1550 196 36 enahanda
750 1550 153 36 verkan.
968 1549 138 48 Regler
1147 1549 91 37 böra
1280 1549 211 38 emellertid
1531 1549 127 49 gifvas
1699 1549 59 37 för
1786 1563 47 23 en

238 1602 102 49 dylik
368 1601 441 48 maternitetsbevisning
838 1602 70 36 och
937 1600 77 36 viss
1035 1601 53 36 tid
1110 1601 168 49 stadgas,
1298 1601 101 37 inom
1419 1601 153 37 hvilken
1590 1601 243 50 arfsanspråk

239 1657 58 33 må
325 1655 40 35 af
391 1654 112 36 oäkta
530 1654 94 36 barn
655 1653 227 36 framställas
911 1653 60 35 för
1000 1658 54 30 att
1082 1653 152 36 komma
1261 1653 119 37 under
1407 1653 225 37 beaktande.

341 1757 110 37 Hvad
494 1756 179 48 slutligen
710 1759 118 45 angår
855 1755 186 48 förslaget
1068 1760 54 31 att
1150 1755 112 49 vidga
1292 1756 195 49 omfånget
1514 1756 41 37 af
1580 1757 111 36 oäkta
1719 1756 113 37 barns

238 1809 165 47 arfsrätt,
446 1821 110 23 anser
596 1808 187 35 utskottet
820 1807 141 48 jemväl
1003 1807 208 37 detsamma
1240 1829 48 4 -—
1318 1808 85 36 med
1446 1809 112 36 ofvan
1601 1809 142 47 antydd
1779 1809 54 36 in-

238 1860 236 48 skränkning
501 1882 50 3 —
582 1859 155 48 förtjent
778 1860 40 35 af
856 1859 218 37 understöd.
1133 1858 89 37 Som
1265 1860 141 36 bekant
1441 1865 42 31 är
1511 1860 63 36 det
1602 1860 231 37 hufvudsak-

235 1914 103 47 ligen
366 1913 83 35 från
479 1917 56 31 tre
565 1911 249 49 synpunkter,
845 1911 72 36 den
947 1910 186 37 allmänna
1163 1911 201 47 moralens,
1394 1911 166 49 kyrkans
1583 1912 70 37 och
1676 1917 156 43 statens,

239 1978 80 22 som
361 1963 230 37 motståndet
633 1968 80 31 mot
755 1977 46 22 en
843 1962 104 49 dylik
989 1963 265 48 utsträckning
1295 1963 131 49 plägar
1467 1964 127 36 hemta
1636 1964 65 36 sitt
1735 1965 97 36 stöd.

239 2017 86 35 Man
366 2016 68 36 har
477 2014 153 37 sålunda
672 2015 155 46 fruktat,
869 2019 55 31 att
964 2014 130 49 hvarje
1137 2015 195 47 handling,
1369 2015 248 49 hvarigenom
1647 2016 46 35 de
1723 2017 111 36 oäkta

238 2068 112 35 födde
391 2068 12 35 i
443 2065 292 49 familjrättsligt
776 2066 217 35 hänseende
1035 2066 267 36 förblandades
1344 2067 85 36 med
1463 2068 86 35 äkta
1578 2067 104 46 barn,
1713 2068 119 36 skulle

236 2119 155 35 inverka
434 2118 175 35 störande
652 2121 48 44 på
741 2117 179 36 sedernas
961 2116 126 47 helgd,
1130 2121 55 31 att
1226 2117 271 47 familjelifvets
1540 2118 134 36 renhet
1712 2119 120 36 skulle

237 2170 151 46 fläckas,
433 2182 58 22 om
535 2169 153 35 frukten
730 2170 40 34 af
809 2183 43 21 en
891 2168 148 48 osedlig
1068 2168 233 37 förbindelse
1330 2183 123 22 vunne
1483 2170 236 47 rättigheter,
1750 2183 80 23 som

237 2222 109 48 eljest
386 2220 195 49 grundade
624 2220 60 48 sig
714 2220 159 35 allenast
901 2223 47 45 på
976 2220 63 36 det
1067 2220 41 36 af
1133 2220 251 49 äktenskapet
1412 2220 262 49 sedliggjorda
1702 2222 129 36 blods-

234 2273 151 47 bandet,
428 2272 66 36 och
527 2271 178 48 slutligen
742 2277 55 30 att
826 2271 225 36 skandalösa
1078 2276 244 44 rättegångar
1351 2272 119 36 skulle
1499 2273 111 35 deraf
1635 2273 117 36 blifva
1783 2287 47 22 en

231 2324 105 49 följd.
392 2325 87 36 Men
506 2346 50 5 —
585 2327 124 33 såsom
738 2337 46 23 en
813 2324 195 37 författare
1037 2323 10 36 i
1076 2328 127 32 ämnet
1231 2324 84 36 med
1347 2324 81 37 skäl
1457 2325 172 36 anmärkt
1662 2346 45 4 —
1739 2338 87 24 man
