1850 2762
520 147 286 31 Statsutskottets
826 147 179 31 utlåtande
1024 156 42 21 nr
1083 149 20 29 6
1121 148 40 30 år
1181 149 83 29 1965
1618 148 18 29 3

199 226 164 40 Anslaget
377 228 38 29 är
428 228 11 29 i
453 227 158 40 gällande
626 228 146 30 riksstat
787 228 143 40 uppfört
945 228 79 30 med
1038 228 41 30 38
1096 228 60 30 148
1170 228 63 29 000
1250 228 51 29 kr.

200 307 86 39 Väg-
309 307 64 29 och
398 308 469 39 vattenbyggnadsstyrelsen
892 308 64 29 har
980 307 189 40 föreslagit,
1195 310 50 27 att
1270 308 155 39 anslaget
1450 308 85 29 ökas
1560 307 77 30 med

152 361 19 29 6
185 360 63 30 008
263 360 62 30 000
346 360 51 30 kr.

197 468 393 39 Departementschefen
607 468 64 30 har
687 468 118 31 anfört
822 468 167 40 följande.

196 529 68 30 För
284 529 240 40 förstärkning
544 540 41 20 av
604 531 388 39 vägförvaltningarnas
1013 531 164 29 tekniska
1197 532 64 28 och
1282 531 281 30 administrativa
1582 540 58 20 en-

152 574 98 29 heter
272 573 159 30 förordar
451 574 59 39 jag
532 584 41 20 en
596 575 224 39 uppräkning
842 584 42 20 av
905 575 156 39 anslaget
1083 575 79 30 med
1184 575 63 29 250
1262 575 62 30 000
1347 575 51 29 kr.
1422 575 54 29 för
1497 576 143 29 anställ-

151 619 84 38 ning
252 628 43 20 av
313 618 152 39 tillfällig
484 619 172 39 personal.

198 662 193 39 Styrelsens
417 662 130 40 förslag
572 663 52 30 till
650 663 198 40 överföring
874 673 42 20 av
941 664 112 29 medel
1079 664 55 29 för
1159 664 164 39 avlöning
1348 673 43 20 av
1418 664 37 29 17
1483 664 156 29 obesatta

151 707 452 38 kontorsbiträdestjänster
627 707 19 30 å
669 708 263 39 övergångsstat
956 708 79 29 från
1057 708 301 39 ordinarieposten
1380 708 52 30 till
1456 708 182 30 icke-ordi-

152 751 223 39 narieposten
391 751 197 30 föranleder
603 752 103 39 ingen
721 753 141 29 erinran
879 752 79 30 från
974 753 73 29 min
1063 752 85 30 sida.

198 848 175 30 Utskottet
391 848 54 30 får
462 849 80 29 med
559 849 246 39 tillstyrkande
823 859 42 21 av
883 850 125 38 Kungl.
1028 850 123 39 Maj:ts
1170 850 131 39 förslag
1318 850 194 34 hemställa,

504 904 50 28 att
571 903 187 39 riksdagen
776 903 58 30 må

503 974 37 34 a)
566 974 186 39 godkänna
774 974 157 39 följande
952 974 255 39 avlöningsstat
1229 975 55 30 för
1304 974 334 40 vägförvaltningar-

460 1036 55 24 na,
532 1029 50 28 att
598 1027 177 39 tillämpas
791 1027 71 30 tills
878 1027 119 30 vidare
1013 1027 43 30 fr.
1070 1036 30 21 o.
1115 1037 45 20 m.
1177 1027 205 40 budgetåret
1401 1027 155 34 1965/66:

939 1125 264 39 Avlöningsstat

462 1187 27 29 1.
525 1187 213 39 Avlöningar
771 1187 52 30 till
857 1187 175 30 ordinarie
1065 1187 227 40 tjänstemän,
1326 1188 71 40 för-

523 1240 146 39 slagsvis
766 1268 2 2 .
1054 1268 2 2 .
1423 1241 38 30 10
1475 1241 61 30 081
1552 1241 64 30 000

458 1293 30 29 2.
524 1293 213 40 Avlöningar
761 1294 52 29 till
838 1293 268 31 icke-ordinarie
1129 1294 173 40 personal,
1326 1295 71 39 för-

523 1347 146 39 slagsvis
720 1374 70 2 —....
876 1374 68 2 STI
1054 1374 24 2 vind
1162 1374 2 2 2
1185 1343 47 48 Ding
1423 1347 37 30 17
1479 1347 57 30 294
1554 1347 61 30 000

458 1399 29 29 3.
524 1399 133 40 Rörligt
674 1400 130 39 tillägg,
822 1400 205 40 förslagsvis
1423 1400 37 30 15
1475 1401 63 29 376
1552 1401 62 29 000

1182 1471 143 30 Summa
1340 1471 52 29 kr.
1417 1471 41 29 42
1474 1471 59 29 751
1549 1471 79 35 000;

501 1560 38 34 b)
578 1559 53 30 till
670 1559 391 40 Vägförvaltningarna:
1096 1560 213 39 Avlöningar
1345 1560 54 29 för
1434 1560 202 39 budgetåret

461 1613 140 33 1965/66
617 1613 122 30 anvisa
754 1615 48 28 ett
818 1613 273 40 förslagsanslag
1107 1622 42 21 av
1164 1613 41 29 42
1222 1613 59 30 751
1297 1613 62 30 000
1377 1614 62 33 kr.,
1456 1614 106 29 därav
1579 1613 56 30 nio

457 1666 171 30 tiondelar
648 1668 50 28 att
716 1667 174 29 avräknas
910 1668 72 28 mot
1001 1666 458 30 automobilskattemedlen.

191 1772 76 33 4:0)
291 1772 386 36 Vägförvaltningarna:
700 1773 264 29 Omkostnader.
986 1774 11 27 I
1018 1773 149 37 enlighet
1186 1774 76 28 med
1283 1773 123 37 Kungl.
1427 1773 120 36 Maj:ts
1568 1773 69 29 för-

152 1825 73 39 slag
250 1826 128 38 (punkt
399 1825 80 34 B4.,
500 1836 25 18 s.
547 1826 39 28 26
607 1827 65 28 och
692 1826 73 34 27),
786 1836 73 19 som
881 1827 145 28 innebär
1045 1836 41 19 en
1106 1827 273 38 anslagsökning
1399 1827 78 28 med
1496 1826 62 29 405
1573 1826 62 29 000

149 1878 51 29 kr.
219 1878 54 29 för
290 1880 99 27 nästa
405 1879 178 37 budgetår,
601 1880 202 28 hemställer
820 1879 180 33 utskottet,

504 1933 50 27 att
580 1931 187 39 riksdagen
794 1931 58 30 må
878 1931 52 29 till
960 1931 390 39 Vägförvaltningarna:
1379 1931 258 30 Omkostnader

460 1984 54 29 för
530 1984 205 39 budgetåret
754 1984 140 32 1965/66
912 1984 121 30 anvisa
1050 1986 48 28 ett
1115 1984 273 40 förslagsanslag
1404 1994 43 20 av
1463 1985 19 29 6
1498 1985 60 29 766
1573 1985 63 30 000

460 2037 61 34 kr.,
544 2037 108 30 därav
673 2038 58 28 nio
755 2037 172 30 tiondelar
950 2039 49 28 att
1023 2037 173 30 avräknas
1219 2040 71 27 mot
1314 2038 323 30 automobilskatte-

458 2090 147 30 medlen.

193 2196 76 33 2:0)
292 2196 48 28 De
360 2196 113 28 lokala
493 2197 279 33 vägnämnderna
794 2206 42 19 m.
857 2206 42 18 m.
923 2197 9 27 I
954 2197 149 35 enlighet
1123 2197 77 28 med
1221 2197 123 36 Kungl.
1365 2197 120 36 Maj:ts
1507 2197 129 37 förslag

153 2248 130 38 (punkt
303 2248 79 34 B5.,
403 2258 25 19 s.
448 2248 40 29 27
510 2249 63 29 och
593 2248 74 34 28),
688 2258 74 19 som
783 2249 145 29 innebär
948 2258 40 20 en
1010 2248 213 30 oförändrad
1243 2249 317 39 medelsanvisning
1581 2250 54 29 för

147 2301 101 28 nästa
264 2300 178 38 budgetår,
460 2300 203 30 hemställer
679 2301 180 33 utskottet,

502 2355 50 28 att
572 2353 187 39 riksdagen
782 2354 56 29 må
860 2354 51 29 till
934 2355 49 28 De
1005 2354 114 30 lokala
1142 2354 282 39 vägnämnderna
1447 2363 43 21 m.
1514 2364 43 20 m.
1581 2355 54 30 för

457 2406 203 39 budgetåret
684 2406 140 33 1965/66
845 2407 121 29 anvisa
986 2409 48 27 ett
1056 2406 272 40 förslagsanslag
1348 2417 42 20 av
1410 2408 62 29 325
1487 2409 62 28 000
1571 2409 62 33 kr.,

457 2461 50 28 att
523 2459 173 30 avräknas
713 2462 72 27 mot
802 2460 458 30 automobilskattemedlen.
