1866 2790
280 152 18 28 4
558 153 405 41 Bevillningsutskottets
987 158 219 33 betänkande
1229 170 42 21 nr
1294 164 40 28 50
1356 163 40 30 år
1421 165 83 30 1963

281 242 90 30 resp.
391 235 40 30 20
447 235 61 31 000
527 236 132 32 kronor
677 238 51 31 till
748 239 197 32 fosterbarn
964 242 142 31 komma
1125 247 50 28 att
1195 246 121 39 utgöra
1336 247 63 30 690
1419 258 89 30 resp.
1528 249 18 30 2
1560 250 62 30 040
1643 251 140 31 kronor.

281 284 13 28 Il
315 285 111 30 likhet
446 287 79 29 med
545 289 65 28 vad
633 297 74 21 som
729 289 105 39 gäller
855 290 55 31 för
929 291 239 42 bröstarvinge
1191 296 64 29 och
1276 297 229 39 adoptivbarn
1526 300 63 30 bör
1609 301 173 40 därjämte

281 337 48 27 ett
349 336 126 40 belopp
496 337 90 30 intill
610 339 69 29 vad:
700 349 74 20 som
797 344 194 29 motsvaras
1014 353 42 20 av
1079 345 18 29 2
1113 344 62 31 000
1199 347 130 30 kronor
1353 348 54 30 för
1430 350 97 39 varje
1551 351 49 34 år,
1625 361 75 20 som
1724 354 56 29 vid

281 384 214 32 arvlåtarens
517 386 164 32 frånfälle
702 389 148 31 återstår
870 391 52 30 till
943 394 205 38 arvtagaren
1169 396 149 38 uppnått
1340 398 38 29 21
1402 398 57 31 års
1480 399 105 36 ålder,
1607 411 83 20 vara
1712 403 70 29 helt

280 433 76 31 fritt
382 434 81 31 från
487 437 185 31 arvsskatt.
698 440 49 29 De
772 440 244 33 förhållanden
1042 445 65 29 och
1131 445 186 32 relationer
1342 448 129 30 mellan
1496 450 287 33 fosterföräldrar

279 483 65 30 och
366 484 206 40 fosterbarn,
596 497 75 21 som
693 490 187 31 motiverar
902 502 41 20 en
965 493 150 41 ändring
1136 496 11 28 i
1170 496 306 43 arvsbeskattning
1497 509 42 21 av
1560 503 223 30 testaments-

279 534 64 29 lott
359 536 53 29 till
431 536 206 38 fosterbarn,
657 540 106 38 gäller
781 541 72 30 ofta
871 543 106 30 också
994 543 243 41 fostersyskon
1255 549 158 30 emellan.
1433 550 13 28 I
1464 550 221 33 konsekvens
1703 554 78 29 här-

278 586 79 28 med
381 585 63 31 bör
468 588 271 32 testamentslott
764 591 51 30 till
841 591 235 33 fosterbroder
1101 596 84 30 eller
1209 596 223 41 fostersyster
1458 601 10 29 i
1494 601 285 33 skatteavseende

278 633 191 32 behandlas
493 638 44 38 på
561 646 137 23 samma
723 641 67 29 sätt
814 650 74 21 som
914 644 272 32 testamentslott
1211 647 51 30 till
1287 648 208 33 fosterbarn.
1521 647 258 50 Motionärerna

279 684 161 32 förordar
468 687 131 32 således
628 692 51 28 att
706 691 271 32 testamentslott
1003 695 53 30 till
1084 696 95 31 såväl
1208 698 197 31 fosterbarn
1434 710 74 20 som
1537 702 242 41 fostersyskon

277 734 178 32 beskattas
474 737 106 40 enligt
600 740 361 33 arvsskattetariffens
980 745 95 30 klass
1096 746 41 30 I.

321 809 80 31 Som
423 812 208 42 motivering
652 815 55 30 för
726 816 172 38 yrkandet
918 820 11 28 i
949 820 178 31 motionen
1149 823 47 29 Il:
1212 824 60 29 431
1296 825 140 31 anföres
1458 826 167 40 följande.
1648 829 131 31 Önske-

276 859 69 29 mål
367 869 58 22 om
446 872 41 20 en
508 863 148 41 översyn
678 875 42 20 av
740 866 309 34 bestämmelserna
1070 871 149 32 rörande
1242 875 350 42 arvsbeskattningen
1615 879 164 31 framför-

276 909 59 30 des
352 912 110 29 redan
479 914 10 29 i
508 914 169 31 samband
695 918 79 28 med
792 917 310 41 riksdagsbeslutet
1121 932 57 20 om
1195 933 48 20 nu
1261 925 159 38 gällande
1439 928 339 42 arvsbeskattnings-

276 960 119 38 regler.
418 962 58 30 Ett
497 963 218 33 omfattande
737 966 356 43 lagstiftningsarbete
1116 973 44 38 på
1182 973 214 33 civilrättens
1419 978 141 30 område
1583 980 64 29 har
1671 982 105 28 sedan

275 1009 79 30 dess
375 1011 192 40 försiggått.
589 1014 260 34 Motionärerna
869 1029 101 21 anser
990 1020 95 31 tiden
1106 1032 49 20 nu
1176 1023 81 31 inne
1278 1025 55 30 för
1352 1036 42 20 en
1415 1028 131 41 verklig
1567 1030 148 39 översyn
1737 1042 40 19 av

275 1060 360 43 arvsbeskattningen.
654 1066 111 31 Bland
783 1069 41 29 de
844 1070 217 39 synpunkter
1081 1082 75 20 som
1174 1074 63 30 bör
1254 1075 143 32 beaktas
1416 1078 57 30 vid
1492 1088 42 20 en
1554 1080 109 30 sådan
1683 1082 94 30 över-

275 1118 63 30 syn
354 1111 145 31 betonas
515 1115 142 29 särskilt
673 1117 367 43 arvsbeskattningens
1057 1123 169 31 inverkan
1243 1126 44 38 på
1303 1127 348 43 kapitalbildningen,
1671 1131 105 30 fram-

275 1160 54 30 för
354 1162 62 29 allt
442 1162 178 33 bildandet
646 1167 66 29 och
736 1167 338 36 vidmakthållandet
1103 1182 42 21 av
1170 1175 185 41 riskvilligt
1383 1178 132 39 kapital
1542 1180 10 29 i
1581 1182 40 28 de
1649 1182 127 40 många

274 1211 265 40 egenföretagen
560 1215 10 29 i
593 1215 76 31 vårt
691 1217 92 31 land.
806 1220 48 29 De
876 1219 90 41 höga
987 1222 215 32 arvsskatter
1225 1235 74 20 som
1322 1227 55 30 för
1398 1229 218 32 närvarande
1640 1234 135 38 uttages

274 1260 233 40 undergräver
532 1265 106 40 enligt
663 1267 278 34 motionärernas
966 1272 143 41 mening
1133 1275 285 41 egenföretagens
1444 1278 157 42 förmåga
1628 1284 50 28 att
1704 1284 71 29 vid-

272 1310 194 32 makthålla
489 1316 48 27 ett
559 1314 230 34 riskbärande
812 1318 143 40 kapital,
979 1322 52 30 till
1054 1322 142 42 förfång
1220 1326 53 29 för
1297 1328 56 29 det
1377 1328 231 33 ekonomiska
1631 1332 144 30 framåt-

273 1359 203 33 skridandet
498 1366 64 29 och
583 1367 324 41 sysselsättningen.
927 1371 522 44 Konsolideringssträvandena
1472 1381 225 40 undergrävs,
1720 1393 56 20 ex-

271 1411 440 42 pansionsmöjligheterna
734 1417 197 33 försvinner
954 1423 64 29 och
1041 1424 367 34 konkurrenskraften
1433 1430 190 41 försvagas.
1648 1434 64 29 Det
1736 1435 40 28 är

271 1460 121 31 därför
407 1464 212 42 nödvändigt
636 1469 51 28 att
703 1469 46 29 nå
764 1469 93 31 fram
873 1472 52 30 till
941 1482 42 20 en
1000 1483 74 20 mer
1089 1475 278 43 ändamålsenlig
1383 1480 220 42 utformning
1620 1493 43 20 av
1680 1493 94 21 arvs-

271 1510 277 43 beskattningen.

928 1661 179 34 Utskottet

311 1748 137 41 Frågan
476 1761 54 20 om
558 1755 369 43 arvsbeskattningens
954 1761 86 40 höjd
1068 1766 92 27 samt
1187 1766 237 41 avvägningen
1452 1779 41 19 av
1520 1770 251 42 skatteuttaget

267 1799 129 31 mellan
421 1802 93 30 olika
538 1803 196 41 kategorier
760 1808 256 43 skattskyldiga
1040 1814 170 38 prövades
1237 1820 116 27 senast
1379 1828 42 20 av
1448 1819 82 31 1958
1556 1821 56 30 års
1639 1823 132 30 B-riks-

266 1849 66 40 dag
350 1851 13 29 i
383 1852 169 32 samband
573 1857 80 29 med
674 1857 248 34 avskaffandet
943 1872 42 19 av
1003 1862 445 44 kvarlåtenskapsskatten.
1470 1871 75 29 Den
1565 1872 45 30 då
1631 1880 140 32 genom-

266 1899 101 32 förda
390 1902 176 32 reformen
588 1905 148 32 innebar
759 1911 50 28 att
832 1912 220 31 arvsskatten
1075 1914 126 41 höjdes
1224 1919 79 28 med
1327 1918 126 32 sådant
1476 1921 134 40 belopp,
1636 1925 50 27 att
1710 1925 60 29 nå-

266 1953 55 35 got
348 1953 166 40 egentligt
541 1955 257 35 skattebortfall
827 1961 71 30 inte
926 1963 112 31 skulle
1065 1966 218 39 uppkomma
1310 1977 124 31 genom
1462 1971 307 43 kvarlåtenskaps-

265 2000 153 34 skattens
438 2005 239 36 upphävande.
697 2010 13 28 I
732 2010 87 36 syfte
840 2014 49 28 att
908 2012 180 38 tillgodose
1109 2016 234 33 efterlevande
1363 2021 121 30 makes
1506 2023 65 29 och
1590 2023 107 30 barns
1718 2026 51 28 in-

264 2052 134 31 tressen
414 2055 124 39 höjdes
556 2057 122 31 därvid
695 2059 301 43 bottenbeloppen.
1013 2065 282 42 Lagstiftningen
1311 2070 146 30 innebar
1473 2072 87 30 även
1578 2083 43 20 en
1638 2075 131 30 omför-

263 2101 141 42 delning
427 2113 42 21 av
491 2105 357 45 skattebelastningen
872 2113 51 30 till
947 2113 139 32 förmån
1109 2116 55 30 för
1187 2118 389 43 flerbarnsfamiljerna.
1601 2125 48 29 På
1672 2125 95 30 hem-

263 2152 126 31 ställan
413 2164 42 20 av
475 2155 380 42 bevillningsutskottet
876 2164 11 28 i
907 2163 221 34 betänkande
1150 2177 43 21 nr
1214 2170 26 28 B
1265 2170 38 30 10
1326 2171 117 30 anhöll
1465 2173 189 40 riksdagen
1677 2185 89 21 sam-

262 2202 100 40 tidigt
380 2205 11 29 i
411 2205 166 32 skrivelse
595 2208 52 30 till
666 2209 126 41 Kungl.
812 2212 105 40 Maj:t
936 2223 56 21 om
1010 2225 43 20 en
1072 2216 139 42 allsidig
1229 2220 146 40 översyn
1395 2232 42 20 av
1455 2223 312 34 bestämmelserna

262 2253 149 32 rörande
433 2257 360 43 arvsbeskattningen.

305 2303 177 34 Utskottet
501 2306 194 34 behandlar
714 2311 52 31 till
786 2322 42 21 en
848 2313 126 41 början
994 2316 174 39 yrkandet
1187 2320 12 30 i
1219 2321 178 31 motionen
1419 2323 44 29 II:
1477 2324 60 30 431
1563 2335 57 20 om
1641 2336 42 20 en
1706 2328 59 29 all-

262 2353 87 41 sidig
375 2357 188 41 utredning
587 2360 151 31 rörande
766 2363 349 44 arvsbeskattningen
1143 2371 79 29 med
1250 2372 142 30 särskilt
1419 2374 195 32 beaktande
1642 2387 42 19 av
1710 2378 56 29 be-

260 2403 245 42 skattningens
530 2409 170 31 inverkan
725 2413 44 38 på
794 2413 350 44 kapitalbildningen.
1172 2420 80 30 Som
1278 2423 207 41 motivering
1511 2426 55 29 för
1591 2428 173 38 yrkandet

260 2454 61 29 har
340 2455 45 31 bl.
405 2466 29 22 a.
454 2458 135 31 anförts
610 2463 50 27 att
679 2461 65 31 den
764 2462 89 41 höga
873 2466 220 32 arvsskatten
1113 2469 178 32 försvårar
1309 2472 178 32 bildandet
1507 2477 65 28 och
1590 2478 175 29 vidmakt-
