2269 2675
442 163 19 31 6
958 162 238 42 Lagutskottets
1220 163 165 33 utlåtande
1407 163 54 33 Nr
1484 164 53 32 27.

546 256 84 36 Den
669 255 41 36 af
734 256 125 36 herrar
887 256 215 46 Ingvarsson
1131 257 66 36 och
1229 257 180 36 Thorsson
1437 256 131 37 väckta
1597 256 136 38 motion
1760 270 44 23 nr
1836 259 73 35 155
1940 263 39 31 är
2005 258 41 36 af

439 310 158 50 följande
625 311 152 48 lydelse:

552 366 39 36 »I
624 366 127 48 kungl.
795 366 259 49 förordningen
1083 367 40 36 af
1148 368 70 35 den
1249 370 19 33 9
1296 366 83 50 juni
1411 369 99 34 1905
1542 368 186 47 angående
1758 367 217 50 försäljning
2003 368 41 36 af

438 421 218 36 alkoholfria
697 421 156 48 drycker
895 425 92 33 samt
1015 421 215 48 svagdricka
1257 422 118 36 finnes
1403 422 13 35 i
1447 424 47 34 10
1524 422 33 46 8,
1589 425 23 32 4
1643 435 104 23 mom.
1779 423 177 48 stadgadt,
1987 426 54 33 att

437 488 56 24 om
522 475 240 38 innehafvare
791 476 40 36 af
856 476 103 48 dylik
987 476 462 49 utskänkningsrättighet,
1480 476 12 36 i
1521 476 95 37 strid
1644 478 82 35 med
1755 477 166 47 gällande
1950 478 90 36 före-

436 530 163 46 skrifter,
631 531 135 36 tillåter
794 534 54 34 att
875 531 193 46 brännvin,
1098 531 63 37 vin
1191 532 88 35 eller
1309 532 34 36 öl
1372 532 152 36 förtäres
1553 531 14 36 1
1594 532 57 36 för
1669 532 301 48 utskänkningen
1989 533 50 36 af-

437 586 114 35 sedda
578 586 148 45 lokaler,
757 586 82 36 böte
867 587 74 34 han
970 586 82 36 från
1080 587 67 36 och
1175 587 82 35 med
1286 586 72 36 fem
1387 586 55 37 till
1471 586 66 36 och
1565 587 82 35 med
1674 586 124 36 trettio
1827 587 143 36 kronor.

544 640 284 48 Verkningarna
869 641 40 36 af
935 642 118 35 denna
1081 641 250 36 bestämmelse
1360 642 47 35 ha
1436 641 200 36 emellertid
1664 640 81 37 icke
1774 641 94 37 varit
1896 642 144 36 odeladt

437 695 251 45 tördelaktiga.
761 695 122 35 Oftast
924 697 103 33 torde
1070 696 61 34 det
1172 708 85 22 vara
1298 695 472 46 rättighetsinnehafvaren,
1801 707 75 23 som
1912 695 122 35 »låtit»

436 746 136 38 förtära
591 747 182 37 brännvin
802 748 86 37 eller
917 748 129 49 dylikt,
1078 749 67 36 och
1174 747 186 50 påföljden
1388 748 72 37 blir
1488 749 45 35 då
1561 748 112 37 böter.
1731 749 87 35 Men
1847 749 76 36 ofta
1938 748 101 37 inne-

436 802 127 36 hafvas
606 803 125 47 dylika
773 804 353 46 nykterhetskaféer,
1167 815 75 24 som
1284 805 44 33 de
1356 804 13 35 i
1398 804 138 47 dagligt
1564 805 51 34 tal
1642 804 127 43 kallas,
1801 803 40 35 af
1866 804 171 45 kvinnor,

435 857 67 34 och
531 862 101 30 ännu
661 857 114 36 oftare
804 863 39 30 är
872 857 235 49 betjäningen
1136 857 179 47 kvinnlig.
1374 859 69 35 För
1472 859 81 34 dem
1583 858 98 36 visar
1709 858 61 35 det
1798 857 57 48 sig
1883 860 157 46 mången

435 913 97 45 gång
560 911 173 49 omöjligt,
765 912 244 48 synnerligast
1037 913 65 35 där
1129 911 82 37 icke
1240 912 91 47 polis
1363 913 117 35 finnes
1509 912 13 35 1
1550 913 188 44 närheten,
1769 915 53 33 att
1850 912 190 36 förhindra

434 969 171 43 gästerna
633 966 134 36 förtära
798 967 124 35 starka
952 967 165 48 drycker.
1174 967 88 35 Men
1290 968 138 45 påtalas
1458 967 113 35 saken
1600 967 147 35 straffas
1776 966 263 38 innehafvaren

435 1020 67 36 och
530 1020 82 36 icke
640 1023 178 45 gästerna.

545 1075 400 47 Nykterhetskaféerna
988 1076 13 35 i
1030 1079 80 32 vårt
1137 1076 86 35 land
1252 1077 47 34 ha
1327 1077 115 35 under
1471 1077 60 34 det
1560 1080 143 31 senaste
1734 1076 181 36 årtiondet
1943 1077 96 35 visat

439 1141 46 23 en
527 1129 192 48 glädjande
762 1130 137 48 ökning
941 1130 13 36 i
997 1131 107 44 antal,
1141 1131 128 34 medan
1300 1130 199 48 krogarnas
1528 1135 169 31 numerär
1725 1130 188 48 samtidigt
1941 1131 98 48 sjun-

438 1183 67 44 kit,
550 1186 51 33 ett
630 1184 224 35 förhållande
883 1197 73 23 som
987 1184 271 47 otvifvelaktigt
1286 1190 40 29 är
1355 1184 239 48 synnerligen
1622 1184 204 48 glädjande.
1884 1186 87 34 Men
1995 1185 44 48 ju

437 1238 126 47 längre
605 1237 259 49 utvecklingen
906 1238 132 36 hinner
1079 1241 46 45 på
1168 1239 100 35 detta
1310 1240 155 43 område,
1492 1238 42 49 ju
1563 1238 173 37 talrikare
1765 1251 107 35 synas
1902 1240 44 35 de
1975 1239 64 36 fall

438 1291 61 45 bli,
545 1293 45 34 då
632 1293 44 34 de
715 1293 104 35 forna
847 1293 263 47 kroggästerna
1139 1293 88 35 söka
1255 1305 74 35 upp
1359 1293 404 48 nykterhetskaféerna,
1795 1293 66 36 och
1890 1293 149 36 tillsam-

438 1358 101 24 mans
581 1347 81 35 med
704 1347 98 35 kaffe
831 1347 85 35 eller
944 1349 112 34 andra
1085 1347 215 35 alkoholfria
1329 1348 155 46 drycker
1513 1347 137 35 förtära
1676 1348 199 35 innehållet
1903 1348 13 34 i
1944 1349 95 34 med-

437 1400 111 35 hafda
589 1400 213 36 brännvins-
844 1402 87 34 eller
973 1402 179 35 ölflaskor.
1208 1401 175 48 Möjligen
1426 1402 74 35 kan
1542 1404 52 33 ett
1623 1401 117 48 dylikt
1769 1401 270 47 förfaringssätt

438 1454 142 36 straffas
622 1454 115 48 enligt
766 1455 229 47 strafflagens
1025 1456 249 35 bestämmelse
1303 1468 55 23 om
1395 1459 75 32 »att
1498 1456 144 35 komma
1670 1456 196 46 förargelse
1895 1457 140 43 åstad>,

437 1521 83 22 men
562 1509 45 35 då
649 1510 118 34 denna
810 1509 237 48 formulering
1090 1510 55 36 för
1186 1510 66 35 här
1294 1510 149 35 afsedda
1477 1510 65 35 fall
1568 1510 68 35 lätt
1663 1522 64 35 ger
1755 1509 197 48 anledning
1980 1510 58 36 till

436 1562 98 35 olika
562 1563 181 47 tolkning,
774 1564 103 34 torde
907 1563 180 48 tydligare
1116 1564 270 35 bestämmelser
1414 1576 86 23 vara
1529 1563 247 47 erforderliga.

542 1616 401 49 Nykterhetskaféerna
971 1618 46 35 ha
1041 1617 43 49 ju
1112 1617 212 37 tillkommit
1351 1620 161 34 närmast
1540 1618 56 36 för
1615 1620 53 34 att
1688 1618 70 35 den
1776 1617 137 48 nyktra
1932 1618 106 35 delen

435 1671 40 35 af
499 1673 81 34 vårt
607 1671 105 36 lands
740 1671 174 36 invånare
951 1672 101 36 skola
1080 1672 126 36 kunna
1234 1673 99 34 finna
1363 1672 186 48 offentliga
1577 1672 291 47 närimgsställen,
1900 1672 64 35 där
1993 1673 44 34 de

433 1725 106 47 lugnt
580 1726 67 35 och
689 1727 138 34 ostördt
868 1726 126 35 kunna
1035 1726 125 47 intaga
1204 1726 283 47 förfriskningar
1529 1726 86 35 eller
1649 1726 187 47 tillbringa
1865 1739 45 22 en
1937 1726 101 47 ledig

434 1780 121 44 stund,
586 1792 83 23 men
698 1780 70 35 den
796 1780 146 35 trefnad
971 1781 44 35 de
1044 1780 103 49 eljest
1176 1780 123 36 kunde
1328 1781 58 44 ha,
1419 1781 171 35 förstöres
1618 1793 51 23 nu
1699 1780 75 36 ofta
1802 1780 40 36 af
1867 1792 171 35 personer

434 1845 75 24 som
553 1834 88 35 söka
682 1846 75 35 upp
801 1835 103 35 dessa
945 1835 138 35 lokaler
1125 1835 56 36 för
1223 1838 52 33 att
1318 1835 135 36 förtära
1496 1835 101 47 sprit,
1635 1834 154 37 hvarvid
1817 1834 220 47 oordningar

434 1890 155 44 mången
617 1890 96 45 gång
740 1891 145 44 uppstå.

540 1942 19 35 I
587 1955 45 23 en
675 1954 120 23 annan
833 1942 136 36 motion
997 1943 67 35 har
1093 1942 214 48 föreslagits,
1339 1946 54 33 att
1421 1942 212 48 Riksdagen
1661 1942 84 37 ville
1774 1942 141 36 besluta
1943 1945 53 33 att
2023 1942 13 35 i

433 1996 126 47 kungl.
600 1996 260 48 förordningen
889 1997 40 35 af
956 1998 70 34 den
1057 2000 19 32 9
1104 1997 83 48 juni
1219 2000 99 32 1905
1349 1998 187 46 angående
1565 1997 217 48 försäljning
1811 1997 40 35 af
1876 1997 64 35 vin
1969 1997 66 35 och

433 2050 33 35 öl
495 2049 119 36 införa
642 2050 132 36 förbud
803 2053 53 33 att
885 2053 19 33 å
934 2051 440 47 ölutskänkningsställen
1402 2051 135 36 förtära
1566 2050 192 36 brännvin.

539 2104 50 35 Vi
631 2104 188 36 hemställa
860 2117 51 23 nu
954 2108 53 32 att
1048 2105 214 47 Riksdagen
1300 2105 86 36 ville
1415 2106 13 34 i
1457 2105 192 36 skrifvelse
1677 2104 56 36 till
1761 2105 137 47 Kungl.
1928 2104 107 48 Maj:t

433 2158 142 35 anhålla
616 2171 56 22 om
719 2159 198 47 utredning
945 2160 186 46 angående
1159 2159 172 47 lämpliga
1360 2160 167 46 åtgärder
1555 2161 73 33 mot
1658 2160 43 34 de
1730 2171 184 34 personer,
1946 2170 86 32 som,

432 2214 90 34 trots
565 2212 144 45 förbud,
754 2215 19 33 å
815 2213 343 47 nykterhetskaféer
1200 2213 135 36 förtära
1368 2213 260 47 spritdrycker,
1660 2213 87 35 eller
1776 2215 21 33 å
1825 2213 209 35 ölutskänk-

432 2266 239 47 ningsställen
701 2266 134 36 förtära
863 2267 193 44 brännvin,
1088 2270 92 32 samt
1208 2267 56 36 till
1291 2266 212 49 Riksdagen
1531 2266 186 36 inkomma
1742 2267 92 43 med,
1857 2267 40 35 af
1912 2267 120 35 utred-

432 2320 136 47 ningen
596 2321 221 44 föranledda,
849 2321 135 47 förslag
1013 2322 189 46 angående
1232 2321 156 47 ändring
1415 2321 12 35 i
1457 2321 244 46 strafflagen.»
