1876 2837
273 162 19 30 2
570 162 405 41 Bevillningsutskottets
990 167 218 31 betänkande
1222 178 43 20 nr
1278 170 42 30 30
1334 170 39 31 år
1389 171 83 31 1969

721 304 197 45 Frågornas
934 306 147 44 tidigare
1097 307 215 46 behandling

275 387 253 37 Gruppbyggda
542 390 142 30 småhus

320 459 13 29 I
360 459 66 30 den
451 461 197 41 utredning,
677 472 74 21 som
777 463 56 40 låg
857 464 53 30 till
936 466 113 39 grund
1075 466 54 30 för
1156 476 48 21 nu
1231 469 158 39 gällande
1416 470 261 31 bestämmelser
1705 481 55 21 om

275 513 244 40 stämpelskatt
547 515 101 35 (SOU
673 516 188 37 1961:37),
885 519 170 41 föreslogs
1077 523 50 28 att
1151 522 305 41 stämpelavgiften
1479 524 53 30 för
1556 524 140 31 förvärv
1719 536 42 20 av

274 568 178 38 egnahem,
481 578 74 21 som
582 570 228 39 producerats
839 580 123 32 genom
991 574 72 30 s.k.
1092 576 326 40 gruppbebyggelse,
1448 578 111 30 skulle
1586 579 174 31 beräknas

274 622 122 30 endast
416 623 44 39 på
480 624 234 30 markvärdet.
736 626 58 29 Ett
815 627 94 29 antal
929 628 235 41 remissorgan
1184 630 191 40 tillstyrkte
1394 632 11 29 i
1425 632 136 41 princip
1583 633 176 41 förslaget.

273 675 14 29 I
309 675 176 41 åtskilliga
505 678 189 39 yttranden
717 680 164 31 anfördes
904 682 89 30 dock
1014 682 277 41 betänkligheter
1314 685 65 30 och
1400 686 11 29 i
1433 686 109 40 några
1564 688 196 39 avstyrktes

272 729 167 41 förslaget
452 731 81 30 helt.

317 784 13 28 I
344 793 97 31 prop.
459 784 99 31 1964:
576 786 38 30 75
631 786 146 32 anförde
792 788 384 40 departementschefen
1190 792 44 30 bl.
1250 802 28 21 a.
1294 793 157 40 följande
1471 794 42 35 (s.
1531 795 99 34 141):

317 846 121 31 Såsom
461 848 155 39 framgår
638 859 42 20 av
700 852 292 35 remisskritiken,
1015 854 97 30 torde
1135 855 56 29 det
1214 856 174 39 knappast
1411 866 83 21 vara
1516 858 138 39 möjligt
1676 861 50 27 att
1747 859 12 29 i

271 889 303 42 författningstext
594 893 245 31 åstadkomma
858 905 42 20 en
920 897 11 29 i
949 897 187 39 praktiken
1156 900 202 29 användbar
1379 902 278 39 gränsdragning
1676 903 83 29 mel-

270 935 59 30 lan
356 937 317 40 gruppbebyggelse
700 940 65 29 och
792 949 117 21 annan
937 942 403 42 egnahemsbebyggelse.
1369 945 325 41 Gruppbebyggelse
1721 948 37 29 är

271 981 176 39 nämligen
466 982 72 30 inte
557 983 106 39 något
683 985 155 39 entydigt
858 986 160 40 begrepp.
1038 987 52 30 Av
1109 989 337 39 remissyttrandena
1466 991 155 40 framgår
1643 992 116 30 sålun-

272 1025 43 30 da
334 1026 92 30 klart
446 1028 50 28 att
515 1027 56 30 det
591 1028 198 41 föreslagna
809 1030 206 40 stadgandet
1034 1032 110 31 måste
1164 1034 202 39 preciseras,
1386 1044 57 21 om
1463 1035 56 30 det
1539 1037 80 29 över
1637 1037 121 30 huvud

272 1070 88 30 skall
384 1071 121 31 kunna
528 1073 177 40 tillämpas
729 1084 42 20 av
793 1075 421 42 inskrivningsdomarna.
1238 1079 75 30 Den
1336 1080 111 30 första
1471 1080 124 41 frågan
1619 1082 48 34 är,
1691 1082 67 30 hur

270 1116 127 40 många
416 1117 199 40 byggnader
638 1128 74 21 som
736 1120 88 30 skall
846 1122 170 39 uppföras
1038 1123 54 29 för
1114 1125 51 28 att
1184 1134 84 20 man
1290 1126 88 29 skall
1401 1126 122 30 kunna
1544 1128 71 28 tala
1637 1137 56 20 om
1716 1137 41 20 en

270 1161 327 40 gruppbebyggelse.
618 1164 126 30 Vidare
766 1165 37 29 är
823 1166 57 30 det
901 1167 114 29 oklart
1034 1167 66 30 vad
1122 1177 74 21 som
1217 1178 120 21 menas
1358 1170 80 29 med
1459 1172 50 28 att
1529 1171 228 40 bebyggelsen

272 1206 90 30 skett
382 1207 12 29 i
414 1209 48 27 ett
482 1208 265 40 sammanhang.
769 1209 214 32 Oklarheten
1003 1212 11 30 i
1035 1212 93 31 detta
1147 1212 201 32 hänseende
1367 1215 107 39 gäller
1495 1215 94 31 såväl
1609 1216 149 31 tidsfak-

270 1252 79 28 torn
369 1260 74 21 som
462 1252 40 29 de
521 1253 221 39 geografiska
760 1254 277 32 förhållandena.
1069 1248 26 50 —
1114 1276 45 3 —
1594 1279 164 4 ——

314 1296 53 30 En
386 1297 213 40 precisering
617 1298 45 40 på
682 1300 40 29 de
743 1310 48 20 nu
811 1301 122 30 oklara
951 1303 201 38 punkterna
1172 1304 112 30 skulle
1305 1305 178 30 sannolikt
1503 1306 77 30 leda
1598 1306 52 30 till
1670 1308 87 29 rela-

269 1340 63 30 tivt
358 1342 108 29 snäva
490 1343 65 29 och
581 1344 179 39 samtidigt
787 1345 283 41 svårtillämpade
1094 1348 273 31 bestämmelser.
1394 1350 98 29 Ändå
1519 1351 111 29 skulle
1656 1352 102 29 dessa

269 1385 175 40 knappast
460 1386 122 31 kunna
599 1388 100 39 sägas
717 1388 85 40 fylla
818 1390 138 39 rimliga
973 1391 87 29 krav
1075 1391 45 40 på
1135 1393 147 29 rättvisa
1298 1394 129 29 mellan
1444 1394 93 30 olika
1555 1395 201 39 egnahems-

269 1430 210 31 förvärvare.
501 1432 72 29 Mot
595 1441 42 20 en
657 1434 92 38 regel
771 1443 56 20 om
851 1435 268 40 skattelindring
1141 1436 54 30 för
1217 1438 168 38 egnahem
1407 1439 11 28 i
1440 1439 316 40 gruppbebyggelse

268 1475 71 29 kan
362 1475 55 30 för
441 1476 111 39 övrigt
575 1478 80 29 med
680 1477 58 40 fog
761 1479 111 30 riktas
895 1489 74 20 mer
994 1481 178 29 allmänna
1196 1483 275 39 anmärkningar
1494 1484 81 31 från
1599 1485 158 30 rättvise-

269 1521 189 38 synpunkt.
485 1521 154 31 Sålunda
662 1522 64 29 har
751 1532 43 21 en
819 1524 391 38 egnahemsförvärvare
1234 1527 192 39 långtifrån
1451 1528 99 30 alltid
1573 1529 183 39 möjlighet

268 1566 50 27 att
339 1564 77 30 fritt
437 1565 93 40 välja
550 1567 129 29 mellan
702 1568 316 40 gruppbebyggelse
1040 1570 65 29 och
1127 1579 117 21 annan
1265 1571 92 30 form
1379 1581 41 20 av
1442 1573 314 41 egnahemsbebyg-

269 1609 100 39 gelse.
394 1609 93 30 även
511 1620 42 19 av
575 1611 110 30 andra
709 1612 74 29 skäl
806 1613 71 29 kan
900 1613 57 30 det
979 1623 101 21 anses
1102 1615 219 40 tvivelaktigt
1343 1625 57 21 om
1425 1617 76 34 den,
1526 1627 74 20 som
1624 1618 132 30 förvär-

268 1663 60 20 var
346 1656 47 28 ett
411 1655 168 39 egnahem
596 1656 53 30 till
666 1657 95 39 lägre
776 1657 72 40 pris
865 1659 81 29 tack
962 1668 81 21 vare
1060 1660 497 40 gruppbebyggelsetekniken,
1577 1663 178 30 dessutom

269 1699 89 29 skall
383 1707 133 32 gynnas
541 1708 124 32 genom
689 1702 107 30 frihet
821 1702 80 30 från
924 1713 44 20 en
993 1704 103 34 skatt,
1122 1714 74 21 som
1220 1706 111 30 måste
1355 1707 157 39 erläggas
1538 1717 41 20 av
1604 1708 66 30 den
1694 1709 61 29 vil-

267 1744 68 29 ken
358 1744 54 30 får
434 1745 115 30 betala
571 1755 43 20 en
635 1746 106 40 högre
764 1747 234 41 köpeskilling
1022 1749 54 29 för
1099 1758 116 21 annan
1238 1750 83 30 villa
1344 1751 11 29 i
1379 1760 134 21 samma
1536 1753 131 29 storlek
1690 1753 65 30 och

267 1798 42 20 av
324 1798 134 21 samma
473 1790 177 30 standard.

311 1834 146 30 Tanken
477 1836 49 28 att
545 1844 83 22 man
648 1836 80 29 över
747 1836 121 30 huvud
888 1838 89 29 skall
994 1838 116 30 bortse
1130 1839 81 29 från
1229 1839 302 40 byggnadsvärdet
1549 1842 58 29 vid
1628 1842 128 30 skatte-

266 1878 240 40 beräkningen
524 1879 54 30 för
596 1880 183 40 nybyggda
797 1882 169 38 egnahem
983 1883 112 29 möter
1113 1884 193 30 emellertid
1324 1885 106 39 enligt
1448 1886 74 29 min
1539 1887 142 39 mening
1699 1896 56 20 av-

267 1923 152 39 görande
439 1924 258 40 invändningar
717 1935 42 20 av
779 1926 196 40 principiell
997 1929 62 28 art.
1081 1927 53 30 En
1153 1927 245 32 bestämmelse
1418 1938 56 21 om
1497 1930 108 30 sådan
1628 1931 127 30 skatte-

268 1968 151 37 lindring
436 1969 145 29 innebär
598 1970 174 37 nämligen
789 1971 140 29 omvänt
946 1972 11 29 i
975 1971 188 35 realiteten,
1182 1975 49 27 att
1250 1973 141 30 förvärv
1409 1984 42 20 av
1469 1975 97 29 äldre
1581 1975 101 30 villor
1699 1976 56 29 be-

268 2013 134 29 skattas
418 2013 149 30 hårdare
585 2014 44 30 än
646 2014 141 30 förvärv
804 2024 42 20 av
862 2015 192 40 nybyggda.
1073 2017 52 29 En
1144 2017 109 30 sådan
1270 2018 397 41 skattedifferentiering
1684 2021 70 29 kan

266 2058 73 29 inte
367 2067 101 21 anses
495 2059 126 39 rimlig.
650 2059 75 30 Den
753 2060 125 30 tänkta
904 2060 269 31 bestämmelsen
1203 2062 71 30 står
1303 2062 54 30 för
1386 2063 111 40 övrigt
1525 2064 12 29 i
1566 2065 87 29 strid
1681 2067 72 28 mot

267 2103 246 38 grundtanken
532 2104 10 29 i
560 2104 429 40 stämpelbeskattningen,
1009 2108 50 27 att
1075 2106 58 30 det
1150 2109 152 27 omsatta
1318 2108 256 39 kapitalvärdet
1594 2110 88 29 skall
1698 2110 56 29 be-

267 2147 143 30 skattas.
432 2148 126 30 Härtill
580 2148 159 30 kommer
761 2151 49 27 att
833 2150 86 29 även
941 2160 42 21 en
1003 2151 102 38 regel,
1128 2160 74 21 som
1225 2151 107 40 fritog
1351 2152 302 40 byggnadsvärdet
1673 2154 79 30 från

267 2192 374 40 stämpelbeskattning
662 2194 12 28 i
698 2193 99 40 fråga
821 2203 56 21 om
901 2195 69 29 alla
992 2195 183 39 nybyggda
1200 2196 178 39 egnahem,
1403 2197 175 40 knappast
1602 2199 69 28 kan
1695 2206 58 32 ges

267 2246 41 19 en
325 2237 141 30 teknisk
483 2237 230 40 utformning,
732 2248 73 20 som
822 2239 67 29 blir
904 2239 326 31 tillfredsställande
1248 2240 54 30 för
1320 2241 66 30 den
1403 2242 183 39 praktiska
1602 2243 151 40 tillämp-

264 2289 139 31 ningen.

310 2353 13 29 I
343 2362 42 21 en
404 2354 133 30 motion
555 2355 78 29 med
653 2355 186 37 anledning
859 2365 42 20 av
920 2356 262 37 propositionen
1199 2357 150 37 yrkades
1369 2359 49 29 att
1438 2358 316 39 lagfartsstämpeln

267 2407 112 30 skulle
397 2408 173 29 beräknas
590 2409 123 29 endast
731 2409 45 39 på
795 2410 224 30 markvärdet
1037 2410 58 30 vid
1115 2410 140 30 förvärv
1275 2421 42 19 av
1335 2412 218 40 gruppbyggt
1573 2413 179 39 egnahem.

264 2461 179 39 Förslaget
463 2462 231 30 motiverades
715 2463 80 29 med
815 2465 51 28 att
885 2464 67 29 den
974 2473 73 20 som
1070 2465 89 39 själv
1180 2465 144 39 uppfört
1345 2465 169 39 egnahem
1534 2467 72 29 inte
1627 2467 127 30 behövt

264 2514 114 30 betala
397 2515 298 40 lagfartsstämpel
715 2516 55 30 för
789 2517 303 39 byggnadsvärdet
1111 2519 86 29 utan
1218 2519 122 29 endast
1362 2519 54 30 för
1436 2520 234 30 markvärdet.
1691 2520 62 30 Be-
