2244 2663
422 172 37 28 20
946 167 228 32 Statsutskottets
1201 168 160 31 Utlåtande
1384 167 64 32 N:o
1470 169 27 31 8.

420 248 278 45 förhållanden,
740 262 79 22 som
860 248 241 49 uppkommit
1142 249 219 47 derigenom
1391 254 55 31 att
1475 249 190 47 åtskilliga
1689 249 232 47 jägmästare
1950 247 74 37 för-

421 301 121 35 klarat
583 301 57 47 sig
680 300 115 36 önska
836 303 151 45 qvarstå
1024 303 46 45 på
1107 301 161 47 gammal
1296 306 85 38 stat,
1411 299 97 37 efter
1537 300 49 36 all
1614 300 239 35 sannolikhet
1880 299 60 36 för
1968 305 56 30 att

421 352 167 36 undvika
617 357 55 31 att
699 352 61 35 vid
790 352 73 36 viss
892 352 105 35 ålder
1024 352 142 48 nödgas
1196 358 85 41 taga
1309 351 128 37 afsked
1466 357 79 31 mot
1572 351 217 37 nuvarande
1818 352 84 46 låga
1936 364 88 35 pen-

420 405 81 34 sion
544 404 70 35 och
657 409 55 30 att
753 403 228 36 underkasta
1017 404 57 47 sig
1102 403 226 48 indragning
1356 404 91 35 eller
1475 416 49 35 ny
1554 403 274 48 uppskattning
1857 402 40 36 af
1922 403 101 35 inne-

422 454 184 36 hafvande
650 455 197 44 boställen,
890 454 95 36 efter
1027 454 99 36 hand
1167 455 211 48 upphörde,
1415 455 121 35 skulle
1565 454 96 36 dock
1690 455 66 35 allt
1784 453 200 49 framgent,
2014 454 10 35 i

422 507 72 35 den
524 509 84 32 mån
633 507 255 46 jägmästarne
917 506 203 48 uppnådde
1150 506 116 48 högre
1296 507 116 44 ålder,
1442 505 109 38 äfven
1581 505 86 36 med
1695 505 176 37 afseende
1898 509 20 32 å
1939 506 84 35 dem

423 558 294 47 olägenheterna
752 557 39 36 af
825 571 43 22 en
908 558 231 47 otillräcklig
1175 558 102 35 såväl
1315 558 164 48 aflöning
1512 570 79 23 som
1621 558 156 47 pension
1806 556 217 37 framträda.

423 608 129 37 Såsom
582 622 45 23 en
656 609 167 48 naturlig
852 609 91 48 följd
973 608 38 36 af
1037 609 45 35 de
1111 609 203 48 väsentligt
1343 608 120 37 ökade
1483 610 220 47 göromålen
1725 621 88 23 vore
1834 609 189 48 nemligen

422 660 58 36 för
509 673 177 34 corpsens
715 660 341 48 tjensteduglighet
1081 660 38 35 af
1136 666 78 30 stor
1243 661 209 46 betydelse,
1482 667 55 29 att
1566 661 45 35 de
1641 661 103 35 äldre
1768 661 256 46 jägmästarne

422 712 32 44 ej
497 723 135 35 genom
674 711 230 46 otillräcklig
946 711 165 45 aflöning
1151 716 116 30 sattes
1296 712 9 33 i
1336 712 70 33 den
1437 712 191 44 ställning,
1658 717 55 28 att
1742 711 197 46 möjlighet
1968 710 57 35 för

423 761 85 36 dem
536 761 182 36 saknades
747 766 55 31 att
830 774 135 35 genom
995 760 165 37 aflönadt
1186 761 288 48 tjenstebiträde
1503 761 212 47 handlägga
1736 773 101 23 mera
1858 766 168 30 ansträn-

422 812 122 47 gande
572 812 273 46 förrättningar
874 813 91 34 eller
993 825 136 34 genom
1159 826 44 21 en
1233 813 67 34 allt
1329 812 57 35 för
1405 813 62 47 låg
1487 813 155 47 pension
1664 812 60 35 vid
1746 811 280 49 afskedstagan-

422 864 64 34 det
526 863 199 48 tvingades
765 869 67 37 att,
874 870 95 28 trots
1011 862 177 37 inträffad
1230 863 207 47 sjuklighet
1474 864 91 35 eller
1598 862 218 46 försvagadt
1845 863 181 35 helsotill-

422 914 123 45 stånd,
587 927 92 33 som,
722 915 118 47 enligt
880 913 234 49 Riksdagens
1151 914 136 44 beslut,
1317 914 126 36 kunde
1472 914 189 49 berättiga
1691 914 57 36 till
1778 914 154 48 pension
1962 914 63 35 vid

422 965 104 48 fylda
556 968 45 34 60
630 964 201 45 lefnadsår,
861 969 152 43 qvarstå
1042 965 97 36 ända
1167 966 58 35 till
1255 965 72 36 den
1357 965 116 43 ålder,
1505 968 43 33 65
1579 968 52 42 år,
1653 965 44 35 då
1720 965 45 35 de
1787 966 118 46 enligt
1924 966 103 34 löne-

422 1017 240 47 regleringen
705 1016 194 48 nödgades
940 1015 97 48 afgå.
1100 1015 335 50 Domänstyrelsen
1477 1016 97 36 hade
1617 1015 148 37 derföre
1807 1020 123 31 ansett
1971 1017 56 46 sig

424 1068 137 47 pligtig
601 1066 96 37 fästa
739 1067 124 48 Kongl
906 1067 121 47 Maj:ts
1069 1067 336 48 uppmärksamhet
1446 1067 129 47 derpå,
1617 1073 55 30 att
1701 1067 45 35 de
1775 1066 166 36 fördelar
1969 1066 58 36 för

423 1118 518 48 statsskogshushållningen,
970 1131 80 23 som
1078 1117 195 37 förväntas
1301 1119 126 35 kunna
1456 1119 131 35 vinnas
1616 1118 38 35 af
1671 1118 258 48 skogsstatens
1951 1130 76 23 om-

424 1171 268 45 organisation,
722 1170 30 45 ej
785 1170 56 34 till
869 1169 94 35 fullo
995 1170 124 34 kunde
1148 1173 146 44 uppnås
1325 1170 84 35 med
1439 1183 46 22 en
1514 1170 249 46 otillräckligt
1782 1170 148 34 aflönad
1956 1170 68 34 och

424 1220 144 35 mindre
597 1220 271 47 tjensteduglig
897 1220 185 47 personal,
1112 1220 69 35 och
1213 1220 94 36 hade
1335 1219 101 49 förty
1466 1221 190 46 hemstält,
1685 1225 55 31 att
1768 1219 133 48 Kongl.
1923 1219 104 48 Maj:t

424 1275 116 31 måtte
578 1271 58 35 för
673 1272 252 34 innevarande
955 1274 58 32 års
1040 1270 166 49 Riksdag
1233 1270 208 49 framlägga
1469 1270 152 49 förslag,
1651 1277 55 29 att
1735 1274 38 32 åt
1796 1272 230 46 jägmästare

424 1328 116 29 måtte
583 1322 155 47 beviljas
778 1322 223 48 ytterligare
1040 1327 55 30 ett
1123 1322 261 48 ålderstillägg
1413 1321 40 37 af
1478 1325 70 34 500
1578 1322 139 35 kronor
1746 1327 56 31 att
1830 1322 122 36 under
1981 1322 45 35 de

424 1373 122 34 vilkor
575 1373 11 34 i
615 1371 127 49 öfrigt,
771 1385 78 23 som
879 1372 58 36 för
965 1373 326 47 ålderstilläggens
1320 1373 222 47 åtnjutande
1571 1372 125 36 blifvit
1725 1373 207 43 bestämda,
1952 1373 75 35 till-

423 1423 255 48 godokorma
701 1424 231 46 jägmästare
962 1423 95 36 efter
1086 1424 160 46 intjenta
1274 1423 142 36 femton
1447 1427 50 32 år.

524 1473 107 37 Efter
672 1480 55 30 att
767 1474 128 36 vidare
938 1473 110 37 hafva
1089 1475 151 44 anmält,
1282 1480 56 31 att
1371 1475 195 36 enahanda
1594 1474 278 48 framställning
1901 1474 126 36 blifvit

425 1525 109 46 gjord
563 1526 53 34 uti
645 1538 66 22 sex
739 1525 195 44 särskilda,
964 1526 57 35 till
1044 1525 131 46 Kongl.
1196 1525 104 48 Maj:t
1321 1526 176 35 inkomna
1519 1526 203 47 petitioner
1743 1525 81 36 från
1845 1528 45 34 29
1911 1527 117 34 revir-

425 1575 204 35 förvaltare
671 1576 101 35 inom
815 1576 162 35 Dalarne
1007 1576 69 35 och
1110 1576 200 44 Norrland,
1340 1577 67 34 har
1435 1576 417 47 departementschefen
1882 1580 47 44 på
1957 1577 70 35 sid.

426 1629 145 34 32—36
602 1627 10 34 i
641 1626 420 48 statsrådsprotokollet
1089 1627 196 47 redogjort
1313 1626 58 36 för
1400 1627 45 35 de
1474 1627 326 48 omständigheter
1835 1628 70 35 och
1935 1628 92 43 skäl,

425 1690 80 22 som
534 1677 196 35 förmådde
760 1677 138 36 honom
935 1684 56 29 att
1029 1678 66 35 hos
1124 1677 134 48 Kongl.
1288 1677 104 48 Maj:t
1421 1678 152 35 förorda
1602 1677 286 47 ifrågavarande
1917 1678 111 35 fram-

426 1728 233 47 ställningar.
713 1727 242 36 Beträffande
984 1728 438 47 departementschefens
1449 1729 178 47 yttrande
1656 1730 10 34 i
1696 1729 122 35 denna
1846 1730 61 34 del
1932 1730 97 34 tillå-

425 1786 57 28 ter
511 1779 57 45 sig
598 1779 187 35 utskottet
814 1779 154 35 hänvisa
996 1780 57 35 till
1083 1780 158 35 berörda
1271 1780 191 46 protokoll
1491 1780 70 36 och
1591 1780 65 36 vill
1687 1780 66 35 här
1774 1780 132 36 endast
1926 1780 103 36 med-

426 1829 96 43 dela,
552 1835 55 30 att
636 1825 419 52 departementschefen
1085 1830 185 44 anmärkt,
1299 1836 55 30 att
1383 1831 10 35 i
1421 1830 94 47 följd
1544 1830 39 36 af
1607 1830 286 36 vederbörande
1913 1832 116 34 revir-

425 1879 224 36 förvaltares
678 1888 140 40 vägran
848 1886 56 30 att
932 1881 86 45 invå
1048 1887 45 41 på
1123 1881 69 35 den
1223 1894 70 35 nya
1322 1888 122 29 staten
1475 1882 70 35 den
1583 1881 226 36 förändrade
1839 1883 190 46 reglering

427 1930 37 35 af
490 1932 160 42 reviren,
680 1944 79 22 som
789 1932 121 47 ingått
938 1935 122 32 såsom
1090 1945 44 22 en
1164 1933 187 46 väsentlig
1380 1933 59 34 del
1469 1933 10 34 i
1508 1933 64 35 det
1600 1933 57 34 för
1686 1938 147 30 senaste
1862 1933 167 47 Riksdag

427 1981 207 48 framlagda
675 1981 182 48 förslaget
885 1983 57 35 till
971 1995 49 34 ny
1049 1983 256 47 organisation
1336 1982 40 36 af
1398 1983 251 48 skogsstaten,
1679 1983 132 36 endast
1839 1984 10 35 i
1879 1984 151 48 mycket

427 2032 249 48 ofullständig
705 2036 84 32 mån
819 2033 145 35 kunnat
993 2034 152 47 bringas
1175 2034 56 35 till
1261 2033 309 48 genomförande,
1600 2036 11 33 i
1640 2035 64 35 det
1732 2040 55 30 att
1808 2035 221 48 derigenom

427 2083 129 35 afsedd
588 2084 227 46 indragning
844 2083 40 36 af
909 2087 18 32 7
960 2084 70 35 och
1059 2085 191 46 reglering
1279 2084 40 35 af
1346 2088 43 33 15
1419 2086 100 35 revir
1547 2084 243 37 förhindrats.

526 2133 426 47 Departementschefen
996 2135 66 35 har
1102 2136 178 47 slutligen
1322 2136 136 43 anfört,
1496 2141 55 31 att
1580 2136 112 36 sedan
1722 2136 105 47 fråga
1855 2140 175 44 uppstått

427 2184 141 44 derom,
601 2185 185 36 huruvida
816 2185 30 47 ej
877 2185 45 36 de
952 2185 204 49 betydliga,
1186 2189 20 33 å
1235 2186 307 48 kronoparkerna
1571 2187 9 35 i
1611 2187 45 36 de
1685 2200 111 23 norra
1830 2188 108 35 länen
1968 2187 62 36 be-

427 2236 157 48 fintliga,
615 2249 48 22 nu
695 2236 196 35 värdelösa
922 2250 172 35 myrarne
1125 2237 115 35 borde
1270 2238 126 35 kunna
1424 2237 58 35 för
1505 2238 276 48 jemförelsevis
1802 2239 107 47 ringa
1930 2239 100 34 kost-
