2154 2654
336 214 40 29 14
794 214 265 34 Stalsutskotiets
1084 214 172 33 Memorial
1277 215 60 33 N:o
1360 218 51 30 83.

293 300 225 45 regleringen
552 301 54 34 för
638 304 104 33 nästa
776 299 40 38 är
849 301 150 47 tillgång
1032 303 70 35 kan
1131 304 143 35 beredas
1301 304 52 35 till
1382 304 81 35 hela
1490 304 59 34 det
1577 314 47 24 nu
1652 302 171 45 beviljade
1850 313 55 25 an-

294 352 132 45 slagets
455 353 225 37 bestridande
709 356 39 33 af
772 355 344 46 statsinkomsterna,
1145 357 197 35 hemställer
1370 357 186 43 utskottet,

1257 462 54 32 6:0

752 541 54 31 att
840 538 161 43 anslaget
1033 538 54 34 för
1120 539 285 33 nästkommande
1439 535 40 36 är
1505 536 21 35 å
1557 539 195 40 1.000,000
1779 537 127 33 kronor

701 589 49 34 till
794 589 230 35 anskaffande
1066 589 39 34 af
1142 600 46 33 ny
1227 590 106 43 rörlig
1366 589 159 34 materiel
1554 589 58 34 vid
1642 590 131 32 statens
1800 588 106 34 redan

701 640 216 35 trafikerade
954 640 195 45 jernvägar
1187 638 55 37 må
1280 641 142 34 anvisas
1460 643 54 32 att
1554 637 86 47 utgå
1672 637 21 36 å
1719 639 188 34 riksstaten

701 692 54 32 för
782 689 41 35 år
855 694 95 31 1890
978 695 93 29 utom
1100 691 287 33 hufvudtitlarne.

429 791 68 36 Till
517 792 251 44 fortshiltniny
797 792 46 43 af
866 792 161 35 arbetena
1057 793 20 33 å
1105 792 200 35 stambanan
1332 803 84 23 norr
1444 803 50 22 om
1523 790 165 42 Sollettea
1717 790 63 33 har
1806 788 99 35 Riks-

293 843 125 44 dagen,
449 843 90 34 efter
566 854 201 34 gemensam
801 843 216 45 omröstning
1045 843 10 34 i
1084 843 153 44 enlighet
1268 843 74 34 med
1378 843 66 34 den
1473 843 9 33 i
1512 843 193 33 utskottets
1732 841 173 34 memorial

293 904 55 23 n:o
391 896 44 33 31
479 896 203 43 föreslagna
723 896 408 43 voteringsproposition,
1173 896 53 32 för
1265 893 38 35 år
1341 896 96 33 1890
1466 893 148 44 beviljat
1643 897 51 30 ett
1722 893 120 43 anslag
1870 894 37 32 ar

293 947 200 40 4,000,000
536 947 148 43 kronor;
728 948 63 33 och
833 948 66 33 har
943 948 174 32 utskottet
1159 946 58 34 vid
1257 948 158 41 punkten
1460 948 53 32 1:o
1554 945 39 34 af
1631 945 62 34 sitt
1724 942 178 36 utlåtande

294 1006 54 24 n:o
379 998 44 33 27
454 998 145 43 anmält,
630 1002 55 30 att
714 999 175 33 utskottet
918 998 186 34 Iramdeles
1131 998 133 34 komme
1292 1001 53 31 att
1365 996 137 46 afgifva
1518 996 133 45 förslag
1666 1007 52 24 om
1733 997 106 33 sättet
1851 995 54 35 för

293 1049 194 34 anvisande
516 1049 39 34 af
580 1050 99 33 detta
708 1050 278 44 anslagsbeiopp.

427 1100 131 45 Kongl.
602 1101 108 43 Maj:t
752 1102 65 34 har
857 1102 11 34 i
910 1101 453 44 statsverkspropositionen
1398 1101 194 44 föreslagit,
1630 1104 54 30 att
1715 1101 190 42 1,500,000

292 1152 132 35 kronor
464 1153 103 34 deraf
606 1150 110 38 måtte
758 1154 144 34 anvisas
945 1156 53 32 att
1029 1150 87 47 utgå
1149 1159 19 29 å
1196 1154 188 34 riksstaten
1413 1157 96 31 utom
1537 1152 279 35 hufvudtitlarne
1844 1152 62 34 och

292 1201 224 37 aterstaende
547 1206 200 42 2,500,000
777 1205 131 34 kronor
934 1203 180 46 upplånas.

428 1255 190 34 Utskottet
646 1257 66 32 har
740 1257 30 42 ej
802 1259 119 30 ansett
947 1257 108 42 högre
1083 1257 123 42 belopp
1234 1260 42 30 än
1308 1259 197 40 1,400,000
1534 1257 131 32 kronor
1684 1257 107 31 denna
1814 1254 92 44 gang

292 1305 120 34 kunna
442 1306 54 33 för
524 1304 277 46 ifrågavarande
829 1304 164 37 ändamål
1020 1304 21 36 a
1069 1307 188 34 riksstaten
1287 1307 152 34 anvisas.
1495 1306 112 35 Detta
1638 1307 121 42 belopp
1786 1306 120 33 under-

292 1356 110 44 stiger
430 1357 210 44 visserligen
669 1357 78 35 med
778 1361 160 40 100,000
967 1359 129 33 kronor
1123 1359 93 34 hvad
1243 1357 127 46 Kongl.
1401 1357 109 45 Maj:t
1530 1361 117 31 ansett
1661 1358 118 34 kunna
1793 1357 114 35 derför

292 1407 39 34 af
368 1408 337 35 statsinkomsterna
745 1410 216 43 disponeras,
1002 1419 77 24 men
1121 1410 171 34 utskottet
1332 1410 63 34 vill
1435 1410 126 34 härvid
1604 1409 127 43 erinra,
1769 1413 53 30 att
1859 1412 48 31 ut-

293 1459 145 43 skottet,
482 1471 69 23 som
593 1463 119 31 ansett
746 1458 193 46 upplåning
972 1461 132 34 mindre
1136 1461 140 44 lämplig
1302 1462 54 33 för
1385 1461 231 34 anskaffande
1645 1461 39 34 2f
1708 1461 106 43 rörlig
1842 1471 65 23 ma-

293 1509 101 35 teriel
436 1515 44 29 än
523 1511 54 34 för
616 1522 63 24 ren
721 1513 362 42 stambanebyggnad,
1119 1512 38 34 af
1183 1511 102 35 sådan
1315 1513 191 42 anledning
1533 1513 57 32 vid
1621 1513 287 42 nästföregaende

292 1561 111 42 punkt
447 1562 167 34 hemstält
656 1573 54 23 om
745 1563 195 34 anvisande
968 1560 43 46 på
1039 1563 190 34 riksstaten
1259 1563 37 34 af
1322 1566 160 40 300,000
1511 1564 141 42 kronor,
1681 1573 70 24 som
1778 1561 127 46 Kongl.

293 1611 109 45 Maj:t
430 1613 183 44 föreslagit
642 1619 55 30 att
724 1615 147 33 medelst
901 1612 190 46 upplåning
1119 1614 167 43 anskaffa,
1314 1615 64 35 och
1403 1618 55 31 att
1482 1615 145 43 saledes,
1654 1614 58 35 vid
1739 1614 97 34 bifall
1856 1615 52 33 till

292 1664 192 34 utskottets
525 1665 145 44 förslag,
712 1666 12 34 i
765 1667 64 33 allt
870 1665 62 34 fall
973 1668 161 40 400,000
1168 1667 126 33 kronor
1328 1667 144 41 mindre,
1501 1670 44 30 än
1573 1665 130 45 IKongl.
1732 1665 94 45 Majt
1854 1667 52 33 be-

290 1714 144 43 räknat,
464 1716 138 34 komme
631 1719 55 31 att
713 1715 183 45 upplånas.

426 1766 56 34 AT
520 1767 41 34 de
602 1767 55 34 för
700 1766 84 36 åren
830 1768 245 34 1887—1889
1119 1769 52 33 till
1212 1768 272 45 ifrågavarande
1519 1769 183 34 stambana
1735 1768 172 45 beviljade

292 1817 147 43 tillhopa
483 1820 200 42 3,500,000
726 1821 130 33 kronor
899 1819 106 34 hatva
1040 1821 197 42 3,000,000
1271 1821 129 33 kronor
1433 1818 121 46 utgått
1581 1817 20 37 a
1629 1820 187 34 riksstaten
1846 1821 62 34 och

293 1870 200 42 2,500,000
522 1870 132 34 kronor
682 1871 40 34 af
746 1868 97 37 lånta
873 1871 121 33 medel.
1037 1870 64 35 Om
1132 1882 46 24 nu
1205 1872 38 34 at
1267 1873 159 43 anslaget
1457 1872 52 34 för
1530 1874 103 32 nästa
1653 1869 40 36 är
1719 1873 190 42 1,400,000

291 1920 130 35 kronor
462 1920 87 46 utgå
589 1921 21 36 å
650 1923 193 36 riksstaten
887 1922 64 35 och
984 1920 221 39 återstående
1240 1926 198 41 2,600.000
1472 1925 130 34 kronor
1635 1920 179 48 upplånas,
1843 1923 65 36 blir

292 1973 199 45 resultatet,
534 1978 54 31 att
630 1975 248 46 ungefärligen
920 1974 133 36 hälften
1095 1976 39 34 af
1164 1977 40 34 de
1236 1977 105 34 redan
1370 1976 177 46 beviljade
1574 1976 336 45 kostnadsbeloppen

292 2025 199 36 anskaffats
518 2030 86 32 utan
635 2028 278 44 skuldsättning.

426 2076 52 36 På
505 2080 115 43 grund
649 2080 40 34 af
714 2081 93 34 hvad
836 2079 149 36 sålunda
1012 2080 136 34 anförts
1177 2081 197 35 hemställer
1401 2083 187 37 utskottet,

1255 2185 52 35 T:0

750 2268 55 32 att
840 2265 40 35 af
911 2265 59 35 det
1005 2265 53 35 för
1086 2263 40 38 år
1158 2267 91 35 1890
1277 2266 175 46 beviljade
1480 2268 162 44 anslaget
1669 2264 21 38 å
1717 2269 193 42 4,000,000

698 2318 131 35 kronor
862 2318 55 34 till
951 2318 231 45 fortsättning
1209 2318 38 35 af
1271 2320 168 35 arbetena
1467 2318 21 37 å
1515 2320 209 35 stambanan
1752 2330 79 25 norr
1859 2330 50 24 om
