1920 2804
507 191 286 31 Statsutskottets
816 190 179 30 utlåtande
1016 199 42 19 nr
1082 191 39 29 13
1141 189 39 30 år
1204 190 84 29 1960
1632 188 15 30 1

830 416 59 40 Nr
915 416 47 40 13

371 520 185 31 Utlåtande
574 520 11 29 i
601 518 191 40 anledning
808 527 43 21 av
867 517 128 40 Kungl.
1012 517 125 39 Maj:ts
1158 516 12 30 i
1187 514 459 41 statsverkspropositionen

589 569 123 40 gjorda
732 567 264 42 framställning
1015 576 56 21 om
1092 566 123 41 anslag
1235 566 57 41 för
1313 566 204 39 budgetåret
1540 565 103 36 1960/

589 621 39 29 61
655 619 53 31 till
728 618 227 41 oförutsedda
978 618 153 40 utgifter.

1408 683 75 34 (4:e
1501 682 94 34 avd.)

192 793 13 29 I
226 789 265 42 propositionen
511 798 42 21 nr
576 790 15 29 1
620 788 132 40 (bilaga
775 788 57 35 15)
857 787 65 30 har
943 787 126 39 Kungl.
1091 785 117 40 Maj:t,
1230 784 113 31 under
1363 784 219 40 åberopande
1603 793 43 21 av

147 842 109 39 bilagt
274 841 130 40 utdrag
425 850 41 21 av
490 838 384 41 statsrådsprotokollet
895 838 82 29 över
999 835 275 32 finansärenden
1296 835 56 31 för
1375 835 67 30 den
1464 835 20 29 4
1504 834 142 40 januari

150 892 94 35 1960,
265 891 179 39 föreslagit
462 889 190 41 riksdagen
672 891 52 28 att
743 889 54 30 till
817 887 238 32 Oförutsedda
1073 886 147 41 utgifter
1239 886 56 30 för
1312 885 207 40 budgetåret
1540 885 104 35 1960/

149 943 37 30 61
209 942 122 30 anvisa
349 943 48 29 ett
416 940 275 40 förslagsanslag
710 949 43 21 av
772 940 15 29 1
803 939 63 30 000
881 939 63 30 000
963 938 141 30 kronor.

196 1044 68 29 För
289 1041 224 32 bestridande
539 1051 42 20 av
605 1039 230 32 oförutsedda
860 1039 147 40 utgifter
1031 1040 39 29 är
1096 1038 20 30 å
1140 1038 195 30 riksstaten
1359 1037 113 30 under
1499 1036 149 31 särskild

152 1093 198 30 huvudtitel
370 1092 143 41 uppfört
531 1094 48 28 ett
598 1090 274 41 förslagsanslag
890 1090 20 30 å
930 1090 14 30 1
962 1089 62 31 000
1039 1089 62 30 000
1120 1089 141 34 kronor,
1279 1089 53 29 att
1351 1087 112 30 under
1478 1087 94 30 vissa
1590 1095 60 21 an-

153 1145 103 37 givna
276 1143 129 30 villkor
428 1143 54 30 stå
504 1142 54 30 till
581 1141 126 40 Kungl.
730 1140 125 40 Maj:ts
880 1138 207 42 förfogande
1109 1139 57 30 för
1187 1137 226 32 bestridande
1434 1146 45 22 av
1501 1136 75 32 dels
1596 1138 54 28 ut-

152 1194 103 40 gifter
280 1204 43 20 av
348 1194 38 30 så
412 1192 224 31 brådskande
660 1193 64 34 art,
751 1193 51 28 att
828 1190 125 41 frågan
979 1190 30 40 ej
1037 1190 126 29 hinner
1186 1188 238 31 underställas
1448 1187 199 40 riksdagen,

152 1245 73 31 dels
243 1245 65 30 ock
325 1244 95 31 vissa
438 1243 110 31 andra
566 1243 191 30 kostnader
774 1241 107 40 enligt
900 1250 43 21 av
960 1240 188 40 riksdagen
1166 1239 144 31 särskilt
1327 1238 163 31 lämnade
1507 1238 142 39 bemyn-

151 1295 185 40 diganden.

195 1347 118 30 Under
332 1346 38 30 år
391 1346 83 30 1959
492 1346 65 29 har
575 1344 113 31 beslut
708 1343 193 31 meddelats
920 1352 56 20 om
997 1342 228 39 anvisningar
1243 1341 81 30 från
1344 1340 229 30 förevarande
1593 1348 60 20 an-

154 1398 74 39 slag
246 1397 21 29 å
285 1396 150 40 tillhopa
456 1394 94 31 1185
565 1394 63 31 590
648 1394 133 30 kronor
801 1393 40 31 55
862 1394 69 29 öre.

197 1445 229 32 Beträffande
447 1444 255 41 dispositionen
723 1452 44 22 av
788 1442 157 40 anslaget
967 1441 147 31 föreslås
1133 1443 53 29 att
1207 1440 56 31 för
1285 1441 103 30 nästa
1409 1439 169 40 budgetår
1602 1447 47 20 nu

153 1496 205 40 tillämpade
376 1495 154 41 grunder
549 1495 89 30 skall
657 1494 91 40 gälla
768 1492 244 31 oförändrade.

197 1547 127 40 Kungl.
343 1546 106 40 Maj:t
470 1545 156 35 föreslår,
647 1546 50 28 att
717 1545 86 29 även
823 1543 113 30 under
954 1543 101 30 nästa
1075 1541 171 40 budgetår
1262 1541 75 31 tills
1355 1540 121 30 vidare
1495 1539 57 31 må
1571 1539 79 30 från

155 1598 156 39 anslaget
330 1597 173 30 utbetalas
521 1595 73 30 dels
612 1594 196 40 ersättning
825 1593 54 31 för
896 1592 128 31 förlust
1041 1602 42 20 av
1100 1591 83 31 eller
1202 1591 110 31 skada
1329 1591 20 30 å
1366 1590 170 40 egendom
1553 1591 96 28 utom

153 1648 91 30 riket
262 1648 53 29 till
332 1655 176 32 personer,
529 1655 76 21 som
622 1644 205 41 uppehåller
845 1644 52 40 sig
914 1642 182 31 därstädes
1112 1642 65 30 och
1196 1643 39 29 är
1252 1642 11 29 i
1281 1642 111 29 rikets
1409 1641 121 39 tjänst,
1550 1641 101 29 även-

155 1707 76 21 som
247 1698 54 30 till
316 1698 103 30 deras
435 1696 157 40 familjer
608 1696 64 29 och
687 1694 201 41 personliga
904 1693 148 40 tjänare,
1070 1693 74 30 dels
1160 1693 65 29 ock
1243 1692 195 39 ersättning
1456 1690 55 31 för
1527 1698 124 32 genom

154 1748 148 39 tidigare
324 1745 347 42 krigsförhållanden
694 1744 205 41 uppkomna
925 1743 129 31 skador
1078 1743 20 30 å
1125 1742 170 40 egendom
1319 1742 97 29 inom
1441 1741 128 31 landet.
1595 1740 56 31 Vi-

155 1799 83 29 dare
256 1798 204 30 hemställes
479 1806 61 21 om
556 1796 208 40 riksdagens
785 1794 229 40 medgivande
1036 1795 59 33 att,
1116 1793 12 30 i
1152 1793 110 30 likhet
1283 1792 80 30 med
1383 1791 67 30 vad
1472 1800 74 21 som
1569 1791 81 39 gällt

155 1849 108 30 sedan
282 1848 176 39 åtskilliga
478 1847 48 35 år,
546 1846 135 40 belopp,
702 1855 77 21 som
796 1845 138 29 kronan
954 1852 125 32 genom
1098 1842 320 41 lagakraftvunnen
1439 1842 81 29 dom
1540 1841 110 39 ålagts

154 1901 50 28 att
226 1898 128 40 utgiva,
378 1899 87 28 även
486 1896 113 30 under
620 1896 52 30 tid
694 1896 44 30 då
759 1895 188 39 riksdagen
969 1895 39 29 är
1029 1893 134 30 samlad
1185 1893 59 29 må
1263 1892 174 30 bestridas
1461 1891 79 30 från
1563 1891 89 30 före-

154 1949 153 30 varande
330 1948 122 40 anslag
472 1946 113 31 under
606 1945 255 40 förutsättning
882 1946 51 28 att
953 1943 111 31 andra
1085 1943 112 30 medel
1219 1942 31 40 ej
1276 1942 73 30 står
1370 1942 53 30 till
1444 1941 206 40 förfogande

156 2000 53 29 för
231 1998 209 31 ändamålet.
463 1997 169 40 Slutligen
652 1995 207 31 förutsättes
880 1997 50 28 att
948 1994 197 30 eventuella
1165 1993 114 30 behov
1298 2002 43 21 av
1361 1991 201 41 ytterligare
1582 2001 69 20 me-

153 2051 54 31 del
229 2050 55 30 för
304 2050 57 30 det
383 2049 149 30 svenska
552 2048 222 38 deltagandet
795 2047 11 29 i
828 2044 499 39 stilleståndsövervakningen
1347 2043 12 29 i
1381 2043 113 30 Korea
1515 2042 138 40 respek-

154 2101 68 29 tive
238 2098 287 41 organiserandet
542 2107 43 21 av
601 2106 43 21 en
660 2096 128 31 svensk
805 2095 196 40 FN-styrka
1015 2113 45 3 —
1075 2095 123 29 utöver
1215 2093 166 30 anvisade
1400 2092 121 40 anslag
1537 2110 44 4 —
1597 2092 54 29 får

155 2150 201 39 tillgodoses
378 2157 125 32 genom
523 2147 178 31 anlitande
723 2156 43 21 av
786 2146 95 30 detta
901 2145 131 39 anslag,
1053 2144 121 30 varvid
1195 2143 125 40 frågan
1342 2152 58 21 om
1421 2143 167 38 täckning
1609 2151 43 20 av

155 2200 149 30 sålunda
323 2199 178 30 bestridda
522 2197 191 31 kostnader
731 2196 58 31 må
810 2195 188 31 framdeles
1017 2195 169 30 anmälas.

201 2292 175 29 Utskottet
396 2291 55 29 får
470 2292 77 29 med
566 2287 247 41 tillstyrkande
831 2296 42 21 av
890 2286 126 40 Kungl.
1036 2286 124 39 Maj:ts
1180 2285 132 39 förslag
1329 2284 197 34 hemställa,

507 2341 51 29 att
577 2338 188 39 riksdagen
785 2337 58 30 må

508 2390 36 33 a)
574 2389 53 30 till
644 2387 236 41 Oförutsedda
901 2386 144 40 utgifter
1062 2385 56 31 för
1135 2385 206 40 budgetåret
1363 2384 146 40 1960/61
1530 2384 119 30 anvisa

463 2442 49 29 ett
540 2438 275 41 förslagsanslag
841 2446 43 22 av
912 2437 94 30 1000
1021 2437 62 30 000
1111 2436 141 34 kronor,
1283 2437 49 28 att
1363 2435 53 30 stå
1445 2435 51 29 till
1524 2434 126 39 Kungl.

186 2512 8 24 1
241 2511 111 29 Bihang
371 2509 45 24 till
434 2508 169 30 riksdagens
621 2506 148 31 protokoll
786 2505 76 24 1960.
889 2504 15 23 6
922 2506 74 24 saml.
1019 2506 38 24 Nr
1076 2504 31 24 13
