2111 2649
635 204 360 42 Bevillnings-Utskottets
1019 207 199 32 Betänkande
1240 208 66 32 N:o
1329 211 26 29 7.
1755 217 38 28 67

354 283 129 49 Kongl.
512 284 127 49 Maj:ts
658 284 163 50 förslag:
1199 288 186 38 Utskottets
1405 291 163 50 förslag:

799 384 18 50 $
846 388 46 36 27
922 385 49 49 (n.
1002 403 33 22 v.
1065 386 20 50 8
1118 388 70 47 13).

296 472 28 33 1.
380 461 116 46 Öfver
537 471 138 48 beslut,
718 485 80 23 som
832 473 355 48 taxeringsnämnd,
1219 475 153 49 jemlikt
1400 472 20 50 &
1453 478 41 36 16
1530 491 111 23 mom.
1676 481 15 33 1
1722 480 71 36 och

191 534 111 22 mom.
349 523 32 44 3,
424 522 196 37 meddelar
660 523 10 35 i
712 523 108 48 fråga
862 537 58 23 om
955 524 216 49 beräkning
1208 525 40 36 af
1272 526 64 37 det
1363 527 137 37 litertal
1532 528 175 44 bränvin,
1736 530 58 36 för

193 571 144 37 hvilket
365 572 367 50 försäljningsafeift
760 575 93 35 skall
886 575 192 49 erläggas,
1113 576 92 37 eller
1234 577 153 48 jemlikt
1415 575 17 50 $
1462 581 46 34 20
1537 581 167 36 rörande
1730 581 63 37 be-

190 624 256 36 stämmandet
486 624 41 36 af
551 625 118 35 sådan
698 625 122 48 afgift,
850 639 92 34 eger
970 629 42 33 så
1040 627 60 36 väl
1131 627 73 37 den
1234 628 286 49 skattskyldige
1550 644 81 23 som
1660 632 134 37 veder-

191 673 167 37 börande
398 675 210 48 landsting,
650 676 455 50 hushållningssällskap,
1147 679 98 41 stad,
1287 680 213 48 magistrat,
1530 682 143 37 socken
1702 683 92 37 eller

189 725 366 37 kommunalnämnd
596 733 54 30 att
690 728 68 36 hos
801 728 348 48 pröfningsnämnd
1179 730 131 37 anföra
1340 731 136 36 besvär
1505 732 100 37 inom
1636 734 74 36 den
1738 735 55 36 tid

188 777 72 35 och
289 776 10 35 i
328 777 75 36 den
431 777 177 49 ordning,
637 791 81 23 som
747 779 57 35 för
832 779 301 48 öfverklagande
1162 781 41 36 af
1225 782 417 48 taxeringsnämndens
1669 785 126 37 beslut

187 827 11 35 1
241 827 207 37 allmänhet
489 833 64 31 äro
595 829 214 43 bestämda;
853 830 196 36 äfvensom
1084 831 347 49 pröfningsnämnd
1467 834 232 38 tillkommer
1727 842 66 42 att,

188 878 125 37 ehvad
343 878 123 50 dylikt
495 880 126 36 beslut
648 880 126 37 blifvit
801 880 269 50 öfverklagadt
1098 882 92 37 eller
1219 884 47 48 ej,
1296 883 79 37 deri
1403 885 157 48 vidtaga
1579 886 215 38 förändrin-

188 942 81 35 gar,
311 943 82 24 som
421 931 122 36 finnas
573 931 167 49 skäliga;
770 932 72 36 och
870 935 61 33 må
958 933 132 37 vidare
1119 933 141 49 klagan
1288 934 106 37 öfver
1422 936 370 49 pröfningsnämnds

188 981 138 44 beslut,
369 981 9 35 i
420 982 74 36 den
536 982 165 49 ordning
733 983 277 49 förordningen
1038 985 200 47 angående
1266 985 214 50 bevillning
1508 987 41 36 af
1572 988 75 37 fast
1675 1002 116 35 egen-

189 1031 87 37 dom
318 1037 98 32 samt
448 1032 41 37 af
511 1033 169 37 inkomst
707 1034 8 35 i;
747 1034 209 36 allmänhet
983 1035 243 47 bestämmer,
1256 1036 182 49 fullföljas
1468 1038 41 36 af
1533 1038 98 48 dem,
1661 1040 131 37 hvilka

187 1082 107 37 öfver
333 1083 366 49 taxerimgsnämnds
729 1085 137 45 beslut,
897 1085 123 49 enligt
1046 1087 103 35 hvad
1178 1087 67 36 här
1274 1087 113 37 ofvan
1416 1093 105 43 sägs,
1551 1102 73 36 ega
1652 1090 140 38 besvär

187 1133 141 38 anföra.

288 1187 32 34 2.
376 1185 100 37 Utan
504 1185 137 37 hinder
669 1186 40 37 af
732 1186 85 37 förd
845 1187 142 48 klagan
1015 1188 98 36 skall
1141 1188 414 50 försäljningsafgiften
1585 1196 92 43 utgå
1696 1192 96 37 efter

187 1235 65 37 det
279 1235 41 36 af
343 1236 343 48 taxeringsnämnd
715 1237 199 37 bestämda
942 1238 154 48 litertal,
1125 1238 97 37 intill
1251 1240 89 36 dess
1370 1241 166 49 ändring
1565 1242 80 36 deri
1666 1242 126 38 blifvit

187 1286 184 49 vidtagen
399 1300 140 36 genom
568 1288 138 48 beslut,
735 1302 81 23 som
845 1289 137 36 vunnit
1010 1290 87 48 laga
1125 1290 111 37 kraft.

388 1402 20 50 3
437 1407 53 34 22
517 1404 51 47 (mn.
599 1420 33 22 v.
662 1404 19 49 $
710 1404 73 49 24).

290 1495 30 31 1.
350 1491 56 35 De
423 1490 164 49 afgifter,
605 1505 81 23 som
703 1492 121 49 enligt
840 1493 124 36 denna

188 1541 225 48 förordning
440 1541 133 50 inflyta
601 1543 57 35 för
685 1543 277 49 rättigheterna

186 1592 56 35 till
276 1592 141 36 handel
445 1593 87 36 med
560 1593 173 48 bränvin,
763 1594 197 37 äfvensom

186 1643 73 36 den
288 1643 213 37 nettovinst
528 1647 48 46 på
594 1645 183 48 rörelsen,
798 1659 81 23 som
896 1646 66 37 bo-

185 1694 65 48 lag
286 1694 11 36 1
334 1694 86 36 stad
454 1695 121 48 enligt
603 1694 18 48 $
653 1698 43 35 18
726 1696 98 37 skall
853 1697 107 48 afstå,

186 1744 108 37 skola
321 1748 49 46 på
397 1745 170 49 följande
596 1752 76 31 sätt
699 1747 182 38 fördelas:

336 1914 65 35 för
428 1914 256 38 Stockholms
713 1917 106 36 stad:

287 2001 77 33 åtta
390 1999 240 37 tiondedelar
648 2000 150 38 tillfalla
814 2002 147 47 staden,

186 2052 41 33 så
264 2049 89 37 vida
388 2050 353 38 bränvinshandeln
770 2058 41 31 är
839 2053 123 36 öfver-

186 2100 100 36 låten
324 2103 37 33 åt
395 2101 134 49 bolag;
559 2102 11 35 i
599 2108 115 31 annat
747 2103 65 37 fall
841 2105 122 36 erhål-

185 2150 55 37 ler
269 2151 136 37 staden
433 2152 59 49 sju
519 2152 257 48 tiondedelar;

286 2203 219 37 återstoden
562 2204 160 38 insättes
776 2205 10 37 I

184 2253 196 46 kontoret;

842 2205 120 39 Stats-

1336 1407 18 49 $
1383 1411 62 35 29,

1119 1495 27 34 IL.
1180 1494 56 35 De
1264 1495 160 48 afgifter,
1454 1508 74 23 som
1547 1496 108 48 enligt
1674 1497 117 35 denna

1008 1544 220 49 förordning
1267 1545 126 49 iinflyta
1430 1546 67 48 för
1540 1547 251 48 rättigheterna

1015 1595 55 35 till
1109 1596 245 36 minuthandel
1394 1597 80 36 med
1507 1597 84 36 eller
1621 1599 169 35 utskänk-

1015 1646 86 48 ning
1129 1647 46 48 af
1200 1647 161 45 bränvin,
1391 1648 185 48 äfvensom
1600 1649 67 36 den
1688 1657 104 29 netto-

1014 1697 93 36 vinst
1144 1697 52 48 på
1233 1699 164 44 rörelsen,
1440 1712 74 22 som
1542 1700 102 48 bolag
1671 1701 13 35 i
1710 1702 82 35 stad

1015 1749 108 47 enligt
1148 1748 27 45 $
1201 1749 46 36 18
1274 1749 93 36 skall
1394 1750 111 47 afstå,
1535 1751 100 35 skola
1656 1751 41 48 på
1713 1752 77 47 föl-

1007 1799 116 48 jande
1150 1805 71 31 sätt
1240 1800 191 49 fördelas:

1150 1918 65 35 för
1243 1918 256 37 Stockholms
1528 1919 111 35 stad:

1123 2004 63 35 Tre
1210 2004 225 50 fjerdedelar
1469 2004 151 49 tillfalla
1648 2005 143 43 staden;

1015 2055 197 36 återstoden
1240 2055 147 37 insättes
1413 2056 13 36 1
1454 2054 271 44 Statskontoret;
