2135 2659
311 214 38 29 20
748 209 204 43 Bevillnings-
961 209 152 32 Utskottets
1136 210 200 31 Betänkande
1359 208 63 33 N:o
1447 211 27 31 7.

311 291 222 49 antagande,
571 296 55 31 att
662 291 65 36 det
763 291 123 36 skulle
924 304 88 23 vara
1045 290 38 37 af
1113 297 120 30 större
1268 304 98 36 gagn
1396 297 55 30 att
1479 294 39 33 åt
1547 290 45 37 de
1620 299 142 29 smärre
1792 291 121 37 lands-

312 344 272 35 kommunerna
612 343 140 36 bereda
781 343 118 36 ökade
928 343 214 48 tillgångar.
1196 342 207 45 Utskottet,
1433 356 78 23 som
1540 343 10 36 i
1580 344 207 36 allmänhet
1814 344 100 37 velat

312 396 164 35 undvika
506 408 101 22 mera
635 395 321 48 genomgripande
985 394 263 48 förändringar
1277 395 9 35 1
1317 395 45 36 de
1391 395 205 36 bestående
1617 395 296 45 förhållandena,

312 447 66 35 har
419 445 149 37 derföre
598 446 124 36 funnit
750 446 134 48 Kongl.
914 445 121 49 Maj:ts
1063 447 141 47 förslag
1232 447 10 35 i
1273 447 121 35 denna
1423 446 59 36 del
1511 447 30 46 ej
1572 460 88 22 vara
1689 447 224 36 tilltalande.

410 498 54 36 En
495 497 214 49 fördelning
739 498 134 36 mellan
902 498 285 36 vederbörande
1213 498 457 49 landsbygdskommuner
1690 499 122 35 skulle
1833 498 82 38 der-

312 550 55 36 till
410 549 169 36 medföra
622 549 71 36 den
730 549 157 45 förmån,
930 555 55 30 att
1028 553 156 45 mången
1226 550 178 35 kommun
1441 550 219 47 derigenom
1689 550 141 35 erhölle
1860 556 52 30 ett

311 602 59 35 väl
412 601 181 47 behöfligt
635 601 134 47 bidrag
810 602 56 35 till
908 600 166 49 fyllande
1117 601 39 36 af
1190 601 44 36 de
1277 602 168 47 ständigt
1473 601 170 37 växande
1673 601 241 36 kommunala

312 652 199 45 behofven,
554 653 124 35 hvilka
720 653 114 35 bland
872 658 112 30 annat
1011 666 134 35 genom
1176 653 179 47 höjandet
1383 653 40 36 af
1448 652 365 37 existensminimum
1843 653 69 36 och

311 706 96 33 vissa
437 705 214 46 personliga
679 703 171 47 afgifters
879 704 251 45 borttagande
1160 704 122 47 börjat
1315 704 115 35 blifva
1459 704 58 35 för
1545 704 279 47 landsbygdens
1852 704 62 34 be-

311 754 172 49 folkning
510 755 66 35 allt
604 767 101 23 mera
733 754 219 48 tryckande.

412 806 54 36 En
508 819 121 22 annan
671 807 249 46 anmärkning
961 806 196 36 Utskottet
1198 807 66 35 har
1293 812 55 30 att
1376 812 79 30 mot
1484 807 71 35 den
1584 806 41 36 af
1650 806 132 48 Kongl.
1812 806 103 48 Maj:t

311 857 212 48 föreslagna
563 856 265 48 fördelningen
871 857 207 36 framställa
1121 865 40 27 är
1202 857 82 44 den,
1328 863 55 30 att
1418 858 496 47 hushållningssällskapens

311 909 109 36 andel
463 910 10 34 i
516 909 329 35 bränvinsmedlen
887 907 124 37 blifvit
1048 909 59 35 väl
1137 909 150 49 mycket
1314 909 223 36 reducerad.
1593 909 55 36 Då
1676 909 108 36 dessa
1812 908 104 37 förut

312 961 185 47 uppburit
526 962 157 42 797,823
714 961 151 43 kronor,
895 960 121 36 skulle
1046 960 158 36 andelen
1233 974 49 22 nu
1312 961 163 35 minskas
1503 961 57 35 till
1583 963 158 42 645,044
1763 961 151 35 kronor.

311 1012 72 35 Det
425 1019 40 28 är
505 1012 220 47 visserligen
768 1017 94 38 sant,
904 1018 55 29 att
1001 1012 231 47 landstinget
1277 1015 122 32 såsom
1449 1012 121 36 länets
1611 1012 304 49 representation

311 1067 118 32 måste
471 1076 106 23 anses
619 1063 233 46 berättigadt
888 1062 148 48 förfoga
1065 1062 104 37 öfver
1198 1063 45 36 de
1273 1063 135 44 medel,
1437 1077 80 22 som
1546 1064 126 35 kunna
1701 1064 128 35 ställas
1858 1064 57 35 till

310 1116 120 34 länets
471 1113 236 49 förfogande,
749 1113 156 37 framför
947 1114 481 48 hushållningssällskapet,
1466 1127 78 24 som
1569 1115 43 48 ju
1641 1115 274 48 kompletterar

310 1167 58 46 sig
395 1165 103 46 sjelft
526 1166 70 34 och
625 1166 111 35 hvars
767 1164 355 48 medelförvaltning
1151 1173 40 27 är
1219 1169 39 32 så
1286 1167 94 44 godt
1407 1179 80 22 som
1508 1166 300 44 okontrollerad;
1829 1179 83 21 men

312 1217 47 35 då
387 1217 63 35 det
479 1219 20 33 å
527 1216 116 36 andra
672 1215 105 37 sidan
808 1216 30 47 ej
869 1216 96 35 visat
993 1216 68 47 sig,
1091 1222 54 30 att
1174 1216 477 48 hushållningssällskapen
1681 1217 146 35 mindre
1854 1217 60 35 väl

311 1267 166 36 användt
506 1267 45 36 de
579 1267 134 44 medel,
743 1266 106 37 öfver
878 1267 126 36 hvilka
1034 1267 45 36 de
1101 1267 135 36 hittills
1256 1267 80 37 haft
1356 1273 55 30 att
1437 1267 158 49 förfoga,
1617 1268 71 36 och
1709 1268 46 36 de
1776 1267 138 45 dertill,

310 1320 10 34 i
350 1318 203 36 förlitande
595 1322 21 32 å
643 1319 80 35 sina
756 1318 39 35 af
819 1318 344 36 bränvinshandeln
1194 1319 237 49 härflytande
1461 1320 219 43 inkomster,
1710 1319 120 36 iklädt
1859 1319 56 47 sig

311 1370 190 47 åtskilliga
535 1369 269 49 förpligtelser,
838 1370 68 34 har
934 1369 197 37 Utskottet
1159 1369 125 37 funnit
1312 1370 63 36 det
1403 1383 89 23 vara
1521 1371 145 35 mindre
1695 1371 221 35 välbetänkt

311 1427 56 30 att
395 1434 50 22 nu
474 1421 153 47 vidtaga
656 1421 71 35 den
757 1420 40 36 af
821 1420 134 49 Kongl.
985 1420 103 49 Maj:t
1116 1420 211 49 föreslagna
1348 1421 203 37 reduktion
1572 1421 40 36 af
1637 1422 279 47 hushållnings-

310 1473 234 47 sällskapens
573 1472 218 35 inkomster.

411 1523 80 36 Den
519 1522 219 48 fördelning
766 1522 39 36 af
830 1523 343 42 bränvinsmedlen,
1202 1537 80 21 som
1311 1523 39 36 af
1374 1523 135 48 Kongl.
1539 1524 103 47 Maj:t
1666 1523 126 36 blifvit
1819 1523 97 36 före-

310 1576 141 46 slagen,
494 1574 191 36 förefaller
725 1573 196 37 Utskottet
962 1573 149 36 derföre
1153 1575 30 46 ej
1228 1573 109 37 hafva
1374 1574 191 37 företräde
1593 1574 158 36 framför
1779 1574 73 36 den
1881 1574 39 36 af

310 1625 198 37 Utskottet
536 1626 61 35 vid
627 1625 172 36 sistlidne
828 1625 154 48 riksdag
1009 1624 226 49 föreslagna,
1265 1631 79 30 mot
1373 1626 152 36 hvilken
1555 1626 110 36 ofvan
1695 1626 134 47 gjorda
1855 1639 61 22 an-

311 1678 242 46 märkningar
583 1678 31 46 ej
645 1677 126 35 kunna
799 1676 226 36 framställas
1054 1677 70 35 och
1156 1677 149 35 hvilken
1334 1676 196 37 Utskottet
1558 1677 56 35 får
1642 1677 164 36 förorda.

410 1727 16 36 I
442 1727 389 36 öfverensstämmelse
851 1727 154 36 dermed
1027 1728 67 35 har
1113 1727 195 36 Utskottet
1328 1733 123 31 ansett
1475 1728 329 36 bränvinsmedlen
1826 1728 91 36 böra

311 1779 164 35 fördelas
495 1779 170 42 sålunda,
682 1786 55 28 att
766 1778 57 35 för
846 1778 217 37 Stockholms
1082 1780 83 35 stad
1185 1785 56 29 tre
1261 1778 230 47 fjerdedelar
1511 1779 149 36 tillfalla
1680 1779 144 44 staden,
1846 1780 70 34 och

311 1829 218 37 återstoden
560 1830 156 35 insättes
737 1830 10 35 i
768 1829 293 45 Statskontoret,
1092 1829 56 36 för
1177 1843 123 23 annan
1319 1830 82 36 stad
1420 1830 83 36 eller
1525 1831 133 47 köping
1679 1830 142 36 hälften
1844 1830 74 36 till-

310 1881 110 35 faller
461 1881 132 35 staden
635 1881 91 35 eller
754 1881 191 47 köpingen
976 1881 69 35 och
1076 1881 40 35 af
1141 1882 218 35 återstoden
1390 1881 70 36 den
1490 1895 68 22 ena
1588 1881 143 36 hälften
1760 1882 158 35 insättes

311 1933 8 34 i
350 1931 286 36 vederbörande
666 1932 249 35 landtränteri
946 1932 69 34 och
1045 1932 71 35 den
1146 1932 117 35 andra
1293 1932 142 35 hälften
1468 1933 10 34 i
1508 1932 285 36 Statskontoret
1821 1938 96 30 samt

312 1984 56 35 för
396 1983 364 36 landskommunerna
790 1983 82 35 hela
901 1982 180 48 beloppet
1110 1983 156 36 insättes
1299 1984 9 34 i
1338 1983 285 36 vederbörande
1653 1983 262 36 landtränteri.

312 2034 53 36 De
408 2034 57 35 till
507 2033 284 36 Statskontoret
831 2034 159 35 influtna
1032 2034 150 35 medlen
1223 2034 121 36 skulle
1382 2033 167 37 derefter
1585 2034 165 36 fördelas
1780 2035 135 35 mellan

312 2086 241 36 Stockholms
582 2085 83 36 stad
694 2085 69 36 och
794 2085 110 35 länen
934 2085 95 35 efter
1058 2085 281 47 folkmängden.
1381 2086 177 36 Summan
1588 2085 39 36 af
1643 2086 71 35 den
1735 2085 58 36 för
1813 2086 104 35 länet

312 2136 174 36 behållna
528 2136 87 42 och,
641 2136 72 35 den
755 2135 96 36 efter
891 2135 268 48 folkmängden
1190 2137 194 35 tilldelade
1414 2137 158 35 andelen
1602 2137 118 35 borde
1751 2136 166 36 derefter

313 2187 163 35 fördelas
504 2187 170 44 sålunda,
704 2193 55 30 att
791 2185 83 51 fyra
903 2186 238 37 tiondedelar
1169 2187 149 36 tillfölle
1347 2187 191 49 landsting
1567 2188 70 36 och
1666 2187 95 44 stad,
1783 2201 78 23 som
1884 2188 30 47 ej

312 2239 10 34 i
352 2239 190 47 landsting
570 2238 163 46 deltoge,
763 2244 56 29 tre
848 2238 239 36 tiondedelar
1115 2239 427 49 hushållningssällskap
1571 2239 71 36 och
1680 2245 56 30 tre
1770 2239 148 36 tionde-

313 2290 103 35 delar
443 2290 123 35 länets
593 2290 173 47 samtlige
794 2290 344 35 landtkommuner.
