1888 2782
265 163 57 30 190
591 166 390 33 Jordbruksutskottetz
1001 169 178 32 utlåtande
1199 180 43 21 nr
1262 172 14 29 1
1297 172 39 30 år
1355 173 84 30 1957

620 252 50 28 att
686 251 186 41 riksdagen
888 253 58 30 må
962 253 51 30 till
1031 253 341 43 Tilläggsavvittring
1387 257 12 29 i
1416 258 261 31 Västerbottens
1694 260 76 30 läns

576 300 186 40 lappmark
788 302 53 30 för
866 303 206 40 budgetåret
1100 305 150 37 1957/58
1276 307 120 30 anvisa
1422 310 48 28 ett
1496 309 274 42 förslagsanslag

574 360 42 21 av
637 351 19 30 2
671 352 64 30 000
757 352 138 30 kronor.

311 499 113 34 188:0)
458 500 202 36 Ströängars
690 503 211 36 indragande
928 505 54 29 till
1011 506 143 30 kronan.
1185 508 125 39 Kungl.
1340 509 125 39 Maj:ts
1495 511 131 40 förslag
1655 514 113 29 under

264 549 158 39 punkten
441 550 60 31 201
528 552 42 33 (s.
589 552 208 36 524—525),
815 554 107 31 vilket
941 555 145 33 innebär
1106 558 213 31 oförändrad
1340 561 338 41 anslagsanvisning,
1700 564 68 29 till-

264 600 134 39 styrkes
417 610 42 20 av
477 602 180 36 utskottet,
676 612 76 21 som
769 604 202 32 hemställer

615 655 51 28 att
693 654 187 41 riksdagen
907 657 58 30 må
993 657 50 30 till
1070 658 208 40 Ströängars
1306 661 214 39 indragande
1550 663 52 30 till
1628 663 137 31 kronan

571 703 55 30 för
654 704 204 40 budgetåret
889 707 150 36 1957/58
1068 709 121 30 anvisa
1218 712 49 28 ett
1295 712 274 41 förslagsanslag
1598 724 42 20 av
1669 715 18 29 3
1702 715 64 30 800

570 754 141 31 kronor.

307 902 113 35 189:0)
453 904 191 32 Kostnader
673 907 56 29 för
757 908 216 35 provskiften
1001 911 11 29 i
1040 911 240 37 Kopparbergs
1308 914 67 30 län.
1404 914 177 32 Utskottet
1609 917 156 31 biträder

262 952 122 40 Kungl.
407 954 124 39 Maj:ts
552 955 262 43 framställning
834 960 112 29 under
966 961 158 39 punkten
1146 962 64 32 202
1238 963 42 34 (s.
1302 964 191 36 525—526)
1520 976 57 20 om
1599 968 166 31 oföränd-

259 1004 61 29 rad
343 1005 319 42 medelsanvisning
684 1009 65 28 och
771 1009 202 31 hemställer
995 1012 112 35 alltså,

610 1059 51 28 att
681 1058 188 41 riksdagen
890 1061 58 31 må
968 1061 52 30 till
1040 1062 199 32 Kostnader
1256 1064 57 41 för
1331 1066 220 41 provskiften
1573 1068 12 30 i
1603 1068 159 41 Koppar-

568 1107 99 40 bergs
694 1109 56 30 län
778 1110 55 30 för
856 1111 205 40 budgetåret
1090 1114 150 36 1957/58
1267 1116 120 30 anvisa
1413 1119 49 28 ett
1488 1118 274 42 förslagsanslag

566 1167 42 20 av
632 1159 40 29 10
686 1159 64 31 000
773 1161 138 30 kronor.

685 1327 43 35 L.
763 1328 132 36 Rikets
919 1330 195 37 allmänna
1136 1333 179 37 kartverk

302 1431 113 35 190:0)
440 1433 118 30 Rikets
578 1434 177 31 allmänna
775 1437 176 30 kartverk:
976 1439 221 37 Avlöningar.
1220 1442 116 30 Under
1357 1444 159 39 punkten
1538 1446 63 30 203
1628 1447 43 34 (s.
1695 1448 62 30 527

254 1481 123 34 —584)
406 1483 65 29 har
495 1484 124 40 Kungl.
643 1486 108 39 Maj:t
774 1487 188 38 hemställt,
987 1492 50 28 att
1061 1491 188 40 riksdagen
1274 1494 117 35 måtte,
1417 1495 154 31 förutom
1596 1499 51 28 att
1672 1498 85 30 fast-

256 1532 98 31 ställa
379 1542 46 31 ny
448 1534 265 40 avlöningsstat,
737 1537 120 31 anvisa
880 1541 49 28 ett
952 1541 121 39 anslag
1095 1551 42 20 av
1160 1542 21 29 4
1195 1542 63 30 988
1270 1544 62 29 000
1355 1545 131 30 kronor
1509 1547 83 30 eller
1615 1548 60 30 251
1693 1548 65 31 400

254 1581 128 31 kronor
404 1593 75 21 mer
501 1586 44 28 än
567 1588 246 30 motsvarande
835 1590 122 39 anslag
980 1591 54 30 för
1056 1592 236 32 innevarande
1316 1591 179 49 budgetår.

298 1633 119 30 Rikets
443 1634 178 32 allmänna
647 1637 166 31 kartverk
837 1639 202 32 hemställer
1064 1642 10 29 i
1100 1643 54 29 sin
1180 1645 414 43 anslagsframställning,
1620 1652 51 28 att
1697 1660 61 20 an-

255 1683 106 40 slaget
386 1685 90 29 skall
502 1686 100 39 höjas
627 1689 80 29 med
733 1688 63 30 463
810 1689 62 30 300
898 1690 131 31 kronor
1054 1693 51 29 till
1132 1694 18 29 5
1166 1695 61 29 199
1242 1695 61 30 900
1329 1696 141 31 kronor.
1496 1698 51 30 Av
1572 1700 67 30 den
1666 1701 90 30 före-

254 1733 118 40 slagna
398 1736 321 41 anslagsökningen
744 1739 127 31 hänför
897 1741 52 40 sig
974 1743 41 29 66
1030 1743 62 30 300
1118 1744 131 31 kronor
1277 1746 50 30 till
1355 1748 401 43 löneklassförändring-

253 1793 38 20 ar
312 1785 63 29 och
397 1787 157 38 reglerad
575 1788 323 43 befordringsgång,
924 1792 61 31 185
1000 1793 62 30 000
1085 1794 131 30 kronor
1239 1796 51 30 till
1316 1798 82 29 1956
1422 1799 57 30 års
1502 1800 253 42 lönereglering

252 1837 89 27 samt
364 1836 178 40 ökningen
565 1838 10 29 i
598 1839 113 40 övrigt
735 1841 52 29 till
810 1844 449 41 personalförstärkningar
1283 1848 64 29 och
1372 1849 383 43 tjänsteförändringar

251 1885 19 29 å
290 1885 91 30 olika
399 1887 126 39 byråer
543 1889 63 29 och
627 1891 226 40 avdelningar
871 1893 97 30 inom
987 1895 128 30 verket.

294 1936 265 40 Föredragande
582 1941 191 30 statsrådet
794 1942 73 35 har,
891 1944 89 30 efter
1002 1946 218 39 redogörelse
1244 1948 54 30 för
1320 1950 219 31 kartverkets
1563 1953 192 30 framställ-

250 1985 83 40 ning
355 1989 91 28 samt
468 1988 315 41 remissyttranden
805 2002 40 20 av
868 1995 252 32 statskontoret
1143 1998 65 29 och
1232 2001 131 28 statens
1387 2000 222 37 lönenämnd,
1633 2004 119 31 anfört

249 2035 9 29 i
282 2036 184 31 huvudsak
490 2039 166 40 följande.

296 2087 83 31 >Vid
402 2089 254 40 övervägandet
679 2101 43 21 av
744 2093 218 32 kartverkets
987 2096 130 41 förslag
1140 2108 57 20 om
1221 2099 199 33 inrättande
1444 2112 42 20 av
1510 2113 66 31 nya
1601 2105 153 40 tjänster

248 2136 62 30 bör
329 2138 145 31 beaktas
496 2142 50 28 att
567 2142 65 29 den
655 2142 39 30 år
718 2144 82 30 1956
822 2145 196 40 igångsatta
1040 2150 233 39 utredningen
1294 2153 148 29 rörande
1466 2155 283 38 organisationen

250 2196 40 21 av
309 2189 65 29 den
395 2198 43 21 av
458 2190 368 36 lantmäteriväsendet
846 2196 64 29 och
931 2197 200 32 kartverket
1153 2200 167 31 bedrivna
1341 2203 268 32 verksamheten
1631 2207 121 39 pågår.

246 2237 64 40 Jag
329 2240 36 28 är
384 2240 121 30 därför
526 2241 73 31 icke
619 2243 127 31 beredd
768 2247 49 28 att
837 2255 45 20 nu
902 2246 137 33 biträda
1059 2249 219 33 kartverkets
1299 2252 301 43 framställningar
1619 2256 128 31 beträf-

247 2288 103 31 fande
366 2292 447 42 personalförstärkningar
830 2299 107 28 annat
954 2299 44 28 än
1016 2299 11 28 i
1045 2300 37 29 så
1100 2301 121 36 måtto,
1239 2304 50 28 att
1304 2303 59 40 jag
1380 2304 170 37 förordar,
1569 2308 50 29 att
1635 2308 114 30 medel

249 2338 50 29 till
320 2341 46 28 ett
390 2340 125 42 belopp
538 2352 41 21 av
602 2344 101 39 högst
726 2345 96 31 8000
845 2347 130 31 kronor
998 2350 138 30 anvisas
1160 2351 56 30 för
1240 2354 217 30 anställande
1481 2364 42 22 av
1545 2366 42 20 en
1611 2359 140 38 pensio-

247 2391 103 29 nerad
377 2392 237 32 underofficer
640 2395 44 39 på
710 2396 66 29 den
804 2397 237 40 topografiska
1068 2400 202 41 kartbyrån.
1309 2404 120 39 Någon
1456 2407 224 41 uppräkning
1705 2417 45 22 av

246 2440 153 40 anslaget
424 2444 78 29 med
528 2446 246 31 motsvarande
799 2447 122 41 belopp
948 2450 38 29 är
1011 2450 192 33 emellertid
1229 2452 75 31 icke
1329 2455 230 41 erforderligt,
1586 2459 84 29 enär
1696 2467 53 21 er-
