1890 2788
422 158 389 32 Jordbruksutskottets
835 155 178 31 utlåtande
1036 164 42 20 nr
1102 154 14 29 1
1139 153 39 30 år
1201 152 83 30 1957
1568 149 39 30 39

148 247 116 30 Under
287 245 220 40 åberopande
531 253 42 20 av
596 244 59 29 det
678 242 148 30 anförda
849 240 65 30 och
937 240 43 29 då
1006 239 126 39 Kungl.
1157 238 124 39 Maj:ts
1305 236 131 38 förslag
1459 235 11 29 i
1493 234 113 38 övrigt

105 298 109 30 under
238 296 303 40 anslagspunkten
563 294 76 29 icke
663 291 198 32 föranleder
886 290 113 40 någon
1023 290 190 29 utskottets
1237 288 141 29 erinran
1403 285 202 29 hemställer

105 349 181 32 utskottet,

462 396 33 34 1)
526 397 51 28 att
600 394 187 39 riksdagen
811 392 67 35 må,
902 393 79 29 med
1004 391 100 29 bifall
1127 390 53 30 till
1203 388 126 40 Kungl.
1352 387 123 39 Maj:ts
1500 386 107 30 fram-

416 446 176 39 ställning,
610 445 53 31 till
680 445 108 39 Lägre
807 440 440 40 lantbruksundervisning
1263 449 46 23 m,
1327 448 62 21 m.:
1410 437 197 31 Understöd

416 498 35 30 åt
487 497 91 30 vissa
617 492 646 40 lantbruksundervisningsanstalter:
1302 489 213 39 Avlöningar
1553 489 55 29 för

417 547 205 40 budgetåret
653 546 148 35 1957/58
829 544 121 30 anvisa
979 546 49 28 ett
1059 542 274 40 förslagsanslag
1362 550 43 20 av
1434 539 95 30 7476
1544 538 63 31 000

417 599 145 34 kronor;

461 649 35 34 2)
523 650 49 28 att
592 648 217 30 motionerna
832 646 83 30 1:92
937 645 64 30 och
1022 645 45 29 II:
1085 644 58 30 116
1164 644 76 29 icke
1264 643 58 29 må
1344 641 182 31 föranleda
1549 640 60 30 nå-

418 707 67 32 gon
502 699 207 38 riksdagens
728 697 133 40 åtgärd.

153 840 97 34 40:0)
274 839 108 36 Lägre
399 834 433 35 lantbruksundervisning
849 842 44 20 m.
911 841 59 21 m.:
988 831 195 30 Understöd
1202 830 35 30 åt
1253 829 94 29 vissa
1365 827 245 32 lantbruksun-

108 888 399 37 dervisningsanstalter:
532 885 291 31 Driftkostnader.
846 882 25 30 Å
893 882 187 30 riksstaten
1104 881 54 30 för
1181 879 238 31 innevarande
1441 876 171 40 budgetår

109 941 64 29 har
189 940 155 30 anvisats
363 939 73 30 dels
455 938 51 30 till
523 938 110 38 Lägre
651 933 441 39 lantbruksundervisning
1109 941 45 21 m,
1172 940 61 21 m.:
1253 929 197 31 Understöd
1467 928 35 30 åt
1517 928 95 30 vissa

109 987 646 40 lantbruksundervisningsanstalter:
807 984 288 31 Driftkostnader
1147 984 49 28 ett
1246 979 274 40 förslagsanslag
1571 987 41 20 av

110 1042 19 29 2
144 1041 60 30 001
221 1041 62 30 500
303 1041 141 33 kronor,
463 1039 73 31 dels
555 1038 53 30 till
626 1038 109 38 Lägre
752 1033 442 39 lantbruksundervisning
1213 1041 45 21 m.
1278 1041 61 20 m.:
1361 1030 197 31 Understöd
1578 1029 35 30 åt

110 1092 93 29 vissa
223 1087 647 40 lantbruksundervisningsanstalter:
894 1086 126 38 Bidrag
1040 1085 54 29 till
1115 1083 153 30 arvoden
1288 1082 36 30 åt
1346 1081 197 30 skolläkare
1565 1081 49 28 ett

112 1142 276 39 förslagsanslag
420 1150 41 20 av
496 1139 118 30 10000
646 1139 139 29 kronor.
820 1137 117 30 Under
969 1136 161 40 punkten
1163 1134 41 30 43
1244 1133 43 34 (s.
1322 1131 188 34 142—144)
1548 1131 65 29 har

111 1192 126 39 Kungl.
260 1191 107 40 Maj:t
389 1190 189 39 föreslagit,
603 1191 51 28 att
675 1187 268 41 ifrågavarande
965 1186 57 30 två
1045 1185 122 40 anslag
1192 1184 89 31 skall
1305 1182 233 32 sammanslås
1561 1181 52 30 till

111 1245 49 28 ett
182 1243 89 29 enda
293 1242 67 30 och
382 1241 168 40 uppföras
574 1241 80 29 med
678 1242 15 28 1
709 1240 62 29 816
786 1239 63 30 000
872 1238 140 29 kronor.
1035 1235 365 39 Medelsanvisningen
1421 1233 193 30 innefattar

113 1303 42 20 en
176 1293 204 39 minskning
400 1292 78 29 med
501 1291 60 30 185
576 1290 64 31 500
659 1291 140 29 kronor.

157 1381 97 29 Efter
273 1379 218 40 redogörelse
510 1378 55 30 för
584 1374 377 40 lantbruksstyrelsens
981 1372 336 39 anslagsäskanden,
1336 1369 205 40 uppgående
1563 1368 51 29 till

115 1431 235 38 sammanlagt
370 1431 15 28 1
402 1429 62 30 968
480 1429 60 29 100
559 1428 142 32 kronor,
718 1427 64 28 har
801 1423 386 42 departementschefen
1207 1421 118 30 anfört
1344 1416 167 47 följande.

161 1482 90 29 »Mot
273 1481 168 38 förslaget
463 1481 50 28 att
534 1478 133 40 jämväl
689 1477 167 38 bidragen
879 1475 52 29 till
955 1474 152 30 arvoden
1131 1473 35 29 åt
1191 1471 227 31 skolläkarna
1438 1470 58 29 vid
1521 1469 94 29 vissa

111 1529 631 40 lantbruksundervisningsanstalter
760 1527 89 30 skall
869 1526 138 30 anvisas
1026 1525 112 30 under
1153 1523 229 31 förevarande
1402 1522 131 38 anslag,
1552 1520 65 30 har

111 1584 60 39 jag
195 1583 87 29 intet
306 1584 51 28 att
381 1581 125 30 erinra.
530 1581 65 38 Jag
620 1580 70 28 kan
713 1578 119 30 vidare
857 1576 185 40 tillstyrka,
1069 1577 52 28 att
1143 1574 168 39 bidragen
1336 1572 99 40 höjes
1461 1572 52 29 till
1538 1571 79 39 fyra

113 1635 130 28 kronor
267 1633 41 30 50
332 1633 58 29 öre
413 1632 55 29 för
491 1631 83 30 elev.
598 1631 67 29 För
689 1628 199 31 ändamålet
911 1627 62 30 bör
995 1626 175 30 beräknas
1195 1626 49 29 ett
1263 1624 79 30 med
1366 1622 95 30 4600
1486 1622 132 29 kronor

114 1684 52 30 till
190 1684 38 30 14
243 1684 62 29 600
328 1684 131 28 kronor
480 1681 78 40 höjt
578 1681 136 39 belopp.
737 1680 52 30 Då
811 1688 42 20 en
877 1677 246 31 motsvarande
1145 1675 148 40 höjning
1316 1675 57 39 ägt
1395 1682 79 21 rum
1495 1672 58 30 vid
1576 1673 41 29 de

113 1735 106 39 högre
245 1735 180 28 allmänna
450 1732 205 30 läroverken
680 1740 44 20 m.
746 1730 36 29 fl.
809 1729 245 30 läroanstalter
1080 1728 108 28 redan
1214 1727 67 29 den
1309 1727 14 28 1
1352 1724 143 30 oktober
1523 1723 95 33 1956,

113 1786 63 29 bör
195 1786 56 29 det
269 1785 106 38 högre
394 1782 304 40 bidragsbeloppet
716 1781 82 39 utgå
815 1780 132 39 jämväl
966 1779 54 29 för
1040 1778 128 29 läsåret
1190 1776 152 35 1956/57.
1362 1775 66 30 Vid
1447 1774 100 30 bifall
1567 1773 52 30 till

114 1836 66 29 vad
198 1835 59 39 jag
276 1844 47 19 nu
343 1833 189 39 föreslagit,
551 1833 99 29 torde
669 1832 56 29 det
744 1831 36 30 få
799 1831 188 29 ankomma
1008 1829 44 39 på
1071 1828 126 39 Kungl.
1218 1826 107 39 Maj:t
1341 1827 50 28 att
1409 1825 140 39 vidtaga
1569 1833 51 20 er-

116 1885 188 38 forderliga
326 1882 433 40 författningsändringar.

160 1936 71 29 Mot
251 1933 377 39 lantbruksstyrelsens
647 1930 193 40 beräkning
860 1939 41 21 av
920 1927 305 31 medelsbehovet
1214 1921 18 55 i
1245 1926 112 39 övrigt
1376 1925 111 30 under
1507 1925 114 30 ansla-

116 1988 56 37 get
188 1986 64 29 har
267 1985 60 39 jag
344 1985 102 38 ingen
464 1992 116 21 annan
598 1982 142 30 erinran
757 1983 44 28 än
819 1982 50 29 att
887 1980 155 39 anslaget
1060 1979 79 29 med
1156 1978 138 39 hänsyn
1312 1977 53 29 till
1382 1977 67 29 den
1466 1971 156 48 minska-

118 2037 41 29 de
177 2035 243 39 belastningen
439 2034 97 29 torde
554 2033 120 29 kunna
696 2032 198 29 nedräknas
914 2031 78 29 med
1012 2029 63 30 200
1091 2029 62 30 000
1174 2029 140 30 kronor.
1331 2027 67 30 För
1417 2027 99 29 nästa
1536 2026 86 29 bud-

117 2087 96 39 getår
235 2095 102 30 synes
358 2085 156 39 anslaget
535 2084 149 30 sålunda
704 2082 132 30 behöva
857 2083 171 38 upptagas
1049 2080 79 29 med
1149 2081 48 28 ett
1218 2079 125 39 belopp
1365 2087 42 20 av
1432 2077 36 34 (2
1482 2076 60 30 001
1560 2075 62 31 500

124 2136 36 36 +
179 2135 38 29 14
232 2135 62 29 600
320 2153 1 2 —
365 2134 65 30 200
442 2134 61 29 000
518 2135 58 33 =)
604 2133 10 29 i
635 2132 172 30 avrundat
832 2131 44 29 tal
900 2131 14 29 1
932 2130 61 30 816
1009 2130 62 30 000
1093 2130 161 28 kronor.»

164 2215 185 30 Utskottet.
368 2213 125 38 Kungl.
511 2211 125 38 Maj:ts
655 2209 129 38 förslag
803 2207 197 30 föranleder
1018 2206 30 39 ej
1071 2205 140 29 erinran
1231 2204 79 29 från
1329 2204 188 28 utskottets
1537 2202 85 29 sida.

123 2265 174 29 Utskottet
317 2262 202 30 hemställer
542 2259 231 33 fördenskull,

477 2313 50 27 att
547 2310 188 38 riksdagen
756 2308 56 29 må
833 2307 52 30 till
904 2307 108 38 Lägre
1034 2303 440 39 lantbruksundervisning
1494 2312 45 19 m.
1562 2311 61 20 m.:

436 2360 198 32 Understöd
660 2360 36 29 åt
724 2359 90 29 vissa
843 2353 645 40 lantbruksundervisningsanstalter:
1518 2352 109 40 Drift-

437 2411 190 30 kostnader
652 2410 54 29 för
730 2408 204 39 budgetåret
962 2406 150 35 1957/58
1136 2405 121 29 anvisa
1282 2406 49 28 ett
1355 2403 273 39 förslagsanslag

436 2472 41 19 av
500 2461 94 29 1816
609 2460 63 30 000
693 2460 139 30 kronor.
