1898 2784
277 148 55 29 110
595 150 390 31 Jordbruksutskottets
1008 152 180 30 utlåtande
1210 163 42 20 nr
1275 154 14 29 1
1312 154 39 30 år
1374 155 84 29 1957

276 231 59 30 vör
356 241 54 21 ses
431 241 41 21 ur
492 232 64 31 den
573 234 234 39 synpunkten,
829 237 51 29 att
900 236 56 29 det
976 236 43 40 på
1039 237 118 40 längre
1178 237 70 30 sikt
1267 238 75 30 icke
1362 238 145 31 innebär
1527 240 114 40 någon
1662 241 114 31 direkt

275 281 131 40 ökning
427 291 42 20 av
490 284 289 39 statsutgifterna.

319 357 394 41 Departementschefen
734 361 63 29 har
817 361 119 30 anfört
957 362 165 39 följande.

321 407 412 41 »Lantbruksstyrelsens
750 410 131 40 förslag
898 413 50 28 att
964 412 53 30 för
1033 414 101 29 nästa
1152 414 38 29 år
1206 414 138 30 minska
1362 415 57 30 det
1435 416 134 40 belopp,
1586 417 95 29 inom
1698 427 78 20 vars

275 465 74 20 ram
373 456 123 41 bidrag
519 458 51 29 till
594 458 255 42 återbetalning
874 470 43 20 av
940 461 58 30 lån
1021 462 54 30 för
1099 470 202 32 gemensam
1325 465 369 42 maskinanvändning
1719 468 56 30 må

275 506 145 40 beviljas
440 508 81 29 eller
540 509 203 30 utfästelser
761 519 57 21 om
836 511 124 40 bidrag
979 512 100 39 eljest
1098 514 113 38 göras,
1230 514 69 30 kan
1317 515 60 39 jag
1396 516 76 29 icke
1492 516 147 31 biträda.
1659 515 117 47 Enligt

274 557 72 29 min
366 558 141 39 mening
527 558 61 31 bör
609 560 108 39 sagda
736 560 124 41 belopp
881 562 192 31 fastställas
1097 564 51 29 till
1169 565 206 30 oförändrat
1398 567 13 28 1
1429 566 62 31 000
1506 567 62 30 000
1589 568 140 31 kronor.

317 607 71 30 Mot
409 607 238 42 beräkningen
671 620 42 20 av
734 612 279 31 medelsbehovet
1033 613 64 30 har
1118 614 61 40 jag
1200 615 76 31 icke
1298 616 115 39 någon
1435 618 150 32 erinran.
1610 619 165 40 Anslaget

274 658 96 29 torde
387 658 149 31 sålunda
551 660 54 30 för
622 662 102 29 nästa
740 661 170 40 budgetår
927 663 83 30 böra
1027 665 169 39 uppföras
1214 667 78 29 med
1310 669 49 27 ett
1378 668 61 30 150
1454 668 62 31 000
1533 669 131 30 kronor
1681 670 93 40 lägre

273 709 123 39 belopp
419 710 45 29 än
482 710 53 30 för
554 711 235 31 innevarande
808 713 38 30 år
866 714 83 30 eller
970 716 77 28 med
1069 716 96 30 1510
1182 717 62 29 000
1264 718 161 29 kronor.»

317 784 185 31 Utskottet.
532 786 125 39 Kungl.
686 788 105 39 Maj:t
819 789 65 30 har
913 791 110 28 under
1052 791 228 31 förevarande
1309 794 256 40 anslagspunkt
1595 796 178 39 föreslagit

272 834 72 29 dels
370 836 51 28 att
444 836 154 39 anslaget
622 836 55 30 för
702 839 98 29 nästa
825 839 170 39 budgetår
1021 842 87 29 skall
1135 842 170 39 uppföras
1329 845 79 28 med
1436 845 93 30 1510
1544 845 63 30 9000
1632 847 140 33 kronor,

272 884 71 30 dels
361 886 51 28 att
430 886 56 29 det
501 886 134 40 belopp,
654 887 95 30 inom
764 898 78 21 vars
862 899 76 20 ram
955 891 110 29 under
1081 892 204 39 budgetåret
1306 894 82 29 1957
1396 895 60 40 /58
1473 894 122 40 bidrag
1615 896 52 29 till
1685 897 87 29 åter-

271 934 179 40 betalning
471 945 42 20 av
535 937 56 29 lån
615 937 55 30 för
693 946 200 31 gemensam
916 941 367 41 maskinanvändning
1306 944 57 30 må
1386 945 146 39 beviljas
1556 946 82 30 eller
1663 947 109 30 utfäs-

274 983 100 30 telser
395 993 58 20 om
473 986 120 39 bidrag
614 987 104 39 eljest
737 989 110 38 göras,
870 989 90 30 skall
980 991 193 30 fastställas
1195 993 52 29 till
1268 994 205 30 oförändrat
1499 997 12 28 1
1530 996 61 30 000
1607 997 62 30 000
1694 997 77 29 kro-

272 1044 71 20 nor.
365 1036 12 28 I
398 1036 217 31 motionerna
637 1039 28 29 I:
686 1039 58 29 147
767 1041 64 28 och
851 1040 45 30 II:
917 1041 61 30 186
998 1042 63 29 har
1082 1043 223 35 framhållits,
1327 1047 50 28 att
1400 1045 87 30 flera
1509 1047 75 29 skäl
1606 1048 90 29 talar
1717 1048 54 30 för

271 1086 49 28 att
342 1085 265 39 ifrågavarande
629 1088 363 40 bidragsverksamhet
1015 1092 61 30 bör
1100 1094 168 38 upphöra.
1292 1095 116 39 Enligt
1429 1096 259 32 motionärerna
1709 1099 62 29 bör

271 1134 110 29 medel
404 1144 48 20 nu
473 1137 114 29 anslås
608 1138 125 30 endast
755 1139 53 30 för
830 1142 52 27 alt
902 1141 135 30 utdelas
1058 1143 44 38 på
1123 1144 114 38 grund
1257 1153 42 20 av
1319 1145 126 30 hittills
1467 1146 123 39 gjorda
1612 1148 157 29 utfästel-

271 1194 62 25 ser,
358 1187 128 29 medan
508 1188 112 39 någon
643 1198 76 22 ram
743 1190 53 30 för
817 1192 120 29 vidare
961 1193 343 39 bidragsutfästelser
1327 1196 76 29 icke
1427 1197 117 39 längre
1569 1198 62 29 bör
1654 1207 115 31 anges.

270 1235 11 28 I
299 1236 204 40 anslutning
519 1238 117 29 härtill
654 1240 105 38 yrkas
776 1241 9 29 i
802 1241 220 31 motionerna
1040 1244 118 38 avslag
1176 1245 19 29 å
1213 1245 124 40 Kungl.
1355 1247 124 39 Maj:ts
1498 1247 271 41 framställning,

270 1285 9 28 i
298 1286 65 29 vad
383 1295 100 21 avser
500 1288 273 39 bidragsramen.

314 1335 77 30 Med
412 1336 187 41 anledning
618 1338 109 31 härav
744 1340 58 29 vill
823 1341 171 30 utskottet
1015 1343 115 29 erinra
1149 1353 58 20 om
1226 1345 66 29 den
1312 1347 111 29 under
1442 1349 158 37 punkten
1620 1350 37 29 51
1681 1350 10 28 i
1712 1351 57 28 det

270 1385 208 40 föregående
496 1388 235 31 omförmälda
748 1391 243 40 utredningen,
1010 1393 114 30 vilken
1145 1395 106 39 enligt
1271 1397 188 30 utskottets
1478 1398 211 31 hemställan
1708 1400 61 30 bör

267 1437 208 31 verkställas
494 1439 221 31 beträffande
735 1441 89 31 vissa
847 1444 112 29 under
979 1444 125 31 nionde
1124 1446 221 31 huvudtiteln
1367 1449 171 39 utgående
1558 1450 132 40 bidrag.
1711 1452 59 29 Ut-

270 1486 128 30 skottet
424 1487 215 40 förutsätter,
666 1493 50 27 att
742 1493 84 28 även
853 1493 228 31 förevarande
1107 1497 122 39 anslag
1253 1497 196 41 inbegripes
1477 1500 9 28 i
1512 1501 115 29 denna
1653 1503 115 28 utred-

270 1537 92 39 ning.
387 1538 12 28 I
425 1538 148 30 avbidan
598 1540 44 39 på
667 1542 180 30 resultatet
872 1552 42 20 av
939 1545 231 39 utredningen
1194 1546 62 30 bör
1279 1549 107 39 enligt
1412 1550 187 31 utskottets
1627 1552 141 39 mening

269 1587 113 39 någon
401 1589 148 39 ändring
567 1599 42 20 av
628 1591 156 39 anslaget
805 1602 47 19 nu
873 1593 76 31 icke
967 1594 267 40 ifrågakomma.
1254 1598 177 31 Utskottet
1450 1600 153 31 biträder
1623 1598 143 48 således,

268 1638 64 29 vad
355 1638 127 39 Kungl.
505 1640 103 39 Maj:t
631 1641 176 31 hemställt
830 1643 221 33 beträffande
1074 1645 282 41 bidragsramens
1380 1651 130 29 storlek
1532 1652 65 29 och
1622 1653 146 30 medels-

267 1688 240 40 anvisningen.

310 1738 117 30 Under
448 1740 218 40 åberopande
688 1751 41 20 av
748 1744 65 29 vad
836 1744 157 38 sålunda
1008 1747 135 29 anförts
1165 1748 202 31 hemställer
1389 1747 179 48 utskottet,

622 1793 34 33 1)
686 1794 49 29 att
758 1794 187 40 riksdagen
970 1797 66 38 må,
1060 1799 78 29 med
1163 1799 98 30 bifall
1285 1799 51 31 till
1360 1801 126 40 Kungl.
1511 1803 124 39 Maj:ts
1659 1804 106 30 fram-

575 1843 175 40 ställning,
775 1844 51 30 till
848 1845 130 40 Bidrag
1003 1847 51 29 till
1074 1848 255 41 återbetalning
1353 1861 43 19 av
1420 1852 56 30 lån
1499 1853 80 39 från
1603 1854 162 39 jordbru-

573 1892 77 30 kets
674 1893 309 41 maskinlånefond
1004 1897 54 30 för
1080 1898 204 40 budgetåret
1309 1901 151 42 1957/58
1483 1904 121 30 anvisa
1626 1906 48 28 ett
1696 1905 69 29 för-

574 1942 215 41 slagsanslag
814 1954 43 21 av
883 1946 96 30 1510
994 1947 61 30 000
1082 1948 146 36 kronor;

618 1992 36 34 2)
688 1995 51 28 att
766 1994 220 32 motionerna
1013 1997 28 29 I:
1061 1998 59 29 147
1152 2000 64 29 och
1244 2000 45 29 II:
1309 2001 71 34 186,
1412 2003 103 30 såvitt
1543 2005 108 38 angår
1680 2005 84 30 fast-

572 2043 187 31 ställandet
782 2054 42 20 av
847 2045 274 41 bidragsramen,
1148 2049 75 30 icke
1247 2051 58 30 må
1330 2051 182 32 föranleda
1536 2055 114 39 någon
1677 2056 87 30 riks-

571 2093 131 39 dagens
724 2094 136 40 åtgärd;

616 2143 36 34 3)
682 2146 50 28 att
755 2145 188 40 riksdagen
966 2148 66 34 må,
1057 2150 79 28 med
1160 2151 188 40 anledning
1373 2162 42 20 av
1438 2155 64 29 vad
1527 2164 74 20 som
1627 2156 136 30 anförts

571 2193 9 28 1
601 2194 218 32 motionerna
843 2196 29 30 I:
893 2197 59 30 147
977 2199 63 28 och
1062 2199 45 29 II:
1128 2199 72 35 186,
1222 2201 103 31 såvitt
1346 2212 47 20 nu
1418 2204 37 29 är
1478 2204 10 28 i
1510 2205 109 39 fråga,
1642 2206 11 28 i
1677 2207 85 29 skri-

569 2244 92 29 velse
683 2245 51 29 till
754 2246 125 39 Kungl.
902 2248 105 39 Maj:t
1027 2249 195 36 hemställa,
1243 2253 49 29 att
1312 2252 126 40 Kungl.
1461 2254 105 40 Maj:t
1587 2256 80 30 ville
1689 2257 72 30 dels

570 2293 157 41 företaga
747 2296 66 29 den
832 2297 11 28 i
862 2297 58 29 det
941 2298 207 40 föregående
1168 2302 161 30 närmare
1351 2303 147 32 berörda
1520 2303 241 47 utredningen,

566 2343 73 29 dels
663 2344 174 41 förelägga
860 2347 188 40 riksdagen
1070 2350 41 29 de
1134 2350 140 41 förslag,
1297 2353 115 30 vartill
1436 2356 232 39 utredningen
1691 2357 68 30 kan

568 2394 192 31 föranleda.
