1888 2790
439 173 390 33 Jordbruksutskottets
852 170 180 31 utlåtande
1054 179 43 20 nr
1119 169 15 29 1
1157 168 39 30 år
1219 166 84 31 1957
1588 164 37 30 15

168 262 187 31 Utskottet.
384 260 177 31 Utskottet
588 259 64 28 har
681 258 106 38 ingen
816 255 143 30 erinran
987 255 73 28 mot
1088 252 127 39 Kungl.
1245 251 124 39 Maj:ts
1399 249 131 39 förslag
1559 248 65 29 och

122 312 204 30 hemställer
351 311 159 34 sålunda,

477 362 51 28 att
548 360 186 38 riksdagen
757 357 57 30 må
835 357 51 30 till
907 356 129 39 Bidrag
1058 355 51 29 till
1127 354 121 39 skogs-
1268 352 65 30 och
1356 350 268 31 lantbruksaka-

433 412 111 29 mien:
575 408 217 32 Akademien
822 408 55 30 för
906 406 205 40 budgetåret
1143 403 152 36 1957/58
1325 402 121 30 anvisa
1476 403 49 28 ett
1555 400 70 30 för-

433 461 216 41 slagsanslag
669 469 43 21 av
733 459 41 30 90
790 459 62 30 700
874 458 142 29 kronor.

170 598 97 34 14:0)
297 598 125 35 Bidrag
442 598 54 29 till
518 597 117 35 skogs-
658 596 65 29 och
745 591 402 33 lantbruksakademien:
1173 590 194 29 Kostnader
1389 589 55 29 för
1466 588 159 36 jordbru-

126 649 73 30 kets
221 648 267 36 forskningsråd
511 657 43 20 m.
576 647 57 29 m.!
656 645 127 39 Kungl.
807 644 105 39 Maj:t
935 643 64 29 har
1022 642 111 30 under
1155 641 161 40 punkten
1340 639 39 30 14
1408 639 43 33 (s.
1475 637 146 33 41—42)

125 699 180 30 hemställt
331 708 56 20 om
412 707 42 20 en
482 697 79 30 med
586 697 15 29 4
619 696 62 31 400
707 696 131 29 kronor
864 694 52 29 till
944 693 41 30 64
999 693 65 30 500
1089 693 131 29 kronor
1245 690 210 40 uppräknad
1481 688 145 30 medels-

126 749 197 39 anvisning.
349 748 195 39 Ökningen,
568 756 75 21 som
665 745 283 39 huvudsakligen
971 745 39 29 är
1033 753 43 21 av
1101 741 217 32 automatisk
1340 740 178 33 karaktär,
1542 739 85 29 hän-

126 801 55 29 för
204 800 52 39 sig
279 800 52 29 till
354 801 166 38 posterna
543 798 161 38 avlöning
727 797 36 29 åt
786 796 109 30 förste
919 794 341 40 byråsekreteraren,
1283 792 96 39 övrig
1403 789 224 34 arbetskraft,

127 851 153 30 arvoden
302 850 65 30 och
388 849 324 38 reseersättningar.

173 951 186 31 Utskottet.
387 951 78 29 Med
491 949 246 40 tillstyrkande
764 957 42 21 av
832 946 126 39 Kungl.
986 945 124 40 Maj:ts
1137 944 263 38 framställning
1426 941 202 31 hemställer

128 1002 182 33 utskottet,

483 1052 50 28 att
553 1049 187 39 riksdagen
761 1048 58 30 må
839 1048 52 29 till
912 1047 130 39 Bidrag
1063 1046 51 30 till
1133 1046 120 39 skogs-
1274 1045 64 30 och
1361 1043 268 31 lantbruksaka-

439 1100 154 31 demien:
614 1099 199 30 Kostnader
831 1099 56 39 för
907 1097 227 41 jordbrukets
1153 1096 272 40 forskningsråd
1445 1104 45 20 m.
1511 1104 44 19 m.
1577 1093 54 30 för

439 1150 205 40 budgetåret
667 1150 150 35 1957/58
841 1149 122 29 anvisa
984 1150 49 28 ett
1054 1146 274 40 förslagsanslag
1350 1155 42 20 av
1413 1145 41 30 64
1468 1145 63 30 500
1553 1145 78 29 kro-

440 1211 75 20 nor.

173 1346 96 34 15:0)
293 1345 208 36 Främjande
520 1354 42 20 av
583 1344 184 35 forskning
787 1344 43 35 på
849 1342 224 36 jordbrukets
1094 1342 141 29 område
1256 1350 44 20 m.
1321 1350 44 20 m.
1386 1339 115 30 Under
1523 1339 110 38 punk-

131 1398 59 28 ten
214 1397 38 30 15
281 1396 43 33 (s.
347 1395 147 35 43—-44)
521 1395 65 29 har
608 1394 126 39 Kungl.
758 1393 106 39 Maj:t
886 1392 180 30 hemställt
1088 1401 56 20 om
1167 1400 44 21 en
1236 1391 80 30 med
1339 1390 61 31 200
1415 1390 63 30 000
1502 1390 130 29 kronor

132 1446 52 30 till
208 1446 63 30 950
287 1446 64 30 000
372 1446 131 29 kronor
525 1445 91 30 ökad
640 1443 340 41 anslagsanvisning.

175 1498 14 29 I
210 1497 94 29 detta
329 1495 255 39 sammanhang
603 1495 65 29 har
688 1494 172 30 utskottet
880 1493 191 30 behandlat
1092 1492 57 30 två
1169 1492 98 30 inom
1290 1492 187 38 riksdagen
1497 1491 135 34 väckta,

132 1547 52 29 till
207 1546 172 30 utskottet
401 1546 192 30 hänvisade
615 1545 226 40 likalydande
865 1544 182 37 motioner,
1072 1543 176 39 nämligen
1272 1543 30 29 1:
1318 1542 63 31 228
1405 1551 43 20 av
1469 1541 81 30 herr
1572 1542 61 28 Es-

133 1597 135 30 kilsson
294 1598 91 29 samt
409 1597 46 30 II:
472 1596 63 31 280
560 1605 42 22 av
626 1595 123 31 herrar
773 1594 202 40 H&eggblom
1002 1594 66 30 och
1093 1593 185 40 Agerberg,
1304 1593 12 29 i
1340 1593 95 36 vilka
1462 1592 172 30 motioner

134 1647 209 36 hemställts,
373 1647 104 30 såvitt
509 1656 48 20 nu
585 1647 38 30 är
652 1646 12 30 i
693 1646 110 39 fråga,
833 1647 51 28 att
912 1645 189 39 riksdagen
1132 1644 108 30 måtte
1270 1644 52 29 till
1351 1643 213 39 Främjande
1592 1652 42 20 av

133 1698 187 39 forskning
336 1697 44 41 på
394 1697 227 41 jordbrukets
638 1697 143 30 område
798 1706 45 21 m.
861 1705 45 20 m.
923 1695 130 40 bevilja
1068 1697 49 28 ett
1134 1695 125 40 belopp
1276 1704 42 21 av
1335 1694 63 31 900
1413 1694 62 30 000
1494 1694 139 29 kronor.

176 1748 229 31 Beträffande
430 1748 42 30 de
496 1748 87 34 skäl,
608 1757 75 21 som
707 1747 136 31 anförts
867 1746 53 30 till
946 1746 77 30 stöd
1047 1746 55 30 för
1126 1746 231 33 motionerna,
1382 1745 55 30 får
1463 1745 171 29 utskottet

133 1798 149 31 hänvisa
305 1798 51 30 till
379 1799 112 29 dessa.

176 1874 397 39 Departementschefen
600 1873 63 29 har
687 1891 45 3 —
757 1872 88 30 efter
872 1873 162 28 närmare
1060 1872 219 38 redogörelse
1305 1871 55 30 för
1386 1871 249 38 anslagsfram-

137 1924 212 39 ställningen
387 1923 81 30 från
506 1923 227 40 jordbrukets
773 1922 280 39 forskningsråd,
1093 1921 151 40 lydande
1284 1921 20 30 å
1342 1923 49 28 ett
1430 1921 124 40 belopp
1595 1930 42 20 av

138 1974 94 30 1100
246 1973 63 31 000
328 1974 130 29 kronor
476 1992 44 3 —
539 1973 116 30 anfört
676 1973 168 39 följande.

181 2024 98 30 »Med
300 2024 136 37 hänsyn
457 2024 53 30 till
532 2024 65 30 den
620 2022 279 39 grundläggande
922 2022 185 38 betydelse,
1131 2031 74 21 som
1228 2022 228 38 forskningen
1477 2022 44 37 på
1544 2022 93 37 jord-

135 2072 143 32 brukets
299 2074 140 30 område
459 2074 65 29 har
545 2074 53 30 för
616 2073 375 39 jordbruksnäringen,
1013 2073 64 29 har
1096 2072 268 39 ifrågavarande
1385 2073 121 39 anslag
1526 2073 111 30 under

133 2125 42 30 de
199 2126 138 28 senaste
359 2125 56 29 två
435 2124 215 39 budgetåren
671 2123 219 40 uppräknats
913 2123 78 30 med
1014 2123 234 39 sammanlagt
1270 2123 62 29 400
1348 2123 62 30 000
1433 2123 130 29 kronor
1585 2123 52 29 till

134 2175 62 29 750
210 2175 63 30 000
301 2175 139 30 kronor.
470 2175 121 30 Såsom
618 2174 157 39 framgår
801 2183 43 20 av
870 2173 67 30 vad
965 2173 305 39 forskningsrådet
1298 2173 118 30 anfört
1443 2173 11 29 i
1482 2173 152 33 ärendet,

134 2225 185 39 föreligger
346 2225 192 29 emellertid
567 2224 218 30 fortfarande
814 2233 42 21 en
886 2224 162 29 kännbar
1075 2223 88 30 brist
1192 2223 44 39 på
1267 2223 111 30 medel
1406 2223 11 29 i
1446 2223 190 30 förhållan-

134 2276 41 29 de
202 2276 53 29 till
283 2276 57 28 det
367 2277 92 28 stora
487 2275 146 29 behovet
660 2284 43 20 av
730 2274 185 39 forskning
943 2274 44 39 på
1014 2273 168 29 området.
1211 2273 72 29 Mot
1311 2273 112 29 denna
1452 2273 184 39 bakgrund

135 2326 64 29 och
240 2326 79 29 med
359 2314 195 41 beaktande
593 2334 42 21 av
663 2325 116 29 denna
808 2324 204 38 forsknings
1043 2323 231 30 ekonomiska
1305 2323 174 38 betydelse
1510 2324 38 28 är
1579 2324 58 37 jag

133 2377 128 29 beredd
288 2378 50 27 att
364 2376 141 29 förorda
531 2385 42 20 en
598 2375 201 40 ytterligare
824 2374 171 39 väsentlig
1021 2373 148 40 höjning
1195 2383 42 19 av
1264 2373 166 39 anslaget.
1457 2373 64 39 Jag
1548 2373 87 29 före-

172 2456 8 14 1
200 2454 127 30 Tidigare
345 2454 93 23 rubrik
458 2454 102 28 Bidrag
579 2453 41 23 till
639 2453 91 29 skogs-
750 2452 51 24 och
819 2451 311 25 lantbruksakademien
1149 2451 43 23 för
1210 2450 176 24 bestridande
1405 2456 35 17 av
1457 2450 185 23 kostnaderna

130 2488 42 23 för
190 2488 179 30 jordbrukets
387 2486 206 31 forskningsråd
612 2493 35 17 m.
667 2493 36 17 m.
