1900 2782
445 150 390 30 Jordbruksutskottets
859 150 179 30 utlåtande
1061 159 41 20 nr
1125 151 14 28 1
1163 150 39 30 år
1225 150 83 29 1957
1573 150 54 30 101

477 236 51 28 att
551 234 188 40 riksdagen
762 235 57 29 må
842 235 51 29 till
915 234 198 29 Kostnader
1135 234 56 39 för
1215 233 348 40 beredskapslagring
1586 242 42 21 av

434 285 181 30 livsmedel
635 286 64 29 och
721 285 216 39 fodermedel
958 294 44 20 m.
1026 294 44 21 m.
1094 284 54 30 för
1169 284 205 39 budgetåret
1398 284 148 40 1957/58
1569 293 59 21 an-

432 337 76 30 visa
526 338 48 28 ett
593 336 273 40 förslagsanslag
884 346 42 20 av
946 336 38 30 15
1001 336 62 30 000
1079 336 61 31 000
1160 336 140 29 kronor.

172 508 118 33 105:0)
321 508 198 35 Ersättning
543 507 53 29 till
622 507 155 35 Sveriges
802 506 174 30 allmänna
1002 505 264 36 hypoteksbank
1292 506 55 28 för
1371 505 255 35 förvaltningen

125 568 42 20 av
192 561 130 27 statens
346 558 340 30 sekundärlånefond
710 558 56 29 för
790 557 230 35 jordbrukare
1044 567 43 19 m.
1114 566 42 20 m.
1180 556 148 30 Jämlikt
1352 555 126 39 Kungl.
1504 555 123 39 Maj:ts

125 609 110 29 under
257 609 158 39 punkten
439 609 59 29 111
530 608 42 34 (s.
596 608 79 34 313)
703 607 124 39 gjorda
848 607 262 39 framställning
1132 616 57 20 om
1212 616 42 19 en
1279 606 76 29 med
1382 607 13 28 1
1413 606 62 30 000
1499 606 129 29 kronor

125 660 52 30 till
202 660 38 30 17
258 660 63 30 000
344 661 129 28 kronor
496 659 164 30 minskad
680 659 321 38 medelsanvisning
1025 658 201 30 hemställer
1250 658 179 33 utskottet,

479 711 50 27 att
555 709 215 29 riksbanken
797 708 55 30 må
878 708 51 29 till
955 708 206 40 Ersättning
1189 708 52 28 till
1265 707 155 40 Sveriges
1447 707 179 29 allmänna

436 759 270 39 hypoteksbank
736 759 57 39 för
823 758 261 40 förvaltningen
1115 767 42 21 av
1188 759 133 28 statens
1352 757 274 30 sekundärlåne-

431 811 87 39 fond
535 811 56 39 för
605 811 233 39 jordbrukare
854 819 45 22 m.
916 819 46 21 m.
981 810 56 29 för
1052 809 204 39 budgetåret
1275 808 148 37 1957/58
1440 808 122 29 anvisa
1579 809 49 28 ett

435 861 274 39 förslagsanslag
730 870 41 20 av
793 861 37 29 17
847 861 60 30 000
929 861 141 28 kronor.

171 1031 119 33 106:0)
330 1032 133 29 Statens
510 1031 150 29 maskin-
707 1031 64 29 och
818 1029 539 37 redskapsprovningsanstalter:
1407 1029 221 34 Avlöningar.

124 1081 125 40 Kungl.
272 1081 123 39 Maj:ts
416 1081 113 30 under
550 1081 159 40 punkten
733 1081 60 29 112
821 1081 42 33 (s.
885 1080 192 34 314—317)
1104 1080 123 39 gjorda
1250 1079 261 39 framställning
1532 1079 95 29 inne-

124 1132 108 29 fattar
251 1151 44 3 —
315 1132 154 30 förutom
488 1132 212 29 hemställan
719 1132 54 29 till
793 1131 187 39 riksdagen
1001 1133 51 27 att
1073 1131 159 39 medgiva
1253 1130 147 39 ändring
1419 1130 11 29 i
1450 1130 177 39 personal-

125 1183 267 39 förteckningen
421 1183 65 29 och
516 1182 176 30 fastställa
722 1192 47 30 ny
799 1182 254 39 avlöningsstat
1083 1200 43 3 -—
1155 1191 43 20 en
1228 1181 329 39 anslagsanvisning
1587 1189 40 20 av

125 1233 59 30 351
201 1234 64 31 300
293 1234 138 34 kronor,
459 1233 109 30 vilket
595 1233 124 40 belopp
746 1233 189 39 överstiger
962 1232 237 30 innevarande
1227 1231 187 40 budgetårs
1443 1231 185 39 anvisning

125 1285 78 28 med
231 1285 119 30 25600
377 1285 140 29 kronor.
547 1284 51 29 Av
625 1284 194 40 höjningen
845 1284 139 39 belöper
1013 1283 96 31 2100
1136 1284 131 28 kronor
1294 1283 19 29 å
1341 1282 218 39 ombildning
1587 1291 41 20 av

124 1335 409 39 överassistenttjänsten
553 1335 56 29 vid
630 1335 419 38 lantbruksavdelningen
1068 1335 10 28 i
1098 1333 264 31 Röbäcksdalen
1383 1333 52 29 till
1455 1342 43 20 en
1518 1333 109 38 tjänst

123 1387 10 28 i
154 1387 165 38 lönegrad
340 1387 42 30 Ce
403 1387 38 29 31
464 1387 65 29 och
553 1387 38 29 13
606 1387 62 29 000
688 1387 131 28 kronor
839 1386 19 30 å
877 1386 201 29 inrättande
1099 1396 42 19 av
1161 1395 43 20 en
1225 1386 279 39 assistenttjänst
1524 1386 10 28 i
1555 1394 72 31 reg-

125 1437 95 29 lerad
248 1437 314 39 befordringsgång
590 1437 57 29 vid
676 1437 419 39 lantbruksavdelningen
1124 1437 10 28 i
1163 1437 132 39 Alnarp
1336 1437 126 29 Vidare
1492 1436 136 30 medför

124 1487 238 30 automatiska
382 1487 322 40 utgiftsstegringar
726 1487 266 29 merkostnader
1013 1497 43 19 av
1076 1488 18 29 9
1109 1488 62 29 000
1192 1487 141 29 kronor.
1356 1487 188 29 Dessutom
1565 1487 63 29 har

126 1538 93 30 1500
242 1538 131 29 kronor
395 1538 191 30 beräknats
610 1538 54 30 för
688 1538 149 39 höjning
861 1548 41 20 av
924 1538 95 29 vissa
1043 1538 162 30 arvoden.
1232 1538 50 29 Av
1306 1538 319 39 anstaltsstyrelsen

123 1588 128 39 begärd
275 1589 171 39 utökning
469 1598 43 20 av
535 1589 131 30 antalet
690 1589 340 39 styrelseledamöter
1054 1589 78 29 med
1156 1598 52 25 en,
1235 1597 75 21 som
1333 1590 158 28 närmast
1516 1588 111 29 skulle

124 1641 240 37 representera
392 1640 230 39 sakkunskap
650 1640 10 29 i
688 1639 100 40 fråga
816 1649 56 20 om
901 1639 233 40 skogsbruket
1162 1640 65 29 och
1257 1639 78 30 dess
1364 1639 263 33 maskinbehov,

123 1690 63 29 har
208 1690 189 39 tillstyrkts
420 1700 43 20 av
484 1690 127 39 Kungl.
636 1690 115 39 Maj:t.
776 1691 116 29 Under
914 1691 161 38 punkten
1098 1691 63 29 har
1185 1691 126 38 Kungl.
1335 1690 105 39 Maj:t
1464 1690 162 39 slutligen

125 1741 189 39 föreslagit,
339 1743 49 27 att
411 1741 409 39 överassistenttjänsten
845 1741 87 30 skall
957 1741 169 39 uppföras
1152 1741 19 29 å
1194 1740 431 39 personalförteckningen

124 1791 53 29 för
198 1791 268 39 ifrågavarande
488 1792 179 29 anstalter.

168 1902 185 29 Utskottet.
375 1902 125 38 Kungl.
522 1901 123 38 Maj:ts
666 1901 132 39 förslag
818 1902 110 28 möter
947 1901 105 38 ingen
1072 1900 139 30 erinran
1234 1900 78 29 från
1332 1901 189 28 utskottets
1543 1900 84 29 sida.

124 1952 176 29 Utskottet
326 1951 202 30 hemställer
554 1951 232 39 följaktligen,

478 2003 51 28 att
554 2002 187 39 riksdagen
767 2002 56 29 må

478 2053 36 34 a)
539 2053 206 39 bemyndiga
768 2053 124 39 Kungl.
914 2053 106 39 Maj:t
1040 2054 49 29 att
1109 2053 139 39 vidtaga
1269 2053 65 30 den
1355 2052 148 40 ändring
1522 2053 11 29 i
1554 2061 74 32 per-

434 2104 368 38 sonalförleckningen
833 2104 53 29 för
917 2105 132 28 statens
1080 2102 153 31 maskin-
1264 2104 63 29 och
1357 2103 271 39 redskapsprov-

432 2153 285 39 ningsanstalter,
742 2162 75 20 som
841 2153 150 38 angivits
1015 2153 10 29 i
1050 2153 56 29 det
1130 2153 209 39 föregående

478 2205 37 33 b)
540 2204 173 30 fastställa
731 2204 155 39 följande
903 2204 253 39 avlöningsstat
1173 2204 55 29 för
1246 2205 131 29 statens
1393 2203 155 30 maskin-
1564 2204 64 30 och

432 2253 535 39 redskapsprovningsanstalter
1006 2255 50 27 att
1093 2253 177 39 tillämpas
1309 2253 68 29 tills
1402 2253 120 29 vidare
1548 2253 78 29 från

432 2303 64 29 och
517 2303 78 29 med
617 2303 205 39 budgetåret
844 2303 165 35 1957/58:
