1880 2782
429 149 390 32 Jordbruksutskottets
841 147 180 31 utlåtande
1043 156 42 20 nr
1109 146 15 29 1
1147 146 39 30 år
1209 144 83 31 1957
1552 141 56 30 221

104 240 152 29 närerna
274 237 131 40 angivit
425 236 191 39 tillstyrker
636 235 172 30 utskottet
828 233 156 34 sålunda,
1004 233 48 30 att
1071 228 327 33 restitutionsmedel
1419 227 89 30 skall
1528 227 79 30 stäl-

104 291 51 29 las
180 289 52 30 till
257 288 207 40 förfogande
487 287 131 39 jämväl
642 286 55 29 för
722 283 229 40 utredningar
975 283 65 29 och
1064 279 378 42 organisationsarbete
1467 278 54 29 för
1546 277 62 29 bil-

103 341 115 30 dande
248 349 43 20 av
321 336 435 42 försäljningsföreningar
786 334 96 31 inom
913 331 361 42 trädgårdsodlingen,
1306 330 55 30 för
1393 328 216 41 specialkon-

107 389 342 32 sulentverksamhet
481 388 11 29 i
524 385 450 42 yrkesorganisationernas
1006 383 82 40 regi,
1123 383 54 29 för
1209 379 401 32 konsumtionsbefräm-

104 442 108 40 jande
237 441 161 39 åtgärder
424 441 92 28 samt
540 439 54 29 för
619 438 78 29 stöd
722 437 37 30 åt
781 434 352 42 yrkesutbildningen
1159 441 126 32 genom
1309 431 122 39 anslag
1456 430 35 31 åt
1517 430 92 29 träd-

105 492 226 40 gårdsyrkets
349 489 287 41 lärlingsnämnd.
653 488 76 30 Vad
746 487 106 40 gäller
871 482 591 44 specialkonsulentverksamheten
1479 480 59 30 vill
1557 482 53 28 ut-

107 544 131 29 skottet
264 542 116 30 erinra
405 550 59 21 om
489 542 51 29 att
564 539 96 40 dylik
685 538 225 31 verksamhet
936 537 109 29 redan
1071 536 108 29 sedan
1205 534 88 30 flera
1319 534 38 30 år
1383 532 146 30 tillbaka
1555 531 55 30 be-

106 594 116 30 drives
243 602 43 21 av
307 592 113 30 skilda
441 590 277 41 organisationer
739 589 97 29 inom
856 587 180 39 näringen.

151 644 127 39 Kungl.
301 643 123 39 Maj:ts
446 641 119 40 övriga
585 640 132 39 förslag
739 640 111 29 under
871 640 116 28 denna
1009 636 256 40 anslagspunkt
1288 634 198 31 föranleder
1507 633 104 39 ingen

106 695 144 30 erinran
269 694 80 30 från
368 693 190 30 utskottets
578 691 85 30 sida.
684 691 195 29 Därutöver
898 689 118 29 finner
1036 687 89 31 dock
1145 687 171 29 utskottet
1336 686 57 29 det
1412 685 86 29 böra
1517 685 95 29 över-

107 747 117 38 vägas,
248 744 174 30 huruvida
446 743 76 29 icke
546 742 124 39 frågan
694 750 58 21 om
776 740 227 30 anordnande
1028 747 43 21 av
1093 747 44 21 en
1161 735 366 41 försäljningscentral
1549 734 63 30 bör

107 795 202 41 ytterligare
330 794 152 30 utredas.

153 847 119 29 Under
293 845 219 40 åberopande
533 853 41 20 av
595 844 57 29 det
673 842 149 30 anförda
843 840 203 31 hemställer
1068 839 201 33 utskottet,»

154 897 74 30 dels
251 896 65 30 ock
339 896 189 30 utskottets
550 893 212 31 hemställan
784 893 112 29 under
919 891 36 35 2)
983 891 78 29 bort
1084 890 79 40 lyda
1188 889 163 31 sålunda:

465 945 72 34 »2)i
554 944 185 38 anledning
757 953 41 21 av
816 943 123 37 Kungl.
957 942 121 36 Maj:ts
1096 941 132 37 förslag
1246 941 87 28 samt
1349 939 78 30 med
1445 938 99 30 bifall
1561 937 53 30 till

421 996 219 30 motionerna
658 995 29 29 I:
705 994 62 30 242
787 994 65 29 och
870 993 45 29 II:
933 992 62 31 275
1016 991 168 40 medgiva,
1204 992 51 29 att
1273 989 267 41 ifrågavarande
1559 988 55 30 be-

421 1047 82 40 lopp
522 1046 57 30 må
597 1045 206 40 disponeras
822 1044 11 30 i
851 1042 237 40 huvudsaklig
1107 1040 348 33 överensstämmelse
1475 1040 78 29 med
1573 1039 41 30 de

422 1097 161 40 grunder,
603 1105 76 21 som
697 1095 171 30 utskottet
886 1094 158 30 förordat
1061 1093 11 29 i
1091 1094 57 30 det
1166 1092 239 40 föregående.»
