<?xml version="1.0" encoding="UTF-8"?>
<alto xmlns="http://www.loc.gov/standards/alto/ns-v3#" xmlns:xlink="http://www.w3.org/1999/xlink" xmlns:xsi="http://www.w3.org/2001/XMLSchema-instance" xsi:schemaLocation="http://www.loc.gov/standards/alto/ns-v3# http://www.loc.gov/alto/v3/alto-3-0.xsd">
	<Description>
		<MeasurementUnit>pixel</MeasurementUnit>
		<sourceImageInformation>
			<fileName>/tmp/tess_ve9kgvo8_input.PNG</fileName>
		</sourceImageInformation>
		<OCRProcessing ID="OCR_0">
			<ocrProcessingStep>
				<processingSoftware>
					<softwareName>tesseract 5.3.0</softwareName>
				</processingSoftware>
			</ocrProcessingStep>
		</OCRProcessing>
	</Description>
	<Layout>
		<Page WIDTH="2299" HEIGHT="2797" PHYSICAL_IMG_NR="0" ID="page_0">
			<PrintSpace HPOS="0" VPOS="0" WIDTH="2299" HEIGHT="2797">
				<ComposedBlock ID="cblock_0" HPOS="541" VPOS="228" WIDTH="1046" HEIGHT="38">
					<TextBlock ID="block_0" HPOS="541" VPOS="228" WIDTH="1046" HEIGHT="38">
						<TextLine ID="line_0" HPOS="541" VPOS="228" WIDTH="1046" HEIGHT="38">
							<String ID="string_0" HPOS="541" VPOS="229" WIDTH="19" HEIGHT="30" WC="0.92" CONTENT="2"/><SP WIDTH="423" VPOS="229" HPOS="560"/>
							<String ID="string_1" HPOS="983" VPOS="229" WIDTH="83" HEIGHT="37" WC="0.89" CONTENT="Lag-"/><SP WIDTH="10" VPOS="229" HPOS="1066"/>
							<String ID="string_2" HPOS="1076" VPOS="224" WIDTH="177" HEIGHT="46" WC="0.95" CONTENT="Utskottets"/><SP WIDTH="15" VPOS="224" HPOS="1253"/>
							<String ID="string_3" HPOS="1268" VPOS="228" WIDTH="166" HEIGHT="30" WC="0.96" CONTENT="Utlåtande"/><SP WIDTH="25" VPOS="228" HPOS="1434"/>
							<String ID="string_4" HPOS="1459" VPOS="228" WIDTH="59" HEIGHT="29" WC="0.96" CONTENT="N:o"/><SP WIDTH="23" VPOS="228" HPOS="1518"/>
							<String ID="string_5" HPOS="1541" VPOS="229" WIDTH="46" HEIGHT="28" WC="0.75" CONTENT="533."/>
						</TextLine>
					</TextBlock>
				</ComposedBlock>
				<ComposedBlock ID="cblock_1" HPOS="505" VPOS="314" WIDTH="1579" HEIGHT="98">
					<TextBlock ID="block_1" HPOS="505" VPOS="314" WIDTH="1579" HEIGHT="98">
						<TextLine ID="line_1" HPOS="505" VPOS="314" WIDTH="1579" HEIGHT="51">
							<String ID="string_6" HPOS="505" VPOS="316" WIDTH="73" HEIGHT="36" WC="0.96" CONTENT="den"/><SP WIDTH="29" VPOS="316" HPOS="578"/>
							<String ID="string_7" HPOS="607" VPOS="316" WIDTH="321" HEIGHT="48" WC="0.96" CONTENT="omorganisation"/><SP WIDTH="28" VPOS="316" HPOS="928"/>
							<String ID="string_8" HPOS="956" VPOS="314" WIDTH="40" HEIGHT="38" WC="0.96" CONTENT="af"/><SP WIDTH="22" VPOS="314" HPOS="996"/>
							<String ID="string_9" HPOS="1018" VPOS="319" WIDTH="83" HEIGHT="33" WC="0.93" CONTENT="vårt"/><SP WIDTH="27" VPOS="319" HPOS="1101"/>
							<String ID="string_10" HPOS="1128" VPOS="314" WIDTH="328" HEIGHT="38" WC="0.93" CONTENT="försvarsväsende"/><SP WIDTH="28" VPOS="314" HPOS="1456"/>
							<String ID="string_11" HPOS="1484" VPOS="315" WIDTH="11" HEIGHT="36" WC="0.96" CONTENT="i"/><SP WIDTH="28" VPOS="315" HPOS="1495"/>
							<String ID="string_12" HPOS="1523" VPOS="314" WIDTH="123" HEIGHT="51" WC="0.96" CONTENT="öfrigt,"/><SP WIDTH="22" VPOS="314" HPOS="1646"/>
							<String ID="string_13" HPOS="1668" VPOS="329" WIDTH="80" HEIGHT="23" WC="0.96" CONTENT="som"/><SP WIDTH="16" VPOS="329" HPOS="1748"/>
							<String ID="string_14" HPOS="1764" VPOS="322" WIDTH="102" HEIGHT="31" WC="0.96" CONTENT="snart"/><SP WIDTH="15" VPOS="322" HPOS="1866"/>
							<String ID="string_15" HPOS="1881" VPOS="329" WIDTH="74" HEIGHT="36" WC="0.96" CONTENT="nog"/><SP WIDTH="19" VPOS="329" HPOS="1955"/>
							<String ID="string_16" HPOS="1974" VPOS="315" WIDTH="110" HEIGHT="38" WC="0.96" CONTENT="torde"/>
						</TextLine>
						<TextLine ID="line_2" HPOS="507" VPOS="366" WIDTH="1113" HEIGHT="46">
							<String ID="string_17" HPOS="507" VPOS="381" WIDTH="89" HEIGHT="22" WC="0.95" CONTENT="vara"/><SP WIDTH="28" VPOS="381" HPOS="596"/>
							<String ID="string_18" HPOS="624" VPOS="374" WIDTH="55" HEIGHT="29" WC="0.93" CONTENT="att"/><SP WIDTH="28" VPOS="374" HPOS="679"/>
							<String ID="string_19" HPOS="707" VPOS="373" WIDTH="152" HEIGHT="39" WC="0.91" CONTENT="emotse,"/><SP WIDTH="28" VPOS="373" HPOS="859"/>
							<String ID="string_20" HPOS="887" VPOS="366" WIDTH="57" HEIGHT="37" WC="0.96" CONTENT="får"/><SP WIDTH="26" VPOS="366" HPOS="944"/>
							<String ID="string_21" HPOS="970" VPOS="367" WIDTH="195" HEIGHT="37" WC="0.92" CONTENT="Utskottet"/><SP WIDTH="26" VPOS="367" HPOS="1165"/>
							<String ID="string_22" HPOS="1191" VPOS="367" WIDTH="192" HEIGHT="36" WC="0.92" CONTENT="vördsamt"/><SP WIDTH="28" VPOS="367" HPOS="1383"/>
							<String ID="string_23" HPOS="1411" VPOS="367" WIDTH="209" HEIGHT="44" WC="0.91" CONTENT="hemställa,"/>
						</TextLine>
					</TextBlock>
				</ComposedBlock>
				<ComposedBlock ID="cblock_2" HPOS="897" VPOS="433" WIDTH="1187" HEIGHT="102">
					<TextBlock ID="block_2" HPOS="897" VPOS="433" WIDTH="1187" HEIGHT="102">
						<TextLine ID="line_3" HPOS="950" VPOS="433" WIDTH="1134" HEIGHT="50">
							<String ID="string_24" HPOS="950" VPOS="433" WIDTH="73" HEIGHT="48" WC="0.86" CONTENT="1:0)"/><SP WIDTH="29" VPOS="433" HPOS="1023"/>
							<String ID="string_25" HPOS="1052" VPOS="440" WIDTH="53" HEIGHT="31" WC="0.96" CONTENT="att"/><SP WIDTH="39" VPOS="440" HPOS="1105"/>
							<String ID="string_26" HPOS="1144" VPOS="435" WIDTH="97" HEIGHT="36" WC="0.92" CONTENT="Herr"/><SP WIDTH="41" VPOS="435" HPOS="1241"/>
							<String ID="string_27" HPOS="1282" VPOS="434" WIDTH="282" HEIGHT="49" WC="0.91" CONTENT="Tornerhjelms"/><SP WIDTH="35" VPOS="434" HPOS="1564"/>
							<String ID="string_28" HPOS="1599" VPOS="435" WIDTH="248" HEIGHT="37" WC="0.91" CONTENT="omförmälda"/><SP WIDTH="33" VPOS="435" HPOS="1847"/>
							<String ID="string_29" HPOS="1880" VPOS="436" WIDTH="144" HEIGHT="35" WC="0.96" CONTENT="motion"/><SP WIDTH="29" VPOS="436" HPOS="2024"/>
							<String ID="string_30" HPOS="2053" VPOS="435" WIDTH="31" HEIGHT="47" WC="0.96" CONTENT="ej"/>
						</TextLine>
						<TextLine ID="line_4" HPOS="897" VPOS="486" WIDTH="1104" HEIGHT="49">
							<String ID="string_31" HPOS="897" VPOS="490" WIDTH="60" HEIGHT="33" WC="0.96" CONTENT="må"/><SP WIDTH="27" VPOS="490" HPOS="957"/>
							<String ID="string_32" HPOS="984" VPOS="487" WIDTH="57" HEIGHT="36" WC="0.96" CONTENT="till"/><SP WIDTH="28" VPOS="487" HPOS="1041"/>
							<String ID="string_33" HPOS="1069" VPOS="490" WIDTH="123" HEIGHT="45" WC="0.96" CONTENT="någon"/><SP WIDTH="27" VPOS="490" HPOS="1192"/>
							<String ID="string_34" HPOS="1219" VPOS="486" WIDTH="233" HEIGHT="48" WC="0.96" CONTENT="Riksdagens"/><SP WIDTH="28" VPOS="486" HPOS="1452"/>
							<String ID="string_35" HPOS="1480" VPOS="486" WIDTH="128" HEIGHT="37" WC="0.96" CONTENT="vidare"/><SP WIDTH="29" VPOS="486" HPOS="1608"/>
							<String ID="string_36" HPOS="1637" VPOS="487" WIDTH="132" HEIGHT="48" WC="0.96" CONTENT="åtgärd"/><SP WIDTH="29" VPOS="487" HPOS="1769"/>
							<String ID="string_37" HPOS="1798" VPOS="486" WIDTH="203" HEIGHT="37" WC="0.96" CONTENT="föranleda."/>
						</TextLine>
					</TextBlock>
				</ComposedBlock>
				<ComposedBlock ID="cblock_3" HPOS="500" VPOS="563" WIDTH="1584" HEIGHT="152">
					<TextBlock ID="block_3" HPOS="500" VPOS="563" WIDTH="1584" HEIGHT="152">
						<TextLine ID="line_5" HPOS="638" VPOS="563" WIDTH="1446" HEIGHT="49">
							<String ID="string_38" HPOS="638" VPOS="563" WIDTH="96" HEIGHT="37" WC="0.96" CONTENT="Herr"/><SP WIDTH="39" VPOS="563" HPOS="734"/>
							<String ID="string_39" HPOS="773" VPOS="563" WIDTH="182" HEIGHT="37" WC="0.95" CONTENT="Mankells"/><SP WIDTH="41" VPOS="563" HPOS="955"/>
							<String ID="string_40" HPOS="996" VPOS="563" WIDTH="276" HEIGHT="47" WC="0.95" CONTENT="framställning"/><SP WIDTH="41" VPOS="563" HPOS="1272"/>
							<String ID="string_41" HPOS="1313" VPOS="571" WIDTH="40" HEIGHT="28" WC="0.95" CONTENT="är"/><SP WIDTH="28" VPOS="571" HPOS="1353"/>
							<String ID="string_42" HPOS="1381" VPOS="563" WIDTH="124" HEIGHT="36" WC="0.96" CONTENT="riktad"/><SP WIDTH="35" VPOS="563" HPOS="1505"/>
							<String ID="string_43" HPOS="1540" VPOS="570" WIDTH="78" HEIGHT="29" WC="0.96" CONTENT="mot"/><SP WIDTH="27" VPOS="570" HPOS="1618"/>
							<String ID="string_44" HPOS="1645" VPOS="563" WIDTH="174" HEIGHT="49" WC="0.96" CONTENT="gällande"/><SP WIDTH="30" VPOS="563" HPOS="1819"/>
							<String ID="string_45" HPOS="1849" VPOS="563" WIDTH="235" HEIGHT="48" WC="0.95" CONTENT="stadganden"/>
						</TextLine>
						<TextLine ID="line_6" HPOS="501" VPOS="614" WIDTH="1583" HEIGHT="50">
							<String ID="string_46" HPOS="501" VPOS="614" WIDTH="193" HEIGHT="49" WC="0.94" CONTENT="angående"/><SP WIDTH="41" VPOS="614" HPOS="694"/>
							<String ID="string_47" HPOS="735" VPOS="615" WIDTH="182" HEIGHT="49" WC="0.94" CONTENT="rättighet"/><SP WIDTH="40" VPOS="615" HPOS="917"/>
							<String ID="string_48" HPOS="957" VPOS="614" WIDTH="56" HEIGHT="38" WC="0.93" CONTENT="för"/><SP WIDTH="41" VPOS="614" HPOS="1013"/>
							<String ID="string_49" HPOS="1054" VPOS="614" WIDTH="352" HEIGHT="49" WC="0.92" CONTENT="beväringsskyldig"/><SP WIDTH="41" VPOS="614" HPOS="1406"/>
							<String ID="string_50" HPOS="1447" VPOS="619" WIDTH="53" HEIGHT="31" WC="0.96" CONTENT="att"/><SP WIDTH="39" VPOS="619" HPOS="1500"/>
							<String ID="string_51" HPOS="1539" VPOS="628" WIDTH="138" HEIGHT="35" WC="0.94" CONTENT="genom"/><SP WIDTH="40" VPOS="628" HPOS="1677"/>
							<String ID="string_52" HPOS="1717" VPOS="615" WIDTH="83" HEIGHT="48" WC="0.94" CONTENT="lega"/><SP WIDTH="42" VPOS="615" HPOS="1800"/>
							<String ID="string_53" HPOS="1842" VPOS="616" WIDTH="93" HEIGHT="35" WC="0.96" CONTENT="eller"/><SP WIDTH="27" VPOS="616" HPOS="1935"/>
							<String ID="string_54" HPOS="1962" VPOS="614" WIDTH="122" HEIGHT="49" WC="0.96" CONTENT="friköp"/>
						</TextLine>
						<TextLine ID="line_7" HPOS="500" VPOS="665" WIDTH="1378" HEIGHT="50">
							<String ID="string_55" HPOS="500" VPOS="667" WIDTH="115" HEIGHT="36" WC="0.96" CONTENT="vinna"/><SP WIDTH="26" VPOS="667" HPOS="615"/>
							<String ID="string_56" HPOS="641" VPOS="666" WIDTH="174" HEIGHT="37" WC="0.96" CONTENT="befrielse"/><SP WIDTH="28" VPOS="666" HPOS="815"/>
							<String ID="string_57" HPOS="843" VPOS="666" WIDTH="82" HEIGHT="36" WC="0.96" CONTENT="från"/><SP WIDTH="29" VPOS="666" HPOS="925"/>
							<String ID="string_58" HPOS="954" VPOS="667" WIDTH="207" HEIGHT="48" WC="0.96" CONTENT="personligt"/><SP WIDTH="27" VPOS="667" HPOS="1161"/>
							<String ID="string_59" HPOS="1188" VPOS="665" WIDTH="240" HEIGHT="47" WC="0.96" CONTENT="fullgörande"/><SP WIDTH="30" VPOS="665" HPOS="1428"/>
							<String ID="string_60" HPOS="1458" VPOS="665" WIDTH="40" HEIGHT="36" WC="0.93" CONTENT="af"/><SP WIDTH="22" VPOS="665" HPOS="1498"/>
							<String ID="string_61" HPOS="1520" VPOS="666" WIDTH="358" HEIGHT="49" WC="0.92" CONTENT="beväringspligten."/>
						</TextLine>
					</TextBlock>
				</ComposedBlock>
				<ComposedBlock ID="cblock_4" HPOS="493" VPOS="725" WIDTH="1601" HEIGHT="1572">
					<TextBlock ID="block_4" HPOS="497" VPOS="725" WIDTH="1591" HEIGHT="555">
						<TextLine ID="line_8" HPOS="636" VPOS="725" WIDTH="1449" HEIGHT="49">
							<String ID="string_62" HPOS="636" VPOS="726" WIDTH="17" HEIGHT="36" WC="0.96" CONTENT="I"/><SP WIDTH="28" VPOS="726" HPOS="653"/>
							<String ID="string_63" HPOS="681" VPOS="726" WIDTH="103" HEIGHT="37" WC="0.96" CONTENT="detta"/><SP WIDTH="28" VPOS="726" HPOS="784"/>
							<String ID="string_64" HPOS="812" VPOS="726" WIDTH="175" HEIGHT="37" WC="0.96" CONTENT="afseende"/><SP WIDTH="29" VPOS="726" HPOS="987"/>
							<String ID="string_65" HPOS="1016" VPOS="726" WIDTH="210" HEIGHT="36" WC="0.96" CONTENT="innehåller"/><SP WIDTH="30" VPOS="726" HPOS="1226"/>
							<String ID="string_66" HPOS="1256" VPOS="726" WIDTH="133" HEIGHT="48" WC="0.93" CONTENT="Kongl."/><SP WIDTH="30" VPOS="726" HPOS="1389"/>
							<String ID="string_67" HPOS="1419" VPOS="725" WIDTH="264" HEIGHT="49" WC="0.91" CONTENT="Kungörelsen"/><SP WIDTH="29" VPOS="725" HPOS="1683"/>
							<String ID="string_68" HPOS="1712" VPOS="726" WIDTH="70" HEIGHT="37" WC="0.96" CONTENT="den"/><SP WIDTH="29" VPOS="726" HPOS="1782"/>
							<String ID="string_69" HPOS="1811" VPOS="727" WIDTH="43" HEIGHT="35" WC="0.96" CONTENT="13"/><SP WIDTH="18" VPOS="727" HPOS="1854"/>
							<String ID="string_70" HPOS="1872" VPOS="725" WIDTH="213" HEIGHT="37" WC="0.96" CONTENT="November"/>
						</TextLine>
						<TextLine ID="line_9" HPOS="502" VPOS="777" WIDTH="1582" HEIGHT="49">
							<String ID="string_71" HPOS="502" VPOS="780" WIDTH="107" HEIGHT="42" WC="0.96" CONTENT="1860,"/><SP WIDTH="30" VPOS="780" HPOS="609"/>
							<String ID="string_72" HPOS="639" VPOS="777" WIDTH="79" HEIGHT="37" WC="0.96" CONTENT="dels"/><SP WIDTH="30" VPOS="777" HPOS="718"/>
							<String ID="string_73" HPOS="748" VPOS="783" WIDTH="54" HEIGHT="31" WC="0.93" CONTENT="att"/><SP WIDTH="26" VPOS="783" HPOS="802"/>
							<String ID="string_74" HPOS="828" VPOS="777" WIDTH="365" HEIGHT="49" WC="0.85" CONTENT="beväringsskyldig,"/><SP WIDTH="29" VPOS="777" HPOS="1193"/>
							<String ID="string_75" HPOS="1222" VPOS="790" WIDTH="78" HEIGHT="23" WC="0.96" CONTENT="som"/><SP WIDTH="31" VPOS="790" HPOS="1300"/>
							<String ID="string_76" HPOS="1331" VPOS="778" WIDTH="11" HEIGHT="34" WC="0.95" CONTENT="1"/><SP WIDTH="28" VPOS="778" HPOS="1342"/>
							<String ID="string_77" HPOS="1370" VPOS="777" WIDTH="159" HEIGHT="48" WC="0.92" CONTENT="krigstid"/><SP WIDTH="30" VPOS="777" HPOS="1529"/>
							<String ID="string_78" HPOS="1559" VPOS="777" WIDTH="209" HEIGHT="48" WC="0.92" CONTENT="uppbådas,"/><SP WIDTH="21" VPOS="777" HPOS="1768"/>
							<String ID="string_79" HPOS="1789" VPOS="781" WIDTH="60" HEIGHT="32" WC="0.96" CONTENT="må"/><SP WIDTH="21" VPOS="781" HPOS="1849"/>
							<String ID="string_80" HPOS="1870" VPOS="778" WIDTH="7" HEIGHT="34" WC="0.94" CONTENT="i"/><SP WIDTH="20" VPOS="778" HPOS="1877"/>
							<String ID="string_81" HPOS="1897" VPOS="778" WIDTH="65" HEIGHT="35" WC="0.94" CONTENT="sitt"/><SP WIDTH="15" VPOS="778" HPOS="1962"/>
							<String ID="string_82" HPOS="1977" VPOS="777" WIDTH="107" HEIGHT="35" WC="0.96" CONTENT="ställe"/>
						</TextLine>
						<TextLine ID="line_10" HPOS="500" VPOS="827" WIDTH="1585" HEIGHT="48">
							<String ID="string_83" HPOS="500" VPOS="834" WIDTH="98" HEIGHT="29" WC="0.96" CONTENT="sätta"/><SP WIDTH="43" VPOS="834" HPOS="598"/>
							<String ID="string_84" HPOS="641" VPOS="842" WIDTH="121" HEIGHT="21" WC="0.96" CONTENT="annan"/><SP WIDTH="43" VPOS="842" HPOS="762"/>
							<String ID="string_85" HPOS="805" VPOS="829" WIDTH="131" HEIGHT="46" WC="0.95" CONTENT="duglig"/><SP WIDTH="27" VPOS="829" HPOS="936"/>
							<String ID="string_86" HPOS="963" VPOS="829" WIDTH="92" HEIGHT="42" WC="0.95" CONTENT="karl,"/><SP WIDTH="30" VPOS="829" HPOS="1055"/>
							<String ID="string_87" HPOS="1085" VPOS="828" WIDTH="69" HEIGHT="34" WC="0.96" CONTENT="och"/><SP WIDTH="30" VPOS="828" HPOS="1154"/>
							<String ID="string_88" HPOS="1184" VPOS="828" WIDTH="78" HEIGHT="35" WC="0.96" CONTENT="dels"/><SP WIDTH="30" VPOS="828" HPOS="1262"/>
							<String ID="string_89" HPOS="1292" VPOS="834" WIDTH="55" HEIGHT="29" WC="0.96" CONTENT="att"/><SP WIDTH="27" VPOS="834" HPOS="1347"/>
							<String ID="string_90" HPOS="1374" VPOS="828" WIDTH="174" HEIGHT="35" WC="0.96" CONTENT="befrielse"/><SP WIDTH="29" VPOS="828" HPOS="1548"/>
							<String ID="string_91" HPOS="1577" VPOS="828" WIDTH="82" HEIGHT="35" WC="0.96" CONTENT="från"/><SP WIDTH="30" VPOS="828" HPOS="1659"/>
							<String ID="string_92" HPOS="1689" VPOS="828" WIDTH="45" HEIGHT="35" WC="0.95" CONTENT="de"/><SP WIDTH="29" VPOS="828" HPOS="1734"/>
							<String ID="string_93" HPOS="1763" VPOS="829" WIDTH="11" HEIGHT="33" WC="0.96" CONTENT="i"/><SP WIDTH="28" VPOS="829" HPOS="1774"/>
							<String ID="string_94" HPOS="1802" VPOS="827" WIDTH="161" HEIGHT="37" WC="0.92" CONTENT="fredstid"/><SP WIDTH="27" VPOS="827" HPOS="1963"/>
							<String ID="string_95" HPOS="1990" VPOS="827" WIDTH="95" HEIGHT="36" WC="0.92" CONTENT="före-"/>
						</TextLine>
						<TextLine ID="line_11" HPOS="500" VPOS="877" WIDTH="1586" HEIGHT="50">
							<String ID="string_96" HPOS="500" VPOS="877" WIDTH="142" HEIGHT="37" WC="0.92" CONTENT="skrifna"/><SP WIDTH="39" VPOS="877" HPOS="642"/>
							<String ID="string_97" HPOS="681" VPOS="877" WIDTH="299" HEIGHT="50" WC="0.91" CONTENT="vapenöfningar"/><SP WIDTH="41" VPOS="877" HPOS="980"/>
							<String ID="string_98" HPOS="1021" VPOS="880" WIDTH="59" HEIGHT="33" WC="0.95" CONTENT="må"/><SP WIDTH="26" VPOS="880" HPOS="1080"/>
							<String ID="string_99" HPOS="1106" VPOS="878" WIDTH="127" HEIGHT="35" WC="0.96" CONTENT="kunna"/><SP WIDTH="32" VPOS="878" HPOS="1233"/>
							<String ID="string_100" HPOS="1265" VPOS="878" WIDTH="130" HEIGHT="35" WC="0.91" CONTENT="vinnas"/><SP WIDTH="31" VPOS="878" HPOS="1395"/>
							<String ID="string_101" HPOS="1426" VPOS="877" WIDTH="231" HEIGHT="49" WC="0.91" CONTENT="derigenom,"/><SP WIDTH="30" VPOS="877" HPOS="1657"/>
							<String ID="string_102" HPOS="1687" VPOS="883" WIDTH="54" HEIGHT="31" WC="0.96" CONTENT="att"/><SP WIDTH="30" VPOS="883" HPOS="1741"/>
							<String ID="string_103" HPOS="1771" VPOS="877" WIDTH="71" HEIGHT="36" WC="0.93" CONTENT="den"/><SP WIDTH="28" VPOS="877" HPOS="1842"/>
							<String ID="string_104" HPOS="1870" VPOS="878" WIDTH="216" HEIGHT="46" WC="0.92" CONTENT="bevärings-"/>
						</TextLine>
						<TextLine ID="line_12" HPOS="500" VPOS="927" WIDTH="1586" HEIGHT="51">
							<String ID="string_105" HPOS="500" VPOS="930" WIDTH="176" HEIGHT="48" WC="0.93" CONTENT="skyldige"/><SP WIDTH="41" VPOS="930" HPOS="676"/>
							<String ID="string_106" HPOS="717" VPOS="930" WIDTH="57" HEIGHT="35" WC="0.93" CONTENT="till"/><SP WIDTH="42" VPOS="930" HPOS="774"/>
							<String ID="string_107" HPOS="816" VPOS="930" WIDTH="186" HEIGHT="35" WC="0.93" CONTENT="allmänna"/><SP WIDTH="32" VPOS="930" HPOS="1002"/>
							<String ID="string_108" HPOS="1034" VPOS="928" WIDTH="342" HEIGHT="49" WC="0.91" CONTENT="beväringsfonden"/><SP WIDTH="29" VPOS="928" HPOS="1376"/>
							<String ID="string_109" HPOS="1405" VPOS="930" WIDTH="171" HEIGHT="46" WC="0.96" CONTENT="erlägger"/><SP WIDTH="28" VPOS="930" HPOS="1576"/>
							<String ID="string_110" HPOS="1604" VPOS="941" WIDTH="46" HEIGHT="23" WC="0.93" CONTENT="en"/><SP WIDTH="29" VPOS="941" HPOS="1650"/>
							<String ID="string_111" HPOS="1679" VPOS="928" WIDTH="107" HEIGHT="48" WC="0.92" CONTENT="afgift"/><SP WIDTH="29" VPOS="928" HPOS="1786"/>
							<String ID="string_112" HPOS="1815" VPOS="927" WIDTH="39" HEIGHT="37" WC="0.95" CONTENT="af"/><SP WIDTH="25" VPOS="927" HPOS="1854"/>
							<String ID="string_113" HPOS="1879" VPOS="930" WIDTH="70" HEIGHT="34" WC="0.91" CONTENT="100"/><SP WIDTH="27" VPOS="930" HPOS="1949"/>
							<String ID="string_114" HPOS="1976" VPOS="927" WIDTH="110" HEIGHT="36" WC="0.91" CONTENT="Riks-"/>
						</TextLine>
						<TextLine ID="line_13" HPOS="501" VPOS="977" WIDTH="1585" HEIGHT="51">
							<String ID="string_115" HPOS="501" VPOS="980" WIDTH="115" HEIGHT="44" WC="0.95" CONTENT="daler,"/><SP WIDTH="30" VPOS="980" HPOS="616"/>
							<String ID="string_116" HPOS="646" VPOS="981" WIDTH="143" HEIGHT="35" WC="0.96" CONTENT="hvilket"/><SP WIDTH="27" VPOS="981" HPOS="789"/>
							<String ID="string_117" HPOS="816" VPOS="981" WIDTH="137" HEIGHT="47" WC="0.96" CONTENT="belopp"/><SP WIDTH="31" VPOS="981" HPOS="953"/>
							<String ID="string_118" HPOS="984" VPOS="980" WIDTH="95" HEIGHT="35" WC="0.96" CONTENT="dock"/><SP WIDTH="28" VPOS="980" HPOS="1079"/>
							<String ID="string_119" HPOS="1107" VPOS="980" WIDTH="72" HEIGHT="35" WC="0.96" CONTENT="kan"/><SP WIDTH="29" VPOS="980" HPOS="1179"/>
							<String ID="string_120" HPOS="1208" VPOS="979" WIDTH="39" HEIGHT="36" WC="0.96" CONTENT="af"/><SP WIDTH="24" VPOS="979" HPOS="1247"/>
							<String ID="string_121" HPOS="1271" VPOS="979" WIDTH="131" HEIGHT="46" WC="0.95" CONTENT="Kongl."/><SP WIDTH="28" VPOS="979" HPOS="1402"/>
							<String ID="string_122" HPOS="1430" VPOS="979" WIDTH="105" HEIGHT="46" WC="0.96" CONTENT="Maj:t"/><SP WIDTH="27" VPOS="979" HPOS="1535"/>
							<String ID="string_123" HPOS="1562" VPOS="979" WIDTH="105" HEIGHT="46" WC="0.95" CONTENT="höjas"/><SP WIDTH="16" VPOS="979" HPOS="1667"/>
							<String ID="string_124" HPOS="1683" VPOS="981" WIDTH="92" HEIGHT="32" WC="0.93" CONTENT="eller"/><SP WIDTH="16" VPOS="981" HPOS="1775"/>
							<String ID="string_125" HPOS="1791" VPOS="978" WIDTH="192" HEIGHT="35" WC="0.91" CONTENT="nedsättas"/><SP WIDTH="17" VPOS="978" HPOS="1983"/>
							<String ID="string_126" HPOS="2000" VPOS="977" WIDTH="86" HEIGHT="36" WC="0.96" CONTENT="med"/>
						</TextLine>
						<TextLine ID="line_14" HPOS="500" VPOS="1028" WIDTH="1588" HEIGHT="51">
							<String ID="string_127" HPOS="500" VPOS="1031" WIDTH="113" HEIGHT="48" WC="0.96" CONTENT="högst"/><SP WIDTH="42" VPOS="1031" HPOS="613"/>
							<String ID="string_128" HPOS="655" VPOS="1034" WIDTH="45" HEIGHT="34" WC="0.93" CONTENT="20"/><SP WIDTH="28" VPOS="1034" HPOS="700"/>
							<String ID="string_129" HPOS="728" VPOS="1031" WIDTH="208" HEIGHT="36" WC="0.90" CONTENT="Riksdaler."/><SP WIDTH="55" VPOS="1031" HPOS="936"/>
							<String ID="string_130" HPOS="991" VPOS="1030" WIDTH="154" HEIGHT="36" WC="0.94" CONTENT="Antalet"/><SP WIDTH="29" VPOS="1030" HPOS="1145"/>
							<String ID="string_131" HPOS="1174" VPOS="1029" WIDTH="39" HEIGHT="36" WC="0.96" CONTENT="af"/><SP WIDTH="25" VPOS="1029" HPOS="1213"/>
							<String ID="string_132" HPOS="1238" VPOS="1029" WIDTH="96" HEIGHT="44" WC="0.96" CONTENT="dem,"/><SP WIDTH="33" VPOS="1029" HPOS="1334"/>
							<String ID="string_133" HPOS="1367" VPOS="1029" WIDTH="128" HEIGHT="36" WC="0.96" CONTENT="hvilka"/><SP WIDTH="27" VPOS="1029" HPOS="1495"/>
							<String ID="string_134" HPOS="1522" VPOS="1028" WIDTH="63" HEIGHT="36" WC="0.93" CONTENT="vid"/><SP WIDTH="29" VPOS="1028" HPOS="1585"/>
							<String ID="string_135" HPOS="1614" VPOS="1029" WIDTH="301" HEIGHT="45" WC="0.92" CONTENT="mönstringarne"/><SP WIDTH="29" VPOS="1029" HPOS="1915"/>
							<String ID="string_136" HPOS="1944" VPOS="1031" WIDTH="60" HEIGHT="32" WC="0.93" CONTENT="må"/><SP WIDTH="29" VPOS="1031" HPOS="2004"/>
							<String ID="string_137" HPOS="2033" VPOS="1040" WIDTH="55" HEIGHT="23" WC="0.92" CONTENT="er-"/>
						</TextLine>
						<TextLine ID="line_15" HPOS="502" VPOS="1078" WIDTH="1583" HEIGHT="50">
							<String ID="string_138" HPOS="502" VPOS="1082" WIDTH="103" HEIGHT="36" WC="0.95" CONTENT="hålla"/><SP WIDTH="40" VPOS="1082" HPOS="605"/>
							<String ID="string_139" HPOS="645" VPOS="1083" WIDTH="176" HEIGHT="35" WC="0.95" CONTENT="tillåtelse"/><SP WIDTH="30" VPOS="1083" HPOS="821"/>
							<String ID="string_140" HPOS="851" VPOS="1087" WIDTH="54" HEIGHT="30" WC="0.96" CONTENT="att"/><SP WIDTH="28" VPOS="1087" HPOS="905"/>
							<String ID="string_141" HPOS="933" VPOS="1081" WIDTH="158" HEIGHT="36" WC="0.95" CONTENT="sålunda"/><SP WIDTH="33" VPOS="1081" HPOS="1091"/>
							<String ID="string_142" HPOS="1124" VPOS="1080" WIDTH="120" HEIGHT="36" WC="0.95" CONTENT="befria"/><SP WIDTH="28" VPOS="1080" HPOS="1244"/>
							<String ID="string_143" HPOS="1272" VPOS="1081" WIDTH="58" HEIGHT="47" WC="0.96" CONTENT="sig"/><SP WIDTH="27" VPOS="1081" HPOS="1330"/>
							<String ID="string_144" HPOS="1357" VPOS="1079" WIDTH="96" HEIGHT="36" WC="0.93" CONTENT="ifrån"/><SP WIDTH="28" VPOS="1079" HPOS="1453"/>
							<String ID="string_145" HPOS="1481" VPOS="1079" WIDTH="254" HEIGHT="49" WC="0.90" CONTENT="vapenöfning"/><SP WIDTH="29" VPOS="1079" HPOS="1735"/>
							<String ID="string_146" HPOS="1764" VPOS="1079" WIDTH="122" HEIGHT="36" WC="0.95" CONTENT="under"/><SP WIDTH="27" VPOS="1079" HPOS="1886"/>
							<String ID="string_147" HPOS="1913" VPOS="1078" WIDTH="172" HEIGHT="44" WC="0.96" CONTENT="fredstid,"/>
						</TextLine>
						<TextLine ID="line_16" HPOS="500" VPOS="1129" WIDTH="1586" HEIGHT="51">
							<String ID="string_148" HPOS="500" VPOS="1132" WIDTH="56" HEIGHT="36" WC="0.96" CONTENT="får"/><SP WIDTH="39" VPOS="1132" HPOS="556"/>
							<String ID="string_149" HPOS="595" VPOS="1133" WIDTH="116" HEIGHT="36" WC="0.96" CONTENT="likväl"/><SP WIDTH="42" VPOS="1133" HPOS="711"/>
							<String ID="string_150" HPOS="753" VPOS="1134" WIDTH="101" HEIGHT="34" WC="0.96" CONTENT="inom"/><SP WIDTH="30" VPOS="1134" HPOS="854"/>
							<String ID="string_151" HPOS="884" VPOS="1133" WIDTH="128" HEIGHT="47" WC="0.93" CONTENT="hvarje"/><SP WIDTH="34" VPOS="1133" HPOS="1012"/>
							<String ID="string_152" HPOS="1046" VPOS="1131" WIDTH="383" HEIGHT="48" WC="0.91" CONTENT="mönstringsdistrikt"/><SP WIDTH="28" VPOS="1131" HPOS="1429"/>
							<String ID="string_153" HPOS="1457" VPOS="1131" WIDTH="80" HEIGHT="35" WC="0.93" CONTENT="icke"/><SP WIDTH="30" VPOS="1131" HPOS="1537"/>
							<String ID="string_154" HPOS="1567" VPOS="1130" WIDTH="204" HEIGHT="47" WC="0.92" CONTENT="öfverstiga"/><SP WIDTH="33" VPOS="1130" HPOS="1771"/>
							<String ID="string_155" HPOS="1804" VPOS="1129" WIDTH="143" HEIGHT="36" WC="0.96" CONTENT="hälften"/><SP WIDTH="30" VPOS="1129" HPOS="1947"/>
							<String ID="string_156" HPOS="1977" VPOS="1129" WIDTH="39" HEIGHT="36" WC="0.96" CONTENT="af"/><SP WIDTH="24" VPOS="1129" HPOS="2016"/>
							<String ID="string_157" HPOS="2040" VPOS="1129" WIDTH="46" HEIGHT="36" WC="0.96" CONTENT="de"/>
						</TextLine>
						<TextLine ID="line_17" HPOS="497" VPOS="1181" WIDTH="1589" HEIGHT="51">
							<String ID="string_158" HPOS="497" VPOS="1183" WIDTH="57" HEIGHT="36" WC="0.96" CONTENT="för"/><SP WIDTH="28" VPOS="1183" HPOS="554"/>
							<String ID="string_159" HPOS="582" VPOS="1187" WIDTH="80" HEIGHT="33" WC="0.93" CONTENT="året"/><SP WIDTH="28" VPOS="1187" HPOS="662"/>
							<String ID="string_160" HPOS="690" VPOS="1183" WIDTH="259" HEIGHT="49" WC="0.92" CONTENT="approberade"/><SP WIDTH="29" VPOS="1183" HPOS="949"/>
							<String ID="string_161" HPOS="978" VPOS="1182" WIDTH="390" HEIGHT="48" WC="0.91" CONTENT="beväringsskyldige,"/><SP WIDTH="35" VPOS="1182" HPOS="1368"/>
							<String ID="string_162" HPOS="1403" VPOS="1181" WIDTH="148" HEIGHT="37" WC="0.92" CONTENT="hvadan"/><SP WIDTH="29" VPOS="1181" HPOS="1551"/>
							<String ID="string_163" HPOS="1580" VPOS="1182" WIDTH="164" HEIGHT="46" WC="0.96" CONTENT="lottning"/><SP WIDTH="27" VPOS="1182" HPOS="1744"/>
							<String ID="string_164" HPOS="1771" VPOS="1181" WIDTH="94" HEIGHT="35" WC="0.93" CONTENT="skall"/><SP WIDTH="29" VPOS="1181" HPOS="1865"/>
							<String ID="string_165" HPOS="1894" VPOS="1193" WIDTH="69" HEIGHT="35" WC="0.91" CONTENT="ega"/><SP WIDTH="27" VPOS="1193" HPOS="1963"/>
							<String ID="string_166" HPOS="1990" VPOS="1193" WIDTH="96" HEIGHT="30" WC="0.95" CONTENT="rum,"/>
						</TextLine>
						<TextLine ID="line_18" HPOS="498" VPOS="1230" WIDTH="1587" HEIGHT="50">
							<String ID="string_167" HPOS="498" VPOS="1234" WIDTH="77" HEIGHT="36" WC="0.96" CONTENT="ifall"/><SP WIDTH="29" VPOS="1234" HPOS="575"/>
							<String ID="string_168" HPOS="604" VPOS="1235" WIDTH="89" HEIGHT="36" WC="0.89" CONTENT="flere"/><SP WIDTH="29" VPOS="1235" HPOS="693"/>
							<String ID="string_169" HPOS="722" VPOS="1242" WIDTH="46" HEIGHT="29" WC="0.93" CONTENT="än"/><SP WIDTH="29" VPOS="1242" HPOS="768"/>
							<String ID="string_170" HPOS="797" VPOS="1233" WIDTH="125" HEIGHT="37" WC="0.91" CONTENT="halfva"/><SP WIDTH="41" VPOS="1233" HPOS="922"/>
							<String ID="string_171" HPOS="963" VPOS="1234" WIDTH="142" HEIGHT="35" WC="0.96" CONTENT="antalet"/><SP WIDTH="28" VPOS="1234" HPOS="1105"/>
							<String ID="string_172" HPOS="1133" VPOS="1234" WIDTH="147" HEIGHT="35" WC="0.96" CONTENT="anmäla"/><SP WIDTH="32" VPOS="1234" HPOS="1280"/>
							<String ID="string_173" HPOS="1312" VPOS="1233" WIDTH="57" HEIGHT="47" WC="0.95" CONTENT="sig"/><SP WIDTH="27" VPOS="1233" HPOS="1369"/>
							<String ID="string_174" HPOS="1396" VPOS="1233" WIDTH="59" HEIGHT="34" WC="0.96" CONTENT="till"/><SP WIDTH="28" VPOS="1233" HPOS="1455"/>
							<String ID="string_175" HPOS="1483" VPOS="1232" WIDTH="187" HEIGHT="35" WC="0.96" CONTENT="vinnande"/><SP WIDTH="30" VPOS="1232" HPOS="1670"/>
							<String ID="string_176" HPOS="1700" VPOS="1231" WIDTH="39" HEIGHT="36" WC="0.96" CONTENT="af"/><SP WIDTH="25" VPOS="1231" HPOS="1739"/>
							<String ID="string_177" HPOS="1764" VPOS="1231" WIDTH="104" HEIGHT="49" WC="0.96" CONTENT="dylik"/><SP WIDTH="28" VPOS="1231" HPOS="1868"/>
							<String ID="string_178" HPOS="1896" VPOS="1230" WIDTH="189" HEIGHT="36" WC="0.95" CONTENT="befrielse."/>
						</TextLine>
					</TextBlock>
					<TextBlock ID="block_5" HPOS="493" VPOS="1282" WIDTH="1601" HEIGHT="598">
						<TextLine ID="line_19" HPOS="632" VPOS="1282" WIDTH="1457" HEIGHT="50">
							<String ID="string_179" HPOS="632" VPOS="1285" WIDTH="86" HEIGHT="36" WC="0.94" CONTENT="Med"/><SP WIDTH="41" VPOS="1285" HPOS="718"/>
							<String ID="string_180" HPOS="759" VPOS="1285" WIDTH="246" HEIGHT="47" WC="0.94" CONTENT="anmärkning"/><SP WIDTH="33" VPOS="1285" HPOS="1005"/>
							<String ID="string_181" HPOS="1038" VPOS="1289" WIDTH="54" HEIGHT="31" WC="0.96" CONTENT="att"/><SP WIDTH="28" VPOS="1289" HPOS="1092"/>
							<String ID="string_182" HPOS="1120" VPOS="1284" WIDTH="109" HEIGHT="36" WC="0.96" CONTENT="dessa"/><SP WIDTH="27" VPOS="1284" HPOS="1229"/>
							<String ID="string_183" HPOS="1256" VPOS="1283" WIDTH="233" HEIGHT="48" WC="0.92" CONTENT="stadganden"/><SP WIDTH="28" VPOS="1283" HPOS="1489"/>
							<String ID="string_184" HPOS="1517" VPOS="1283" WIDTH="182" HEIGHT="35" WC="0.92" CONTENT="innebure"/><SP WIDTH="29" VPOS="1283" HPOS="1699"/>
							<String ID="string_185" HPOS="1728" VPOS="1296" WIDTH="45" HEIGHT="22" WC="0.96" CONTENT="en"/><SP WIDTH="29" VPOS="1296" HPOS="1773"/>
							<String ID="string_186" HPOS="1802" VPOS="1282" WIDTH="180" HEIGHT="36" WC="0.96" CONTENT="orättvisa"/><SP WIDTH="28" VPOS="1282" HPOS="1982"/>
							<String ID="string_187" HPOS="2010" VPOS="1286" WIDTH="79" HEIGHT="30" WC="0.96" CONTENT="mot"/>
						</TextLine>
						<TextLine ID="line_20" HPOS="498" VPOS="1332" WIDTH="1591" HEIGHT="50">
							<String ID="string_188" HPOS="498" VPOS="1337" WIDTH="45" HEIGHT="35" WC="0.93" CONTENT="de"/><SP WIDTH="43" VPOS="1337" HPOS="543"/>
							<String ID="string_189" HPOS="586" VPOS="1335" WIDTH="246" HEIGHT="37" WC="0.91" CONTENT="obemedlade"/><SP WIDTH="42" VPOS="1335" HPOS="832"/>
							<String ID="string_190" HPOS="874" VPOS="1336" WIDTH="56" HEIGHT="34" WC="0.96" CONTENT="till"/><SP WIDTH="40" VPOS="1336" HPOS="930"/>
							<String ID="string_191" HPOS="970" VPOS="1335" WIDTH="146" HEIGHT="35" WC="0.96" CONTENT="förmån"/><SP WIDTH="39" VPOS="1335" HPOS="1116"/>
							<String ID="string_192" HPOS="1155" VPOS="1334" WIDTH="58" HEIGHT="35" WC="0.96" CONTENT="för"/><SP WIDTH="34" VPOS="1334" HPOS="1213"/>
							<String ID="string_193" HPOS="1247" VPOS="1334" WIDTH="45" HEIGHT="35" WC="0.96" CONTENT="de"/><SP WIDTH="29" VPOS="1334" HPOS="1292"/>
							<String ID="string_194" HPOS="1321" VPOS="1334" WIDTH="205" HEIGHT="48" WC="0.96" CONTENT="lyckligare"/><SP WIDTH="28" VPOS="1334" HPOS="1526"/>
							<String ID="string_195" HPOS="1554" VPOS="1333" WIDTH="155" HEIGHT="43" WC="0.95" CONTENT="lottade,"/><SP WIDTH="29" VPOS="1333" HPOS="1709"/>
							<String ID="string_196" HPOS="1738" VPOS="1338" WIDTH="95" HEIGHT="30" WC="0.96" CONTENT="samt"/><SP WIDTH="29" VPOS="1338" HPOS="1833"/>
							<String ID="string_197" HPOS="1862" VPOS="1338" WIDTH="54" HEIGHT="30" WC="0.96" CONTENT="att"/><SP WIDTH="27" VPOS="1338" HPOS="1916"/>
							<String ID="string_198" HPOS="1943" VPOS="1332" WIDTH="146" HEIGHT="46" WC="0.95" CONTENT="verklig"/>
						</TextLine>
						<TextLine ID="line_21" HPOS="498" VPOS="1381" WIDTH="1593" HEIGHT="55">
							<String ID="string_199" HPOS="498" VPOS="1388" WIDTH="114" HEIGHT="35" WC="0.92" CONTENT="skada"/><SP WIDTH="42" VPOS="1388" HPOS="612"/>
							<String ID="string_200" HPOS="654" VPOS="1386" WIDTH="274" HEIGHT="50" WC="0.91" CONTENT="tillskyndades"/><SP WIDTH="41" VPOS="1386" HPOS="928"/>
							<String ID="string_201" HPOS="969" VPOS="1386" WIDTH="161" HEIGHT="43" WC="0.92" CONTENT="arméen,"/><SP WIDTH="44" VPOS="1386" HPOS="1130"/>
							<String ID="string_202" HPOS="1174" VPOS="1385" WIDTH="46" HEIGHT="35" WC="0.96" CONTENT="då"/><SP WIDTH="40" VPOS="1385" HPOS="1220"/>
							<String ID="string_203" HPOS="1260" VPOS="1385" WIDTH="197" HEIGHT="35" WC="0.95" CONTENT="nationens"/><SP WIDTH="35" VPOS="1385" HPOS="1457"/>
							<String ID="string_204" HPOS="1492" VPOS="1397" WIDTH="102" HEIGHT="23" WC="0.96" CONTENT="mera"/><SP WIDTH="28" VPOS="1397" HPOS="1594"/>
							<String ID="string_205" HPOS="1622" VPOS="1383" WIDTH="151" HEIGHT="36" WC="0.96" CONTENT="bildade"/><SP WIDTH="29" VPOS="1383" HPOS="1773"/>
							<String ID="string_206" HPOS="1802" VPOS="1381" WIDTH="289" HEIGHT="38" WC="0.96" CONTENT="beståndsdelar"/>
						</TextLine>
						<TextLine ID="line_22" HPOS="498" VPOS="1433" WIDTH="1592" HEIGHT="54">
							<String ID="string_207" HPOS="498" VPOS="1440" WIDTH="97" HEIGHT="47" WC="0.96" CONTENT="finge"/><SP WIDTH="41" VPOS="1440" HPOS="595"/>
							<String ID="string_208" HPOS="636" VPOS="1437" WIDTH="146" HEIGHT="37" WC="0.91" CONTENT="tillfälle"/><SP WIDTH="30" VPOS="1437" HPOS="782"/>
							<String ID="string_209" HPOS="812" VPOS="1436" WIDTH="247" HEIGHT="48" WC="0.91" CONTENT="undandraga"/><SP WIDTH="32" VPOS="1436" HPOS="1059"/>
							<String ID="string_210" HPOS="1091" VPOS="1437" WIDTH="57" HEIGHT="46" WC="0.93" CONTENT="sig"/><SP WIDTH="32" VPOS="1437" HPOS="1148"/>
							<String ID="string_211" HPOS="1180" VPOS="1436" WIDTH="283" HEIGHT="48" WC="0.92" CONTENT="krigstjensten,"/><SP WIDTH="28" VPOS="1436" HPOS="1463"/>
							<String ID="string_212" HPOS="1491" VPOS="1435" WIDTH="243" HEIGHT="47" WC="0.96" CONTENT="hvarigenom"/><SP WIDTH="31" VPOS="1435" HPOS="1734"/>
							<String ID="string_213" HPOS="1765" VPOS="1434" WIDTH="158" HEIGHT="49" WC="0.90" CONTENT="mycken"/><SP WIDTH="29" VPOS="1434" HPOS="1923"/>
							<String ID="string_214" HPOS="1952" VPOS="1433" WIDTH="138" HEIGHT="35" WC="0.90" CONTENT="intelli-"/>
						</TextLine>
						<TextLine ID="line_23" HPOS="495" VPOS="1483" WIDTH="1595" HEIGHT="54">
							<String ID="string_215" HPOS="495" VPOS="1502" WIDTH="92" HEIGHT="35" WC="0.96" CONTENT="gens"/><SP WIDTH="28" VPOS="1502" HPOS="587"/>
							<String ID="string_216" HPOS="615" VPOS="1494" WIDTH="97" HEIGHT="30" WC="0.92" CONTENT="samt"/><SP WIDTH="27" VPOS="1494" HPOS="712"/>
							<String ID="string_217" HPOS="739" VPOS="1488" WIDTH="219" HEIGHT="48" WC="0.90" CONTENT="isynnerhet"/><SP WIDTH="27" VPOS="1488" HPOS="958"/>
							<String ID="string_218" HPOS="985" VPOS="1488" WIDTH="159" HEIGHT="47" WC="0.96" CONTENT="tillgång"/><SP WIDTH="27" VPOS="1488" HPOS="1144"/>
							<String ID="string_219" HPOS="1171" VPOS="1487" WIDTH="58" HEIGHT="35" WC="0.93" CONTENT="till"/><SP WIDTH="27" VPOS="1487" HPOS="1229"/>
							<String ID="string_220" HPOS="1256" VPOS="1486" WIDTH="256" HEIGHT="36" WC="0.90" CONTENT="befälsämnen"/><SP WIDTH="26" VPOS="1486" HPOS="1512"/>
							<String ID="string_221" HPOS="1538" VPOS="1486" WIDTH="111" HEIGHT="47" WC="0.91" CONTENT="ginge"/><SP WIDTH="28" VPOS="1486" HPOS="1649"/>
							<String ID="string_222" HPOS="1677" VPOS="1484" WIDTH="201" HEIGHT="45" WC="0.96" CONTENT="förlorade,"/><SP WIDTH="29" VPOS="1484" HPOS="1878"/>
							<String ID="string_223" HPOS="1907" VPOS="1485" WIDTH="67" HEIGHT="35" WC="0.96" CONTENT="har"/><SP WIDTH="19" VPOS="1485" HPOS="1974"/>
							<String ID="string_224" HPOS="1993" VPOS="1483" WIDTH="97" HEIGHT="36" WC="0.96" CONTENT="Herr"/>
						</TextLine>
						<TextLine ID="line_24" HPOS="496" VPOS="1535" WIDTH="1594" HEIGHT="51">
							<String ID="string_225" HPOS="496" VPOS="1540" WIDTH="164" HEIGHT="36" WC="0.95" CONTENT="Mankell"/><SP WIDTH="42" VPOS="1540" HPOS="660"/>
							<String ID="string_226" HPOS="702" VPOS="1538" WIDTH="204" HEIGHT="48" WC="0.91" CONTENT="föreslagit,"/><SP WIDTH="41" VPOS="1538" HPOS="906"/>
							<String ID="string_227" HPOS="947" VPOS="1543" WIDTH="74" HEIGHT="31" WC="0.91" CONTENT="»att"/><SP WIDTH="39" VPOS="1543" HPOS="1021"/>
							<String ID="string_228" HPOS="1060" VPOS="1537" WIDTH="214" HEIGHT="48" WC="0.96" CONTENT="Riksdagen"/><SP WIDTH="36" VPOS="1537" HPOS="1274"/>
							<String ID="string_229" HPOS="1310" VPOS="1540" WIDTH="115" HEIGHT="32" WC="0.90" CONTENT="måtte"/><SP WIDTH="29" VPOS="1540" HPOS="1425"/>
							<String ID="string_230" HPOS="1454" VPOS="1537" WIDTH="68" HEIGHT="35" WC="0.96" CONTENT="hos"/><SP WIDTH="29" VPOS="1537" HPOS="1522"/>
							<String ID="string_231" HPOS="1551" VPOS="1536" WIDTH="132" HEIGHT="48" WC="0.93" CONTENT="Kongl."/><SP WIDTH="29" VPOS="1536" HPOS="1683"/>
							<String ID="string_232" HPOS="1712" VPOS="1535" WIDTH="105" HEIGHT="48" WC="0.96" CONTENT="Maj:t"/><SP WIDTH="29" VPOS="1535" HPOS="1817"/>
							<String ID="string_233" HPOS="1846" VPOS="1535" WIDTH="160" HEIGHT="43" WC="0.96" CONTENT="anhålla,"/><SP WIDTH="29" VPOS="1535" HPOS="2006"/>
							<String ID="string_234" HPOS="2035" VPOS="1539" WIDTH="55" HEIGHT="30" WC="0.96" CONTENT="att"/>
						</TextLine>
						<TextLine ID="line_25" HPOS="496" VPOS="1584" WIDTH="1593" HEIGHT="52">
							<String ID="string_235" HPOS="496" VPOS="1592" WIDTH="73" HEIGHT="35" WC="0.96" CONTENT="alla"/><SP WIDTH="39" VPOS="1592" HPOS="569"/>
							<String ID="string_236" HPOS="608" VPOS="1589" WIDTH="233" HEIGHT="37" WC="0.96" CONTENT="föreskrifter"/><SP WIDTH="33" VPOS="1589" HPOS="841"/>
							<String ID="string_237" HPOS="874" VPOS="1590" WIDTH="5" HEIGHT="34" WC="0.96" CONTENT="i"/><SP WIDTH="29" VPOS="1590" HPOS="879"/>
							<String ID="string_238" HPOS="908" VPOS="1603" WIDTH="51" HEIGHT="21" WC="0.96" CONTENT="nu"/><SP WIDTH="33" VPOS="1603" HPOS="959"/>
							<String ID="string_239" HPOS="992" VPOS="1589" WIDTH="172" HEIGHT="47" WC="0.93" CONTENT="gällande"/><SP WIDTH="29" VPOS="1589" HPOS="1164"/>
							<String ID="string_240" HPOS="1193" VPOS="1587" WIDTH="479" HEIGHT="49" WC="0.91" CONTENT="beväringsförordningar,"/><SP WIDTH="28" VPOS="1587" HPOS="1672"/>
							<String ID="string_241" HPOS="1700" VPOS="1587" WIDTH="126" HEIGHT="35" WC="0.96" CONTENT="hvilka"/><SP WIDTH="27" VPOS="1587" HPOS="1826"/>
							<String ID="string_242" HPOS="1853" VPOS="1593" WIDTH="86" HEIGHT="29" WC="0.96" CONTENT="röra"/><SP WIDTH="27" VPOS="1593" HPOS="1939"/>
							<String ID="string_243" HPOS="1966" VPOS="1584" WIDTH="123" HEIGHT="49" WC="0.96" CONTENT="friköp"/>
						</TextLine>
						<TextLine ID="line_26" HPOS="495" VPOS="1636" WIDTH="1592" HEIGHT="51">
							<String ID="string_244" HPOS="495" VPOS="1641" WIDTH="80" HEIGHT="36" WC="0.90" CONTENT="från"/><SP WIDTH="40" VPOS="1641" HPOS="575"/>
							<String ID="string_245" HPOS="615" VPOS="1639" WIDTH="325" HEIGHT="48" WC="0.90" CONTENT="fredsöfningarne"/><SP WIDTH="30" VPOS="1639" HPOS="940"/>
							<String ID="string_246" HPOS="970" VPOS="1641" WIDTH="91" HEIGHT="34" WC="0.96" CONTENT="eller"/><SP WIDTH="32" VPOS="1641" HPOS="1061"/>
							<String ID="string_247" HPOS="1093" VPOS="1640" WIDTH="84" HEIGHT="47" WC="0.96" CONTENT="lega"/><SP WIDTH="26" VPOS="1640" HPOS="1177"/>
							<String ID="string_248" HPOS="1203" VPOS="1638" WIDTH="81" HEIGHT="37" WC="0.93" CONTENT="från"/><SP WIDTH="28" VPOS="1638" HPOS="1284"/>
							<String ID="string_249" HPOS="1312" VPOS="1639" WIDTH="280" HEIGHT="48" WC="0.91" CONTENT="krigstjensten,"/><SP WIDTH="30" VPOS="1639" HPOS="1592"/>
							<String ID="string_250" HPOS="1622" VPOS="1640" WIDTH="116" HEIGHT="33" WC="0.93" CONTENT="måtte"/><SP WIDTH="30" VPOS="1640" HPOS="1738"/>
							<String ID="string_251" HPOS="1768" VPOS="1636" WIDTH="222" HEIGHT="49" WC="0.91" CONTENT="upphäfvas,"/><SP WIDTH="30" VPOS="1636" HPOS="1990"/>
							<String ID="string_252" HPOS="2020" VPOS="1636" WIDTH="67" HEIGHT="36" WC="0.96" CONTENT="och"/>
						</TextLine>
						<TextLine ID="line_27" HPOS="493" VPOS="1685" WIDTH="1601" HEIGHT="54">
							<String ID="string_253" HPOS="493" VPOS="1693" WIDTH="11" HEIGHT="35" WC="0.96" CONTENT="i"/><SP WIDTH="40" VPOS="1693" HPOS="504"/>
							<String ID="string_254" HPOS="544" VPOS="1692" WIDTH="93" HEIGHT="47" WC="0.96" CONTENT="följd"/><SP WIDTH="34" VPOS="1692" HPOS="637"/>
							<String ID="string_255" HPOS="671" VPOS="1690" WIDTH="109" HEIGHT="37" WC="0.96" CONTENT="deraf"/><SP WIDTH="29" VPOS="1690" HPOS="780"/>
							<String ID="string_256" HPOS="809" VPOS="1692" WIDTH="10" HEIGHT="34" WC="0.96" CONTENT="i"/><SP WIDTH="33" VPOS="1692" HPOS="819"/>
							<String ID="string_257" HPOS="852" VPOS="1690" WIDTH="155" HEIGHT="36" WC="0.96" CONTENT="främsta"/><SP WIDTH="35" VPOS="1690" HPOS="1007"/>
							<String ID="string_258" HPOS="1042" VPOS="1695" WIDTH="164" HEIGHT="30" WC="0.96" CONTENT="rummet"/><SP WIDTH="39" VPOS="1695" HPOS="1206"/>
							<String ID="string_259" HPOS="1245" VPOS="1690" WIDTH="86" HEIGHT="35" WC="0.96" CONTENT="hela"/><SP WIDTH="38" VPOS="1690" HPOS="1331"/>
							<String ID="string_260" HPOS="1369" VPOS="1690" WIDTH="121" HEIGHT="46" WC="0.95" CONTENT="tredje"/><SP WIDTH="42" VPOS="1690" HPOS="1490"/>
							<String ID="string_261" HPOS="1532" VPOS="1689" WIDTH="159" HEIGHT="35" WC="0.95" CONTENT="artikeln"/><SP WIDTH="29" VPOS="1689" HPOS="1691"/>
							<String ID="string_262" HPOS="1720" VPOS="1689" WIDTH="11" HEIGHT="34" WC="0.93" CONTENT="i"/><SP WIDTH="29" VPOS="1689" HPOS="1731"/>
							<String ID="string_263" HPOS="1760" VPOS="1688" WIDTH="259" HEIGHT="46" WC="0.91" CONTENT="Kungörelsen"/><SP WIDTH="35" VPOS="1688" HPOS="2019"/>
							<String ID="string_264" HPOS="2054" VPOS="1685" WIDTH="40" HEIGHT="36" WC="0.96" CONTENT="af"/>
						</TextLine>
						<TextLine ID="line_28" HPOS="493" VPOS="1738" WIDTH="1596" HEIGHT="45">
							<String ID="string_265" HPOS="493" VPOS="1743" WIDTH="73" HEIGHT="36" WC="0.96" CONTENT="den"/><SP WIDTH="43" VPOS="1743" HPOS="566"/>
							<String ID="string_266" HPOS="609" VPOS="1744" WIDTH="45" HEIGHT="34" WC="0.95" CONTENT="13"/><SP WIDTH="40" VPOS="1744" HPOS="654"/>
							<String ID="string_267" HPOS="694" VPOS="1741" WIDTH="212" HEIGHT="36" WC="0.93" CONTENT="November"/><SP WIDTH="43" VPOS="1741" HPOS="906"/>
							<String ID="string_268" HPOS="949" VPOS="1742" WIDTH="94" HEIGHT="35" WC="0.96" CONTENT="1860"/><SP WIDTH="31" VPOS="1742" HPOS="1043"/>
							<String ID="string_269" HPOS="1074" VPOS="1741" WIDTH="196" HEIGHT="42" WC="0.96" CONTENT="uteslutas,"/><SP WIDTH="43" VPOS="1741" HPOS="1270"/>
							<String ID="string_270" HPOS="1313" VPOS="1746" WIDTH="95" HEIGHT="30" WC="0.96" CONTENT="samt"/><SP WIDTH="41" VPOS="1746" HPOS="1408"/>
							<String ID="string_271" HPOS="1449" VPOS="1740" WIDTH="128" HEIGHT="36" WC="0.96" CONTENT="vidare"/><SP WIDTH="30" VPOS="1740" HPOS="1577"/>
							<String ID="string_272" HPOS="1607" VPOS="1740" WIDTH="72" HEIGHT="34" WC="0.96" CONTENT="alla"/><SP WIDTH="28" VPOS="1740" HPOS="1679"/>
							<String ID="string_273" HPOS="1707" VPOS="1738" WIDTH="155" HEIGHT="36" WC="0.93" CONTENT="dermed"/><SP WIDTH="40" VPOS="1738" HPOS="1862"/>
							<String ID="string_274" HPOS="1902" VPOS="1749" WIDTH="187" HEIGHT="23" WC="0.91" CONTENT="samman-"/>
						</TextLine>
						<TextLine ID="line_29" HPOS="494" VPOS="1787" WIDTH="1595" HEIGHT="53">
							<String ID="string_275" HPOS="494" VPOS="1792" WIDTH="198" HEIGHT="48" WC="0.96" CONTENT="hängande"/><SP WIDTH="42" VPOS="1792" HPOS="692"/>
							<String ID="string_276" HPOS="734" VPOS="1792" WIDTH="103" HEIGHT="36" WC="0.96" CONTENT="delar"/><SP WIDTH="33" VPOS="1792" HPOS="837"/>
							<String ID="string_277" HPOS="870" VPOS="1791" WIDTH="40" HEIGHT="36" WC="0.96" CONTENT="af"/><SP WIDTH="36" VPOS="1791" HPOS="910"/>
							<String ID="string_278" HPOS="946" VPOS="1791" WIDTH="118" HEIGHT="48" WC="0.96" CONTENT="öfriga"/><SP WIDTH="40" VPOS="1791" HPOS="1064"/>
							<String ID="string_279" HPOS="1104" VPOS="1791" WIDTH="244" HEIGHT="42" WC="0.96" CONTENT="föreskrifter,"/><SP WIDTH="41" VPOS="1791" HPOS="1348"/>
							<String ID="string_280" HPOS="1389" VPOS="1804" WIDTH="79" HEIGHT="22" WC="0.96" CONTENT="som"/><SP WIDTH="34" VPOS="1804" HPOS="1468"/>
							<String ID="string_281" HPOS="1502" VPOS="1798" WIDTH="86" HEIGHT="27" WC="0.93" CONTENT="röra"/><SP WIDTH="28" VPOS="1798" HPOS="1588"/>
							<String ID="string_282" HPOS="1616" VPOS="1787" WIDTH="473" HEIGHT="46" WC="0.91" CONTENT="beväringsinrättningen,"/>
						</TextLine>
						<TextLine ID="line_30" HPOS="495" VPOS="1842" WIDTH="498" HEIGHT="38">
							<String ID="string_283" HPOS="495" VPOS="1845" WIDTH="184" HEIGHT="35" WC="0.96" CONTENT="uteslutas"/><SP WIDTH="29" VPOS="1845" HPOS="679"/>
							<String ID="string_284" HPOS="708" VPOS="1844" WIDTH="91" HEIGHT="35" WC="0.96" CONTENT="eller"/><SP WIDTH="29" VPOS="1844" HPOS="799"/>
							<String ID="string_285" HPOS="828" VPOS="1842" WIDTH="165" HEIGHT="36" WC="0.95" CONTENT="ändras.»"/>
						</TextLine>
					</TextBlock>
					<TextBlock ID="block_6" HPOS="494" VPOS="1886" WIDTH="1598" HEIGHT="411">
						<TextLine ID="line_31" HPOS="628" VPOS="1886" WIDTH="1462" HEIGHT="54">
							<String ID="string_286" HPOS="628" VPOS="1894" WIDTH="99" HEIGHT="36" WC="0.96" CONTENT="Utan"/><SP WIDTH="29" VPOS="1894" HPOS="727"/>
							<String ID="string_287" HPOS="756" VPOS="1899" WIDTH="55" HEIGHT="30" WC="0.96" CONTENT="att"/><SP WIDTH="26" VPOS="1899" HPOS="811"/>
							<String ID="string_288" HPOS="837" VPOS="1894" WIDTH="91" HEIGHT="46" WC="0.96" CONTENT="vilja"/><SP WIDTH="28" VPOS="1894" HPOS="928"/>
							<String ID="string_289" HPOS="956" VPOS="1893" WIDTH="245" HEIGHT="35" WC="0.96" CONTENT="underkänna"/><SP WIDTH="28" VPOS="1893" HPOS="1201"/>
							<String ID="string_290" HPOS="1229" VPOS="1891" WIDTH="45" HEIGHT="36" WC="0.93" CONTENT="de"/><SP WIDTH="21" VPOS="1891" HPOS="1274"/>
							<String ID="string_291" HPOS="1295" VPOS="1890" WIDTH="171" HEIGHT="36" WC="0.91" CONTENT="lofvärda"/><SP WIDTH="20" VPOS="1890" HPOS="1466"/>
							<String ID="string_292" HPOS="1486" VPOS="1890" WIDTH="163" HEIGHT="48" WC="0.91" CONTENT="afsigter,"/><SP WIDTH="21" VPOS="1890" HPOS="1649"/>
							<String ID="string_293" HPOS="1670" VPOS="1902" WIDTH="78" HEIGHT="22" WC="0.96" CONTENT="som"/><SP WIDTH="22" VPOS="1902" HPOS="1748"/>
							<String ID="string_294" HPOS="1770" VPOS="1889" WIDTH="100" HEIGHT="46" WC="0.96" CONTENT="ligga"/><SP WIDTH="19" VPOS="1889" HPOS="1870"/>
							<String ID="string_295" HPOS="1889" VPOS="1888" WIDTH="59" HEIGHT="34" WC="0.96" CONTENT="till"/><SP WIDTH="19" VPOS="1888" HPOS="1948"/>
							<String ID="string_296" HPOS="1967" VPOS="1886" WIDTH="123" HEIGHT="47" WC="0.96" CONTENT="grund"/>
						</TextLine>
						<TextLine ID="line_32" HPOS="495" VPOS="1938" WIDTH="1595" HEIGHT="55">
							<String ID="string_297" HPOS="495" VPOS="1945" WIDTH="57" HEIGHT="36" WC="0.96" CONTENT="för"/><SP WIDTH="28" VPOS="1945" HPOS="552"/>
							<String ID="string_298" HPOS="580" VPOS="1945" WIDTH="187" HEIGHT="48" WC="0.96" CONTENT="yrkandet"/><SP WIDTH="29" VPOS="1945" HPOS="767"/>
							<String ID="string_299" HPOS="796" VPOS="1957" WIDTH="60" HEIGHT="22" WC="0.96" CONTENT="om"/><SP WIDTH="29" VPOS="1957" HPOS="856"/>
							<String ID="string_300" HPOS="885" VPOS="1949" WIDTH="53" HEIGHT="30" WC="0.93" CONTENT="ett"/><SP WIDTH="28" VPOS="1949" HPOS="938"/>
							<String ID="string_301" HPOS="966" VPOS="1944" WIDTH="219" HEIGHT="46" WC="0.91" CONTENT="ovilkorligt"/><SP WIDTH="29" VPOS="1944" HPOS="1185"/>
							<String ID="string_302" HPOS="1214" VPOS="1941" WIDTH="196" HEIGHT="49" WC="0.91" CONTENT="åliggande"/><SP WIDTH="29" VPOS="1941" HPOS="1410"/>
							<String ID="string_303" HPOS="1439" VPOS="1947" WIDTH="55" HEIGHT="30" WC="0.96" CONTENT="att"/><SP WIDTH="28" VPOS="1947" HPOS="1494"/>
							<String ID="string_304" HPOS="1522" VPOS="1940" WIDTH="241" HEIGHT="49" WC="0.96" CONTENT="personligen"/><SP WIDTH="28" VPOS="1940" HPOS="1763"/>
							<String ID="string_305" HPOS="1791" VPOS="1938" WIDTH="162" HEIGHT="47" WC="0.93" CONTENT="fullgöra"/><SP WIDTH="23" VPOS="1938" HPOS="1953"/>
							<String ID="string_306" HPOS="1976" VPOS="1939" WIDTH="114" HEIGHT="34" WC="0.92" CONTENT="bevä-"/>
						</TextLine>
						<TextLine ID="line_33" HPOS="495" VPOS="1988" WIDTH="1594" HEIGHT="56">
							<String ID="string_307" HPOS="495" VPOS="1996" WIDTH="263" HEIGHT="48" WC="0.92" CONTENT="ringspligten,"/><SP WIDTH="42" VPOS="1996" HPOS="758"/>
							<String ID="string_308" HPOS="800" VPOS="1994" WIDTH="172" HEIGHT="36" WC="0.92" CONTENT="betviflar"/><SP WIDTH="32" VPOS="1994" HPOS="972"/>
							<String ID="string_309" HPOS="1004" VPOS="1993" WIDTH="196" HEIGHT="36" WC="0.96" CONTENT="Utskottet"/><SP WIDTH="34" VPOS="1993" HPOS="1200"/>
							<String ID="string_310" HPOS="1234" VPOS="1993" WIDTH="95" HEIGHT="35" WC="0.96" CONTENT="dock"/><SP WIDTH="34" VPOS="1993" HPOS="1329"/>
							<String ID="string_311" HPOS="1363" VPOS="1992" WIDTH="226" HEIGHT="36" WC="0.95" CONTENT="åtminstone"/><SP WIDTH="33" VPOS="1992" HPOS="1589"/>
							<String ID="string_312" HPOS="1622" VPOS="1990" WIDTH="57" HEIGHT="36" WC="0.96" CONTENT="för"/><SP WIDTH="28" VPOS="1990" HPOS="1679"/>
							<String ID="string_313" HPOS="1707" VPOS="1988" WIDTH="234" HEIGHT="37" WC="0.93" CONTENT="närvarande"/><SP WIDTH="28" VPOS="1988" HPOS="1941"/>
							<String ID="string_314" HPOS="1969" VPOS="1989" WIDTH="120" HEIGHT="46" WC="0.91" CONTENT="lämp-"/>
						</TextLine>
						<TextLine ID="line_34" HPOS="494" VPOS="2038" WIDTH="1594" HEIGHT="56">
							<String ID="string_315" HPOS="494" VPOS="2047" WIDTH="169" HEIGHT="46" WC="0.96" CONTENT="ligheten"/><SP WIDTH="30" VPOS="2047" HPOS="663"/>
							<String ID="string_316" HPOS="693" VPOS="2045" WIDTH="41" HEIGHT="37" WC="0.93" CONTENT="af"/><SP WIDTH="22" VPOS="2045" HPOS="734"/>
							<String ID="string_317" HPOS="756" VPOS="2045" WIDTH="256" HEIGHT="49" WC="0.92" CONTENT="ifrågaställda"/><SP WIDTH="27" VPOS="2045" HPOS="1012"/>
							<String ID="string_318" HPOS="1039" VPOS="2044" WIDTH="231" HEIGHT="48" WC="0.96" CONTENT="förändring."/><SP WIDTH="45" VPOS="2044" HPOS="1270"/>
							<String ID="string_319" HPOS="1315" VPOS="2043" WIDTH="54" HEIGHT="36" WC="0.96" CONTENT="De"/><SP WIDTH="29" VPOS="2043" HPOS="1369"/>
							<String ID="string_320" HPOS="1398" VPOS="2044" WIDTH="131" HEIGHT="47" WC="0.95" CONTENT="planer"/><SP WIDTH="28" VPOS="2044" HPOS="1529"/>
							<String ID="string_321" HPOS="1557" VPOS="2042" WIDTH="57" HEIGHT="36" WC="0.96" CONTENT="till"/><SP WIDTH="29" VPOS="2042" HPOS="1614"/>
							<String ID="string_322" HPOS="1643" VPOS="2054" WIDTH="45" HEIGHT="23" WC="0.96" CONTENT="en"/><SP WIDTH="29" VPOS="2054" HPOS="1688"/>
							<String ID="string_323" HPOS="1717" VPOS="2053" WIDTH="78" HEIGHT="23" WC="0.95" CONTENT="mer"/><SP WIDTH="29" VPOS="2053" HPOS="1795"/>
							<String ID="string_324" HPOS="1824" VPOS="2040" WIDTH="91" HEIGHT="35" WC="0.96" CONTENT="eller"/><SP WIDTH="28" VPOS="2040" HPOS="1915"/>
							<String ID="string_325" HPOS="1943" VPOS="2038" WIDTH="145" HEIGHT="36" WC="0.96" CONTENT="mindre"/>
						</TextLine>
						<TextLine ID="line_35" HPOS="497" VPOS="2089" WIDTH="1593" HEIGHT="56">
							<String ID="string_326" HPOS="497" VPOS="2097" WIDTH="225" HEIGHT="48" WC="0.96" CONTENT="fullständig"/><SP WIDTH="28" VPOS="2097" HPOS="722"/>
							<String ID="string_327" HPOS="750" VPOS="2096" WIDTH="320" HEIGHT="47" WC="0.96" CONTENT="omorganisation"/><SP WIDTH="29" VPOS="2096" HPOS="1070"/>
							<String ID="string_328" HPOS="1099" VPOS="2094" WIDTH="40" HEIGHT="37" WC="0.96" CONTENT="af"/><SP WIDTH="23" VPOS="2094" HPOS="1139"/>
							<String ID="string_329" HPOS="1162" VPOS="2098" WIDTH="82" HEIGHT="32" WC="0.96" CONTENT="vårt"/><SP WIDTH="24" VPOS="2098" HPOS="1244"/>
							<String ID="string_330" HPOS="1268" VPOS="2093" WIDTH="156" HEIGHT="44" WC="0.96" CONTENT="försvar,"/><SP WIDTH="19" VPOS="2093" HPOS="1424"/>
							<String ID="string_331" HPOS="1443" VPOS="2107" WIDTH="80" HEIGHT="22" WC="0.96" CONTENT="som"/><SP WIDTH="20" VPOS="2107" HPOS="1523"/>
							<String ID="string_332" HPOS="1543" VPOS="2092" WIDTH="118" HEIGHT="37" WC="0.93" CONTENT="under"/><SP WIDTH="19" VPOS="2092" HPOS="1661"/>
							<String ID="string_333" HPOS="1680" VPOS="2091" WIDTH="157" HEIGHT="36" WC="0.92" CONTENT="sednare"/><SP WIDTH="21" VPOS="2091" HPOS="1837"/>
							<String ID="string_334" HPOS="1858" VPOS="2089" WIDTH="99" HEIGHT="37" WC="0.92" CONTENT="tider"/><SP WIDTH="19" VPOS="2089" HPOS="1957"/>
							<String ID="string_335" HPOS="1976" VPOS="2089" WIDTH="114" HEIGHT="35" WC="0.90" CONTENT="fram-"/>
						</TextLine>
						<TextLine ID="line_36" HPOS="495" VPOS="2141" WIDTH="1597" HEIGHT="52">
							<String ID="string_336" HPOS="495" VPOS="2147" WIDTH="115" HEIGHT="45" WC="0.85" CONTENT="trädt,"/><SP WIDTH="35" VPOS="2147" HPOS="610"/>
							<String ID="string_337" HPOS="645" VPOS="2148" WIDTH="126" HEIGHT="35" WC="0.96" CONTENT="kunna"/><SP WIDTH="33" VPOS="2148" HPOS="771"/>
							<String ID="string_338" HPOS="804" VPOS="2147" WIDTH="80" HEIGHT="36" WC="0.96" CONTENT="icke"/><SP WIDTH="30" VPOS="2147" HPOS="884"/>
							<String ID="string_339" HPOS="914" VPOS="2159" WIDTH="106" HEIGHT="23" WC="0.96" CONTENT="anses"/><SP WIDTH="29" VPOS="2159" HPOS="1020"/>
							<String ID="string_340" HPOS="1049" VPOS="2145" WIDTH="112" HEIGHT="37" WC="0.96" CONTENT="hafva"/><SP WIDTH="29" VPOS="2145" HPOS="1161"/>
							<String ID="string_341" HPOS="1190" VPOS="2149" WIDTH="162" HEIGHT="44" WC="0.96" CONTENT="uppnått"/><SP WIDTH="28" VPOS="2149" HPOS="1352"/>
							<String ID="string_342" HPOS="1380" VPOS="2144" WIDTH="70" HEIGHT="36" WC="0.96" CONTENT="den"/><SP WIDTH="30" VPOS="2144" HPOS="1450"/>
							<String ID="string_343" HPOS="1480" VPOS="2143" WIDTH="161" HEIGHT="49" WC="0.96" CONTENT="mognad"/><SP WIDTH="31" VPOS="2143" HPOS="1641"/>
							<String ID="string_344" HPOS="1672" VPOS="2147" WIDTH="64" HEIGHT="40" WC="0.96" CONTENT="att,"/><SP WIDTH="30" VPOS="2147" HPOS="1736"/>
							<String ID="string_345" HPOS="1766" VPOS="2141" WIDTH="86" HEIGHT="37" WC="0.95" CONTENT="med"/><SP WIDTH="28" VPOS="2141" HPOS="1852"/>
							<String ID="string_346" HPOS="1880" VPOS="2143" WIDTH="123" HEIGHT="45" WC="0.92" CONTENT="någon"/><SP WIDTH="30" VPOS="2143" HPOS="2003"/>
							<String ID="string_347" HPOS="2033" VPOS="2147" WIDTH="59" HEIGHT="28" WC="0.92" CONTENT="sä-"/>
						</TextLine>
						<TextLine ID="line_37" HPOS="495" VPOS="2192" WIDTH="1597" HEIGHT="51">
							<String ID="string_348" HPOS="495" VPOS="2199" WIDTH="145" HEIGHT="43" WC="0.91" CONTENT="kerhet,"/><SP WIDTH="41" VPOS="2199" HPOS="640"/>
							<String ID="string_349" HPOS="681" VPOS="2199" WIDTH="74" HEIGHT="35" WC="0.96" CONTENT="kan"/><SP WIDTH="32" VPOS="2199" HPOS="755"/>
							<String ID="string_350" HPOS="787" VPOS="2198" WIDTH="163" HEIGHT="36" WC="0.96" CONTENT="förutses"/><SP WIDTH="30" VPOS="2198" HPOS="950"/>
							<String ID="string_351" HPOS="980" VPOS="2210" WIDTH="63" HEIGHT="23" WC="0.96" CONTENT="ens"/><SP WIDTH="29" VPOS="2210" HPOS="1043"/>
							<String ID="string_352" HPOS="1072" VPOS="2197" WIDTH="11" HEIGHT="35" WC="0.96" CONTENT="i"/><SP WIDTH="29" VPOS="2197" HPOS="1083"/>
							<String ID="string_353" HPOS="1112" VPOS="2196" WIDTH="99" HEIGHT="36" WC="0.96" CONTENT="hvad"/><SP WIDTH="27" VPOS="2196" HPOS="1211"/>
							<String ID="string_354" HPOS="1238" VPOS="2196" WIDTH="168" HEIGHT="47" WC="0.96" CONTENT="riktning"/><SP WIDTH="29" VPOS="2196" HPOS="1406"/>
							<String ID="string_355" HPOS="1435" VPOS="2195" WIDTH="103" HEIGHT="36" WC="0.96" CONTENT="detta"/><SP WIDTH="29" VPOS="2195" HPOS="1538"/>
							<String ID="string_356" HPOS="1567" VPOS="2195" WIDTH="127" HEIGHT="35" WC="0.96" CONTENT="arbete"/><SP WIDTH="29" VPOS="2195" HPOS="1694"/>
							<String ID="string_357" HPOS="1723" VPOS="2207" WIDTH="44" HEIGHT="22" WC="0.96" CONTENT="en"/><SP WIDTH="29" VPOS="2207" HPOS="1767"/>
							<String ID="string_358" HPOS="1796" VPOS="2196" WIDTH="99" HEIGHT="44" WC="0.95" CONTENT="gång"/><SP WIDTH="27" VPOS="2196" HPOS="1895"/>
							<String ID="string_359" HPOS="1922" VPOS="2192" WIDTH="170" HEIGHT="34" WC="0.96" CONTENT="kommer"/>
						</TextLine>
						<TextLine ID="line_38" HPOS="495" VPOS="2241" WIDTH="1596" HEIGHT="56">
							<String ID="string_360" HPOS="495" VPOS="2255" WIDTH="55" HEIGHT="30" WC="0.96" CONTENT="att"/><SP WIDTH="27" VPOS="2255" HPOS="550"/>
							<String ID="string_361" HPOS="577" VPOS="2249" WIDTH="198" HEIGHT="48" WC="0.94" CONTENT="företagas."/><SP WIDTH="57" VPOS="2249" HPOS="775"/>
							<String ID="string_362" HPOS="832" VPOS="2247" WIDTH="84" HEIGHT="46" WC="0.96" CONTENT="Om,"/><SP WIDTH="29" VPOS="2247" HPOS="916"/>
							<String ID="string_363" HPOS="945" VPOS="2248" WIDTH="85" HEIGHT="36" WC="0.92" CONTENT="med"/><SP WIDTH="31" VPOS="2248" HPOS="1030"/>
							<String ID="string_364" HPOS="1061" VPOS="2247" WIDTH="265" HEIGHT="49" WC="0.92" CONTENT="upphäfvande"/><SP WIDTH="30" VPOS="2247" HPOS="1326"/>
							<String ID="string_365" HPOS="1356" VPOS="2247" WIDTH="92" HEIGHT="35" WC="0.95" CONTENT="eller"/><SP WIDTH="27" VPOS="2247" HPOS="1448"/>
							<String ID="string_366" HPOS="1475" VPOS="2245" WIDTH="220" HEIGHT="47" WC="0.96" CONTENT="förändring"/><SP WIDTH="24" VPOS="2245" HPOS="1695"/>
							<String ID="string_367" HPOS="1719" VPOS="2245" WIDTH="58" HEIGHT="35" WC="0.92" CONTENT="till"/><SP WIDTH="21" VPOS="2245" HPOS="1777"/>
							<String ID="string_368" HPOS="1798" VPOS="2242" WIDTH="213" HEIGHT="47" WC="0.91" CONTENT="väsendtlig"/><SP WIDTH="20" VPOS="2242" HPOS="2011"/>
							<String ID="string_369" HPOS="2031" VPOS="2241" WIDTH="60" HEIGHT="36" WC="0.96" CONTENT="del"/>
						</TextLine>
					</TextBlock>
				</ComposedBlock>
			</PrintSpace>
		</Page>
	</Layout>
</alto>
