2192 2580
714 195 267 32 Statsutskottets
1011 194 179 34 Utlåtande
1212 195 66 32 N:o
1301 197 57 31 37.
1781 195 39 32 15

240 283 144 50 jorden
411 282 12 36 i
453 285 87 34 mån
569 282 43 37 af
636 283 90 37 dess
755 296 142 35 genom
924 282 384 49 vattenafledningen
1337 296 128 23 vunna
1493 282 138 48 fördel,
1662 282 88 36 med
1765 282 97 36 iakt-

245 334 168 49 tagande
443 334 117 37 likväl
588 335 120 48 deraf,
738 340 56 31 att
822 335 342 37 frälsehemmanet
1192 347 63 24 n:o
1296 336 20 34 6
1346 335 155 36 Enåker
1528 335 85 36 icke
1644 334 123 37 skulle
1797 337 66 46 på-

245 387 106 36 föras
393 389 130 45 någon
565 387 112 37 andel
719 387 42 36 af
798 387 294 49 ifrågavarande
1130 386 355 50 aflöningsbelopp;
1515 386 172 37 börande
1718 386 144 36 omför-

244 439 128 36 mälda
412 439 142 49 belopp
596 439 12 36 i
652 439 255 37 statsverkets
951 439 265 49 räkenskaper
1249 443 193 45 upptagas
1470 439 122 36 under
1620 438 86 37 titel
1732 443 131 32 »extra

244 490 215 49 uppbörd»;

351 545 60 33 2:0o
451 548 66 43 att,
554 548 91 31 utan
679 543 192 48 rubbning
899 543 11 36 i
939 543 179 48 gällande
1148 542 274 37 bestämmelse
1454 556 60 23 om
1547 542 213 49 lindringar
1790 542 72 36 och

244 594 214 37 understöd
486 595 12 35 i
527 595 224 48 roteringen
778 596 105 35 inom
914 594 99 48 Sala,
1042 595 166 48 Norrby,
1227 594 150 48 Kumla,
1395 594 98 49 Kila,
1511 595 198 48 Möklinta,
1723 595 138 47 Terna,

244 647 149 47 Löfsta,
431 647 167 46 Enåker,
643 648 114 47 Nora,
800 647 106 48 Våla,
949 647 131 36 Harbo
1124 647 74 36 och
1239 647 221 47 Huddunge
1499 647 176 47 socknar,
1705 647 158 48 grufve-

245 698 304 49 drängshjelpen
578 699 43 36 af
645 699 177 36 hemman
851 699 104 36 inom
985 699 115 36 dessa
1129 700 166 35 socknar
1322 699 104 48 finge
1455 699 56 35 till
1542 699 236 36 statsverket
1806 698 56 36 in-

246 750 142 48 dragas
432 751 84 46 och,
560 751 100 36 efter
694 751 65 36 det
786 751 158 49 hjelpen
974 751 121 47 enligt
1122 751 222 47 grunderna
1371 750 13 36 1
1412 750 140 48 nådiga
1582 750 280 48 förordningen

244 802 76 36 den
350 804 48 34 23
422 802 72 49 juli
526 804 96 35 1869
654 803 199 47 angående
884 802 229 49 förändring
1142 803 42 36 af
1209 803 262 48 grundräntor
1501 802 72 36 och
1601 802 260 36 kronotionde

243 853 129 37 blifvit
409 854 12 35 i
456 854 218 48 penningar
703 859 152 43 omsatt,
886 854 85 36 från
1001 855 71 36 och
1101 855 88 36 med
1219 858 40 33 år
1291 856 98 35 1888
1420 854 88 36 med
1536 854 133 36 trettio
1698 859 164 44 procent

243 906 217 46 nedsättas;
492 911 99 31 samt

350 961 60 33 3:o
454 963 55 30 att
551 958 75 35 den
667 971 29 23 s.
727 958 35 35 k.
805 957 157 49 grufve-
1006 957 92 37 eller
1127 957 380 49 bergsfrälsejorden
1536 960 131 45 måtte,
1697 957 49 37 fri
1777 957 85 37 från

243 1014 111 31 ränta
397 1009 72 36 och
506 1009 174 48 rotering
717 1009 201 36 äfvensom
947 1009 86 37 från
1061 1009 306 48 tjenstbarheter
1397 1009 72 36 och
1498 1009 160 48 afgifter
1685 1009 58 36 till
1773 1009 89 37 Sala

244 1061 243 48 silfververk,
517 1061 121 36 under
666 1061 69 36 full
773 1061 228 48 eganderätt
1031 1061 208 37 öfverlåtas
1269 1061 57 36 till
1354 1061 293 48 innehafvarne,
1676 1061 94 36 hvar
1799 1061 62 36 för

243 1113 75 36 den
348 1113 74 48 del,
453 1126 83 23 som
565 1113 75 36 han
670 1112 111 49 egde.

348 1319 58 37 Då
448 1319 100 36 efter
590 1319 75 36 den
708 1319 238 36 omfattande
974 1318 220 49 utredning,
1224 1319 295 48 ifrågavarande
1549 1319 142 37 ärende
1720 1320 139 36 under-

242 1371 162 47 kastats,
446 1371 65 36 det
554 1384 116 35 synes
713 1384 91 23 vara
846 1371 42 36 af
922 1376 144 31 största
1107 1371 95 47 vigt,
1246 1376 57 31 att
1331 1371 125 36 denna
1486 1371 286 48 angelägenhet
1800 1375 60 33 må

240 1423 119 36 varda
388 1423 182 48 slutligen
600 1422 158 48 ordnad,
789 1428 99 30 samt
916 1428 116 30 annat
1061 1427 77 31 sätt
1167 1423 61 35 för
1257 1423 106 36 detta
1392 1423 94 36 måls
1515 1423 192 36 vinnande
1729 1428 48 31 än
1794 1424 66 35 det

242 1476 41 35 af
304 1474 143 49 Kongl.
470 1474 108 48 Maj:t
599 1474 223 48 föreslagna
841 1474 85 36 icke
949 1487 117 36 synes
1089 1474 223 48 förefinnas,
1340 1475 70 35 har
1437 1475 191 36 utskottet
1649 1480 128 31 ansett
1799 1475 61 48 sig

240 1527 95 36 böra
376 1526 204 36 hemställa
623 1539 60 23 om
726 1526 243 48 Riksdagens
1012 1526 108 36 bifall
1162 1526 58 36 till
1262 1526 143 48 Kongl.
1444 1526 128 49 Maj:ts
1603 1526 256 37 omförmälda

242 1578 298 48 framställning.

344 1733 18 36 I
391 1732 280 48 sammanhang
698 1732 88 36 med
815 1732 254 37 förevarande
1100 1732 110 48 fråga
1238 1732 70 36 har
1336 1733 192 36 utskottet
1542 1732 58 37 till
1619 1733 239 49 behandling

240 1784 172 37 förehaft
432 1784 141 48 Kongl.
603 1784 129 48 Maj:ts
760 1784 121 36 under
900 1785 131 36 nionde
1049 1784 242 48 hufvudtiteln
1311 1784 11 36 1
1343 1785 514 48 statsverkspropositionen

239 1836 141 49 gjorda
394 1835 296 49 framställning,
708 1841 55 30 att
778 1835 370 49 grufveingeniören
1164 1836 135 36 Albert
1318 1836 200 36 Mortimer
1534 1836 319 37 Guldbrandsson

240 1891 117 33 måtte
382 1910 50 4 -—
456 1887 122 37 under
606 1887 279 49 förutsättning
909 1893 66 42 att,
1006 1887 6 36 i
1038 1887 408 37 öfverensstämmelse
1476 1888 87 36 med
1585 1888 102 36 hvad
1711 1889 143 49 Kongl.

239 1939 109 49 Maj:t
375 1939 12 36 i
417 1939 254 36 förevarande
702 1939 244 49 proposition
977 1939 215 48 föreslagit,
1232 1939 399 37 öfverenskommelse
1670 1953 61 23 om
1759 1955 97 35 upp-

239 1991 157 48 lösning
425 1991 42 36 af
493 1991 65 36 det
586 2005 51 22 nu
666 1991 207 36 bestående
917 1991 359 36 rättsförhållandet
1312 1991 141 36 mellan
1487 1992 148 36 kronan
1665 1993 72 36 och
1768 1993 89 37 Sala

239 2043 186 48 bergslag
467 2043 173 36 kommer
683 2043 57 36 till
775 2042 111 36 stånd
916 2065 48 3 —
994 2042 190 37 förklaras
1220 2043 218 47 berättigad
1467 2048 56 31 att
1551 2044 85 36 från
1666 2045 72 35 och
1767 2045 89 37 med

240 2095 189 36 månaden
471 2099 88 32 näst
601 2094 100 37 efter
742 2094 86 48 den,
872 2094 122 37 under
1027 2095 157 36 hvilken
1213 2095 76 36 han
1318 2094 144 37 erhölle
1493 2095 150 48 afsked,
1674 2096 85 37 från
1788 2097 67 36 all-

240 2152 142 31 männa
408 2146 388 48 indragningsstaten
825 2146 146 48 åtnjuta
1000 2146 73 36 den
1104 2147 122 48 enligt
1255 2146 253 37 förenämnda
1525 2147 171 49 grunder
1711 2149 143 35 honom

240 2198 290 38 tillförsäkrade
559 2198 336 50 fyllnadspension
924 2201 21 33 å
975 2200 73 35 900
1077 2198 146 36 kronor
1252 2198 159 48 årligen.

346 2250 152 38 Jemväl
528 2250 125 37 denna
680 2250 143 49 Kongl.
853 2249 129 48 Maj:ts
1012 2250 287 48 framställning
1327 2251 68 35 har
1423 2251 192 37 utskottet
1644 2257 129 31 ansett
1794 2252 61 48 sig

238 2303 95 38 böra
361 2302 169 38 förorda.
