2198 2642
701 210 234 42 Lagutskottets
963 211 174 34 Utlåtande
1159 211 70 35 N:o
1251 213 52 32 50.
1709 212 39 31 15

198 289 92 38 eller
331 289 148 38 mindre
520 289 254 50 styckarbete.
831 290 133 38 Blefve
1015 290 63 38 det
1125 290 176 39 förenadt
1342 291 87 38 med
1471 296 55 33 ett
1567 291 228 51 tillräckligt

198 346 153 45 strängt
392 355 139 24 ansvar
571 347 56 32 att
667 342 112 49 bryta
821 348 56 31 ett
917 342 234 49 arbetsaftal,
1184 357 90 24 vare
1303 344 61 50 sig
1397 348 191 33 mästaren
1616 344 92 37 eller
1735 358 58 23 ar-

197 394 157 37 betaren
383 394 134 49 gjorde
545 394 76 47 det,
652 399 55 32 ett
735 407 140 24 ansvar
902 408 81 24 som
1012 395 127 37 kunde
1167 397 185 36 resultera
1380 396 11 37 i
1411 395 286 50 tvångsarbete,
1713 396 78 49 der,

197 448 48 47 på
271 447 129 49 grund
428 446 42 37 af
492 446 158 37 tredska
679 445 91 38 eller
798 446 196 50 oförmåga
1022 452 56 32 att
1106 448 137 49 betala,
1270 448 120 37 skada
1409 448 220 50 tillfogades
1650 448 142 38 endera

197 498 283 37 kontrahenten
522 498 93 37 eller
657 511 48 24 en
745 498 61 37 del
848 498 174 38 arbetare
1063 499 43 37 af
1142 500 110 37 deras
1281 500 334 48 arbetskamrater,
1645 500 55 36 lär
1727 500 65 37 det

197 549 85 38 icke
323 551 123 36 finnas
488 549 172 50 ringaste
701 549 135 38 tvifvel
877 551 143 49 derom,
1049 557 57 31 att
1133 551 84 37 icke
1245 552 224 49 derigenom
1498 552 74 37 alla
1601 552 191 50 okynnes-

196 602 165 49 strejker
402 602 124 37 skulle
569 601 250 50 förebyggas.
873 603 144 48 Ingens
1058 603 146 50 lagliga
1230 608 76 33 rätt
1334 604 184 37 kränktes
1545 604 43 37 af
1612 617 46 24 en
1687 604 105 49 dylik

195 654 76 49 lag,
301 659 43 45 ty
373 654 64 37 det
465 659 42 32 är
534 667 47 24 en
610 654 115 37 hvars
754 654 99 49 pligt
881 660 57 32 att
966 655 100 37 hålla
1086 655 102 37 hvad
1207 656 75 37 han
1300 656 132 38 lofvat.
1476 656 81 38 Och
1575 655 47 38 de
1639 656 154 48 olägen-

196 706 119 48 heter,
358 706 133 37 hvilka
531 707 133 36 kunna
704 706 193 38 förmenas
935 707 151 37 vidlåda
1127 713 55 32 ett
1210 708 124 49 dylikt
1363 709 228 49 stadgande,
1622 713 64 32 äro
1715 708 79 37 helt

197 758 95 37 visst
332 758 85 37 icke
455 758 182 50 omöjliga
665 763 56 32 att
748 758 185 51 afhjelpa.
987 759 152 49 Frågan
1168 764 42 32 är
1236 760 100 37 blott
1363 766 57 32 att
1446 766 92 32 utan
1567 760 128 37 rädsla
1723 761 70 36 och

196 810 266 37 undfallenhet
503 810 58 37 för
603 824 47 23 en
692 810 211 50 högröstad
945 811 231 37 socialistisk
1210 812 188 49 agitation
1434 818 90 44 taga
1552 818 128 43 steget
1708 812 86 37 fullt

196 869 42 29 ut
279 862 71 37 och
391 862 86 38 icke
519 863 89 49 nöja
649 862 61 50 sig
751 863 88 37 med
881 877 48 23 en
963 863 221 50 halfmesyr,
1219 877 81 24 som
1337 864 123 38 skulle
1488 864 121 38 skada
1637 878 80 23 mer
1745 868 48 33 än

195 927 143 37 gagna.

324 967 78 37 För
443 971 56 33 att
531 966 142 38 bereda
714 980 83 24 rum
839 967 61 37 för
940 980 47 24 en
1021 966 118 38 sådan
1168 967 65 50 lag
1262 970 121 35 måste
1412 968 216 38 emellertid
1656 981 47 24 en
1731 967 62 38 del

196 1018 173 38 formella
409 1018 276 51 lagändringar
720 1024 129 44 göras,
877 1019 153 37 hvadan
1053 1019 70 50 jag
1150 1019 58 37 för
1236 1020 77 37 min
1342 1020 61 38 del
1431 1034 113 24 anser
1572 1020 220 50 lyckligast,

197 1084 60 23 om
300 1070 142 50 Kongl.
486 1071 107 49 Maj:t
633 1077 92 42 toge
762 1071 138 49 frågan
941 1071 121 38 under
1090 1072 245 50 ompröfning
1363 1073 71 37 och
1463 1073 98 37 efter
1589 1085 204 36 noggrann

196 1122 208 50 utredning
432 1122 170 38 förelade
630 1123 223 49 Riksdagen
883 1128 54 32 ett
964 1123 211 50 lagförslag
1203 1124 13 36 i
1244 1124 125 38 afsedt
1398 1125 111 50 syfte.
1552 1125 241 37 Innebörden

196 1175 41 36 af
260 1175 73 37 den
361 1188 77 36 nya
465 1174 117 49 lagen
610 1175 108 37 torde
746 1176 98 37 dock
872 1175 59 37 till
959 1175 84 37 sina
1070 1175 245 50 hufvuddrag
1343 1176 69 38 här
1439 1177 92 37 böra
1559 1177 167 37 beröras.

324 1226 158 37 Liksom
513 1227 123 49 enligt
663 1227 73 37 den
765 1227 222 37 nuvarande
1013 1228 424 49 tjenstehjonsstadgan
1457 1229 156 37 tredska
1634 1234 55 31 att
1709 1229 83 36 full-

196 1284 94 43 göra
331 1278 263 37 arbetsaftalet
636 1279 145 37 medför
823 1285 105 31 utom
958 1279 225 37 ekonomisk
1211 1280 145 48 påföljd
1385 1281 113 36 äfven
1527 1286 118 31 annat
1673 1281 117 47 straff,

198 1331 71 36 och
296 1330 48 37 då
373 1330 125 37 denna
526 1330 148 50 princip
703 1331 148 37 således
879 1331 118 37 redan
1026 1331 68 37 har
1123 1330 165 51 burskap
1317 1332 11 36 1
1357 1335 68 34 vår
1444 1332 261 49 lagstiftning,
1726 1332 67 37 bör

199 1383 118 37 sådan
358 1382 144 49 påföljd
542 1383 159 48 stadgas
742 1383 12 36 i
796 1382 181 38 afseende
1014 1386 21 34 å
1071 1383 66 36 allt
1173 1383 105 49 slags
1307 1384 234 48 arbetsaftal,
1571 1397 82 24 som
1681 1384 112 49 ingås

199 1434 119 37 under
360 1434 138 50 lagligt
537 1435 271 49 betryggande
850 1434 153 38 former.
1058 1435 68 36 Ett
1162 1435 187 50 skriftligt
1377 1437 182 36 kontrakt
1588 1436 69 37 bör
1684 1435 110 37 alltså

199 1500 89 24 vara
316 1487 88 48 laga
433 1486 202 49 bindande,
666 1488 71 35 hur
765 1487 87 37 kort
881 1487 55 37 tid
965 1487 62 36 det
1056 1487 111 47 afser,
1197 1487 92 37 eller
1316 1501 61 23 om
1407 1488 64 37 det
1498 1488 98 37 blott
1624 1493 41 31 är
1686 1487 108 49 fråga

198 1552 59 23 om
287 1537 258 51 styckarbete,
575 1545 55 31 ett
658 1539 92 37 eller
777 1539 103 37 flera.
923 1540 138 48 Bryter
1090 1539 138 37 endera
1257 1545 137 44 parten
1423 1540 142 47 aftalet,
1594 1540 96 37 skall
1718 1540 75 36 han

198 1591 41 36 af
262 1591 75 37 den
366 1591 117 36 andra
513 1597 134 43 parten
675 1591 169 48 lagföras
873 1591 72 37 och
974 1591 145 37 skadan
1148 1590 58 38 för
1235 1592 196 37 käranden
1459 1592 238 37 undersökas
1722 1592 71 36 och

198 1643 246 37 bestämmas.
504 1644 109 37 Efter
656 1643 114 37 fallen
808 1643 86 37 dom
933 1643 98 36 skall
1067 1643 74 36 den
1169 1643 137 36 dömde
1335 1644 168 37 utbetala
1532 1645 72 36 den
1634 1644 160 37 ådömda

199 1695 386 50 skadeersättningen
627 1695 71 37 och
739 1695 499 48 rättegångskostnaderna.
1295 1696 86 36 Kan
1423 1697 76 35 han
1532 1696 34 48 ej
1596 1696 77 47 det,
1701 1695 93 37 eller

199 1747 173 36 tredskar
401 1747 88 50 han,
518 1751 61 33 må
607 1748 76 36 han
712 1746 119 37 hållas
860 1746 58 36 till
946 1746 159 36 allmänt
1133 1746 130 37 arbete
1292 1747 12 35 i
1329 1747 91 48 viss,
1441 1753 79 31 mot
1540 1749 73 35 den
1634 1747 160 37 ådömda

200 1811 175 24 summan
404 1799 189 38 svarande
622 1799 66 36 tid.
745 1797 132 37 Gifvet
905 1803 53 42 är,
988 1803 55 31 att
1071 1797 185 49 lagbudet
1284 1798 97 37 skall
1410 1802 43 33 så
1473 1800 163 46 affattas,
1658 1805 55 30 att
1732 1799 64 36 det

199 1850 169 49 skyddar
406 1851 86 46 den,
522 1864 81 24 som
632 1851 222 48 oförvålladt
883 1850 132 48 bryter
1044 1855 55 31 ett
1128 1849 102 48 aftal,
1260 1850 59 37 för
1347 1856 116 31 annat
1492 1856 47 31 än
1569 1850 225 37 ekonomisk

199 1902 89 36 risk.
345 1902 142 39 Likaså
527 1904 69 36 bör
637 1903 66 36 det
743 1902 136 48 tillses,
921 1907 56 31 att
1013 1915 103 35 unga
1153 1901 91 37 eller
1281 1902 175 37 oerfarna
1493 1903 185 47 arbetare,
1712 1916 80 22 som

200 1954 181 48 möjligen
424 1956 42 36 af
502 1955 254 38 samvetslösa
797 1953 279 49 arbetsgifvare
1113 1960 149 30 narrats
1296 1959 55 31 att
1380 1955 109 36 träffa
1518 1954 142 37 sådana
1689 1954 104 47 aftal,

200 2006 130 36 hvilka
371 2008 186 48 antingen
594 2010 49 45 på
677 2006 123 49 grund
835 2006 42 35 af
900 2006 67 35 allt
995 2005 58 36 för
1081 2006 63 46 låg
1173 2005 193 37 arbetslön
1397 2006 93 37 eller
1518 2007 118 36 andra
1664 2006 129 49 dylika

201 2058 155 35 orsaker
384 2057 85 38 icke
498 2060 130 35 kunna
657 2058 132 47 hållas,
820 2056 118 37 sedan
967 2057 104 36 detta
1096 2056 291 48 vederbörligen
1415 2058 271 46 konstaterats,
1708 2057 85 36 icke

202 2111 59 34 må
289 2108 164 37 drabbas
482 2112 40 35 af
546 2123 140 23 ansvar
714 2109 57 35 för
798 2113 55 31 ett
881 2107 124 49 dylikt
1033 2107 111 37 aftals
1173 2107 218 50 brytande.»
