1942 2848
468 131 417 38 Bevillningsutskottets
908 131 222 33 betänkande
1150 132 53 31 Nr
1229 131 51 30 64.
1565 130 18 31 3

121 209 162 36 lindring
307 209 13 31 i
343 209 104 31 deras
470 209 230 36 beskattning
723 209 66 31 här
814 209 12 31 i
850 209 103 36 riket,
977 209 92 31 skall
1092 220 45 20 av
1162 209 177 36 företaget
1363 210 166 36 erläggas
1552 212 73 28 sär-

122 261 95 32 skild
242 261 97 31 skatt
363 260 58 33 till
445 262 128 35 staten,
598 261 178 32 benämnd
801 261 328 36 ersättningsskatt.

837 355 70 37 28.

163 416 379 37 Ersättningsskatten
560 416 92 31 skall
671 418 131 35 utgöra
821 416 182 37 tjugufem
1022 419 147 34 procent
1190 427 44 21 av
1255 417 58 32 det
1331 417 57 31 till
1410 417 100 37 dylik
1528 417 97 32 skatt

125 468 339 37 beskattningsbara
484 467 172 38 beloppet.

162 520 70 32 Det
255 520 339 37 beskattningsbara
615 520 164 37 beloppet
805 520 195 32 fastställes
1026 521 55 31 till
1107 522 73 31 vad
1205 531 47 21 av
1274 521 145 32 vinsten
1444 521 57 33 för
1524 521 102 32 verk-

124 572 235 32 samhetsåret
380 582 74 22 som
475 573 126 30 utöver
623 572 139 32 utdelat
783 572 125 37 belopp
930 572 163 37 skäligen
1113 573 141 31 kunnat
1274 573 140 32 utdelas
1436 573 58 32 till
1516 572 110 32 aktie-

124 623 86 32 eller
227 624 235 37 andelsägare
478 624 65 31 och
559 624 135 32 utföres
712 624 12 31 i
742 624 91 31 fulla
850 624 195 32 hundratal
1061 624 141 37 kronor,
1221 625 39 31 så
1277 625 54 31 att
1348 624 278 38 överskjutande

124 676 136 36 belopp,
284 685 74 23 som
381 675 33 37 ej
439 676 140 36 uppgår
602 675 57 31 till
680 675 85 31 fullt
787 676 195 31 hundratal
1005 675 140 37 kronor,
1169 676 197 32 bortfaller.

841 769 67 38 3$.

163 829 181 38 Taxering
380 830 57 32 till
474 830 320 38 ersättningsskatt
831 830 92 32 skall
961 831 61 31 ske
1060 831 12 31 i
1110 830 68 32 den
1205 831 180 37 kommun,
1412 841 75 22 som
1514 832 113 37 enligt

123 882 435 38 kommunalskattelagen
579 884 108 36 utgör
711 883 196 37 företagets
930 883 338 33 hemortskommun.

840 969 20 31 4
880 968 28 37 $.

164 1027 180 39 Taxering
368 1028 57 32 till
448 1029 320 37 ersättningsskatt
792 1029 213 32 verkställes
1027 1039 46 21 av
1095 1029 68 31 den
1185 1029 344 38 prövningsnämnd,
1552 1040 76 21 som

124 1080 66 31 har
210 1081 55 31 att
286 1079 207 37 handlägga
514 1079 195 38 företagets
731 1080 166 37 taxering
920 1080 56 32 till
999 1080 126 37 statlig
1147 1081 170 31 inkomst-
1339 1081 64 31 och
1427 1081 199 37 förmögen-

124 1131 187 32 hetsskatt.

164 1182 170 34 Yrkande
363 1193 56 21 om
446 1183 165 36 taxering
640 1182 92 32 skall
762 1183 220 31 framställas
1011 1183 63 31 hos
1101 1182 379 37 prövningsnämnden
1509 1184 119 30 senast

124 1234 115 32 andra
261 1236 78 30 året
361 1235 92 30 efter
476 1234 58 31 det
558 1235 50 35 år,
632 1234 45 31 då
700 1234 178 37 företaget
901 1233 192 38 rätteligen
1116 1234 118 31 skolat
1257 1236 143 29 taxeras
1422 1234 57 31 till
1502 1234 125 37 statlig

125 1286 170 31 inkomst-
319 1287 64 30 och
408 1285 363 37 förmögenhetsskatt
796 1286 55 31 för
876 1285 56 32 sin
954 1285 158 32 inkomst
1135 1285 113 32 under
1274 1285 57 32 det
1354 1286 13 31 i
1388 1286 18 29 1
1430 1284 18 37 $
1473 1285 157 32 avsedda

125 1338 335 32 verksamhetsåret.

843 1415 18 30 5
883 1412 27 37 $.

167 1477 78 30 Har
274 1476 140 35 företag
441 1475 254 31 eftertaxerats
723 1475 59 31 till
810 1474 125 37 statlig
963 1474 169 31 inkomst-
1160 1475 66 31 och
1254 1474 374 37 förmögenhetsskatt,

127 1529 102 35 skall,
251 1528 13 31 i
286 1528 68 31 den
372 1528 85 30 mån
479 1526 308 36 eftertaxeringen
808 1526 125 32 därtill
955 1525 214 37 föranleder,
1191 1526 177 36 företaget
1391 1526 238 32 eftertaxeras

127 1580 138 37 jämväl
291 1579 57 31 till
373 1578 329 37 ersättningsskatt.

843 1664 18 32 6
883 1663 28 37 $.

167 1727 130 31 Därest
317 1726 91 32 efter
431 1726 153 31 anförda
602 1725 127 32 besvär
751 1726 85 30 eller
858 1725 104 37 eljest
982 1725 160 36 företags
1162 1725 167 37 taxering
1352 1725 57 32 till
1430 1725 125 37 statlig
1577 1726 52 31 in-

127 1779 130 30 komst-
279 1778 65 31 och
367 1777 364 37 förmögenhetsskatt
753 1777 149 32 ändrats
925 1776 85 32 eller
1033 1777 114 31 sådan
1169 1777 166 37 taxering
1359 1777 105 32 blivit
1488 1778 140 36 företag

125 1829 140 37 påförd,
287 1829 92 31 skall
400 1830 47 36 på
467 1828 124 31 därom
613 1828 198 32 framställt
830 1828 171 37 yrkande,
1024 1829 12 30 i
1058 1828 67 32 den
1146 1830 84 29 mån
1252 1829 276 31 förhållandena
1549 1829 78 32 där-

127 1881 58 32 till
211 1881 198 36 föranleda,
436 1880 121 31 tillika
584 1880 167 36 vidtagas
778 1880 154 36 ändring
960 1880 13 30 i
1000 1879 198 32 verkställd
1225 1880 167 36 taxering
1421 1880 58 32 till
1504 1881 126 30 ersätt-

126 1933 206 36 ningsskatt
355 1932 86 31 eller
464 1931 112 31 sådan
598 1931 166 37 taxering
787 1931 147 37 påföras
958 1931 186 36 företaget.

843 2016 69 37 7$.

167 2078 130 32 Därest
342 2078 177 36 företaget
566 2077 75 31 före
686 2078 145 36 augusti
856 2077 150 31 månads
1030 2078 139 36 utgång
1195 2078 78 30 året
1297 2078 92 31 efter
1415 2077 67 37 det,
1508 2078 45 31 då
1577 2088 52 21 er-

126 2130 282 37 sättningsskatt
430 2129 141 37 påförts
596 2129 187 37 företaget,
809 2129 57 31 till
890 2128 196 37 delägarna
1108 2129 142 31 utdelar
1274 2129 152 31 sålunda
1449 2129 181 32 beskattat

129 2183 137 36 belopp,
286 2183 59 30 må
367 2181 209 31 restitution
595 2181 60 30 ske
677 2190 47 21 av
746 2181 89 31 därå
856 2179 195 37 belöpande
1074 2180 330 36 ersättningsskatt.
1446 2180 111 37 Dylik
1578 2190 52 21 re-

129 2235 169 31 stitution
319 2234 158 30 beslutas
500 2243 45 20 av
567 2232 343 36 prövningsnämnd,
933 2242 75 21 som
1029 2232 13 30 i
1064 2232 18 29 4
1106 2230 18 37 $
1148 2234 92 34 sägs,
1264 2232 64 30 och
1353 2231 209 32 verkställes
1584 2242 46 20 av

129 2285 265 37 länsstyrelsen.
442 2284 71 31 Till
538 2283 379 37 prövningsnämnden
942 2282 110 32 ställd
1078 2283 160 31 ansökan
1264 2293 57 21 om
1347 2283 113 31 sådan
1486 2283 144 31 restitu-

129 2337 76 31 1ion
227 2336 94 31 skall
343 2337 119 29 senast
486 2335 67 31 den
575 2335 19 30 1
615 2334 198 36 september
837 2334 143 36 ingivas
1000 2334 57 31 till
1081 2334 267 36 länsstyrelsen.

170 2388 72 31 Vid
266 2387 218 32 bedömande
509 2396 44 21 av
580 2386 139 35 frågan,
744 2385 183 31 huruvida
951 2385 234 36 utdelningen
1211 2386 116 31 avsett
1354 2394 126 27 genom
1504 2388 126 29 ersätt-

130 2440 206 36 ningsskatt
360 2438 181 31 beskattat
566 2437 135 36 belopp,
727 2437 93 31 skall
845 2437 191 36 iakttagas,
1062 2439 53 29 att
1141 2446 124 22 senare
1292 2437 167 36 intjänad
1486 2438 105 36 vinst,
1618 2438 11 30 i
