<?xml version="1.0" encoding="UTF-8"?>
<alto xmlns="http://www.loc.gov/standards/alto/ns-v3#" xmlns:xlink="http://www.w3.org/1999/xlink" xmlns:xsi="http://www.w3.org/2001/XMLSchema-instance" xsi:schemaLocation="http://www.loc.gov/standards/alto/ns-v3# http://www.loc.gov/alto/v3/alto-3-0.xsd">
	<Description>
		<MeasurementUnit>pixel</MeasurementUnit>
		<sourceImageInformation>
			<fileName>/tmp/tess_proh8nbl_input.PNG</fileName>
		</sourceImageInformation>
		<OCRProcessing ID="OCR_0">
			<ocrProcessingStep>
				<processingSoftware>
					<softwareName>tesseract 5.3.0</softwareName>
				</processingSoftware>
			</ocrProcessingStep>
		</OCRProcessing>
	</Description>
	<Layout>
		<Page WIDTH="1872" HEIGHT="2782" PHYSICAL_IMG_NR="0" ID="page_0">
			<PrintSpace HPOS="0" VPOS="0" WIDTH="1872" HEIGHT="2782">
				<ComposedBlock ID="cblock_0" HPOS="422" VPOS="178" WIDTH="1182" HEIGHT="30">
					<TextBlock ID="block_0" HPOS="422" VPOS="178" WIDTH="1182" HEIGHT="30">
						<TextLine ID="line_0" HPOS="422" VPOS="178" WIDTH="1182" HEIGHT="30">
							<String ID="string_0" HPOS="422" VPOS="178" WIDTH="388" HEIGHT="30" WC="0.88" CONTENT="Jordbruksutskottets"/><SP WIDTH="20" VPOS="178" HPOS="810"/>
							<String ID="string_1" HPOS="830" VPOS="178" WIDTH="179" HEIGHT="29" WC="0.96" CONTENT="utlåtande"/><SP WIDTH="19" VPOS="178" HPOS="1009"/>
							<String ID="string_2" HPOS="1028" VPOS="188" WIDTH="42" HEIGHT="19" WC="0.96" CONTENT="nr"/><SP WIDTH="18" VPOS="188" HPOS="1070"/>
							<String ID="string_3" HPOS="1088" VPOS="179" WIDTH="41" HEIGHT="29" WC="0.96" CONTENT="20"/><SP WIDTH="17" VPOS="179" HPOS="1129"/>
							<String ID="string_4" HPOS="1146" VPOS="178" WIDTH="39" HEIGHT="29" WC="0.96" CONTENT="år"/><SP WIDTH="20" VPOS="178" HPOS="1185"/>
							<String ID="string_5" HPOS="1205" VPOS="179" WIDTH="82" HEIGHT="28" WC="0.96" CONTENT="1958"/><SP WIDTH="304" VPOS="179" HPOS="1287"/>
							<String ID="string_6" HPOS="1591" VPOS="178" WIDTH="13" HEIGHT="29" WC="0.86" CONTENT="1"/>
						</TextLine>
					</TextBlock>
				</ComposedBlock>
				<ComposedBlock ID="cblock_1" HPOS="780" VPOS="430" WIDTH="138" HEIGHT="41">
					<TextBlock ID="block_1" HPOS="780" VPOS="430" WIDTH="138" HEIGHT="41">
						<TextLine ID="line_1" HPOS="780" VPOS="430" WIDTH="138" HEIGHT="41">
							<String ID="string_7" HPOS="780" VPOS="430" WIDTH="59" HEIGHT="40" WC="0.96" CONTENT="Nr"/><SP WIDTH="25" VPOS="430" HPOS="839"/>
							<String ID="string_8" HPOS="864" VPOS="431" WIDTH="54" HEIGHT="40" WC="0.96" CONTENT="20"/>
						</TextLine>
					</TextBlock>
				</ComposedBlock>
				<ComposedBlock ID="cblock_2" HPOS="329" VPOS="532" WIDTH="1277" HEIGHT="243">
					<TextBlock ID="block_2" HPOS="329" VPOS="532" WIDTH="1277" HEIGHT="243">
						<TextLine ID="line_2" HPOS="329" VPOS="532" WIDTH="1277" HEIGHT="40">
							<String ID="string_9" HPOS="329" VPOS="533" WIDTH="184" HEIGHT="30" WC="0.96" CONTENT="Utlåtande"/><SP WIDTH="21" VPOS="533" HPOS="513"/>
							<String ID="string_10" HPOS="534" VPOS="533" WIDTH="10" HEIGHT="29" WC="0.96" CONTENT="i"/><SP WIDTH="17" VPOS="533" HPOS="544"/>
							<String ID="string_11" HPOS="561" VPOS="533" WIDTH="190" HEIGHT="39" WC="0.95" CONTENT="anledning"/><SP WIDTH="17" VPOS="533" HPOS="751"/>
							<String ID="string_12" HPOS="768" VPOS="542" WIDTH="43" HEIGHT="20" WC="0.95" CONTENT="av"/><SP WIDTH="18" VPOS="542" HPOS="811"/>
							<String ID="string_13" HPOS="829" VPOS="533" WIDTH="127" HEIGHT="39" WC="0.95" CONTENT="Kungl."/><SP WIDTH="19" VPOS="533" HPOS="956"/>
							<String ID="string_14" HPOS="975" VPOS="533" WIDTH="125" HEIGHT="39" WC="0.96" CONTENT="Maj:ts"/><SP WIDTH="19" VPOS="533" HPOS="1100"/>
							<String ID="string_15" HPOS="1119" VPOS="532" WIDTH="217" HEIGHT="40" WC="0.96" CONTENT="proposition"/><SP WIDTH="20" VPOS="532" HPOS="1336"/>
							<String ID="string_16" HPOS="1356" VPOS="532" WIDTH="179" HEIGHT="40" WC="0.93" CONTENT="angående"/><SP WIDTH="20" VPOS="532" HPOS="1535"/>
							<String ID="string_17" HPOS="1555" VPOS="533" WIDTH="51" HEIGHT="39" WC="0.86" CONTENT="yt-"/>
						</TextLine>
						<TextLine ID="line_3" HPOS="551" VPOS="583" WIDTH="1055" HEIGHT="40">
							<String ID="string_18" HPOS="551" VPOS="583" WIDTH="158" HEIGHT="40" WC="0.91" CONTENT="terligare"/><SP WIDTH="30" VPOS="583" HPOS="709"/>
							<String ID="string_19" HPOS="739" VPOS="583" WIDTH="144" HEIGHT="40" WC="0.93" CONTENT="utgifter"/><SP WIDTH="26" VPOS="583" HPOS="883"/>
							<String ID="string_20" HPOS="909" VPOS="584" WIDTH="20" HEIGHT="29" WC="0.91" CONTENT="å"/><SP WIDTH="30" VPOS="584" HPOS="929"/>
							<String ID="string_21" HPOS="959" VPOS="584" WIDTH="208" HEIGHT="39" WC="0.90" CONTENT="tilläggsstat"/><SP WIDTH="27" VPOS="584" HPOS="1167"/>
							<String ID="string_22" HPOS="1194" VPOS="584" WIDTH="31" HEIGHT="30" WC="0.95" CONTENT="II"/><SP WIDTH="29" VPOS="584" HPOS="1225"/>
							<String ID="string_23" HPOS="1254" VPOS="584" WIDTH="51" HEIGHT="29" WC="0.92" CONTENT="till"/><SP WIDTH="27" VPOS="584" HPOS="1305"/>
							<String ID="string_24" HPOS="1332" VPOS="583" WIDTH="190" HEIGHT="30" WC="0.90" CONTENT="riksstaten"/><SP WIDTH="27" VPOS="583" HPOS="1522"/>
							<String ID="string_25" HPOS="1549" VPOS="584" WIDTH="57" HEIGHT="38" WC="0.96" CONTENT="för"/>
						</TextLine>
						<TextLine ID="line_4" HPOS="550" VPOS="634" WIDTH="1055" HEIGHT="40">
							<String ID="string_26" HPOS="550" VPOS="634" WIDTH="203" HEIGHT="40" WC="0.93" CONTENT="budgetåret"/><SP WIDTH="32" VPOS="634" HPOS="753"/>
							<String ID="string_27" HPOS="785" VPOS="634" WIDTH="161" HEIGHT="37" WC="0.91" CONTENT="1957/58,"/><SP WIDTH="31" VPOS="634" HPOS="946"/>
							<String ID="string_28" HPOS="977" VPOS="635" WIDTH="106" HEIGHT="29" WC="0.85" CONTENT="såvitt"/><SP WIDTH="29" VPOS="635" HPOS="1083"/>
							<String ID="string_29" HPOS="1112" VPOS="634" WIDTH="262" HEIGHT="40" WC="0.95" CONTENT="propositionen"/><SP WIDTH="32" VPOS="634" HPOS="1374"/>
							<String ID="string_30" HPOS="1406" VPOS="643" WIDTH="99" HEIGHT="20" WC="0.93" CONTENT="avser"/><SP WIDTH="32" VPOS="643" HPOS="1505"/>
							<String ID="string_31" HPOS="1537" VPOS="635" WIDTH="68" HEIGHT="28" WC="0.90" CONTENT="täc-"/>
						</TextLine>
						<TextLine ID="line_5" HPOS="549" VPOS="685" WIDTH="1056" HEIGHT="40">
							<String ID="string_32" HPOS="549" VPOS="685" WIDTH="113" HEIGHT="30" WC="0.96" CONTENT="kande"/><SP WIDTH="28" VPOS="685" HPOS="662"/>
							<String ID="string_33" HPOS="690" VPOS="695" WIDTH="43" HEIGHT="20" WC="0.96" CONTENT="av"/><SP WIDTH="27" VPOS="695" HPOS="733"/>
							<String ID="string_34" HPOS="760" VPOS="685" WIDTH="91" HEIGHT="30" WC="0.48" CONTENT="vissa"/><SP WIDTH="28" VPOS="685" HPOS="851"/>
							<String ID="string_35" HPOS="879" VPOS="686" WIDTH="190" HEIGHT="29" WC="0.96" CONTENT="kostnader"/><SP WIDTH="28" VPOS="686" HPOS="1069"/>
							<String ID="string_36" HPOS="1097" VPOS="685" WIDTH="57" HEIGHT="30" WC="0.96" CONTENT="vid"/><SP WIDTH="24" VPOS="685" HPOS="1154"/>
							<String ID="string_37" HPOS="1178" VPOS="686" WIDTH="252" HEIGHT="39" WC="0.93" CONTENT="förutvarande"/><SP WIDTH="27" VPOS="686" HPOS="1430"/>
							<String ID="string_38" HPOS="1457" VPOS="685" WIDTH="148" HEIGHT="29" WC="0.92" CONTENT="Ströms-"/>
						</TextLine>
						<TextLine ID="line_6" HPOS="549" VPOS="735" WIDTH="357" HEIGHT="40">
							<String ID="string_39" HPOS="549" VPOS="736" WIDTH="114" HEIGHT="29" WC="0.90" CONTENT="holms"/><SP WIDTH="23" VPOS="736" HPOS="663"/>
							<String ID="string_40" HPOS="686" VPOS="735" WIDTH="220" HEIGHT="40" WC="0.90" CONTENT="hingstdepå."/>
						</TextLine>
					</TextBlock>
				</ComposedBlock>
				<ComposedBlock ID="cblock_3" HPOS="107" VPOS="837" WIDTH="1499" HEIGHT="438">
					<TextBlock ID="block_3" HPOS="107" VPOS="837" WIDTH="1498" HEIGHT="242">
						<TextLine ID="line_7" HPOS="152" VPOS="837" WIDTH="1452" HEIGHT="39">
							<String ID="string_41" HPOS="152" VPOS="837" WIDTH="174" HEIGHT="30" WC="0.96" CONTENT="Utskottet"/><SP WIDTH="24" VPOS="837" HPOS="326"/>
							<String ID="string_42" HPOS="350" VPOS="837" WIDTH="55" HEIGHT="30" WC="0.96" CONTENT="får"/><SP WIDTH="23" VPOS="837" HPOS="405"/>
							<String ID="string_43" HPOS="428" VPOS="838" WIDTH="145" HEIGHT="29" WC="0.93" CONTENT="härmed"/><SP WIDTH="25" VPOS="838" HPOS="573"/>
							<String ID="string_44" HPOS="598" VPOS="838" WIDTH="120" HEIGHT="38" WC="0.92" CONTENT="avgiva"/><SP WIDTH="26" VPOS="838" HPOS="718"/>
							<String ID="string_45" HPOS="744" VPOS="837" WIDTH="179" HEIGHT="30" WC="0.96" CONTENT="utlåtande"/><SP WIDTH="25" VPOS="837" HPOS="923"/>
							<String ID="string_46" HPOS="948" VPOS="838" WIDTH="77" HEIGHT="29" WC="0.95" CONTENT="med"/><SP WIDTH="26" VPOS="838" HPOS="1025"/>
							<String ID="string_47" HPOS="1051" VPOS="838" WIDTH="189" HEIGHT="38" WC="0.96" CONTENT="anledning"/><SP WIDTH="24" VPOS="838" HPOS="1240"/>
							<String ID="string_48" HPOS="1264" VPOS="847" WIDTH="42" HEIGHT="20" WC="0.95" CONTENT="av"/><SP WIDTH="24" VPOS="847" HPOS="1306"/>
							<String ID="string_49" HPOS="1330" VPOS="838" WIDTH="126" HEIGHT="38" WC="0.95" CONTENT="Kungl."/><SP WIDTH="26" VPOS="838" HPOS="1456"/>
							<String ID="string_50" HPOS="1482" VPOS="837" WIDTH="122" HEIGHT="39" WC="0.96" CONTENT="Maj:ts"/>
						</TextLine>
						<TextLine ID="line_8" HPOS="109" VPOS="888" WIDTH="1496" HEIGHT="40">
							<String ID="string_51" HPOS="109" VPOS="888" WIDTH="51" HEIGHT="29" WC="0.96" CONTENT="till"/><SP WIDTH="19" VPOS="888" HPOS="160"/>
							<String ID="string_52" HPOS="179" VPOS="888" WIDTH="187" HEIGHT="39" WC="0.96" CONTENT="riksdagen"/><SP WIDTH="20" VPOS="888" HPOS="366"/>
							<String ID="string_53" HPOS="386" VPOS="888" WIDTH="67" HEIGHT="30" WC="0.96" CONTENT="den"/><SP WIDTH="23" VPOS="888" HPOS="453"/>
							<String ID="string_54" HPOS="476" VPOS="888" WIDTH="38" HEIGHT="30" WC="0.96" CONTENT="14"/><SP WIDTH="20" VPOS="888" HPOS="514"/>
							<String ID="string_55" HPOS="534" VPOS="897" WIDTH="94" HEIGHT="20" WC="0.96" CONTENT="mars"/><SP WIDTH="23" VPOS="897" HPOS="628"/>
							<String ID="string_56" HPOS="651" VPOS="888" WIDTH="83" HEIGHT="30" WC="0.91" CONTENT="1958"/><SP WIDTH="20" VPOS="888" HPOS="734"/>
							<String ID="string_57" HPOS="754" VPOS="888" WIDTH="140" HEIGHT="30" WC="0.91" CONTENT="avlåtna"/><SP WIDTH="21" VPOS="888" HPOS="894"/>
							<String ID="string_58" HPOS="915" VPOS="888" WIDTH="218" HEIGHT="40" WC="0.96" CONTENT="proposition"/><SP WIDTH="21" VPOS="888" HPOS="1133"/>
							<String ID="string_59" HPOS="1154" VPOS="898" WIDTH="41" HEIGHT="19" WC="0.96" CONTENT="nr"/><SP WIDTH="23" VPOS="898" HPOS="1195"/>
							<String ID="string_60" HPOS="1218" VPOS="889" WIDTH="59" HEIGHT="30" WC="0.96" CONTENT="125"/><SP WIDTH="23" VPOS="889" HPOS="1277"/>
							<String ID="string_61" HPOS="1300" VPOS="888" WIDTH="179" HEIGHT="39" WC="0.93" CONTENT="angående"/><SP WIDTH="20" VPOS="888" HPOS="1479"/>
							<String ID="string_62" HPOS="1499" VPOS="890" WIDTH="106" HEIGHT="38" WC="0.91" CONTENT="ytter-"/>
						</TextLine>
						<TextLine ID="line_9" HPOS="109" VPOS="938" WIDTH="1496" HEIGHT="40">
							<String ID="string_63" HPOS="109" VPOS="939" WIDTH="105" HEIGHT="39" WC="0.96" CONTENT="ligare"/><SP WIDTH="23" VPOS="939" HPOS="214"/>
							<String ID="string_64" HPOS="237" VPOS="939" WIDTH="144" HEIGHT="39" WC="0.93" CONTENT="utgifter"/><SP WIDTH="22" VPOS="939" HPOS="381"/>
							<String ID="string_65" HPOS="403" VPOS="938" WIDTH="19" HEIGHT="30" WC="0.92" CONTENT="å"/><SP WIDTH="22" VPOS="938" HPOS="422"/>
							<String ID="string_66" HPOS="444" VPOS="939" WIDTH="209" HEIGHT="39" WC="0.91" CONTENT="tilläggsstat"/><SP WIDTH="24" VPOS="939" HPOS="653"/>
							<String ID="string_67" HPOS="677" VPOS="940" WIDTH="29" HEIGHT="29" WC="0.96" CONTENT="II"/><SP WIDTH="22" VPOS="940" HPOS="706"/>
							<String ID="string_68" HPOS="728" VPOS="939" WIDTH="52" HEIGHT="29" WC="0.93" CONTENT="till"/><SP WIDTH="23" VPOS="939" HPOS="780"/>
							<String ID="string_69" HPOS="803" VPOS="939" WIDTH="192" HEIGHT="29" WC="0.91" CONTENT="riksstaten"/><SP WIDTH="22" VPOS="939" HPOS="995"/>
							<String ID="string_70" HPOS="1017" VPOS="939" WIDTH="55" HEIGHT="30" WC="0.96" CONTENT="för"/><SP WIDTH="22" VPOS="939" HPOS="1072"/>
							<String ID="string_71" HPOS="1094" VPOS="939" WIDTH="203" HEIGHT="39" WC="0.93" CONTENT="budgetåret"/><SP WIDTH="25" VPOS="939" HPOS="1297"/>
							<String ID="string_72" HPOS="1322" VPOS="939" WIDTH="161" HEIGHT="35" WC="0.92" CONTENT="1957/58,"/><SP WIDTH="23" VPOS="939" HPOS="1483"/>
							<String ID="string_73" HPOS="1506" VPOS="939" WIDTH="10" HEIGHT="28" WC="0.96" CONTENT="i"/><SP WIDTH="23" VPOS="939" HPOS="1516"/>
							<String ID="string_74" HPOS="1539" VPOS="939" WIDTH="66" HEIGHT="29" WC="0.95" CONTENT="vad"/>
						</TextLine>
						<TextLine ID="line_10" HPOS="107" VPOS="989" WIDTH="1498" HEIGHT="40">
							<String ID="string_75" HPOS="107" VPOS="989" WIDTH="262" HEIGHT="40" WC="0.96" CONTENT="propositionen"/><SP WIDTH="22" VPOS="989" HPOS="369"/>
							<String ID="string_76" HPOS="391" VPOS="998" WIDTH="98" HEIGHT="21" WC="0.96" CONTENT="avser"/><SP WIDTH="22" VPOS="998" HPOS="489"/>
							<String ID="string_77" HPOS="511" VPOS="990" WIDTH="120" HEIGHT="39" WC="0.96" CONTENT="anslag"/><SP WIDTH="21" VPOS="990" HPOS="631"/>
							<String ID="string_78" HPOS="652" VPOS="989" WIDTH="52" HEIGHT="30" WC="0.96" CONTENT="till"/><SP WIDTH="22" VPOS="989" HPOS="704"/>
							<String ID="string_79" HPOS="726" VPOS="990" WIDTH="171" HEIGHT="30" WC="0.96" CONTENT="täckande"/><SP WIDTH="22" VPOS="990" HPOS="897"/>
							<String ID="string_80" HPOS="919" VPOS="999" WIDTH="43" HEIGHT="20" WC="0.96" CONTENT="av"/><SP WIDTH="19" VPOS="999" HPOS="962"/>
							<String ID="string_81" HPOS="981" VPOS="990" WIDTH="93" HEIGHT="29" WC="0.96" CONTENT="vissa"/><SP WIDTH="22" VPOS="990" HPOS="1074"/>
							<String ID="string_82" HPOS="1096" VPOS="990" WIDTH="189" HEIGHT="29" WC="0.96" CONTENT="kostnader"/><SP WIDTH="20" VPOS="990" HPOS="1285"/>
							<String ID="string_83" HPOS="1305" VPOS="990" WIDTH="57" HEIGHT="29" WC="0.92" CONTENT="vid"/><SP WIDTH="22" VPOS="990" HPOS="1362"/>
							<String ID="string_84" HPOS="1384" VPOS="990" WIDTH="221" HEIGHT="29" WC="0.92" CONTENT="förutvaran-"/>
						</TextLine>
						<TextLine ID="line_11" HPOS="107" VPOS="1040" WIDTH="550" HEIGHT="39">
							<String ID="string_85" HPOS="107" VPOS="1040" WIDTH="41" HEIGHT="29" WC="0.96" CONTENT="de"/><SP WIDTH="22" VPOS="1040" HPOS="148"/>
							<String ID="string_86" HPOS="170" VPOS="1040" WIDTH="249" HEIGHT="30" WC="0.92" CONTENT="Strömsholms"/><SP WIDTH="20" VPOS="1040" HPOS="419"/>
							<String ID="string_87" HPOS="439" VPOS="1040" WIDTH="218" HEIGHT="39" WC="0.91" CONTENT="hingstdepå."/>
						</TextLine>
					</TextBlock>
					<TextBlock ID="block_4" HPOS="108" VPOS="1091" WIDTH="1498" HEIGHT="184">
						<TextLine ID="line_12" HPOS="152" VPOS="1091" WIDTH="1453" HEIGHT="39">
							<String ID="string_88" HPOS="152" VPOS="1091" WIDTH="226" HEIGHT="29" WC="0.96" CONTENT="Beträffande"/><SP WIDTH="25" VPOS="1091" HPOS="378"/>
							<String ID="string_89" HPOS="403" VPOS="1091" WIDTH="66" HEIGHT="29" WC="0.96" CONTENT="den"/><SP WIDTH="26" VPOS="1091" HPOS="469"/>
							<String ID="string_90" HPOS="495" VPOS="1092" WIDTH="161" HEIGHT="28" WC="0.96" CONTENT="närmare"/><SP WIDTH="25" VPOS="1092" HPOS="656"/>
							<String ID="string_91" HPOS="681" VPOS="1091" WIDTH="232" HEIGHT="39" WC="0.96" CONTENT="utredningen"/><SP WIDTH="25" VPOS="1091" HPOS="913"/>
							<String ID="string_92" HPOS="938" VPOS="1091" WIDTH="11" HEIGHT="28" WC="0.96" CONTENT="i"/><SP WIDTH="25" VPOS="1091" HPOS="949"/>
							<String ID="string_93" HPOS="974" VPOS="1091" WIDTH="93" HEIGHT="29" WC="0.96" CONTENT="detta"/><SP WIDTH="27" VPOS="1091" HPOS="1067"/>
							<String ID="string_94" HPOS="1094" VPOS="1091" WIDTH="126" HEIGHT="30" WC="0.96" CONTENT="ärende"/><SP WIDTH="25" VPOS="1091" HPOS="1220"/>
							<String ID="string_95" HPOS="1245" VPOS="1091" WIDTH="54" HEIGHT="30" WC="0.96" CONTENT="får"/><SP WIDTH="26" VPOS="1091" HPOS="1299"/>
							<String ID="string_96" HPOS="1325" VPOS="1091" WIDTH="171" HEIGHT="30" WC="0.93" CONTENT="utskottet"/><SP WIDTH="25" VPOS="1091" HPOS="1496"/>
							<String ID="string_97" HPOS="1521" VPOS="1091" WIDTH="84" HEIGHT="30" WC="0.93" CONTENT="hän-"/>
						</TextLine>
						<TextLine ID="line_13" HPOS="108" VPOS="1141" WIDTH="1497" HEIGHT="40">
							<String ID="string_98" HPOS="108" VPOS="1141" WIDTH="75" HEIGHT="30" WC="0.96" CONTENT="visa"/><SP WIDTH="21" VPOS="1141" HPOS="183"/>
							<String ID="string_99" HPOS="204" VPOS="1142" WIDTH="52" HEIGHT="28" WC="0.96" CONTENT="till"/><SP WIDTH="23" VPOS="1142" HPOS="256"/>
							<String ID="string_100" HPOS="279" VPOS="1141" WIDTH="246" HEIGHT="29" WC="0.96" CONTENT="motsvarande"/><SP WIDTH="22" VPOS="1141" HPOS="525"/>
							<String ID="string_101" HPOS="547" VPOS="1141" WIDTH="113" HEIGHT="39" WC="0.96" CONTENT="punkt"/><SP WIDTH="24" VPOS="1141" HPOS="660"/>
							<String ID="string_102" HPOS="684" VPOS="1141" WIDTH="10" HEIGHT="28" WC="0.96" CONTENT="i"/><SP WIDTH="23" VPOS="1141" HPOS="694"/>
							<String ID="string_103" HPOS="717" VPOS="1143" WIDTH="47" HEIGHT="28" WC="0.96" CONTENT="ett"/><SP WIDTH="24" VPOS="1143" HPOS="764"/>
							<String ID="string_104" HPOS="788" VPOS="1141" WIDTH="264" HEIGHT="40" WC="0.93" CONTENT="propositionen"/><SP WIDTH="23" VPOS="1141" HPOS="1052"/>
							<String ID="string_105" HPOS="1075" VPOS="1141" WIDTH="107" HEIGHT="40" WC="0.92" CONTENT="bilagt"/><SP WIDTH="23" VPOS="1141" HPOS="1182"/>
							<String ID="string_106" HPOS="1205" VPOS="1142" WIDTH="125" HEIGHT="39" WC="0.95" CONTENT="utdrag"/><SP WIDTH="24" VPOS="1142" HPOS="1330"/>
							<String ID="string_107" HPOS="1354" VPOS="1151" WIDTH="43" HEIGHT="20" WC="0.93" CONTENT="av"/><SP WIDTH="23" VPOS="1151" HPOS="1397"/>
							<String ID="string_108" HPOS="1420" VPOS="1142" WIDTH="185" HEIGHT="29" WC="0.91" CONTENT="statsråds-"/>
						</TextLine>
						<TextLine ID="line_14" HPOS="109" VPOS="1192" WIDTH="1497" HEIGHT="40">
							<String ID="string_109" HPOS="109" VPOS="1192" WIDTH="207" HEIGHT="39" WC="0.96" CONTENT="protokollet"/><SP WIDTH="24" VPOS="1192" HPOS="316"/>
							<String ID="string_110" HPOS="340" VPOS="1193" WIDTH="81" HEIGHT="28" WC="0.93" CONTENT="över"/><SP WIDTH="22" VPOS="1193" HPOS="421"/>
							<String ID="string_111" HPOS="443" VPOS="1192" WIDTH="347" HEIGHT="39" WC="0.91" CONTENT="jordbruksärenden"/><SP WIDTH="23" VPOS="1192" HPOS="790"/>
							<String ID="string_112" HPOS="813" VPOS="1192" WIDTH="55" HEIGHT="30" WC="0.96" CONTENT="för"/><SP WIDTH="23" VPOS="1192" HPOS="868"/>
							<String ID="string_113" HPOS="891" VPOS="1193" WIDTH="67" HEIGHT="29" WC="0.96" CONTENT="den"/><SP WIDTH="26" VPOS="1193" HPOS="958"/>
							<String ID="string_114" HPOS="984" VPOS="1192" WIDTH="38" HEIGHT="30" WC="0.96" CONTENT="14"/><SP WIDTH="23" VPOS="1192" HPOS="1022"/>
							<String ID="string_115" HPOS="1045" VPOS="1201" WIDTH="94" HEIGHT="20" WC="0.96" CONTENT="mars"/><SP WIDTH="26" VPOS="1201" HPOS="1139"/>
							<String ID="string_116" HPOS="1165" VPOS="1192" WIDTH="82" HEIGHT="30" WC="0.96" CONTENT="1958"/><SP WIDTH="28" VPOS="1192" HPOS="1247"/>
							<String ID="string_117" HPOS="1275" VPOS="1193" WIDTH="130" HEIGHT="39" WC="0.96" CONTENT="(bilaga"/><SP WIDTH="24" VPOS="1193" HPOS="1405"/>
							<String ID="string_118" HPOS="1429" VPOS="1193" WIDTH="17" HEIGHT="29" WC="0.92" CONTENT="5"/><SP WIDTH="25" VPOS="1193" HPOS="1446"/>
							<String ID="string_119" HPOS="1471" VPOS="1202" WIDTH="25" HEIGHT="20" WC="0.81" CONTENT="s."/><SP WIDTH="26" VPOS="1202" HPOS="1496"/>
							<String ID="string_120" HPOS="1522" VPOS="1193" WIDTH="84" HEIGHT="30" WC="0.90" CONTENT="15—"/>
						</TextLine>
						<TextLine ID="line_15" HPOS="111" VPOS="1242" WIDTH="70" HEIGHT="33">
							<String ID="string_121" HPOS="111" VPOS="1242" WIDTH="70" HEIGHT="33" WC="0.94" CONTENT="18)."/>
						</TextLine>
					</TextBlock>
				</ComposedBlock>
				<ComposedBlock ID="cblock_4" HPOS="466" VPOS="1389" WIDTH="792" HEIGHT="43">
					<TextBlock ID="block_5" HPOS="466" VPOS="1389" WIDTH="792" HEIGHT="43">
						<TextLine ID="line_16" HPOS="466" VPOS="1389" WIDTH="792" HEIGHT="43">
							<String ID="string_122" HPOS="466" VPOS="1389" WIDTH="41" HEIGHT="33" WC="0.90" CONTENT="E."/><SP WIDTH="43" VPOS="1389" HPOS="507"/>
							<String ID="string_123" HPOS="550" VPOS="1389" WIDTH="170" HEIGHT="32" WC="0.89" CONTENT="Hästavel"/><SP WIDTH="23" VPOS="1389" HPOS="720"/>
							<String ID="string_124" HPOS="743" VPOS="1389" WIDTH="67" HEIGHT="32" WC="0.96" CONTENT="och"/><SP WIDTH="22" VPOS="1389" HPOS="810"/>
							<String ID="string_125" HPOS="832" VPOS="1389" WIDTH="284" HEIGHT="43" WC="0.93" CONTENT="boskapsskötsel"/><SP WIDTH="22" VPOS="1389" HPOS="1116"/>
							<String ID="string_126" HPOS="1138" VPOS="1401" WIDTH="49" HEIGHT="21" WC="0.86" CONTENT="m."/><SP WIDTH="22" VPOS="1401" HPOS="1187"/>
							<String ID="string_127" HPOS="1209" VPOS="1401" WIDTH="49" HEIGHT="21" WC="0.92" CONTENT="m."/>
						</TextLine>
					</TextBlock>
				</ComposedBlock>
				<ComposedBlock ID="cblock_5" HPOS="103" VPOS="1476" WIDTH="1510" HEIGHT="1041">
					<TextBlock ID="block_6" HPOS="103" VPOS="1476" WIDTH="1510" HEIGHT="643">
						<TextLine ID="line_17" HPOS="155" VPOS="1476" WIDTH="1455" HEIGHT="38">
							<String ID="string_128" HPOS="155" VPOS="1476" WIDTH="50" HEIGHT="37" WC="0.92" CONTENT="[1]"/><SP WIDTH="29" VPOS="1476" HPOS="205"/>
							<String ID="string_129" HPOS="234" VPOS="1478" WIDTH="60" HEIGHT="28" WC="0.86" CONTENT="2a."/><SP WIDTH="17" VPOS="1478" HPOS="294"/>
							<String ID="string_130" HPOS="311" VPOS="1477" WIDTH="184" HEIGHT="29" WC="0.92" CONTENT="Täckande"/><SP WIDTH="15" VPOS="1477" HPOS="495"/>
							<String ID="string_131" HPOS="510" VPOS="1486" WIDTH="42" HEIGHT="20" WC="0.96" CONTENT="av"/><SP WIDTH="16" VPOS="1486" HPOS="552"/>
							<String ID="string_132" HPOS="568" VPOS="1478" WIDTH="93" HEIGHT="28" WC="0.96" CONTENT="vissa"/><SP WIDTH="17" VPOS="1478" HPOS="661"/>
							<String ID="string_133" HPOS="678" VPOS="1478" WIDTH="186" HEIGHT="29" WC="0.96" CONTENT="kostnader"/><SP WIDTH="16" VPOS="1478" HPOS="864"/>
							<String ID="string_134" HPOS="880" VPOS="1478" WIDTH="57" HEIGHT="29" WC="0.96" CONTENT="vid"/><SP WIDTH="17" VPOS="1478" HPOS="937"/>
							<String ID="string_135" HPOS="954" VPOS="1478" WIDTH="247" HEIGHT="30" WC="0.96" CONTENT="förutvarande"/><SP WIDTH="17" VPOS="1478" HPOS="1201"/>
							<String ID="string_136" HPOS="1218" VPOS="1477" WIDTH="247" HEIGHT="31" WC="0.93" CONTENT="Strömsholms"/><SP WIDTH="17" VPOS="1477" HPOS="1465"/>
							<String ID="string_137" HPOS="1482" VPOS="1479" WIDTH="128" HEIGHT="35" WC="0.91" CONTENT="hingst-"/>
						</TextLine>
						<TextLine ID="line_18" HPOS="109" VPOS="1527" WIDTH="1498" HEIGHT="41">
							<String ID="string_138" HPOS="109" VPOS="1527" WIDTH="96" HEIGHT="35" WC="0.96" CONTENT="depå."/><SP WIDTH="33" VPOS="1527" HPOS="205"/>
							<String ID="string_139" HPOS="238" VPOS="1528" WIDTH="12" HEIGHT="29" WC="0.95" CONTENT="I"/><SP WIDTH="32" VPOS="1528" HPOS="250"/>
							<String ID="string_140" HPOS="282" VPOS="1527" WIDTH="264" HEIGHT="40" WC="0.95" CONTENT="propositionen"/><SP WIDTH="32" VPOS="1527" HPOS="546"/>
							<String ID="string_141" HPOS="578" VPOS="1536" WIDTH="41" HEIGHT="20" WC="0.93" CONTENT="nr"/><SP WIDTH="35" VPOS="1536" HPOS="619"/>
							<String ID="string_142" HPOS="654" VPOS="1528" WIDTH="177" HEIGHT="30" WC="0.89" CONTENT="1955:102"/><SP WIDTH="32" VPOS="1528" HPOS="831"/>
							<String ID="string_143" HPOS="863" VPOS="1527" WIDTH="180" HEIGHT="40" WC="0.91" CONTENT="angående"/><SP WIDTH="34" VPOS="1527" HPOS="1043"/>
							<String ID="string_144" HPOS="1077" VPOS="1528" WIDTH="258" HEIGHT="30" WC="0.91" CONTENT="stuteristatens"/><SP WIDTH="32" VPOS="1528" HPOS="1335"/>
							<String ID="string_145" HPOS="1367" VPOS="1528" WIDTH="240" HEIGHT="40" WC="0.96" CONTENT="organisation"/>
						</TextLine>
						<TextLine ID="line_19" HPOS="103" VPOS="1577" WIDTH="1508" HEIGHT="41">
							<String ID="string_146" HPOS="103" VPOS="1586" WIDTH="44" HEIGHT="20" WC="0.91" CONTENT="m."/><SP WIDTH="16" VPOS="1586" HPOS="147"/>
							<String ID="string_147" HPOS="163" VPOS="1587" WIDTH="46" HEIGHT="19" WC="0.92" CONTENT="m."/><SP WIDTH="16" VPOS="1587" HPOS="209"/>
							<String ID="string_148" HPOS="225" VPOS="1577" WIDTH="150" HEIGHT="39" WC="0.96" CONTENT="föreslog"/><SP WIDTH="16" VPOS="1577" HPOS="375"/>
							<String ID="string_149" HPOS="391" VPOS="1577" WIDTH="126" HEIGHT="39" WC="0.94" CONTENT="Kungl."/><SP WIDTH="16" VPOS="1577" HPOS="517"/>
							<String ID="string_150" HPOS="533" VPOS="1577" WIDTH="116" HEIGHT="39" WC="0.96" CONTENT="Maj:t,"/><SP WIDTH="17" VPOS="1577" HPOS="649"/>
							<String ID="string_151" HPOS="666" VPOS="1579" WIDTH="50" HEIGHT="28" WC="0.96" CONTENT="att"/><SP WIDTH="17" VPOS="1579" HPOS="716"/>
							<String ID="string_152" HPOS="733" VPOS="1578" WIDTH="250" HEIGHT="30" WC="0.93" CONTENT="Strömsholms"/><SP WIDTH="15" VPOS="1578" HPOS="983"/>
							<String ID="string_153" HPOS="998" VPOS="1578" WIDTH="209" HEIGHT="39" WC="0.92" CONTENT="hingstdepå"/><SP WIDTH="16" VPOS="1578" HPOS="1207"/>
							<String ID="string_154" HPOS="1223" VPOS="1578" WIDTH="112" HEIGHT="30" WC="0.93" CONTENT="skulle"/><SP WIDTH="16" VPOS="1578" HPOS="1335"/>
							<String ID="string_155" HPOS="1351" VPOS="1578" WIDTH="187" HEIGHT="40" WC="0.91" CONTENT="nedläggas"/><SP WIDTH="15" VPOS="1578" HPOS="1538"/>
							<String ID="string_156" HPOS="1553" VPOS="1578" WIDTH="58" HEIGHT="29" WC="0.96" CONTENT="vid"/>
						</TextLine>
						<TextLine ID="line_20" HPOS="110" VPOS="1627" WIDTH="1501" HEIGHT="41">
							<String ID="string_157" HPOS="110" VPOS="1627" WIDTH="174" HEIGHT="39" WC="0.95" CONTENT="utgången"/><SP WIDTH="17" VPOS="1627" HPOS="284"/>
							<String ID="string_158" HPOS="301" VPOS="1637" WIDTH="42" HEIGHT="20" WC="0.96" CONTENT="av"/><SP WIDTH="16" VPOS="1637" HPOS="343"/>
							<String ID="string_159" HPOS="359" VPOS="1628" WIDTH="39" HEIGHT="29" WC="0.96" CONTENT="år"/><SP WIDTH="21" VPOS="1628" HPOS="398"/>
							<String ID="string_160" HPOS="419" VPOS="1627" WIDTH="92" HEIGHT="31" WC="0.96" CONTENT="1955."/><SP WIDTH="19" VPOS="1627" HPOS="511"/>
							<String ID="string_161" HPOS="530" VPOS="1628" WIDTH="182" HEIGHT="39" WC="0.96" CONTENT="Därjämte"/><SP WIDTH="19" VPOS="1628" HPOS="712"/>
							<String ID="string_162" HPOS="731" VPOS="1628" WIDTH="172" HEIGHT="29" WC="0.96" CONTENT="uttalades"/><SP WIDTH="19" VPOS="1628" HPOS="903"/>
							<String ID="string_163" HPOS="922" VPOS="1628" WIDTH="11" HEIGHT="29" WC="0.96" CONTENT="i"/><SP WIDTH="17" VPOS="1628" HPOS="933"/>
							<String ID="string_164" HPOS="950" VPOS="1629" WIDTH="273" HEIGHT="39" WC="0.96" CONTENT="propositionen,"/><SP WIDTH="17" VPOS="1629" HPOS="1223"/>
							<String ID="string_165" HPOS="1240" VPOS="1630" WIDTH="51" HEIGHT="28" WC="0.96" CONTENT="att"/><SP WIDTH="18" VPOS="1630" HPOS="1291"/>
							<String ID="string_166" HPOS="1309" VPOS="1628" WIDTH="108" HEIGHT="30" WC="0.92" CONTENT="sedan"/><SP WIDTH="17" VPOS="1628" HPOS="1417"/>
							<String ID="string_167" HPOS="1434" VPOS="1629" WIDTH="177" HEIGHT="29" WC="0.92" CONTENT="verksam-"/>
						</TextLine>
						<TextLine ID="line_21" HPOS="109" VPOS="1678" WIDTH="1501" HEIGHT="40">
							<String ID="string_168" HPOS="109" VPOS="1678" WIDTH="103" HEIGHT="30" WC="0.96" CONTENT="heten"/><SP WIDTH="28" VPOS="1678" HPOS="212"/>
							<String ID="string_169" HPOS="240" VPOS="1678" WIDTH="57" HEIGHT="29" WC="0.96" CONTENT="vid"/><SP WIDTH="29" VPOS="1678" HPOS="297"/>
							<String ID="string_170" HPOS="326" VPOS="1678" WIDTH="114" HEIGHT="39" WC="0.96" CONTENT="depån"/><SP WIDTH="29" VPOS="1678" HPOS="440"/>
							<String ID="string_171" HPOS="469" VPOS="1678" WIDTH="169" HEIGHT="39" WC="0.96" CONTENT="nedlagts,"/><SP WIDTH="30" VPOS="1678" HPOS="638"/>
							<String ID="string_172" HPOS="668" VPOS="1678" WIDTH="79" HEIGHT="30" WC="0.96" CONTENT="dess"/><SP WIDTH="28" VPOS="1678" HPOS="747"/>
							<String ID="string_173" HPOS="775" VPOS="1678" WIDTH="213" HEIGHT="30" WC="0.96" CONTENT="inventarier"/><SP WIDTH="29" VPOS="1678" HPOS="988"/>
							<String ID="string_174" HPOS="1017" VPOS="1678" WIDTH="106" HEIGHT="30" WC="0.96" CONTENT="borde"/><SP WIDTH="29" VPOS="1678" HPOS="1123"/>
							<String ID="string_175" HPOS="1152" VPOS="1678" WIDTH="204" HEIGHT="40" WC="0.96" CONTENT="överflyttas"/><SP WIDTH="29" VPOS="1678" HPOS="1356"/>
							<String ID="string_176" HPOS="1385" VPOS="1679" WIDTH="53" HEIGHT="29" WC="0.96" CONTENT="till"/><SP WIDTH="30" VPOS="1679" HPOS="1438"/>
							<String ID="string_177" HPOS="1468" VPOS="1679" WIDTH="142" HEIGHT="39" WC="0.95" CONTENT="Flyinge"/>
						</TextLine>
						<TextLine ID="line_22" HPOS="108" VPOS="1728" WIDTH="1504" HEIGHT="40">
							<String ID="string_178" HPOS="108" VPOS="1728" WIDTH="208" HEIGHT="40" WC="0.92" CONTENT="hingstdepå"/><SP WIDTH="20" VPOS="1728" HPOS="316"/>
							<String ID="string_179" HPOS="336" VPOS="1728" WIDTH="65" HEIGHT="30" WC="0.96" CONTENT="och"/><SP WIDTH="21" VPOS="1728" HPOS="401"/>
							<String ID="string_180" HPOS="422" VPOS="1728" WIDTH="123" HEIGHT="30" WC="0.96" CONTENT="stuteri"/><SP WIDTH="21" VPOS="1728" HPOS="545"/>
							<String ID="string_181" HPOS="566" VPOS="1731" WIDTH="90" HEIGHT="27" WC="0.96" CONTENT="samt"/><SP WIDTH="21" VPOS="1731" HPOS="656"/>
							<String ID="string_182" HPOS="677" VPOS="1728" WIDTH="259" HEIGHT="40" WC="0.96" CONTENT="förvaltningen"/><SP WIDTH="21" VPOS="1728" HPOS="936"/>
							<String ID="string_183" HPOS="957" VPOS="1738" WIDTH="41" HEIGHT="20" WC="0.96" CONTENT="av"/><SP WIDTH="21" VPOS="1738" HPOS="998"/>
							<String ID="string_184" HPOS="1019" VPOS="1729" WIDTH="67" HEIGHT="29" WC="0.96" CONTENT="den"/><SP WIDTH="21" VPOS="1729" HPOS="1086"/>
							<String ID="string_185" HPOS="1107" VPOS="1738" WIDTH="41" HEIGHT="20" WC="0.96" CONTENT="av"/><SP WIDTH="21" VPOS="1738" HPOS="1148"/>
							<String ID="string_186" HPOS="1169" VPOS="1729" WIDTH="246" HEIGHT="30" WC="0.96" CONTENT="förstnämnda"/><SP WIDTH="20" VPOS="1729" HPOS="1415"/>
							<String ID="string_187" HPOS="1435" VPOS="1729" WIDTH="88" HEIGHT="39" WC="0.93" CONTENT="depå"/><SP WIDTH="20" VPOS="1729" HPOS="1523"/>
							<String ID="string_188" HPOS="1543" VPOS="1729" WIDTH="69" HEIGHT="30" WC="0.91" CONTENT="dis-"/>
						</TextLine>
						<TextLine ID="line_23" HPOS="109" VPOS="1778" WIDTH="1503" HEIGHT="40">
							<String ID="string_189" HPOS="109" VPOS="1779" WIDTH="173" HEIGHT="39" WC="0.92" CONTENT="ponerade"/><SP WIDTH="26" VPOS="1779" HPOS="282"/>
							<String ID="string_190" HPOS="308" VPOS="1778" WIDTH="225" HEIGHT="39" WC="0.96" CONTENT="egendomen,"/><SP WIDTH="26" VPOS="1778" HPOS="533"/>
							<String ID="string_191" HPOS="559" VPOS="1779" WIDTH="193" HEIGHT="38" WC="0.96" CONTENT="utgörande"/><SP WIDTH="27" VPOS="1779" HPOS="752"/>
							<String ID="string_192" HPOS="779" VPOS="1779" WIDTH="54" HEIGHT="29" WC="0.96" CONTENT="del"/><SP WIDTH="27" VPOS="1779" HPOS="833"/>
							<String ID="string_193" HPOS="860" VPOS="1788" WIDTH="42" HEIGHT="20" WC="0.92" CONTENT="av"/><SP WIDTH="26" VPOS="1788" HPOS="902"/>
							<String ID="string_194" HPOS="928" VPOS="1779" WIDTH="325" HEIGHT="39" WC="0.92" CONTENT="kronofastigheten"/><SP WIDTH="28" VPOS="1779" HPOS="1253"/>
							<String ID="string_195" HPOS="1281" VPOS="1780" WIDTH="232" HEIGHT="29" WC="0.93" CONTENT="Strömsholm"/><SP WIDTH="28" VPOS="1780" HPOS="1513"/>
							<String ID="string_196" HPOS="1541" VPOS="1779" WIDTH="31" HEIGHT="30" WC="0.95" CONTENT="3!"/><SP WIDTH="29" VPOS="1779" HPOS="1572"/>
							<String ID="string_197" HPOS="1601" VPOS="1779" WIDTH="11" HEIGHT="29" WC="0.96" CONTENT="i"/>
						</TextLine>
						<TextLine ID="line_24" HPOS="109" VPOS="1829" WIDTH="1503" HEIGHT="39">
							<String ID="string_198" HPOS="109" VPOS="1829" WIDTH="173" HEIGHT="29" WC="0.96" CONTENT="Kolbäcks"/><SP WIDTH="24" VPOS="1829" HPOS="282"/>
							<String ID="string_199" HPOS="306" VPOS="1829" WIDTH="139" HEIGHT="33" WC="0.96" CONTENT="socken,"/><SP WIDTH="23" VPOS="1829" HPOS="445"/>
							<String ID="string_200" HPOS="468" VPOS="1829" WIDTH="109" HEIGHT="39" WC="0.93" CONTENT="jämte"/><SP WIDTH="24" VPOS="1829" HPOS="577"/>
							<String ID="string_201" HPOS="601" VPOS="1829" WIDTH="85" HEIGHT="29" WC="0.92" CONTENT="därå"/><SP WIDTH="23" VPOS="1829" HPOS="686"/>
							<String ID="string_202" HPOS="709" VPOS="1829" WIDTH="183" HEIGHT="39" WC="0.96" CONTENT="befintliga"/><SP WIDTH="23" VPOS="1829" HPOS="892"/>
							<String ID="string_203" HPOS="915" VPOS="1829" WIDTH="252" HEIGHT="39" WC="0.95" CONTENT="anläggningar"/><SP WIDTH="23" VPOS="1829" HPOS="1167"/>
							<String ID="string_204" HPOS="1190" VPOS="1829" WIDTH="178" HEIGHT="30" WC="0.95" CONTENT="överföras"/><SP WIDTH="24" VPOS="1829" HPOS="1368"/>
							<String ID="string_205" HPOS="1392" VPOS="1829" WIDTH="52" HEIGHT="29" WC="0.92" CONTENT="till"/><SP WIDTH="25" VPOS="1829" HPOS="1444"/>
							<String ID="string_206" HPOS="1469" VPOS="1829" WIDTH="143" HEIGHT="30" WC="0.92" CONTENT="domän-"/>
						</TextLine>
						<TextLine ID="line_25" HPOS="108" VPOS="1878" WIDTH="1501" HEIGHT="40">
							<String ID="string_207" HPOS="108" VPOS="1879" WIDTH="129" HEIGHT="30" WC="0.96" CONTENT="verket."/><SP WIDTH="21" VPOS="1879" HPOS="237"/>
							<String ID="string_208" HPOS="258" VPOS="1879" WIDTH="74" HEIGHT="29" WC="0.96" CONTENT="Vad"/><SP WIDTH="22" VPOS="1879" HPOS="332"/>
							<String ID="string_209" HPOS="354" VPOS="1878" WIDTH="149" HEIGHT="30" WC="0.96" CONTENT="sålunda"/><SP WIDTH="20" VPOS="1878" HPOS="503"/>
							<String ID="string_210" HPOS="523" VPOS="1878" WIDTH="198" HEIGHT="39" WC="0.96" CONTENT="föreslagits"/><SP WIDTH="19" VPOS="1878" HPOS="721"/>
							<String ID="string_211" HPOS="740" VPOS="1888" WIDTH="93" HEIGHT="20" WC="0.96" CONTENT="vann"/><SP WIDTH="19" VPOS="1888" HPOS="833"/>
							<String ID="string_212" HPOS="852" VPOS="1879" WIDTH="11" HEIGHT="29" WC="0.96" CONTENT="i"/><SP WIDTH="20" VPOS="1879" HPOS="863"/>
							<String ID="string_213" HPOS="883" VPOS="1879" WIDTH="188" HEIGHT="29" WC="0.96" CONTENT="huvudsak"/><SP WIDTH="21" VPOS="1879" HPOS="1071"/>
							<String ID="string_214" HPOS="1092" VPOS="1879" WIDTH="204" HEIGHT="39" WC="0.96" CONTENT="riksdagens"/><SP WIDTH="21" VPOS="1879" HPOS="1296"/>
							<String ID="string_215" HPOS="1317" VPOS="1878" WIDTH="99" HEIGHT="30" WC="0.91" CONTENT="bifall"/><SP WIDTH="28" VPOS="1878" HPOS="1416"/>
							<String ID="string_216" HPOS="1444" VPOS="1879" WIDTH="88" HEIGHT="33" WC="0.91" CONTENT="(JoU"/><SP WIDTH="21" VPOS="1879" HPOS="1532"/>
							<String ID="string_217" HPOS="1553" VPOS="1880" WIDTH="56" HEIGHT="34" WC="0.96" CONTENT="28;"/>
						</TextLine>
						<TextLine ID="line_26" HPOS="109" VPOS="1928" WIDTH="1504" HEIGHT="40">
							<String ID="string_218" HPOS="109" VPOS="1929" WIDTH="88" HEIGHT="30" WC="0.95" CONTENT="rskr."/><SP WIDTH="24" VPOS="1929" HPOS="197"/>
							<String ID="string_219" HPOS="221" VPOS="1928" WIDTH="94" HEIGHT="34" WC="0.95" CONTENT="343),"/><SP WIDTH="21" VPOS="1928" HPOS="315"/>
							<String ID="string_220" HPOS="336" VPOS="1929" WIDTH="122" HEIGHT="29" WC="0.95" CONTENT="varvid"/><SP WIDTH="22" VPOS="1929" HPOS="458"/>
							<String ID="string_221" HPOS="480" VPOS="1929" WIDTH="125" HEIGHT="39" WC="0.93" CONTENT="Kungl."/><SP WIDTH="24" VPOS="1929" HPOS="605"/>
							<String ID="string_222" HPOS="629" VPOS="1929" WIDTH="105" HEIGHT="39" WC="0.96" CONTENT="Maj:t"/><SP WIDTH="22" VPOS="1929" HPOS="734"/>
							<String ID="string_223" HPOS="756" VPOS="1929" WIDTH="179" HEIGHT="39" WC="0.93" CONTENT="samtidigt"/><SP WIDTH="22" VPOS="1929" HPOS="935"/>
							<String ID="string_224" HPOS="957" VPOS="1929" WIDTH="272" HEIGHT="39" WC="0.91" CONTENT="bemyndigades"/><SP WIDTH="22" VPOS="1929" HPOS="1229"/>
							<String ID="string_225" HPOS="1251" VPOS="1931" WIDTH="50" HEIGHT="27" WC="0.96" CONTENT="att"/><SP WIDTH="22" VPOS="1931" HPOS="1301"/>
							<String ID="string_226" HPOS="1323" VPOS="1929" WIDTH="72" HEIGHT="29" WC="0.96" CONTENT="tills"/><SP WIDTH="21" VPOS="1929" HPOS="1395"/>
							<String ID="string_227" HPOS="1416" VPOS="1929" WIDTH="119" HEIGHT="29" WC="0.93" CONTENT="vidare"/><SP WIDTH="22" VPOS="1929" HPOS="1535"/>
							<String ID="string_228" HPOS="1557" VPOS="1929" WIDTH="56" HEIGHT="30" WC="0.91" CONTENT="be-"/>
						</TextLine>
						<TextLine ID="line_27" HPOS="109" VPOS="1978" WIDTH="1502" HEIGHT="41">
							<String ID="string_229" HPOS="109" VPOS="1979" WIDTH="94" HEIGHT="30" WC="0.96" CONTENT="hålla"/><SP WIDTH="21" VPOS="1979" HPOS="203"/>
							<String ID="string_230" HPOS="224" VPOS="1979" WIDTH="207" HEIGHT="40" WC="0.96" CONTENT="personalen"/><SP WIDTH="21" VPOS="1979" HPOS="431"/>
							<String ID="string_231" HPOS="452" VPOS="1978" WIDTH="57" HEIGHT="30" WC="0.96" CONTENT="vid"/><SP WIDTH="22" VPOS="1978" HPOS="509"/>
							<String ID="string_232" HPOS="531" VPOS="1979" WIDTH="113" HEIGHT="39" WC="0.96" CONTENT="depån"/><SP WIDTH="22" VPOS="1979" HPOS="644"/>
							<String ID="string_233" HPOS="666" VPOS="1979" WIDTH="10" HEIGHT="29" WC="0.96" CONTENT="i"/><SP WIDTH="22" VPOS="1979" HPOS="676"/>
							<String ID="string_234" HPOS="698" VPOS="1979" WIDTH="66" HEIGHT="29" WC="0.96" CONTENT="den"/><SP WIDTH="22" VPOS="1979" HPOS="764"/>
							<String ID="string_235" HPOS="786" VPOS="1979" WIDTH="246" HEIGHT="39" WC="0.96" CONTENT="utsträckning"/><SP WIDTH="22" VPOS="1979" HPOS="1032"/>
							<String ID="string_236" HPOS="1054" VPOS="1988" WIDTH="75" HEIGHT="20" WC="0.96" CONTENT="som"/><SP WIDTH="22" VPOS="1988" HPOS="1129"/>
							<String ID="string_237" HPOS="1151" VPOS="1979" WIDTH="117" HEIGHT="30" WC="0.96" CONTENT="kunde"/><SP WIDTH="22" VPOS="1979" HPOS="1268"/>
							<String ID="string_238" HPOS="1290" VPOS="1988" WIDTH="103" HEIGHT="20" WC="0.96" CONTENT="anses"/><SP WIDTH="21" VPOS="1988" HPOS="1393"/>
							<String ID="string_239" HPOS="1414" VPOS="1979" WIDTH="164" HEIGHT="39" WC="0.96" CONTENT="påkallad"/><SP WIDTH="23" VPOS="1979" HPOS="1578"/>
							<String ID="string_240" HPOS="1601" VPOS="1979" WIDTH="10" HEIGHT="29" WC="0.96" CONTENT="i"/>
						</TextLine>
						<TextLine ID="line_28" HPOS="110" VPOS="2029" WIDTH="1502" HEIGHT="40">
							<String ID="string_241" HPOS="110" VPOS="2029" WIDTH="149" HEIGHT="30" WC="0.91" CONTENT="avbidan"/><SP WIDTH="21" VPOS="2029" HPOS="259"/>
							<String ID="string_242" HPOS="280" VPOS="2029" WIDTH="45" HEIGHT="40" WC="0.95" CONTENT="på"/><SP WIDTH="22" VPOS="2029" HPOS="325"/>
							<String ID="string_243" HPOS="347" VPOS="2029" WIDTH="44" HEIGHT="30" WC="0.96" CONTENT="då"/><SP WIDTH="21" VPOS="2029" HPOS="391"/>
							<String ID="string_244" HPOS="412" VPOS="2029" WIDTH="178" HEIGHT="39" WC="0.96" CONTENT="pågående"/><SP WIDTH="21" VPOS="2029" HPOS="590"/>
							<String ID="string_245" HPOS="611" VPOS="2029" WIDTH="276" HEIGHT="39" WC="0.95" CONTENT="överväganden,"/><SP WIDTH="23" VPOS="2029" HPOS="887"/>
							<String ID="string_246" HPOS="910" VPOS="2029" WIDTH="176" HEIGHT="29" WC="0.96" CONTENT="huruvida"/><SP WIDTH="23" VPOS="2029" HPOS="1086"/>
							<String ID="string_247" HPOS="1109" VPOS="2029" WIDTH="299" HEIGHT="39" WC="0.95" CONTENT="anläggningarna"/><SP WIDTH="22" VPOS="2029" HPOS="1408"/>
							<String ID="string_248" HPOS="1430" VPOS="2030" WIDTH="11" HEIGHT="29" WC="0.93" CONTENT="i"/><SP WIDTH="24" VPOS="2030" HPOS="1441"/>
							<String ID="string_249" HPOS="1465" VPOS="2030" WIDTH="147" HEIGHT="29" WC="0.91" CONTENT="Ströms-"/>
						</TextLine>
						<TextLine ID="line_29" HPOS="110" VPOS="2079" WIDTH="1266" HEIGHT="40">
							<String ID="string_250" HPOS="110" VPOS="2080" WIDTH="94" HEIGHT="29" WC="0.96" CONTENT="holm"/><SP WIDTH="22" VPOS="2080" HPOS="204"/>
							<String ID="string_251" HPOS="226" VPOS="2080" WIDTH="112" HEIGHT="29" WC="0.96" CONTENT="skulle"/><SP WIDTH="20" VPOS="2080" HPOS="338"/>
							<String ID="string_252" HPOS="358" VPOS="2079" WIDTH="44" HEIGHT="40" WC="0.96" CONTENT="på"/><SP WIDTH="21" VPOS="2079" HPOS="402"/>
							<String ID="string_253" HPOS="423" VPOS="2081" WIDTH="107" HEIGHT="28" WC="0.96" CONTENT="annat"/><SP WIDTH="21" VPOS="2081" HPOS="530"/>
							<String ID="string_254" HPOS="551" VPOS="2080" WIDTH="68" HEIGHT="29" WC="0.96" CONTENT="sätt"/><SP WIDTH="21" VPOS="2080" HPOS="619"/>
							<String ID="string_255" HPOS="640" VPOS="2079" WIDTH="121" HEIGHT="30" WC="0.96" CONTENT="kunna"/><SP WIDTH="20" VPOS="2079" HPOS="761"/>
							<String ID="string_256" HPOS="781" VPOS="2079" WIDTH="176" HEIGHT="39" WC="0.96" CONTENT="utnyttjas"/><SP WIDTH="21" VPOS="2079" HPOS="957"/>
							<String ID="string_257" HPOS="978" VPOS="2079" WIDTH="55" HEIGHT="29" WC="0.96" CONTENT="för"/><SP WIDTH="20" VPOS="2079" HPOS="1033"/>
							<String ID="string_258" HPOS="1053" VPOS="2079" WIDTH="136" HEIGHT="30" WC="0.96" CONTENT="landets"/><SP WIDTH="20" VPOS="2079" HPOS="1189"/>
							<String ID="string_259" HPOS="1209" VPOS="2079" WIDTH="167" HEIGHT="30" WC="0.96" CONTENT="hästavel."/>
						</TextLine>
					</TextBlock>
					<TextBlock ID="block_7" HPOS="110" VPOS="2129" WIDTH="1503" HEIGHT="288">
						<TextLine ID="line_30" HPOS="154" VPOS="2129" WIDTH="1458" HEIGHT="39">
							<String ID="string_260" HPOS="154" VPOS="2130" WIDTH="129" HEIGHT="29" WC="0.96" CONTENT="Genom"/><SP WIDTH="23" VPOS="2130" HPOS="283"/>
							<String ID="string_261" HPOS="306" VPOS="2129" WIDTH="113" HEIGHT="30" WC="0.95" CONTENT="beslut"/><SP WIDTH="23" VPOS="2129" HPOS="419"/>
							<String ID="string_262" HPOS="442" VPOS="2129" WIDTH="67" HEIGHT="30" WC="0.96" CONTENT="den"/><SP WIDTH="25" VPOS="2129" HPOS="509"/>
							<String ID="string_263" HPOS="534" VPOS="2129" WIDTH="37" HEIGHT="30" WC="0.96" CONTENT="16"/><SP WIDTH="23" VPOS="2129" HPOS="571"/>
							<String ID="string_264" HPOS="594" VPOS="2129" WIDTH="181" HEIGHT="30" WC="0.96" CONTENT="december"/><SP WIDTH="25" VPOS="2129" HPOS="775"/>
							<String ID="string_265" HPOS="800" VPOS="2129" WIDTH="82" HEIGHT="30" WC="0.95" CONTENT="1955"/><SP WIDTH="23" VPOS="2129" HPOS="882"/>
							<String ID="string_266" HPOS="905" VPOS="2129" WIDTH="187" HEIGHT="29" WC="0.95" CONTENT="utfärdade"/><SP WIDTH="22" VPOS="2129" HPOS="1092"/>
							<String ID="string_267" HPOS="1114" VPOS="2129" WIDTH="125" HEIGHT="39" WC="0.95" CONTENT="Kungl."/><SP WIDTH="23" VPOS="2129" HPOS="1239"/>
							<String ID="string_268" HPOS="1262" VPOS="2129" WIDTH="106" HEIGHT="39" WC="0.96" CONTENT="Maj:t"/><SP WIDTH="24" VPOS="2129" HPOS="1368"/>
							<String ID="string_269" HPOS="1392" VPOS="2129" WIDTH="220" HEIGHT="30" WC="0.95" CONTENT="föreskrifter"/>
						</TextLine>
						<TextLine ID="line_31" HPOS="111" VPOS="2179" WIDTH="1502" HEIGHT="40">
							<String ID="string_270" HPOS="111" VPOS="2180" WIDTH="9" HEIGHT="28" WC="0.96" CONTENT="i"/><SP WIDTH="20" VPOS="2180" HPOS="120"/>
							<String ID="string_271" HPOS="140" VPOS="2179" WIDTH="98" HEIGHT="40" WC="0.96" CONTENT="fråga"/><SP WIDTH="18" VPOS="2179" HPOS="238"/>
							<String ID="string_272" HPOS="256" VPOS="2189" WIDTH="55" HEIGHT="20" WC="0.96" CONTENT="om"/><SP WIDTH="20" VPOS="2189" HPOS="311"/>
							<String ID="string_273" HPOS="331" VPOS="2179" WIDTH="247" HEIGHT="39" WC="0.96" CONTENT="avvecklingen"/><SP WIDTH="20" VPOS="2179" HPOS="578"/>
							<String ID="string_274" HPOS="598" VPOS="2189" WIDTH="42" HEIGHT="20" WC="0.96" CONTENT="av"/><SP WIDTH="17" VPOS="2189" HPOS="640"/>
							<String ID="string_275" HPOS="657" VPOS="2179" WIDTH="269" HEIGHT="30" WC="0.95" CONTENT="verksamheten"/><SP WIDTH="17" VPOS="2179" HPOS="926"/>
							<String ID="string_276" HPOS="943" VPOS="2179" WIDTH="58" HEIGHT="29" WC="0.96" CONTENT="vid"/><SP WIDTH="20" VPOS="2179" HPOS="1001"/>
							<String ID="string_277" HPOS="1021" VPOS="2179" WIDTH="249" HEIGHT="30" WC="0.92" CONTENT="Strömsholms"/><SP WIDTH="19" VPOS="2179" HPOS="1270"/>
							<String ID="string_278" HPOS="1289" VPOS="2179" WIDTH="219" HEIGHT="39" WC="0.90" CONTENT="hingstdepå."/><SP WIDTH="19" VPOS="2179" HPOS="1508"/>
							<String ID="string_279" HPOS="1527" VPOS="2179" WIDTH="86" HEIGHT="29" WC="0.91" CONTENT="Där-"/>
						</TextLine>
						<TextLine ID="line_32" HPOS="110" VPOS="2228" WIDTH="1502" HEIGHT="40">
							<String ID="string_280" HPOS="110" VPOS="2229" WIDTH="57" HEIGHT="29" WC="0.96" CONTENT="vid"/><SP WIDTH="26" VPOS="2229" HPOS="167"/>
							<String ID="string_281" HPOS="193" VPOS="2229" WIDTH="197" HEIGHT="30" WC="0.96" CONTENT="föreskrevs"/><SP WIDTH="25" VPOS="2229" HPOS="390"/>
							<String ID="string_282" HPOS="415" VPOS="2229" WIDTH="44" HEIGHT="29" WC="0.93" CONTENT="bl."/><SP WIDTH="27" VPOS="2229" HPOS="459"/>
							<String ID="string_283" HPOS="486" VPOS="2238" WIDTH="40" HEIGHT="24" WC="0.84" CONTENT="a.,"/><SP WIDTH="27" VPOS="2238" HPOS="526"/>
							<String ID="string_284" HPOS="553" VPOS="2231" WIDTH="48" HEIGHT="27" WC="0.96" CONTENT="att"/><SP WIDTH="27" VPOS="2231" HPOS="601"/>
							<String ID="string_285" HPOS="628" VPOS="2229" WIDTH="42" HEIGHT="29" WC="0.96" CONTENT="de"/><SP WIDTH="25" VPOS="2229" HPOS="670"/>
							<String ID="string_286" HPOS="695" VPOS="2231" WIDTH="97" HEIGHT="27" WC="0.95" CONTENT="extra"/><SP WIDTH="24" VPOS="2231" HPOS="792"/>
							<String ID="string_287" HPOS="816" VPOS="2229" WIDTH="176" HEIGHT="29" WC="0.93" CONTENT="ordinarie"/><SP WIDTH="25" VPOS="2229" HPOS="992"/>
							<String ID="string_288" HPOS="1017" VPOS="2228" WIDTH="374" HEIGHT="39" WC="0.89" CONTENT="befattningshavarna"/><SP WIDTH="26" VPOS="2228" HPOS="1391"/>
							<String ID="string_289" HPOS="1417" VPOS="2229" WIDTH="56" HEIGHT="29" WC="0.95" CONTENT="vid"/><SP WIDTH="27" VPOS="2229" HPOS="1473"/>
							<String ID="string_290" HPOS="1500" VPOS="2229" WIDTH="112" HEIGHT="39" WC="0.95" CONTENT="depån"/>
						</TextLine>
						<TextLine ID="line_33" HPOS="112" VPOS="2278" WIDTH="1501" HEIGHT="40">
							<String ID="string_291" HPOS="112" VPOS="2279" WIDTH="93" HEIGHT="38" WC="0.96" CONTENT="finge"/><SP WIDTH="19" VPOS="2279" HPOS="205"/>
							<String ID="string_292" HPOS="224" VPOS="2279" WIDTH="155" HEIGHT="29" WC="0.95" CONTENT="behållas"/><SP WIDTH="20" VPOS="2279" HPOS="379"/>
							<String ID="string_293" HPOS="399" VPOS="2279" WIDTH="10" HEIGHT="29" WC="0.96" CONTENT="i"/><SP WIDTH="20" VPOS="2279" HPOS="409"/>
							<String ID="string_294" HPOS="429" VPOS="2279" WIDTH="110" HEIGHT="39" WC="0.96" CONTENT="tjänst"/><SP WIDTH="20" VPOS="2279" HPOS="539"/>
							<String ID="string_295" HPOS="559" VPOS="2278" WIDTH="90" HEIGHT="29" WC="0.96" CONTENT="intill"/><SP WIDTH="21" VPOS="2278" HPOS="649"/>
							<String ID="string_296" HPOS="670" VPOS="2278" WIDTH="175" HEIGHT="39" WC="0.96" CONTENT="utgången"/><SP WIDTH="21" VPOS="2278" HPOS="845"/>
							<String ID="string_297" HPOS="866" VPOS="2288" WIDTH="41" HEIGHT="20" WC="0.96" CONTENT="av"/><SP WIDTH="20" VPOS="2288" HPOS="907"/>
							<String ID="string_298" HPOS="927" VPOS="2278" WIDTH="155" HEIGHT="30" WC="0.96" CONTENT="februari"/><SP WIDTH="21" VPOS="2278" HPOS="1082"/>
							<String ID="string_299" HPOS="1103" VPOS="2278" WIDTH="127" HEIGHT="30" WC="0.96" CONTENT="månad"/><SP WIDTH="23" VPOS="2278" HPOS="1230"/>
							<String ID="string_300" HPOS="1253" VPOS="2278" WIDTH="93" HEIGHT="29" WC="0.93" CONTENT="1956."/><SP WIDTH="22" VPOS="2278" HPOS="1346"/>
							<String ID="string_301" HPOS="1368" VPOS="2278" WIDTH="245" HEIGHT="39" WC="0.92" CONTENT="Avvecklings-"/>
						</TextLine>
						<TextLine ID="line_34" HPOS="113" VPOS="2327" WIDTH="1500" HEIGHT="40">
							<String ID="string_302" HPOS="113" VPOS="2329" WIDTH="93" HEIGHT="29" WC="0.93" CONTENT="tiden"/><SP WIDTH="24" VPOS="2329" HPOS="206"/>
							<String ID="string_303" HPOS="230" VPOS="2329" WIDTH="212" HEIGHT="29" WC="0.92" CONTENT="utsträcktes"/><SP WIDTH="25" VPOS="2329" HPOS="442"/>
							<String ID="string_304" HPOS="467" VPOS="2328" WIDTH="197" HEIGHT="30" WC="0.96" CONTENT="sedermera"/><SP WIDTH="23" VPOS="2328" HPOS="664"/>
							<String ID="string_305" HPOS="687" VPOS="2328" WIDTH="106" HEIGHT="39" WC="0.95" CONTENT="enligt"/><SP WIDTH="23" VPOS="2328" HPOS="793"/>
							<String ID="string_306" HPOS="816" VPOS="2328" WIDTH="115" HEIGHT="30" WC="0.96" CONTENT="beslut"/><SP WIDTH="24" VPOS="2328" HPOS="931"/>
							<String ID="string_307" HPOS="955" VPOS="2337" WIDTH="42" HEIGHT="20" WC="0.96" CONTENT="av"/><SP WIDTH="24" VPOS="2337" HPOS="997"/>
							<String ID="string_308" HPOS="1021" VPOS="2328" WIDTH="125" HEIGHT="38" WC="0.95" CONTENT="Kungl."/><SP WIDTH="26" VPOS="2328" HPOS="1146"/>
							<String ID="string_309" HPOS="1172" VPOS="2328" WIDTH="104" HEIGHT="38" WC="0.96" CONTENT="Maj:t"/><SP WIDTH="24" VPOS="2328" HPOS="1276"/>
							<String ID="string_310" HPOS="1300" VPOS="2328" WIDTH="67" HEIGHT="29" WC="0.96" CONTENT="den"/><SP WIDTH="26" VPOS="2328" HPOS="1367"/>
							<String ID="string_311" HPOS="1393" VPOS="2328" WIDTH="41" HEIGHT="29" WC="0.95" CONTENT="23"/><SP WIDTH="25" VPOS="2328" HPOS="1434"/>
							<String ID="string_312" HPOS="1459" VPOS="2327" WIDTH="154" HEIGHT="30" WC="0.96" CONTENT="februari"/>
						</TextLine>
						<TextLine ID="line_35" HPOS="115" VPOS="2378" WIDTH="592" HEIGHT="39">
							<String ID="string_313" HPOS="115" VPOS="2379" WIDTH="82" HEIGHT="29" WC="0.95" CONTENT="1956"/><SP WIDTH="19" VPOS="2379" HPOS="197"/>
							<String ID="string_314" HPOS="216" VPOS="2379" WIDTH="50" HEIGHT="29" WC="0.96" CONTENT="till"/><SP WIDTH="20" VPOS="2379" HPOS="266"/>
							<String ID="string_315" HPOS="286" VPOS="2379" WIDTH="67" HEIGHT="29" WC="0.96" CONTENT="den"/><SP WIDTH="21" VPOS="2379" HPOS="353"/>
							<String ID="string_316" HPOS="374" VPOS="2379" WIDTH="12" HEIGHT="28" WC="0.94" CONTENT="1"/><SP WIDTH="22" VPOS="2379" HPOS="386"/>
							<String ID="string_317" HPOS="408" VPOS="2378" WIDTH="79" HEIGHT="39" WC="0.96" CONTENT="juni"/><SP WIDTH="20" VPOS="2378" HPOS="487"/>
							<String ID="string_318" HPOS="507" VPOS="2387" WIDTH="134" HEIGHT="20" WC="0.96" CONTENT="samma"/><SP WIDTH="19" VPOS="2387" HPOS="641"/>
							<String ID="string_319" HPOS="660" VPOS="2378" WIDTH="47" HEIGHT="29" WC="0.95" CONTENT="år."/>
						</TextLine>
					</TextBlock>
					<TextBlock ID="block_8" HPOS="113" VPOS="2427" WIDTH="1500" HEIGHT="90">
						<TextLine ID="line_36" HPOS="156" VPOS="2427" WIDTH="1457" HEIGHT="40">
							<String ID="string_320" HPOS="156" VPOS="2429" WIDTH="124" HEIGHT="38" WC="0.94" CONTENT="Kungl."/><SP WIDTH="23" VPOS="2429" HPOS="280"/>
							<String ID="string_321" HPOS="303" VPOS="2428" WIDTH="104" HEIGHT="39" WC="0.96" CONTENT="Maj:t"/><SP WIDTH="23" VPOS="2428" HPOS="407"/>
							<String ID="string_322" HPOS="430" VPOS="2428" WIDTH="210" HEIGHT="30" WC="0.96" CONTENT="förordnade"/><SP WIDTH="22" VPOS="2428" HPOS="640"/>
							<String ID="string_323" HPOS="662" VPOS="2428" WIDTH="66" HEIGHT="29" WC="0.95" CONTENT="den"/><SP WIDTH="23" VPOS="2428" HPOS="728"/>
							<String ID="string_324" HPOS="751" VPOS="2428" WIDTH="16" HEIGHT="29" WC="0.95" CONTENT="7"/><SP WIDTH="23" VPOS="2428" HPOS="767"/>
							<String ID="string_325" HPOS="790" VPOS="2428" WIDTH="181" HEIGHT="29" WC="0.96" CONTENT="december"/><SP WIDTH="23" VPOS="2428" HPOS="971"/>
							<String ID="string_326" HPOS="994" VPOS="2428" WIDTH="83" HEIGHT="29" WC="0.96" CONTENT="1956"/><SP WIDTH="22" VPOS="2428" HPOS="1077"/>
							<String ID="string_327" HPOS="1099" VPOS="2427" WIDTH="43" HEIGHT="30" WC="0.93" CONTENT="bl."/><SP WIDTH="23" VPOS="2427" HPOS="1142"/>
							<String ID="string_328" HPOS="1165" VPOS="2437" WIDTH="40" HEIGHT="26" WC="0.91" CONTENT="a.,"/><SP WIDTH="21" VPOS="2437" HPOS="1205"/>
							<String ID="string_329" HPOS="1226" VPOS="2429" WIDTH="50" HEIGHT="28" WC="0.96" CONTENT="att"/><SP WIDTH="22" VPOS="2429" HPOS="1276"/>
							<String ID="string_330" HPOS="1298" VPOS="2428" WIDTH="65" HEIGHT="29" WC="0.96" CONTENT="den"/><SP WIDTH="23" VPOS="2428" HPOS="1363"/>
							<String ID="string_331" HPOS="1386" VPOS="2427" WIDTH="54" HEIGHT="30" WC="0.96" CONTENT="del"/><SP WIDTH="23" VPOS="2427" HPOS="1440"/>
							<String ID="string_332" HPOS="1463" VPOS="2436" WIDTH="41" HEIGHT="21" WC="0.92" CONTENT="av"/><SP WIDTH="21" VPOS="2436" HPOS="1504"/>
							<String ID="string_333" HPOS="1525" VPOS="2427" WIDTH="88" HEIGHT="30" WC="0.91" CONTENT="före-"/>
						</TextLine>
						<TextLine ID="line_37" HPOS="113" VPOS="2477" WIDTH="1500" HEIGHT="40">
							<String ID="string_334" HPOS="113" VPOS="2479" WIDTH="152" HEIGHT="29" WC="0.92" CONTENT="nämnda"/><SP WIDTH="23" VPOS="2479" HPOS="265"/>
							<String ID="string_335" HPOS="288" VPOS="2478" WIDTH="327" HEIGHT="39" WC="0.90" CONTENT="kronoegendomen"/><SP WIDTH="25" VPOS="2478" HPOS="615"/>
							<String ID="string_336" HPOS="640" VPOS="2478" WIDTH="231" HEIGHT="30" WC="0.96" CONTENT="Strömsholm"/><SP WIDTH="25" VPOS="2478" HPOS="871"/>
							<String ID="string_337" HPOS="896" VPOS="2479" WIDTH="32" HEIGHT="28" WC="0.95" CONTENT="3!"/><SP WIDTH="26" VPOS="2479" HPOS="928"/>
							<String ID="string_338" HPOS="954" VPOS="2487" WIDTH="75" HEIGHT="21" WC="0.92" CONTENT="som"/><SP WIDTH="24" VPOS="2487" HPOS="1029"/>
							<String ID="string_339" HPOS="1053" VPOS="2477" WIDTH="219" HEIGHT="40" WC="0.91" CONTENT="disponerats"/><SP WIDTH="25" VPOS="2477" HPOS="1272"/>
							<String ID="string_340" HPOS="1297" VPOS="2487" WIDTH="41" HEIGHT="20" WC="0.96" CONTENT="av"/><SP WIDTH="26" VPOS="2487" HPOS="1338"/>
							<String ID="string_341" HPOS="1364" VPOS="2477" WIDTH="249" HEIGHT="30" WC="0.95" CONTENT="Strömsholms"/>
						</TextLine>
					</TextBlock>
				</ComposedBlock>
				<ComposedBlock ID="cblock_6" HPOS="149" VPOS="2544" WIDTH="900" HEIGHT="31">
					<TextBlock ID="block_9" HPOS="149" VPOS="2544" WIDTH="900" HEIGHT="31">
						<TextLine ID="line_38" HPOS="149" VPOS="2544" WIDTH="900" HEIGHT="31">
							<String ID="string_342" HPOS="149" VPOS="2546" WIDTH="7" HEIGHT="24" WC="0.63" CONTENT="I"/><SP WIDTH="45" VPOS="2546" HPOS="156"/>
							<String ID="string_343" HPOS="201" VPOS="2546" WIDTH="110" HEIGHT="29" WC="0.63" CONTENT="Bihang"/><SP WIDTH="13" VPOS="2546" HPOS="311"/>
							<String ID="string_344" HPOS="324" VPOS="2545" WIDTH="47" HEIGHT="23" WC="0.96" CONTENT="till"/><SP WIDTH="11" VPOS="2545" HPOS="371"/>
							<String ID="string_345" HPOS="382" VPOS="2544" WIDTH="169" HEIGHT="30" WC="0.95" CONTENT="riksdagens"/><SP WIDTH="12" VPOS="2544" HPOS="551"/>
							<String ID="string_346" HPOS="563" VPOS="2544" WIDTH="148" HEIGHT="30" WC="0.95" CONTENT="protokoll"/><SP WIDTH="13" VPOS="2544" HPOS="711"/>
							<String ID="string_347" HPOS="724" VPOS="2545" WIDTH="74" HEIGHT="23" WC="0.95" CONTENT="1958."/><SP WIDTH="22" VPOS="2545" HPOS="798"/>
							<String ID="string_348" HPOS="820" VPOS="2546" WIDTH="31" HEIGHT="22" WC="0.95" CONTENT="10"/><SP WIDTH="11" VPOS="2546" HPOS="851"/>
							<String ID="string_349" HPOS="862" VPOS="2545" WIDTH="84" HEIGHT="23" WC="0.94" CONTENT="saml."/><SP WIDTH="20" VPOS="2545" HPOS="946"/>
							<String ID="string_350" HPOS="966" VPOS="2545" WIDTH="39" HEIGHT="24" WC="0.95" CONTENT="Nr"/><SP WIDTH="13" VPOS="2545" HPOS="1005"/>
							<String ID="string_351" HPOS="1018" VPOS="2547" WIDTH="31" HEIGHT="24" WC="0.95" CONTENT="20"/>
						</TextLine>
					</TextBlock>
				</ComposedBlock>
			</PrintSpace>
		</Page>
	</Layout>
</alto>
