<?xml version="1.0" encoding="UTF-8"?>
<alto xmlns="http://www.loc.gov/standards/alto/ns-v3#" xmlns:xlink="http://www.w3.org/1999/xlink" xmlns:xsi="http://www.w3.org/2001/XMLSchema-instance" xsi:schemaLocation="http://www.loc.gov/standards/alto/ns-v3# http://www.loc.gov/alto/v3/alto-3-0.xsd">
	<Description>
		<MeasurementUnit>pixel</MeasurementUnit>
		<sourceImageInformation>
			<fileName>/tmp/tess_a29ejgwt_input.PNG</fileName>
		</sourceImageInformation>
		<OCRProcessing ID="OCR_0">
			<ocrProcessingStep>
				<processingSoftware>
					<softwareName>tesseract 5.3.0</softwareName>
				</processingSoftware>
			</ocrProcessingStep>
		</OCRProcessing>
	</Description>
	<Layout>
		<Page WIDTH="2285" HEIGHT="2782" PHYSICAL_IMG_NR="0" ID="page_0">
			<PrintSpace HPOS="0" VPOS="0" WIDTH="2285" HEIGHT="2782">
				<ComposedBlock ID="cblock_0" HPOS="569" VPOS="157" WIDTH="1079" HEIGHT="38">
					<TextBlock ID="block_0" HPOS="569" VPOS="157" WIDTH="1079" HEIGHT="38">
						<TextLine ID="line_0" HPOS="569" VPOS="157" WIDTH="1079" HEIGHT="38">
							<String ID="string_0" HPOS="569" VPOS="157" WIDTH="19" HEIGHT="31" WC="0.96" CONTENT="4"/><SP WIDTH="416" VPOS="157" HPOS="588"/>
							<String ID="string_1" HPOS="1004" VPOS="158" WIDTH="126" HEIGHT="31" WC="0.73" CONTENT="Banko-"/><SP WIDTH="10" VPOS="158" HPOS="1130"/>
							<String ID="string_2" HPOS="1140" VPOS="160" WIDTH="164" HEIGHT="30" WC="0.96" CONTENT="Utskottets"/><SP WIDTH="25" VPOS="160" HPOS="1304"/>
							<String ID="string_3" HPOS="1329" VPOS="163" WIDTH="166" HEIGHT="29" WC="0.96" CONTENT="Memorial"/><SP WIDTH="25" VPOS="163" HPOS="1495"/>
							<String ID="string_4" HPOS="1520" VPOS="165" WIDTH="58" HEIGHT="27" WC="0.94" CONTENT="N:o"/><SP WIDTH="24" VPOS="165" HPOS="1578"/>
							<String ID="string_5" HPOS="1602" VPOS="167" WIDTH="46" HEIGHT="28" WC="0.94" CONTENT="10."/>
						</TextLine>
					</TextBlock>
				</ComposedBlock>
				<ComposedBlock ID="cblock_1" HPOS="569" VPOS="234" WIDTH="726" HEIGHT="614">
					<TextBlock ID="block_1" HPOS="572" VPOS="234" WIDTH="723" HEIGHT="407">
						<TextLine ID="line_1" HPOS="577" VPOS="234" WIDTH="716" HEIGHT="46">
							<String ID="string_6" HPOS="577" VPOS="236" WIDTH="83" HEIGHT="31" WC="0.96" CONTENT="nade"/><SP WIDTH="28" VPOS="236" HPOS="660"/>
							<String ID="string_7" HPOS="688" VPOS="234" WIDTH="147" HEIGHT="40" WC="0.95" CONTENT="göromål"/><SP WIDTH="27" VPOS="234" HPOS="835"/>
							<String ID="string_8" HPOS="862" VPOS="236" WIDTH="62" HEIGHT="32" WC="0.96" CONTENT="och"/><SP WIDTH="30" VPOS="236" HPOS="924"/>
							<String ID="string_9" HPOS="954" VPOS="235" WIDTH="131" HEIGHT="44" WC="0.93" CONTENT="bestyr;"/><SP WIDTH="29" VPOS="235" HPOS="1085"/>
							<String ID="string_10" HPOS="1114" VPOS="238" WIDTH="179" HEIGHT="42" WC="0.91" CONTENT="inspektio-"/>
						</TextLine>
						<TextLine ID="line_2" HPOS="577" VPOS="286" WIDTH="718" HEIGHT="46">
							<String ID="string_11" HPOS="577" VPOS="296" WIDTH="62" HEIGHT="23" WC="0.96" CONTENT="nen"/><SP WIDTH="30" VPOS="296" HPOS="639"/>
							<String ID="string_12" HPOS="669" VPOS="288" WIDTH="88" HEIGHT="31" WC="0.96" CONTENT="öfver"/><SP WIDTH="16" VPOS="288" HPOS="757"/>
							<String ID="string_13" HPOS="773" VPOS="286" WIDTH="155" HEIGHT="34" WC="0.96" CONTENT="Bankens"/><SP WIDTH="22" VPOS="286" HPOS="928"/>
							<String ID="string_14" HPOS="950" VPOS="288" WIDTH="228" HEIGHT="44" WC="0.93" CONTENT="pappersbruk"/><SP WIDTH="18" VPOS="288" HPOS="1178"/>
							<String ID="string_15" HPOS="1196" VPOS="290" WIDTH="99" HEIGHT="32" WC="0.92" CONTENT="Tum-"/>
						</TextLine>
						<TextLine ID="line_3" HPOS="576" VPOS="337" WIDTH="716" HEIGHT="48">
							<String ID="string_16" HPOS="576" VPOS="337" WIDTH="52" HEIGHT="43" WC="0.96" CONTENT="ba,"/><SP WIDTH="28" VPOS="337" HPOS="628"/>
							<String ID="string_17" HPOS="656" VPOS="345" WIDTH="82" HEIGHT="27" WC="0.93" CONTENT="samt"/><SP WIDTH="29" VPOS="345" HPOS="738"/>
							<String ID="string_18" HPOS="767" VPOS="338" WIDTH="234" HEIGHT="35" WC="0.90" CONTENT="låneärendens"/><SP WIDTH="34" VPOS="338" HPOS="1001"/>
							<String ID="string_19" HPOS="1035" VPOS="341" WIDTH="257" HEIGHT="44" WC="0.95" CONTENT="föredragning"/><SP WIDTH="-17" VPOS="341" HPOS="1292"/>
							<String ID="string_20" HPOS="1275" VPOS="333" WIDTH="22" HEIGHT="56" WC="0.96" CONTENT="i"/>
						</TextLine>
						<TextLine ID="line_4" HPOS="575" VPOS="390" WIDTH="717" HEIGHT="45">
							<String ID="string_21" HPOS="575" VPOS="390" WIDTH="330" HEIGHT="36" WC="0.92" CONTENT="Diskont-kontorets"/><SP WIDTH="23" VPOS="390" HPOS="905"/>
							<String ID="string_22" HPOS="928" VPOS="392" WIDTH="155" HEIGHT="43" WC="0.96" CONTENT="styrelse;"/><SP WIDTH="30" VPOS="392" HPOS="1083"/>
							<String ID="string_23" HPOS="1113" VPOS="393" WIDTH="59" HEIGHT="33" WC="0.41" CONTENT="allt"/><SP WIDTH="36" VPOS="393" HPOS="1172"/>
							<String ID="string_24" HPOS="1208" VPOS="395" WIDTH="8" HEIGHT="31" WC="0.93" CONTENT="i"/><SP WIDTH="29" VPOS="395" HPOS="1216"/>
							<String ID="string_25" HPOS="1245" VPOS="396" WIDTH="47" HEIGHT="31" WC="0.93" CONTENT="öf-"/>
						</TextLine>
						<TextLine ID="line_5" HPOS="576" VPOS="443" WIDTH="717" HEIGHT="46">
							<String ID="string_26" HPOS="576" VPOS="443" WIDTH="301" HEIGHT="33" WC="0.89" CONTENT="verensstämmelse"/><SP WIDTH="56" VPOS="443" HPOS="877"/>
							<String ID="string_27" HPOS="933" VPOS="445" WIDTH="70" HEIGHT="31" WC="0.77" CONTENT="med"/><SP WIDTH="48" VPOS="445" HPOS="1003"/>
							<String ID="string_28" HPOS="1051" VPOS="445" WIDTH="89" HEIGHT="32" WC="0.87" CONTENT="detta"/><SP WIDTH="48" VPOS="445" HPOS="1140"/>
							<String ID="string_29" HPOS="1188" VPOS="445" WIDTH="105" HEIGHT="44" WC="0.83" CONTENT="regle-"/>
						</TextLine>
						<TextLine ID="line_6" HPOS="575" VPOS="496" WIDTH="716" HEIGHT="35">
							<String ID="string_30" HPOS="575" VPOS="499" WIDTH="104" HEIGHT="28" WC="0.96" CONTENT="mente"/><SP WIDTH="28" VPOS="499" HPOS="679"/>
							<String ID="string_31" HPOS="707" VPOS="497" WIDTH="84" HEIGHT="31" WC="0.95" CONTENT="samt"/><SP WIDTH="28" VPOS="497" HPOS="791"/>
							<String ID="string_32" HPOS="819" VPOS="497" WIDTH="38" HEIGHT="31" WC="0.96" CONTENT="de"/><SP WIDTH="29" VPOS="497" HPOS="857"/>
							<String ID="string_33" HPOS="886" VPOS="496" WIDTH="236" HEIGHT="34" WC="0.96" CONTENT="instruktioner"/><SP WIDTH="27" VPOS="496" HPOS="1122"/>
							<String ID="string_34" HPOS="1149" VPOS="498" WIDTH="61" HEIGHT="32" WC="0.93" CONTENT="och"/><SP WIDTH="18" VPOS="498" HPOS="1210"/>
							<String ID="string_35" HPOS="1228" VPOS="499" WIDTH="63" HEIGHT="32" WC="0.92" CONTENT="för-"/>
						</TextLine>
						<TextLine ID="line_7" HPOS="574" VPOS="546" WIDTH="720" HEIGHT="43">
							<String ID="string_36" HPOS="574" VPOS="546" WIDTH="199" HEIGHT="43" WC="0.92" CONTENT="ordnanden,"/><SP WIDTH="43" VPOS="546" HPOS="773"/>
							<String ID="string_37" HPOS="816" VPOS="558" WIDTH="67" HEIGHT="21" WC="0.96" CONTENT="som"/><SP WIDTH="43" VPOS="558" HPOS="883"/>
							<String ID="string_38" HPOS="926" VPOS="550" WIDTH="53" HEIGHT="29" WC="0.95" CONTENT="äro"/><SP WIDTH="34" VPOS="550" HPOS="979"/>
							<String ID="string_39" HPOS="1013" VPOS="548" WIDTH="79" HEIGHT="33" WC="0.93" CONTENT="eller"/><SP WIDTH="35" VPOS="548" HPOS="1092"/>
							<String ID="string_40" HPOS="1127" VPOS="551" WIDTH="99" HEIGHT="31" WC="0.93" CONTENT="varda"/><SP WIDTH="34" VPOS="551" HPOS="1226"/>
							<String ID="string_41" HPOS="1260" VPOS="552" WIDTH="34" HEIGHT="31" WC="0.96" CONTENT="af"/>
						</TextLine>
						<TextLine ID="line_8" HPOS="572" VPOS="597" WIDTH="421" HEIGHT="44">
							<String ID="string_42" HPOS="572" VPOS="597" WIDTH="214" HEIGHT="44" WC="0.84" CONTENT="Fullmägtige"/><SP WIDTH="31" VPOS="597" HPOS="786"/>
							<String ID="string_43" HPOS="817" VPOS="599" WIDTH="176" HEIGHT="33" WC="0.96" CONTENT="utfärdade."/>
						</TextLine>
					</TextBlock>
					<TextBlock ID="block_2" HPOS="569" VPOS="649" WIDTH="719" HEIGHT="199">
						<TextLine ID="line_9" HPOS="622" VPOS="649" WIDTH="666" HEIGHT="46">
							<String ID="string_44" HPOS="622" VPOS="649" WIDTH="209" HEIGHT="44" WC="0.92" CONTENT="Deputerade"/><SP WIDTH="28" VPOS="649" HPOS="831"/>
							<String ID="string_45" HPOS="859" VPOS="661" WIDTH="61" HEIGHT="32" WC="0.92" CONTENT="ega"/><SP WIDTH="32" VPOS="661" HPOS="920"/>
							<String ID="string_46" HPOS="952" VPOS="654" WIDTH="117" HEIGHT="41" WC="0.96" CONTENT="antaga"/><SP WIDTH="28" VPOS="654" HPOS="1069"/>
							<String ID="string_47" HPOS="1097" VPOS="653" WIDTH="59" HEIGHT="32" WC="0.93" CONTENT="och"/><SP WIDTH="29" VPOS="653" HPOS="1156"/>
							<String ID="string_48" HPOS="1185" VPOS="653" WIDTH="103" HEIGHT="33" WC="0.92" CONTENT="entle-"/>
						</TextLine>
						<TextLine ID="line_10" HPOS="570" VPOS="701" WIDTH="718" HEIGHT="46">
							<String ID="string_49" HPOS="570" VPOS="701" WIDTH="76" HEIGHT="42" WC="0.93" CONTENT="diga"/><SP WIDTH="28" VPOS="701" HPOS="646"/>
							<String ID="string_50" HPOS="674" VPOS="703" WIDTH="113" HEIGHT="42" WC="0.91" CONTENT="nödigt"/><SP WIDTH="29" VPOS="703" HPOS="787"/>
							<String ID="string_51" HPOS="816" VPOS="703" WIDTH="123" HEIGHT="33" WC="0.96" CONTENT="biträde"/><SP WIDTH="30" VPOS="703" HPOS="939"/>
							<String ID="string_52" HPOS="969" VPOS="704" WIDTH="9" HEIGHT="32" WC="0.96" CONTENT="i"/><SP WIDTH="28" VPOS="704" HPOS="978"/>
							<String ID="string_53" HPOS="1006" VPOS="705" WIDTH="38" HEIGHT="32" WC="0.97" CONTENT="de"/><SP WIDTH="20" VPOS="705" HPOS="1044"/>
							<String ID="string_54" HPOS="1064" VPOS="703" WIDTH="146" HEIGHT="44" WC="0.96" CONTENT="göromål"/><SP WIDTH="16" VPOS="703" HPOS="1210"/>
							<String ID="string_55" HPOS="1226" VPOS="706" WIDTH="62" HEIGHT="32" WC="0.96" CONTENT="och"/>
						</TextLine>
						<TextLine ID="line_11" HPOS="569" VPOS="751" WIDTH="718" HEIGHT="50">
							<String ID="string_56" HPOS="569" VPOS="751" WIDTH="122" HEIGHT="45" WC="0.96" CONTENT="bestyr,"/><SP WIDTH="43" VPOS="751" HPOS="691"/>
							<String ID="string_57" HPOS="734" VPOS="765" WIDTH="67" HEIGHT="22" WC="0.85" CONTENT="som"/><SP WIDTH="37" VPOS="765" HPOS="801"/>
							<String ID="string_58" HPOS="838" VPOS="755" WIDTH="137" HEIGHT="42" WC="0.85" CONTENT="härflyta"/><SP WIDTH="35" VPOS="755" HPOS="975"/>
							<String ID="string_59" HPOS="1010" VPOS="756" WIDTH="34" HEIGHT="32" WC="0.93" CONTENT="af"/><SP WIDTH="25" VPOS="756" HPOS="1044"/>
							<String ID="string_60" HPOS="1069" VPOS="756" WIDTH="129" HEIGHT="33" WC="0.91" CONTENT="vexlars"/><SP WIDTH="26" VPOS="756" HPOS="1198"/>
							<String ID="string_61" HPOS="1224" VPOS="757" WIDTH="63" HEIGHT="44" WC="0.96" CONTENT="köp"/>
						</TextLine>
						<TextLine ID="line_12" HPOS="570" VPOS="804" WIDTH="291" HEIGHT="44">
							<String ID="string_62" HPOS="570" VPOS="804" WIDTH="60" HEIGHT="32" WC="0.95" CONTENT="och"/><SP WIDTH="29" VPOS="804" HPOS="630"/>
							<String ID="string_63" HPOS="659" VPOS="806" WIDTH="202" HEIGHT="42" WC="0.95" CONTENT="försäljning."/>
						</TextLine>
					</TextBlock>
				</ComposedBlock>
				<ComposedBlock ID="cblock_2" HPOS="1331" VPOS="235" WIDTH="784" HEIGHT="1651">
					<TextBlock ID="block_3" HPOS="1346" VPOS="235" WIDTH="767" HEIGHT="143">
						<TextLine ID="line_13" HPOS="1347" VPOS="235" WIDTH="764" HEIGHT="47">
							<String ID="string_64" HPOS="1347" VPOS="240" WIDTH="161" HEIGHT="42" WC="0.92" CONTENT="glemente"/><SP WIDTH="21" VPOS="240" HPOS="1508"/>
							<String ID="string_65" HPOS="1529" VPOS="235" WIDTH="83" HEIGHT="40" WC="0.95" CONTENT="samt"/><SP WIDTH="28" VPOS="235" HPOS="1612"/>
							<String ID="string_66" HPOS="1640" VPOS="245" WIDTH="38" HEIGHT="31" WC="0.96" CONTENT="de"/><SP WIDTH="30" VPOS="245" HPOS="1678"/>
							<String ID="string_67" HPOS="1708" VPOS="245" WIDTH="234" HEIGHT="33" WC="0.96" CONTENT="instruktioner"/><SP WIDTH="28" VPOS="245" HPOS="1942"/>
							<String ID="string_68" HPOS="1970" VPOS="247" WIDTH="59" HEIGHT="32" WC="0.93" CONTENT="och"/><SP WIDTH="20" VPOS="247" HPOS="2029"/>
							<String ID="string_69" HPOS="2049" VPOS="248" WIDTH="62" HEIGHT="31" WC="0.91" CONTENT="för-"/>
						</TextLine>
						<TextLine ID="line_14" HPOS="1347" VPOS="293" WIDTH="766" HEIGHT="48">
							<String ID="string_70" HPOS="1347" VPOS="293" WIDTH="200" HEIGHT="42" WC="0.90" CONTENT="ordnanden,"/><SP WIDTH="42" VPOS="293" HPOS="1547"/>
							<String ID="string_71" HPOS="1589" VPOS="305" WIDTH="68" HEIGHT="22" WC="0.92" CONTENT="som"/><SP WIDTH="44" VPOS="305" HPOS="1657"/>
							<String ID="string_72" HPOS="1701" VPOS="297" WIDTH="98" HEIGHT="31" WC="0.92" CONTENT="varda"/><SP WIDTH="33" VPOS="297" HPOS="1799"/>
							<String ID="string_73" HPOS="1832" VPOS="297" WIDTH="34" HEIGHT="32" WC="0.93" CONTENT="af"/><SP WIDTH="31" VPOS="297" HPOS="1866"/>
							<String ID="string_74" HPOS="1897" VPOS="297" WIDTH="216" HEIGHT="44" WC="0.92" CONTENT="Fullmägtige"/>
						</TextLine>
						<TextLine ID="line_15" HPOS="1346" VPOS="344" WIDTH="180" HEIGHT="34">
							<String ID="string_75" HPOS="1346" VPOS="344" WIDTH="180" HEIGHT="34" WC="0.95" CONTENT="utfärdade."/>
						</TextLine>
					</TextBlock>
					<TextBlock ID="block_4" HPOS="1340" VPOS="389" WIDTH="775" HEIGHT="463">
						<TextLine ID="line_16" HPOS="1446" VPOS="389" WIDTH="669" HEIGHT="56">
							<String ID="string_76" HPOS="1446" VPOS="397" WIDTH="98" HEIGHT="37" WC="0.95" CONTENT="Mom,"/><SP WIDTH="29" VPOS="397" HPOS="1544"/>
							<String ID="string_77" HPOS="1573" VPOS="400" WIDTH="32" HEIGHT="32" WC="0.93" CONTENT="2."/><SP WIDTH="59" VPOS="400" HPOS="1605"/>
							<String ID="string_78" HPOS="1664" VPOS="389" WIDTH="99" HEIGHT="43" WC="0.93" CONTENT="Öfver"/><SP WIDTH="42" VPOS="389" HPOS="1763"/>
							<String ID="string_79" HPOS="1805" VPOS="401" WIDTH="238" HEIGHT="44" WC="0.95" CONTENT="framställning"/><SP WIDTH="40" VPOS="401" HPOS="2043"/>
							<String ID="string_80" HPOS="2083" VPOS="405" WIDTH="32" HEIGHT="30" WC="0.93" CONTENT="af"/>
						</TextLine>
						<TextLine ID="line_17" HPOS="1346" VPOS="447" WIDTH="765" HEIGHT="48">
							<String ID="string_81" HPOS="1346" VPOS="447" WIDTH="221" HEIGHT="45" WC="0.95" CONTENT="kontorschef,"/><SP WIDTH="42" VPOS="447" HPOS="1567"/>
							<String ID="string_82" HPOS="1609" VPOS="451" WIDTH="7" HEIGHT="32" WC="0.96" CONTENT="i"/><SP WIDTH="44" VPOS="451" HPOS="1616"/>
							<String ID="string_83" HPOS="1660" VPOS="448" WIDTH="90" HEIGHT="47" WC="0.96" CONTENT="fråga"/><SP WIDTH="40" VPOS="448" HPOS="1750"/>
							<String ID="string_84" HPOS="1790" VPOS="463" WIDTH="50" HEIGHT="22" WC="0.96" CONTENT="om"/><SP WIDTH="35" VPOS="463" HPOS="1840"/>
							<String ID="string_85" HPOS="1875" VPOS="450" WIDTH="150" HEIGHT="45" WC="0.32" CONTENT="åtgärder"/><SP WIDTH="27" VPOS="450" HPOS="2025"/>
							<String ID="string_86" HPOS="2052" VPOS="456" WIDTH="59" HEIGHT="31" WC="0.96" CONTENT="och"/>
						</TextLine>
						<TextLine ID="line_18" HPOS="1346" VPOS="500" WIDTH="766" HEIGHT="49">
							<String ID="string_87" HPOS="1346" VPOS="500" WIDTH="278" HEIGHT="35" WC="0.92" CONTENT="föranstaltanden"/><SP WIDTH="30" VPOS="500" HPOS="1624"/>
							<String ID="string_88" HPOS="1654" VPOS="505" WIDTH="7" HEIGHT="30" WC="0.96" CONTENT="i"/><SP WIDTH="29" VPOS="505" HPOS="1661"/>
							<String ID="string_89" HPOS="1690" VPOS="504" WIDTH="59" HEIGHT="31" WC="0.96" CONTENT="och"/><SP WIDTH="45" VPOS="504" HPOS="1749"/>
							<String ID="string_90" HPOS="1794" VPOS="505" WIDTH="47" HEIGHT="31" WC="0.93" CONTENT="för"/><SP WIDTH="34" VPOS="505" HPOS="1841"/>
							<String ID="string_91" HPOS="1875" VPOS="505" WIDTH="80" HEIGHT="32" WC="0.95" CONTENT="hans"/><SP WIDTH="29" VPOS="505" HPOS="1955"/>
							<String ID="string_92" HPOS="1984" VPOS="507" WIDTH="128" HEIGHT="42" WC="0.95" CONTENT="kontor,"/>
						</TextLine>
						<TextLine ID="line_19" HPOS="1344" VPOS="555" WIDTH="767" HEIGHT="45">
							<String ID="string_93" HPOS="1344" VPOS="562" WIDTH="76" HEIGHT="32" WC="0.96" CONTENT="eger"/><SP WIDTH="34" VPOS="562" HPOS="1420"/>
							<String ID="string_94" HPOS="1454" VPOS="555" WIDTH="179" HEIGHT="42" WC="0.96" CONTENT="deputerad"/><SP WIDTH="20" VPOS="555" HPOS="1633"/>
							<String ID="string_95" HPOS="1653" VPOS="559" WIDTH="45" HEIGHT="28" WC="0.96" CONTENT="att"/><SP WIDTH="17" VPOS="559" HPOS="1698"/>
							<String ID="string_96" HPOS="1715" VPOS="556" WIDTH="162" HEIGHT="40" WC="0.96" CONTENT="förordna,"/><SP WIDTH="17" VPOS="556" HPOS="1877"/>
							<String ID="string_97" HPOS="1894" VPOS="558" WIDTH="55" HEIGHT="30" WC="0.96" CONTENT="der"/><SP WIDTH="23" VPOS="558" HPOS="1949"/>
							<String ID="string_98" HPOS="1972" VPOS="559" WIDTH="27" HEIGHT="41" WC="0.93" CONTENT="ej"/><SP WIDTH="19" VPOS="559" HPOS="1999"/>
							<String ID="string_99" HPOS="2018" VPOS="559" WIDTH="93" HEIGHT="31" WC="0.91" CONTENT="fram-"/>
						</TextLine>
						<TextLine ID="line_20" HPOS="1342" VPOS="604" WIDTH="769" HEIGHT="48">
							<String ID="string_100" HPOS="1342" VPOS="604" WIDTH="196" HEIGHT="42" WC="0.92" CONTENT="ställningen"/><SP WIDTH="40" VPOS="604" HPOS="1538"/>
							<String ID="string_101" HPOS="1578" VPOS="607" WIDTH="84" HEIGHT="32" WC="0.89" CONTENT="afser"/><SP WIDTH="42" VPOS="607" HPOS="1662"/>
							<String ID="string_102" HPOS="1704" VPOS="608" WIDTH="138" HEIGHT="42" WC="0.96" CONTENT="ändring"/><SP WIDTH="41" VPOS="608" HPOS="1842"/>
							<String ID="string_103" HPOS="1883" VPOS="608" WIDTH="32" HEIGHT="32" WC="0.95" CONTENT="af"/><SP WIDTH="41" VPOS="608" HPOS="1915"/>
							<String ID="string_104" HPOS="1956" VPOS="611" WIDTH="155" HEIGHT="41" WC="0.95" CONTENT="stadgade"/>
						</TextLine>
						<TextLine ID="line_21" HPOS="1343" VPOS="655" WIDTH="768" HEIGHT="47">
							<String ID="string_105" HPOS="1343" VPOS="655" WIDTH="177" HEIGHT="35" WC="0.96" CONTENT="kontroller"/><SP WIDTH="40" VPOS="655" HPOS="1520"/>
							<String ID="string_106" HPOS="1560" VPOS="658" WIDTH="77" HEIGHT="32" WC="0.96" CONTENT="eller"/><SP WIDTH="42" VPOS="658" HPOS="1637"/>
							<String ID="string_107" HPOS="1679" VPOS="659" WIDTH="8" HEIGHT="32" WC="0.96" CONTENT="i"/><SP WIDTH="42" VPOS="659" HPOS="1687"/>
							<String ID="string_108" HPOS="1729" VPOS="659" WIDTH="96" HEIGHT="43" WC="0.95" CONTENT="öfrigt"/><SP WIDTH="37" VPOS="659" HPOS="1825"/>
							<String ID="string_109" HPOS="1862" VPOS="663" WIDTH="33" HEIGHT="29" WC="0.96" CONTENT="är"/><SP WIDTH="30" VPOS="663" HPOS="1895"/>
							<String ID="string_110" HPOS="1925" VPOS="663" WIDTH="32" HEIGHT="30" WC="0.93" CONTENT="af"/><SP WIDTH="27" VPOS="663" HPOS="1957"/>
							<String ID="string_111" HPOS="1984" VPOS="661" WIDTH="127" HEIGHT="33" WC="0.92" CONTENT="beskaf-"/>
						</TextLine>
						<TextLine ID="line_22" HPOS="1343" VPOS="708" WIDTH="768" HEIGHT="48">
							<String ID="string_112" HPOS="1343" VPOS="708" WIDTH="109" HEIGHT="32" WC="0.91" CONTENT="fenhet"/><SP WIDTH="28" VPOS="708" HPOS="1452"/>
							<String ID="string_113" HPOS="1480" VPOS="714" WIDTH="46" HEIGHT="27" WC="0.96" CONTENT="att"/><SP WIDTH="40" VPOS="714" HPOS="1526"/>
							<String ID="string_114" HPOS="1566" VPOS="709" WIDTH="80" HEIGHT="33" WC="0.93" CONTENT="böra"/><SP WIDTH="33" VPOS="709" HPOS="1646"/>
							<String ID="string_115" HPOS="1679" VPOS="710" WIDTH="234" HEIGHT="44" WC="0.90" CONTENT="Fullmägtiges"/><SP WIDTH="48" VPOS="710" HPOS="1913"/>
							<String ID="string_116" HPOS="1961" VPOS="715" WIDTH="150" HEIGHT="41" WC="0.80" CONTENT="pröfning"/>
						</TextLine>
						<TextLine ID="line_23" HPOS="1341" VPOS="761" WIDTH="767" HEIGHT="45">
							<String ID="string_117" HPOS="1341" VPOS="761" WIDTH="227" HEIGHT="42" WC="0.92" CONTENT="underställas,"/><SP WIDTH="42" VPOS="761" HPOS="1568"/>
							<String ID="string_118" HPOS="1610" VPOS="762" WIDTH="131" HEIGHT="33" WC="0.89" CONTENT="hvarom"/><SP WIDTH="36" VPOS="762" HPOS="1741"/>
							<String ID="string_119" HPOS="1777" VPOS="764" WIDTH="176" HEIGHT="42" WC="0.95" CONTENT="deputerad"/><SP WIDTH="31" VPOS="764" HPOS="1953"/>
							<String ID="string_120" HPOS="1984" VPOS="763" WIDTH="42" HEIGHT="34" WC="0.93" CONTENT="då"/><SP WIDTH="30" VPOS="763" HPOS="2026"/>
							<String ID="string_121" HPOS="2056" VPOS="766" WIDTH="52" HEIGHT="32" WC="0.92" CONTENT="be-"/>
						</TextLine>
						<TextLine ID="line_24" HPOS="1340" VPOS="813" WIDTH="110" HEIGHT="39">
							<String ID="string_122" HPOS="1340" VPOS="813" WIDTH="110" HEIGHT="39" WC="0.96" CONTENT="sörjer."/>
						</TextLine>
					</TextBlock>
					<TextBlock ID="block_5" HPOS="1334" VPOS="862" WIDTH="775" HEIGHT="306">
						<TextLine ID="line_25" HPOS="1441" VPOS="862" WIDTH="668" HEIGHT="44">
							<String ID="string_123" HPOS="1441" VPOS="862" WIDTH="100" HEIGHT="32" WC="0.74" CONTENT="Mom."/><SP WIDTH="44" VPOS="862" HPOS="1541"/>
							<String ID="string_124" HPOS="1585" VPOS="863" WIDTH="31" HEIGHT="31" WC="0.95" CONTENT="3."/><SP WIDTH="73" VPOS="863" HPOS="1616"/>
							<String ID="string_125" HPOS="1689" VPOS="863" WIDTH="62" HEIGHT="33" WC="0.83" CONTENT="För"/><SP WIDTH="41" VPOS="863" HPOS="1751"/>
							<String ID="string_126" HPOS="1792" VPOS="864" WIDTH="85" HEIGHT="42" WC="0.96" CONTENT="chef,"/><SP WIDTH="43" VPOS="864" HPOS="1877"/>
							<String ID="string_127" HPOS="1920" VPOS="865" WIDTH="189" HEIGHT="36" WC="0.95" CONTENT="biträdande"/>
						</TextLine>
						<TextLine ID="line_26" HPOS="1339" VPOS="913" WIDTH="768" HEIGHT="47">
							<String ID="string_128" HPOS="1339" VPOS="913" WIDTH="224" HEIGHT="34" WC="0.96" CONTENT="kommissarie"/><SP WIDTH="30" VPOS="913" HPOS="1563"/>
							<String ID="string_129" HPOS="1593" VPOS="915" WIDTH="77" HEIGHT="32" WC="0.96" CONTENT="eller"/><SP WIDTH="20" VPOS="915" HPOS="1670"/>
							<String ID="string_130" HPOS="1690" VPOS="926" WIDTH="108" HEIGHT="22" WC="0.93" CONTENT="annan"/><SP WIDTH="22" VPOS="926" HPOS="1798"/>
							<String ID="string_131" HPOS="1820" VPOS="919" WIDTH="203" HEIGHT="41" WC="0.91" CONTENT="tjensteman,"/><SP WIDTH="18" VPOS="919" HPOS="2023"/>
							<String ID="string_132" HPOS="2041" VPOS="930" WIDTH="66" HEIGHT="23" WC="0.96" CONTENT="som"/>
						</TextLine>
						<TextLine ID="line_27" HPOS="1338" VPOS="964" WIDTH="769" HEIGHT="46">
							<String ID="string_133" HPOS="1338" VPOS="965" WIDTH="35" HEIGHT="31" WC="0.96" CONTENT="af"/><SP WIDTH="25" VPOS="965" HPOS="1373"/>
							<String ID="string_134" HPOS="1398" VPOS="964" WIDTH="151" HEIGHT="44" WC="0.96" CONTENT="sjukdom"/><SP WIDTH="29" VPOS="964" HPOS="1549"/>
							<String ID="string_135" HPOS="1578" VPOS="966" WIDTH="80" HEIGHT="32" WC="0.96" CONTENT="eller"/><SP WIDTH="27" VPOS="966" HPOS="1658"/>
							<String ID="string_136" HPOS="1685" VPOS="974" WIDTH="99" HEIGHT="25" WC="0.96" CONTENT="annat"/><SP WIDTH="29" VPOS="974" HPOS="1784"/>
							<String ID="string_137" HPOS="1813" VPOS="968" WIDTH="74" HEIGHT="42" WC="0.95" CONTENT="laga"/><SP WIDTH="24" VPOS="968" HPOS="1887"/>
							<String ID="string_138" HPOS="1911" VPOS="968" WIDTH="105" HEIGHT="33" WC="0.93" CONTENT="förfall"/><SP WIDTH="19" VPOS="968" HPOS="2016"/>
							<String ID="string_139" HPOS="2035" VPOS="972" WIDTH="72" HEIGHT="32" WC="0.92" CONTENT="hin-"/>
						</TextLine>
						<TextLine ID="line_28" HPOS="1338" VPOS="1014" WIDTH="767" HEIGHT="48">
							<String ID="string_140" HPOS="1338" VPOS="1016" WIDTH="74" HEIGHT="32" WC="0.88" CONTENT="dras"/><SP WIDTH="28" VPOS="1016" HPOS="1412"/>
							<String ID="string_141" HPOS="1440" VPOS="1014" WIDTH="70" HEIGHT="35" WC="0.93" CONTENT="från"/><SP WIDTH="28" VPOS="1014" HPOS="1510"/>
							<String ID="string_142" HPOS="1538" VPOS="1019" WIDTH="262" HEIGHT="43" WC="0.90" CONTENT="tjenstutöfning,"/><SP WIDTH="28" VPOS="1019" HPOS="1800"/>
							<String ID="string_143" HPOS="1828" VPOS="1021" WIDTH="205" HEIGHT="34" WC="0.92" CONTENT="föranstaltar"/><SP WIDTH="17" VPOS="1021" HPOS="2033"/>
							<String ID="string_144" HPOS="2050" VPOS="1025" WIDTH="55" HEIGHT="30" WC="0.92" CONTENT="de-"/>
						</TextLine>
						<TextLine ID="line_29" HPOS="1334" VPOS="1067" WIDTH="772" HEIGHT="48">
							<String ID="string_145" HPOS="1334" VPOS="1069" WIDTH="135" HEIGHT="40" WC="0.89" CONTENT="puterad"/><SP WIDTH="57" VPOS="1069" HPOS="1469"/>
							<String ID="string_146" HPOS="1526" VPOS="1067" WIDTH="169" HEIGHT="44" WC="0.79" CONTENT="angående"/><SP WIDTH="42" VPOS="1067" HPOS="1695"/>
							<String ID="string_147" HPOS="1737" VPOS="1072" WIDTH="268" HEIGHT="43" WC="0.86" CONTENT="tjenstgöringen,"/><SP WIDTH="53" VPOS="1072" HPOS="2005"/>
							<String ID="string_148" HPOS="2058" VPOS="1077" WIDTH="48" HEIGHT="30" WC="0.90" CONTENT="in-"/>
						</TextLine>
						<TextLine ID="line_30" HPOS="1334" VPOS="1118" WIDTH="772" HEIGHT="50">
							<String ID="string_149" HPOS="1334" VPOS="1118" WIDTH="127" HEIGHT="34" WC="0.91" CONTENT="tilldess"/><SP WIDTH="35" VPOS="1118" HPOS="1461"/>
							<String ID="string_150" HPOS="1496" VPOS="1120" WIDTH="218" HEIGHT="43" WC="0.91" CONTENT="Fullmägtige"/><SP WIDTH="29" VPOS="1120" HPOS="1714"/>
							<String ID="string_151" HPOS="1743" VPOS="1122" WIDTH="141" HEIGHT="33" WC="0.96" CONTENT="vikariat"/><SP WIDTH="42" VPOS="1122" HPOS="1884"/>
							<String ID="string_152" HPOS="1926" VPOS="1128" WIDTH="180" HEIGHT="40" WC="0.96" CONTENT="upprättat."/>
						</TextLine>
					</TextBlock>
					<TextBlock ID="block_6" HPOS="1332" VPOS="1172" WIDTH="775" HEIGHT="201">
						<TextLine ID="line_31" HPOS="1435" VPOS="1172" WIDTH="672" HEIGHT="45">
							<String ID="string_153" HPOS="1435" VPOS="1172" WIDTH="99" HEIGHT="32" WC="0.95" CONTENT="Mom."/><SP WIDTH="43" VPOS="1172" HPOS="1534"/>
							<String ID="string_154" HPOS="1577" VPOS="1174" WIDTH="34" HEIGHT="32" WC="0.75" CONTENT="4,"/><SP WIDTH="35" VPOS="1174" HPOS="1611"/>
							<String ID="string_155" HPOS="1646" VPOS="1168" WIDTH="14" HEIGHT="53" WC="0.9" CONTENT="="/><SP WIDTH="20" VPOS="1168" HPOS="1660"/>
							<String ID="string_156" HPOS="1680" VPOS="1173" WIDTH="189" HEIGHT="44" WC="0.51" CONTENT="Deputerad"/><SP WIDTH="38" VPOS="1173" HPOS="1869"/>
							<String ID="string_157" HPOS="1907" VPOS="1177" WIDTH="35" HEIGHT="30" WC="0.93" CONTENT="är"/><SP WIDTH="30" VPOS="1177" HPOS="1942"/>
							<String ID="string_158" HPOS="1972" VPOS="1176" WIDTH="135" HEIGHT="35" WC="0.92" CONTENT="berätti-"/>
						</TextLine>
						<TextLine ID="line_32" HPOS="1332" VPOS="1224" WIDTH="775" HEIGHT="43">
							<String ID="string_159" HPOS="1332" VPOS="1224" WIDTH="75" HEIGHT="41" WC="0.92" CONTENT="gad,"/><SP WIDTH="42" VPOS="1224" HPOS="1407"/>
							<String ID="string_160" HPOS="1449" VPOS="1227" WIDTH="58" HEIGHT="37" WC="0.95" CONTENT="att,"/><SP WIDTH="36" VPOS="1227" HPOS="1507"/>
							<String ID="string_161" HPOS="1543" VPOS="1226" WIDTH="58" HEIGHT="30" WC="0.95" CONTENT="när"/><SP WIDTH="39" VPOS="1226" HPOS="1601"/>
							<String ID="string_162" HPOS="1640" VPOS="1234" WIDTH="68" HEIGHT="23" WC="0.96" CONTENT="som"/><SP WIDTH="48" VPOS="1234" HPOS="1708"/>
							<String ID="string_163" HPOS="1756" VPOS="1225" WIDTH="95" HEIGHT="42" WC="0.61" CONTENT="helst,"/><SP WIDTH="36" VPOS="1225" HPOS="1851"/>
							<String ID="string_164" HPOS="1887" VPOS="1228" WIDTH="145" HEIGHT="33" WC="0.93" CONTENT="anställa"/><SP WIDTH="25" VPOS="1228" HPOS="2032"/>
							<String ID="string_165" HPOS="2057" VPOS="1230" WIDTH="50" HEIGHT="32" WC="0.92" CONTENT="in-"/>
						</TextLine>
						<TextLine ID="line_33" HPOS="1336" VPOS="1275" WIDTH="770" HEIGHT="43">
							<String ID="string_166" HPOS="1336" VPOS="1275" WIDTH="171" HEIGHT="43" WC="0.91" CONTENT="ventering"/><SP WIDTH="27" VPOS="1275" HPOS="1507"/>
							<String ID="string_167" HPOS="1534" VPOS="1276" WIDTH="10" HEIGHT="33" WC="0.96" CONTENT="i"/><SP WIDTH="29" VPOS="1276" HPOS="1544"/>
							<String ID="string_168" HPOS="1573" VPOS="1286" WIDTH="37" HEIGHT="22" WC="0.96" CONTENT="en"/><SP WIDTH="30" VPOS="1286" HPOS="1610"/>
							<String ID="string_169" HPOS="1640" VPOS="1276" WIDTH="80" HEIGHT="33" WC="0.96" CONTENT="eller"/><SP WIDTH="26" VPOS="1276" HPOS="1720"/>
							<String ID="string_170" HPOS="1746" VPOS="1277" WIDTH="77" HEIGHT="33" WC="0.96" CONTENT="flera"/><SP WIDTH="19" VPOS="1277" HPOS="1823"/>
							<String ID="string_171" HPOS="1842" VPOS="1278" WIDTH="79" HEIGHT="32" WC="0.95" CONTENT="eller"/><SP WIDTH="17" VPOS="1278" HPOS="1921"/>
							<String ID="string_172" HPOS="1938" VPOS="1280" WIDTH="65" HEIGHT="31" WC="0.93" CONTENT="alla"/><SP WIDTH="15" VPOS="1280" HPOS="2003"/>
							<String ID="string_173" HPOS="2018" VPOS="1282" WIDTH="88" HEIGHT="32" WC="0.92" CONTENT="Ban-"/>
						</TextLine>
						<TextLine ID="line_34" HPOS="1332" VPOS="1325" WIDTH="773" HEIGHT="48">
							<String ID="string_174" HPOS="1332" VPOS="1325" WIDTH="81" HEIGHT="32" WC="0.96" CONTENT="kens"/><SP WIDTH="39" VPOS="1325" HPOS="1413"/>
							<String ID="string_175" HPOS="1452" VPOS="1326" WIDTH="115" HEIGHT="33" WC="0.96" CONTENT="kassor"/><SP WIDTH="39" VPOS="1326" HPOS="1567"/>
							<String ID="string_176" HPOS="1606" VPOS="1328" WIDTH="59" HEIGHT="31" WC="0.96" CONTENT="och"/><SP WIDTH="38" VPOS="1328" HPOS="1665"/>
							<String ID="string_177" HPOS="1703" VPOS="1328" WIDTH="103" HEIGHT="42" WC="0.93" CONTENT="öfriga"/><SP WIDTH="32" VPOS="1328" HPOS="1806"/>
							<String ID="string_178" HPOS="1838" VPOS="1329" WIDTH="267" HEIGHT="44" WC="0.89" CONTENT="förvaringsrum."/>
						</TextLine>
					</TextBlock>
					<TextBlock ID="block_7" HPOS="1331" VPOS="1377" WIDTH="775" HEIGHT="354">
						<TextLine ID="line_35" HPOS="1433" VPOS="1377" WIDTH="671" HEIGHT="48">
							<String ID="string_179" HPOS="1433" VPOS="1377" WIDTH="125" HEIGHT="33" WC="0.92" CONTENT="Jemför"/><SP WIDTH="28" VPOS="1377" HPOS="1558"/>
							<String ID="string_180" HPOS="1586" VPOS="1380" WIDTH="18" HEIGHT="41" WC="0.76" CONTENT="8"/><SP WIDTH="31" VPOS="1380" HPOS="1604"/>
							<String ID="string_181" HPOS="1635" VPOS="1380" WIDTH="19" HEIGHT="30" WC="0.96" CONTENT="9"/><SP WIDTH="31" VPOS="1380" HPOS="1654"/>
							<String ID="string_182" HPOS="1685" VPOS="1389" WIDTH="96" HEIGHT="23" WC="0.95" CONTENT="mom."/><SP WIDTH="27" VPOS="1389" HPOS="1781"/>
							<String ID="string_183" HPOS="1808" VPOS="1380" WIDTH="29" HEIGHT="33" WC="0.86" CONTENT="6."/><SP WIDTH="44" VPOS="1380" HPOS="1837"/>
							<String ID="string_184" HPOS="1881" VPOS="1381" WIDTH="223" HEIGHT="44" WC="0.92" CONTENT="Deputerade,"/>
						</TextLine>
						<TextLine ID="line_36" HPOS="1331" VPOS="1427" WIDTH="771" HEIGHT="44">
							<String ID="string_185" HPOS="1331" VPOS="1427" WIDTH="115" HEIGHT="33" WC="0.96" CONTENT="hvilka"/><SP WIDTH="20" VPOS="1427" HPOS="1446"/>
							<String ID="string_186" HPOS="1466" VPOS="1430" WIDTH="50" HEIGHT="41" WC="0.96" CONTENT="sig"/><SP WIDTH="18" VPOS="1430" HPOS="1516"/>
							<String ID="string_187" HPOS="1534" VPOS="1430" WIDTH="139" HEIGHT="32" WC="0.96" CONTENT="emellan"/><SP WIDTH="35" VPOS="1430" HPOS="1673"/>
							<String ID="string_188" HPOS="1708" VPOS="1431" WIDTH="121" HEIGHT="33" WC="0.96" CONTENT="fördela"/><SP WIDTH="31" VPOS="1431" HPOS="1829"/>
							<String ID="string_189" HPOS="1860" VPOS="1434" WIDTH="38" HEIGHT="31" WC="0.96" CONTENT="de"/><SP WIDTH="36" VPOS="1434" HPOS="1898"/>
							<String ID="string_190" HPOS="1934" VPOS="1434" WIDTH="71" HEIGHT="32" WC="0.92" CONTENT="dem"/><SP WIDTH="30" VPOS="1434" HPOS="2005"/>
							<String ID="string_191" HPOS="2035" VPOS="1435" WIDTH="67" HEIGHT="32" WC="0.92" CONTENT="till-"/>
						</TextLine>
						<TextLine ID="line_37" HPOS="1332" VPOS="1479" WIDTH="774" HEIGHT="50">
							<String ID="string_192" HPOS="1332" VPOS="1480" WIDTH="147" HEIGHT="32" WC="0.95" CONTENT="hörande"/><SP WIDTH="41" VPOS="1480" HPOS="1479"/>
							<String ID="string_193" HPOS="1520" VPOS="1479" WIDTH="159" HEIGHT="43" WC="0.95" CONTENT="göromål,"/><SP WIDTH="43" VPOS="1479" HPOS="1679"/>
							<String ID="string_194" HPOS="1722" VPOS="1480" WIDTH="107" HEIGHT="34" WC="0.96" CONTENT="såsom"/><SP WIDTH="32" VPOS="1480" HPOS="1829"/>
							<String ID="string_195" HPOS="1861" VPOS="1484" WIDTH="72" HEIGHT="32" WC="0.93" CONTENT="dem"/><SP WIDTH="43" VPOS="1484" HPOS="1933"/>
							<String ID="string_196" HPOS="1976" VPOS="1485" WIDTH="130" HEIGHT="44" WC="0.84" CONTENT="lämpli-"/>
						</TextLine>
						<TextLine ID="line_38" HPOS="1332" VPOS="1532" WIDTH="772" HEIGHT="46">
							<String ID="string_197" HPOS="1332" VPOS="1535" WIDTH="74" HEIGHT="37" WC="0.96" CONTENT="gast"/><SP WIDTH="27" VPOS="1535" HPOS="1406"/>
							<String ID="string_198" HPOS="1433" VPOS="1542" WIDTH="109" HEIGHT="31" WC="0.96" CONTENT="synes,"/><SP WIDTH="30" VPOS="1542" HPOS="1542"/>
							<String ID="string_199" HPOS="1572" VPOS="1532" WIDTH="106" HEIGHT="42" WC="0.96" CONTENT="skola,"/><SP WIDTH="43" VPOS="1532" HPOS="1678"/>
							<String ID="string_200" HPOS="1721" VPOS="1534" WIDTH="55" HEIGHT="32" WC="0.95" CONTENT="vid"/><SP WIDTH="40" VPOS="1534" HPOS="1776"/>
							<String ID="string_201" HPOS="1816" VPOS="1534" WIDTH="113" HEIGHT="44" WC="0.95" CONTENT="hvarje"/><SP WIDTH="34" VPOS="1534" HPOS="1929"/>
							<String ID="string_202" HPOS="1963" VPOS="1537" WIDTH="141" HEIGHT="40" WC="0.92" CONTENT="tillfälle,"/>
						</TextLine>
						<TextLine ID="line_39" HPOS="1334" VPOS="1579" WIDTH="771" HEIGHT="49">
							<String ID="string_203" HPOS="1334" VPOS="1579" WIDTH="41" HEIGHT="35" WC="0.93" CONTENT="då"/><SP WIDTH="28" VPOS="1579" HPOS="1375"/>
							<String ID="string_204" HPOS="1403" VPOS="1582" WIDTH="216" HEIGHT="44" WC="0.92" CONTENT="Fullmägtige"/><SP WIDTH="23" VPOS="1582" HPOS="1619"/>
							<String ID="string_205" HPOS="1642" VPOS="1587" WIDTH="253" HEIGHT="41" WC="0.96" CONTENT="sammanträda,"/><SP WIDTH="18" VPOS="1587" HPOS="1895"/>
							<String ID="string_206" HPOS="1913" VPOS="1587" WIDTH="49" HEIGHT="32" WC="0.96" CONTENT="för"/><SP WIDTH="23" VPOS="1587" HPOS="1962"/>
							<String ID="string_207" HPOS="1985" VPOS="1589" WIDTH="39" HEIGHT="31" WC="0.93" CONTENT="de"/><SP WIDTH="20" VPOS="1589" HPOS="2024"/>
							<String ID="string_208" HPOS="2044" VPOS="1599" WIDTH="61" HEIGHT="22" WC="0.93" CONTENT="un-"/>
						</TextLine>
						<TextLine ID="line_40" HPOS="1334" VPOS="1633" WIDTH="771" HEIGHT="47">
							<String ID="string_209" HPOS="1334" VPOS="1634" WIDTH="57" HEIGHT="31" WC="0.96" CONTENT="der"/><SP WIDTH="16" VPOS="1634" HPOS="1391"/>
							<String ID="string_210" HPOS="1407" VPOS="1634" WIDTH="89" HEIGHT="32" WC="0.95" CONTENT="tiden"/><SP WIDTH="29" VPOS="1634" HPOS="1496"/>
							<String ID="string_211" HPOS="1525" VPOS="1633" WIDTH="70" HEIGHT="35" WC="0.96" CONTENT="från"/><SP WIDTH="31" VPOS="1633" HPOS="1595"/>
							<String ID="string_212" HPOS="1626" VPOS="1634" WIDTH="196" HEIGHT="46" WC="0.93" CONTENT="föregående"/><SP WIDTH="28" VPOS="1634" HPOS="1822"/>
							<String ID="string_213" HPOS="1850" VPOS="1640" WIDTH="255" HEIGHT="32" WC="0.56" CONTENT="sammankumst"/>
						</TextLine>
						<TextLine ID="line_41" HPOS="1334" VPOS="1684" WIDTH="619" HEIGHT="47">
							<String ID="string_214" HPOS="1334" VPOS="1684" WIDTH="152" HEIGHT="43" WC="0.91" CONTENT="besörjda"/><SP WIDTH="29" VPOS="1684" HPOS="1486"/>
							<String ID="string_215" HPOS="1515" VPOS="1686" WIDTH="243" HEIGHT="34" WC="0.92" CONTENT="vexelärenden"/><SP WIDTH="27" VPOS="1686" HPOS="1758"/>
							<String ID="string_216" HPOS="1785" VPOS="1690" WIDTH="168" HEIGHT="41" WC="0.96" CONTENT="redogöra."/>
						</TextLine>
					</TextBlock>
					<TextBlock ID="block_8" HPOS="1333" VPOS="1733" WIDTH="770" HEIGHT="153">
						<TextLine ID="line_42" HPOS="1434" VPOS="1733" WIDTH="669" HEIGHT="49">
							<String ID="string_217" HPOS="1434" VPOS="1733" WIDTH="99" HEIGHT="37" WC="0.96" CONTENT="Såväl"/><SP WIDTH="28" VPOS="1733" HPOS="1533"/>
							<String ID="string_218" HPOS="1561" VPOS="1739" WIDTH="209" HEIGHT="43" WC="0.96" CONTENT="deputerade,"/><SP WIDTH="36" VPOS="1739" HPOS="1770"/>
							<String ID="string_219" HPOS="1806" VPOS="1750" WIDTH="68" HEIGHT="23" WC="0.96" CONTENT="som"/><SP WIDTH="29" VPOS="1750" HPOS="1874"/>
							<String ID="string_220" HPOS="1903" VPOS="1740" WIDTH="162" HEIGHT="34" WC="0.96" CONTENT="ombuden"/><SP WIDTH="30" VPOS="1740" HPOS="2065"/>
							<String ID="string_221" HPOS="2095" VPOS="1744" WIDTH="8" HEIGHT="31" WC="0.96" CONTENT="i"/>
						</TextLine>
						<TextLine ID="line_43" HPOS="1333" VPOS="1787" WIDTH="769" HEIGHT="48">
							<String ID="string_222" HPOS="1333" VPOS="1787" WIDTH="168" HEIGHT="44" WC="0.96" CONTENT="Göteborg"/><SP WIDTH="27" VPOS="1787" HPOS="1501"/>
							<String ID="string_223" HPOS="1528" VPOS="1790" WIDTH="61" HEIGHT="33" WC="0.96" CONTENT="och"/><SP WIDTH="41" VPOS="1790" HPOS="1589"/>
							<String ID="string_224" HPOS="1630" VPOS="1790" WIDTH="130" HEIGHT="41" WC="0.92" CONTENT="Malmö,"/><SP WIDTH="46" VPOS="1790" HPOS="1760"/>
							<String ID="string_225" HPOS="1806" VPOS="1800" WIDTH="58" HEIGHT="34" WC="0.92" CONTENT="ega"/><SP WIDTH="31" VPOS="1800" HPOS="1864"/>
							<String ID="string_226" HPOS="1895" VPOS="1796" WIDTH="119" HEIGHT="39" WC="0.96" CONTENT="antaga"/><SP WIDTH="28" VPOS="1796" HPOS="2014"/>
							<String ID="string_227" HPOS="2042" VPOS="1794" WIDTH="60" HEIGHT="32" WC="0.96" CONTENT="och"/>
						</TextLine>
						<TextLine ID="line_44" HPOS="1333" VPOS="1839" WIDTH="732" HEIGHT="47">
							<String ID="string_228" HPOS="1333" VPOS="1839" WIDTH="165" HEIGHT="44" WC="0.91" CONTENT="entlediga"/><SP WIDTH="27" VPOS="1839" HPOS="1498"/>
							<String ID="string_229" HPOS="1525" VPOS="1842" WIDTH="115" HEIGHT="42" WC="0.93" CONTENT="nödigt"/><SP WIDTH="28" VPOS="1842" HPOS="1640"/>
							<String ID="string_230" HPOS="1668" VPOS="1841" WIDTH="126" HEIGHT="34" WC="0.96" CONTENT="biträde"/><SP WIDTH="28" VPOS="1841" HPOS="1794"/>
							<String ID="string_231" HPOS="1822" VPOS="1844" WIDTH="10" HEIGHT="32" WC="0.92" CONTENT="i"/><SP WIDTH="31" VPOS="1844" HPOS="1832"/>
							<String ID="string_232" HPOS="1863" VPOS="1841" WIDTH="202" HEIGHT="45" WC="0.91" CONTENT="göromålen."/>
						</TextLine>
					</TextBlock>
				</ComposedBlock>
				<ComposedBlock ID="cblock_3" HPOS="516" VPOS="1922" WIDTH="1585" HEIGHT="101">
					<TextBlock ID="block_9" HPOS="516" VPOS="1922" WIDTH="1585" HEIGHT="101">
						<TextLine ID="line_45" HPOS="649" VPOS="1922" WIDTH="1452" HEIGHT="48">
							<String ID="string_233" HPOS="649" VPOS="1922" WIDTH="15" HEIGHT="31" WC="0.90" CONTENT="I"/><SP WIDTH="27" VPOS="1922" HPOS="664"/>
							<String ID="string_234" HPOS="691" VPOS="1924" WIDTH="17" HEIGHT="40" WC="0.91" CONTENT="$"/><SP WIDTH="31" VPOS="1924" HPOS="708"/>
							<String ID="string_235" HPOS="739" VPOS="1922" WIDTH="45" HEIGHT="32" WC="0.96" CONTENT="96"/><SP WIDTH="24" VPOS="1922" HPOS="784"/>
							<String ID="string_236" HPOS="808" VPOS="1924" WIDTH="160" HEIGHT="32" WC="0.96" CONTENT="erfordras"/><SP WIDTH="28" VPOS="1924" HPOS="968"/>
							<String ID="string_237" HPOS="996" VPOS="1926" WIDTH="97" HEIGHT="41" WC="0.96" CONTENT="ingen"/><SP WIDTH="28" VPOS="1926" HPOS="1093"/>
							<String ID="string_238" HPOS="1121" VPOS="1936" WIDTH="107" HEIGHT="22" WC="0.96" CONTENT="annan"/><SP WIDTH="25" VPOS="1936" HPOS="1228"/>
							<String ID="string_239" HPOS="1253" VPOS="1927" WIDTH="146" HEIGHT="40" WC="0.96" CONTENT="ändring,"/><SP WIDTH="29" VPOS="1927" HPOS="1399"/>
							<String ID="string_240" HPOS="1428" VPOS="1927" WIDTH="40" HEIGHT="31" WC="0.96" CONTENT="än"/><SP WIDTH="29" VPOS="1927" HPOS="1468"/>
							<String ID="string_241" HPOS="1497" VPOS="1931" WIDTH="46" HEIGHT="28" WC="0.96" CONTENT="att"/><SP WIDTH="27" VPOS="1931" HPOS="1543"/>
							<String ID="string_242" HPOS="1570" VPOS="1929" WIDTH="40" HEIGHT="30" WC="0.97" CONTENT="de"/><SP WIDTH="28" VPOS="1929" HPOS="1610"/>
							<String ID="string_243" HPOS="1638" VPOS="1925" WIDTH="42" HEIGHT="45" WC="0.96" CONTENT="på"/><SP WIDTH="34" VPOS="1925" HPOS="1680"/>
							<String ID="string_244" HPOS="1714" VPOS="1931" WIDTH="46" HEIGHT="29" WC="0.95" CONTENT="ett"/><SP WIDTH="39" VPOS="1931" HPOS="1760"/>
							<String ID="string_245" HPOS="1799" VPOS="1930" WIDTH="94" HEIGHT="32" WC="0.96" CONTENT="ställe"/><SP WIDTH="33" VPOS="1930" HPOS="1893"/>
							<String ID="string_246" HPOS="1926" VPOS="1931" WIDTH="4" HEIGHT="31" WC="0.96" CONTENT="i"/><SP WIDTH="29" VPOS="1931" HPOS="1930"/>
							<String ID="string_247" HPOS="1959" VPOS="1940" WIDTH="96" HEIGHT="23" WC="0.93" CONTENT="mom."/><SP WIDTH="27" VPOS="1940" HPOS="2055"/>
							<String ID="string_248" HPOS="2082" VPOS="1932" WIDTH="19" HEIGHT="29" WC="0.96" CONTENT="2"/>
						</TextLine>
						<TextLine ID="line_46" HPOS="516" VPOS="1971" WIDTH="1298" HEIGHT="52">
							<String ID="string_249" HPOS="516" VPOS="1971" WIDTH="263" HEIGHT="35" WC="0.96" CONTENT="förekommande"/><SP WIDTH="26" VPOS="1971" HPOS="779"/>
							<String ID="string_250" HPOS="805" VPOS="1975" WIDTH="172" HEIGHT="43" WC="0.93" CONTENT="uttrycken"/><SP WIDTH="36" VPOS="1975" HPOS="977"/>
							<String ID="string_251" HPOS="1013" VPOS="1977" WIDTH="136" HEIGHT="33" WC="0.92" CONTENT="»Rikets"/><SP WIDTH="33" VPOS="1977" HPOS="1149"/>
							<String ID="string_252" HPOS="1182" VPOS="1976" WIDTH="137" HEIGHT="36" WC="0.92" CONTENT="Ständer"/><SP WIDTH="29" VPOS="1976" HPOS="1319"/>
							<String ID="string_253" HPOS="1348" VPOS="1976" WIDTH="79" HEIGHT="34" WC="0.96" CONTENT="eller"/><SP WIDTH="27" VPOS="1976" HPOS="1427"/>
							<String ID="string_254" HPOS="1454" VPOS="1978" WIDTH="94" HEIGHT="33" WC="0.93" CONTENT="deras"/><SP WIDTH="29" VPOS="1978" HPOS="1548"/>
							<String ID="string_255" HPOS="1577" VPOS="1979" WIDTH="237" HEIGHT="44" WC="0.92" CONTENT="Fullmägtige»"/>
						</TextLine>
					</TextBlock>
				</ComposedBlock>
				<ComposedBlock ID="cblock_4" HPOS="519" VPOS="2071" WIDTH="1581" HEIGHT="216">
					<TextBlock ID="block_10" HPOS="519" VPOS="2071" WIDTH="1581" HEIGHT="216">
						<TextLine ID="line_47" HPOS="1269" VPOS="2071" WIDTH="79" HEIGHT="42">
							<String ID="string_256" HPOS="1269" VPOS="2071" WIDTH="79" HEIGHT="42" WC="0.87" CONTENT="3:0)."/>
						</TextLine>
						<TextLine ID="line_48" HPOS="914" VPOS="2134" WIDTH="973" HEIGHT="51">
							<String ID="string_257" HPOS="914" VPOS="2134" WIDTH="131" HEIGHT="43" WC="0.91" CONTENT="utbytas"/><SP WIDTH="27" VPOS="2134" HPOS="1045"/>
							<String ID="string_258" HPOS="1072" VPOS="2142" WIDTH="66" HEIGHT="27" WC="0.93" CONTENT="mot"/><SP WIDTH="31" VPOS="2142" HPOS="1138"/>
							<String ID="string_259" HPOS="1169" VPOS="2138" WIDTH="212" HEIGHT="43" WC="0.92" CONTENT="»Riksdagen"/><SP WIDTH="29" VPOS="2138" HPOS="1381"/>
							<String ID="string_260" HPOS="1410" VPOS="2139" WIDTH="79" HEIGHT="33" WC="0.93" CONTENT="eller"/><SP WIDTH="26" VPOS="2139" HPOS="1489"/>
							<String ID="string_261" HPOS="1515" VPOS="2140" WIDTH="372" HEIGHT="45" WC="0.92" CONTENT="Banko-fullmägtige»."/>
						</TextLine>
						<TextLine ID="line_49" HPOS="652" VPOS="2181" WIDTH="1448" HEIGHT="57">
							<String ID="string_262" HPOS="652" VPOS="2181" WIDTH="114" HEIGHT="36" WC="0.95" CONTENT="Såsom"/><SP WIDTH="46" VPOS="2181" HPOS="766"/>
							<String ID="string_263" HPOS="812" VPOS="2187" WIDTH="98" HEIGHT="31" WC="0.95" CONTENT="redan"/><SP WIDTH="44" VPOS="2187" HPOS="910"/>
							<String ID="string_264" HPOS="954" VPOS="2188" WIDTH="35" HEIGHT="31" WC="0.93" CONTENT="är"/><SP WIDTH="29" VPOS="2188" HPOS="989"/>
							<String ID="string_265" HPOS="1018" VPOS="2189" WIDTH="216" HEIGHT="41" WC="0.91" CONTENT="omförmäldt,"/><SP WIDTH="38" VPOS="2189" HPOS="1234"/>
							<String ID="string_266" HPOS="1272" VPOS="2190" WIDTH="106" HEIGHT="41" WC="0.96" CONTENT="hafva,"/><SP WIDTH="31" VPOS="2190" HPOS="1378"/>
							<String ID="string_267" HPOS="1409" VPOS="2192" WIDTH="47" HEIGHT="32" WC="0.96" CONTENT="uti"/><SP WIDTH="28" VPOS="2192" HPOS="1456"/>
							<String ID="string_268" HPOS="1484" VPOS="2191" WIDTH="155" HEIGHT="34" WC="0.96" CONTENT="särskildt"/><SP WIDTH="27" VPOS="2191" HPOS="1639"/>
							<String ID="string_269" HPOS="1666" VPOS="2194" WIDTH="179" HEIGHT="42" WC="0.93" CONTENT="memorial,"/><SP WIDTH="28" VPOS="2194" HPOS="1845"/>
							<String ID="string_270" HPOS="1873" VPOS="2195" WIDTH="227" HEIGHT="43" WC="0.92" CONTENT="Fullmägtige,"/>
						</TextLine>
						<TextLine ID="line_50" HPOS="519" VPOS="2234" WIDTH="1581" HEIGHT="53">
							<String ID="string_271" HPOS="519" VPOS="2234" WIDTH="79" HEIGHT="32" WC="0.96" CONTENT="efter"/><SP WIDTH="28" VPOS="2234" HPOS="598"/>
							<String ID="string_272" HPOS="626" VPOS="2235" WIDTH="53" HEIGHT="32" WC="0.96" CONTENT="det"/><SP WIDTH="27" VPOS="2235" HPOS="679"/>
							<String ID="string_273" HPOS="706" VPOS="2237" WIDTH="39" HEIGHT="32" WC="0.96" CONTENT="de"/><SP WIDTH="28" VPOS="2237" HPOS="745"/>
							<String ID="string_274" HPOS="773" VPOS="2237" WIDTH="47" HEIGHT="32" WC="0.96" CONTENT="för"/><SP WIDTH="26" VPOS="2237" HPOS="820"/>
							<String ID="string_275" HPOS="846" VPOS="2238" WIDTH="51" HEIGHT="32" WC="0.96" CONTENT="sin"/><SP WIDTH="29" VPOS="2238" HPOS="897"/>
							<String ID="string_276" HPOS="926" VPOS="2238" WIDTH="52" HEIGHT="33" WC="0.96" CONTENT="del"/><SP WIDTH="31" VPOS="2238" HPOS="978"/>
							<String ID="string_277" HPOS="1009" VPOS="2239" WIDTH="139" HEIGHT="42" WC="0.96" CONTENT="vidtagit"/><SP WIDTH="28" VPOS="2239" HPOS="1148"/>
							<String ID="string_278" HPOS="1176" VPOS="2240" WIDTH="65" HEIGHT="32" WC="0.96" CONTENT="alla"/><SP WIDTH="27" VPOS="2240" HPOS="1241"/>
							<String ID="string_279" HPOS="1268" VPOS="2242" WIDTH="120" HEIGHT="41" WC="0.96" CONTENT="nödiga"/><SP WIDTH="28" VPOS="2242" HPOS="1388"/>
							<String ID="string_280" HPOS="1416" VPOS="2244" WIDTH="144" HEIGHT="32" WC="0.96" CONTENT="ansedda"/><SP WIDTH="28" VPOS="2244" HPOS="1560"/>
							<String ID="string_281" HPOS="1588" VPOS="2244" WIDTH="223" HEIGHT="43" WC="0.96" CONTENT="förändringar"/><SP WIDTH="28" VPOS="2244" HPOS="1811"/>
							<String ID="string_282" HPOS="1839" VPOS="2247" WIDTH="8" HEIGHT="31" WC="0.96" CONTENT="i"/><SP WIDTH="22" VPOS="2247" HPOS="1847"/>
							<String ID="string_283" HPOS="1869" VPOS="2248" WIDTH="38" HEIGHT="30" WC="0.96" CONTENT="de"/><SP WIDTH="16" VPOS="2248" HPOS="1907"/>
							<String ID="string_284" HPOS="1923" VPOS="2247" WIDTH="31" HEIGHT="32" WC="0.93" CONTENT="af"/><SP WIDTH="13" VPOS="2247" HPOS="1954"/>
							<String ID="string_285" HPOS="1967" VPOS="2247" WIDTH="133" HEIGHT="34" WC="0.91" CONTENT="Banko-"/>
						</TextLine>
					</TextBlock>
				</ComposedBlock>
			</PrintSpace>
		</Page>
	</Layout>
</alto>
