1858 2784
355 174 297 35 Statsutskottets
669 172 186 35 utlåtande
874 184 40 21 nr
930 173 67 38 142
1015 172 39 32 år
1071 173 89 31 1956
1536 171 20 29 5

339 307 313 43 Stockholms
680 304 273 53 högskolas
983 302 301 52 omfattning

113 400 222 34 Stockholms
360 399 170 43 högskola
555 397 171 35 omfattar
750 417 46 5 —
821 395 155 35 förutom
1003 407 43 21 en
1073 394 130 33 allmän
1230 391 189 43 avdelning
1442 412 46 4 —
1512 403 43 21 en

68 451 607 43 matematisk-naturvetenskaplig,
689 463 42 21 en
746 454 105 30 stats-
865 449 66 34 och
945 446 338 43 rättsvetenskaplig
1296 445 66 35 och
1375 457 43 22 en
1433 445 123 33 huma-

67 507 126 35 nistisk
218 507 198 43 avdelning.
451 507 130 42 Någon
605 504 256 43 motsvarighet
885 503 53 34 till
963 502 44 34 de
1032 501 193 43 teologiska
1250 500 65 34 och
1340 498 218 35 medicinska

69 562 239 34 fakulteterna
327 561 60 34 vid
406 559 253 36 universiteten
679 559 11 34 i
709 558 159 43 Uppsala
888 556 66 35 och
973 555 106 35 Lund
1099 555 112 33 finnes
1232 553 149 35 sålunda
1400 552 76 34 icke
1497 551 60 34 vid

69 615 224 35 Stockholms
309 614 180 43 högskola.

114 668 121 43 Enligt
252 668 174 34 statistisk
443 667 129 34 årsbok
590 669 87 31 1955
693 664 163 44 utgjorde
874 663 135 35 antalet
1027 660 212 36 studerande
1257 660 60 34 vid
1334 658 223 35 Stockholms

69 722 168 43 högskola
252 722 126 34 hösten
393 724 87 31 1954
508 723 113 31 3590.
646 718 68 36 Vid
730 719 117 33 denna
860 716 172 43 tidpunkt
1047 714 154 44 uppgick
1216 714 61 33 det
1292 711 266 42 sammanlagda

70 776 135 35 antalet
227 774 212 35 studerande
460 775 97 33 inom
579 773 43 34 de
642 772 173 43 juridiska
836 771 66 34 och
924 769 196 35 filosofiska
1139 768 240 34 fakulteterna
1400 765 61 34 vid
1483 764 75 34 uni-

72 830 182 34 versitetet
274 829 11 33 i
304 829 159 43 Uppsala
481 828 53 33 till
554 831 20 30 4
591 830 64 31 175
676 826 66 34 och
762 825 60 34 vid
843 823 244 35 universitetet
1108 822 11 33 i
1138 820 104 35 Lund
1263 820 51 34 till
1337 824 19 29 3
1373 822 76 31 159.

115 884 18 34 I
156 884 68 34 den
246 896 46 21 av
313 882 132 43 Kungl.
466 881 113 42 Maj:t
601 880 55 35 för
676 879 211 43 budgetåret
912 876 156 43 1955/56
1092 874 202 35 fastställda
1315 872 245 35 huvudstaten

71 937 55 34 för
143 937 223 34 Stockholms
384 935 170 43 högskola
572 935 202 34 balanserar
792 931 146 43 utgifter
957 930 66 34 och
1042 929 194 34 inkomster
1255 928 21 33 å
1294 931 53 29 ett
1367 926 128 42 belopp
1515 936 46 21 av

72 995 21 30 8
107 994 65 31 686
187 994 66 31 900
271 991 139 33 kronor.
439 988 123 35 Under
580 987 212 43 budgetåret
811 984 156 44 1949/50
985 1004 47 5 —
1049 983 61 34 det
1128 982 112 34 första
1257 980 175 42 budgetår
1450 977 112 35 under

72 1044 111 35 vilket
197 1057 48 21 nu
261 1043 161 44 gällande
438 1043 98 34 avtal
552 1054 59 22 om
627 1040 211 43 högskolans
854 1036 228 43 finansiering
1098 1034 222 43 tillämpades
1336 1054 46 4 —
1397 1031 164 43 utgjorde

72 1098 251 34 motsvarande
342 1097 126 42 belopp
489 1100 19 30 3
523 1099 66 30 306
605 1099 66 30 000
690 1094 139 34 kronor.
849 1093 56 33 Av
924 1091 158 43 följande
1101 1090 11 33 i
1131 1088 263 44 propositionen
1415 1086 146 41 intagna

74 1151 329 42 sammanställning
420 1150 154 42 framgår
593 1149 42 34 de
654 1148 11 34 i
682 1146 245 36 huvudstaten
945 1144 54 35 för
1017 1143 212 42 budgetåret
1249 1140 156 43 1955/56
1425 1138 66 34 och
1509 1137 54 34 för

73 1205 211 44 budgetåret
305 1204 156 44 1949/50
482 1208 185 38 upptagna
686 1200 141 44 utgifts-
847 1200 65 33 och
932 1198 342 42 inkomstposternas
1294 1193 141 35 storlek.

743 1311 153 43 Utgifter

1232 1334 134 32 Budgetår

1100 1375 114 29 1955/56
1405 1373 113 28 1949/50

74 1431 31 31 1.
141 1426 227 43 Avlöningar,
386 1425 203 43 förslagsvis
615 1448 392 10 ....s-s-s-=-esesr
944 1421 66 52 000
1062 1423 20 30 4
1098 1423 66 31 9530
1177 1423 66 30 000
1382 1421 20 30 2
1419 1421 64 30 190
1497 1420 67 30 000

73 1476 32 30 2.
141 1471 271 39 Omkostnader,
431 1469 204 43 förslagsvis
661 1493 347 9 .....s.ssse-
910 1465 37 52 re
956 1465 27 52 s>
995 1465 17 52 >
1098 1468 66 30 788
1178 1467 65 30 900
1416 1465 67 30 433
1497 1464 67 30 000

73 1521 32 30 3.
141 1516 165 34 Materiel
329 1528 47 21 m.
399 1528 48 21 i.
478 1538 530 10 ....sssscsrer
774 1512 81 48 rote
864 1512 36 48 re
912 1512 99 48 serna
1098 1512 65 31 760
1178 1511 65 31 000
1417 1509 65 31 336
1498 1509 66 30 000

73 1565 33 30 4.
141 1559 360 45 Engångskostnader
514 1559 55 34 för
583 1555 388 42 materielanskaffning
1098 1557 66 30 200
1179 1556 65 30 000
1439 1554 45 29 40
1499 1553 66 30 000

74 1610 31 30 5.
140 1604 360 44 Engångskostnader
520 1603 55 34 för
595 1601 346 45 byggnadsarbeten.
958 1627 52 6 ...
1067 1601 98 31 1585
1180 1600 65 31 000
1520 1614 46 4 —

74 1655 32 30 6.
141 1650 132 43 Bidrag
293 1650 53 34 till
368 1650 93 33 vissa
482 1647 242 36 institutioner
752 1672 257 8 ...........-
1100 1646 64 31 143
1179 1645 65 31 000
1419 1642 65 31 147
1499 1641 66 31 000

74 1699 32 31 7.
141 1695 190 34 Pensioner
356 1695 65 33 och
446 1693 183 40 livräntor,
655 1691 203 43 förslagsvis
889 1716 121 8 ......
1099 1691 66 30 260
1179 1690 67 30 000
1420 1687 65 30 160
1500 1686 65 30 000

723 1754 147 35 Summa
887 1753 130 34 kronor
1065 1754 20 30 8
1100 1754 64 30 686
1179 1753 66 30 900
1385 1751 19 30 3
1419 1750 65 31 306
1500 1749 66 30 000

723 1857 202 34 Inkomster

79 1932 30 30 1.
144 1926 225 43 Avkastning
388 1926 78 34 från
487 1925 211 43 högskolans
718 1923 125 35 fonder
869 1949 142 7 .......
1101 1924 66 30 490
1182 1924 65 30 000
1421 1922 66 30 560
1501 1922 67 30 000

76 1976 32 31 2.
143 1971 163 44 Avgifter
325 1971 78 34 från
425 1971 42 33 de
489 1969 213 35 studerande
731 1994 280 8 ............-
1102 1969 64 30 190
1181 1968 66 30 000
1420 1967 66 30 395
1501 1966 66 30 000

76 2021 32 29 3.
144 2017 118 42 Hyror
285 2017 66 33 och
374 2015 170 34 arrenden
574 2038 438 10 ......s.sssocsere
917 2011 98 52 terra
1125 2013 43 31 30
1182 2013 66 30 600
1444 2011 43 30 25
1502 2010 66 31 500

75 2065 34 30 4.
144 2061 132 43 Bidrag
295 2060 78 34 från
393 2060 130 34 enskilt
543 2059 70 34 håll
642 2083 370 9 ............-.-.-+.+
1125 2058 42 31 35
1182 2058 66 30 600
1443 2055 45 30 48
1502 2055 65 30 200

77 2110 31 29 5.
144 2105 148 34 Diverse
321 2106 195 33 inkomster
552 2128 461 10 ...........ssreoe
936 2100 81 51 resa
1148 2103 20 29 2
1182 2102 66 30 700
1466 2100 21 29 4
1502 2099 66 30 800

78 2154 31 30 6.
144 2150 132 43 Bidrag
298 2149 78 35 från
399 2149 224 34 Stockholms
646 2148 79 33 stad
756 2173 256 7 .........---
1070 2148 15 29 1
1102 2147 66 30 200
1183 2147 67 29 000
1422 2144 66 31 700
1503 2144 66 29 000

78 2199 31 29 7.
145 2195 132 42 Bidrag
299 2194 78 34 från
402 2198 119 29 staten
553 2217 460 9 ..........ssssess
915 2189 53 52 ses
980 2189 37 52 >>
1069 2192 19 30 6
1103 2192 66 30 738
1184 2191 65 30 000
1390 2188 98 31 1572
1504 2188 65 30 5300

727 2254 146 34 Summa
892 2253 130 33 kronor
1069 2255 20 29 38
1104 2254 64 30 686
1184 2253 65 30 900
1389 2252 20 30 3
1424 2251 64 30 306
1504 2250 66 30 000

128 2340 54 33 De
205 2339 147 33 sålunda
375 2338 162 33 lämnade
559 2337 164 33 siffrorna
744 2347 59 31 ger
824 2335 108 41 enligt
954 2324 360 51 utredningsmannen
1338 2342 43 21 en
1405 2330 69 33 viss
1498 2329 72 33 bild

83 2406 45 21 av
145 2394 42 33 de
203 2392 113 34 ökade
333 2403 161 27 resurser,
512 2403 75 21 som
604 2390 89 33 efter
708 2388 242 43 nyssnämnda
967 2386 115 34 avtals
1100 2385 169 43 ingående
1287 2384 115 33 ställts
1419 2383 52 33 till
1489 2382 83 42 hög-

82 2447 140 33 skolans
245 2444 217 43 förfogande.
486 2444 13 32 I
527 2442 204 42 anslutning
753 2441 116 34 härtill
895 2439 202 34 framhåller
1120 2438 372 41 utredningsmannen,
1516 2439 55 29 att

84 2499 162 34 siffrorna
270 2498 53 33 för
346 2498 209 41 budgetåret
581 2496 154 42 19355/56
759 2494 90 34 dock
874 2498 111 29 måste
1009 2505 52 22 ses
1085 2497 75 29 mot
1184 2491 229 43 bakgrunden
1436 2502 45 22 av
1505 2490 66 33 den
