1883 2838
348 191 188 32 Allmänna
558 193 397 41 beredningsutskottets
978 196 178 31 utlåtande
1176 207 43 20 nr
1241 197 40 31 16
1302 197 38 31 år
1363 198 83 30 1970
1618 199 17 30 3

155 272 105 30 också
283 274 50 28 att
356 282 56 21 om
436 274 86 30 även
544 275 235 40 värnpliktiga
801 277 93 39 finge
918 287 134 20 samma
1074 278 220 39 möjligheter
1317 279 52 29 till
1392 279 246 39 vårdyrkesut-

154 316 158 41 bildning
337 318 96 30 inom
460 319 303 39 akutsjukvården
791 330 73 21 som
891 322 182 39 vapenfria
1102 323 276 40 tjänstepliktiga
1406 325 111 28 skulle
1544 324 94 30 detta

155 361 121 31 kunna
290 363 200 30 underlätta
505 374 41 20 en
562 365 91 29 ökad
668 365 217 41 rekrytering
900 367 52 29 till
968 368 114 29 denna
1096 368 189 30 vårdform.

197 406 68 30 För
284 407 67 30 den
368 408 154 30 militära
540 410 330 39 krigssjukvårdens
890 412 54 29 del
961 412 62 30 bör
1043 413 105 38 enligt
1168 413 295 39 socialstyrelsens
1483 415 154 38 uppfatt-

154 451 85 39 ning
254 461 42 20 en
313 452 198 41 utbildning
527 454 106 39 enligt
649 456 277 29 motionärernas
944 457 130 39 förslag
1091 457 120 30 kunna
1226 467 84 20 vara
1326 458 52 29 till
1396 466 87 32 gagn
1501 459 63 29 när
1581 459 57 29 det

155 496 107 38 gäller
276 496 270 40 tillgodoseende
561 508 41 20 av
616 500 157 30 utbildad
787 502 131 38 manlig
933 502 350 39 sjukvårdspersonal
1299 503 54 29 för
1369 504 110 28 första
1493 503 144 39 hjälpen

154 549 42 21 av
209 540 105 39 sjuka
327 542 65 29 och
406 542 153 30 skadade
571 544 57 29 vid
642 544 41 30 de
696 545 152 29 militära
863 546 388 39 sjukvårdsenheterna.

198 602 284 41 Socialstyrelsen
500 605 191 39 tillstyrker
709 607 276 30 motionärernas
1004 609 140 38 förslag.

195 655 490 42 Arbetsmarknadsstyrelsen
707 660 100 30 anför
827 661 43 29 bl.
885 670 29 20 a.

200 709 193 40 Styrelsens
408 711 230 31 information
655 723 57 20 om
729 715 384 30 arbetsförhållandena
1131 716 93 29 inom
1241 716 229 30 vårdsektorn
1489 717 62 29 har
1569 718 68 29 för-

156 754 132 30 stärkts
302 755 65 30 och
381 756 85 39 tagit
481 757 89 29 sikte
584 757 88 30 både
685 758 45 39 på
744 760 162 38 ungdom,
923 770 74 19 som
1014 760 71 29 står
1101 761 7 28 i
1124 761 149 39 begrepp
1289 763 49 27 att
1352 762 96 38 välja
1462 763 94 38 yrke,
1573 762 64 29 och

156 799 44 38 på
218 808 125 26 vuxna,
364 809 73 21 som
457 802 125 29 önskat
602 803 220 39 omskolning
841 805 81 28 eller
941 805 135 29 kunnat
1096 806 212 28 reaktiveras
1328 806 86 29 efter
1434 806 118 38 längre
1571 806 67 28 tids

152 843 167 31 frånvaro
338 844 81 30 från
438 846 111 39 yrket.
571 846 13 29 I
605 847 142 30 särskilt
768 849 200 29 anordnade
990 850 354 39 orienteringskurser
1365 851 54 29 för
1440 851 197 39 vårdyrken

160 887 542 45 (arbetsmarknadsutbildning)
724 900 56 31 ges
798 893 94 30 såväl
908 895 161 38 praktisk
1086 904 73 20 som
1179 895 162 29 teoretisk
1357 896 228 30 information
1602 896 34 29 åt

153 933 83 30 män
252 934 65 30 och
333 935 150 29 kvinnor
500 945 74 20 som
591 937 129 29 önskar
736 938 197 39 utbildning
948 939 95 29 inom
1059 940 240 29 vårdsektorn.
1319 940 173 40 Styrelsen
1510 941 63 29 har
1589 941 47 30 vi-

154 978 82 30 dare
252 979 78 29 sökt
345 981 182 29 motverka
543 981 66 29 den
625 983 228 29 traditionellt
870 984 155 38 ensidiga
1043 985 394 38 kvinnorekryteringen
1454 986 51 28 till
1524 986 112 28 hälso-

154 1022 64 29 och
241 1022 215 39 sjukvården
479 1032 122 31 genom
625 1028 49 27 att
696 1027 93 29 rikta
811 1028 50 37 sig
885 1028 85 29 även
992 1028 51 29 till
1067 1029 83 28 män
1172 1029 77 29 med
1273 1029 129 29 allmän
1426 1030 210 39 orientering

153 1076 56 21 om
230 1067 469 40 vårdyrkesförhållandena.
722 1072 49 28 Bl.
787 1082 27 19 a.
838 1073 62 28 har
923 1073 215 38 utryckande
1159 1074 235 39 värnpliktiga
1417 1076 86 37 getts
1528 1075 108 28 sådan

152 1111 229 32 information
406 1121 124 31 genom
556 1115 291 39 specialnummer
872 1126 42 20 av
938 1118 181 38 tidningen
1144 1118 353 30 Arbetsmarknaden.
1525 1119 111 29 Sedan

155 1156 81 29 1967
260 1157 63 29 har
345 1158 481 41 arbetsmarknadsstyrelsen
848 1162 178 29 dessutom
1048 1162 78 29 haft
1147 1163 120 38 tillsyn
1290 1163 78 29 över
1392 1163 40 29 de
1454 1164 182 38 vapenfria

153 1200 297 41 tjänstepliktigas
467 1204 197 39 utbildning
680 1205 64 29 och
759 1205 234 40 tjänstgöring
1009 1207 92 29 inom
1121 1207 253 29 vårdområdet.

197 1291 249 40 Utvecklingen
466 1301 42 21 av
527 1293 113 30 hälso-
660 1295 64 28 och
745 1295 213 39 sjukvården
978 1296 64 29 har
1061 1297 66 29 fått
1148 1297 59 29 sitt
1227 1305 144 31 gensvar
1393 1298 7 28 i
1423 1300 46 27 ett
1491 1308 144 20 numera

154 1336 86 29 stort
258 1337 95 29 antal
372 1337 154 30 sökande
543 1338 52 29 till
614 1340 357 39 grundutbildningen
990 1350 41 20 av
1049 1341 359 39 sjukvårdsbiträden.
1427 1342 137 39 Årligen
1583 1345 52 27 ut-

155 1379 112 30 bildas
283 1381 161 38 omkring
460 1382 17 29 8
493 1382 61 29 000
572 1382 348 37 sjukvårdsbiträden
937 1385 93 29 inom
1047 1386 65 29 den
1129 1386 172 29 ordinarie
1316 1387 239 38 yrkesskolan,
1573 1386 63 29 och

152 1425 130 29 antalet
307 1425 155 30 sökande
485 1427 38 28 är
546 1428 158 29 avsevärt
728 1429 110 29 större
862 1430 44 28 än
930 1430 130 29 antalet
1084 1431 213 38 elevplatser.
1322 1431 247 39 Utbildningen
1594 1441 41 20 av

152 1469 317 31 undersköterskor
491 1471 167 30 omfattar
679 1472 71 30 f.n.
774 1482 40 20 ca
838 1473 92 30 1900
954 1475 120 28 elever.
1098 1475 74 29 Den
1194 1475 87 29 brist
1304 1475 42 39 på
1371 1476 264 40 sjukvårdsper-

153 1514 107 34 sonal,
284 1523 74 21 som
380 1516 177 30 utmärkte
579 1517 110 29 större
710 1518 100 29 delen
832 1528 41 20 av
897 1519 192 34 1960-talet,
1113 1520 63 29 har
1198 1520 110 29 under
1330 1521 41 29 de
1394 1523 136 27 senaste
1552 1521 83 30 åren

152 1558 155 30 minskat
325 1559 64 30 och
406 1560 71 29 f.n.
495 1561 101 29 råder
612 1562 11 28 i
642 1563 87 28 stort
747 1565 65 27 sett
830 1563 121 29 balans
969 1565 129 28 mellan
1116 1565 144 38 tillgång
1278 1565 63 29 och
1360 1565 213 39 efterfrågan
1591 1566 44 39 på

151 1602 288 40 sjuksköterskor
461 1605 79 30 med
565 1606 321 41 grundutbildning,
912 1608 315 30 undersköterskor
1252 1610 64 29 och
1341 1610 294 38 sjukvårdsbiträ-

151 1648 76 29 den.
248 1648 71 30 Mot
338 1649 101 30 dessa
457 1650 232 31 kvantitativa
707 1652 176 39 uppgifter
904 1662 55 20 om
979 1654 66 29 den
1065 1654 101 29 civila
1186 1654 231 39 sjukvårdens
1437 1655 198 30 beräknade

151 1693 291 40 personalåtgång
455 1695 64 29 och
532 1696 363 41 personalutbildning
909 1698 88 29 skall
1012 1699 119 29 ställas
1146 1699 65 29 den
1226 1699 153 29 militära
1393 1700 239 39 utbildningen

152 1745 42 21 av
208 1737 240 38 sjukvårdare.
462 1739 200 31 Tillskottet
676 1750 41 20 av
729 1742 244 39 värnpliktiga,
989 1752 74 20 som
1078 1743 152 29 utbildas
1245 1744 51 29 till
1312 1744 230 38 sjukvårdare
1556 1745 78 29 med

155 1781 82 29 1—2
259 1782 185 30 månaders
467 1783 305 40 sjukhuspraktik,
795 1786 152 30 varierar
970 1786 104 39 något
1096 1786 38 30 år
1157 1787 79 29 från
1258 1787 38 30 år
1319 1797 79 20 men
1421 1788 97 30 torde
1541 1788 93 30 detta

152 1826 168 40 budgetår
337 1828 117 39 uppgå
470 1829 53 29 till
541 1830 128 29 mellan
687 1830 62 30 500
767 1831 65 29 och
850 1831 62 29 800
930 1841 175 30 personer.
1124 1832 66 29 Om
1208 1842 42 19 en
1268 1833 53 29 del
1341 1843 41 19 av
1399 1834 101 29 dessa
1518 1835 116 28 kunde

151 1871 207 31 intresseras
373 1873 55 29 för
443 1875 50 28 att
508 1874 118 30 arbeta
640 1875 95 29 inom
752 1876 66 29 den
833 1876 101 29 civila
950 1876 215 40 sjukvården
1181 1878 106 29 sedan
1303 1878 40 29 de
1359 1878 160 39 fullgjort
1534 1880 100 28 värn-

151 1916 144 38 plikten,
311 1917 112 30 skulle
437 1918 57 29 det
508 1919 102 29 alltså
623 1919 175 40 knappast
812 1920 45 29 ha
870 1921 114 38 någon
999 1922 165 28 numerär
1178 1922 110 29 effekt
1302 1922 44 39 på
1360 1923 273 39 rekryteringen.

151 1960 165 30 Däremot
337 1962 112 29 skulle
469 1963 57 29 det
546 1963 122 30 kunna
687 1974 83 19 vara
791 1974 42 20 av
851 1966 105 28 värde
978 1975 73 20 som
1073 1968 47 27 ett
1140 1966 122 39 bidrag
1282 1967 52 29 till
1355 1968 278 39 uppluckringen

150 2013 43 21 av
205 2005 67 30 den
285 2006 145 30 allmänt
444 2007 179 40 kvinnliga
637 2009 230 30 dominansen
880 2010 95 29 inom
988 2010 255 30 vårdområdet.

195 2049 13 30 I
230 2051 304 39 mentalsjukvård
558 2052 37 29 är
618 2053 57 29 det
698 2054 107 29 redan
827 2055 131 38 vanligt
980 2055 79 29 med
1082 2056 131 37 manlig
1234 2056 259 39 vårdpersonal.
1517 2057 116 38 Enligt

150 2094 272 41 folkräkningen
446 2096 81 30 1965
549 2097 105 30 fanns
677 2097 148 31 sålunda
846 2108 39 20 ca
906 2098 19 29 4
941 2099 61 30 700
1023 2100 153 38 manliga
1198 2109 42 20 av
1262 2101 231 39 sammanlagt
1518 2101 38 30 12
1571 2102 61 29 200

150 2139 148 29 skötare.
320 2140 245 30 Motsvarande
586 2142 121 30 siffror
728 2143 55 29 för
802 2143 160 29 biträden
983 2144 64 29 och
1068 2145 315 30 undersköterskor
1404 2146 95 29 inom
1520 2146 113 29 hälso-

150 2183 65 30 och
236 2183 215 39 sjukvården
470 2195 62 20 var
552 2186 62 30 850
636 2186 64 30 och
721 2187 39 29 57
776 2187 73 30 000.
871 2188 13 29 I
906 2189 125 39 Kungl.
1052 2189 124 39 Maj:ts
1197 2190 216 38 proposition
1434 2200 42 19 nr
1500 2191 76 30 161:
1593 2192 39 29 65

149 2227 194 36 framhålls,
367 2231 50 27 att
439 2231 303 38 mentalsjukvård
765 2232 64 29 och
851 2233 303 38 militärsjukvård
1176 2234 72 29 inte
1270 2235 133 38 intager
1425 2235 114 39 någon
1563 2236 70 29 sär-

150 2272 166 40 ställning
334 2274 64 29 och
417 2276 50 27 att
486 2275 45 29 all
550 2275 113 31 hälso-
682 2276 65 30 och
767 2276 168 40 sjukvård
955 2278 69 29 kan
1045 2278 147 39 erbjuda
1211 2279 212 29 intressanta
1441 2280 192 39 yrkesupp-

150 2317 103 37 gifter
268 2318 86 29 även
369 2319 55 29 för
439 2320 92 29 män.
548 2320 499 41 Arbetsmarknadsstyrelsen,
1066 2332 73 20 som
1156 2323 94 30 delar
1267 2324 113 29 denna
1396 2325 235 39 uppfattning,

148 2362 163 30 bedömer
330 2363 106 30 också
455 2365 181 29 resultatet
656 2375 41 20 av
717 2367 66 29 den
802 2366 399 41 vårdyrkesutbildning,
1224 2378 73 19 som
1319 2376 56 31 ges
1395 2370 93 28 vissa
1507 2380 125 29 vapen-

149 2406 68 31 fria
234 2407 288 41 tjänstepliktiga,
543 2419 73 20 som
636 2412 47 27 ett
701 2413 72 36 gott
791 2412 153 38 exempel
961 2412 120 39 härpå.
1100 2413 57 28 Ett
1177 2413 93 28 antal
1288 2414 182 38 vapenfria
1487 2414 145 38 tjänste-

148 2451 147 40 pliktiga
312 2470 44 3 —
374 2453 236 31 innevarande
629 2455 169 39 budgetår
818 2458 47 27 ett
887 2456 127 30 100-tal
1032 2475 45 2 —
1096 2457 128 39 fullgör
1246 2458 50 29 sin
1320 2459 312 38 grundutbildning

148 2505 56 20 om
223 2496 62 30 415
304 2497 107 39 dagar
429 2506 123 30 genom
571 2501 50 27 att
639 2500 136 38 deltaga
792 2501 11 28 i
822 2501 124 29 kurser
964 2501 55 30 för
1038 2502 312 39 grundutbildning
1369 2512 42 20 av
1430 2503 202 39 sjukvårds-

147 2540 171 31 biträden.
339 2543 178 29 Kurserna
537 2544 167 30 omfattar
725 2544 38 30 23
784 2545 135 35 veckor,
941 2555 105 20 varav
1068 2547 16 28 7
1106 2548 125 28 veckor
1252 2548 85 28 teori
1360 2548 63 29 och
1446 2548 38 29 16
1506 2549 125 29 veckor
