1894 2808
558 153 109 28 Andra
690 153 226 36 lagutskottets
938 153 167 28 utlåtande
1129 162 37 19 nr
1190 154 46 28 35.
1613 150 33 30 11

149 226 238 42 ningsvården,
410 226 96 32 skola
530 229 94 39 tagas
647 227 11 31 i
681 226 146 42 anspråk
850 227 92 31 inom
964 227 234 31 barnavården
1222 227 107 32 under
1353 227 295 41 övergångstiden,

149 277 104 31 innan
284 277 539 41 distriktsvårdsorganisationen
853 279 74 30 nått
959 278 54 31 sin
1044 277 86 32 fulla
1161 277 206 42 utbyggnad.
1411 277 239 42 Utredningen

150 328 209 38 förutsätter,
388 331 49 29 att
466 340 42 20 en
537 329 99 31 intim
665 329 197 32 samverkan
891 329 87 32 skall
1006 329 116 32 kunna
1149 329 133 32 komma
1312 329 53 31 till
1394 329 102 32 stånd
1526 329 124 31 mellan

149 379 399 32 distriktsbarnmorskor
570 380 62 31 och
654 380 355 32 distriktssköterskor
1031 381 92 31 inom
1146 381 93 31 detta
1261 380 180 32 arbetsfält
1463 382 44 40 på
1529 380 121 32 sådant

149 432 77 36 sätt,
243 433 49 30 att
308 430 59 32 där
383 431 359 32 distriktssköterskan
758 431 73 32 icke
848 432 201 31 medhinner
1064 431 233 32 barnavården
1314 432 92 31 inom
1423 431 61 32 sitt
1502 431 147 38 distrikt,

146 480 243 32 barnmorskan
411 481 86 31 skall
517 481 115 32 kunna
651 492 96 20 svara
768 481 54 31 för
842 481 195 32 densamma
1057 481 11 31 i
1090 481 161 42 behövlig
1263 481 243 42 utsträckning.
1528 481 121 31 Utred-

148 531 127 42 ningen
299 532 118 32 kräver
442 533 200 38 emellertid,
668 535 49 30 att
741 533 285 32 barnmorskorna
1052 533 72 32 före
1151 534 202 41 deltagande
1379 534 11 31 i
1416 533 234 32 barnavården

149 582 87 32 skall
260 585 163 39 genomgå
447 595 41 20 en
512 583 366 42 kompletteringskurs
902 585 12 31 i
938 584 199 32 barnavård.

201 637 183 31 Gentemot
410 637 245 41 utredningens
681 636 128 41 förslag
834 636 62 31 har
920 636 11 30 i
957 635 92 31 vissa
1074 635 181 41 yttranden
1282 635 139 31 uttalats
1448 634 122 32 tvekan
1597 645 53 20 om

149 688 243 42 lämpligheten
416 700 41 20 av
482 691 50 29 att
556 688 105 31 anlita
685 687 240 32 barnmorskor
950 687 11 31 i
987 698 42 21 en
1054 687 181 37 vårdform,
1263 697 73 21 som
1361 686 210 42 principiellt
1598 698 53 20 an-

150 741 87 30 setts
267 739 85 32 böra
381 750 79 21 vara
491 739 214 31 förbehållen
737 737 409 32 distriktssköterskorna.
1190 738 69 31 För
1291 748 84 30 egen
1409 737 55 32 del
1496 737 62 32 har
1589 737 58 42 jag

148 790 145 42 tidigare
319 790 227 42 uttryckligen
572 789 129 32 avvisat
727 789 66 32 den
819 789 75 31 från
919 789 292 31 barnmorskehåll
1238 788 185 32 framförda
1449 788 126 32 tanken
1601 791 50 29 att

149 841 77 31 med
253 841 173 32 anlitande
454 852 40 20 av
521 840 285 32 barnmorskorna
833 851 91 21 mera
952 843 199 39 permanent
1180 839 183 42 tillgodose
1393 840 256 41 ifrågavarande

149 891 300 43 arbetsuppgifter,
478 891 121 32 därvid
626 892 57 41 jag
710 891 138 32 särskilt
877 891 236 32 understrukit
1140 891 116 31 vikten
1285 902 40 20 av
1355 892 127 30 största
1511 891 139 41 möjliga

149 943 212 41 enhetlighet
388 943 12 31 i
430 943 57 31 det
516 942 309 42 socialhygieniska
853 942 132 32 arbetet
1015 944 57 30 ute
1100 942 13 31 i
1144 944 143 29 orterna.
1331 942 185 41 Samtidigt
1546 944 105 39 ansåg

148 994 57 41 jag
234 994 70 41 mig
334 994 190 31 emellertid
556 993 83 32 böra
669 996 113 29 såsom
813 1005 42 20 en
886 993 271 42 provisorisk
1189 993 190 41 anordning
1412 991 155 44 godtaga,
1601 995 49 29 att

148 1044 284 32 barnmorskorna
454 1045 137 41 deltoge
614 1045 11 30 i
648 1045 57 31 det
728 1044 254 42 förebyggande
1004 1044 343 32 barnavårdsarbetet
1371 1044 243 32 företrädesvis
1639 1045 12 30 i

149 1096 42 31 de
210 1096 66 37 län,
297 1096 60 31 där
376 1095 284 32 distriktsvården
680 1095 73 32 icke
774 1095 63 32 alls
858 1095 83 32 eller
960 1095 91 32 blott
1071 1095 11 31 i
1103 1095 96 41 ringa
1219 1095 236 41 utsträckning
1476 1095 172 42 utbyggts.

148 1146 68 32 Det
240 1146 386 42 ståndpunktstagande,
652 1148 33 29 åt
709 1146 105 32 vilket
838 1146 57 42 jag
919 1146 145 31 sålunda
1088 1146 144 42 tidigare
1258 1146 84 41 givit
1368 1146 143 41 uttryck,
1538 1147 113 31 finner

148 1197 57 41 jag
228 1197 69 42 mig
320 1197 72 32 icke
416 1197 44 31 ha
484 1197 185 41 anledning
693 1197 182 31 frånträda.
912 1197 117 31 Härav
1053 1197 111 41 följer,
1190 1199 50 30 att
1264 1197 57 41 jag
1345 1198 11 30 i
1381 1197 179 31 huvudsak
1585 1197 65 31 kan

149 1247 147 42 godtaga
312 1247 245 41 utredningens
576 1247 53 31 för
646 1258 40 20 en
704 1247 240 41 övergångstid
962 1247 147 31 avsedda
1128 1247 128 41 förslag
1273 1249 43 39 på
1334 1247 112 31 denna
1461 1247 117 41 punkt.

200 1298 180 42 Förslaget
402 1301 49 29 att
473 1298 285 32 barnmorskorna
781 1299 109 31 skulle
913 1298 114 32 kunna
1051 1298 123 32 anlitas
1199 1310 73 20 som
1295 1298 158 32 biträden
1477 1301 33 29 åt
1534 1299 116 31 barna-

148 1348 311 31 vårdsnämnderna
481 1349 58 31 vid
563 1348 229 42 utredning
815 1348 74 31 och
911 1348 191 31 kontroll
1125 1360 46 19 av
1194 1348 321 42 mödrahjälpen
1539 1348 113 31 finner

148 1399 57 41 jag
231 1399 292 41 ändamålsenligt.
563 1399 77 32 Alla
666 1399 241 32 barnmorskor
933 1400 98 31 torde
1059 1399 199 38 emellertid,
1288 1402 113 29 såsom
1428 1400 12 31 i
1468 1400 92 31 vissa
1588 1403 62 38 ytt-

148 1450 129 31 randen
303 1450 214 37 framhållits,
545 1450 73 31 icke
645 1461 79 20 vara
750 1449 155 42 lämpade
932 1450 55 31 för
1014 1452 50 29 ett
1091 1450 110 41 dylikt
1228 1450 164 42 uppdrag.
1432 1451 218 41 Prövningen

147 1500 104 31 härav
274 1501 96 31 torde
393 1501 84 31 böra
499 1501 177 31 ankomma
699 1503 43 39 på
766 1501 254 31 vederbörande
1044 1501 335 31 barnavårdsnämnd
1404 1502 88 31 efter
1516 1502 134 31 samråd

147 1551 78 31 med
249 1551 412 41 mödrahjälpsnämnden.
698 1552 69 31 Det
792 1552 97 31 torde
915 1562 79 21 vara
1019 1552 155 41 lämpligt
1200 1554 50 29 att
1275 1552 12 31 i
1313 1552 165 32 samband
1504 1553 76 31 med
1608 1553 41 31 de

147 1601 413 42 kompletteringskurser,
595 1613 72 20 som
701 1604 57 29 äro
793 1602 149 32 avsedda
975 1604 50 30 att
1059 1603 168 31 anordnas
1252 1603 53 31 för
1328 1603 321 32 barnmorskorna
1628 1597 23 51 i

147 1652 198 38 barnavård,
381 1653 130 31 lämnas
548 1652 70 32 viss
655 1651 246 43 undervisning
937 1653 144 32 rörande
1119 1653 156 42 gällande
1301 1653 258 33 bestämmelser
1586 1654 63 32 och

147 1703 114 41 praxis
287 1704 53 30 för
363 1703 277 42 mödrahjälpens
666 1704 177 41 utgående.
880 1704 241 32 Kostnaderna
1147 1705 53 31 för
1224 1705 304 32 barnmorskornas
1554 1717 95 20 resor

147 1754 11 30 i
178 1753 383 42 mödrahjälpsärenden
582 1754 95 31 torde
698 1755 34 30 få
750 1754 171 32 bestridas
942 1754 107 41 enligt
1069 1766 127 20 samma
1214 1755 157 41 grunder,
1392 1766 75 20 som
1485 1755 57 41 jag
1560 1755 12 31 i
1592 1755 58 31 det

147 1803 153 42 följande
322 1804 155 31 förordar
499 1804 215 32 beträffande
736 1805 185 31 hembesök
944 1805 10 31 i
978 1805 209 31 mödravård.
1221 1806 114 40 Några
1358 1807 108 30 större
1490 1806 159 31 merkost-

147 1855 105 31 nader
271 1855 97 31 torde
386 1855 72 31 icke
479 1855 153 31 åsamkas
652 1856 204 31 statsverket
874 1856 207 40 härigenom,
1102 1856 42 30 då
1163 1856 11 30 i
1194 1856 149 32 flertalet
1362 1856 59 31 fall
1440 1856 149 31 kontroll
1608 1867 41 20 av

148 1905 212 41 mödrahjälp
388 1906 62 30 och
478 1905 185 31 hembesök
690 1906 53 30 för
770 1905 253 41 förebyggande
1052 1906 201 30 mödravård
1279 1906 70 31 lära
1376 1906 114 31 kunna
1517 1907 131 31 utföras

147 1955 108 31 under
278 1966 41 20 en
342 1956 62 31 och
428 1967 127 20 samma
578 1966 82 20 resa.

200 2006 182 32 Gentemot
400 2007 246 41 utredningens
665 2007 128 41 förslag
810 2010 49 28 att
879 2007 108 31 under
1005 2007 70 31 viss
1095 2008 240 41 övergångstid
1355 2008 106 31 anlita
1480 2008 168 32 distrikts-

146 2057 283 32 barnmorskorna
453 2058 124 40 jämväl
601 2058 92 31 inom
723 2058 356 41 hemsjukvården
1109 2058 62 31 har
1194 2070 77 19 man
1297 2059 56 30 vid
1379 2059 269 32 remissbehand-

147 2108 114 41 lingen
299 2108 95 31 ställt
429 2108 54 40 sig
519 2119 91 20 mera
645 2108 207 37 betänksam,
880 2108 72 31 icke
980 2108 105 31 minst
1112 2120 38 19 ur
1175 2109 303 40 smittosynpunkt,
1506 2109 63 30 och
1595 2111 53 39 på-

145 2158 98 40 yrkat
278 2169 195 30 noggranna
509 2158 214 31 föreskrifter
759 2159 75 30 med
871 2158 168 31 avseende
1075 2161 43 38 på
1153 2159 217 30 förmannens
1408 2161 65 28 rätt
1510 2161 49 29 att
1595 2170 54 20 an-

146 2208 109 31 vända
288 2208 286 31 barnmorskorna
609 2209 52 29 för
694 2208 94 31 detta
811 2208 164 31 ändamål.
1011 2208 68 30 För
1103 2219 83 30 egen
1211 2208 54 30 del
1290 2209 112 30 finner
1425 2209 58 40 jag
1506 2209 11 29 i
1540 2208 108 31 likhet

147 2259 75 30 med
246 2259 351 39 medicinalstyrelsen
622 2259 137 31 särskilt
784 2259 65 30 den
873 2259 162 31 kroniska
1059 2259 284 40 hemsjukvården
1369 2271 79 19 vara
1473 2262 48 28 ett
1547 2260 100 41 lämp-

146 2309 62 40 ligt
230 2308 179 31 arbetsfält
431 2309 54 30 för
506 2309 283 30 barnmorskorna
812 2309 53 30 till
889 2309 78 30 dess
991 2309 285 31 distriktsvården
1299 2309 100 31 blivit
1423 2312 38 28 så
1483 2309 163 41 utbyggd,

147 2361 49 29 att
217 2359 65 31 den
302 2359 64 30 kan
386 2359 265 39 omhändertaga
670 2360 82 29 även
774 2358 41 31 de
835 2358 161 30 kroniska
1015 2358 113 30 fallen.
1161 2359 68 30 Det
1247 2369 102 29 synes
1369 2358 83 31 böra
1471 2358 177 31 ankomma

147 2412 41 38 på
211 2409 351 41 medicinalstyrelsen
586 2412 49 28 att
658 2409 135 30 utfärda
818 2410 150 29 närmare
993 2408 214 31 föreskrifter
1230 2408 144 31 rörande
1397 2408 250 32 barnmorskor-

146 2472 60 21 nas
231 2460 217 40 användning
474 2461 91 30 inom
592 2459 218 32 förevarande
837 2460 297 31 verksamhetsfält
1159 2460 76 30 med
1261 2460 190 31 beaktande
1478 2472 39 19 av
1543 2461 103 31 bland
