2184 2624
389 177 20 31 2
892 176 268 32 Bankoutskottets
1182 175 158 32 utlåtande
1363 175 53 32 Nr
1439 175 53 32 84.

1112 326 21 34 5
1162 325 34 45 $.

477 413 90 36 Rätt
595 417 55 32 att
679 412 154 36 komma
862 412 13 36 i
903 411 224 50 åtnjutande
1156 424 48 23 av
1232 411 62 35 hel
1321 409 161 50 pension
1510 409 182 37 inträder:

480 465 59 36 för
563 464 146 48 manlig
735 485 51 5 —
814 486 49 4 —
893 485 48 5 —
971 463 209 36 trettiofem
1209 462 179 49 tjänstår;

479 516 59 36 för
566 516 177 48 kvinnlig
769 537 52 5 —
847 537 51 5 —
926 536 51 5 —
1006 514 126 37 trettio
1160 514 177 49 tjänstår;

480 569 95 37 dock
605 573 54 31 att
686 566 118 38 sådan
832 572 77 31 rätt
935 566 183 37 inträder:

478 621 35 48 aj
560 642 31 5 —
634 641 35 4 —
709 641 39 4 —
783 641 38 5 —
865 641 38 4 —
940 640 42 5 —
990 632 8 32 ;

475 672 195 50 bon
785 665 117 69 —-—
933 692 48 7 —
993 684 7 31 ;

480 724 188 49 JOS
787 744 193 5 ———
988 736 8 31 ;

477 777 504 48 d—-——-——>—
990 788 8 31 ;

476 829 33 48 e)
539 829 59 36 för
638 827 241 49 fyringenjör
920 826 72 37 och
1028 825 261 37 verkmästare
1316 824 64 36 vid
1408 824 277 49 lotsstyrelsen,
1714 823 247 36 befälhavare

346 886 21 33 å
395 881 226 38 lotsverkets
650 878 209 50 ångfartyg
888 878 121 49 Vega,
1039 880 20 33 å
1085 877 228 36 lotsverkets
1342 876 212 48 ångfartyg
1573 874 163 37 anställd
1756 874 205 37 maskinist

345 935 73 37 och
446 931 299 51 uppbördsman,
775 933 21 33 å
824 930 184 49 fyrskepp
1038 928 162 37 anställd
1228 928 226 48 fyrmästare
1478 927 91 36 eller
1586 926 374 49 reservfyrmästare,

345 985 222 50 fyrvaktare
609 983 72 36 och
722 982 245 37 befälhavare
999 981 89 36 eller
1114 979 363 50 reservfyrvaktare,
1507 978 218 50 fyrvaktare
1754 983 98 31 samt
1880 978 79 49 fyr-

344 1037 163 47 biträde,
553 1034 145 49 manlig
742 1033 392 49 befattningshavare,
1177 1031 228 36 tillhörande
1447 1029 406 50 ekonomipersonalen
1894 1029 65 36 vid

345 1096 147 30 statens
522 1086 181 38 anstalter
732 1085 60 37 för
811 1084 255 49 sinnessjuka,
1095 1083 169 48 betjänte
1284 1082 65 36 vid
1368 1081 226 37 tullverkets
1614 1081 107 36 kust-
1738 1081 70 36 och
1823 1085 136 44 gräns-

344 1140 236 48 bevakning,
609 1137 345 50 gymnastiklärare
983 1136 71 36 och
1082 1134 249 37 musiklärare
1356 1133 64 37 vid
1441 1133 46 36 de
1509 1133 191 36 allmänna
1719 1132 240 47 läroverken,

345 1193 122 48 högre
500 1188 412 39 lärarinneseminariet
941 1188 72 36 och
1042 1185 474 46 folkskoleseminarierna,
1546 1185 45 36 de
1619 1185 64 36 vid
1711 1183 248 37 blindunder-

345 1242 414 50 visningsanstalterna
801 1239 189 38 anställda
1031 1239 120 36 lärare
1193 1243 180 31 ävensom
1415 1236 172 37 beridare
1615 1236 65 36 vid
1708 1236 249 48 hingstdepå:

345 1296 65 36 vid
440 1295 186 37 sextiotvå
653 1292 175 37 levnads-
857 1292 73 36 och
959 1291 129 36 trettio
1116 1290 177 48 tjänstår;

476 1346 30 48 f)
537 1346 58 35 för
621 1344 122 37 lärare
770 1344 64 36 vid
853 1343 177 37 tekniska
1048 1342 215 48 högskolan
1283 1341 70 36 och
1373 1340 199 37 Chalmers
1592 1339 177 36 tekniska
1789 1339 169 36 institut:

344 1399 65 37 vid
439 1397 201 38 sextiofem
668 1395 174 37 levnads-
870 1395 71 36 och
971 1395 113 47 tjugu
1111 1393 176 49 tjänstår;

477 1449 40 50 g)
547 1449 59 36 för
633 1449 118 36 förste
780 1446 356 51 provinsialläkare:
1165 1445 64 36 vid
1258 1444 201 37 sextiofem
1488 1442 176 37 levnads-
1693 1441 71 37 och
1790 1441 170 49 tjugutre

345 1504 177 48 tjänstår;

476 1553 40 48 h)
547 1553 58 36 för
631 1551 315 50 yrkesinspektör
974 1550 71 36 och
1074 1548 146 49 manlig
1249 1548 178 36 assistent
1446 1546 104 37 inom
1570 1545 390 50 yrkesinspektionen

345 1611 184 31 ävensom
570 1603 335 49 underinspektör,
949 1602 60 36 för
1043 1601 272 48 bergmästare,
1345 1598 290 49 gruvingenjör,
1665 1601 294 45 sprängämnes-

343 1657 247 49 inspektören
632 1656 72 36 och
745 1654 199 50 inspektör
985 1658 91 31 över
1116 1651 206 37 elektriska
1350 1650 285 48 anläggningar
1663 1649 60 36 för
1749 1648 210 50 belysning

344 1710 90 36 eller
477 1707 361 47 arbetsöverföring,
869 1706 59 36 för
956 1705 135 37 chefen
1121 1704 58 35 för
1207 1708 145 31 statens
1380 1701 358 50 provningsanstalt
1766 1705 99 32 samt
1895 1714 63 22 av-

344 1759 270 50 delningschef
652 1759 71 36 och
751 1758 118 36 förste
898 1755 410 49 avdelningsingenjör
1335 1753 62 37 vid
1427 1754 200 46 anstalten,
1658 1752 58 36 för
1744 1752 121 36 lärare
1893 1752 66 36 vid

342 1812 287 45 universiteten,
650 1810 219 36 karolinska
889 1807 394 48 mediko-kirurgiska
1298 1806 201 46 institutet,
1515 1804 266 50 gymnastiska
1796 1803 161 37 central-

341 1865 202 45 institutet,
590 1861 295 37 farmaceutiska
932 1860 200 46 institutet,
1185 1856 404 48 tandläkarinstitutet,
1640 1855 317 48 undervisnings-

343 1916 236 36 anstalterna
607 1914 60 36 för
692 1913 286 47 barnmorskor,
1007 1910 390 45 veterinärinstitutet,
1428 1908 72 36 fria
1523 1908 228 36 konsternas
1772 1907 185 46 akademi,

342 1967 247 37 musikaliska
618 1966 243 36 akademiens
888 1963 342 46 konservatorium,
1260 1960 337 49 skogshögskolan
1621 1964 99 32 samt
1738 1958 219 37 lantbruks-

342 2020 193 36 institutet
575 2018 65 36 vid
681 2017 146 37 Ultuna
869 2016 72 36 och
983 2014 218 38 Jlantbruks-
1244 2013 71 36 och
1348 2011 329 50 mejeriinstitutet
1703 2011 66 35 vid
1798 2010 158 48 Alnarp,

341 2071 60 35 för
441 2069 379 49 folkskolinspektör,
863 2068 61 36 för
967 2065 262 38 föreståndare
1262 2064 70 37 och
1362 2064 313 36 överassistenter
1702 2061 64 37 vid
1794 2062 160 36 central-

342 2122 190 36 anstalten
574 2122 61 36 för
676 2119 336 38 försöksväsendet
1048 2121 48 46 på
1120 2115 392 51 jordbruksområdet,
1542 2115 59 36 för
1630 2112 325 49 avdelningsföre-

342 2173 176 37 ståndare
558 2173 64 36 vid
665 2177 147 32 statens
854 2168 422 51 skogsförsöksanstalt
1312 2172 180 32 ävensom
1526 2167 59 36 för
1613 2164 345 38 statskonsulenter

340 2225 11 36 i
381 2225 103 36 olika
513 2237 139 36 grenar
680 2237 47 23 av
755 2222 382 49 lanthushållningen
1166 2226 100 31 samt
1294 2219 333 36 länsveterinärer:
1657 2217 66 37 vid
1753 2215 202 38 sextiofem

341 2276 177 37 levnads-
549 2277 71 36 och
649 2276 190 48 tjugufem
868 2275 179 48 tjänstår;
