1910 2802
542 148 114 28 Första
681 147 221 34 lagutskottets
925 144 162 29 utlåtande
1112 144 48 28 Nr
1181 143 48 30 41.
1608 140 16 29 i

125 237 161 38 tokollen
278 223 15 56 ;
304 236 61 32 och
381 235 55 32 får
452 234 164 33 utskottet
632 234 12 31 i
661 233 100 39 fråga
780 244 51 21 om
848 232 65 32 vad
929 231 241 32 motionärerna
1189 229 111 32 anfört
1317 228 54 32 till
1390 228 71 32 stöd
1480 227 52 32 för
1551 227 72 32 sina

126 287 172 40 yrkanden
317 286 142 33 hänvisa
479 285 54 32 till
555 284 214 33 motionerna.

170 387 269 40 Ifrågavarande
456 385 189 39 lagförslag
663 390 37 27 är
717 384 159 32 föranlett
893 395 41 20 av
953 383 38 32 de
1007 382 56 32 vid
1080 381 192 38 upprepade
1288 379 161 33 tillfällen
1466 379 102 31 under
1586 378 38 31 de

128 450 113 21 senare
258 439 79 31 åren
355 438 77 31 från
450 436 109 33 skilda
576 435 71 32 håll
664 434 189 33 framförda
868 433 125 32 kraven
1011 433 43 38 på
1073 431 165 33 särskilda
1258 429 212 34 föreskrifter
1488 428 137 32 rörande

128 489 38 32 de
190 488 152 33 enskilda
368 488 243 38 järnvägarnas
637 485 192 38 bokföring.

174 539 147 32 Sålunda
341 537 137 33 väcktes
498 537 57 32 vid
576 537 87 31 1916
682 537 55 30 års
758 534 139 38 riksdag
918 534 87 32 inom
1026 533 104 31 andra
1151 532 190 31 kammaren
1364 542 37 20 en
1422 529 121 32 motion
1570 526 57 40 (nr

130 588 94 40 129),
249 590 73 31 vari
344 587 213 33 hemställdes
582 598 51 20 om
656 585 190 38 utredning,
871 584 175 38 huruvida,
1071 583 54 31 för
1148 586 47 28 ett
1220 581 119 38 riktigt
1362 579 198 33 bedömande
1585 590 41 20 av

128 640 243 38 järnvägarnas
390 637 161 40 ekonomi,
572 637 53 32 det
645 636 120 32 funnes
784 635 117 38 nödigt
918 634 122 38 ålägga
1060 633 71 32 dem
1151 635 50 29 att
1219 632 75 32 föra
1313 631 72 32 sina
1403 629 224 37 räkenskaper

129 691 47 39 så,
197 693 50 29 att
268 690 104 32 därav
392 688 191 39 framginge
603 686 182 33 resultaten
807 685 94 32 såväl
922 697 40 20 av
983 684 156 38 bolagens
1159 680 282 41 järnvägsrörelse
1463 680 53 32 för
1537 679 89 32 olika

126 739 305 40 koncessionerade,
452 739 128 39 ägande
600 738 80 32 eller
697 736 209 33 trafikerade
925 734 269 39 järnvägslinjer,
1218 745 68 20 som
1307 732 60 32 ock
1387 743 41 20 av
1449 742 107 20 annan
1578 734 47 27 rö-

129 792 83 32 relse
232 796 42 27 än
294 789 259 40 järnvägsdrift.
594 788 117 32 Andra
731 787 210 32 kammarens
960 785 105 38 tredje
1084 784 178 38 tillfälliga
1282 782 139 38 utskott,
1444 782 48 31 dit
1514 781 112 31 motio-

128 854 61 19 nen
206 842 212 37 remitterats,
435 839 193 33 förklarade
644 839 52 38 sig
709 838 85 37 vilja
808 836 224 38 understryka
1048 848 40 19 av
1104 833 325 39 järnvägsstyrelsen
1445 834 11 30 i
1471 830 156 39 yttrande

129 897 77 27 över
232 891 164 32 motionen
425 890 89 39 gjort
541 888 195 39 påpekande
763 899 42 20 av
833 886 273 37 önskvärdheten,
1134 888 51 28 att
1214 884 157 38 åtgärder
1396 882 150 38 vidtoges
1575 881 53 31 för

130 941 293 33 åstadkommande
451 952 42 20 av
520 939 205 39 enhetlighet
753 938 60 32 och
841 936 232 38 likformighet
1100 936 12 31 i
1140 935 38 32 de
1207 933 150 33 enskilda
1385 933 242 38 järnvägarnas

130 992 181 38 bokföring
336 991 59 33 och
423 990 222 38 redovisning.
696 988 173 33 Utskottet
893 986 207 39 hemställde,
1128 989 51 28 att
1205 985 103 32 andra
1334 984 190 31 kammaren
1550 981 80 32 ville

130 1044 54 31 för
202 1044 50 31 sin
273 1042 52 33 del
343 1041 141 39 besluta,
503 1044 50 28 att
572 1039 180 39 riksdagen
770 1039 102 31 måtte
891 1039 12 31 i
922 1036 159 33 skrivelse
1100 1036 54 32 till
1174 1034 128 38 Kungl.
1322 1034 99 37 Maj:t
1441 1032 186 36 hemställa,

131 1094 54 32 det
205 1093 129 32 täcktes
356 1091 129 39 Kungl.
505 1090 102 38 Maj:t
624 1093 80 35 taga
725 1090 11 31 i
758 1087 239 39 övervägande,
1019 1099 51 20 om
1091 1086 60 32 och
1170 1086 12 31 i
1203 1085 113 31 vilken
1336 1083 233 38 utsträckning
1590 1082 38 32 de

131 1144 152 33 enskilda
313 1140 395 41 järnvägsaktiebolagen
741 1139 99 32 borde
872 1138 141 39 åläggas
1045 1140 51 29 att
1126 1136 76 32 föra
1234 1135 71 33 sina
1338 1133 222 38 räkenskaper
1592 1133 36 31 så

132 1198 49 29 att
201 1207 40 20 av
260 1194 73 32 dem
351 1192 129 39 tydligt
499 1191 190 39 framginge
709 1189 182 33 resultaten
912 1201 41 19 av
972 1187 156 38 bolagens
1150 1186 121 32 rörelse
1291 1184 68 34 dels
1380 1186 20 30 å
1418 1184 90 32 olika
1527 1183 103 32 banor

133 1246 60 32 och
211 1245 69 33 dels
299 1245 19 31 å
336 1242 362 39 verksamhetsgrenar,
719 1252 68 21 som
806 1240 73 32 icke
896 1251 77 20 vore
991 1242 50 29 att
1059 1237 142 33 hänföra
1220 1236 55 33 till
1293 1235 146 39 egentlig
1457 1235 172 38 järnvägs-

132 1296 95 32 drift.
269 1295 117 32 Andra
402 1294 192 32 kammaren
613 1292 98 32 biföll
730 1292 106 32 denna
853 1289 180 33 utskottets
1052 1287 209 33 hemställan.
1304 1286 157 32 Däremot
1479 1284 151 32 biträdde

133 1347 108 31 första
271 1345 194 32 kammaren
494 1344 12 31 i
536 1343 146 38 enlighet
713 1342 73 32 med
818 1341 59 32 sitt
907 1341 107 31 första
1043 1338 180 38 tillfälliga
1255 1337 146 32 utskotts
1432 1335 198 32 hemställan

132 1396 73 33 icke
228 1396 105 31 andra
354 1395 210 31 kammarens
588 1392 141 32 sålunda
751 1392 12 31 i
787 1391 134 32 ärendet
945 1389 129 33 fattade
1095 1388 120 38 beslut,
1238 1388 12 31 i
1275 1387 84 37 följd
1383 1398 103 20 varav
1510 1385 121 38 frågan

133 1446 129 33 förföll.

177 1496 68 32 Vid
261 1496 87 31 1917
364 1496 55 30 års
437 1493 137 39 riksdag
590 1492 136 33 väcktes
744 1492 88 31 inom
850 1491 102 32 andra
968 1490 190 31 kammaren
1176 1500 39 20 en
1233 1488 121 31 motion
1377 1485 55 40 (nr
1449 1484 95 40 274),
1563 1497 69 20 som

133 1546 206 38 utmynnade
357 1546 12 31 i
388 1543 198 34 hemställan
606 1543 101 32 bland
725 1546 113 35 annat,
856 1545 51 28 att
926 1540 176 38 riksdagen
1122 1539 80 32 ville
1221 1540 12 31 i
1253 1537 158 33 skrivelse
1429 1536 55 32 till
1505 1531 126 47 Kungl.

134 1597 102 38 Maj:t
253 1595 136 33 anhålla
408 1607 52 20 om
477 1594 202 39 vidtagande
698 1605 42 20 av
757 1591 181 33 utredande
958 1590 156 39 åtgärder
1132 1590 12 31 i
1163 1589 92 38 syfte
1275 1592 49 28 att
1343 1591 127 34 utröna,
1490 1587 12 31 i
1519 1581 113 48 vilken

134 1646 236 38 utsträckning
393 1645 151 33 enskilda
569 1642 355 40 järnvägsaktiebolag
947 1641 108 32 kunde
1081 1640 140 38 åläggas
1245 1638 173 32 införande
1444 1649 40 20 av
1509 1640 47 28 ett
1581 1647 51 20 en-

133 1697 123 39 hetligt
275 1696 328 38 bokföringssystem
622 1693 113 33 tillika
757 1693 73 32 med
851 1691 212 33 normerande
1083 1688 248 34 bestämmelser
1352 1688 52 32 för
1426 1682 206 47 avskrivnin-

135 1760 62 27 gar
212 1747 60 32 och
286 1746 235 39 avsättningar
533 1745 56 32 till
605 1743 300 39 förnyelsefonder.
943 1742 117 32 Ehuru
1078 1741 92 32 såväl
1186 1740 104 32 andra
1306 1739 206 31 kammarens
1528 1736 105 38 tredje

136 1810 71 20 som
234 1799 108 31 första
368 1797 209 32 kammarens
606 1795 106 32 första
737 1794 181 38 tillfälliga
943 1792 129 32 utskott
1097 1791 151 32 uttalade
1276 1790 52 38 sig
1355 1789 52 32 för
1433 1787 162 33 motionen
1622 1787 12 30 i

136 1849 105 31 denna
265 1847 62 38 del,
352 1846 119 33 förföll
495 1846 82 32 dock
601 1845 123 38 frågan
748 1844 54 32 till
826 1844 86 37 följd
936 1855 40 20 av
1003 1843 72 31 dess
1101 1841 157 32 samband
1284 1840 72 31 med
1379 1839 102 32 andra
1508 1838 125 37 frågor,

135 1910 113 21 varom
268 1898 135 38 enighet
421 1897 12 32 i
452 1896 179 39 riksdagen
650 1895 73 33 icke
741 1894 111 32 kunde
872 1894 142 38 uppnås.

199 1949 191 33 Sedermera
410 1948 139 33 anförde
569 1948 197 37 riksdagens
785 1948 160 30 revisorer
964 1945 12 31 i
995 1945 50 32 sin
1064 1943 176 33 berättelse
1260 1955 51 20 om
1331 1941 246 40 granskningen
1597 1951 40 20 av

137 2000 344 40 riksgäldskontorets
500 1999 153 32 tillstånd
671 1998 60 32 och
753 1997 209 38 förvaltning
981 1996 54 32 för
1053 1996 39 31 år
1112 1995 94 37 1918,
1228 1997 49 28 att
1298 1993 38 32 de
1354 1993 56 31 vid
1430 1987 207 47 granskning

137 2064 43 20 av
200 2052 39 31 de
259 2051 74 33 med
354 2050 143 33 statslån
517 2049 224 32 understödda
763 2046 411 40 järnvägsaktiebolagens
1197 2043 224 38 räkenskaper
1442 2042 122 38 funnit,
1586 2044 50 29 att

138 2102 168 38 enhetliga
326 2101 146 39 grunder
492 2100 30 38 ej
542 2099 213 38 tillämpades
775 2098 58 32 vid
854 2096 229 40 uppgörandet
1105 2108 42 20 av
1170 2095 38 32 de
1229 2093 300 38 balansräkningar
1552 2095 84 28 samt

141 2150 101 32 vinst-
263 2150 60 32 och
345 2148 318 39 förlusträkningar,
682 2147 93 33 vilka
796 2147 145 38 plägade
959 2146 132 37 intagas
1112 2146 12 30 i
1144 2144 79 32 eller
1243 2143 133 38 bifogas
1397 2140 241 33 vederbörande

139 2202 278 40 bolagsstyrelses
442 2199 414 40 förvaltningsberättelse.
883 2198 68 32 Till
973 2197 179 39 belysande
1175 2208 42 20 av
1240 2196 89 32 detta
1352 2193 208 33 förhållande
1583 2204 54 20 an-

140 2254 96 33 förde
264 2253 206 33 revisorerna
495 2251 176 39 åtskilliga
697 2250 158 39 exempel.
903 2249 221 32 Revisorerna
1152 2246 176 33 framhöllo
1355 2245 124 39 vidare,
1506 2248 51 28 att
1585 2244 53 31 det

140 2308 114 35 syntes
276 2304 197 38 uppenbart,
494 2306 50 29 att
564 2302 39 33 de
624 2314 41 20 av
685 2302 72 32 dem
776 2300 159 40 påvisade
957 2299 59 32 och
1037 2298 116 39 övriga
1176 2297 162 33 olikheter
1358 2298 11 31 i
1389 2290 249 48 järnvägsbola-

139 2367 80 27 gens
243 2354 182 39 bokföring
446 2352 196 34 försvårade
665 2352 215 38 möjligheten
905 2350 93 32 såväl
1023 2352 47 29 att
1099 2351 68 29 rätt
1188 2348 137 32 bedöma
1348 2350 46 28 ett
1416 2346 83 32 visst
1522 2345 115 37 bolags

141 2405 163 38 ställning
328 2416 69 21 som
421 2406 50 30 att
495 2403 146 33 anställa
664 2401 211 39 jämförelser
899 2401 38 32 de
961 2399 88 33 olika
1075 2398 139 39 bolagen
1239 2398 147 32 emellan.
1435 2396 60 32 Ett
1521 2395 118 32 sådant

141 2455 211 33 förhållande
375 2455 123 37 ansågo
521 2453 205 32 revisorerna
747 2463 83 20 vara
850 2451 55 31 till
925 2462 72 20 men
1020 2450 54 31 för
1095 2449 72 32 dem
1188 2448 60 32 och
1271 2448 52 31 för
1346 2447 115 38 övriga
1487 2445 151 38 myndig-

1655 381 170 35 Förslagets

1669 415 148 27 tillkomst.
