2210 2679
652 191 405 34 Konstitutionsutskottets
1087 192 166 34 Utlåtande
1278 195 61 31 N:o
1361 196 29 29 2.
1768 196 17 31 5

235 270 99 38 vissa
375 271 143 37 klasser
559 272 40 37 af
624 271 313 52 valberättigade,
967 273 130 37 hvilka
1124 287 139 36 genom
1292 273 66 38 sitt
1384 275 95 49 yrke
1507 275 90 37 eller
1626 275 58 38 sin
1711 276 120 50 tjänst

231 324 13 37 1
271 324 106 49 regel
418 338 91 23 vore
549 324 246 39 förhindrade
836 330 55 33 att
929 326 63 37 vid
1023 326 380 50 riksdagsmannaval
1430 327 172 51 iakttaga
1629 330 198 50 personlig

231 376 218 50 inställelse,
480 377 181 38 bereddes
702 378 149 38 tillfälle
892 383 55 32 att
991 379 146 49 afgifva
1178 380 58 37 sin
1263 385 81 32 röst
1371 380 159 38 medelst
1558 381 188 38 valsedels
1774 382 55 38 in-

231 429 194 37 sändande
454 430 57 36 till
539 431 306 36 valförrättaren.
888 432 58 36 Då
974 432 210 37 emellertid
1212 438 53 31 ett
1295 433 270 49 medgifvande
1586 439 55 32 att
1660 438 47 45 på
1726 435 103 38 detta

232 486 77 32 sätt
336 481 133 37 utöfva
497 482 151 48 valrätt,
678 482 59 37 till
765 482 95 51 följd
891 483 41 37 af
955 484 307 50 uppkommande
1291 485 130 49 frågor
1448 486 105 36 såväl
1581 499 59 24 om
1662 488 168 37 anmäldt

232 534 89 49 laga
362 534 143 37 förfalls
547 535 182 49 giltighet
770 549 81 23 som
880 536 81 49 ock,
991 537 188 37 huruvida
1207 537 191 38 formerna
1425 538 60 37 för
1512 539 233 37 röstsedelns
1772 540 56 37 in-

233 586 194 37 sändande
468 600 90 24 vore
599 587 210 50 behörigen
841 588 209 49 iakttagna,
1080 589 287 50 otvifvelaktigt
1395 591 120 36 skulle
1542 591 196 38 förorsaka
1765 592 64 38 be-

232 638 167 49 tydande
441 639 238 50 svårigheter
719 640 63 36 vid
825 640 111 37 valen
977 642 197 36 äfvensom
1216 642 84 37 leda
1332 642 56 37 till
1417 643 115 37 ökadt
1560 643 105 37 antal
1694 644 137 38 besvär

231 690 108 37 öfver
366 691 72 42 val,
469 692 70 36 och
568 692 47 36 då
643 692 209 50 utredning
878 693 83 37 icke
989 693 230 50 förebragte,
1248 695 187 37 huruvida
1463 695 110 37 dessa
1593 697 237 49 svårigheter

229 743 129 37 kunde
386 746 49 47 på
463 748 54 32 ett
544 744 352 38 tillfredsställande
925 750 75 32 sätt
1028 746 241 50 undanröjas,
1300 751 120 46 ansåg
1448 749 60 46 sig
1535 749 188 37 utskottet
1748 750 80 37 icke

229 796 128 36 kunna
385 796 12 36 i
426 796 63 36 det
517 797 288 49 sammanhang,
835 798 106 36 hvari
962 798 134 49 frågan
1117 799 269 48 framkommit,
1408 800 192 49 tillstyrka
1620 814 45 24 en
1686 802 142 49 grund-

230 848 253 49 lagsändring
518 848 12 37 i
558 849 74 37 den
660 850 175 48 riktning
862 850 238 37 motionären
1128 851 209 50 föreslagit.
1380 852 197 38 Utskottet
1604 853 225 38 hemställde

230 900 139 48 därför,
394 905 55 32 att
465 901 193 37 motionen
673 902 83 37 icke
773 905 116 34 måtte
905 903 194 37 föranleda
1114 906 128 46 någon
1259 904 237 49 Kiksdagens
1511 906 147 48 åtgärd.
1701 908 127 37 Såsom

230 952 112 37 ofvan
385 953 162 37 erinrats
589 954 83 37 blef
709 954 125 37 denna
875 955 207 37 utskottets
1114 956 226 37 hemställan
1369 958 41 35 af
1433 957 138 37 Första
1599 958 229 38 Kammaren

229 1004 169 49 bifallen,
427 1006 118 37 under
573 1006 64 37 det
665 1006 129 37 Andra
823 1007 230 38 Kammaren
1082 1013 119 45 antog
1230 1008 278 50 förutnämnda,
1538 1010 64 38 vid
1617 1012 212 37 utlåtandet

228 1057 141 49 fogade
398 1059 246 47 reservation,
673 1059 149 48 gående
850 1064 42 32 ut
919 1063 48 46 på
996 1074 47 23 en
1067 1061 201 37 skrifvelse
1287 1061 12 36 i
1319 1066 128 33 ämnet
1466 1062 58 37 till
1544 1062 140 49 Kungl.
1707 1064 118 49 Maj:t.

357 1110 55 36 Af
449 1110 63 37 det
545 1111 158 37 anförda
736 1112 107 36 torde
872 1112 159 48 framgå,
1061 1118 56 31 att
1145 1113 71 37 den
1245 1114 296 49 hufvudsakliga
1570 1116 258 49 anledningen

227 1161 57 37 till
313 1167 56 32 att
399 1164 98 35 1906
526 1166 59 34 års
613 1163 434 49 konstitutionsutskott,
1077 1170 95 33 trots
1201 1166 67 36 sitt
1296 1166 243 38 erkännande
1559 1168 39 36 af
1613 1168 214 38 motionens

228 1214 112 50 syfte,
369 1215 118 37 likväl
515 1216 175 37 underlät
710 1221 54 32 att
784 1216 200 38 hemställa
1004 1231 60 23 om
1085 1231 48 24 en
1152 1218 201 37 skrifvelse
1372 1219 59 36 till
1450 1219 142 50 Kungl.
1613 1220 109 50 Maj:t
1741 1223 87 36 med

227 1267 169 49 begäran
425 1281 62 23 om
514 1269 207 49 utredning
748 1269 12 35 i
789 1273 138 44 ämnet,
957 1283 78 34 var,
1066 1275 56 32 att
1149 1271 187 37 utskottet
1367 1271 117 37 under
1512 1272 74 37 den
1614 1273 213 38 dåvarande

226 1320 359 49 rösträttspolitiska
627 1320 230 38 situationen
898 1322 82 36 icke
1014 1322 88 38 ville
1135 1323 191 49 tillstyrka
1360 1323 140 37 sådana
1533 1324 153 50 förslag,
1716 1325 111 38 hvar-

227 1371 154 49 igenom
419 1373 315 49 rösträttsfrågan
762 1374 126 36 kunde
914 1374 225 50 ytterligare
1167 1375 262 50 kompliceras.
1485 1376 18 37 I
1531 1376 295 40 öfverensstäm-

227 1424 115 36 melse
379 1424 156 37 härmed
569 1428 119 46 ansåg
717 1426 61 48 sig
805 1427 185 37 utskottet
1019 1427 89 37 böra
1137 1429 171 48 afstyrka
1337 1428 71 37 alla
1437 1428 139 37 sådana
1603 1429 12 37 i
1643 1431 183 37 samband

226 1475 84 37 med
352 1477 165 36 nämnda
558 1478 111 48 fråga
709 1478 138 36 väckta
889 1479 155 49 förslag,
1086 1493 82 23 som
1210 1480 32 49 ej
1282 1480 85 37 med
1396 1481 218 38 densamma
1643 1484 99 47 ägde
1771 1489 55 32 ett

226 1528 232 37 omedelbart
486 1529 287 50 sammanhang.
831 1529 124 39 Sedan
984 1532 208 37 emellertid
1220 1532 316 51 rösträttsfrågan
1555 1547 140 36 genom
1713 1536 110 38 Riks-

226 1579 146 49 dagens
413 1581 102 36 förra
553 1584 81 34 året
670 1583 145 36 fattade
855 1582 122 38 beslut
1011 1584 149 37 erhållit
1187 1598 46 23 en
1262 1585 272 37 förberedande
1561 1587 164 50 lösning,
1754 1589 69 36 och

225 1631 64 37 det
317 1632 42 36 af
386 1634 97 35 1906
514 1636 59 34 års
602 1634 421 39 konstitutionsutskott
1047 1641 79 32 mot
1145 1636 183 48 förslaget
1348 1637 212 50 åberopade
1579 1639 82 36 skäl
1681 1640 143 38 således

225 1683 83 37 icke
337 1685 134 48 längre
499 1691 92 44 äger
618 1699 142 24 samma
784 1687 192 49 giltighet,
1002 1688 206 37 förefinnes
1228 1689 60 36 för
1305 1690 190 36 utskottet
1512 1690 84 37 icke
1617 1691 207 51 anledning

226 1741 55 32 att
309 1737 109 37 ställa
450 1738 61 49 sig
544 1738 193 38 afvisande
772 1744 78 32 mot
882 1745 56 32 ett
969 1740 157 49 förslag,
1159 1741 114 38 hvars
1299 1742 238 50 principiella
1560 1743 187 50 riktighet
1764 1750 59 32 ut-

225 1789 144 36 skottet
396 1792 121 34 måste
546 1790 176 37 erkänna.

356 1841 66 37 Att
449 1841 103 38 detta
579 1843 145 49 förslag
751 1843 122 38 hvilar
900 1848 48 46 på
977 1859 45 23 en
1051 1845 161 38 erkändt
1238 1847 120 49 riktig
1376 1846 115 38 tanke
1511 1848 69 37 och
1601 1853 41 32 är
1661 1849 161 49 förtjänt

224 1894 42 35 af
303 1894 216 49 synnerligt
546 1895 226 49 beaktande,
803 1897 106 37 torde
936 1897 195 49 nämligen
1160 1898 84 38 icke
1272 1900 129 36 kunna
1427 1900 197 38 bestridas.
1681 1901 72 38 Väl
1781 1908 41 32 är

224 1944 62 37 det
328 1946 43 36 af
393 1946 95 49 vikt,
519 1952 56 32 att
603 1947 73 37 den
704 1948 12 36 i
744 1948 21 49 &
795 1951 47 34 24
870 1949 391 50 riksdagsordningen
1288 1952 212 49 fastslagna
1526 1953 206 48 grundsats
1760 1968 60 23 om

224 1997 220 50 skyldighet
482 2004 54 31 att
577 1999 59 37 för
676 2000 204 38 röstsedels
922 2002 237 37 aflämnande
1193 2003 173 50 iakttaga
1393 2005 195 50 personlig
1615 2006 206 38 inställelse

223 2050 274 49 upprätthålles
527 2055 123 33 såsom
679 2052 139 37 allmän
846 2053 264 50 hufvudregel.
1167 2055 87 37 Men
1282 2059 21 33 å
1331 2058 118 35 andra
1472 2057 107 37 sidan
1608 2061 120 35 måste
1756 2058 65 38 det

223 2102 226 49 medgifvas,
492 2108 55 32 att
587 2107 48 46 på
675 2104 125 49 grund
843 2105 43 37 af
913 2106 287 47 ifrågavarande
1228 2108 263 38 bestämmelse
1519 2110 140 37 sådana
1686 2110 134 38 hinder

222 2154 129 36 kunna
377 2158 140 46 uppstå
544 2155 60 37 för
631 2161 225 33 rösträttens
884 2159 219 48 utöfvande,
1133 2164 55 32 att
1210 2160 241 49 lagstiftaren
1479 2161 69 37 bör
1575 2163 103 36 finna
1705 2177 114 35 ange-

222 2205 104 49 läget
367 2211 65 43 att,
480 2207 125 38 såvidt
645 2208 152 50 möjligt
838 2214 51 44 är,
924 2211 211 50 undanröja
1163 2212 201 37 desamma.
1412 2214 177 47 Sålunda
1617 2215 128 37 kunna
1772 2219 47 47 på

223 2258 101 37 vissa
364 2264 102 31 orter
498 2260 13 36 i
538 2263 86 33 vårt
663 2261 88 36 land
793 2262 83 37 hela
916 2276 170 37 grupper
1127 2264 40 36 af
1204 2265 321 50 röstberättigade
1557 2267 260 49 medborgare,

223 2314 25 31 t.
291 2324 56 23 ex.
392 2311 147 49 sjömän
580 2312 71 37 och
693 2314 291 49 storsjöfiskare,
1026 2318 50 46 på
1117 2317 125 47 grund
1277 2318 40 36 af
1345 2317 66 37 sitt
1443 2318 92 49 yrke
1567 2323 135 34 nästan
1731 2320 86 36 full-

1771 2423 10 12 e
