1890 2814
78 1028 135 22 Utskottets

81 1062 127 30 yttrande.

72 1703 159 30 Byggnader

67 1738 44 22 och
129 1744 106 23 repara-

105 1772 90 22 tioner.

99 1813 93 46 [36.]

263 190 41 31 36
745 191 232 28 Statsutskottets
1000 191 148 27 utlåtande
1170 190 48 27 Nr
1241 192 27 26 6.

316 266 54 31 Då
392 265 148 32 behovet
563 276 39 20 av
624 264 197 42 ytterligare
844 264 457 41 länsarkitektbefattningar
1317 263 78 31 med
1411 263 88 31 ökad
1516 263 116 41 styrka
1648 263 119 40 gjorde

266 317 53 41 sig
340 316 165 42 gällande,
530 315 139 32 särskilt
692 315 104 31 såvitt
818 317 103 39 angår
944 314 252 32 övervakandet
1211 325 41 20 av
1268 313 417 42 stadsplaneregleringen
1702 314 65 30 och

268 365 436 43 byggnadsverksamheten
737 366 12 30 i
784 366 42 31 de
856 366 60 30 allt
940 365 158 31 talrikare
1122 364 226 42 uppväxande
1371 366 127 29 smärre
1521 363 212 32 samhällena
1756 364 12 30 i

264 418 92 30 olika
389 417 94 31 delar
516 427 40 20 av
589 416 125 38 landet,
739 416 63 31 har
824 414 349 42 departementschefen,
1197 415 12 30 i
1232 414 200 41 anslutning
1455 414 52 31 till
1531 416 50 29 ett
1603 425 40 20 av
1665 413 102 42 bygg-

266 467 259 41 nadsstyrelsen
559 466 182 31 framställt
774 466 136 41 förslag,
942 468 115 29 ansett
1080 465 52 41 sig
1153 465 85 31 böra
1260 464 147 37 förorda,
1431 466 50 29 att
1503 465 75 30 från
1601 464 64 31 och
1689 464 79 30 med

268 516 283 32 nästkommande
574 516 168 42 budgetår
764 516 196 41 ytterligare
984 527 42 20 en
1049 514 419 41 länsarkitektbefattning
1483 514 199 32 inrättades.
1706 514 63 31 Be-

264 567 167 32 träffande
453 567 126 41 frågan,
603 567 12 30 i
637 567 90 30 vilka
749 567 57 31 län
830 567 65 30 den
919 577 66 30 nya
1007 566 238 41 befattningen
1267 565 109 32 borde
1399 565 163 41 placeras,
1586 564 107 32 borde
1710 564 60 31 det

266 619 181 31 ankomma
468 620 44 39 på
535 618 125 41 Kungl.
684 617 100 42 Maj:t
807 619 58 36 att,
890 617 105 31 sedan
1018 616 203 41 riksdagens
1242 616 118 31 beslut
1382 615 11 31 i
1416 616 256 41 anslagsfrågan
1685 615 84 31 före-

265 669 85 41 låge,
374 669 117 31 därom
514 669 85 30 fatta
621 668 124 31 beslut.
791 667 69 31 Vid
882 667 215 31 bedömande
1120 678 40 19 av
1182 666 113 31 denna
1317 666 94 41 fråga
1427 668 118 39 syntes
1562 665 140 32 särskilt
1717 676 51 20 av-

266 720 125 31 seende
424 719 85 31 böra
542 719 106 31 fästas
681 718 58 31 vid
772 717 233 42 föreliggande
1041 717 209 41 svårigheter
1273 719 51 29 att
1346 717 114 30 kunna
1482 717 151 40 påräkna
1655 727 113 19 annan

266 770 219 41 sakkunskap
519 770 44 40 på
595 768 256 42 ifrågavarande
885 768 172 31 områden.
1103 767 53 31 Då
1188 767 143 31 arvodet
1354 767 52 31 till
1429 767 66 30 den
1519 778 65 30 nye
1607 765 162 32 länsarki-

265 820 117 31 tekten
416 822 118 39 syntes
557 819 84 31 böra
662 819 210 31 bestämmas
895 818 53 31 till
972 829 129 20 samma
1123 818 137 41 belopp,
1286 828 74 20 som
1384 817 139 41 utginge
1547 817 53 30 till
1622 816 147 31 fertalet

264 882 41 19 av
339 871 42 30 de
414 870 196 31 nuvarande
634 869 316 37 länsarkitekterna,
975 868 83 31 eller
1080 868 93 38 5,000
1195 868 137 38 kronor,
1356 867 215 31 erfordrades
1594 878 39 20 av
1657 866 114 32 denna

269 920 186 42 anledning
478 932 42 20 en
544 920 128 41 ökning
694 931 40 20 av
757 919 255 42 ifrågavarande
1036 918 119 41 anslag
1177 918 78 31 med
1277 918 96 38 5,000
1394 918 136 31 kronor.

321 1015 180 32 Utskottet
523 1014 50 31 får
596 1013 172 42 tillstyrka
791 1013 126 40 Kungl.
942 1012 117 41 Maj:ts
1082 1011 222 32 förevarande
1327 1011 134 41 förslag.

319 1065 61 31 Att
423 1064 356 39 arbetsbelastningen
824 1063 57 31 vid
921 1061 470 32 länsarkitektinstitutionen
1432 1061 93 31 inom
1550 1060 220 32 Stockholms

265 1116 56 31 län
356 1118 36 28 är
415 1114 180 43 tyngande,
631 1125 102 30 synes
757 1114 128 40 framgå
911 1124 40 20 av
974 1113 67 31 den
1065 1112 192 41 utredning,
1282 1123 75 20 som
1380 1111 12 31 i
1415 1111 41 31 de
1479 1111 11 31 i
1514 1113 115 29 ämnet
1651 1111 120 31 väckta

266 1166 215 31 motionerna
517 1165 200 41 förebragts.
763 1164 63 31 Att
852 1165 44 40 på
918 1163 157 31 enskilda
1097 1162 169 32 motioner
1289 1164 78 39 taga
1391 1161 163 41 ställning
1576 1161 52 31 till
1652 1161 118 41 frågan

267 1218 44 40 på
343 1216 65 32 vad
442 1218 68 29 sätt
533 1215 42 32 de
599 1215 196 31 nuvarande
817 1213 419 42 personalsvårigheterna
1258 1213 86 31 böra
1366 1212 185 41 avhjälpas,
1585 1212 110 31 finner
1722 1214 50 28 ut-

268 1267 128 31 skottet
419 1266 190 32 emellertid
632 1266 28 40 ej
685 1265 167 42 lämpligt.

322 1318 180 31 Utskottet
524 1316 200 32 hemställer
745 1316 111 37 alltså,

589 1395 49 29 att
665 1392 183 41 riksdagen
872 1391 77 31 med
971 1391 98 31 bifall
1091 1390 53 31 till
1167 1390 125 41 Kungl.
1317 1389 116 41 Maj:ts
1455 1389 128 40 förslag
1606 1388 63 31 och
1692 1388 80 31 med

537 1443 114 41 avslag
673 1445 19 28 å
716 1443 42 30 de
781 1453 41 20 av
844 1442 116 30 herrar
982 1441 98 31 Julin
1104 1440 63 31 och
1190 1440 203 31 Andersson
1413 1439 11 30 i
1440 1438 167 42 Igelboda
1629 1438 11 31 i
1656 1440 116 29 ämnet

536 1493 119 31 väckta
684 1492 216 31 motionerna
932 1491 37 41 (I:
985 1492 40 30 70
1048 1491 64 31 och
1134 1490 46 31 II:
1196 1489 71 42 133)
1290 1491 55 29 må
1367 1489 53 31 till
1442 1489 161 40 avlöning
1625 1500 41 19 av
1689 1489 83 31 läns-

537 1544 177 31 arkitekter
746 1543 54 31 för
829 1542 204 41 budgetåret
1057 1541 179 39 1929,1930
1259 1540 119 31 anvisa
1401 1542 48 29 ett
1472 1542 95 29 extra
1590 1539 119 41 anslag
1732 1550 40 19 av

538 1595 115 36 57,000
675 1594 136 30 kronor.

324 1689 84 41 35:o)
441 1688 127 41 Kungl.
603 1688 98 40 Maj:t
724 1687 62 31 har
809 1686 119 41 (punkt
951 1685 51 41 36)
1025 1685 175 41 föreslagit
1222 1684 184 41 riksdagen
1430 1686 49 28 att
1501 1683 81 40 höja
1604 1683 59 31 det
1686 1682 87 32 ordi-

271 1740 93 31 narie
388 1738 385 40 reservationsanslaget
797 1736 53 32 till
869 1735 198 42 byggnader
1083 1735 63 31 och
1162 1734 242 42 reparationer,
1421 1745 47 19 nu
1483 1734 137 37 500,000
1635 1733 137 37 kronor,

272 1791 77 30 med
372 1789 115 34 25.000
509 1789 126 31 kronor
658 1788 52 31 till
733 1787 137 38 525,000
892 1787 134 30 kronor.

325 1885 68 30 Det
427 1882 170 32 ordinarie
630 1880 385 40 reservationsanslaget
1049 1879 52 31 till
1124 1878 199 41 byggnader
1346 1877 63 32 och
1432 1877 241 41 reparationer,
1698 1887 75 21 som

272 1935 53 31 för
346 1934 204 41 budgetåret
584 1932 179 32 1925/1926
786 1942 59 20 var
868 1930 139 42 uppfört
1030 1929 78 31 med
1130 1929 137 37 450,000
1288 1928 136 37 kronor,
1448 1928 122 41 höjdes
1594 1927 78 31 med
1694 1927 80 30 hän-

274 1996 63 30 syn
372 1985 52 30 till
451 1984 173 41 ökningen
651 1994 39 20 av
713 1982 151 31 kronans
887 1981 108 31 under
1017 1979 371 42 byggnadsstyrelsens
1410 1979 82 30 vård
1516 1978 124 31 ställda
1662 1978 113 41 fastig-

273 2034 225 32 hetsbestånd
521 2034 52 31 för
595 2033 203 41 budgetåret
823 2031 177 39 1926/1927
1025 2031 53 30 till
1100 2030 136 37 300,000
1257 2029 137 38 kronor,
1418 2029 77 31 med
1518 2029 105 30 vilket
1645 2028 130 42 belopp

273 2086 155 40 anslaget
448 2084 124 42 jämväl
595 2084 86 31 varit
703 2084 167 40 upptaget
892 2081 52 31 för
966 2080 211 42 budgetåren
1202 2080 189 39 1927/1929.
1423 2079 174 41 Därjämte
1621 2079 85 31 hava
1722 2079 54 31 till

273 2135 231 41 förstärkning
537 2146 40 19 av
609 2134 149 31 nämnda
791 2133 119 40 anslag
942 2131 110 31 under
1084 2131 81 31 fiera
1198 2132 37 29 år
1268 2130 153 31 anvisats
1454 2132 95 28 extra
1572 2129 126 41 anslag,
1723 2129 53 31 för

273 2187 211 40 budgetåren
520 2185 178 39 1926/1929
722 2184 52 31 till
797 2183 127 41 belopp
948 2193 39 20 av
1010 2181 192 41 respektive
1225 2181 145 38 600,000,
1395 2181 135 37 800,000
1553 2180 64 31 och
1640 2180 136 38 850,000

274 2237 134 31 kronor.

326 2286 144 32 Jämlikt
491 2285 223 41 medgivande
738 2295 40 20 av
801 2283 265 32 statsmakterna
1088 2282 85 31 hava
1189 2293 40 20 av
1244 2283 74 29 vart
1334 2281 64 31 och
1415 2283 48 29 ett
1478 2292 40 20 av
1534 2281 42 30 de
1592 2281 52 31 för
1659 2280 117 41 ifråga-

274 2337 148 31 varande
455 2336 157 31 ändamål
644 2334 110 32 under
788 2333 213 32 sistnämnda
1035 2335 50 28 tre
1118 2332 168 41 budgetår
1321 2331 143 32 sålunda
1486 2331 212 41 tillgängliga
1721 2331 55 31 be-

274 2389 137 40 loppen,
445 2386 193 41 respektive
674 2385 174 38 1,100,000,
886 2383 164 38 1,300,000
1078 2383 63 31 och
1167 2382 166 38 1,350,000
1354 2382 134 37 kronor,
1513 2384 50 28 ett
1584 2381 128 41 belopp
1736 2392 40 20 av

274 2438 116 38 50,000
411 2437 127 31 kronor
560 2436 103 41 tagits
686 2435 11 31 i
721 2435 148 41 anspråk
891 2434 52 31 för
966 2433 125 32 sådana
1116 2432 392 41 restaureringsarbeten
1524 2434 19 28 å
1558 2432 141 30 Kalmar
1711 2432 65 30 och
