1892 2814
242 162 42 30 40
727 163 231 26 Statsutskottets
981 161 147 28 utlåtande
1151 161 48 27 Nr
1222 162 27 27 6.

296 237 209 41 Reparation
530 247 40 20 av
592 236 87 41 golv,
703 235 296 41 rivningsarbeten
1024 246 41 20 m.
1090 246 78 20 m....
1653 235 95 37 2,000

295 278 144 32 Arbetet
469 278 111 31 skulle
603 278 159 31 bedrivas
786 280 45 35 så,
855 279 50 29 att
928 277 164 41 ställning
1115 260 135 48 endast
1261 260 189 58 uppfördes
1473 260 65 47 för
1549 288 41 20 en

243 321 82 30 eller
359 323 49 28 ett
442 331 61 31 par
530 299 405 67 kolonnuppställningar
958 319 64 31 och
1046 319 272 31 mellanvarande
1341 319 177 41 väggparti
1540 319 52 31 för

242 363 92 40 varje
357 365 97 39 gång,
478 362 146 31 varefter
646 362 65 31 den
736 361 213 42 förflyttades
973 362 11 30 i
1007 363 77 29 mån
1108 372 74 20 som
1205 360 385 49 restaureringsarbetet

242 405 202 31 fortskrede.
490 404 50 31 På
562 406 37 29 så
623 406 68 29 sätt
714 404 109 31 skulle
846 404 136 30 avbrott
1005 403 11 31 i
1039 403 132 31 arbetet
1193 403 116 31 kunna
1331 403 68 37 ske,
1425 404 62 29 när
1509 402 81 32 riks-

244 447 92 31 salen
360 446 183 31 emellanåt
566 446 155 31 behövde
744 448 95 39 tagas
861 446 11 30 i
895 445 97 31 bruk.

295 489 68 30 För
387 488 202 41 ställningar
610 488 213 31 beräknades
878 512 2 2 «=.
914 512 324 2 ee-eeseoeeec-
1374 512 2 2 :
1502 512 82 2 >
1632 486 116 37 10000

295 530 144 32 Diverse
463 514 244 47 omkostnader
730 530 64 31 och
818 512 224 49 oförutsedda
1054 508 157 66 utgifter,
1238 512 346 48 154
1631 529 116 37 23,000

296 572 191 42 Ritningar,
511 572 159 38 kontroll,
694 572 119 41 tillsyn
837 583 41 19 m.
903 583 53 26 m.,
981 572 126 30 kronor
1129 571 94 38 5,000
1246 582 41 30 pr
1309 572 67 29 år...
1408 596 2 2 ..
1502 596 36 2 =
1633 571 114 32 10.000

1300 629 141 31 Summa
1463 630 126 31 kronor
1613 629 135 39 187,000

532 723 185 41 Tillfälliga
740 724 231 39 anordningar,
996 723 171 41 möblering
1191 723 53 31 och
1267 723 194 40 utrustning.
1624 733 124 24 Kronor.

295 783 147 31 Podium
467 782 52 31 för
542 783 154 31 orkester
718 782 215 31 anordnades
956 784 51 29 att
1027 782 114 31 kunna
1156 782 64 31 lätt
1236 783 180 69 uppsättas
1433 781 64 31 och
1514 781 76 31 ned-

242 827 91 39 tagas
339 821 23 49 ..
1651 824 96 39 4,000

296 848 228 50 Permanenta
532 848 238 59 anordningar
776 850 60 47 för
851 848 166 59 tillfälligt
1033 848 241 88 uppsättande
1280 877 40 19 av
1328 848 143 49 slottets
1483 848 106 48 vävda

242 911 141 39 tapeter,
407 909 201 40 förslagsvis
686 934 2 2 —...
1570 932 16 4 .-
1632 908 117 37 20,000

295 951 138 38 Mattor,
457 950 194 32 beräknade
675 932 95 50 efter
783 962 41 19 en
847 932 148 49 kostnad
1019 961 40 20 av
1082 950 40 31 20
1134 932 136 48 kronor
1293 932 40 58 pr
1342 932 116 49 kvm.
1502 974 82 4 oo.
1654 950 96 37 8,000

296 977 258 47 Tronhimmeln
589 993 150 31 befunne
763 993 53 40 sig
837 992 11 31 i
872 992 123 31 sådant
1019 992 103 37 skick,
1146 994 51 29 att
1219 992 53 30 för
1294 991 80 32 dess
1397 976 192 47 bevarande

242 1034 11 31 i
286 1035 169 31 rikssalen
490 1046 41 20 en
565 1034 231 41 restaurering
824 1045 80 20 vore
926 1014 210 94 nödvändig;
1159 1034 116 31 härför
1297 1033 87 32 hade
1407 1034 183 31 beräknats

243 1087 41 20 en
307 1077 149 31 kostnad
479 1088 347 20 AV=ssrsnmvsesdnredrs
846 1102 60 2 stan
929 1073 45 44 sdig
976 1100 58 4 peers
1146 1102 130 2 SNS
1434 1102 150 2 sernesnnenar
1654 1076 95 34 2,000

1322 1102 141 64 Summa
1485 1135 126 31 kronor
1633 1135 116 38 34,000

295 1194 17 30 I
347 1193 167 32 samband
547 1193 78 32 med
648 1194 67 31 den
738 1195 89 40 yttre
849 1193 275 48 restaureringen
1147 1204 40 20 av
1210 1193 120 31 slottet
1352 1193 88 31 hade
1463 1193 126 31 kultur-

242 1235 187 32 historiska
462 1235 297 49 undersökningar
793 1235 63 32 och
889 1235 202 41 grävningar
1124 1235 125 31 utförts
1283 1235 75 31 dels
1385 1237 45 38 på
1454 1236 138 30 slottets

242 1277 178 42 borggård,
456 1278 75 31 dels
564 1280 84 29 även
675 1289 12 19 i
710 1288 101 21 norra
835 1278 247 41 slottslängans
1104 1277 135 31 källare.
1285 1277 67 31 Vid
1375 1277 103 31 dessa
1500 1279 90 38 gräv-

243 1320 121 40 ningar
386 1319 89 32 hade
498 1320 12 30 i
533 1331 101 20 norra
656 1320 143 41 längans
821 1320 126 30 källare
970 1319 162 41 klarlagts
1154 1319 196 41 betydande
1366 1319 95 31 delar
1477 1330 40 20 av
1533 1319 58 31 det

243 1361 186 32 medeltida
451 1362 129 32 slottet.
625 1362 127 31 Vidare
775 1361 86 32 hade
886 1361 109 31 under
1017 1361 149 32 arbetets
1190 1363 89 40 gång
1294 1362 107 40 gjorts
1417 1361 74 31 rika
1507 1361 83 41 fynd

243 1404 73 31 från
350 1404 91 31 olika
475 1404 166 41 perioder.
687 1404 63 31 Ett
778 1404 107 31 starkt
908 1404 177 30 önskemål
1107 1403 87 31 hade
1216 1403 88 31 varit
1326 1405 50 29 att
1397 1403 70 31 låta
1490 1404 101 30 dessa

243 1446 242 41 utgrävningar
507 1446 110 31 hållas
641 1448 115 39 öppna
779 1446 63 31 och
864 1447 82 40 göra
969 1446 78 30 dem
1071 1446 63 31 och
1158 1445 118 31 därvid
1293 1445 119 41 gjorda
1427 1445 85 41 fynd
1527 1445 62 31 till-

243 1488 158 41 gängliga
430 1488 53 31 för
505 1488 153 31 forskare
681 1488 65 31 och
769 1488 66 31 den
858 1487 231 32 intresserade
1111 1487 239 32 allmänheten.
1395 1488 107 30 Detta
1525 1487 66 31 mål

244 1530 109 31 skulle
385 1530 117 31 kunna
524 1532 71 36 nås,
621 1541 54 20 om
699 1532 45 39 på
766 1530 155 41 lämpligt
944 1532 69 29 sätt
1037 1532 79 29 över
1138 1529 381 42 utgrävningsområdet
1542 1531 49 30 ett

243 1572 230 41 provisoriskt
496 1572 131 41 trägolv
649 1572 134 31 inlades
806 1572 63 31 och
892 1572 231 41 anordningar
1145 1572 157 41 vidtoges
1318 1572 52 31 för
1385 1572 43 31 de
1445 1583 47 20 nu
1509 1583 81 30 upp-

243 1614 136 41 lagrade
412 1613 281 41 fyndföremålen.
739 1614 68 31 Det
839 1625 79 20 vore
953 1614 170 38 önskvärt,
1148 1615 50 30 att
1221 1614 94 31 detta
1338 1614 116 31 arbete
1478 1614 113 31 kunde

243 1656 136 31 komma
407 1657 54 30 till
483 1656 182 31 utförande
689 1656 109 31 under
820 1656 205 31 kommande
1048 1658 45 29 år.
1138 1656 69 31 För
1229 1656 199 41 inläggning
1450 1667 41 20 av
1514 1656 77 41 golv

245 1698 216 31 erfordrades
484 1700 50 29 ett
555 1698 128 41 belopp
707 1710 41 19 av
1654 1697 96 39 9,000

298 1742 88 29 samt
413 1740 53 31 för
489 1740 134 31 diverse
645 1724 344 86 inredningsarbeten
1008 1722 70 49 och
1088 1722 244 88 anordningar
1353 1724 57 47 för
1424 1724 168 86 uppställ-

245 1782 83 41 ning
350 1793 41 20 av
412 1783 108 30 funna
541 1782 173 32 föremål
687 1778 29 50 ..
814 1808 130 2 ESSIN
964 1808 60 2 SSESESN
1158 1808 26 2 NN

1304 1808 141 64 Summa
1467 1841 125 31 kronor
1637 1840 114 38 15,000

303 1917 166 41 Samtliga
492 1928 87 20 ovan
602 1917 145 41 angivna
769 1917 139 31 arbeten
933 1917 111 31 skulle
1068 1917 132 31 således
1217 1917 104 41 draga
1336 1928 42 20 en
1394 1917 148 31 kostnad
1558 1928 40 20 av
1614 1917 137 39 236,000

245 1960 135 37 kronor,
405 1959 64 31 och
493 1959 198 41 föresloges,
715 1961 50 29 att
788 1959 42 31 de
852 1959 146 41 angivna
1020 1959 161 31 arbetena
1203 1959 135 31 komme
1360 1959 53 31 till
1437 1959 181 31 utförande
1640 1959 111 31 under

245 2002 121 41 loppet
388 2012 41 20 av
451 2002 57 30 två
530 2002 45 30 år.

299 2052 68 30 För
390 2062 84 31 egen
498 2051 56 31 del
576 2052 62 30 har
660 2051 343 41 departementschefen
1026 2051 11 31 i
1060 2051 141 31 ärendet
1224 2052 113 31 anfört
1359 2051 167 41 följande:

308 2102 195 31 »Rikssalen
541 2103 19 29 å
594 2101 220 32 Stockholms
837 2101 84 32 slott
944 2103 36 29 är
1003 2112 43 20 en
1069 2113 40 19 av
1130 2101 137 32 landets
1291 2102 192 41 ståtligaste
1507 2102 176 41 skapelser
1706 2104 46 39 på

246 2151 353 32 innerarkitekturens
622 2151 147 32 område.
816 2151 132 32 Genom
973 2151 109 32 under
1106 2152 177 31 1800-talet
1305 2152 161 41 vidtagna
1489 2152 165 41 åtgärder,
1679 2152 72 31 ofta

247 2213 40 20 av
309 2202 213 42 provisorisk
545 2204 60 36 art,
635 2202 5 30 i
663 2201 170 32 avseende
856 2204 18 29 å
889 2201 229 42 inredningen
1144 2202 156 31 befinner
1317 2202 52 41 sig
1385 2202 179 32 dessvärre
1580 2202 169 32 rikssalen

248 2264 140 20 numera
410 2252 12 31 i
446 2254 49 29 ett
519 2252 103 37 skick,
647 2263 74 20 som
745 2252 185 41 ingalunda
952 2252 67 31 kan
1042 2252 184 31 betecknas
1249 2253 133 41 värdigt
1405 2253 113 31 denna
1541 2253 52 31 för
1615 2253 136 31 landets

247 2303 140 31 främsta
410 2302 406 42 representationsbehov
840 2303 149 31 avsedda
1014 2302 58 32 sal.
1115 2303 104 31 Detta
1235 2303 300 31 missförhållande
1552 2304 60 30 har
1626 2303 126 41 jämväl

249 2355 43 39 på
315 2364 119 20 senare
458 2352 96 32 tiden
570 2352 57 32 vid
643 2353 198 41 upprepade
858 2353 158 31 tillfällen
1032 2353 204 31 framhållits
1253 2364 40 20 av
1308 2353 105 31 bland
1430 2353 106 31 andra
1549 2353 203 41 riksdagens

249 2405 80 29 åren
345 2403 80 31 1920
438 2403 63 31 och
517 2403 81 31 1925
610 2402 205 32 församlade
827 2403 177 31 revisorer.
1031 2402 150 32 Sålunda
1193 2403 141 31 anförde
1348 2403 214 32 sistnämnda
1574 2403 177 38 revisorer,

249 2455 50 29 att
321 2453 58 31 det
402 2453 108 41 enligt
533 2453 99 31 deras
656 2453 139 41 mening
816 2453 74 31 icke
906 2453 117 31 kunde
1039 2464 101 21 anses
1156 2453 193 42 försvarligt
1365 2456 49 28 att
1430 2454 116 41 lingre
1563 2454 190 41 uppskjuta
