2238 2608
727 173 263 33 Statsutskottets
1012 170 164 33 memorial
1198 170 52 30 Nr
1271 170 50 30 89.
1768 165 17 28 3

362 263 142 37 Vidare
545 263 97 36 hade
682 262 89 36 herr
806 262 48 34 H.
900 259 94 44 Wijk
1020 257 12 36 i
1060 270 45 23 en
1146 256 101 36 inom
1288 254 133 36 Andra
1459 252 220 36 kammaren
1716 248 115 37 väckt

231 314 143 36 motion
415 312 59 48 (nr
513 311 85 48 261)
641 311 208 45 hemställt,
878 315 55 31 att
960 308 234 48 Riksdagen,
1223 305 87 37 med
1340 303 125 48 afslag
1490 305 19 33 å
1532 300 142 49 Kungl.
1703 299 128 48 Maj:ts

230 365 239 49 proposition
509 378 45 21 nr
584 366 16 33 1
630 363 11 35 i
669 362 101 36 hvad
810 363 84 34 mån
925 359 74 36 den
1027 363 61 32 rör
1116 356 136 48 anslag
1279 354 58 38 till
1365 353 235 49 påbörjande
1629 351 42 36 af
1696 364 47 22 en
1774 351 57 35 1:a

230 415 176 37 klassens
448 413 218 51 pansarbåt,
707 412 90 37 ville
839 410 162 46 besluta,
1039 413 54 32 att
1119 407 57 36 till
1205 420 43 23 en
1279 405 91 37 fond
1399 405 60 35 för
1486 401 280 51 nybyggnader
1795 403 37 33 åt

231 467 147 45 flottan,
420 470 55 32 att
514 464 194 37 användas
746 465 49 46 på
829 466 75 31 sätt
930 459 222 48 Riksdagen
1177 463 93 43 äger
1294 461 55 31 att
1376 453 207 38 framdeles
1607 453 226 44 bestämma,

232 520 48 45 på
308 521 107 32 extra
443 521 77 30 stat
545 515 58 36 för
631 518 40 32 år
701 515 95 34 1912
826 511 132 37 anvisa
986 514 55 32 ett
1066 509 136 47 anslag
1231 507 41 35 af
1296 505 201 48 2,500,000
1524 503 151 36 kronor.

365 565 233 49 Ytterligare
634 563 98 36 hade
774 563 87 36 herr
901 562 44 35 ÅA.
981 562 36 34 J.
1051 560 256 35 Christiernson
1334 556 11 36 i
1374 568 46 23 en
1448 554 101 36 inom
1579 553 131 37 Andra
1737 551 100 36 kam-

233 630 131 24 maren
392 617 113 36 väckt
532 614 141 37 motion
703 611 59 48 (nr
791 610 83 47 144)
896 609 206 46 hemställt,
1123 614 55 31 att
1196 607 222 47 Riksdagen
1438 608 116 33 måtte
1575 602 97 38 afslå
1691 600 142 49 Kungl.

233 668 126 48 Maj:ts
402 665 283 48 framställning
713 663 120 36 under
861 662 117 36 femte
1006 658 258 38 hufvudtiteln
1293 671 61 22 om
1383 660 55 32 ett
1466 654 135 48 anslag
1628 653 42 36 af
1694 653 141 36 kronor

233 719 200 46 4,000,000
462 717 59 36 för
548 714 253 50 påbörjandet
829 713 39 36 af
892 725 46 23 en
970 713 57 34 1:a
1054 710 104 36 klass
1186 703 220 59 pansarbåt.

369 767 197 38 Utskottet
593 766 67 36 har
688 765 11 35 i
720 766 114 45 punkt
859 767 83 33 20:0
970 761 41 36 af
1036 761 66 36 sitt
1129 760 115 37 ofvan
1264 756 233 39 omnämnda
1516 753 197 38 utlåtande
1733 752 104 36 hem-

235 818 116 46 ställt,
380 823 54 31 att
461 817 232 47 Riksdagen,
723 814 86 37 med
839 812 125 48 afslag
993 815 20 33 å
1040 811 87 36 herr
1141 811 44 36 E.
1204 809 214 36 Beckmans
1434 806 99 36 m.
1497 800 52 68 fl.
1554 804 143 37 motion
1714 817 44 22 nr
1775 805 58 43 62,

235 869 88 36 herr
350 869 46 36 K.
427 867 139 38 Staaffs
594 881 46 21 m.
669 866 35 36 fl.
734 863 144 38 motion
902 877 45 21 nr
961 864 84 44 222,
1062 861 87 36 herr
1161 860 46 36 H.
1224 859 123 48 Wijks
1361 857 144 36 motion
1517 869 44 22 nr
1578 857 69 34 261
1666 854 71 36 och
1751 854 87 36 herr

236 921 41 35 ÅA.
299 919 35 37 J.
350 918 305 38 Christiernsons
672 914 144 38 motion
832 927 44 23 nr
893 914 82 45 144,
991 915 117 33 måtte
1122 911 58 36 till
1195 908 300 51 nyanskaffning
1511 905 41 37 af
1563 905 279 48 krigsfartygs-

237 968 173 38 materiel
437 968 140 48 bevilja
596 970 48 46 på
663 971 108 31 extra
795 969 75 32 stat
897 963 58 37 för
984 965 41 34 år
1050 963 94 35 1912
1174 965 55 32 ett
1256 959 136 46 anslag
1412 957 41 37 af
1468 956 199 46 4,630,000
1686 954 152 36 kronor.

371 1020 18 35 I
416 1032 48 23 en
505 1018 63 36 vid
602 1017 208 36 utskottets
838 1013 198 38 utlåtande
1061 1011 116 50 fogad
1205 1008 239 39 reservation
1472 1007 115 36 hafva
1615 1006 88 36 herr
1731 1006 37 35 J.
1800 1006 37 34 TI.

237 1073 158 35 Larsson
422 1083 48 23 m.
495 1069 36 36 fl.
561 1066 206 46 hemställt,

372 1119 35 47 a)
436 1124 55 32 att
517 1118 221 48 Riksdagen
765 1115 88 37 med
881 1114 128 49 afslag
1038 1115 20 34 å
1084 1111 142 49 Kungl.
1255 1109 127 49 Maj:ts
1410 1106 294 50 ifrågavarande
1724 1105 115 36 fram-

238 1171 186 48 ställning
451 1170 11 35 i
490 1169 101 36 hvad
619 1169 74 36 den
721 1167 102 37 afser
851 1171 55 31 ett
934 1163 136 48 anslag
1099 1163 40 36 af
1164 1161 200 47 4,000,000
1391 1160 142 35 kronor
1560 1157 58 36 för
1637 1154 203 51 påbörjan-

239 1222 65 36 det
346 1221 41 36 af
424 1233 48 23 en
515 1221 17 34 1
562 1219 49 36 kl.
639 1217 209 50 pansarbåt
875 1228 88 23 men
992 1213 87 37 med
1102 1212 108 37 bifall
1236 1211 59 36 till
1322 1208 334 48 framställningen
1683 1206 12 36 i
1723 1205 118 47 öfrigt

239 1275 118 33 måtte
398 1270 58 36 till
492 1268 298 51 nyanskaffning
830 1265 42 37 af
908 1260 438 53 krigsfartygsmateriel
1387 1258 141 49 bevilja
1554 1261 50 46 på
1631 1262 108 31 extra
1766 1260 77 32 stat

243 1323 58 36 för
331 1325 39 33 år
401 1322 95 35 1912
525 1325 55 31 ett
608 1319 136 47 anslag
773 1317 40 36 af
840 1316 160 46 750,000
1027 1314 154 44 kronor;

374 1370 37 48 b)
452 1376 56 31 att
536 1370 85 36 herr
647 1369 124 47 Wijks
799 1364 253 39 förenämnda
1080 1364 142 36 motion
1252 1361 126 37 såvidt
1401 1361 75 35 den
1505 1358 101 36 afser
1634 1355 210 38 anvisande

241 1424 41 36 af
308 1427 55 33 ett
391 1421 136 48 anslag
554 1420 56 37 till
638 1433 46 23 en
712 1418 92 37 fond
834 1417 57 37 för
911 1414 284 51 nybyggnader
1215 1416 37 34 åt
1272 1412 134 36 flottan
1427 1410 42 36 af
1485 1409 197 47 2,500,000
1701 1407 141 36 kronor

242 1477 117 34 måtte
388 1472 42 37 af
453 1471 222 48 Riksdagen
704 1468 128 46 afslås,
861 1472 100 31 samt

376 1521 31 47 c)
439 1527 54 32 att
521 1522 85 36 herr
629 1521 42 36 E.
700 1519 215 37 Beckmans
940 1530 47 23 m.
1017 1516 36 36 fl.
1082 1519 129 37 moton
1240 1526 45 23 nr
1313 1514 59 45 62,
1401 1511 87 36 herr
1507 1510 46 36 K.
1574 1508 138 37 Staaffs
1736 1520 48 23 m.
1805 1507 35 36 AL.

243 1574 143 37 motion
414 1586 45 23 nr
487 1574 84 45 222,
599 1571 87 36 herr
713 1570 46 36 H.
790 1568 122 48 Wijks
940 1566 145 37 motion
1112 1578 44 23 nr
1184 1565 68 36 261
1285 1562 71 37 och
1384 1562 89 36 herr
1493 1559 99 38 A.J.
1614 1557 229 39 Christiern-

243 1638 90 23 sons
373 1623 146 37 motion
555 1637 44 21 nr
641 1622 71 35 144
754 1622 117 33 måtte
908 1617 64 36 vid
1005 1615 106 38 bifall
1140 1614 58 37 till
1226 1613 100 37 hvad
1354 1611 122 37 under
1505 1624 111 23 mom.
1647 1607 33 48 a)
1705 1608 73 37 och
1804 1605 39 47 b)

243 1674 221 48 föreslagits
493 1685 112 24 anses
632 1684 92 24 vara
751 1670 58 36 till
839 1668 93 36 fullo
960 1666 223 37 besvarade.

378 1724 136 36 Första
548 1723 222 35 kammaren
811 1719 68 35 har
912 1716 140 38 bifallit
1076 1715 101 36 hvad
1200 1714 189 37 utskottet
1411 1709 206 45 hemställt,
1645 1709 200 36 hvaremot

243 1776 132 38 Andra
411 1775 221 36 kammaren
672 1769 140 39 bifallit
840 1769 74 36 den
943 1768 42 36 af
1009 1768 87 35 herr
1118 1766 35 36 J.
1183 1765 41 36 T.
1254 1765 168 35 Larsson
1451 1775 47 22 m.
1526 1761 36 35 fl.
1592 1759 159 49 afgifna,
1781 1757 64 38 vid

243 1826 173 51 punkten
444 1823 141 49 fogade
612 1820 298 39 reservationen.

378 1876 58 36 Då
474 1877 125 34 denna
638 1873 110 48 fråga
789 1868 159 39 sålunda
990 1870 119 34 måste
1151 1865 155 49 afgöras
1347 1876 139 36 genom
1514 1873 223 37 gemensam
1766 1872 79 23 om-

246 1926 177 49 röstning
450 1925 57 37 får
535 1924 187 37 utskottet
749 1920 141 38 föreslå
917 1918 169 49 följande
1112 1908 454 60 voteringsproposition:

384 2027 104 35 »Den
530 2038 92 32 som,
663 2023 11 36 i
712 2022 121 36 likhet
875 2020 87 36 med
997 2018 135 36 Första
1172 2016 235 41 kammaren,
1434 2013 79 46 vill,
1542 2018 55 31 att
1622 2010 223 47 Riksdagen

248 2080 60 34 må
346 2076 58 36 till
445 2073 297 51 nyanskaffning
775 2072 41 36 af
839 2066 438 52 krigsfartygsmateriel
1304 2063 141 48 bevilja
1471 2066 50 45 på
1548 2068 107 31 extra
1684 2066 76 30 stat
1786 2060 60 36 för

249 2132 40 32 år
319 2129 95 33 1912
443 2131 55 31 ett
526 2124 135 48 anslag
689 2123 42 36 af
755 2122 200 46 4,630,900
983 2119 152 45 kronor,
1164 2120 124 33 röstar

1014 2219 67 45 Ja;
