1908 2838
510 139 380 32 Jordbruksutskottets
916 138 175 32 utlåtande
1116 138 49 31 Nr
1194 139 48 30 91.
1584 132 40 30 30

117 236 63 28 gen
213 237 42 20 av
287 227 177 35 egendom,
497 235 76 20 som
595 235 46 20 nu
663 226 39 29 är
724 224 108 36 fråga,
854 225 120 29 kunna
996 224 167 35 uppdelas
1187 222 20 31 å
1227 223 86 29 flera
1336 221 286 30 ekonominämn-

118 279 68 29 der.

162 329 66 29 För
248 327 216 30 närvarande
484 326 112 30 finnes
617 334 198 28 gemensam
835 323 298 37 fondförvaltning
1154 324 10 29 i
1183 323 97 36 fråga
1300 332 57 21 om
1376 321 152 38 Venjans
1549 330 71 22 soc-

120 380 83 29 kens
235 377 358 36 skogsmedelsfonder
623 376 65 30 och
720 375 268 30 folkskolefond.
1044 374 177 37 Därjämte
1252 374 99 35 hava,
1383 372 115 31 såsom
1530 372 93 30 förut

118 430 149 33 nämnts,
292 427 97 30 Lima
411 427 66 30 och
499 427 232 29 Transtrands
753 427 147 29 socknar
923 435 42 20 en
987 433 197 28 gemensam
1206 423 332 38 skogsmedelsfond,
1562 422 60 31 vil-

119 480 67 29 ken
209 478 163 30 förvaltas
397 487 42 21 av
463 487 42 21 en
529 477 140 38 styrelse
692 476 184 31 bestående
899 486 42 20 av
966 476 219 34 ordförande,
1211 475 123 30 utsedd
1359 483 42 22 av
1426 473 196 38 länsstyrel-

119 538 69 26 sen,
213 529 65 29 och
301 528 57 30 två
381 528 199 36 ledamöter,
606 537 42 20 av
673 527 92 31 vilka
788 537 43 20 en
855 530 92 27 utses
972 536 43 21 av
1039 527 184 35 delägarna
1248 525 10 30 i
1282 525 146 30 vardera
1453 525 169 30 socknens

120 579 294 37 besparingsskog.
464 578 115 37 Enligt
603 578 73 30 min
701 578 138 36 mening
863 577 165 37 föreligga
1054 576 74 31 icke
1154 575 205 37 tillräckliga
1385 575 76 30 skäl
1486 578 58 32 att,
1571 573 52 32 så-

118 639 75 20 som
220 629 289 30 kommissionens
536 629 127 36 förslag
691 629 153 35 innebär,
871 629 165 36 upphäva
1064 628 112 30 denna
1204 625 418 38 gemensamhetsförvalt-

119 679 92 37 ning,
229 683 83 27 utan
330 680 97 30 torde
444 679 11 30 i
472 679 259 37 lagstiftningen
749 678 179 37 möjlighet
946 679 84 30 böra
1051 679 130 36 öppnas
1200 678 54 29 för
1274 677 76 30 dess
1369 675 253 31 bibehållande.

118 731 162 30 Yrkande
303 730 111 37 härpå
436 731 65 30 har
521 730 105 30 också
648 730 182 30 framförts
852 739 42 20 av
916 729 91 30 vissa
1028 729 157 35 delägare
1208 728 10 29 i
1240 727 240 37 nyssnämnda
1502 726 124 30 fonder

120 782 163 29 ävensom
307 781 210 30 understötts
541 790 42 20 av
606 780 243 37 länsstyrelsen
873 779 11 30 i
907 779 102 31 länet.
1057 779 67 30 För
1145 777 274 38 möjliggörande
1444 786 42 21 av
1510 777 114 30 denna

119 830 488 37 gemensamhetsförvaltning
626 831 98 30 torde
742 840 82 20 vara
845 830 167 37 lämpligt,
1033 832 48 28 att
1105 828 5 31 i
1129 829 98 36 lagen
1246 829 134 30 lämnas
1400 837 43 21 en
1462 827 161 36 befogen-

120 882 57 30 het
199 881 34 31 åt
256 882 121 36 Kungl.
404 881 101 37 Maj:t
530 884 47 28 att
600 881 158 31 meddela
782 881 41 30 de
847 880 269 35 bestämmelser,
1141 889 74 21 som
1238 880 60 29 äro
1321 877 224 37 erforderliga
1570 877 55 31 för

119 932 154 30 nämnda
296 932 139 30 fonders
456 932 210 36 förvaltning
687 934 83 28 utan
792 931 123 30 hinder
937 940 42 21 av
1001 931 67 30 vad
1089 930 11 30 i
1122 930 109 36 övrigt
1252 930 10 30 i
1284 930 99 36 lagen
1405 929 137 36 stadgas
1565 937 59 21 an-

113 982 132 37 gående
270 983 354 36 fondförvaltningen.
660 983 66 35 Att,
755 981 115 31 såsom
895 982 10 30 i
932 982 90 30 vissa
1048 981 184 36 yttranden
1257 979 208 37 ifrågasatts,
1491 979 10 30 i
1525 979 99 36 lagen

117 1033 115 31 införa
262 1033 170 31 särskilda
465 1034 259 29 bestämmelser
757 1033 55 30 för
842 1035 49 28 att
921 1032 204 36 möjliggöra
1158 1031 162 30 utseende
1353 1040 41 20 av
1426 1038 198 28 gemensam

116 1084 377 36 allmänningsstyrelse
520 1083 55 31 för
602 1082 57 32 två
683 1084 83 30 eller
793 1083 87 30 flera
909 1082 360 36 allmänningsskogar
1295 1082 65 29 har
1385 1081 57 37 jag
1467 1081 158 30 däremot

117 1134 75 31 icke
217 1134 115 31 funnit
358 1134 168 37 lämpligt.
567 1134 194 36 Delägarna
787 1133 10 30 i
825 1134 172 35 skogarna
1023 1133 98 30 torde
1147 1133 87 29 även
1261 1132 110 37 själva
1399 1131 9 30 i
1435 1131 189 30 allmänhet

117 1180 83 35 vara
222 1188 93 27 emot
340 1194 41 21 en
406 1184 96 37 dylik
525 1184 389 36 förvaltningsordning.

166 1234 121 31 Såsom
303 1234 153 36 framgår
473 1244 41 21 av
531 1235 66 30 den
612 1234 94 31 förut
723 1235 161 30 lämnade
903 1234 239 36 redogörelsen
1159 1234 54 30 för
1230 1233 160 37 gällande
1407 1232 218 31 bestämmel-

122 1294 52 21 ser
197 1286 80 35 äger
298 1285 53 30 för
374 1285 218 30 närvarande
614 1285 244 37 länsstyrelsen
882 1283 10 31 i
916 1284 99 37 fråga
1038 1293 57 21 om
1120 1284 41 30 de
1184 1284 168 38 styrelser,
1378 1292 76 22 som
1478 1283 148 30 förvalta

120 1336 43 30 de
190 1344 42 21 av
262 1336 391 36 besparingsskogarnas
681 1335 205 37 avkastning
916 1335 139 30 bildade
1083 1334 415 37 skogsmedelsfonderna,
1527 1334 11 29 i
1566 1333 59 31 all-

121 1386 142 30 mänhet
290 1388 73 28 utse
390 1386 211 30 ordförande
628 1385 11 31 i
665 1385 216 38 styrelserna.
934 1385 137 31 Jämväl
1098 1385 11 30 i
1134 1385 205 37 styrelserna
1367 1385 54 30 för
1448 1384 90 31 vissa
1566 1384 59 30 all-

123 1436 320 36 männingsskogar,
463 1436 174 36 nämligen
657 1437 132 29 Hamra
808 1436 176 37 kapellags
1005 1435 286 37 besparingsskog
1311 1435 10 30 i
1342 1434 207 37 Gävleborgs
1569 1434 58 30 län

122 1486 64 29 och
202 1486 241 36 nybyggarnas
461 1486 169 30 särskilda
646 1486 255 36 allmänningar
918 1486 10 30 i
946 1486 223 30 Norrbottens
1186 1486 68 35 län,
1271 1488 92 28 utses
1382 1495 42 20 en
1441 1484 81 31 eller
1540 1484 86 31 flera

120 1536 331 36 styrelseledamöter
473 1545 43 21 av
538 1537 228 36 länsstyrelse.
790 1536 52 31 Då
865 1535 180 37 möjlighet
1068 1539 48 27 att
1137 1535 174 31 bibehålla
1335 1536 113 30 denna
1472 1535 156 36 ordning,

120 1586 64 30 där
202 1585 37 31 så
257 1586 113 31 finnes
389 1587 176 36 önskvärt,
586 1596 100 28 synes
705 1588 85 29 böra
810 1586 51 31 stå
880 1588 124 35 öppen,
1025 1587 96 30 torde
1139 1587 99 35 lagen
1256 1587 85 29 böra
1362 1585 168 37 medgiva,
1552 1588 48 27 att
1620 1584 9 30 i

121 1637 251 36 reglementena
394 1640 169 33 upptages
586 1637 189 36 föreskrift,
799 1640 49 27 att
870 1646 43 21 en
936 1637 152 30 ledamot
1110 1646 42 20 av
1175 1636 298 30 ekonominämnd
1496 1637 99 34 samt,
1620 1634 10 30 i

121 1686 99 38 fråga
234 1697 56 21 om
306 1687 132 32 Hamra
453 1687 176 37 kapellags
643 1687 290 37 besparingsskog
950 1688 82 30 eller
1048 1687 328 36 allmänningsskog,
1396 1696 74 20 som
1487 1686 138 30 särskilt

120 1741 129 27 avsatts
267 1738 54 30 för
337 1739 208 36 nybyggare,
563 1738 130 37 jämväl
711 1748 42 21 en
771 1739 80 30 eller
868 1738 88 30 flera
973 1739 189 29 ledamöter
1175 1747 42 21 av
1231 1737 399 36 allmänningsstyrelsen

122 1788 98 30 skola
239 1788 183 31 förordnas
443 1798 42 21 av
506 1789 253 36 länsstyrelsen.
791 1788 134 31 Arvode
945 1788 50 30 till
1016 1788 187 30 ledamöter
1224 1788 10 30 i
1255 1787 376 36 allmänningsstyrelse

123 1839 64 29 och
203 1839 296 30 ekonominämnd
514 1839 106 35 torde,
639 1839 9 29 i
665 1839 341 30 överensstämmelse
1023 1839 77 29 med
1117 1839 65 29 vad
1199 1848 46 20 nu
1263 1838 104 37 gäller
1384 1838 65 29 och
1466 1837 163 30 kommis-

122 1888 119 30 sionen
260 1890 85 29 även
365 1889 177 36 föreslagit
560 1888 114 31 såsom
694 1889 99 36 regel,
813 1889 85 29 böra
917 1888 87 30 efter
1024 1888 202 36 delägarnas
1245 1888 156 30 hörande
1420 1888 210 29 bestämmas

121 1948 44 20 av
181 1939 253 36 länsstyrelsen.

168 1988 52 29 En
240 1987 199 37 påfallande
457 1988 141 36 svaghet
616 1988 9 30 i
644 1988 41 30 de
704 1997 46 20 nu
772 1988 158 36 gällande
948 1988 252 35 reglementena
1222 1988 37 29 är
1278 1987 130 30 bristen
1429 1985 44 38 på
1493 1996 42 20 en
1554 1986 73 36 tyd-

124 2038 44 37 lig
194 2038 274 37 gränsdragning
495 2039 126 29 mellan
650 2039 67 29 den
743 2038 447 36 förvaltningsbefogenhet,
1217 2047 74 20 som
1320 2037 89 30 skall
1434 2037 194 29 tillkomma

122 2090 186 35 delägarna
330 2088 20 31 å
372 2098 65 21 ena
459 2089 109 36 sidan,
591 2089 65 30 och
680 2090 66 29 den
771 2099 73 20 som
867 2089 88 29 skall
977 2089 122 29 utövas
1123 2098 41 20 av
1187 2088 441 36 allmänningsstyrelserna

123 2139 18 31 å
161 2140 110 30 andra
292 2140 108 29 sidan.
443 2139 67 31 För
531 2139 234 37 avhjälpande
783 2149 42 20 av
844 2140 113 29 denna
976 2139 85 30 brist
1079 2139 64 29 har
1161 2138 271 30 kommissionen
1438 2134 18 46 i
1485 2138 55 29 sitt
1560 2138 67 29 för-

124 2191 80 35 slag,
239 2190 9 30 i
284 2190 201 36 anslutning
519 2190 50 30 till
593 2191 66 29 vad
683 2189 463 35 häradsallmänningslagen
1172 2189 212 30 härutinnan
1409 2188 218 34 föreskriver,

123 2241 156 35 upptagit
297 2250 41 20 en
359 2241 250 34 bestämmelse,
629 2243 49 27 att
699 2240 399 35 allmänningsstyrelsen
1119 2240 86 29 skall
1226 2241 103 28 utöva
1350 2239 204 35 delägarnas
1573 2239 55 28 be-

124 2291 225 29 slutanderätt
373 2290 10 29 i
406 2291 68 29 alla
497 2290 126 36 frågor,
646 2291 9 28 i
679 2291 91 28 vilka
794 2291 113 28 denna
930 2291 67 28 rätt
1022 2289 30 36 ej
1077 2297 121 27 genom
1224 2290 53 35 lag
1301 2290 80 28 eller
1405 2289 54 29 för
1485 2289 143 29 allmän-

123 2340 229 36 ningsskogen
378 2340 160 35 gällande
560 2341 204 35 reglemente
788 2340 230 35 uttryckligen
1044 2339 213 29 förbehållits
1282 2340 196 33 delägarna,
1502 2339 125 29 ekono-

124 2391 179 30 minämnd
324 2391 80 29 eller
427 2390 211 37 myndighet.
683 2391 65 29 Till
772 2391 64 28 vad
858 2390 270 29 kommissionen
1153 2391 8 28 i
1183 2390 91 29 detta
1297 2389 169 30 avseende
1489 2389 139 29 föresla-

123 2441 46 35 git
187 2441 68 30 kan
275 2440 57 37 jag
349 2441 69 29 helt
438 2441 136 30 ansluta
593 2441 78 35 mig.
713 2441 129 29 Genom
861 2450 40 20 en
920 2440 95 35 dylik
1035 2440 238 29 bestämmelse
1293 2440 68 29 kan
1381 2440 246 35 allmännings-
