2143 2655
387 204 114 31 Andra
529 203 219 32 Kammarens
772 203 189 41 Tillfälliga
988 203 144 33 Utskotts
1155 204 79 42 (N:o
1258 205 38 40 £)
1325 203 174 33 Utlåtande
1522 204 64 32 N:o
1611 208 30 28 3.
1800 208 25 28 3

209 285 266 48 förhållanden,
516 285 243 49 hvarigenom
800 284 63 37 vid
892 284 71 37 den
989 284 140 38 indelta
1157 290 275 45 stamtruppens
1461 286 358 50 sammandragning

209 337 71 36 den
319 336 160 36 militära
518 336 302 49 organisationen
861 336 120 36 skulle
1020 336 78 36 helt
1137 337 68 35 och
1245 337 113 36 hållet
1389 337 141 36 lemnas
1559 340 20 33 å
1608 337 91 48 sido,
1728 342 90 32 utan

209 387 103 37 torde
343 387 83 37 med
459 387 73 38 den
564 387 40 37 af
630 386 228 38 motionären
886 387 194 49 påkallade
1107 388 177 36 rättelsen
1310 387 200 50 ingenting
1537 393 113 32 annat
1677 402 139 35 menas,

210 444 44 30 än
296 443 54 31 att
390 438 62 36 det
484 442 113 32 måtte
630 438 208 48 medgifvas
866 438 169 36 enskilde
1064 439 160 36 soldater
1252 444 64 42 att,
1345 439 64 35 der
1437 439 132 36 sådant
1596 439 75 36 kan
1698 440 121 35 finnas

210 503 88 23 vara
338 489 40 36 af
413 489 367 48 omständigheterna
819 488 231 49 motiveradt,
1090 488 47 49 få,
1165 489 84 37 med
1275 489 171 37 befrielse
1473 489 82 37 från
1581 493 158 46 tvånget
1766 495 53 32 att

210 540 92 36 först
328 540 142 36 infinna
498 540 60 49 sig
584 540 64 36 vid
675 540 233 49 kompaniets
936 540 230 49 mötesplats,
1195 540 122 37 direkt
1343 540 80 36 från
1451 540 192 37 hemorten
1669 541 151 49 begifva

211 591 60 49 sig
302 591 57 36 till
390 591 277 37 excercisfältet.
723 591 86 36 Men
836 596 40 31 är
903 590 62 37 det
991 590 94 37 blott
1112 591 101 37 detta
1241 605 78 23 som
1347 591 40 37 af
1409 591 229 37 motionären
1665 592 154 49 åsyftas,

211 644 41 34 så
279 641 95 37 lärer
401 642 63 37 det
489 642 61 36 väl
577 642 84 37 med
689 641 49 37 all
751 646 74 32 rätt
839 655 89 23 vara
941 641 183 38 beroende
1138 646 47 46 på
1202 642 211 50 respektive
1428 642 141 37 chefers
1585 643 236 50 ompröfning

211 697 67 32 när
317 693 69 37 och
413 693 12 36 i
452 693 99 36 hvad
579 693 223 49 omfattning
828 692 156 37 berörda
1010 693 56 36 för
1094 693 308 37 stamsoldaterna
1429 693 207 38 åstundade
1664 694 155 49 medgif-

213 743 119 37 vande
372 744 75 36 kan
488 744 68 37 och
597 744 66 37 bör
702 744 151 37 lemnas.
909 744 73 36 För
1014 747 39 33 så
1080 744 80 37 vidt
1187 744 192 38 Utskottet
1406 745 143 36 kunnat
1576 745 175 48 inhemta,
1781 751 39 31 är

212 795 62 36 det
313 795 113 37 också
464 798 115 46 något
618 795 106 49 långt
763 795 93 37 ifrån
889 795 180 49 ovanligt,
1097 800 54 32 att
1178 795 133 37 sådant
1337 796 263 49 medgifvande
1628 797 40 36 af
1690 797 129 36 veder-

212 845 163 38 börande
402 845 151 38 lemnas.

347 897 190 37 Utskottet
563 898 118 36 finner
709 897 60 49 sig
796 897 107 37 alltså
929 897 82 37 icke
1039 897 127 37 kunna
1192 903 93 43 göra
1311 912 123 22 annan
1461 898 233 48 hemställah,
1723 903 46 32 än

803 957 3 14 1

715 1003 53 32 att
807 998 186 37 motionen
1032 998 81 38 icke
1154 1003 111 34 måtte
1304 1000 190 37 föranleda
1532 1003 125 46 någon
1689 1000 131 49 åtgärd

613 1051 79 35 från
720 1050 236 49 Riksdagens
985 1050 89 36 sida.

415 1168 215 37 Stockholm
658 1168 70 37 den
759 1170 44 35 16
831 1168 177 38 Februari
1039 1171 105 35 1886.

779 1288 51 36 På
858 1287 210 38 Utskottets
1096 1293 157 44 vägnar:

790 1402 34 33 J.
850 1402 45 32 H.
920 1401 40 34 G.
985 1402 265 33 FREDHOLM.
