1924 2856
505 173 318 33 Bankoutskottets
842 171 187 32 utlåtande
1049 170 52 32 Nr
1124 169 52 30 21.
1539 167 8 28 1

788 460 59 40 Nr
876 461 57 39 21.

647 571 109 23 Ankom
778 570 42 22 till
838 568 162 29 riksdagens
1019 566 87 24 kansli
1127 565 53 23 den
1200 565 32 23 17
1252 571 75 17 mars
1347 564 66 23 1925
1433 563 35 23 kl.
1489 564 12 23 1
1524 570 21 16 e.
1566 570 36 16 m.

191 667 200 34 Utlåtande,
426 667 13 29 i
472 665 192 35 anledning
697 672 45 21 av
777 656 130 41 Kungl.
943 659 121 36 Maj:ts
1097 659 13 29 i
1143 655 462 37 statsverkspropositionen

386 718 125 36 gjorda
534 714 265 38 framställning
822 712 180 37 angående
1025 709 264 37 dyrtidstillägg
1312 707 39 31 åt
1374 707 231 36 befattnings-

387 770 130 30 havare
539 769 13 30 i
574 769 133 29 statens
732 766 112 36 tjänst
866 774 45 21 m.
935 763 50 36 fl.,
1019 764 3 29 i
1045 762 68 31 vad
1137 762 66 30 den
1219 759 112 37 angår
1347 760 177 43 pensions-
1541 758 66 32 och

387 820 396 36 indragningsstaterna,
806 817 111 36 jämte
939 816 13 30 i
974 814 144 32 ärendet
1141 812 128 32 väckta
1293 812 183 30 motioner.

144 927 18 31 I
185 926 67 31 den
276 925 58 30 till
358 923 189 35 riksdagen
570 922 67 31 den
660 922 19 29 2
703 920 143 36 januari
870 919 82 30 1925
976 917 145 31 avlåtna
1144 915 261 37 propositionen
1429 913 179 36 angående

103 977 230 33 statsverkets
357 974 163 32 tillstånd
552 973 63 31 och
646 972 111 31 behov
782 970 111 31 under
916 968 207 36 budgetåret
1147 966 213 32 1925—1926
1384 966 64 30 har
1471 965 137 36 Kungl.

103 1031 112 36 Maj:t,
241 1027 111 32 under
374 1025 218 37 åberopande
624 1034 44 21 av
702 1023 57 31 det
782 1022 62 31 vid
867 1020 261 38 propositionen
1151 1018 111 31 under
1287 1017 123 32 rubrik
1437 1016 83 31 >»III.
1545 1014 65 34 Öv-

105 1083 78 36 riga
206 1082 54 30 för
284 1080 85 31 flera
393 1077 225 32 huvudtitlar
642 1084 260 28 gemensamma
924 1073 140 35 frågor»
1090 1070 124 37 fogade
1228 1068 382 37 statsrådsprotokollet

105 1137 82 28 över
211 1130 272 34 finansärenden
517 1129 55 31 för
605 1127 155 32 nämnda
794 1126 80 36 dag,
898 1124 183 36 föreslagit
1115 1122 190 36 riksdagen
1329 1121 168 35 förklara,
1521 1121 53 30 att
1597 1120 14 30 i

105 1187 104 35 fråga
232 1194 56 21 om
312 1181 223 33 bestridande
558 1191 44 20 av
627 1175 234 36 kostnaderna
896 1178 53 30 för
977 1175 312 38 dyrtidstilläggen
1314 1173 61 31 vid
1398 1172 213 37 postverket,

106 1235 285 37 telegrafverket,
416 1234 131 30 statens
569 1232 206 36 järnvägar,
799 1231 132 30 statens
955 1226 307 36 vattenfallsverk,
1287 1226 132 30 statens
1436 1224 175 35 domäner,

107 1290 142 31 flottans
283 1286 269 37 pensionskassa
586 1285 90 29 samt
710 1283 132 31 statens
870 1280 131 32 anstalt
1024 1279 55 31 för
1102 1278 251 37 pensionering
1376 1286 45 21 av
1444 1275 169 32 folkskol-

107 1342 114 30 lärare
244 1349 46 20 m.
315 1338 35 31 fl.
374 1340 166 28 ävensom
574 1335 62 31 vid
669 1336 138 29 arméns
843 1333 62 31 och
939 1331 178 32 marinens
1141 1329 205 32 verkstäder
1369 1328 64 31 och
1456 1328 157 31 fabriker

108 1403 45 21 m.
178 1392 34 31 fl.
237 1390 264 36 anläggningar
534 1387 92 31 skall
662 1386 53 31 för
749 1385 208 35 budgetåret
992 1382 212 31 1925—1926
1240 1381 96 36 gälla
1360 1379 68 31 vad
1452 1380 13 30 i
1488 1379 126 31 sådant

109 1442 196 33 hänseende
327 1441 109 31 blivit
459 1440 54 30 för
536 1438 208 36 budgetåret
768 1435 213 33 1924—1925
1005 1434 164 31 beslutat.

151 1493 326 35 Framställningen
500 1491 64 31 har
588 1490 110 31 såvitt
720 1490 111 35 angår
847 1488 177 36 pensions-
1041 1485 63 32 och
1120 1484 395 36 indragningsstaterna
1531 1483 84 30 hän-

110 1548 111 31 visats
255 1546 59 31 till
348 1543 303 34 bankoutskottet;
685 1541 64 31 och
784 1541 64 30 har
870 1539 172 32 utskottet
1065 1537 131 31 således
1219 1536 124 32 endast
1366 1536 53 30 att
1441 1535 96 37 yttra
1560 1535 54 36 sig

110 1598 179 38 angående
312 1598 106 30 sättet
441 1596 54 31 för
518 1593 221 33 bestridande
762 1603 46 20 av
831 1590 236 33 kostnaderna
1087 1589 53 31 för
1157 1588 267 37 dyrtidstillägg
1440 1588 36 30 åt
1491 1587 125 31 befatt-

110 1651 239 36 ningshavare
373 1648 61 31 vid
458 1648 141 30 flottans
622 1645 270 37 pensionskassa
914 1643 62 31 och
1000 1643 132 30 statens
1150 1640 133 32 anstalt
1300 1640 54 31 för
1370 1639 246 36 pensionering

111 1713 45 21 av
179 1700 269 34 folkskollärare
472 1709 45 20 m.
541 1698 34 31 fl.

154 1752 224 33 Beträffande
412 1750 237 35 utredningen
684 1749 12 30 i
731 1749 118 30 ämnet
883 1747 54 30 får
971 1745 170 32 utskottet
1168 1744 153 31 hänvisa
1344 1744 57 31 till
1425 1741 193 37 åberopade

112 1803 392 38 statsrådsprotokollet.

155 1858 19 31 I
196 1856 195 36 anledning
425 1865 45 21 av
504 1854 134 36 Kungl.
673 1853 120 35 Maj:ts
828 1849 229 33 förevarande
1092 1847 269 36 framställning
1395 1847 92 30 hava
1522 1846 97 31 inom

114 1910 190 35 riksdagen
328 1908 122 31 väckts
485 1906 154 36 följande
672 1905 182 34 motioner,
878 1902 180 37 nämligen
1082 1901 96 31 inom
1202 1900 110 30 första
1336 1899 216 33 kammaren,
1577 1907 43 21 nr

115 1962 40 32 83
178 1972 45 21 av
247 1961 82 31 herr
363 1960 40 31 E.
437 1959 100 31 J:son
571 1957 130 32 Thulin
725 1956 64 31 och
812 1965 43 21 nr
879 1955 61 31 154
964 1964 45 20 av
1033 1953 79 31 herr
1135 1952 38 32 C.
1201 1951 170 36 Winberg
1393 1960 46 22 m.
1462 1949 39 37 fl.
1527 1950 91 31 samt

115 2015 96 30 inom
245 2012 112 31 andra
391 2012 214 34 kammaren,
640 2019 42 21 nr
717 2009 62 30 200
813 2018 45 20 av
883 2007 79 30 herr
986 2005 43 32 ÅA.
1054 2004 152 32 Forssell
1230 2003 64 32 och
1318 2013 42 20 nr
1384 2002 61 31 216
1469 2012 45 20 av
1538 2001 82 31 herr

115 2066 40 31 E.
179 2065 100 36 Hage
302 2074 45 21 m.
371 2063 39 36 fl.

157 2115 279 37 Ifrågavarande
459 2114 171 31 motioner
654 2113 103 35 hava,
782 2112 13 30 i
818 2110 69 31 vad
910 2110 40 31 de
974 2110 94 35 angå
1090 2108 177 37 pensions-
1291 2106 64 32 och
1371 2105 250 36 indragnings-

117 2171 166 33 staterna,
308 2167 184 31 hänvisats
515 2166 58 31 till
597 2164 300 33 bankoutskottet.

159 2218 390 39 Departementschefen
572 2217 65 31 har
660 2215 178 37 tillstyrkt
862 2215 48 30 ett
932 2211 247 34 bibehållande
1202 2211 14 31 i
1239 2209 212 33 oförändrad
1468 2208 92 32 form
1576 2218 45 21 av

118 2284 48 21 nu
191 2272 163 38 gällande
380 2270 153 37 grunder
549 2270 54 30 för
620 2267 269 38 dyrtidstillägg
904 2267 37 30 åt
957 2263 349 37 befattningshavare
1323 2263 12 30 i
1352 2263 131 30 statens
1499 2261 122 36 tjänst.

117 2326 55 31 Då
194 2324 238 37 kungörelsen
455 2323 12 30 i
490 2323 118 30 ämnet
631 2323 83 34 äger
739 2319 166 37 giltighet
928 2318 77 31 tills
1028 2316 131 36 vidare,
1183 2315 65 31 har
1271 2312 211 34 utfärdande
1504 2323 46 21 av
1573 2322 49 27 ny

119 2377 210 36 kungörelse
353 2375 181 32 befunnits
557 2373 32 36 ej
613 2383 86 20 vara
723 2371 235 35 erforderligt.

161 2429 181 32 Utskottet
366 2427 66 31 vill
455 2427 128 34 erinra,
607 2426 53 30 att
683 2422 240 33 innevarande
946 2423 57 29 års
1027 2420 144 36 riksdag
1194 2420 46 36 på
1263 2418 280 31 statsutskottets
1555 2416 68 31 för-

120 2481 76 36 slag
220 2480 156 35 beslutit,
400 2480 53 30 att
477 2479 12 30 i
512 2478 103 35 fråga
638 2486 56 22 om
716 2474 222 33 bestridande
961 2484 45 20 av
1029 2471 236 33 kostnaderna
1288 2470 54 31 för
1366 2469 258 37 dyrtidstilläg-

123 2544 107 31 Bihang
246 2543 41 25 till
302 2542 168 31 riksdagens
484 2540 143 32 protokoll
643 2539 76 25 1925.
757 2540 16 23 8
792 2539 81 24 saml.
911 2538 32 23 15
963 2537 68 31 häft.
1069 2534 49 30 (Nr
1136 2532 50 30 21.)
1575 2532 12 24 1
