1858 2792
416 165 110 27 Andra
548 165 219 34 lagutskottets
791 165 162 27 utlåtande
976 173 39 19 nr
1038 165 35 28 17
1095 165 37 27 år
1155 166 75 26 1955
1562 170 18 28 5

86 244 237 30 betänkandet
337 244 193 30 behandlas
546 245 45 29 bl.
608 254 30 21 a.
654 245 124 39 frågan
792 254 59 20 om
866 245 446 30 hälsovårdsnämndernas
1330 246 249 39 tvångsmedel.

87 298 215 30 Kommittén
324 298 103 30 anför
449 298 173 39 följande:

141 360 53 29 En
219 369 43 21 av
285 361 41 29 de
351 360 269 39 invändningar,
647 370 77 20 som
747 360 127 31 främst
898 361 126 29 riktats
1050 363 72 27 mot
1147 362 67 29 den
1240 362 203 30 nuvarande
1469 361 112 31 hälso-

86 405 264 39 vårdsstadgan,
379 405 130 31 hänför
536 406 52 38 sig
616 405 52 30 till
697 406 66 29 den
790 406 179 30 bristande
998 406 255 29 effektiviteten
1280 406 64 30 hos
1372 407 41 29 de
1443 407 138 39 tvångs-

86 450 123 34 medel,
239 459 74 20 som
342 450 54 29 stå
424 450 427 30 hälsovårdsnämnderna
881 451 52 29 till
960 450 99 31 buds.
1089 452 67 28 För
1184 452 50 29 att
1262 451 246 30 åstadkomma
1538 461 43 20 en

87 494 211 40 förbättring
323 495 183 39 härvidlag
531 495 45 30 ha
602 495 89 30 flera
718 495 301 39 ändringsförslag
1047 496 253 29 framkommit.
1327 497 58 28 Ett
1411 506 43 20 av
1479 497 102 29 dessa

88 539 140 40 förslag,
256 549 75 20 som
358 540 11 29 i
398 540 111 30 första
535 540 95 30 hand
659 542 94 37 tager
778 540 94 30 sikte
898 540 44 40 på
970 541 164 38 stadgans
1161 541 419 34 bostadsbestämmelser,

87 584 62 40 går
168 586 39 28 ut
226 585 45 40 på
292 586 51 28 att
362 585 116 29 beslut
498 594 41 20 av
560 585 341 30 hälsovårdsnämnd
923 585 178 39 angående
1123 585 209 40 utdömning
1355 594 43 21 av
1420 586 161 39 lägenhet

86 629 108 30 borde
215 630 159 29 anmälas
398 629 52 30 till
473 630 259 29 vederbörande
753 630 386 39 inskrivningsdomare
1162 630 55 30 för
1240 630 213 39 anteckning
1476 631 10 29 i
1512 630 69 30 fas-

87 674 254 39 tighetsboken.
370 674 128 30 Vidare
523 674 108 30 borde
661 674 11 29 i
700 674 355 40 hälsovårdsstadgan
1084 675 137 38 intagas
1250 675 245 29 bestämmelse
1524 684 57 20 om

88 721 51 29 att
165 719 359 30 hälsovårdsnämnds
552 719 115 29 beslut
695 728 41 20 av
763 728 46 20 nu
839 719 148 39 angiven
1015 720 54 28 art
1096 719 113 30 skulle
1237 728 84 21 vara
1350 721 86 28 utan
1463 720 119 29 vidare

88 764 159 39 gällande
267 765 87 29 även
374 765 73 28 mot
468 773 46 30 ny
533 765 103 38 ägare
656 773 42 20 av
717 763 222 40 fastigheten.

144 809 216 29 Kommittén
381 809 64 29 har
467 808 170 39 ingående
660 810 163 37 övervägt
843 808 270 40 ifrågavarande
1133 808 131 39 förslag
1286 817 82 21 men
1389 808 119 30 funnit
1531 808 51 40 sig

88 853 76 30 icke
187 854 121 29 kunna
329 853 139 30 biträda
491 854 206 29 detsamma.
723 853 200 30 Orsakerna
948 853 118 30 härtill
1090 854 62 29 äro
1175 853 98 30 flera.
1298 854 68 29 För
1390 854 57 29 det
1471 853 111 30 första

90 898 112 30 skulle
229 907 43 20 en
298 898 246 30 bestämmelse
571 907 42 20 av
641 899 93 29 detta
763 898 72 39 slag
862 899 124 29 endast
1013 898 141 30 komma
1182 900 52 28 att
1259 898 37 29 få
1322 898 177 39 betydelse
1527 898 55 30 för

90 943 131 30 sådana
241 943 212 39 byggnader,
476 952 74 20 som
570 952 81 20 vore
675 944 50 28 att
747 952 83 20 anse
852 952 76 20 som
951 943 69 29 fast
1042 943 179 39 egendom.
1243 943 129 29 Vidare
1393 943 112 29 skulle
1526 942 57 30 be-

90 988 225 29 stämmelsen
333 988 11 29 i
363 988 197 39 betydande
578 988 85 38 grad
681 987 90 30 vålla
790 987 123 30 besvär
932 987 65 29 och
1015 988 83 29 ökat
1116 987 117 30 arbete
1253 987 55 30 för
1328 987 255 39 inskrivnings-

89 1032 302 40 myndigheterna,
424 1032 64 29 och
520 1033 88 29 även
638 1032 55 29 för
724 1031 427 31 hälsovårdsnämnderna
1184 1031 113 30 skulle
1329 1032 253 30 arbetsbördan

89 1078 86 29 ökas
201 1077 75 29 icke
304 1077 218 39 oväsentligt.
550 1077 67 29 Det
641 1077 65 29 har
732 1075 224 35 framhållits,
983 1078 52 28 att
1061 1076 257 39 anteckningen
1345 1077 10 29 i
1383 1076 200 40 fastighets-

88 1122 114 29 boken
218 1122 115 29 skulle
352 1121 200 30 underlätta
570 1121 230 39 fastighetens
818 1121 187 39 värdering
1021 1121 58 30 vid
1098 1121 272 39 expropriation.
1391 1121 102 30 Detta
1513 1121 70 29 för-

88 1166 166 30 hållande
275 1166 112 30 måste
410 1166 89 30 dock
521 1175 102 20 anses
647 1166 111 29 sakna
779 1166 150 29 intresse
949 1166 12 29 i
984 1166 94 29 detta
1103 1166 266 39 sammanhang.
1393 1166 65 29 Det
1480 1166 104 29 vikti-

89 1213 97 38 gaste
211 1211 112 30 skälet
349 1214 74 28 mot
449 1212 49 28 ett
523 1210 112 40 dylikt
663 1210 436 39 anteckningsförfarande
1127 1211 39 29 är
1192 1211 204 33 emellertid,
1423 1211 51 29 att
1500 1220 83 20 man

89 1257 79 29 med
195 1257 48 28 ett
269 1256 126 30 sådant
422 1255 204 31 förfarande
653 1256 175 39 knappast
856 1255 112 30 skulle
996 1255 121 30 kunna
1144 1255 119 40 uppnå
1290 1255 67 30 den
1383 1255 200 30 önskvärda

89 1301 325 39 effektiviseringen
438 1310 41 20 av
503 1300 468 34 bostadsbestämmelserna,
996 1300 75 29 icke
1094 1309 64 20 ens
1181 1309 58 20 om
1263 1300 245 30 bestämmelse
1532 1300 52 29 in-

90 1346 128 34 fördes,
243 1347 50 28 att
317 1347 49 28 ett
390 1345 344 39 utdömningsbeslut
760 1345 112 29 skulle
897 1354 83 20 vara
1005 1345 159 39 gällande
1189 1346 87 28 även
1301 1346 73 28 mot
1399 1353 47 30 ny
1470 1346 112 37 ägare.

90 1391 66 29 Det
178 1391 117 29 kunde
318 1391 205 38 visserligen
545 1399 84 20 vara
652 1399 43 20 av
716 1390 105 29 värde
845 1391 51 29 att
920 1389 36 30 få
979 1389 191 39 fastslaget,
1196 1391 51 27 att
1270 1391 48 27 ett
1341 1389 243 39 utdömnings-

89 1435 115 30 beslut
223 1435 113 29 skulle
356 1435 91 38 gälla
467 1434 193 29 oberoende
680 1443 41 20 av
739 1443 78 20 vem
837 1443 76 20 som
933 1442 80 21 vore
1035 1435 102 37 ägare
1157 1434 52 29 till
1230 1434 112 33 huset,
1364 1443 81 19 men
1465 1434 56 29 det
1541 1442 42 20 ur

90 1480 160 39 praktisk
275 1479 183 40 synpunkt
480 1479 131 39 viktiga
633 1488 81 20 vore
739 1479 98 33 dock,
862 1480 50 27 att
935 1479 57 29 det
1016 1478 194 29 eventuella
1232 1478 79 34 vite,
1337 1487 74 20 som
1436 1478 147 38 åtföljde

88 1524 150 30 beslutet
257 1524 54 30 för
331 1525 52 28 att
402 1525 184 37 garantera
606 1524 79 29 dess
707 1522 225 35 efterlevnad,
955 1524 86 28 även
1060 1523 183 38 överginge
1263 1522 45 40 på
1328 1523 66 29 den
1416 1532 68 29 nya
1505 1523 78 38 äga-

89 1577 73 21 ren.
181 1569 52 29 En
252 1569 111 29 sådan
380 1568 174 39 övergång
572 1577 41 21 av
632 1569 48 28 ett
698 1568 67 29 vite
785 1567 80 30 från
885 1577 42 19 en
945 1576 127 31 person
1091 1567 52 29 till
1164 1576 42 20 en
1226 1576 119 20 annan
1364 1575 103 21 anser
1487 1567 96 29 kom-

90 1613 124 30 mittén
238 1623 42 20 av
302 1613 219 40 principiella
548 1613 76 29 skäl
649 1613 186 29 utesluten.

145 1659 93 29 Vitet
261 1660 37 28 är
321 1660 49 27 ett
392 1657 249 39 tvångsmedel,
665 1667 74 19 som
762 1657 111 29 riktas
896 1658 73 28 mot
991 1666 42 19 en
1055 1665 126 31 person
1205 1656 55 30 för
1282 1658 50 28 att
1354 1656 100 39 bryta
1477 1665 42 20 en
1543 1665 40 20 av

89 1704 115 29 denna
241 1712 127 30 person
404 1703 192 38 ådagalagd
635 1702 151 29 tredska.
836 1702 65 29 Det
939 1710 103 30 synes
1080 1701 209 29 kommittén
1329 1702 79 28 med
1444 1701 139 39 hänsyn

90 1748 118 30 härtill
226 1748 178 40 knappast
421 1747 147 39 möjligt,
588 1748 50 28 att
657 1748 48 28 ett
722 1747 67 28 vite
809 1746 113 29 skulle
941 1746 56 29 vid
1016 1755 42 20 en
1078 1745 400 40 fastighetsförsäljning
1498 1747 85 28 utan

88 1793 120 29 vidare
236 1793 122 28 kunna
387 1791 125 39 övergå
541 1791 44 40 på
615 1792 165 38 köparen,
810 1800 75 20 som
915 1791 39 39 ju
984 1791 75 29 icke
1089 1792 107 37 gärna
1226 1790 71 29 kan
1326 1791 45 28 ha
1400 1790 184 39 ådagalagt

90 1838 141 28 tredska
249 1838 73 28 mot
339 1836 406 30 hälsovårdsnämndens
763 1836 124 33 beslut,
905 1844 120 20 varom
1043 1836 70 28 han
1132 1834 54 30 för
1204 1835 112 38 övrigt
1334 1834 108 29 oftast
1461 1835 122 29 svävar

89 1882 10 29 i
120 1881 227 39 okunnighet.
368 1881 93 28 även
482 1890 55 19 om
559 1880 111 39 själva
692 1880 379 38 utdömningsbeslutet
1092 1879 147 29 sålunda
1261 1879 140 28 komme
1424 1880 50 28 att
1494 1879 90 38 gälla

90 1928 73 27 mot
184 1935 46 30 ny
247 1926 216 28 innehavare
484 1934 42 20 av
545 1925 222 38 fastigheten,
789 1924 112 29 skulle
923 1924 106 29 likväl
1049 1924 84 28 vitet
1154 1923 30 39 ej
1208 1923 232 29 automatiskt
1459 1923 125 38 övergå

90 1971 20 29 å
129 1971 66 29 den
217 1980 63 29 nye
300 1971 139 37 ägaren.
459 1970 183 29 Nämnden
664 1969 111 29 skulle
796 1969 10 28 i
826 1969 62 29 allt
909 1969 61 28 fall
992 1968 134 38 tvingas
1146 1968 142 29 utfärda
1309 1969 78 37 nytt
1405 1967 179 29 vitesföre-

91 2016 168 38 läggande
280 2015 54 29 för
357 2024 65 29 nye
445 2016 125 36 ägaren
594 2014 77 29 med
695 2013 183 39 möjlighet
900 2013 54 29 för
976 2013 111 29 denne
1110 2014 50 27 att
1183 2013 9 28 i
1215 2012 116 39 vanlig
1354 2012 148 38 ordning
1524 2021 60 20 an-

91 2060 74 29 föra
185 2060 132 29 besvär.

146 2104 214 29 Kommittén
387 2104 63 28 har
477 2104 85 28 även
589 2104 163 36 övervägt
778 2102 228 38 möjligheten
1034 2111 41 20 av
1100 2103 51 28 att
1177 2102 193 29 föreskriva
1399 2101 104 29 straff
1529 2101 58 28 för

90 2149 301 38 fastighetsägare,
414 2157 74 20 som
512 2149 85 27 trots
619 2147 173 29 meddelat
814 2147 127 29 förbud
965 2156 40 19 av
1027 2146 385 29 hälsovårdsnämnden
1434 2145 150 38 uthyrde

90 2194 84 28 eller
197 2193 141 39 uppläte
363 2202 41 19 en
430 2192 159 38 lägenhet
615 2192 51 28 till
689 2192 133 28 bostad.
846 2191 131 29 Härvid
1002 2191 111 28 skulle
1137 2190 227 38 möjligheten
1390 2191 50 27 att
1463 2190 121 38 ålägga

91 2238 67 28 vite
183 2237 174 29 bortfalla.
385 2237 10 27 I
423 2236 64 29 och
512 2236 53 29 för
592 2236 51 37 sig
668 2236 111 28 skulle
804 2236 57 28 det
887 2244 81 20 vara
995 2235 136 38 möjligt
1156 2236 50 27 att
1231 2234 205 33 föreskriva,
1463 2235 51 28 att
1539 2243 45 29 ny

91 2283 101 36 ägare
217 2290 40 19 av
282 2280 176 38 fastighet,
484 2289 73 19 som
581 2280 76 28 icke
683 2279 150 38 iakttoge
859 2281 49 26 ett
932 2279 144 37 tidigare
1103 2278 157 29 utfärdat
1285 2278 126 29 förbud
1438 2279 71 27 mot
1534 2279 50 27 att

92 2326 126 38 uthyra
237 2326 81 27 eller
338 2325 143 38 upplåta
501 2324 160 37 lägenhet
683 2324 48 28 till
750 2324 134 32 bostad,
904 2323 112 28 skulle
1036 2323 118 28 kunna
1175 2323 110 28 åtalas
1305 2323 64 27 och
1391 2323 121 28 dömas
1534 2322 50 28 till

91 2379 136 20 ansvar.
246 2369 196 37 Rimligtvis
459 2369 104 29 borde
581 2368 89 29 dock
689 2368 217 32 förutsättas,
923 2369 50 27 att
991 2368 63 28 den
1075 2376 64 29 nye
1156 2368 127 36 ägaren
1301 2366 139 31 erhållit
1458 2366 127 29 känne-

91 2416 79 28 dom
194 2424 54 18 om
272 2414 173 28 förbudet.
471 2413 212 28 Kommittén
708 2413 61 27 har
794 2412 103 29 likväl
922 2412 73 28 icke
1018 2413 113 27 ansett
1154 2411 50 37 sig
1227 2411 83 28 böra
1334 2411 128 28 föreslå
1484 2411 101 27 vites-

92 2459 278 37 föreläggandets
401 2458 198 28 ersättande
630 2457 75 28 med
736 2466 40 19 en
807 2456 350 29 straffbestämmelse
1189 2456 6 27 i
1227 2456 92 28 detta
1351 2455 71 28 fall.
1454 2456 63 27 Det
1547 2456 37 27 är

92 2504 173 38 nämligen
294 2503 74 29 icke
397 2503 126 32 säkert,
550 2504 49 27 att
626 2503 48 27 ett
701 2501 205 29 bötesstraff
933 2501 111 28 skulle
1072 2501 118 28 kunna
1220 2500 166 29 utkrävas
1415 2499 169 29 snabbare
