1882 2792
262 140 38 30 18
621 140 406 39 Bevillningsutskottets
1052 140 219 30 betänkande
1294 150 42 19 nr
1353 142 48 29 45.

573 225 64 29 och
657 225 135 29 Boman
814 226 90 28 samt
924 224 45 30 II:
986 223 63 31 366
1070 233 42 21 av
1133 224 80 30 herr
1234 223 127 30 Widén
1382 233 44 20 m.
1448 223 37 30 fl.
1507 224 164 29 ävensom
1693 233 72 20 mo-

571 275 119 29 tionen
714 275 29 29 1:
760 274 62 30 285
847 284 42 21 av
911 274 81 30 herr
1013 273 148 31 Werner
1184 274 108 30 måtte
1317 274 55 29 för
1395 274 54 29 sin
1472 274 56 29 del
1551 275 127 38 antaga
1701 274 64 30 föl-

571 325 107 40 jande

940 551 144 40 Förslag

984 618 53 30 till

266 685 55 39 lag
340 693 55 21 om
416 685 149 40 ändring
583 694 42 21 av
645 686 17 29 7
683 685 64 30 och
768 686 20 29 8
806 685 43 37 $$
869 685 99 39 lagen
988 685 66 30 den
1076 686 40 29 14
1136 686 182 29 december
1339 685 80 30 1951
1443 694 55 21 om
1521 684 244 39 investerings-

264 735 108 30 konto
389 735 55 38 för
462 735 86 41 skog
570 736 59 34 (nr
648 736 96 34 783).

311 835 211 39 Härigenom
543 836 187 31 förordnas
752 838 51 28 att
825 836 16 30 7
865 837 65 29 och
951 836 19 30 8
995 835 37 37 $$
1057 837 100 39 lagen
1178 837 69 29 den
1270 836 39 30 14
1331 836 180 30 december
1535 836 80 30 1951
1640 845 56 20 om
1717 836 52 29 in-

266 885 302 40 vesteringskonto
592 886 55 30 för
673 887 86 40 skog
791 887 58 34 (nr
876 886 80 36 783)
988 887 90 29 skall
1104 887 133 30 erhålla
1264 887 156 39 följande
1447 887 153 29 ändrade
1627 887 140 39 lydelse.

976 970 73 37 78.

309 1036 117 40 Enligt
448 1037 15 29 1
490 1036 15 37 $
527 1037 130 31 insatta
676 1038 115 29 medel
811 1038 57 30 må
891 1038 195 30 insättaren
1107 1038 113 30 återfå
1242 1038 88 30 efter
1352 1038 219 40 uppsägning
1592 1038 64 30 hos
1679 1038 89 29 riks-

263 1086 149 31 banken.

308 1137 110 30 Medel
440 1146 75 21 som
535 1137 159 41 frivilligt
712 1138 128 31 insatts
861 1139 108 39 enligt
998 1138 9 30 3
1030 1138 15 37 $
1067 1139 68 34 må,
1155 1139 63 29 där
1239 1140 30 40 ej
1293 1139 114 30 nedan
1427 1139 222 29 annorlunda
1672 1138 93 30 stad-

265 1194 70 32 gas,
357 1187 76 30 icke
457 1197 42 21 av
519 1189 216 30 riksbanken
757 1189 172 30 utbetalas
952 1189 121 30 förrän
1094 1190 71 29 fem
1189 1190 39 30 år
1250 1189 154 30 förflutit
1426 1189 81 30 från
1530 1189 173 39 ingången
1727 1198 43 21 av

265 1237 58 30 det
343 1238 38 30 år
401 1238 261 40 inbetalningen
687 1239 108 40 enligt
815 1240 19 29 5
857 1239 15 36 8
896 1240 118 29 senast
1035 1239 114 30 skolat
1169 1239 218 30 verkställas.
1410 1239 98 30 Efter
1529 1239 176 40 utgången
1727 1249 41 20 av

267 1288 154 30 nämnda
437 1288 190 40 tidsperiod
644 1290 81 38 äger
741 1289 196 30 insättaren
953 1291 51 28 att
1022 1289 88 31 efter
1128 1290 222 39 uppsägning
1367 1290 63 29 hos
1448 1289 215 32 riksbanken
1681 1290 89 30 åter-

266 1338 38 30 få
325 1338 227 31 innestående
573 1339 124 41 belopp
719 1339 12 29 i
753 1340 79 29 dess
857 1340 118 29 helhet
997 1340 82 29 eller
1103 1340 54 29 del
1180 1349 43 21 av
1244 1340 205 34 detsamma,
1473 1340 90 30 dock
1585 1342 51 28 att
1659 1341 111 29 delut-

266 1389 57 38 tag
343 1388 30 40 ej
394 1388 58 30 må
471 1389 203 39 understiga
693 1398 44 20 en
757 1389 173 39 fjärdedel
952 1399 43 21 av
1014 1390 58 30 det
1091 1390 273 40 ursprungligen
1383 1390 129 30 insatta
1534 1390 169 42 beloppet.

310 1439 98 30 Efter
428 1439 56 30 det
505 1441 50 28 att
575 1440 47 29 tio
642 1441 39 29 år
703 1440 155 30 förflutit
878 1440 81 30 från
981 1441 172 39 ingången
1174 1450 43 21 av
1238 1441 57 30 det
1318 1441 37 30 år
1376 1441 261 40 inbetalningen
1662 1441 107 40 enligt

265 1489 19 30 5
306 1488 15 37 &
342 1491 116 29 senast
477 1490 113 29 skolat
606 1490 219 34 verkställas,
846 1491 89 29 skall
953 1491 215 30 riksbanken
1187 1491 191 30 återbetala
1396 1492 231 29 kvarstående
1644 1492 123 30 medel.

983 1574 20 30 8
1028 1574 27 36 8.

311 1640 170 30 Insättare
506 1641 80 39 äger
609 1642 86 29 utan
721 1641 126 31 hinder
871 1651 42 21 av
937 1642 311 30 bestämmelserna
1277 1643 10 29 i
1315 1643 16 29 7
1362 1642 15 37 8
1404 1643 225 30 utbekomma
1654 1644 114 29 medel

264 1690 81 30 från
366 1690 350 40 investeringskonto,
737 1691 12 29 i
772 1692 67 30 den
859 1692 84 30 mån
963 1692 71 30 han
1054 1692 80 30 med
1156 1693 98 39 intyg
1275 1702 43 21 av
1339 1693 357 40 skogsvårdsstyrelse
1718 1693 48 30 vi-

266 1749 56 21 sar
343 1742 50 28 att
415 1741 71 30 han
508 1741 77 30 haft
606 1741 191 31 kostnader
817 1743 55 30 för
895 1742 365 40 skogsvårdsarbeten,
1285 1753 75 20 som
1382 1744 129 30 utförts
1535 1744 86 29 efter
1644 1744 122 29 insätt-

267 1790 139 40 ningen.
430 1791 66 30 Det
514 1792 207 31 ankommer
740 1793 46 40 på
805 1794 251 38 länsstyrelsen
1075 1795 51 29 att
1146 1794 168 30 förordna
1336 1803 55 21 om
1414 1795 219 39 utbetalning
1654 1804 42 21 av
1715 1795 56 30 be-

265 1841 126 40 loppet.

310 1975 123 30 Denna
453 1976 56 39 lag
531 1976 116 30 träder
669 1976 11 30 i
704 1976 97 30 kraft
823 1977 111 40 dagen
956 1977 88 32 efter
1067 1978 66 29 den
1157 1978 44 30 då
1224 1979 100 39 lagen
1347 1979 106 40 enligt
1477 1980 85 29 därå
1584 1980 183 29 meddelad

267 2025 139 40 uppgift
426 2026 189 30 utkommit
634 2027 81 30 från
736 2027 136 39 trycket
893 2030 11 29 i
929 2028 133 30 Svensk
1082 2028 392 41 författningssamling.

622 2077 42 32 B)
697 2079 50 28 att
775 2078 42 29 de
845 2078 224 39 likalydande
1099 2079 221 30 motionerna
1348 2080 64 29 I:9
1441 2090 42 20 av
1511 2081 80 29 herr
1620 2080 152 30 Ewerlöf

575 2136 45 21 m.
644 2127 37 32 fl.
706 2127 66 30 och
795 2128 46 29 II:
859 2128 39 30 16
920 2138 43 21 av
984 2129 81 30 herr
1090 2129 228 39 Hjalmarson
1340 2140 45 19 m.
1410 2130 48 34 fl.,
1482 2131 42 29 de
1547 2130 224 40 likalydande

578 2177 221 31 motionerna
823 2179 29 29 1:
869 2178 63 30 284
956 2189 43 20 av
1023 2179 121 30 herrar
1169 2180 163 30 Hansson
1360 2181 64 29 och
1449 2181 134 30 Boman
1608 2183 91 28 samt
1723 2183 46 29 II:

578 2227 62 30 366
663 2237 42 21 av
726 2228 81 30 herr
829 2228 127 30 Widén
978 2238 45 20 m.
1047 2229 37 29 fl.
1108 2230 166 30 ävensom
1296 2231 178 30 motionen
1499 2232 26 29 I:
1542 2231 61 31 285
1628 2241 41 21 av
1690 2233 81 29 herr

577 2277 147 31 Werner
747 2278 118 35 måtte,
890 2280 10 29 i
924 2279 68 30 den
1016 2279 82 30 mån
1121 2281 42 29 de
1185 2280 77 30 icke
1285 2281 70 30 kan
1380 2291 101 22 anses
1504 2282 189 31 besvarade
1718 2291 53 31 ge-

575 2336 82 22 nom
680 2329 66 29 vad
769 2329 172 30 utskottet
967 2338 89 22 ovan
1078 2331 118 29 anfört
1221 2331 65 29 och
1308 2332 188 34 hemställt,
1520 2342 42 21 av
1583 2333 188 40 riksdagen

578 2378 136 31 lämnas
737 2380 87 29 utan
846 2379 152 39 åtgärd.>
