1876 2788
230 131 18 29 8
586 130 403 39 Bevillningsutskottets
1016 130 218 29 betänkande
1260 139 43 19 nr
1327 130 50 29 45.

234 226 44 20 na
304 215 91 30 bliva
422 216 147 29 föremål
597 215 54 30 för
678 217 65 28 den
771 215 199 39 föreslagna
996 216 172 29 särskilda
1196 215 363 39 skatteberäkningen.
1587 215 64 29 Det
1679 225 56 20 av-

234 259 151 37 görande
408 258 111 29 skälet
543 258 53 29 för
620 258 92 29 detta
736 258 334 38 ställningstagande
1093 259 98 28 torde
1212 267 83 20 vara
1318 258 56 29 det
1396 237 129 59 betung
1507 258 109 38 gande
1639 258 96 29 arbe-

234 280 42 54 te,
298 309 73 20 som
393 301 111 28 skulle
523 310 84 20 vara
625 300 136 29 förenat
781 301 79 28 med
880 310 42 19 en
941 279 97 58 dylik
1057 300 309 38 skatteberäkning
1386 300 53 29 för
1458 280 115 49 intäkt
1592 309 41 20 av
1651 300 84 29 ifrå-

234 343 194 37 gavarande
451 343 82 38 slag.
559 342 119 29 Såsom
700 343 10 28 i
732 342 94 30 vissa
847 342 313 38 remissyttranden
1184 342 211 29 framhållits
1418 343 120 28 kunna
1561 342 173 39 svårighe-

234 383 49 28 ter
304 383 214 38 uppkomma
539 383 57 29 vid
617 383 263 29 bestämmande
902 392 42 20 av
965 385 56 28 det
1044 383 96 28 antal
1162 382 48 34 år,
1233 383 53 30 till
1306 382 93 30 vilka
1422 392 41 20 en
1485 383 249 29 ackumulerad

234 426 155 30 inkomst
413 436 41 19 av
478 427 197 38 skogsbruk
699 428 37 28 är
759 426 187 39 hänförlig.
970 426 126 30 Vidare
1120 427 62 28 bör
1205 427 154 33 beaktas,
1384 428 49 28 att
1457 436 41 19 en
1523 435 125 30 person
1672 436 63 19 un-

233 469 60 28 der
310 478 42 19 en
370 469 87 38 följd
475 478 42 20 av
534 469 37 29 år
589 470 68 28 kan
675 470 138 37 avyttra
828 469 343 38 avverkningsrätter
1187 468 81 30 eller
1286 469 307 39 skogsprodukter,
1612 469 120 29 därvid

233 510 96 38 varje
351 511 174 39 avyttring
547 511 53 29 för
622 511 50 39 sig
693 512 68 29 kan
782 511 93 29 bliva
894 510 176 39 hänförlig
1091 511 50 29 till
1164 511 249 30 ackumulerad
1435 511 165 29 inkomst.
1622 510 112 29 Efter-

236 562 74 19 som
341 553 250 29 ackumulerad
620 553 155 29 inkomst
804 553 222 39 uppkommit
1056 553 54 29 för
1141 554 65 28 den
1238 553 252 38 skattskyldige
1520 554 110 28 under
1659 555 76 27 vart

234 595 63 28 och
320 596 48 28 ett
391 604 40 20 av
455 595 40 29 de
519 595 38 29 år
580 595 173 39 avyttring
778 596 101 34 skett,
904 596 111 28 skulle
1039 604 81 20 man
1145 595 35 29 få
1203 604 42 20 en
1268 595 86 29 serie
1378 595 47 35 år,
1450 595 43 29 då
1516 605 81 19 man
1622 595 111 29 skulle

233 636 92 30 bliva
349 637 181 29 nödsakad
556 639 49 27 att
630 638 109 29 räkna
764 638 79 28 med
867 637 145 38 tidigare
1037 637 56 30 års
1119 637 259 38 omräkningar.
1404 637 159 39 Speciellt
1589 638 147 38 kompli-

233 679 92 26 cerat
351 677 65 29 blir
445 678 219 29 förfarandet
689 678 116 29 därest
832 678 67 29 den
926 678 253 39 skattskyldige
1206 678 152 30 fördelar
1386 678 280 39 köpeskillingen
1691 677 45 40 på

234 720 87 30 flera
341 721 47 33 år,
409 722 83 28 enär
512 721 122 30 därvid
654 722 66 29 den
739 722 44 39 på
802 721 97 38 varje
919 722 37 29 år
975 722 192 38 belöpande
1187 722 98 30 delen
1305 731 42 20 av
1366 722 278 39 köpeskillingen
1664 722 69 29 kan

233 761 91 31 bliva
346 764 49 28 att
415 763 160 30 betrakta
597 773 73 19 som
692 764 251 29 ackumulerad
964 763 165 30 inkomst.
1152 764 12 28 I
1186 764 133 29 sådana
1338 764 61 29 fall
1420 764 44 29 då
1485 764 160 29 intäkten
1665 764 70 29 för-

234 805 137 29 värvats
398 813 123 30 genom
548 806 211 29 medverkan
785 815 41 20 av
852 806 65 29 den
943 806 253 39 skattskyldige
1223 806 90 38 själv
1337 806 80 29 eller
1442 815 43 20 av
1509 806 129 29 honom
1664 806 70 38 lejd

234 847 214 29 arbetskraft
467 848 232 38 uppkommer
720 848 179 29 dessutom
919 848 192 39 problemet
1131 848 66 29 hur
1217 858 80 19 man
1320 848 88 29 skall
1428 849 121 29 kunna
1570 858 40 19 ur
1631 849 40 28 de
1691 848 44 39 på

234 888 333 40 jordbruksbilagan
600 890 150 38 angivna
780 889 190 39 utgifterna
1004 890 165 38 särskilja
1201 891 41 29 de
1272 890 46 39 på
1349 891 265 38 skogsintäkten
1646 890 91 29 belö-

234 931 114 38 pande
372 931 201 38 utgifterna.
599 931 194 30 Slutsatsen
816 940 102 30 synes
942 932 119 29 därför
1084 932 102 34 bliva,
1211 933 50 28 att
1284 932 256 39 behandlingen
1565 942 41 20 av
1630 933 107 29 fram-

236 972 206 38 ställningar
467 981 56 20 om
549 973 150 29 särskild
723 964 320 47 skatteberäkning,
1069 973 44 29 då
1138 974 57 28 det
1219 974 37 28 är
1281 973 98 38 fråga
1403 982 55 20 om
1477 954 260 48 ackumulerad

235 993 166 52 inkomst
409 1025 40 20 av
469 1016 206 39 skogsbruk,
695 1016 111 29 måste
824 1017 92 28 bliva
934 1017 139 37 mycket
1093 1016 205 29 tidsödande
1319 995 63 50 och
1400 1016 181 39 besvärlig.
1602 1016 134 39 Vägan-

235 1057 41 29 de
300 1058 75 29 skäl
397 1058 46 29 ha
465 1038 148 50 sålunda
636 1058 166 38 förelegat
825 1059 54 29 för
901 1060 47 28 ett
970 1059 222 29 uteslutande
1215 1068 42 19 av
1277 1059 115 28 intäkt
1415 1066 123 31 genom
1553 1046 184 51 avyltring

235 1108 42 20 av
309 1099 85 39 skog
424 1101 111 28 under
568 1080 266 50 innehavstiden
867 1100 79 29 från
978 1076 528 67 skattelindringsmöjligheten.
1540 1100 56 29 Ett
1629 1102 107 28 annat

236 1141 76 29 skäl
337 1122 63 49 har
425 1141 183 40 åberopats
634 1142 54 29 för
713 1143 113 29 denna
851 1142 131 39 åtgärd,
1008 1143 175 38 nämligen
1209 1145 49 27 att
1283 1143 56 29 det
1365 1142 70 29 står
1460 1152 42 20 en
1528 1143 209 38 skogsägare

236 1182 76 30 fritt
334 1185 50 28 att
404 1183 56 30 vid
482 1183 212 40 försäljning
715 1194 42 20 av
778 1185 86 38 skog
886 1193 123 30 genom
1030 1165 339 48 överenskommelse
1390 1185 78 29 med
1491 1165 155 58 köparen
1658 1165 79 49 Tör-

236 1225 75 30 dela
336 1226 279 39 köpeskillingen
640 1226 54 30 för
719 1226 154 30 försålda
898 1227 298 38 skogsprodukter
1221 1227 81 28 eller
1327 1227 342 38 avverkningsrälter
1693 1226 44 40 på

237 1268 87 29 flera
352 1268 47 29 år.
427 1268 123 30 Denna
576 1268 182 39 möjlighet
786 1269 158 28 kommer
970 1269 10 28 i
1008 1268 99 39 fråga
1135 1278 55 19 om
1219 1269 232 38 köpeskilling
1478 1268 56 30 vid
1562 1269 177 39 avyttring

237 1319 41 20 av
301 1310 304 39 avverkningsrätt
629 1312 50 27 att
701 1310 142 29 kvarstå
867 1311 85 28 även
976 1310 54 29 för
1054 1311 65 28 den
1143 1311 218 38 skogsägare,
1385 1320 74 20 som
1483 1311 177 29 redovisar
1684 1311 53 30 sin

236 1352 155 29 inkomst
412 1352 105 39 enligt
538 1352 359 39 bokföringsmässiga
918 1353 160 37 grunder.
1100 1352 71 29 Mot
1191 1353 93 29 detta
1305 1354 182 37 argument
1508 1353 120 29 kunna
1649 1353 88 29 dock

236 1393 175 40 åtskilliga
434 1394 258 39 invändningar
716 1395 110 37 göras.
851 1393 320 40 Förfaringssättet,
1195 1403 74 20 som
1293 1396 89 28 lärer
1404 1403 82 21 vara
1510 1395 228 39 framtvingat

235 1436 74 38 just
332 1436 44 39 på
400 1437 65 29 den
490 1437 113 38 grund
627 1438 49 27 att
699 1437 56 28 det
779 1438 37 28 är
841 1437 65 29 den
930 1437 89 29 enda
1042 1436 228 39 möjligheten
1294 1436 50 30 till
1370 1437 269 38 skattelindring
1663 1446 74 20 som

237 1478 71 29 står
333 1478 52 29 lill
409 1478 99 34 buds,
534 1479 64 28 har
623 1478 124 39 många
773 1479 198 30 nackdelar.
998 1478 42 29 Så
1066 1479 68 29 kan
1160 1480 21 27 t.
1207 1488 50 19 ex.
1283 1479 153 39 köparen
1462 1479 81 38 göra
1568 1480 168 32 konkurs,

235 1519 274 38 penningvärdet
532 1520 70 28 kan
624 1519 92 34 falla,
743 1519 154 38 säljaren
921 1519 68 29 kan
1026 1528 68 21 vara
1116 1519 10 29 i
1147 1519 111 29 behov
1282 1529 43 20 av
1347 1519 278 40 köpeskillingen
1648 1529 92 20 ome-

237 1564 133 29 delbart
392 1573 28 20 o.
444 1573 25 20 s.
491 1573 30 19 v.
545 1563 174 29 Utskottet
741 1564 64 28 har
827 1564 88 28 dock
937 1563 53 29 för
1013 1563 54 29 sin
1089 1564 53 29 del
1165 1563 148 29 kommit
1335 1563 51 29 till
1408 1565 65 28 den
1496 1564 241 39 uppfaltning-

237 1615 52 26 en,
320 1606 50 29 att
400 1615 40 19 en
470 1605 207 39 utvidgning
706 1615 41 19 av
776 1606 66 28 den
873 1605 198 39 föreslagna
1101 1605 268 38 förordningens
1399 1605 339 40 tillämplighetsom-

236 1647 82 30 råde
337 1648 52 29 till
408 1649 49 28 att
476 1646 150 31 omfatta
642 1647 131 38 jämväl
792 1647 115 29 intäkt
926 1655 124 30 genom
1069 1647 174 39 avyttring
1261 1657 42 20 av
1322 1648 84 38 skog
1424 1648 111 29 under
1553 1648 185 29 innehavs-

236 1689 95 30 liden
352 1690 111 29 skulle
483 1690 121 29 kunna
626 1689 230 38 genomföras,
878 1698 56 20 om
954 1698 82 20 man
1057 1689 117 29 kunde
1195 1689 159 29 förenkla
1374 1690 219 29 förfarandet
1614 1698 122 30 genom

238 1732 321 38 schablonmässiga
585 1731 261 29 bestämmelser
874 1731 53 29 för
952 1730 267 40 ifrågavarande
1246 1732 73 38 slag
1345 1741 42 20 av
1412 1732 250 29 ackumulerad
1688 1732 51 29 in-

236 1773 127 30 komst.
389 1773 64 30 Vid
479 1773 264 39 utformningen
769 1783 42 20 av
835 1773 118 39 dylika
977 1773 263 30 bestämmelser
1265 1754 84 49 böra
1373 1774 144 29 beaktas
1543 1775 40 28 de
1610 1774 128 39 svårig-

237 1815 97 29 heter
359 1815 170 29 utskottet
555 1824 89 20 ovan
668 1795 140 58 angivit.
835 1806 152 39 Sålunda
1012 1815 62 29 bör
1100 1816 249 29 ackumulerad
1374 1816 156 29 inkomst
1555 1826 41 19 av
1621 1796 118 59 skogs-

237 1858 91 28 bruk
348 1858 10 28 i
379 1858 40 29 de
440 1857 61 30 fall
521 1867 121 19 varom
663 1867 45 20 nu
729 1859 38 27 är
787 1857 100 39 fråga
907 1857 97 31 alltid
1026 1866 101 21 anses
1147 1858 176 38 hänförlig
1344 1858 50 29 till
1416 1859 46 28 ett
1483 1858 86 29 visst
1589 1838 149 49 bestämt

236 1899 95 28 antal
350 1898 47 34 år,
419 1898 203 38 förslagsvis
642 1898 83 29 3—5
749 1898 47 29 år.
818 1881 126 46 Vidare
964 1898 84 29 böra
1070 1898 56 30 vid
1147 1880 211 57 försäljning
1379 1908 41 20 av
1441 1898 298 39 skogsprodukter

236 1942 41 29 de
302 1942 44 38 på
372 1942 265 39 skogsintäkten
661 1941 191 39 belöpande
878 1941 190 39 utgifterna
1093 1942 172 29 beräknas
1291 1941 88 30 efter
1403 1942 176 29 schablon.
1606 1942 12 28 I
1644 1943 93 28 detta

237 1985 197 29 hänseende
461 1985 70 28 kan
558 1993 81 20 man
666 1985 108 29 tänka
801 1984 51 38 sig
879 1985 50 28 att
955 1985 103 28 dessa
1083 1984 153 39 utgifter,
1264 1985 216 29 omfattande
1508 1985 40 29 de
1577 1985 78 29 med
1682 1994 55 20 av-

237 2026 214 39 verkningen
474 2026 114 29 direkt
612 2026 198 30 förbundna
832 2026 237 29 kostnaderna
1091 2027 165 28 ävensom
1277 2026 461 39 värdeminskningsavdrag

237 2068 19 29 å
283 2068 94 39 skog,
405 2069 97 29 skola
528 2069 123 37 utgöra
677 2078 40 19 en
743 2067 70 30 viss
839 2070 142 36 procent
1007 2077 42 20 av
1073 2067 169 30 intäkten.
1270 2068 52 28 En
1348 2068 108 29 sådan
1483 2068 166 30 schablon
1675 2068 63 29 har

237 2110 197 39 föreslagits
456 2110 9 29 i
486 2110 262 39 propositionen
770 2120 41 19 nr
834 2110 61 29 225
918 2112 78 29 med
1019 2110 130 39 förslag
1171 2110 51 29 till
1244 2111 53 38 lag
1320 2119 56 20 om
1397 2110 341 39 investeringskonto

238 2153 54 29 för
319 2153 94 38 skog,
440 2162 44 19 m.
512 2163 44 19 m.
585 2152 155 30 Särskild
768 2152 309 39 skatteberäkning
1103 2132 61 50 DÖR
1191 2153 89 29 dock
1306 2153 74 28 icke
1407 2154 63 37 äga
1496 2161 89 41 rum,
1614 2152 42 29 då
1682 2151 55 30 vid

237 2196 211 38 försäljning
469 2205 41 20 av
532 2196 85 38 skog
637 2195 177 39 betalning
836 2195 88 29 skall
946 2175 156 58 erläggas
1123 2195 111 29 under
1254 2195 116 39 loppet
1391 2204 41 20 av
1430 2175 110 49 flera
1561 2194 47 29 år.

283 2280 116 39 Enligt
428 2280 188 29 utskottets
645 2280 140 38 mening
814 2280 38 28 är
881 2280 56 28 det
966 2279 76 29 icke
1071 2279 183 29 motiverat
1283 2280 60 32 att,
1374 2279 177 38 samtidigt
1581 2279 78 28 med
1689 2279 50 29 att

237 2322 359 38 inkomslutjämning
625 2330 121 30 genom
774 2321 194 39 insättning
995 2321 20 29 å
1041 2321 340 39 investeringskonto
1408 2321 54 29 för
1490 2321 85 39 skog
1603 2320 136 39 möjlig-

238 2365 108 37 göres,
374 2364 115 30 införa
516 2364 262 29 bestämmelser
806 2373 56 20 om
890 2363 150 29 särskild
1070 2363 308 39 skatteberäkning
1406 2363 53 29 för
1487 2363 251 29 ackumulerad

238 2404 156 30 inkomst
418 2415 41 19 av
485 2405 95 37 skog.
605 2404 165 29 Däremot
794 2414 102 20 anser
921 2405 170 28 utskottet
1116 2406 59 31 att,
1209 2405 2 27 i
1236 2404 197 29 omedelbar
1460 2404 204 37 anslutning
1687 2403 53 29 till

237 2448 231 39 upphävande
490 2458 42 19 av
554 2448 65 29 den
642 2447 174 40 tillfälliga
839 2446 265 40 lagstiftningen
1126 2457 55 19 om
1203 2447 340 38 investeringskonto
1566 2447 54 29 för
1643 2447 95 37 skog,
