1896 2760
269 153 19 29 2
625 155 287 31 Statsutskottets
933 157 179 30 utlåtande
1131 167 44 20 nr
1194 158 41 29 67
1255 158 39 30 år
1316 159 84 29 1962

267 234 57 39 låg
349 234 222 31 beträffande
598 235 203 32 infanteriet
828 237 66 29 och
920 237 202 30 kavalleriet
1149 238 31 39 ej
1209 247 61 20 var
1296 238 131 30 beredd
1453 241 50 28 att
1530 241 35 28 ta
1593 239 165 39 ställning

268 287 52 30 till
346 288 250 40 utredningens
623 288 131 40 förslag
779 298 56 21 om
862 290 166 39 slopande
1054 300 42 20 av
1121 291 391 30 reservunderofficers-
1538 292 64 29 och
1628 301 129 20 reserv-

268 341 524 31 underbefälsinstitutionerna.
818 342 83 30 1954
925 343 56 30 års
1004 344 419 40 personalkårutredning
1447 345 64 29 har
1533 345 118 30 vidare
1675 345 83 29 ifrå-

268 396 114 36 gasatt
411 394 145 30 behovet
585 404 42 20 av
656 404 44 21 en
727 396 356 39 reservorganisation
1113 396 55 30 för
1196 397 111 30 armé-
1336 398 66 29 och
1431 397 326 40 mariningenjörer,

269 446 174 39 varjämte
473 447 123 30 chefen
628 447 55 30 för
713 448 201 39 flygvapnet
945 449 138 31 erhållit
1114 450 158 39 uppdrag
1304 452 50 28 att
1386 451 123 29 utreda
1539 451 146 30 behovet
1716 460 41 20 av

267 508 119 21 reserv
412 500 55 29 för
492 500 274 40 flygingenjörer
793 504 92 28 samt
912 502 54 29 för
993 502 310 40 förtidsavgångna
1329 504 249 34 verkmästare,
1606 504 151 29 mästare

268 553 66 29 och
362 552 245 40 flygtekniker.
636 554 238 40 Utredningen
902 555 148 30 rörande
1078 556 198 39 utbildning
1304 566 43 20 av
1374 557 236 39 värnpliktiga
1638 557 119 30 läkare

267 615 45 20 m.
334 615 46 22 m.,
402 606 65 29 har
487 606 164 40 slutligen
673 607 188 40 föreslagit,
884 610 50 28 att
956 609 246 39 anställnings-
1223 609 65 30 och
1310 609 448 40 tjänstgöringsförhållan-

268 658 67 30 den
352 658 56 30 för
424 659 259 39 krigsmaktens
702 660 69 30 fast
787 661 176 30 anställda
978 662 118 29 läkare
1114 662 192 39 inbegripet
1324 663 119 29 läkare
1461 663 11 29 i
1489 672 160 20 reserven
1668 663 88 30 skall

266 711 48 30 bli
334 711 147 31 föremål
501 712 54 30 för
573 713 158 39 översyn.
751 714 64 30 Det
834 714 71 29 kan
923 714 58 29 vid
1000 715 149 38 angivna
1169 714 245 31 förhållanden
1434 715 84 30 råda
1538 717 218 29 tveksamhet

267 773 58 21 om
351 765 250 40 lämpligheten
628 775 43 21 av
697 768 50 29 att
773 766 116 30 införa
916 769 47 28 ett
990 768 264 38 premiesystem
1281 768 57 30 för
1365 769 102 29 dessa
1493 769 195 39 kategorier
1716 779 41 20 av

266 817 222 31 reservbefäl.
514 819 395 38 Departementschefen
934 822 54 27 tar
1013 820 10 29 i
1050 821 94 29 detta
1170 821 256 40 sammanhang
1452 821 30 40 ej
1512 822 165 39 ställning
1703 822 52 30 till

267 870 57 30 det
349 870 167 31 framtida
539 872 147 30 behovet
710 882 43 20 av
776 873 41 29 de
842 873 116 30 skilda
980 873 243 40 kategorierna
1247 883 81 20 men
1353 874 117 30 finner
1495 875 56 30 det
1576 875 179 39 angeläget

267 926 51 28 att
334 926 49 28 ett
399 925 265 39 premiesystem
679 935 48 20 nu
743 926 131 30 införes
891 926 55 30 för
963 927 38 29 så
1017 929 72 28 stor
1105 927 53 30 del
1175 937 42 20 av
1234 929 326 38 reservpersonalen
1577 938 74 20 som
1668 929 89 39 möj-

266 976 73 40 ligt.
359 977 78 30 Med
455 978 137 39 hänsyn
610 978 118 30 härtill
748 978 117 30 finner
882 979 71 30 han
970 980 76 29 icke
1065 980 75 29 skäl
1160 980 157 30 undanta
1336 981 111 29 andra
1465 981 80 29 från
1563 984 49 28 ett
1630 981 125 30 sådant

268 1032 133 37 system
415 1031 44 29 än
474 1031 119 35 armé-,
608 1033 129 29 marin-
752 1033 65 29 och
831 1032 332 40 flygingenjörerna.

310 1087 67 30 Det
396 1087 197 41 föreslagna
611 1089 301 40 premiesystemet
931 1099 102 21 anses
1051 1091 85 29 böra
1154 1091 90 39 gälla
1261 1091 89 30 även
1369 1091 56 30 för
1444 1091 185 31 officerare
1647 1093 10 28 i
1676 1093 79 38 väg-

266 1141 66 29 och
351 1141 421 40 vattenbyggnadskåren.
793 1143 127 30 Vidare
939 1143 63 30 bör
1021 1144 291 30 reservanställda
1333 1144 186 31 officerare
1538 1145 11 29 i
1570 1145 185 40 flygförar-

266 1193 123 39 tjänst,
406 1195 173 30 anställda
595 1195 75 30 före
687 1195 38 30 år
743 1195 93 35 1958,
853 1197 147 29 medtas.

311 1251 347 41 Anställningsstopp
689 1253 102 34 råder
821 1254 55 29 för
907 1255 217 30 närvarande
1156 1255 55 30 för
1241 1256 300 39 arméingenjörer
1572 1257 66 30 och
1670 1256 87 40 flyg-

264 1305 212 39 ingenjörer,
496 1305 54 30 för
569 1306 272 34 underofficers-
860 1308 66 29 och
945 1308 387 40 underbefälspersonal
1351 1309 58 30 vid
1429 1310 120 29 armén
1570 1312 89 27 samt
1679 1310 77 29 där-

264 1358 124 30 utöver
414 1358 55 30 för
494 1358 307 41 förtidsavgången
827 1361 67 29 och
918 1361 378 40 värnpliktsavgången
1323 1363 162 38 personal
1512 1363 57 29 vid
1597 1363 157 29 marinen

264 1411 67 29 och
351 1411 211 40 flygvapnet.
583 1412 347 41 Anställningsstopp
950 1414 63 30 bör
1032 1414 219 31 fortfarande
1271 1415 86 30 råda
1378 1415 55 30 för
1453 1416 111 30 armé-
1583 1416 65 29 och
1669 1416 85 39 flyg-

264 1463 388 40 ingenjörpersonalen;
682 1466 385 39 departementschefen
1093 1468 65 29 har
1185 1468 51 29 till
1263 1468 237 30 innevarande
1528 1468 56 31 års
1612 1469 142 39 riksdag

265 1516 167 41 framlagt
453 1518 130 39 förslag
603 1528 58 20 om
681 1521 50 28 att
751 1520 402 39 reservorganisationen
1174 1520 54 31 för
1248 1522 319 39 mariningenjörer
1588 1522 88 30 skall
1698 1532 57 20 av-

265 1570 149 30 skaffas.
438 1571 93 30 även
551 1571 223 32 beträffande
797 1572 311 41 förtidsavgångna
1130 1574 249 37 verkmästare,
1403 1576 152 29 mästare
1579 1576 65 29 och
1668 1575 86 40 flyg-

263 1624 164 31 tekniker
455 1624 57 30 vid
541 1624 202 40 flygvapnet
771 1626 62 30 bör
863 1626 337 41 anställningsstopp
1225 1627 104 35 råda,
1354 1628 53 30 till
1437 1628 78 30 dess
1545 1628 125 30 chefen
1699 1628 55 30 för

264 1676 203 40 flygvapnet
487 1678 144 32 slutfört
650 1679 60 30 sitt
730 1679 159 40 uppdrag
908 1680 66 30 och
989 1680 111 31 därav
1118 1681 183 39 betingade
1322 1681 132 40 förslag
1474 1681 193 40 framlagts.
1688 1682 65 30 Det

264 1731 38 28 är
324 1730 193 31 emellertid
540 1732 108 39 enligt
670 1732 386 40 departementschefen
1079 1743 42 21 av
1143 1735 184 38 praktiska
1350 1735 76 29 skäl
1449 1735 159 39 lämpligt
1631 1737 51 28 att
1704 1744 48 21 nu

263 1783 177 31 fastställa
461 1785 150 39 premier
632 1786 65 30 och
718 1786 415 40 tjänstgöringsperioder
1156 1787 54 31 för
1233 1788 221 30 sistnämnda
1475 1791 51 28 tre
1548 1788 206 40 kategorier,

263 1836 167 31 eftersom
448 1839 246 29 motsvarande
712 1838 197 40 kategorier
927 1840 95 30 finns
1040 1841 95 29 inom
1154 1841 41 30 de
1214 1841 110 30 andra
1343 1841 340 40 försvarsgrenarna.
1702 1842 50 30 Då

262 1890 375 40 anställningsstoppet
667 1891 55 31 för
751 1892 308 40 förtidsavgången
1088 1894 66 29 och
1182 1894 378 40 värnpliktsavgången
1591 1895 159 40 personal

261 1943 60 30 vid
335 1944 161 30 marinen
510 1944 66 30 och
591 1935 202 49 flygvapnet
808 1946 204 30 motiverats
1028 1947 78 29 med
1123 1949 50 28 att
1189 1947 269 39 omläggningen
1474 1948 52 30 till
1543 1950 48 28 ett
1607 1948 148 40 premie-

262 1998 132 37 system
417 1997 112 30 skulle
551 1998 167 30 avvaktas
741 1998 62 30 bör
825 1999 96 30 detta
943 2000 336 40 anställningsstopp
1301 2000 120 31 hävas.
1444 2001 13 29 I
1481 2001 170 30 samband
1674 2001 79 30 här-

261 2049 80 30 med
358 2049 65 30 bör
437 2050 88 30 även
543 2050 57 31 det
618 2051 156 30 rådande
789 2052 373 40 anställningsstoppet
1181 2053 55 30 för
1254 2053 273 31 underofficers-
1543 2054 66 30 och
1627 2055 126 29 under-

260 2101 277 40 befälspersonal
562 2103 59 30 vid
645 2104 121 30 armén
791 2104 124 36 hävas;
943 2105 385 39 departementschefen
1354 2106 205 31 framhåller
1584 2107 90 39 ånyo
1700 2109 50 28 att

262 2154 97 31 detta
379 2155 77 30 icke
476 2156 145 30 innebär
643 2159 51 28 att
714 2157 70 30 han
805 2158 132 30 uttalar
958 2158 114 40 någon
1093 2159 141 40 mening
1255 2169 58 20 om
1338 2160 83 29 1954
1443 2160 57 30 års
1520 2160 231 31 befälsutred-

260 2208 103 39 nings
392 2208 130 41 förslag
549 2212 51 28 att
629 2210 99 40 slopa
755 2211 391 31 reservunderofficers-
1172 2213 65 29 och
1265 2213 484 31 reservunderbefälsinstitu-

260 2261 173 31 tionerna.
1003 2305 2 2 :

304 2319 77 30 Vad
400 2320 154 30 härefter
573 2321 108 39 gäller
701 2321 65 30 den
786 2322 163 30 närmare
969 2322 264 41 utformningen
1252 2332 44 22 av
1314 2324 300 40 premiesystemet
1634 2325 116 30 anslu-

261 2373 53 27 ter
336 2372 388 39 departementschefen
747 2375 50 39 sig
820 2375 53 30 till
897 2375 174 40 förslagen
1094 2376 11 30 i
1129 2376 531 41 departementspromemorian.
1684 2379 68 29 En-

262 2424 80 31 dast
366 2425 46 39 på
435 2428 48 28 ett
507 2435 63 31 par
594 2427 154 39 punkter
772 2428 117 30 finner
913 2429 71 29 han
1009 2429 76 30 skäl
1110 2430 83 39 göra
1217 2432 119 38 avsteg
1361 2430 81 30 från
1467 2430 175 40 förslagen
1667 2432 83 30 eller

260 2477 196 41 framlägga
471 2479 300 41 kompletterande
790 2482 229 39 synpunkter.
