2184 2628
710 197 100 30 Andra
835 197 193 36 lagutskottets
1054 194 146 29 utlåtande
1224 194 44 28 Nr
1293 194 49 28 43.
1802 188 30 29 11

242 281 177 42 hemman,
462 280 70 34 dels
563 279 63 35 ock
659 279 178 42 hemman,
870 276 207 48 uppkomna
1107 276 91 34 efter
1227 273 272 46 skattliggning
1528 285 42 21 av
1601 271 42 35 de
1673 271 54 34 till
1758 270 79 34 bru-

242 334 65 34 ken
340 335 65 34 och
436 333 218 47 bergverken
687 332 173 47 upplåtna
889 329 437 46 rekognitionsskogarna.

348 388 84 34 Med
450 386 310 47 krononybyggen
778 397 98 22 avses
892 383 107 35 sådan
1014 382 93 47 jord,
1125 395 75 22 som
1218 382 8 33 i
1242 382 43 34 de
1299 379 231 36 norrländska
1546 379 102 33 länen
1663 391 41 21 av
1722 380 115 32 staten

243 441 171 47 upplåtits
444 441 55 33 för
527 440 125 45 odling
682 439 64 34 och
768 437 235 47 bebyggande
1017 438 37 32 åt
1071 436 210 47 nybyggare
1297 433 78 34 med
1394 432 207 47 skyldighet
1621 432 53 33 för
1690 431 78 34 dem
1787 433 53 31 att

242 496 42 45 på
316 494 210 34 föreskrivet
554 494 72 34 sätt
655 492 81 34 odla
765 491 66 34 och
860 490 166 47 bebygga
1056 488 69 35 den
1156 488 173 47 upplåtna
1355 486 124 46 jorden
1504 498 79 20 men
1602 484 80 34 med
1699 485 70 33 rätt
1786 484 54 33 för

244 547 243 48 nybyggaren,
519 548 65 41 att,
615 546 91 34 efter
735 544 153 46 odlings-
918 543 67 35 och
1014 539 555 50 nybyggnadsskyldigheternas
1602 536 234 47 fullgörande,

242 613 131 34 genom
402 613 26 22 s.
460 601 32 33 k.
525 598 301 45 skatteomföring
854 597 35 34 få
919 595 258 47 äganderätten
1206 594 56 34 till
1291 593 187 48 nybygget
1506 592 36 34 åt
1571 591 54 45 sig
1654 591 184 46 upplåten.

352 653 121 36 Under
516 653 91 35 bruk
642 651 228 47 skatteköpta
898 651 167 34 hemman
1097 652 59 32 äro
1186 648 132 35 sådana
1347 646 178 42 hemman,
1552 644 96 34 vilka
1678 656 42 21 av
1749 642 91 35 bruk

242 708 84 35 eller
355 708 174 45 bergverk
558 706 226 47 skatteköpts
813 704 81 35 med
915 702 236 48 begagnande
1172 715 42 21 av
1236 701 69 35 den
1326 700 233 35 förmånsrätt
1580 698 149 34 framför
1749 697 90 34 åbon

242 761 56 35 till
327 761 199 47 skatteköp,
558 773 76 23 som
659 759 202 35 tillerkänts
890 757 135 35 bruken
1044 757 59 48 för
1125 756 43 34 de
1189 755 73 44 fall,
1284 756 53 33 att
1358 754 206 34 hemmanet
1585 764 60 22 var
1666 750 177 46 omistligt

246 816 53 33 för
328 814 131 35 bruket
487 814 85 35 eller
602 812 222 48 bergverket.

350 868 86 35 Med
475 866 416 49 rekognitionshemman
923 863 167 46 slutligen
1124 863 127 33 förstås
1280 860 131 35 sådana
1440 860 178 40 hemman,
1650 870 74 22 som
1756 870 85 34 upp-

243 922 155 34 kommit
414 922 220 47 därigenom,
656 922 55 33 att
729 916 380 49 rekognitionsskogar
1127 937 48 3 —
1192 914 33 36 d.
1249 928 32 21 v.
1304 927 24 22 s.
1348 913 131 35 sådana
1499 912 137 34 kronan
1658 911 184 46 tillhöriga

243 975 139 47 skogar,
413 988 76 22 som
518 974 173 47 anslagits
719 973 57 36 till
803 972 93 35 vissa
925 970 92 35 bruk
1047 970 84 34 eller
1162 968 173 47 bergverk
1364 968 55 34 att
1446 979 44 22 av
1510 965 81 35 dem
1612 966 136 46 nyttjas
1766 966 77 33 mot

244 1029 90 46 årlig
362 1029 116 48 avgift
507 1028 83 35 eller
619 1027 230 47 rekognition
879 1046 49 4 —
958 1024 198 35 sedermera
1185 1022 152 35 indelats
1367 1021 55 34 till
1451 1020 168 34 hemman
1650 1019 66 34 och
1740 1018 13 33 i
1773 1017 69 35 den

244 1085 83 33 mån
371 1083 42 35 de
459 1082 187 35 befunnits
687 1081 53 36 för
779 1080 137 35 bruken
944 1078 98 52 eller
1083 1076 219 48 bergverken
1334 1073 190 47 behövliga
1554 1072 204 36 skattesålts
1786 1070 57 35 till

245 1136 122 36 bruks-
409 1136 87 36 eller
538 1135 336 48 bergverksägarna.
933 1132 34 34 ÅA
1009 1130 421 48 rekognitionshemman
1472 1127 116 35 finnas
1630 1126 77 34 icke
1745 1125 97 43 åbor,

245 1190 34 36 d.
308 1204 31 22 v.
371 1203 25 23 s.
435 1190 151 35 brukare
619 1189 83 35 med
731 1189 151 43 åborätt,
910 1185 144 36 varmed
1080 1185 129 35 förstås
1238 1197 44 21 en
1310 1182 56 36 till
1394 1181 102 36 tiden
1525 1179 212 37 oinskränkt
1761 1178 85 35 ärft-

247 1244 51 47 lig
329 1244 298 46 besittningsrätt,
660 1255 82 22 men
769 1242 124 34 kunna
921 1240 163 34 däremot
1113 1238 114 34 finnas
1256 1235 319 48 lägenhetshavare
1605 1233 85 35 eller
1705 1235 140 44 torpare

249 1297 80 35 med
358 1297 274 47 brukningsrätt
660 1309 44 22 av
733 1296 109 34 annat
869 1294 86 46 slag.

356 1405 79 35 Vad
472 1417 43 22 av
544 1402 360 47 kammarkollegium
933 1398 221 37 beträffande
1185 1397 42 35 de
1256 1398 12 33 i
1297 1397 99 46 fråga
1428 1408 58 21 om
1515 1393 156 36 nämnda
1700 1393 75 47 slag
1804 1404 43 22 av

248 1459 192 47 kronojord
485 1458 127 35 väckta
654 1455 219 49 spörsmålen
911 1453 138 36 anförts
1078 1453 12 34 i
1118 1452 79 35 dess
1227 1451 154 46 avgivna
1410 1448 224 44 utlåtanden,
1665 1447 57 35 till
1751 1446 96 34 vilka

248 1514 177 35 utskottet
465 1512 168 35 hänvisar
666 1510 96 36 såväl
791 1508 219 37 beträffande
1042 1506 70 35 den
1141 1505 192 35 historiska
1361 1502 256 47 utvecklingen
1646 1514 44 22 av
1719 1500 129 47 ifråga-

247 1567 153 36 varande
440 1566 146 35 institut
626 1577 76 23 som
738 1564 64 35 ock
832 1561 148 36 rörande
1010 1560 43 35 de
1082 1563 162 31 närmare
1274 1557 195 47 detaljerna
1498 1569 43 22 av
1571 1555 147 46 kollegii
1743 1554 105 34 fram-

248 1617 195 51 ställning,”
459 1619 98 51 torde
586 1620 13 34 i
624 1618 147 35 korthet
798 1617 124 34 kunna
950 1614 273 36 sammanfattas
1251 1613 45 46 på
1326 1610 158 47 följande
1514 1611 82 34 sätt.

357 1674 80 35 Vad
465 1673 91 35 först
584 1673 157 47 anginge
771 1671 69 35 den
868 1671 12 33 i
904 1669 188 35 motionen
1120 1680 43 21 nr
1192 1668 70 34 241
1298 1665 127 35 väckta
1453 1664 126 47 frågan
1609 1675 59 23 om
1686 1660 164 48 åtgärder

248 1729 57 36 till
334 1727 257 36 förhindrande
620 1739 43 22 av
695 1726 121 46 bolags
845 1725 143 34 förvärv
1017 1735 57 22 av.
1089 1721 142 35 åborätt
1260 1720 67 34 och
1356 1718 190 46 skatteköp
1575 1729 44 22 av
1641 1714 206 47 kronojord,

249 1795 83 23 vore
373 1784 53 34 att
445 1781 172 47 iakttaga,
636 1782 53 33 att
705 1779 114 46 enligt
834 1776 165 49 gällande
1015 1774 324 47 rättstillämpning
1354 1772 69 35 den
1438 1770 234 37 norrländska
1688 1768 162 35 förbuds-

250 1838 104 46 lagen
370 1848 44 23 av
429 1835 70 35 den
521 1836 22 33 4
563 1835 70 46 maj
662 1833 90 37 1906
773 1831 109 50 torde
903 1831 36 35 få
964 1842 101 23 anses
1084 1831 129 44 utgöra
1230 1826 128 35 hinder
1373 1828 77 32 mot
1465 1826 142 34 förvärv
1622 1824 90 34 efter
1727 1822 123 47 lagens

250 1889 284 37 ikraftträdande
554 1901 43 23 av
615 1888 141 35 åborätt
772 1886 55 35 till
841 1884 325 49 krononybyggen,
1183 1883 92 33 samt
1287 1881 55 35 att
1352 1880 42 34 de
1407 1879 74 44 fall,
1494 1878 46 35 då
1551 1878 107 46 bolag
1673 1878 44 46 på
1734 1875 116 48 grund

250 1958 44 22 av
309 1944 153 47 tidigare
478 1942 190 36 förvärvad
698 1941 140 35 åborätt
867 1938 142 36 erhållit
1037 1936 324 36 skattemannarätt
1379 1933 58 35 till
1456 1932 111 36 sådan
1580 1931 93 48 jord,
1691 1930 161 35 alltmera

252 1998 138 47 avtagit
404 1998 12 34 i
431 1996 108 44 antal,
557 1996 120 35 varför
692 1996 127 45 frågan
830 1994 12 34 i
855 1993 117 35 denna
988 1991 57 35 del
1056 2002 149 23 numera
1216 1990 122 47 syntes
1354 1987 110 35 sakna
1479 1985 162 48 praktisk
1656 1983 194 47 betydelse.

252 2051 172 36 Ansökan
440 2063 43 22 av
500 2050 108 47 bolag
623 2062 59 22 om
696 2048 189 47 skatteköp
899 2059 43 22 av
958 2043 207 48 kronojord,
1182 2055 76 23 som
1275 2041 156 48 åsyftasi
1447 2041 96 35 1848
1558 2041 55 33 års
1623 2037 147 36 berörda
1787 2037 66 34 för-

252 2105 165 48 ordning,
434 2104 92 36 hade
542 2103 121 35 vidare
679 2102 77 35 icke
773 2101 174 46 förelegat
961 2100 111 34 annat
1087 2100 44 32 än
1143 2097 10 34 i
1165 2109 85 22 rena
1265 2093 279 48 undantagsfall.
1576 2093 132 46 Bolags
1721 2091 131 35 skatte-

252 2160 97 35 lösen
379 2171 42 22 av
449 2156 378 49 rekognitionsskogar
855 2153 102 37 torde
978 2152 168 46 slutligen
1169 2149 210 36 hädanefter
1399 2147 182 37 sannolikt
1594 2145 260 47 ifrågakomma

254 2213 125 36 endast
406 2213 13 34 i
447 2213 54 34 ett
524 2211 75 44 fall,
630 2210 183 47 nämligen
832 2208 62 35 det
913 2220 44 22 av
976 2206 199 47 kollegium
1191 2205 12 34 i
1219 2204 77 35 dess
1312 2201 184 37 utlåtande
1513 2205 84 31 över
1612 2199 186 36 motionen
1812 2210 43 22 nr

260 2268 78 43 120
361 2266 149 36 berörda
538 2264 186 49 angående
753 2263 105 35 Tuna
886 2261 183 48 bergslags
1097 2258 236 46 allmänning,
1365 2256 113 35 vilket
1505 2255 76 45 fall,
1613 2254 115 46 enligt
1743 2252 110 36 kolle-

254 2322 112 47 gium,
398 2322 110 34 måste
538 2318 195 37 behandlas
761 2317 68 37 och
858 2316 168 36 bedömas
1046 2312 199 39 oberoende
1266 2324 43 24 av
1327 2307 410 52 skatteköpssökandens
1751 2318 104 35 egen-

1877 1390 95 30 Kungl.
1993 1390 65 23 kam-

1872 1425 197 31 markollegium.
