1888 2824
321 163 39 31 38
710 162 290 33 Statsutskottets
1027 161 185 30 utlåtande
1236 160 54 31 Nr
1317 159 49 30 10.

279 241 115 31 terade
418 240 176 31 tullmedel
618 239 60 31 vid
701 239 150 30 hamnen
875 247 82 21 voro
980 238 40 29 år
1043 237 99 30 1919:
1167 236 117 36 47,341
1310 237 135 34 kronor,
1470 236 123 31 medan
1616 235 40 31 de
1674 236 107 32 under

277 285 94 31 tiden
395 287 17 28 1
437 283 223 37 januari—30
677 282 185 31 november
879 282 83 30 1927
978 281 175 35 uppgingo
1169 280 55 30 till
1243 280 116 35 99,550
1376 280 126 30 kronor
1518 281 41 30 40
1576 282 64 28 öre.
1665 279 116 32 Under

276 329 94 31 tiden
409 326 137 42 '/,—!/,,
583 327 82 30 1927
701 327 72 35 steg
808 325 130 31 antalet
967 325 48 30 in-
1038 324 62 31 och
1124 323 216 31 utklarerade
1363 323 115 36 fartyg
1501 324 200 36 ytterligare
1724 323 56 31 till

278 373 96 35 1,039
398 372 61 30 och
484 371 142 31 tontalet
650 370 55 30 till
730 369 203 35 287,446.39.

320 416 104 30 Dessa
459 415 113 30 siffror
606 413 81 37 tyda
722 413 180 35 onekligen
937 413 42 35 på
1011 421 42 20 en
1078 411 83 36 lugn
1184 411 61 30 och
1270 410 98 36 jämn
1391 410 152 36 stegring
1567 420 44 20 av
1635 410 147 31 trafiken

277 459 59 31 vid
369 459 166 36 Ronneby
558 458 114 30 hamn.
719 456 117 32 Under
859 455 128 31 sådana
1010 454 293 36 omständigheter
1327 456 38 28 är
1389 453 54 31 det
1466 453 99 36 högst
1588 453 194 36 betänkligt

275 505 53 28 att
350 503 143 35 indraga
516 501 247 36 sjömanshuset
786 500 182 35 därstädes,
993 498 55 31 det
1071 498 110 31 skulle
1204 499 12 29 i
1240 498 121 36 högsta
1383 497 85 36 grad
1485 498 167 35 äventyra
1668 497 113 30 denna

276 547 200 35 utveckling
500 546 13 29 i
536 545 278 35 fortsättningen.
850 541 176 38 Åtgärden
1041 543 51 30 att
1108 542 145 36 indraga
1269 541 252 36 sjömanshuset
1538 541 57 30 vid
1613 541 167 35 Ronneby

276 590 81 31 redd
390 590 86 30 hade
508 588 170 31 måhända
704 588 75 30 icke
803 587 91 30 varit
918 587 35 30 så
977 586 186 35 betänklig,
1187 585 113 31 därest
1324 585 149 30 hamnen
1496 585 84 30 stått
1603 585 12 30 i
1638 584 143 30 omedel-

276 634 61 30 bar
360 633 206 31 förbindelse
588 632 77 31 med
689 631 129 31 staden.
854 631 45 30 Så
922 632 48 34 är,
995 638 72 22 som
1091 629 135 35 bekant,
1243 629 74 30 icke
1334 628 104 31 fallet.
1468 628 129 30 Mellan
1613 628 168 36 Ronneby

276 677 74 31 stad
383 677 61 31 och
474 677 74 30 dess
570 676 105 30 hamn
698 677 40 28 är
761 676 48 29 ett
832 674 146 31 avstånd
1002 683 45 21 av
1072 673 17 30 5
1114 673 187 30 kilometer.
1348 671 273 37 Sjömanshusets
1644 672 138 36 indrag-

275 722 85 35 ning
395 720 60 31 vid
489 720 164 35 Ronneby
688 719 135 30 överför
854 719 44 35 på
929 719 12 29 i
969 718 124 30 staden
1118 717 125 30 boende
1267 716 209 36 tjänstemän
1501 716 91 30 vissa
1615 716 167 36 sjömans-

278 764 360 31 husombudsmannen
665 773 48 20 nu
736 761 183 37 påvilande
943 761 183 36 uppgifter.
1172 760 76 31 Den
1271 759 209 31 tidsutdräkt
1503 759 63 30 och
1590 759 38 31 de
1651 760 130 35 svårig-

276 809 103 35 heter,
416 818 72 20 som
519 806 139 32 därmed
680 806 159 31 åsamkas
863 805 269 36 fartygsbefälet,
1157 806 58 28 äro
1239 804 134 35 ägnade
1395 804 51 29 att
1469 802 112 31 direkt
1604 803 178 30 motverka

276 853 164 35 sjöfarten
475 850 179 32 därstädes.
701 850 113 35 Något
848 849 140 30 intresse
1016 849 50 29 att
1091 849 109 29 staten
1225 847 88 30 skall
1339 847 183 30 medverka
1545 846 119 30 därtill
1687 847 95 30 torde

277 896 73 30 icke
374 905 83 21 vara
481 894 188 36 skönjbart.
716 892 64 32 Om
804 893 164 30 hamnens
992 892 217 30 verksamhet
1233 891 91 35 legat
1347 891 13 30 i
1383 890 118 36 stiltje,
1526 889 86 31 hade
1635 889 147 31 förvisso

276 942 87 28 även
387 938 213 31 motionären
625 938 88 29 måst
736 937 95 30 finna
854 946 41 20 en
918 935 211 36 indragning
1153 945 44 20 av
1220 934 253 36 sjömanshuset
1495 933 286 35 ändamålsenlig.

276 983 66 30 Det
375 985 39 28 är
448 982 13 30 i
495 982 140 30 motsats
664 980 118 31 därtill
811 980 12 30 i
847 979 114 31 stället
985 979 99 35 fråga
1108 989 54 20 om
1186 988 41 21 en
1252 978 106 30 hamn
1383 978 73 30 med
1480 978 114 36 livlig,
1619 978 163 35 uppåtgå-

276 1027 94 35 ende,
395 1026 69 30 fast
486 1025 228 30 kvantitativt
739 1024 201 35 visserligen
965 1023 72 30 icke
1061 1023 37 30 så
1122 1021 222 36 omfattande,
1366 1021 215 30 verksamhet
1597 1021 11 30 i
1625 1022 157 29 centrum

276 1080 43 20 av
344 1080 42 20 en
409 1069 129 31 folkrik
560 1067 283 38 sjömannabygd.
879 1067 108 35 Ingen
1011 1076 44 20 av
1079 1066 40 31 de
1135 1066 123 34 städer,
1276 1075 81 20 vars
1372 1065 214 35 sjömanshus
1603 1065 179 35 samtidigt

277 1124 47 20 nu
347 1113 142 31 föreslås
513 1112 54 31 till
591 1112 221 35 indragning,
837 1110 94 31 torde
953 1111 13 29 i
990 1111 37 29 så
1051 1110 67 35 hög
1142 1109 83 36 grad
1246 1119 71 20 som
1333 1109 164 35 Ronneby
1513 1108 45 30 ha
1575 1109 207 30 karaktären

277 1168 44 20 av
353 1157 175 30 huvudort
559 1156 11 30 i
594 1166 40 20 en
659 1155 89 36 bygd
776 1155 49 30 för
848 1154 204 36 sjöfarande.
1099 1153 260 36 Indragningen
1382 1152 140 36 betyder
1545 1152 108 30 heller
1676 1153 106 35 ingen

277 1201 181 36 besparing
494 1201 52 29 för
580 1199 212 31 statsverket.
839 1198 49 30 De
922 1197 281 36 bristfälligheter
1238 1197 11 29 i
1280 1195 400 37 rapportförhållandena
1704 1195 77 31 med

277 1243 368 35 kommerskollegium,
680 1252 72 21 som
787 1242 248 30 ämbetsverket
1069 1250 97 21 anser
1200 1250 83 20 vara
1316 1241 48 29 ett
1391 1250 44 20 av
1459 1240 38 30 de
1521 1239 74 31 skäl
1618 1249 73 20 som
1715 1249 68 20 mo-

278 1289 111 30 tivera
421 1285 293 38 indragningarna
743 1304 40 2 —
808 1285 212 31 motionären
1043 1285 131 31 känner
1197 1284 86 31 dock
1306 1284 74 30 icke
1403 1283 174 31 huruvida
1600 1283 183 36 Ronnebys

278 1331 218 37 sjömanshus
520 1330 99 31 också
642 1330 88 37 givit
754 1329 187 35 anledning
964 1328 56 31 till
1045 1328 91 31 dessa
1161 1327 267 31 ämbetsverkets
1451 1327 174 35 klagomål
1642 1345 40 2 —
1699 1326 84 31 böra

278 1377 166 34 knappast
476 1384 97 21 anses
606 1383 83 21 vara
712 1373 206 35 tillräckligt
941 1372 152 31 bärande
1116 1371 73 31 skäl
1213 1371 54 30 för
1291 1381 42 20 en
1356 1371 121 35 åtgärd
1501 1370 211 31 beträffande
1736 1372 48 28 ett

278 1419 167 31 samhälle
468 1428 73 20 som
565 1417 175 36 Ronneby,
766 1416 74 31 med
866 1416 39 31 de
928 1416 117 30 starka
1069 1416 131 35 sakliga
1224 1415 85 36 skäl,
1333 1424 71 21 som
1428 1424 102 27 synas
1545 1414 167 36 föreligga
1730 1413 53 31 för

278 1462 240 32 bibehållande
541 1472 45 19 av
609 1461 73 31 dess
706 1460 226 36 sjömanshus.
972 1460 66 30 Det
1062 1459 91 31 torde
1177 1459 96 36 ligga
1296 1459 94 30 inom
1414 1458 280 36 möjligheternas
1715 1467 69 20 om-

278 1507 81 30 råde
394 1506 53 30 för
480 1504 361 36 kommerskollegium
875 1504 50 30 att
952 1504 44 35 på
1019 1503 159 36 lämpligt
1200 1504 68 29 sätt
1291 1502 124 35 bättra,
1440 1512 53 20 om
1517 1501 87 31 brist
1627 1501 69 36 just
1720 1501 64 30 här

278 1551 183 35 föreligger
485 1550 12 29 i
521 1547 433 37 rapportförhållandena.»

321 1637 17 29 I
370 1636 174 30 motionen
568 1645 42 20 nr
634 1635 62 30 328
721 1635 62 30 har
807 1634 203 35 föreslagits,
1035 1635 51 29 att
1107 1632 314 36 kommerskollegii
1452 1642 42 20 av
1523 1631 131 36 Kungl.
1683 1631 102 36 Maj:t

278 1690 176 35 upptagna
489 1687 128 36 förslag
650 1687 56 30 till
730 1686 293 36 omorganisation
1047 1696 46 20 av
1116 1686 105 30 rikets
1245 1685 227 36 sjömanshus,
1497 1684 87 31 evad
1607 1683 55 31 det
1685 1683 100 31 berör

278 1740 232 36 Falkenbergs
534 1739 227 36 sjömanshus,
786 1739 73 30 icke
883 1739 106 30 måtte
1012 1738 110 30 vinna
1145 1737 201 36 riksdagens
1370 1736 108 31 bifall.

321 1792 69 31 Till
415 1792 72 31 stöd
512 1792 53 30 för
588 1792 60 30 sitt
672 1791 128 35 förslag
824 1790 63 31 har
910 1790 215 31 motionären
1148 1790 130 30 anfört:

325 1862 36 31 »I
378 1861 133 36 Kungl.
529 1861 115 35 Maj:ts
661 1860 209 36 proposition
886 1869 41 20 nr
945 1860 17 30 1
981 1858 108 31 under
1105 1859 115 31 tionde
1236 1858 221 31 huvudtiteln
1474 1858 110 36 punkt
1597 1858 39 30 24
1650 1857 134 31 beröres

278 1905 316 35 kommerskollegii
617 1904 127 36 förslag
768 1903 56 31 till
848 1903 291 36 omorganisation
1163 1913 44 20 av
1231 1903 108 30 rikets
1362 1901 216 37 sjömanshus
1602 1901 60 30 och
1678 1901 41 31 de
1735 1901 50 30 in-

279 1950 211 35 dragningar
506 1958 44 21 av
564 1948 178 36 befintliga
754 1947 228 36 sjömanshus,
995 1956 73 21 som
1081 1947 185 30 eventuellt
1279 1946 112 31 skulle
1403 1945 95 31 bliva
1511 1955 42 21 en
1566 1944 86 37 följd
1665 1945 119 30 härav.

322 1993 61 31 Uti
424 1991 264 37 ifrågavarande
726 1991 138 36 förslag,
901 2000 72 20 som
1010 1990 116 31 endast
1160 2000 99 20 avser
1293 1991 52 29 att
1379 1999 84 21 vara
1498 1999 43 20 en
1575 1988 210 36 provisorisk

279 2035 399 37 organisationsändring
713 2045 45 20 av
791 2044 93 20 mera
917 2034 190 35 begränsad
1140 2035 63 34 art,
1236 2033 142 31 föreslås
1401 2032 104 31 bland
1529 2034 115 33 annat,
1668 2033 51 29 att
1743 2031 40 31 13

278 2091 44 20 av
347 2080 40 31 de
410 2079 200 31 nuvarande
633 2078 263 36 sjömanshusen
919 2077 111 31 skulle
1055 2077 168 36 indragas,
1248 2077 182 31 däribland
1454 2075 239 36 Falkenbergs.
1732 2075 53 30 Då

278 2134 45 21 av
347 2122 386 37 departementschefens
755 2121 160 37 yttrande
939 2121 12 30 i
974 2121 253 36 propositionen
1252 2120 65 31 den
1341 2120 223 36 möjligheten
1580 2129 102 26 synes
1699 2119 85 30 före-

279 2168 105 36 ligga,
419 2168 51 29 att
502 2166 111 31 denna
644 2165 208 36 begränsade
883 2165 335 36 omorganisationen
1250 2164 113 31 skulle
1387 2164 97 30 träda
1511 2164 12 29 i
1548 2163 94 30 kraft
1678 2162 105 31 redan

279 2211 65 31 den
369 2212 18 29 1
412 2210 139 36 januari
586 2209 93 36 1929,
712 2209 55 30 får
790 2209 69 35 jag,
882 2208 86 31 evad
991 2208 56 31 det
1070 2208 97 31 berör
1189 2208 233 35 Falkenbergs
1444 2206 220 37 sjömanshus
1688 2215 99 22 even-

279 2255 108 31 tuella
410 2253 221 36 indragning,
655 2252 186 31 framhålla
864 2252 162 36 följande.

323 2298 75 30 Den
421 2308 45 20 av
488 2296 362 36 kommerskollegium
874 2295 185 36 åberopade
1082 2295 230 35 utredningen
1336 2294 151 36 grundar
1508 2294 52 36 sig
1577 2295 42 34 på
1635 2292 150 31 rådande

280 2340 383 38 sjöfartsförhållanden
687 2340 109 30 under
827 2339 95 31 tiden
951 2339 225 35 1917—1918,
1201 2338 31 31 d.
1257 2349 33 20 v.
1315 2348 24 21 s.
1365 2338 64 31 den
1452 2337 60 36 tid,
1536 2337 107 31 under
1667 2336 119 31 vilken

281 2386 62 30 vår
382 2384 265 36 sjöfartsnäring
686 2383 159 31 arbetade
883 2382 108 31 under
1031 2384 76 29 rent
1145 2382 166 31 abnorma
1350 2381 213 36 betingelser.
1626 2380 61 31 Att
1727 2380 55 31 det

283 2428 191 32 statistiska
508 2428 168 34 material,
712 2427 109 35 varpå
845 2426 109 31 denna
986 2426 186 36 utredning
1203 2426 140 36 bygger,
1376 2427 87 29 även
1491 2424 86 31 evad
1601 2424 54 31 det
1678 2424 108 36 gäller
