2210 2622
427 178 42 31 36
780 179 361 42 Bevillningsulskottets
1166 179 206 32 Betänkande
1396 179 62 32 N:o
1480 181 51 30 22.

512 255 77 38 »Då
616 256 161 37 friherre
806 269 73 24 von
909 255 213 39 Schwerins
1150 258 183 49 förnyade
1353 258 284 50 framställning
1653 272 59 24 om
1729 258 246 49 jordbrukets

384 307 248 50 beskattning
660 308 96 37 efter
783 308 74 37 den
885 310 158 46 verkliga
1072 309 272 49 afkastningen
1368 309 86 38 med
1475 310 291 50 öfvergifvande
1787 310 41 37 af
1842 310 135 38 hittills

383 359 113 49 följdt
523 359 311 50 beräkningssätt
862 361 91 37 eller
982 366 23 32 6
1026 366 151 42 procent
1206 363 47 43 af
1274 364 309 45 taxeringsvärdet
1611 362 199 37 tillvunnit
1829 362 58 50 sig
1906 363 70 36 och

382 410 183 50 möjligen
605 411 75 38 kan
720 412 150 37 komma
911 417 55 32 att
1005 413 225 49 ytterligare
1263 414 114 36 vinna
1404 413 205 38 understöd
1639 415 41 36 af
1705 415 97 47 dem,
1831 427 80 24 som
1940 415 33 48 ej

382 476 115 36 synas
525 466 40 34 så
590 477 102 35 noga
710 464 126 37 känna
855 464 286 50 landsbygdens
1159 465 261 37 förhållanden
1441 466 71 37 och
1531 466 180 37 särskildt
1730 466 246 50 svårigheten

382 514 58 37 för
467 517 91 35 våra
577 516 219 37 nuvarande
816 516 468 50 taxeringsmyndigheter
1303 522 56 32 att
1378 520 123 35 kunna
1520 518 206 37 verkställa
1749 518 227 50 taxeringen

382 566 96 37 efter
518 566 139 38 sådana
698 568 178 48 grunder,
918 568 71 37 och
1030 582 81 23 som
1153 569 33 49 ej
1230 569 91 49 vilja
1354 569 175 50 behjärta
1556 570 245 49 svårigheten
1829 570 58 37 för
1914 570 64 37 det

381 623 103 32 stora
511 618 163 38 flertalet
698 619 253 50 jordbrukare
980 624 56 32 att
1063 621 82 36 föra
1173 620 224 50 fullständig
1424 621 218 50 bokföring,
1671 625 40 34 så
1739 635 114 36 synes
1872 621 104 38 tiden

380 683 91 23 vara
512 670 88 37 inne
642 675 56 32 att
737 671 99 37 tillse
872 671 100 38 hvad
1014 685 80 24 som
1136 672 74 37 kan
1251 676 154 45 åtgöras
1434 674 59 36 för
1520 673 290 50 undanröjande
1838 674 42 36 af
1903 673 73 38 den

381 721 41 37 af
445 722 235 38 motionären
708 722 225 38 framhållna
961 724 220 48 orättvisan,
1202 729 56 32 att
1277 738 47 24 en
1344 725 61 37 del
1419 725 208 50 jordägare
1647 726 157 37 sålunda
1823 725 154 49 tvingas

380 778 56 32 att
463 774 124 37 betala
614 774 104 37 skatt
747 775 59 37 för
834 777 203 45 obefintliga
1064 775 223 49 inkomster,
1316 776 148 38 hvilket
1491 777 10 36 i
1532 777 47 37 all
1600 778 206 49 synnerhet
1832 778 144 36 kännes

379 825 254 50 betungande,
659 826 47 37 då
735 827 151 37 skatten
914 832 153 44 uttages
1095 828 249 50 progressivt.

507 878 53 36 Af
596 877 212 39 statistiska
852 878 209 50 uppgifter,
1109 892 81 25 som
1231 884 40 33 år
1314 882 99 36 1902
1455 881 242 37 meddelades
1744 881 230 50 Riksdagen,

378 929 180 49 framgår,
587 935 56 31 att
670 929 147 51 knappt
846 932 21 35 5
895 936 158 45 procent
1073 931 41 37 af
1130 931 71 38 den
1222 933 166 36 svenska
1402 933 138 49 jorden
1554 955 50 5 —
1620 933 120 49 enligt
1763 933 211 49 taxerings-

377 981 116 37 värde
533 982 163 36 räknadt
724 1005 49 4 —
801 982 130 37 tillhör
958 982 73 38 den
1059 983 186 50 kategori,
1275 998 81 23 som
1384 985 13 36 i
1424 985 70 37 och
1522 984 59 37 för
1609 985 62 49 sig
1699 985 92 49 själf
1814 985 160 37 drabbas

379 1033 39 37 af
455 1033 219 50 progressiv
702 1034 114 48 skatt,
853 1034 34 37 d.
917 1048 35 22 v.
982 1047 28 23 s.
1041 1039 117 44 ägare
1187 1036 40 36 af
1246 1036 187 49 jordbruk
1462 1037 86 37 med
1577 1042 55 32 ett
1659 1036 316 50 taxeringsvärde

379 1085 42 36 af
462 1086 160 47 100,000
663 1085 140 37 kronor
843 1086 71 36 och
955 1085 186 38 däröfver.
1196 1087 74 37 Det
1310 1092 42 33 är
1393 1090 103 35 svårt
1537 1093 55 32 att
1622 1089 94 47 inse,
1745 1088 156 37 hvarför
1928 1102 47 24 en

379 1137 216 48 olägenhet,
620 1137 42 49 ja
690 1150 47 23 en
765 1137 194 48 orättvisa,
989 1151 80 24 som
1099 1137 161 39 drabbar
1287 1139 105 38 detta
1421 1140 103 48 fåtal,
1553 1141 33 47 ej
1616 1140 75 37 kan
1720 1140 188 49 aflägsnas
1926 1143 49 48 på

378 1193 117 32 annat
522 1192 87 45 sätt,
639 1193 47 32 än
716 1193 55 32 att
798 1188 63 38 det
889 1189 96 37 skall
1012 1189 83 37 föra
1124 1191 85 36 med
1228 1191 61 49 sig
1307 1191 12 36 i
1338 1191 151 50 släptåg
1507 1192 298 47 bestämmelser,
1826 1192 147 49 ägnade

378 1245 56 31 att
475 1240 116 50 skapa
630 1240 117 37 andra
770 1241 249 50 svårigheter,
1048 1254 81 24 som
1157 1242 146 38 kännas
1330 1243 78 37 lika
1437 1243 245 50 betungande
1710 1244 59 37 för
1797 1245 64 37 det
1888 1245 86 37 vida

378 1291 282 51 öfvervägande
702 1292 141 38 antalet
877 1293 41 36 af
940 1294 150 36 landets
1114 1294 267 49 jordbrukare,
1411 1296 103 36 såväl
1543 1295 323 51 fastighetsägare
1894 1311 80 23 som

377 1344 273 39 arrendatorer.

505 1395 57 38 Då
585 1396 217 50 jordägare,
832 1410 80 23 som
940 1397 115 37 hafva
1084 1397 183 50 fastighet
1296 1398 85 37 med
1408 1399 317 49 taxeringsvärde
1753 1400 42 37 af
1814 1402 161 47 100,000

376 1447 140 38 kronor
557 1449 71 36 och
670 1448 187 48 däröfver,
899 1449 12 36 1
951 1449 105 48 regel
1097 1449 108 37 torde
1245 1450 129 37 kunna
1411 1451 119 37 förete
1573 1451 144 38 ordnad
1759 1452 215 51 bokföring,

375 1500 107 36 torde
521 1513 86 24 man
645 1501 129 37 kunna
801 1500 195 50 medgifva
1024 1500 110 38 dessa
1162 1501 202 38 fakultativ
1392 1502 187 50 rättighet
1607 1508 56 32 att
1691 1504 196 37 deklarera
1915 1506 57 37 sin

376 1551 173 50 verkliga
589 1551 169 39 inkomst
799 1552 70 37 och
910 1557 54 32 att
998 1553 127 36 skatta
1166 1553 59 37 för
1266 1554 73 37 den
1382 1554 157 37 sålunda
1576 1560 153 32 utrönta
1756 1556 218 38 inkomsten

376 1604 71 36 och
475 1604 33 48 ej
538 1604 74 36 den
639 1605 98 37 efter
766 1606 20 34 6
815 1610 158 44 procent
1003 1605 41 36 af
1067 1605 333 50 taxeringsvärdet
1428 1607 227 37 beräknade.

408 1656 113 49 I
550 1655 45 38 de
625 1657 76 47 fall,
731 1657 66 36 där
826 1656 103 37 detta
956 1656 348 49 beskattningssätt
1333 1658 125 37 blefve
1486 1658 225 51 tillämpadt,
1734 1673 113 36 synes
1875 1661 96 37 dock

375 1706 136 51 nödigt
539 1713 54 32 att
621 1709 121 36 under
770 1722 47 23 en
846 1709 373 48 sammanhängande
1249 1710 92 49 följd
1371 1711 41 36 af
1436 1713 51 45 år,
1518 1710 115 37 minst
1663 1713 33 46 5,
1721 1712 90 49 följa
1831 1725 142 25 samma

375 1759 319 50 beräkningssätt.
751 1760 196 48 Därjämte
974 1760 108 37 torde
1110 1760 133 38 värdet
1271 1762 41 36 af
1336 1762 136 38 bostad
1501 1762 90 38 böra
1619 1763 145 37 skattas
1791 1764 12 36 i
1831 1765 141 49 skäligt

374 1810 97 38 visst
511 1812 236 37 förhållande
788 1812 57 36 till
886 1812 205 37 bostadens
1133 1812 490 51 brandförsäkringsvärde,
1666 1815 69 36 och
1766 1815 83 38 icke
1877 1816 97 38 blott

374 1862 107 37 "efter
507 1863 12 36 i
548 1868 106 32 orten
681 1863 175 50 gällande
884 1863 224 51 medelpris'.

502 1915 57 37 Då
599 1916 59 36 för
699 1916 299 48 genomförande
1027 1916 111 37 häraf
1163 1916 106 38 torde
1298 1918 190 37 erfordras
1515 1919 225 49 ytterligare
1768 1920 204 51 utredning

375 1967 71 37 och
487 1973 193 43 noggrant
713 1967 249 38 formulerade
990 1968 295 49 bestämmelser,
1315 1970 71 38 och
1414 1970 46 36 då
1488 1971 114 37 äfven
1631 1972 117 37 andra
1777 1972 193 37 önskemål

374 2019 13 36 i
416 2019 277 50 sammanhang
721 2020 86 37 med
834 2019 464 50 inkomstbeskattningen
1326 2022 109 37 torde
1459 2022 228 39 framställas
1708 2023 99 38 inför
1827 2024 140 49 Kungl.

374 2070 119 50 Maj:t,
522 2071 67 37 har
612 2071 71 51 jag
706 2072 100 37 velat
833 2072 151 48 föreslå,

901 2179 55 31 att
1001 2174 221 51 Riksdagen
1265 2177 11 36 i
1322 2176 200 38 skrifvelse
1569 2177 57 37 till
1671 2178 142 50 Kungl.
1860 2179 110 50 Maj:t

772 2225 168 38 anhåller
979 2239 61 24 om
1080 2227 206 50 utredning
1327 2228 71 38 och
1439 2228 290 51 framläggande
1758 2230 42 37 af
1823 2231 146 50 förslag

770 2277 59 37 till
857 2278 140 37 sådana
1025 2279 297 49 bestämmelser,
1352 2293 80 24 som
1460 2280 10 37 i
1492 2280 127 39 stället
1638 2282 61 38 för
1718 2295 60 38 nu
1789 2283 178 49 gällande
