1884 2840
294 139 18 29 2
726 142 274 31 Statsutskottets
1026 142 177 31 utlåtande
1227 143 48 30 Nr
1307 144 70 29 162.

297 226 145 37 redning
470 226 10 29 i
506 225 283 38 lönespörsmålet
816 226 9 30 i
854 225 98 37 fråga
980 226 170 37 företages
1177 225 38 31 så
1242 226 204 37 skyndsamt
1475 236 74 20 som
1576 225 134 38 möjligt
1737 228 66 29 och

297 279 49 27 att
372 277 66 30 den
462 276 74 30 icke
561 275 55 31 får
641 276 179 30 föranleda
846 285 41 21 en
913 276 137 30 fortsatt
1074 276 282 30 förhandenvaro
1376 285 41 21 av
1441 277 41 29 de
1506 277 181 30 onormala
1712 278 89 29 löne-

296 327 66 29 och
388 325 474 38 befordringsförhållanden,
889 336 74 21 som
987 326 55 31 för
1066 327 218 30 närvarande
1307 326 192 31 förefinnas
1524 326 57 31 vid
1608 328 194 36 länsstyrel-

297 385 111 27 serna,

341 426 72 30 dels
434 426 56 31 två
510 427 222 36 likalydande
749 427 178 36 motioner,
949 427 135 36 väckta,
1109 428 66 29 den
1197 436 74 27 ena,
1296 437 41 20 nr
1361 428 73 35 255,
1457 427 95 30 inom
1576 427 110 30 första
1708 428 94 29 kam-

297 486 120 21 maren
436 485 41 21 av
494 477 80 30 herr
592 477 40 30 N.
652 477 214 30 Holmström
885 478 65 29 och
971 478 66 29 den
1056 478 120 35 andra,
1198 487 41 20 nr
1258 478 74 35 476,
1353 477 95 30 inom
1468 478 110 29 andra
1599 478 203 29 kammaren

297 535 42 21 av
360 528 80 29 herr
460 527 44 30 M.
528 527 179 36 Skoglund
728 537 44 20 m.
794 527 48 36 fl.,
868 528 72 29 vari
962 528 203 35 hemställts,
1189 530 49 27 att
1261 528 185 36 riksdagen
1469 527 106 31 måtte
1598 528 134 30 besluta
1754 531 49 27 att

296 576 200 31 årsarvodet
513 577 52 30 till
587 577 398 31 försvarsassistenterna
1008 578 57 30 vid
1091 578 285 37 länsstyrelserna
1401 579 207 29 bestämmes
1632 578 51 30 till
1710 579 93 34 1,200

297 628 139 35 kronor,
464 630 88 27 samt
576 627 127 38 bevilja
730 628 65 30 den
820 628 129 37 ökning
973 628 10 30 i
1007 638 42 21 av
1075 628 124 36 Kungl.
1224 627 102 38 Maj:t
1350 629 151 36 begärda
1527 629 275 36 anslagsbelopp,

297 686 75 21 som
393 678 106 30 därav
520 678 206 36 föranledes,

342 727 71 30 dels
435 728 63 29 ock
519 737 42 21 en
582 728 97 30 inom
700 728 108 31 första
831 729 205 30 kammaren
1056 738 44 21 av
1120 729 80 30 herr
1218 728 34 31 G.
1278 728 181 37 Ehrnberg
1480 739 45 20 m.
1548 728 37 30 fl.
1607 729 103 30 väckt
1731 738 70 21 mo-

295 777 83 36 tion,
395 788 42 20 nr
455 779 73 35 256,
546 779 73 30 vari
634 780 203 35 hemställts,
854 783 48 27 att
917 780 183 36 riksdagen
1116 779 79 31 ville
1211 779 193 36 hemställa,
1421 782 47 27 att
1484 779 124 37 frågan
1622 789 60 21 om
1698 779 102 30 behö-

294 828 255 36 righetsvillkor
570 828 54 32 för
646 829 198 31 erhållande
866 839 42 21 av
931 830 104 36 högre
1056 830 146 37 tjänster
1224 830 95 30 inom
1342 829 341 37 statsförvaltningen
1705 830 96 35 göres

295 878 52 30 till
364 878 146 31 föremål
531 879 56 30 för
608 880 190 36 skyndsam
821 880 192 37 utredning,
1038 889 76 21 som
1135 881 63 29 bör
1221 879 91 37 syfta
1333 880 51 29 till
1406 889 43 21 en
1473 880 10 29 i
1505 879 195 37 möjligaste
1722 879 80 31 mån

296 929 149 36 enhetlig
468 929 168 38 reglering
657 939 43 20 av
723 929 356 37 statsförvaltningens
1102 930 246 36 rekryterings-
1373 930 66 30 och
1460 929 342 38 utbildningsfrågor,

296 982 91 26 samt
407 982 49 27 att
480 980 373 36 kompetensvillkoren
875 980 55 30 för
951 981 106 35 högre
1077 980 234 37 befattningar
1333 979 21 32 å
1378 980 273 30 landskontoren
1676 980 10 29 i
1710 980 92 30 avbi-

297 1029 69 30 dan
387 1029 45 37 på
452 1030 113 30 denna
589 1030 184 37 utredning
794 1031 134 30 lämnas
950 1030 243 30 oförändrade.

342 1079 14 30 I
375 1079 99 37 fråga
495 1089 57 21 om
578 1080 42 30 de
644 1080 85 36 skäl,
754 1081 256 30 motionärerna
1034 1080 117 30 anfört
1176 1080 50 30 till
1252 1081 77 30 stöd
1354 1080 55 31 för
1436 1081 73 30 sina
1533 1081 191 37 yrkanden,
1749 1080 53 31 får

296 1130 166 30 utskottet
483 1130 146 30 hänvisa
651 1130 51 30 till
725 1130 217 31 motionerna
964 1131 10 30 i
996 1130 109 31 första
1128 1131 215 30 kammaren.

342 1238 65 29 Till
433 1239 112 35 grund
574 1238 55 30 för
657 1238 122 37 Kungl.
807 1238 118 37 Maj:ts
952 1239 229 31 förevarande
1208 1239 215 38 proposition
1452 1239 104 37 ligger
1586 1242 47 27 ett
1662 1249 42 20 av
1733 1240 68 29 sär-

296 1288 113 31 skilda
434 1288 219 37 sakkunniga
678 1306 45 4 —
747 1289 65 30 den
840 1299 25 20 s.
892 1290 32 29 k.
945 1290 450 36 länsstyrelseutredningen
1418 1307 45 4 —
1486 1290 174 30 utarbetat
1686 1290 115 30 betän-

296 1338 115 31 kande
449 1339 77 30 med
566 1339 131 37 förslag
733 1338 176 38 angående
935 1340 301 36 länsstyrelsernas
1263 1340 233 37 organisation
1525 1340 108 37 jämte
1660 1340 142 30 därmed

296 1389 346 37 sammanhängande
666 1389 170 37 spörsmål
868 1389 139 39 (statens
1035 1390 181 37 offentliga
1243 1390 224 37 utredningar
1497 1391 97 30 1936:
1622 1390 69 39 56).

341 1439 13 30 I
373 1439 260 37 propositionen
652 1439 133 31 lämnas
807 1440 51 29 till
877 1449 43 21 en
938 1439 125 37 början
1082 1449 42 21 en
1144 1440 197 37 översiktlig
1356 1441 214 36 redogörelse
1590 1440 55 31 för
1667 1441 134 30 brister-

295 1498 45 21 na
362 1489 10 30 i
396 1490 66 30 den
483 1490 203 30 nuvarande
707 1490 286 36 organisationen.
1042 1489 121 32 Såsom
1185 1490 130 31 sådana
1337 1491 141 37 angivas
1501 1491 302 37 disproportionen

296 1540 128 30 mellan
453 1540 300 37 länsstyrelsernas
781 1540 173 31 ordinarie
980 1541 66 30 och
1073 1541 75 30 icke
1177 1541 173 30 ordinarie
1379 1541 259 36 arbetskrafter,
1669 1541 133 30 mindre

296 1590 142 37 lämplig
466 1591 213 37 anpassning
705 1600 42 21 av
775 1591 293 30 arbetsformerna
1095 1592 66 29 och
1184 1592 217 29 arbetssättet
1428 1591 86 31 efter
1541 1592 261 35 arbetsbördan,

295 1640 119 30 alltför
436 1640 217 31 omfattande
677 1641 223 38 användning
925 1650 42 21 av
990 1641 158 37 partiella
1172 1642 187 36 ledigheter
1382 1645 88 27 samt
1494 1642 56 30 det
1574 1641 154 32 rådande
1753 1642 49 30 bi-

295 1691 281 37 sysslesystemet.

340 1740 388 37 Departementschefen
750 1741 102 31 anför
871 1742 105 30 bland
997 1745 107 27 annat
1120 1741 165 37 följande.

340 1807 116 30 Under
480 1808 42 30 de
544 1807 58 31 två
625 1807 191 37 årtionden,
841 1818 75 21 som
939 1808 160 37 förflutit,
1124 1809 106 30 sedan
1254 1809 284 37 länsstyrelserna
1564 1809 10 30 i
1599 1810 46 29 all
1669 1810 132 30 huvud-

294 1850 62 30 sak
379 1851 131 30 erhöllo
531 1851 52 30 sin
606 1851 200 30 nuvarande
827 1851 230 36 organisativa
1078 1851 214 37 gestaltning,
1317 1852 64 29 har
1403 1852 67 29 den
1490 1852 238 36 samhälleliga
1750 1855 51 27 ut-

294 1893 230 36 vecklingen
513 1888 21 47 i
549 1893 137 36 mycket
710 1893 166 37 väsentlig
900 1892 81 31 mån
1005 1893 116 37 pålagt
1147 1894 99 30 dessa
1271 1894 240 36 myndigheter
1535 1903 69 28 nya
1628 1894 175 37 uppgifter

294 1944 43 20 av
357 1935 43 30 de
421 1938 86 27 mest
528 1935 170 30 växlande
718 1936 81 36 slag.
832 1935 65 30 Det
918 1935 103 36 ligger
1042 1936 111 30 under
1173 1936 99 30 dessa
1295 1935 244 31 förhållanden
1563 1937 10 29 i
1596 1937 125 29 sakens
1743 1946 58 20 na-

292 1979 66 33 tur,
383 1980 49 27 att
452 1977 93 30 inför
565 1978 66 29 den
654 1976 175 38 oavlåtligt
850 1978 155 36 stegrade
1027 1978 250 30 arbetsbördan
1299 1978 279 36 organisationen
1600 1979 89 29 skall
1712 1979 89 29 hava

292 2022 125 27 utsatts
442 2019 54 30 för
518 2018 265 38 påfrestningar,
808 2029 76 21 som
905 2020 122 30 blottat
1051 2020 133 36 brister,
1203 2020 93 30 vilka
1320 2020 76 30 icke
1419 2021 118 29 kunna
1562 2020 37 31 få
1624 2020 176 31 fortbestå.

293 2061 65 31 Det
379 2061 57 31 må
458 2071 82 21 vara
561 2062 168 37 tillfyllest
750 2065 49 27 att
820 2062 55 30 för
896 2062 181 37 belysning
1099 2072 43 20 av
1163 2062 355 37 arbetsuppgifternas
1543 2063 150 37 stegring
1714 2063 86 30 erin-

293 2113 39 21 ra
354 2105 133 34 därom,
512 2107 49 28 att
584 2105 42 30 de
650 2105 11 29 i
683 2104 104 30 rikets
810 2105 237 36 länsstyrelser
1072 2105 198 36 handlagda
1295 2105 174 30 ärendena
1494 2104 38 31 år
1558 2106 84 29 1919
1667 2106 135 36 belöpte

294 2147 49 36 sig
360 2147 51 29 till
434 2148 141 34 672,000
597 2156 80 21 men
699 2146 39 31 år
762 2147 82 30 1933
868 2147 174 37 uppgingo
1064 2147 51 30 till
1142 2147 181 36 1,235,000,
1347 2146 146 31 sålunda
1516 2148 10 29 i
1549 2148 58 29 det
1628 2149 173 29 närmaste

293 2189 132 31 dubbla
447 2190 138 29 antalet.

339 2231 76 30 Den
448 2231 168 37 ingående
646 2232 66 29 och
742 2230 214 38 mångsidiga
990 2231 221 37 granskning,
1243 2240 75 21 som
1352 2232 448 37 länsstyrelseutredningen

293 2275 105 35 ägnat
417 2274 56 30 det
491 2274 235 36 föreliggande
745 2274 365 37 problemkomplexet,
1131 2274 65 30 har
1215 2273 20 31 å
1256 2283 65 21 ena
1341 2274 100 30 sidan
1463 2274 148 37 klarlagt
1632 2275 41 29 de
1696 2274 103 30 fram-

293 2316 169 30 trädande
483 2316 204 36 grundfelen
709 2316 9 29 i
735 2316 277 36 organisationen
1034 2316 66 30 och
1123 2315 21 31 å
1163 2316 66 30 den
1250 2316 110 30 andra
1381 2317 131 30 lämnat
1533 2317 173 36 praktiskt
1727 2318 73 28 vär-

293 2358 132 30 defulla
447 2358 223 37 anvisningar
695 2358 53 30 för
771 2358 117 30 dessas
913 2357 244 38 avhjälpande.

336 2401 14 29 I
368 2400 242 31 förstnämnda
631 2401 167 30 avseende
818 2401 59 31 vill
897 2399 58 39 jag
975 2400 50 31 till
1044 2411 43 20 en
1108 2400 125 37 början
1253 2400 115 31 erinra
1389 2402 133 35 därom,
1543 2405 50 27 att
1612 2402 67 30 den
1700 2402 99 30 snab-

293 2443 43 30 ba
366 2443 175 31 tillväxten
569 2453 43 21 av
639 2445 301 36 länsstyrelsernas
969 2444 225 31 arbetsbörda
1216 2443 110 30 under
1356 2447 46 28 ett
1425 2444 272 31 förhållandevis
1725 2445 77 29 kort
