1826 2786
259 186 18 29 6
639 185 390 30 Jordbruksutskottets
1055 185 178 30 utlåtande
1259 195 42 20 nr
1325 186 51 29 40.

261 270 39 30 så
316 270 222 40 småningom
554 270 71 30 helt
642 270 51 30 slå
709 270 139 39 igenom
864 279 75 21 som
955 271 326 39 kostnadsstegring
1298 271 53 29 för
1368 271 125 29 fiskets
1510 272 153 32 utövare,
1681 272 85 28 enär

261 320 325 40 nyanskaffningen
607 330 41 20 av
667 321 197 39 redskapen
885 321 81 29 sker
988 321 228 29 allteftersom
1238 321 57 29 det
1317 321 113 39 gamla
1451 320 182 31 beståndet
1653 321 112 30 måste

261 370 153 39 förnyas.
435 370 118 40 Enligt
576 369 80 31 1945
677 370 57 30 års
756 370 331 40 fiskeriutrednings
1107 371 234 39 beräkningar
1362 371 112 29 skulle
1495 371 271 40 fiskredskapen

261 421 46 29 ha
329 430 42 20 en
393 420 260 40 genomsnitllig
675 421 173 39 livslängd
869 420 45 40 på
935 420 59 30 två
1015 420 20 29 å
1056 423 51 27 tre
1128 420 48 30 år.
1199 421 377 30 Jordbruksnämnden
1598 421 169 30 framhål-

261 472 50 29 ler
332 471 164 39 slutligen
517 473 51 28 att
587 471 237 29 kostnaderna
844 471 54 29 för
919 471 279 39 nyanskaffning
1219 481 43 20 av
1281 471 99 30 båtar
1401 472 65 29 och
1487 473 152 28 motorer
1661 472 105 39 givet-

261 521 52 30 vis
340 521 87 40 stiga
454 530 77 21 som
557 531 42 20 en
625 520 89 40 följd
741 530 43 21 av
810 521 110 30 ökade
946 521 353 30 materialkostnader
1325 522 64 29 och
1415 522 110 39 höjda
1550 522 216 30 arbetslöner

260 574 92 27 samt
368 573 49 28 att
433 572 42 29 de
492 572 157 39 stegrade
664 572 385 29 levnadskostnaderna
1064 572 159 29 medföra
1238 572 108 39 höjda
1363 572 190 31 kostnader
1569 572 55 30 för
1640 572 125 30 fiskets

260 621 225 31 arbetskraft.

305 672 228 29 Beträffande
553 672 56 29 det
627 671 228 30 ekonomiska
874 671 184 30 resultatet
1076 681 41 20 av
1135 673 134 28 statens
1289 671 279 31 hittillsvarande
1590 672 176 30 verksam-

260 722 60 29 het
341 722 79 29 med
443 722 170 29 avseende
636 721 19 30 å
678 721 291 40 prisregleringen
994 722 20 29 å
1036 721 71 40 fisk
1129 722 167 30 hänvisar
1318 722 372 39 jordbruksnämnden
1712 723 53 29 till

261 782 45 20 en
323 772 102 36 tablå,
443 772 119 29 vilken
579 773 96 29 torde
693 771 37 30 få
746 772 135 39 bifogas
898 772 96 30 detta
1011 772 173 39 protokoll
1203 772 116 30 såsom
1338 772 111 39 bilaga
1468 772 30 30 2.

308 823 120 30 Såsom
456 822 155 40 framgår
639 831 42 21 av
707 822 122 29 tablån
855 822 163 39 utgjorde
1045 822 246 40 behållningen
1318 832 41 21 av
1385 823 380 39 prisregleringsmedel

261 873 69 30 den
351 873 13 29 1
384 873 144 39 januari
549 872 79 30 1951
649 872 30 39 ej
702 872 82 30 fullt
805 872 40 33 1,3
863 872 165 39 miljoner
1047 872 128 30 kronor
1195 875 73 27 mot
1287 874 86 29 nära
1391 873 44 33 3,+
1452 873 165 39 miljoner
1636 873 131 30 kronor

263 925 48 28 ett
332 923 37 30 år
389 923 159 39 tidigare.
570 923 74 29 Den
663 922 258 39 huvudsakliga
942 915 233 47 affedningen
1195 923 53 29 till
1269 924 112 29 denna
1403 923 160 40 nedgång
1584 924 37 29 är
1642 925 51 28 att
1714 926 53 27 ut-

261 973 268 39 betalningarna
552 982 41 21 av
615 972 196 40 pristillägg
834 973 63 29 och
920 972 410 40 prisutjämningsmedel
1354 973 54 31 för
1432 973 252 31 fisköverskott
1708 974 60 30 sti-

263 1024 49 39 git
334 1025 168 28 avsevärt.
527 1023 114 39 Enligt
662 1023 179 29 nämnden
862 1023 63 30 har
948 1023 58 30 det
1029 1023 141 29 särskilt
1192 1024 84 38 gällt
1297 1024 177 30 överskott
1497 1023 20 30 å
1539 1024 140 30 makrill
1702 1024 65 30 och

262 1074 219 39 strömming.
503 1073 181 30 Nämnden
704 1073 187 30 anmärker
911 1074 52 29 att
982 1073 198 39 ytterligare
1200 1073 259 40 utbetalningar
1480 1083 42 21 av
1542 1074 136 30 relativt
1700 1077 68 27 sto-

262 1131 40 21 ra
325 1122 122 40 belopp
473 1122 94 29 skett
589 1121 87 30 efter
701 1121 182 30 årsskiftet
906 1122 56 30 för
987 1123 50 28 att
1060 1122 102 30 täcka
1185 1122 167 30 förluster
1374 1123 45 39 på
1443 1123 325 30 överskottsström-

263 1173 96 39 ming
377 1182 41 21 av
439 1172 85 31 1950
543 1172 55 30 års
619 1172 128 39 fångst.

307 1223 183 29 Nämnden
512 1223 186 29 betecknar
723 1223 42 29 de
788 1225 50 28 tre
862 1222 534 41 prisregleringsföreningarnas
1420 1224 230 30 ekonomiska
1673 1224 96 29 ställ-

263 1273 85 39 ning
378 1273 117 30 såsom
527 1273 334 31 tillfredsställande.
896 1273 222 30 Ostkustfisk
1149 1275 65 29 och
1247 1273 227 40 Sydkustfisk
1505 1274 173 30 innehade
1710 1275 57 29 vid

262 1324 182 29 årsskiftet
468 1324 125 29 endast
616 1323 196 40 obetydliga
835 1324 183 39 varulager
1043 1326 90 28 samt
1156 1324 161 30 redovisa
1340 1324 195 40 tillgångar,
1561 1325 207 39 föreningen

263 1374 229 39 Sydkustfisk
514 1374 126 30 främst
660 1374 312 39 kundfordringar,
1000 1374 5 29 i
1025 1374 185 31 huvudsak
1232 1375 246 29 motsvarande
1499 1374 269 40 föreningarnas

263 1425 158 29 statslån.
442 1425 218 38 Föreningen
679 1424 244 30 Västkustfisk
943 1425 91 30 hade
1053 1424 56 31 vid
1130 1425 182 30 årsskiftet
1330 1425 437 40 banktillgodohavanden,

263 1475 243 39 överstigande
525 1475 223 39 föreningens
769 1476 151 33 skulder,
942 1476 66 29 och
1027 1476 178 29 dessutom
1227 1477 49 28 ett
1295 1475 92 39 lager
1408 1476 67 29 salt
1496 1475 65 35 sill,
1582 1485 75 20 som
1677 1476 11 29 i
1708 1485 61 21 an-

264 1525 183 40 skaffning
466 1525 155 39 betingat
640 1527 48 28 ett
708 1526 106 30 värde
834 1536 42 20 av
897 1527 102 38 drygt
1022 1526 14 29 1
1059 1526 125 39 miljon
1206 1526 140 30 kronor.
1369 1526 103 30 Detta
1492 1526 92 40 parti
1605 1527 89 29 hade
1715 1526 53 30 till

264 1577 128 29 största
412 1576 103 29 delen
533 1576 106 29 redan
659 1576 86 30 sålts
765 1576 55 30 för
839 1578 121 38 export
979 1576 46 40 på
1045 1576 135 30 relativt
1203 1576 322 30 tillfredsställande
1545 1576 136 31 villkor.

308 1651 376 30 Jordbruksnämnden
715 1651 191 30 behandlar
937 1651 155 30 härefter
1121 1652 125 39 frågan
1278 1660 55 21 om
1363 1651 200 40 grunderna
1594 1652 57 39 för
1680 1652 88 39 pris-

264 1701 215 39 regleringen
504 1702 21 30 å
548 1702 71 40 fisk
642 1701 88 40 efter
753 1702 173 39 utgången
951 1711 43 21 av
1018 1702 233 30 innevarande
1276 1701 176 40 budgetår.
1476 1703 182 29 Nämnden
1682 1712 86 30 upp-

264 1752 91 39 lyser
379 1752 134 34 därvid,
538 1753 50 28 att
611 1752 65 30 den
700 1752 112 30 berett
834 1753 280 39 representanter
1137 1753 55 29 för
1215 1752 258 30 vederbörande
1497 1752 272 39 fiskareorgani-

265 1802 151 30 sationer
445 1804 93 28 samt
567 1803 54 29 för
648 1803 363 39 sammanslutningar
1039 1812 42 21 av
1106 1802 243 30 fiskhandlare
1377 1803 65 30 och
1471 1802 296 31 saltsillhandlare

262 1864 45 20 m.
328 1855 37 29 fl.
386 1855 140 30 tillfälle
547 1857 49 28 att
615 1855 57 30 vid
691 1855 289 40 överläggningar
1000 1856 79 29 med
1099 1855 179 30 nämnden
1298 1855 171 30 framföra
1490 1855 77 30 sina
1588 1855 180 40 synpunk-

261 1907 52 28 ter
336 1904 10 30 i
369 1904 136 40 frågan.
530 1903 294 42 Överläggningar
846 1905 45 30 ha
913 1905 155 30 därefter
1091 1906 85 29 även
1200 1906 57 38 ägt
1281 1914 77 21 rum
1381 1906 79 29 med
1484 1906 195 29 nämndens
1703 1905 62 30 råd

261 1954 12 30 i
293 1954 222 41 fiskefrågor.

308 2003 473 39 Fiskareorganisationerna
805 2003 54 35 ha,
886 2003 108 40 enligt
1021 2004 66 30 vad
1112 2004 178 30 nämnden
1315 2004 188 34 meddelar,
1529 2004 157 39 uttryckt
1713 2004 55 29 sin

262 2053 307 30 tillfredsställelse
589 2054 77 30 med
687 2055 58 29 det
766 2053 124 31 hittills
912 2054 202 40 tillämpade
1134 2054 359 40 regleringssystemet
1513 2055 64 30 och
1599 2054 168 35 förordat,

264 2105 50 28 att
337 2104 247 39 prisreglering
604 2105 86 29 även
711 2104 12 29 i
747 2104 274 40 fortsättningen
1043 2105 89 29 skall
1153 2105 37 30 få
1213 2105 175 30 anordnas
1410 2105 108 39 enligt
1541 2105 41 30 de
1605 2105 162 39 grunder,

264 2163 75 20 som
366 2154 193 30 innefattas
586 2155 11 29 i
625 2156 204 29 nuvarande
855 2155 303 40 bemyndiganden
1185 2156 56 29 för
1269 2155 186 30 nämnden.
1484 2155 284 39 Prisreglerings-

264 2205 248 37 föreningarna
536 2205 45 30 ha
605 2205 146 31 anhållit
776 2208 48 28 att
850 2206 39 30 de
916 2205 154 35 statslån,
1097 2215 73 21 som
1197 2206 40 29 de
1264 2205 135 34 inneha,
1427 2206 99 29 skola
1551 2205 36 30 få
1614 2205 153 36 åtnjutas

264 2256 177 29 räntefritt
473 2257 88 29 även
592 2257 110 29 under
733 2257 295 29 nästkommande
1058 2256 168 39 budgetår
1264 2256 113 33 (utom
1408 2256 262 29 Västkustfisks
1702 2256 66 29 och

264 2306 247 38 Sydkustfisks
543 2306 375 34 riksbankskrediter).
951 2307 121 30 Såsom
1103 2307 75 29 skäl
1209 2307 56 30 för
1295 2307 113 29 denna
1439 2307 153 38 begäran
1621 2306 45 30 ha
1697 2306 70 29 för-

263 2356 192 39 eningarna
480 2357 174 40 åberopat,
677 2357 108 30 bland
809 2358 116 35 annat,
950 2359 51 28 att
1026 2357 207 29 statsverket
1257 2356 177 30 räntefritt
1458 2356 230 40 disponerade
1712 2357 56 29 be-

263 2406 203 40 hållningen
494 2407 11 29 i
533 2407 330 39 regleringskassan.
891 2407 94 30 Från
1012 2406 205 31 fiskarehåll
1245 2407 46 30 ha
1319 2407 117 30 vidare
1464 2406 303 39 framställningar

264 2456 109 39 gjorts
396 2467 56 20 om
478 2467 43 20 en
544 2457 247 40 uppjustering
814 2468 41 20 av
876 2457 299 40 minimipriserna
1199 2457 45 40 på
1266 2457 71 30 fisk
1358 2458 80 28 med
1461 2457 138 39 hänsyn
1622 2456 53 30 till
1700 2457 67 29 den

264 2506 239 41 prisstegring,
530 2517 74 22 som
630 2509 56 38 ägt
712 2517 79 21 rum
819 2509 19 29 å
863 2508 126 30 fiskets
1016 2508 280 33 förnödenheter,
1323 2507 63 30 och
1414 2507 52 30 till
1493 2508 67 29 den
1588 2507 179 30 allmänna
