1914 2814
467 165 397 33 Jordbruksutskottets
892 164 188 32 utlåtande
1108 165 51 31 Nr
1183 164 51 30 66.
1554 164 18 29 1

796 482 58 38 Nr
881 479 63 41 66.

647 591 110 23 Ankom
776 590 44 24 till
839 589 161 32 riksdagens
1019 589 90 23 kansli
1129 588 55 24 den
1206 590 30 22 12
1256 589 55 30 maj
1330 589 65 24 1927
1415 588 36 24 kl.
1471 590 14 22 2
1506 596 21 16 e.
1548 595 36 17 m.

226 676 192 32 Utlåtande
447 677 14 30 i
483 676 193 36 anledning
698 685 44 21 av
766 674 128 32 väckta
918 675 175 30 motioner
1116 683 58 22 om
1196 675 90 30 visst
1309 674 231 36 medgivande
1565 673 54 31 be-

420 728 179 36 träffande
628 727 208 36 tolkningen
864 736 44 21 av
932 735 44 21 en
1000 726 245 31 bestämmelse
1269 727 13 29 i
1304 726 235 36 kungörelsen
1561 735 58 21 an-

416 780 134 37 gående
584 780 192 30 understöd
809 788 45 21 av
888 778 205 30 statsmedel
1120 779 12 29 i
1159 779 95 29 vissa
1281 777 67 36 fall
1370 777 46 36 på
1438 778 114 35 grund
1576 787 43 21 av

417 832 170 36 förluster
609 830 230 37 förorsakade
862 840 44 21 av
931 829 87 31 mul-
1041 829 65 31 och
1121 829 386 37 klövsjukeepizootien
1524 830 96 30 inom

417 885 130 30 landet.

1401 925 64 36 (2:a
1488 924 90 37 avd.)

157 1032 17 30 I
209 1033 61 30 två
304 1031 230 36 likalydande,
568 1031 57 31 till
658 1030 349 36 jordbruksutskottet
1040 1028 188 31 hänvisade
1256 1029 176 35 motioner,
1457 1038 42 20 nr
1523 1029 61 30 152
1610 1030 12 28 i

115 1084 108 32 första
245 1084 203 31 kammaren
471 1093 44 21 av
538 1083 120 31 herrar
680 1082 155 32 Jönsson
858 1082 63 30 och
944 1081 155 36 Nilsson,
1124 1081 80 31 Nils
1227 1080 131 36 Anton,
1382 1080 61 31 och
1467 1091 42 20 nr
1531 1080 91 31 253
1602 1076 24 48 i

114 1136 110 31 andra
258 1137 203 30 kammaren
494 1146 45 20 av
573 1135 80 31 herr
675 1134 168 32 Månsson
871 1134 13 30 i
907 1133 186 31 Erlandsro
1116 1143 46 21 m.
1187 1133 51 36 fl.,
1262 1133 62 30 har
1347 1133 201 35 hemställts,
1571 1135 52 28 att

115 1188 185 37 riksdagen
323 1189 105 30 måtte
452 1188 160 36 medgiva
636 1187 106 31 sådan
764 1186 162 35 tolkning
949 1195 42 21 av
1017 1185 301 31 bestämmelserna
1342 1186 11 30 i
1377 1195 91 21 mom
1488 1185 38 30 13
1551 1185 34 37 b)
1610 1186 11 29 i

115 1241 119 36 kungl.
270 1240 227 36 kungörelsen
531 1239 65 31 den
631 1239 19 30 6
686 1239 78 36 juni
787 1238 84 31 1925
906 1237 175 37 angående
1115 1237 184 31 understöd
1326 1247 43 21 av
1393 1237 192 31 statsmedel
1610 1238 11 29 i

116 1293 92 30 vissa
231 1292 64 31 fall
317 1293 44 35 på
384 1292 114 36 grund
521 1302 44 20 av
588 1291 161 31 förluster
771 1289 220 32 förorsakade
1013 1300 45 20 av
1075 1290 87 30 mul-
1177 1289 62 31 och
1255 1289 367 36 klövsjukeepizootien

116 1345 96 30 inom
235 1344 127 36 landet,
386 1345 52 30 att
460 1344 105 35 sagda
587 1342 256 32 bestämmelser
865 1342 165 30 innebära
1053 1343 71 30 rätt
1140 1342 54 30 för
1210 1341 155 31 Skånska
1381 1342 242 30 lantmännens

115 1396 207 36 ömsesidiga
345 1395 538 36 kreatursförsäkringsförening
906 1395 13 29 i
942 1394 129 30 Malmö
1094 1395 52 30 att
1162 1394 133 30 erhålla
1310 1393 131 37 bidrag,
1458 1394 166 30 beräknat

119 1450 86 29 utan
239 1449 135 36 hänsyn
408 1449 102 35 tagen
533 1447 56 31 till
612 1447 224 36 föreningens
859 1446 270 37 garantikapital
1154 1446 62 30 och
1240 1446 76 30 med
1340 1456 41 21 en
1405 1446 219 35 nedsättning

117 1511 46 20 av
187 1500 241 31 reservfonden
452 1500 146 30 allenast
620 1499 76 31 med
722 1499 50 39 !/..

163 1553 222 31 Beträffande
408 1553 42 31 de
471 1552 87 37 skäl,
581 1562 72 21 som
677 1552 133 30 anförts
833 1552 111 30 såsom
967 1550 74 31 stöd
1066 1550 52 31 för
1141 1550 112 31 denna
1277 1550 268 37 framställning,
1570 1551 55 30 får

120 1606 167 31 utskottet
309 1605 149 31 hänvisa
481 1605 55 30 till
559 1605 225 30 motionerna.

162 1710 122 36 Enligt
311 1719 44 21 av
384 1709 84 31 1925
492 1710 56 29 års
571 1708 140 36 riksdag
735 1707 181 36 godkända
940 1707 152 36 grunder
1115 1709 47 35 (se
1186 1717 93 26 prop.
1304 1718 41 19 nr
1369 1707 61 31 231
1455 1707 62 30 och
1540 1707 85 30 riks-

117 1762 128 36 dagens
267 1761 168 31 skrivelse
459 1771 43 21 nr
525 1760 85 38 337),
634 1760 97 31 vilka
754 1760 173 30 utfärdats
950 1769 122 27 genom
1095 1760 202 35 kungörelse
1321 1759 63 31 den
1408 1760 18 29 6
1447 1759 77 36 juni
1541 1759 83 30 1925

119 1816 56 35 (nr
210 1814 85 38 226),
330 1813 112 31 skulle
474 1812 141 32 särskilt
649 1812 272 31 statsunderstöd
955 1822 45 20 av
1023 1811 193 31 statsmedel
1240 1812 13 29 i
1276 1812 92 30 vissa
1391 1812 61 30 fall
1475 1813 85 34 utgå
1582 1812 44 35 på

120 1866 114 36 grund
257 1876 46 20 av
326 1866 161 31 förluster
509 1864 221 31 förorsakade
752 1874 46 20 av
821 1864 87 30 mul-
931 1864 61 30 och
1008 1864 366 35 klövsjukeepizootien
1391 1864 93 30 inom
1501 1863 123 31 landet.

118 1917 318 32 Statsunderstödet
468 1918 106 35 avsåg
609 1917 120 30 endast
763 1916 133 35 förlust,
931 1925 73 21 som
1039 1915 162 31 inträffat
1228 1915 86 31 efter
1337 1915 64 31 den
1425 1916 40 30 15
1489 1915 137 36 januari

119 1971 85 30 1925
228 1989 42 3 —
293 1972 96 29 utom
412 1970 12 31 i
448 1970 91 30 vissa
561 1969 262 36 undantagsfall
844 1987 37 3 —
905 1968 62 31 och
990 1968 153 37 (jämlikt
1165 1967 148 31 särskild
1337 1968 202 35 kungörelse
1562 1967 65 31 den

120 2024 40 30 16
184 2024 140 35 augusti
348 2023 95 36 1925,
467 2033 42 20 nr
533 2022 87 38 385),
644 2022 73 31 icke
740 2022 86 31 efter
849 2021 65 31 den
939 2021 40 30 15
1003 2021 188 35 september
1214 2020 94 31 1925.
1355 2020 156 31 Rörande
1532 2022 96 28 stats-

121 2075 183 32 understöd
331 2075 57 31 till
411 2074 181 37 ömsesidig
616 2073 345 37 försäkringsanstalt
984 2073 138 35 stadgas
1145 2073 12 29 i
1180 2072 236 36 kungörelsen,
1440 2072 110 35 punkt
1575 2072 51 35 13,

120 2128 168 36 följande:

166 2189 52 30 13.
263 2191 33 35 a)
332 2189 76 30 Har
442 2188 181 36 ömsesidig
648 2187 355 35 försäkringsanstalt,
1027 2196 72 21 som
1123 2186 171 31 meddelat
1317 2186 234 34 försäkringar
1574 2186 53 29 för

124 2232 126 30 förlust
282 2242 46 20 av
362 2232 204 31 nötkreatur
597 2231 83 31 eller
712 2231 109 35 mjölk
844 2231 44 35 på
911 2230 111 36 grund
1046 2240 43 20 av
1113 2230 85 30 mul-
1221 2229 62 30 och
1307 2229 194 35 klövsjuka,
1524 2229 104 30 blivit

120 2275 141 37 skyldig
294 2276 53 30 att
380 2275 123 36 utgiva
525 2274 235 36 ersättningar
783 2274 54 31 för
860 2273 129 31 sådana
1012 2274 159 30 förluster
1194 2273 77 30 med
1293 2272 129 36 belopp,
1446 2282 72 20 som
1542 2282 85 20 sam-

124 2319 157 36 manlagt
315 2320 176 30 motsvara
518 2328 159 21 summan
711 2328 45 20 av
790 2317 163 36 samtliga
976 2317 186 31 anstaltens
1185 2316 110 36 enligt
1318 2315 74 31 dess
1415 2315 136 37 stadgar
1574 2316 53 30 för

123 2362 128 31 sådana
285 2363 155 36 utgifter,
475 2364 85 29 utan
594 2362 199 35 uttaxering
821 2362 21 29 å
870 2360 195 36 delägarna,
1100 2360 222 36 tillgängliga
1349 2359 119 35 medel,
1492 2360 55 29 må
1570 2369 57 20 an-

123 2406 124 30 stalten
282 2406 54 30 för
369 2406 98 36 varje
501 2407 91 35 gång
626 2404 392 36 ersättningskyldighet
1040 2405 44 35 på
1107 2404 113 36 grund
1243 2413 45 20 av
1311 2403 96 36 dylik
1431 2403 196 35 försäkring

121 2449 154 31 därefter
308 2449 155 31 inträder
485 2460 46 20 av
554 2448 196 32 statsmedel
774 2448 131 31 erhålla
928 2447 122 37 bidrag
1073 2447 56 31 till
1152 2447 238 36 betalningens
1413 2446 215 36 fullgörande

124 2493 76 31 med
224 2493 131 37 belopp,
378 2492 243 32 motsvarande
644 2492 67 31 vad
736 2492 356 36 försäkringstagaren
1116 2491 59 31 vid
1198 2490 223 36 tillämpning
1444 2500 43 20 av
1511 2491 116 30 ovan
1602 2486 27 48 i

128 2554 110 33 Bihang
256 2556 40 26 till
313 2555 167 32 riksdagens
499 2555 144 32 protokoll
662 2555 77 25 1927.
787 2556 32 23 10
837 2555 82 24 saml.
957 2555 32 24 25
1009 2555 68 31 häft.
1116 2552 52 32 (Nr
1186 2552 121 27 66—068.)
1574 2551 12 24 1
