1910 2852
106 551 137 26 Utskottet.

136 1016 64 30 Ang.

65 1049 55 25 viss
126 1050 147 31 ersättning

101 1085 45 24 till
163 1085 32 23 E.
215 1086 29 22 A.

113 1120 111 24 Linden.

104 2304 135 26 Utskottet.

341 153 43 31 22
708 154 317 32 Bankoutskottets
1053 155 187 32 utlåtande
1265 155 54 32 Nr
1340 157 53 30 27.

342 229 497 39 Riksförsäkringsanstalten
867 231 66 31 har
958 232 13 31 i
997 231 146 37 avgivet
1168 232 190 32 utlåtande
1384 233 188 36 meddelat,
1598 235 54 30 att
1679 233 120 33 därest

300 280 154 32 Persson
477 281 97 32 inom
598 282 223 32 föreskriven
845 283 54 31 tid
924 283 95 37 gjort
1043 283 271 37 framställning
1335 295 60 21 om
1418 285 203 36 ersättning
1645 286 12 30 i
1682 286 115 31 anled-

299 331 92 38 ning
418 341 48 22 av
494 333 221 36 sjukdomen,
743 333 183 33 anstalten
954 335 116 32 skulle
1097 335 96 32 hava
1222 335 187 33 tillerkänt
1439 336 129 32 honom
1598 338 203 35 ersättning

295 382 148 37 jämlikt
464 384 76 31 1909
563 386 60 30 års
645 385 585 38 militärersättningsförordning.

340 434 18 32 I
385 435 105 36 fråga
514 445 57 21 om
595 436 240 36 utredningen
860 437 13 30 i
899 438 119 35 övrigt
1045 438 172 31 hänvisar
1240 439 175 32 utskottet
1441 439 57 31 till
1524 440 275 36 propositionen.

338 541 122 31 Under
484 542 219 37 hänvisning
724 544 56 30 till
802 544 72 31 vad
896 544 174 32 utskottet
1091 547 116 34 yttrat
1231 545 114 32 under
1367 546 161 36 punkten
1550 546 19 30 8
1592 546 13 31 i
1629 546 59 32 det
1711 547 90 31 före-

298 592 138 35 gående
480 593 56 31 får
580 594 184 36 utskottet,
787 605 75 22 som
887 595 77 32 icke
988 596 79 31 haft
1093 596 195 36 anledning
1311 597 58 31 till
1394 597 145 31 erinran
1563 599 74 29 mot
1662 597 135 37 Kungl.

297 641 131 39 Maj:ts
452 644 145 38 förslag,
621 646 198 36 hemställa,

734 751 53 29 att
809 749 192 36 riksdagen
1022 753 58 29 må
1103 750 126 32 bifalla
1251 751 136 36 Kungl.
1409 751 127 36 Maj:ts
1559 752 237 31 förevarande

696 800 279 37 framställning.

1001 922 85 31 11:0.

338 1008 18 31 I
399 1008 158 36 punkten
602 1009 19 29 4
646 1019 45 20 av
718 1007 237 33 förevarande
978 1008 220 37 proposition
1223 1008 67 32 har
1314 1009 135 36 Kungl.
1474 1009 110 36 Maj:t
1611 1010 186 35 föreslagit

296 1060 193 35 riksdagen
509 1059 178 36 medgiva,
709 1061 53 29 att
785 1060 57 31 till
861 1060 111 31 Ernst
993 1059 110 32 Albin
1126 1060 136 31 Linden
1284 1062 59 30 må
1363 1079 41 4 —
1424 1063 89 29 utan
1533 1060 129 31 hinder
1681 1061 114 31 därav

295 1113 54 29 att
372 1110 271 37 framställning
665 1121 56 21 om
740 1111 203 36 ersättning
964 1112 77 31 icke
1061 1112 107 31 blivit
1189 1112 105 36 gjord
1316 1112 97 31 inom
1433 1113 69 31 den
1523 1112 63 36 tid,
1608 1123 75 21 som
1706 1113 90 31 före-

295 1163 140 31 skrives
455 1163 11 30 i
486 1163 37 30 12
543 1162 18 36 $
582 1173 46 21 av
650 1163 258 35 förordningen
926 1163 68 31 den
1014 1164 38 30 18
1072 1163 80 36 juni
1172 1164 77 30 1909
1269 1174 56 21 om
1345 1165 204 34 ersättning
1569 1166 12 29 i
1601 1165 195 35 anledning

293 1224 49 21 av
360 1213 256 38 kroppsskada,
636 1214 157 35 ådragen
810 1214 115 31 under
944 1214 385 37 militärtjänstgöring
1348 1233 40 5 —
1407 1216 82 31 från
1508 1216 66 31 och
1592 1216 81 31 med
1690 1215 68 32 den
1778 1217 18 29 1

295 1265 148 35 Januari
471 1265 77 32 1931
577 1266 84 31 från
690 1265 423 37 beväringsmanskapets
1142 1266 152 32 invalid-
1322 1267 65 31 och
1415 1268 256 35 pensionsfond
1698 1268 97 31 utbe-

294 1316 95 33 talas
406 1316 68 31 den
494 1316 212 36 ersättning,
728 1317 125 31 vartill
875 1318 72 30 han
966 1317 113 36 enligt
1101 1319 206 34 grunderna
1329 1319 56 30 för
1406 1319 156 30 nämnda
1585 1319 212 35 förordning

293 1369 77 31 kan
390 1379 102 21 anses
514 1368 214 36 berättigad.

336 1471 58 31 Av
417 1470 265 36 handlingarna
708 1471 11 30 i
744 1471 145 31 ärendet
915 1470 190 38 inhämtas,
1132 1473 53 30 att
1210 1471 138 31 Linden
1374 1472 173 32 innehade
1572 1474 225 34 anställning

293 1524 120 29 såsom
436 1523 163 30 volontär
622 1522 63 31 vid
709 1521 258 33 förutvarande
990 1520 267 39 Kronprinsens
1280 1523 314 37 husarregemente
1618 1524 113 32 under
1754 1525 41 31 ti-

296 1574 69 31 den
393 1574 39 31 14
460 1573 189 32 november
677 1574 158 30 1919—31
863 1574 145 31 oktober
1036 1574 91 37 1923;
1159 1577 53 29 att
1240 1575 73 31 han
1338 1577 115 31 under
1481 1576 315 36 militärtjänstgö-

294 1625 131 36 ringen
451 1625 99 32 torde
574 1625 95 31 hava
694 1625 143 36 ådragit
863 1626 56 36 sig
943 1626 222 36 sömnsjuka;
1191 1627 55 31 att
1270 1626 92 33 hans
1385 1628 211 31 nuvarande
1620 1628 176 36 sjukdom,

294 1676 184 37 paralysis
507 1677 156 36 agitans,
695 1678 115 30 såsom
844 1677 258 36 följdsjukdom
1134 1677 113 32 härav
1281 1679 175 36 förelegat
1487 1679 111 32 redan
1630 1683 41 28 är
1701 1680 93 37 1925;

294 1729 56 31 att
375 1728 73 31 han
471 1728 63 32 vid
556 1728 205 37 upprepade
785 1728 172 32 tillfällen
981 1731 86 29 åren
1092 1729 198 32 1925—1930
1315 1731 56 30 för
1394 1730 282 36 ifrågavarande
1698 1733 96 35 sjuk-

293 1778 84 32 dom
397 1779 149 33 vårdats
567 1782 21 29 å
611 1779 220 33 medicinska
852 1779 162 32 kliniken
1035 1782 12 31 i
1068 1780 117 37 Lund;
1210 1783 93 30 samt
1321 1784 57 30 att
1400 1782 90 32 hans
1512 1782 165 33 tillstånd
1699 1784 12 30 i
1732 1783 63 31 all-

295 1831 148 31 mänhet
467 1832 108 35 något
603 1832 212 32 förbättrats
840 1832 114 32 under
977 1832 169 32 vistelsen
1169 1835 21 29 å
1215 1833 198 38 sjukhuset,
1439 1844 79 21 men
1543 1837 53 28 att
1622 1834 72 31 han
1718 1834 78 32 icke

294 1882 109 32 blivit
426 1883 187 32 arbetsför.

336 1934 498 38 Riksförsäkrtingsanstalten
853 1936 67 31 har
940 1936 12 31 i
972 1937 145 35 avgivet
1138 1936 186 33 utlåtande
1344 1937 11 31 i
1375 1937 146 32 ärendet
1542 1938 188 35 meddelat,
1742 1940 54 29 att

292 1985 124 32 därest
440 1986 137 32 Linden
603 1987 96 31 inom
725 1987 224 32 föreskriven
975 1988 53 33 tid
1051 1988 96 36 gjort
1174 1989 273 36 framställning
1472 2000 56 21 om
1554 1990 204 36 ersättning
1783 1991 12 30 i

293 2036 196 37 anledning
515 2047 46 22 av
587 2038 220 37 sjukdomen,
835 2039 485 37 riksförsäkringsanstalten
1346 2041 116 32 skulle
1488 2042 95 31 hava
1609 2042 187 31 tillerkänt

292 2089 132 31 honom
448 2090 202 36 ersättning
678 2090 144 37 jämlikt
850 2091 78 32 1909
955 2093 59 30 års
1040 2092 588 38 militärersättningsförordning.

335 2140 239 33 Beträffande
600 2142 241 35 utredningen
868 2143 12 31 i
906 2143 119 35 övrigt
1053 2143 58 31 får
1136 2144 173 32 utskottet
1335 2144 153 33 hänvisa
1515 2145 56 31 till
1599 2145 197 36 åberopade

295 2192 403 36 statsrådsprotokollet.

333 2295 124 33 Under
479 2297 219 37 hänvisning
722 2298 56 31 till
800 2298 69 32 vad
892 2299 173 31 utskottet
1088 2302 115 34 yttrat
1227 2301 114 31 under
1364 2301 161 37 punkten
1548 2302 19 30 8
1590 2302 12 30 i
1625 2302 59 31 det
1708 2302 90 32 före-

295 2348 138 36 gående
467 2349 55 31 får
545 2348 173 33 utskottet
740 2349 201 39 hemställa,

738 2428 52 30 att
821 2426 135 36 Kungl.
987 2427 128 37 Maj:ts
1147 2428 237 33 förevarande
1428 2429 272 37 framställning
1739 2432 59 31 må

698 2479 110 31 vinna
832 2478 213 37 riksdagens
1066 2478 114 33 bifall.
