1898 2856
492 175 322 32 Bankoutskottets
840 175 188 33 utlåtande
1054 177 53 31 Nr
1129 177 52 31 27.
1512 177 40 31 99

91 252 59 33 ket
174 253 119 32 städse
318 253 81 32 med
423 255 134 30 största
581 253 56 33 nit
661 254 65 31 och
751 253 214 37 plikttrohet
989 256 97 30 samt
1107 255 82 31 med
1214 255 244 32 framstående
1482 255 114 32 skick-

89 304 115 37 lighet
226 304 168 37 fullgjort
415 305 81 32 sina
516 305 234 37 åligganden;
774 306 57 31 att
852 305 72 32 han
945 315 51 22 nu
1018 307 48 36 på
1087 307 118 35 grund
1228 317 46 21 av
1297 307 56 31 sin
1374 306 95 37 höga
1492 307 99 32 ålder

94 356 134 32 uttalat
250 355 136 32 önskan
404 358 56 30 att
483 357 38 31 få
543 358 95 35 avgå
659 358 84 31 från
763 357 59 32 sin
843 357 222 38 befattning;
1087 360 94 30 samt
1201 359 56 31 att
1277 358 92 33 hans
1390 358 203 37 avlönings-

95 407 181 32 förmåner
310 407 113 32 under
455 408 45 33 de
532 410 140 30 senaste
707 410 87 30 åren
827 409 140 36 utgjort
1000 409 154 32 kontant
1189 410 60 31 lön
1283 412 24 30 å
1338 410 90 36 4,200
1461 410 132 31 kronor

90 460 93 30 samt
206 459 49 31 fri
274 459 126 32 bostad
421 460 66 31 och
508 460 155 36 bränsle,
683 460 127 32 vartill
832 460 150 32 kommit
1004 461 147 37 stadgat
1172 461 282 38 dyrtidstillägg.

130 510 19 31 I
170 510 119 38 övrigt
311 510 136 32 tillåter
467 511 56 36 sig
546 511 176 32 utskottet
743 513 55 30 att
821 511 154 32 hänvisa
996 512 59 32 till
1076 513 276 36 propositionen.

133 614 127 32 Ehuru
285 615 173 31 utskottet
485 615 77 31 icke
588 615 139 31 kunnat
753 615 123 37 undgå
901 617 54 30 att
982 615 104 32 finna
1111 627 44 21 ur
1179 616 204 37 principiell
1408 618 184 36 synpunkt

92 666 355 37 anmärkningsvärt,
474 669 55 29 att
558 666 182 37 Hemborg
766 667 65 32 vid
856 669 40 30 så
924 668 72 36 hög
1023 668 101 32 ålder
1151 678 76 22 som
1253 668 39 31 74
1319 670 41 30 år
1389 668 204 32 befordrats

94 718 57 31 till
196 719 255 36 verkmästare,
498 720 67 30 har
591 719 173 32 utskottet
789 719 34 36 ej
850 719 97 32 velat
972 721 173 30 motsätta
1168 719 67 38 sig,
1258 722 56 30 att
1340 721 72 30 han
1438 721 12 30 i
1476 721 117 31 denna

94 771 178 36 egenskap
300 770 154 32 erhåller
481 770 150 37 pension
658 771 80 31 med
764 770 138 37 belopp,
929 780 76 23 som
1030 771 73 32 kan
1131 781 103 23 anses
1261 772 143 36 skäligt.
1452 772 68 31 Det
1547 783 46 20 av

93 820 135 38 Kungl.
258 821 111 37 Maj:t
401 823 206 35 föreslagna
638 822 163 37 beloppet
833 824 204 31 motsvarar
1066 823 70 32 den
1167 823 320 38 pensionsförmån,
1518 833 74 23 som

93 892 39 5 —
156 874 215 31 inberäknat
393 885 47 21 av
464 875 195 36 riksdagen
681 876 94 30 efter
800 875 182 37 prövning
1006 875 13 31 i
1043 875 104 37 varje
1170 876 148 31 särskilt
1343 876 66 32 fall
1433 876 160 36 beviljad

91 925 391 38 pensionsförbättring
511 943 41 6 —
582 927 217 31 tillkommer
849 927 248 32 verkmästare
1149 927 64 33 vid
1245 927 132 32 flottan
1408 928 82 32 med
1522 927 68 32 del-

94 977 163 37 aktighet
288 979 12 30 i
333 979 149 32 flottans
512 979 283 36 pensionskassa.
847 978 55 32 Då
932 978 103 38 dylik
1065 979 247 32 verkmästare
1341 979 209 37 emellertid,
1581 979 11 30 i

94 1029 133 33 olikhet
253 1030 80 31 med
357 1030 72 32 vad
457 1032 102 30 fallet
586 1030 97 32 varit
710 1031 230 31 beträffande
965 1030 194 37 Hemborg,
1184 1031 67 31 har
1277 1032 54 30 att
1357 1031 149 36 erlägga
1531 1042 61 21 av-

95 1082 110 35 gifter
234 1083 55 30 för
319 1091 86 28 egen
434 1082 262 37 pensionering,
725 1092 105 27 synes
857 1083 57 31 det
945 1082 205 36 föreslagna
1178 1082 330 38 pensionsbeloppet
1538 1084 55 30 för

93 1133 181 37 Hemborg
303 1134 88 31 böra
420 1135 238 32 underkastas
688 1135 119 35 någon
835 1134 200 36 reduktion,
1068 1134 212 37 förslagsvis
1309 1135 57 31 till
1396 1135 89 36 2,244
1514 1136 78 30 kro-

92 1194 66 22 nor
181 1185 149 36 årligen.

134 1238 51 31 På
208 1238 116 35 grund
346 1248 45 22 av
413 1238 57 32 det
492 1239 154 31 anförda
668 1239 205 31 hemställer
894 1238 184 36 utskottet,

531 1315 53 32 att
614 1315 201 36 riksdagen,
845 1315 13 31 i
883 1315 198 36 anledning
1108 1324 47 22 av
1182 1314 134 36 Kungl.
1344 1314 129 37 Maj:ts
1503 1315 88 31 före-

489 1369 162 30 varande
683 1366 281 38 framställning,
994 1367 60 31 må
1084 1366 177 37 medgiva,
1290 1368 54 30 att
1373 1366 220 32 verkmästa-

489 1429 64 22 ren
573 1419 64 33 vid
658 1421 117 35 mynt-
799 1419 64 31 och
886 1419 323 37 justeringsverket
1231 1418 79 32 Nils
1332 1418 182 36 Hemborg
1534 1420 59 29 må

496 1472 83 31 från
606 1472 63 30 och
695 1471 80 31 med
801 1471 177 31 månaden
1003 1473 82 29 näst
1113 1470 91 31 efter
1229 1470 77 36 den,
1333 1469 113 32 under
1471 1469 121 31 vilken

491 1524 72 30 han
590 1523 153 32 erhåller
770 1521 251 37 entledigande
1050 1522 83 31 från
1159 1521 57 32 sin
1239 1521 215 36 befattning,
1478 1521 115 31 under

491 1575 56 31 sin
574 1574 224 32 återstående
825 1574 124 31 livstid
977 1575 21 30 å
1024 1573 186 31 allmänna
1237 1573 356 36 indragningsstaten

492 1627 164 36 uppbära
681 1637 42 21 en
750 1625 95 36 årlig
869 1625 147 36 pension
1042 1635 46 21 av
1112 1625 89 35 2,244
1224 1625 130 31 kronor
1381 1624 149 36 årligen.

516 1764 78 33 VII.
633 1762 540 41 Ecklesiastikdepartementet.

800 1842 83 30 69:0.

128 1914 18 30 I
168 1924 43 20 en
233 1913 56 31 till
311 1913 194 35 riksdagen
526 1912 154 35 avlåten,
704 1911 67 31 den
793 1911 39 30 23
853 1909 146 37 januari
1023 1909 78 31 1931
1124 1909 223 36 dagtecknad
1369 1908 221 37 proposition

88 1975 43 21 nr
160 1965 47 35 50,
236 1964 122 30 vilken
385 1963 231 32 beträffande
644 1961 511 36 ecklesiastikdepartementet
1185 1960 197 31 innefattar
1413 1959 136 37 förslag
1578 1960 12 30 i

89 2018 62 29 två
171 2016 80 31 med
274 2025 160 20 nummer
455 2015 39 30 23
517 2014 64 31 och
604 2014 39 30 24
664 2013 217 32 betecknade
902 2012 165 37 punkter,
1090 2012 65 30 har
1178 2011 133 36 Kungl.
1334 2011 119 36 Maj:t,
1478 2012 112 30 under

90 2067 224 36 åberopande
340 2077 46 20 av
412 2065 266 37 propositionen
707 2065 116 36 bilagt
851 2065 131 35 utdrag
1013 2074 45 21 av
1088 2063 390 36 statsrådsprotokollet
1507 2065 83 29 över

90 2118 279 31 finansärenden
390 2118 55 30 för
465 2127 136 22 samma
622 2118 79 35 dag,
721 2117 12 30 i
754 2116 160 37 punkten
933 2116 39 30 23
993 2115 187 36 föreslagit
1201 2115 193 36 riksdagen
1413 2114 177 37 medgiva,

89 2172 55 30 att
167 2171 109 30 förste
299 2170 272 30 vaktmästaren
593 2168 63 31 vid
680 2169 108 35 högre
812 2167 183 32 allmänna
1019 2167 202 31 läroverket
1245 2167 11 30 i
1279 2166 203 36 Linköping
1507 2166 83 32 Carl

89 2221 119 31 Johan
235 2220 148 32 Claeson
410 2222 57 29 må
493 2221 83 30 från
603 2220 65 31 och
692 2220 81 31 med
799 2219 176 31 månaden
1001 2221 82 29 näst
1110 2219 91 30 efter
1228 2219 76 35 den,
1331 2218 113 31 under
1468 2218 122 30 vilken

89 2272 72 30 han
184 2272 112 36 avgår
322 2272 82 30 från
428 2272 55 30 sin
507 2271 215 35 befattning,
746 2271 114 30 under
884 2270 56 31 sin
964 2270 225 31 återstående
1213 2269 124 32 livstid
1361 2271 21 29 å
1407 2269 183 31 allmänna

90 2323 356 35 indragningsstaten
468 2322 162 36 uppbära
651 2332 42 20 en
715 2322 94 35 årlig
831 2321 146 36 pension
998 2331 45 20 av
1066 2321 88 36 1,584
1175 2321 139 31 kronor.

130 2424 58 30 Av
211 2424 265 35 handlingarna
501 2424 11 30 i
537 2424 148 31 ärendet
711 2423 170 36 framgår,
906 2422 110 32 bland
1042 2424 120 34 annat,
1188 2424 53 30 att
1267 2422 157 37 Claeson,
1450 2433 74 21 som
1549 2426 41 28 är

92 2476 82 31 född
200 2476 65 31 den
289 2476 17 28 6
329 2475 181 31 december
533 2475 77 30 1855
633 2474 62 31 och
718 2474 108 31 alltså
848 2475 154 35 uppnått
1023 2484 43 21 en
1088 2473 100 32 ålder
1210 2485 45 20 av
1278 2475 37 30 75
1337 2475 50 35 år,
1410 2475 97 31 varit
1530 2485 59 21 an-

1654 625 136 25 Utskottet.

1682 1923 67 31 Ang.

1636 1959 113 27 pension
1767 1959 29 23 åt

1631 1993 82 28 förste
1729 1994 75 23 vakt-

1648 2029 134 23 mästaren

1614 2061 25 24 C.
1659 2062 26 23 J.
1705 2062 116 25 Claeson.
