1898 2856
488 190 320 34 Bankoutskottets
835 193 187 32 utlåtande
1046 194 53 32 Nr
1122 194 50 31 27.
1485 195 62 30 121

90 266 109 36 högre
226 268 172 36 lönegrad
428 269 57 31 får
514 269 198 32 emellertid
739 270 77 32 icke
846 271 283 35 tillgodoräknas
1159 272 62 36 tid,
1249 282 77 22 som
1354 273 234 31 vederböran-

88 309 43 33 de
163 310 182 36 tjänstgör
374 312 93 31 efter
499 312 311 36 pensionsålderns
842 315 221 35 uppnående.
1115 315 56 31 Nu
1204 315 191 36 uppnådde
1429 316 153 31 Jonsson

90 355 293 35 pensionsåldern
410 356 65 31 den
501 356 38 30 19
563 356 69 36 juli
657 357 91 37 1930;
776 359 65 30 och
867 358 57 31 till
948 358 117 32 denna
1090 358 52 32 tid
1166 359 93 31 hade
1286 360 83 30 från
1394 359 67 31 den
1486 360 18 30 1
1530 369 58 21 no-

89 399 142 31 vember
258 399 79 30 1929
366 400 160 31 förflutit
555 401 125 31 endast
707 401 18 30 8
754 402 172 30 månader
954 402 38 30 19
1022 402 122 35 dagar.
1194 403 154 31 Jonsson
1377 403 97 31 hann
1501 403 87 31 såle-

89 442 60 32 des
199 443 77 30 icke
328 443 75 31 före
433 443 311 37 pensionsålderns
773 445 210 36 uppnående
1014 446 142 35 intjäna
1184 447 71 31 den
1285 446 197 37 tjänstetid,
1514 456 74 23 som

89 486 114 31 skulle
255 487 95 30 hava
398 487 199 31 erfordrats
650 488 54 31 för
755 488 91 33 hans
876 488 254 38 uppflyttning
1161 490 12 31 i
1203 490 129 36 högsta
1364 490 224 36 lönegraden.

88 529 210 33 Emellertid
340 531 198 31 inträffade
580 531 57 32 det
678 534 153 33 säregna
862 533 252 36 förhållandet,
1141 536 55 29 att
1226 534 155 31 Jonsson
1410 534 92 32 efter
1529 544 59 21 av-

89 573 260 36 skedstagande
398 576 46 34 på
493 576 118 34 grund
639 585 48 21 av
714 575 90 32 brist
834 577 46 35 på
909 577 226 36 kompetenta
1166 577 274 32 icke-ordinarie
1470 578 117 30 lärare

88 617 80 31 blev
192 618 195 32 förordnad
414 621 53 29 att
493 620 115 31 under
634 620 258 31 höstterminen
919 620 77 31 1930
1022 623 116 29 såsom
1163 621 141 31 vikarie
1329 622 192 36 uppehålla
1547 630 42 22 en

88 660 248 37 lektorstjänst
374 662 62 31 vid
474 663 110 35 högre
610 663 279 32 realläroverket
918 665 11 30 i
957 664 185 36 Göteborg,
1170 675 85 21 vars
1283 665 181 32 ordinarie
1492 665 96 31 inne-

87 704 135 32 havare
251 716 67 20 var
347 705 211 37 tjänstledig
587 707 46 35 på
661 707 118 35 grund
807 717 47 21 av
882 708 174 36 sjukdom.
1106 707 57 32 Nu
1190 708 206 33 hemställes
1425 709 12 31 i
1465 709 122 31 motio-

87 757 79 27 nen,
193 751 54 29 att
274 752 91 28 även
392 749 115 32 denna
536 750 245 36 tjänstgöring
806 752 112 30 måtte
946 752 37 30 få
1011 751 283 37 tillgodoräknas
1323 752 153 31 Jonsson
1514 762 73 21 som

89 801 56 21 om
170 792 72 31 han
269 792 62 32 vid
358 794 115 31 denna
499 794 53 31 tid
578 793 90 32 hade
696 794 94 31 varit
819 795 77 31 icke
920 795 234 36 pensionerad
1180 797 90 29 utan
1297 796 218 31 innehavare
1542 806 45 21 av

88 835 180 32 ordinarie
293 837 122 36 tjänst.
464 836 104 33 Givet
594 840 49 33 är,
670 840 53 29 att
748 848 58 21 om
829 838 119 31 denna
973 838 53 31 tid
1052 839 39 31 så
1117 839 55 30 får
1199 839 294 36 tillgodoräknas,
1518 839 70 31 blir

87 879 70 32 den
183 880 105 31 lucka
317 880 102 37 fylld,
446 890 75 23 som
548 881 63 31 vid
638 881 97 32 tiden
762 883 55 30 för
846 882 322 36 avskedstagandet
1198 883 139 35 förelåg
1363 883 11 31 i
1403 883 185 31 förutsätt-

86 923 181 35 ningarna
289 924 56 31 för
368 924 172 33 Jonssons
562 924 253 37 uppflyttning
837 926 11 30 i
873 925 113 37 tredje
1008 926 217 35 lönegraden
1248 928 116 30 såsom
1387 926 114 32 lektor
1524 927 66 31 och

88 966 90 33 hans
199 967 115 32 därav
339 968 160 43 följande
523 968 214 36 åtnjutande
761 979 45 21 av
830 969 57 32 det
912 970 55 31 för
989 970 115 31 lektor
1127 970 11 30 i
1161 969 118 31 denna
1300 969 172 36 lönegrad
1496 970 92 32 stad-

89 1010 89 36 gade
207 1011 387 36 pensionsunderlaget.
646 1012 62 32 Ett
737 1012 237 36 medgivande
1003 1013 12 31 i
1046 1014 97 31 detta
1172 1014 175 31 avseende
1377 1013 115 32 skulle
1518 1013 70 32 vis-

70 1054 169 36 "serligen
265 1058 45 32 gå
335 1055 62 31 vid
422 1055 104 32 sidan
550 1066 47 20 av
623 1056 167 34 gällande
815 1057 426 31 lönetursbestämmelser
1265 1066 81 22 men
1371 1067 104 27 synes
1500 1057 88 31 dock

88 1100 261 35 överstyrelsen
374 1099 133 36 skäligt
531 1099 80 32 med
635 1100 141 36 hänsyn
802 1100 58 32 till
883 1100 69 31 den
977 1100 110 36 långa
1111 1100 63 36 tid,
1198 1101 115 31 under
1337 1100 123 31 vilken
1485 1101 102 32 Jons-

88 1152 71 25 son,
189 1143 128 31 medan
346 1144 72 30 han
446 1153 66 21 var
542 1143 164 37 adjunkt,
736 1144 154 32 faktiskt
917 1144 118 31 utfört
1063 1145 130 30 sådant
1221 1144 132 37 arbete,
1382 1154 76 22 som
1484 1144 104 36 eljest

88 1185 138 37 åligger
249 1186 125 32 lektor.

127 1228 57 33 Nu
210 1239 109 27 synas
346 1230 197 32 emellertid
568 1230 267 32 motionärerna
860 1239 93 28 anse,
981 1233 54 29 att
1059 1241 57 21 om
1142 1230 154 33 Jonsson
1325 1231 98 36 finge
1447 1230 138 33 betrak-

88 1276 65 35 tas,
178 1276 115 30 såsom
317 1284 57 22 om
398 1274 71 31 han
494 1275 76 31 före
595 1274 55 31 sin
674 1276 145 34 avgång
841 1274 91 33 hade
955 1274 131 32 hunnit
1111 1275 98 31 bliva
1232 1275 213 37 uppflyttad
1470 1275 12 31 i
1506 1275 83 36 hög-

86 1319 56 30 sta
169 1317 216 37 lönegraden
413 1318 116 31 såsom
557 1318 125 36 lektor,
710 1320 39 30 så
778 1319 114 31 skulle
918 1319 116 31 därav
1061 1318 99 36 följa,
1190 1320 53 30 att
1271 1319 57 31 hel
1355 1319 148 36 pension
1532 1319 55 31 för

85 1361 130 31 honom
264 1362 114 31 skulle
426 1361 98 32 bliva
573 1362 75 31 lika
676 1362 80 31 med
783 1362 133 31 lektors
944 1362 128 36 högsta
1102 1361 353 37 pensionsunderlag.
1505 1362 83 31 Men

89 1405 96 32 detta
214 1408 41 29 är
284 1405 78 32 icke
389 1405 139 36 riktigt.
577 1405 53 32 På
659 1405 154 32 Jonsson
842 1408 40 29 är
910 1406 182 35 nämligen
1120 1405 195 37 tillämplig
1346 1406 67 32 den
1439 1405 150 32 bestäm-

86 1449 131 31 melsen
243 1450 13 31 i
282 1448 18 36 $
327 1450 17 29 4
371 1460 46 20 av
443 1450 66 31 den
535 1449 110 31 civila
670 1449 283 36 pensionslagen,
978 1451 56 29 att
1061 1450 55 30 för
1141 1449 346 36 tjänstinnehavare,
1513 1460 74 21 som

87 1492 112 32 under
228 1493 145 31 kortare
403 1492 54 32 tid
486 1495 46 28 än
561 1493 72 30 fem
662 1494 40 29 år
733 1493 165 31 innehaft
928 1493 67 31 den
1024 1492 123 36 tjänst,
1179 1493 84 31 från
1292 1492 124 32 vilken
1444 1493 145 35 avgång

89 1538 84 34 äger
196 1546 90 26 rum,
309 1536 164 36 beloppet
496 1546 47 21 av
564 1535 57 31 hel
645 1536 147 36 pension
816 1535 93 33 skall
932 1538 131 33 utgöra
1086 1546 43 21 en
1153 1536 167 31 femtedel
1344 1546 47 21 av
1414 1546 175 22 samman-

83 1580 108 37 lagda
212 1580 175 36 beloppen
410 1590 46 21 av
480 1580 41 31 de
545 1580 129 36 högsta
697 1579 355 37 pensionsunderlag,
1074 1580 114 31 vilket
1211 1580 114 31 under
1348 1581 83 30 vart
1454 1580 65 31 och
1540 1581 51 30 ett

85 1633 47 22 av
158 1624 45 32 de
232 1626 119 29 senast
382 1622 179 33 förflutna
590 1624 71 30 fem
691 1623 86 31 åren
806 1622 98 33 varit
933 1623 56 31 för
1019 1622 363 37 tjänstinnehavaren
1412 1623 174 36 gällande.

85 1666 59 33 Nu
171 1667 67 32 har
265 1667 155 31 Jonsson
447 1667 115 32 under
592 1667 83 36 fyra
702 1677 47 21 av
774 1666 44 32 de
846 1667 72 31 fem
947 1667 50 35 år,
1025 1676 75 22 som
1129 1666 161 32 förflutit
1317 1668 162 30 närmast
1510 1667 76 31 före

85 1711 91 32 hans
201 1711 320 35 avskedstagande,
549 1709 98 33 varit
674 1710 155 36 adjunkt
858 1710 12 31 i
898 1710 128 35 högsta
1052 1710 218 35 lönegraden
1296 1711 65 30 och
1389 1710 113 32 under
1529 1710 58 31 det

86 1755 89 31 sista
202 1765 45 22 av
273 1754 114 36 sagda
414 1755 71 30 fem
512 1755 42 30 år
578 1753 97 32 varit
699 1754 116 31 lektor
840 1754 12 31 i
880 1754 112 31 andra
1017 1753 227 37 lönegraden.
1289 1754 17 31 I
1334 1756 254 29 överensstäm-

87 1799 107 31 melse
216 1798 149 32 härmed
387 1798 67 31 har
475 1798 57 31 till
556 1798 116 35 grund
696 1799 56 30 för
774 1797 267 32 bestämmande
1063 1808 46 20 av
1130 1798 91 31 hans
1243 1798 148 36 pension
1414 1798 95 35 lagts
1530 1798 59 31 det

1230 1841 18 31 4
1274 1843 30 28 X
1331 1841 88 31 4000
1442 1841 36 35 +
1499 1841 89 30 4.400

1362 1894 18 29 5

83 1938 132 32 kronor
229 1939 86 31 eller
330 1938 89 34 4,080
432 1938 142 30 kronor.
590 1937 122 31 Skulle
727 1938 72 30 han
813 1948 48 20 nu
880 1937 11 30 i
906 1936 341 37 pensionsavseende
1262 1936 193 37 betraktas,
1472 1938 115 29 såsom

84 1992 57 22 om
164 1982 72 31 han
259 1982 113 30 under
396 1981 63 32 sitt
484 1981 89 31 sista
597 1980 156 35 tjänstår
775 1980 98 31 varit
897 1980 115 31 lektor
1036 1980 11 30 i
1072 1979 128 35 högsta
1221 1980 227 35 lönegraden,
1474 1979 114 31 skulle

85 2026 100 31 detta
203 2025 76 31 icke
296 2025 164 31 medföra
477 2025 119 34 någon
613 2023 126 36 längre
756 2023 135 35 gående
909 2023 222 36 förändring,
1150 2026 45 28 än
1213 2025 54 29 att
1283 2023 58 31 hel
1358 2022 146 37 pension
1535 2023 54 30 för

83 2095 128 31 honom
234 2094 116 32 skulle
374 2096 130 34 utgöra
510 2063 356 91 SA
877 2093 131 31 kronor
1032 2093 88 31 eller
1144 2093 89 35 4,120
1257 2092 141 31 kronor.
1442 2091 70 33 För
1537 2093 54 30 att

87 2175 83 20 man
193 2164 115 31 skulle
327 2166 48 29 nå
398 2164 93 30 fram
513 2163 56 32 till
590 2163 60 31 det
671 2164 72 30 mål
766 2163 11 30 i
800 2164 106 34 fråga
928 2173 56 20 om
1005 2163 91 31 hans
1117 2161 376 37 pensionsberäkning,
1516 2171 73 21 som

85 2208 179 31 motionen
292 2218 106 25 synes
426 2216 93 26 avse,
547 2206 115 32 skulle
689 2207 108 31 alltså
824 2207 190 31 erfordras,
1042 2208 54 29 att
1124 2205 154 31 Jonsson
1305 2204 113 32 skulle
1448 2205 138 30 betrak-

85 2253 64 34 tas,
173 2262 74 20 som
272 2261 57 21 om
354 2251 72 30 han
452 2251 91 30 hade
565 2250 98 31 varit
687 2250 114 31 lektor
826 2250 11 30 i
863 2250 127 34 högsta
1014 2249 217 33 lönegraden
1256 2248 77 31 icke
1358 2248 90 31 blott
1472 2247 114 31 under

83 2294 59 32 det
165 2295 90 31 sista
279 2304 46 21 av
349 2294 79 31 sina
453 2293 158 36 tjänstår
635 2294 75 30 före
734 2292 325 36 avskedstagandet
1083 2294 89 28 utan
1196 2292 114 30 under
1336 2292 41 30 de
1404 2292 70 29 fem
1499 2290 86 31 sista

83 2348 47 20 av
152 2337 101 31 dessa
275 2339 50 29 år.
348 2336 57 31 Nu
429 2337 66 30 har
518 2337 73 30 han
613 2335 206 36 emellertid,
844 2336 114 31 såsom
981 2345 46 21 av
1048 2335 180 30 motionen
1249 2335 106 30 också
1380 2334 171 34 framgår,
1575 2333 8 29 i

82 2381 119 35 själva
226 2380 125 31 verket
375 2379 98 31 varit
498 2379 155 34 adjunkt
679 2379 114 31 under
821 2380 81 35 fyra
927 2388 46 21 av
1000 2379 100 30 dessa
1125 2378 50 30 år.
1221 2375 268 38 Överstyrelsen
1514 2376 70 30 kan

87 2424 75 31 icke
188 2424 192 30 underlåta
407 2425 54 29 att
489 2424 10 30 i
527 2422 99 31 detta
652 2422 263 35 sammanhang
939 2421 170 34 meddela,
1138 2422 53 29 att
1218 2420 165 36 Jonsson,
1410 2419 174 31 alltsedan

83 2468 72 31 han
187 2469 41 29 år
261 2467 79 30 1906
372 2466 130 31 vunnit
534 2465 353 36 lektorskompetens,
917 2465 80 30 sökt
1031 2463 250 36 lektorstjänst
1312 2463 153 31 allenast
1497 2463 84 31 åren

85 2512 88 35 1909,
203 2511 74 30 1911
315 2510 62 30 och
410 2510 87 35 1915,
529 2509 73 31 alla
634 2508 184 36 gångerna
847 2508 64 31 vid
941 2507 186 31 allmänna
1157 2506 165 32 läroverk
1356 2506 11 30 i
1401 2506 185 35 Göteborg,

86 1868 252 37 förhållandet,
363 1870 54 30 att
439 1868 57 31 hel
521 1868 148 36 pension
693 1868 56 31 för
771 1868 131 31 honom
926 1867 115 32 skulle
1063 1869 158 34 utgöra—
