1910 2850
347 147 40 31 24
705 149 322 36 Bankoutskottets
1053 154 187 33 utlåtande
1264 156 55 33 Nr
1338 158 54 31 27.

296 226 81 30 från
401 226 64 31 och
489 227 80 31 med
591 228 68 30 den
683 230 17 29 1
724 229 147 36 januari
895 231 79 31 1931
998 232 83 32 från
1104 233 423 39 beväringsmanskapets
1550 237 152 32 invalid-
1726 239 65 37 och

298 277 254 34 pensionsfond
578 279 179 33 utbetalas
783 281 67 32 den
876 283 212 37 ersättning,
1113 285 126 31 vartill
1263 286 74 31 han
1364 286 113 36 enligt
1505 288 206 35 grunderna
1737 291 62 30 för

293 328 155 32 nämnda
467 329 214 38 förordning
697 332 74 31 kan
789 342 102 39 anses
909 334 214 35 berättigad.

335 432 57 32 Av
417 433 267 36 handlingarna
710 435 13 32 i
749 436 145 32 ärendet
919 436 192 39 inhämtas,
1137 440 54 30 att
1217 438 188 35 Cedervall
1427 441 115 32 under
1567 441 98 33 tiden
1689 444 19 29 2
1732 453 64 22 no-

291 484 142 31 vember
456 484 159 32 1918—13
638 486 72 36 maj
735 486 80 32 1919
838 484 196 40 fullgjorde
1056 490 451 39 värnpliktstjänstgöring
1529 494 63 31 vid
1616 494 178 32 dåvaran-

292 535 43 32 de
356 535 225 38 Jönköpings
599 540 216 36 regemente;
838 541 54 30 att
911 539 74 32 han
1008 542 179 32 därunder
1208 542 216 38 insjuknade
1446 545 13 31 i
1480 545 146 33 knölros
1646 547 66 31 och
1734 549 59 30 för

291 587 117 32 denna
430 587 168 37 sjukdom
621 589 176 33 vårdades
822 592 21 30 å
867 594 238 33 regementets
1126 593 153 37 sjukhus
1302 596 114 32 under
1441 597 286 37 tidsperioderna
1751 600 43 30 13

292 639 175 32 mars—16
486 640 97 37 april
602 641 65 32 och
687 641 39 32 26
752 634 104 55 april
875 638 46 37 10
943 644 87 37 maj,
1051 645 122 32 vilken
1193 645 225 35 sistnämnda
1437 648 73 37 dag
1529 649 74 32 han
1623 651 169 31 utskrevs

292 691 243 37 symptomfri;
561 694 55 30 att
637 693 73 30 han
733 693 125 33 hösten
879 695 78 31 1919
981 696 57 32 för
1061 695 235 35 bukvattusot
1318 700 178 32 vårdades
1519 702 22 30 å
1564 700 228 38 Jönköpings

292 739 157 40 lasarett,
474 744 168 31 varifrån
667 744 73 32 han
765 746 167 32 utskrevs
956 747 176 37 objektivt
1158 749 202 38 återställd;
1387 752 56 31 att
1469 751 73 33 han
1567 753 112 31 under
1707 754 81 31 full-

291 793 157 34 görande
470 803 48 22 av
539 795 347 39 repetitionsövning
909 799 68 31 den
998 799 39 32 20
1059 800 196 36 september
1276 802 79 31 1920
1377 802 120 37 intogs
1519 805 22 31 å
1563 804 24 31 J
1591 805 200 37 önköpings

290 846 219 33 regementes
531 845 153 37 sjukhus
707 848 114 32 under
842 848 152 37 diagnos
1015 849 295 41 buktuberkulos;
1336 855 53 30 att
1411 854 74 32 han
1508 854 69 32 den
1601 855 38 32 29
1661 856 14 31 i
1697 866 92 22 sam-

290 905 59 23 ma
373 897 131 31 månad
529 897 211 35 frikallades
766 900 83 32 från
875 901 148 33 fortsatt
1047 902 246 39 tjänstgöring
1316 906 65 31 och
1405 906 301 39 hemförlovades;
1734 908 55 32 att

288 947 72 31 han
379 947 63 32 vid
461 949 268 38 undersökning
751 952 13 30 i
785 952 128 37 början
933 964 46 21 av
1000 955 41 30 år
1063 954 77 32 1925
1161 955 185 33 befunnits
1367 957 76 32 lida
1464 969 48 20 av
1532 959 262 37 lungtuberku-

290 997 67 38 los;
381 1002 92 30 samt
494 1002 56 30 att
572 1001 265 35 vederbörande
860 1004 264 34 militärläkare
1145 1008 118 32 såsom
1285 1008 57 32 sin
1364 1009 97 32 åsikt
1483 1011 145 35 uttalat,
1650 1013 55 30 att
1730 1012 60 32 det

290 1050 120 37 syntes
435 1051 179 38 ostridigt,
639 1055 54 31 att
718 1053 187 36 Cedervall
929 1056 116 33 under
1069 1058 57 32 sin
1150 1058 388 40 militärtjänstgöring
1562 1062 188 36 insjuknat
1775 1064 13 30 i

288 1100 153 39 knölros,
462 1103 125 32 vilken
607 1104 168 37 sjukdom
797 1106 98 37 finge
913 1107 187 35 betraktas
1118 1111 118 31 såsom
1255 1121 46 22 en
1321 1111 57 32 del
1397 1123 48 21 av
1464 1114 71 31 den
1556 1114 236 32 tuberkulösa

288 1154 356 39 symptomkomplex,
670 1167 86 22 vars
785 1158 126 37 övriga
939 1160 186 37 yttringar
1150 1179 41 6 —
1216 1162 86 32 buk-
1330 1164 65 31 och
1422 1164 298 37 lungtuberkulos
1747 1185 40 4 —

288 1203 153 34 medfört
465 1205 92 34 hans
582 1207 196 34 frikallelse
802 1209 83 33 från
908 1210 148 35 fortsatt
1078 1209 461 47 värnpliktstjänstgöring.

329 1256 498 40 Riksförsäkringsanstalten
855 1262 66 31 har
950 1263 12 31 i
989 1264 149 35 avgivet
1165 1265 189 33 utlåtande
1383 1267 12 30 i
1424 1269 148 31 ärendet
1600 1265 191 46 meddelat,

287 1309 54 30 att
366 1308 119 33 därest
510 1309 187 33 Cedervall
718 1312 98 32 inom
840 1313 226 33 föreskriven
1089 1316 54 32 tid
1165 1317 97 36 gjort
1288 1319 273 38 framställning
1583 1331 58 21 om
1664 1324 129 30 ersätt-

286 1359 88 38 ning
398 1360 13 31 i
437 1361 196 38 anledning
658 1373 47 20 av
728 1364 222 38 sjukdomen,
977 1367 182 32 anstalten
1183 1368 116 32 skulle
1324 1370 96 31 hava
1445 1371 190 32 tillerkänt
1660 1373 132 32 honom

285 1412 202 37 ersättning
512 1413 146 36 jämlikt
682 1415 79 31 1909
787 1417 58 30 års
870 1413 587 50 militärersättningsförordning.

327 1462 237 34 Beträffande
607 1465 240 37 utredningen
891 1469 12 31 i
949 1469 121 36 övrigt
1114 1470 172 32 hänvisar
1309 1473 173 32 utskottet
1506 1475 57 31 till
1589 1475 200 37 åberopade

287 1514 398 38 statsrådsprotokollet.

98 1615 133 45 Utskottet.
325 1617 59 31 Av
409 1618 88 37 skäl,
525 1629 75 21 som
627 1621 113 31 under
768 1623 161 35 punkten
955 1624 19 31 8
1000 1625 13 30 i
1040 1625 57 32 det
1126 1626 215 37 föregående
1366 1629 162 36 angivits
1556 1630 12 31 i
1598 1631 107 37 fråga
1731 1642 59 21 om

286 1668 68 32 där
378 1669 194 34 behandlat
597 1673 139 36 ärende,
761 1673 68 33 har
853 1675 173 33 utskottet
1052 1678 117 31 ansett
1194 1678 56 37 sig
1275 1679 86 32 böra
1387 1680 186 38 tillstyrka
1598 1682 105 33 bifall
1728 1683 58 32 till

288 1718 133 39 Kungl.
442 1721 130 38 Maj:ts
593 1724 248 37 föreliggande
860 1727 147 37 förslag.

327 1771 181 35 Utskottet
535 1775 207 33 hemställer
771 1777 108 38 förty,

723 1881 54 32 att
803 1881 193 37 riksdagen
1021 1884 59 30 må
1105 1884 128 32 bifalla
1261 1884 133 38 Kungl.
1421 1887 130 37 Maj:ts
1579 1889 206 32 förevaran-

684 1932 42 32 de
753 1933 280 37 framställning.

987 2106 88 32 14:0.

68 2185 39 37 ln
126 2203 62 31 vångs
327 2187 120 33 Under
470 2189 162 37 punkten
654 2191 18 30 2
693 2200 48 21 av
762 2201 139 22 samma
920 2193 224 36 proposition
1162 2204 45 22 nr
1230 2196 59 30 112
1311 2196 67 31 har
1401 2197 136 37 Kungl.
1560 2198 110 37 Maj:t
1694 2200 90 31 före-

56 2237 207 40 vissersättning
286 2239 109 37 slagit
413 2240 196 38 riksdagen
629 2242 178 37 medgiva,
828 2245 54 30 att
903 2244 59 33 till
983 2245 189 33 Bernhard
1192 2246 113 33 Ewert
1327 2248 205 33 Pettersson
1552 2252 61 29 må
1632 2269 41 5 —
1692 2252 91 31 utan

81 2272 157 59 pelle
285 2290 127 34 hinder
433 2292 118 32 därav
572 2295 53 31 att
648 2293 271 39 framställning
939 2306 58 22 om
1017 2297 203 38 ersättning
1242 2299 78 33 icke
1340 2299 109 33 blivit
1471 2300 106 37 gjord
1597 2301 97 32 inom
1713 2302 70 32 den

287 2341 62 37 tid,
367 2353 74 22 som
460 2344 217 33 föreskrives
695 2346 14 31 i
727 2346 40 31 12
785 2346 19 36 $
822 2357 47 22 av
887 2347 258 37 förordningen
1162 2349 69 33 den
1250 2351 39 31 18
1307 2351 81 36 juni
1407 2352 79 32 1909
1504 2362 58 22 om
1580 2348 204 47 ersättning

285 2393 12 30 i
324 2395 195 37 anledning
545 2406 46 22 av
614 2396 256 39 kroppsskada,
896 2399 160 36 ådragen
1081 2401 114 32 under
1220 2401 389 40 militärtjänstgöring
1632 2423 41 5 —
1698 2406 85 32 från

285 2445 64 31 och
372 2447 78 31 med
477 2448 67 31 den
568 2449 17 30 1
608 2448 146 36 januari
779 2449 77 32 1931
882 2450 81 32 från
989 2451 423 40 beväringsmanskapets
1436 2455 153 31 invalid-
1609 2456 67 31 och
1695 2453 90 45 pen-
