1896 2856
491 168 320 35 Bankoutskottets
838 172 188 33 utlåtande
1051 175 53 31 Nr
1126 176 53 30 27.
1488 177 61 31 113

87 244 148 35 pension
256 246 81 30 från
357 247 155 31 svenska
532 248 271 33 lärarinnornas
822 251 347 39 pensionsförening,
1189 264 73 21 som
1284 256 107 36 utgår
1410 257 46 35 på
1478 257 116 36 grund

86 305 45 21 av
152 297 221 37 statsbidrag
395 299 65 30 och
483 300 55 30 för
560 301 239 37 statsbidrags
821 303 300 33 utbekommande
1143 306 148 37 erlagda
1314 307 169 37 avgifter.
1505 308 88 32 Där-

85 351 91 30 emot
198 350 63 31 har
283 351 373 37 departementschefen
680 355 119 32 funnit
823 356 213 37 tillräckliga
1059 358 75 32 skäl
1157 360 73 30 icke
1255 360 167 37 föreligga
1445 363 51 29 att
1512 364 83 35 göra

85 402 132 38 avdrag
239 404 134 36 jämväl
397 406 53 30 för
474 406 65 31 den
562 407 53 31 del
639 418 45 20 av
710 409 216 32 sistnämnda
950 411 150 36 pension,
1125 412 119 31 vilken
1261 413 126 31 hänför
1402 415 53 35 sig
1471 415 55 30 till
1543 415 50 37 de,

84 455 108 31 såvitt
214 457 232 37 utredningen
470 459 98 36 giver
584 460 60 31 vid
661 461 146 36 handen,
824 462 73 31 helt
914 463 174 37 frivilliga
1103 465 160 36 avgifter,
1280 475 71 22 som
1368 466 136 32 Sondén
1521 467 73 32 där-

84 509 122 30 utöver
227 509 145 32 inbetalt
396 511 56 30 till
476 511 104 37 sagda
604 512 169 37 förening.
818 514 382 37 Departementschefen
1213 518 63 31 har
1292 518 205 37 framhållit,
1514 521 79 30 att
1575 505 21 54 i

84 559 97 37 fråga
202 571 56 21 om
274 562 63 31 den
353 573 44 20 av
414 564 243 32 statskontoret
673 566 187 36 åberopade
877 567 328 37 tilläggspensionen
1220 571 38 30 åt
1273 572 320 32 ämneslärarinnan

83 611 72 32 Een
179 614 186 37 utredning
389 615 75 31 icke
486 626 99 27 synes
609 617 92 31 hava
725 619 200 37 förebragts,
956 621 6 30 i
986 621 66 31 vad
1077 622 81 30 mån
1181 622 64 31 den
1262 623 79 31 från
1358 624 65 31 den
1439 625 154 31 enskilda

85 665 398 38 pensionsinrättningen
505 669 163 36 åtnjutna
691 671 183 35 pensionen
898 672 179 36 grundade
1099 674 52 36 sig
1174 676 44 34 på
1241 675 173 37 frivilliga
1429 678 162 35 avgifter.

126 717 221 33 Beträffande
382 720 229 37 utredningen
639 722 12 30 i
675 723 116 36 övrigt
813 724 55 30 får
891 725 167 31 utskottet
1081 726 148 32 hänvisa
1252 728 55 30 till
1330 729 261 36 propositionen.

126 821 18 31 I
175 821 202 38 anslutning
402 823 55 31 till
480 834 45 21 av
548 824 185 38 riksdagen
757 827 146 36 tidigare
927 828 11 30 i
962 828 165 32 liknande
1151 829 64 31 fall
1239 831 128 32 fattade
1390 832 113 32 beslut
1526 833 64 31 vill

83 874 166 31 utskottet
272 876 186 36 tillstyrka,
483 878 51 30 att
556 878 285 37 tilläggspension
857 880 147 37 beviljas
1021 881 136 32 Sondén
1173 883 12 30 i
1202 884 188 37 anledning
1404 895 46 20 av
1466 886 126 31 hennes

82 926 231 38 tjänstgöring
338 929 60 31 vid
422 930 315 32 statsunderstödda
760 932 155 32 enskilda
939 933 251 33 läroanstalter.

125 978 19 31 I
176 979 99 37 fråga
309 990 55 21 om
388 981 346 37 tilläggspensionens
757 985 125 31 storlek
906 985 132 32 tillåter
1061 988 53 35 sig
1139 988 164 32 utskottet
1326 989 54 31 till
1404 1000 41 21 en
1468 991 123 36 början

82 1031 116 31 erinra
233 1042 54 21 om
321 1033 165 37 följande.
532 1034 17 31 I
582 1036 211 36 proposition
824 1048 44 20 nr
902 1039 63 30 116
991 1039 53 30 till
1070 1040 84 30 1929
1178 1041 57 30 års
1258 1042 141 36 riksdag
1423 1042 168 32 framlade

80 1083 135 37 Kungl.
239 1084 101 37 Maj:t
364 1086 130 37 förslag
510 1087 144 32 rörande
670 1089 320 37 tilläggspensioner
1006 1091 55 31 för
1076 1093 179 37 åtskilliga
1271 1094 207 37 lärarinnor,
1495 1096 97 31 vilka

82 1136 73 31 före
179 1137 134 31 inträde
335 1138 12 30 i
371 1139 197 37 statstjänst
590 1140 76 31 haft
690 1142 215 37 anställning
921 1143 61 31 vid
998 1144 157 32 enskilda
1171 1145 250 33 läroanstalter.
1455 1147 8 31 I
1479 1148 112 31 denna

80 1189 211 36 proposition
325 1191 224 31 omnämndes
582 1192 12 30 i
628 1192 100 37 fråga
762 1204 54 20 om
852 1195 196 36 grunderna
1072 1196 54 31 för
1149 1198 302 37 tilläggspensions
1475 1201 116 30 beräk-

80 1240 124 37 nande,
250 1244 50 29 att
334 1244 242 31 statskontoret
610 1247 112 29 ansett
749 1246 54 31 det
827 1247 82 31 böra
932 1248 119 36 tillses,
1074 1251 52 29 att
1149 1250 107 31 sådan
1280 1252 142 35 pension
1446 1253 145 37 utginge

80 1293 77 32 med
192 1294 98 37 högst
317 1296 38 30 så
378 1297 86 30 stort
488 1296 129 37 belopp,
642 1300 51 29 att
716 1298 190 32 detsamma
928 1300 109 36 jämte
1060 1302 104 31 redan
1188 1302 151 38 beviljad
1362 1306 228 35 statspension

80 1346 62 30 och
176 1348 141 35 pension
358 1348 81 31 från
475 1349 258 33 lärarinnornas
767 1353 300 37 pensionsanstalt,
1101 1356 401 38 pensionsinrättningen
1538 1359 52 31 för

82 1397 197 33 lärarinnor
313 1400 60 31 vid
409 1401 160 37 Sveriges
605 1403 102 36 högre
739 1404 113 31 skolor
887 1405 54 31 för
976 1407 164 37 kvinnlig
1164 1408 152 37 ungdom
1339 1409 83 31 eller
1445 1412 145 30 svenska

80 1450 262 33 lärarinnornas
376 1455 320 37 pensionsförening
722 1458 175 36 uppginge
919 1458 56 31 till
998 1459 56 31 det
1076 1461 340 37 pensionsunderlag,
1442 1473 71 21 som
1537 1464 54 30 för

80 1503 255 32 vederbörande
369 1505 115 36 gällde
519 1507 58 31 vid
612 1508 127 31 avsked
769 1509 78 31 från
871 1511 204 36 statstjänst.
1122 1512 70 31 Till
1216 1512 111 32 denna
1354 1511 235 46 uppfattning,

79 1565 74 21 som
187 1557 114 30 avvek
336 1557 81 31 från
451 1558 68 31 vad
553 1559 328 38 skolöverstyrelsen
916 1563 12 30 i
952 1565 116 29 ämnet
1092 1565 92 35 gjort
1207 1565 171 38 gällande,
1401 1568 114 31 anslöt
1538 1569 52 36 sig

80 1607 248 37 föredragande
344 1609 381 36 departementschefen.
760 1613 272 37 Ifrågavarande
1047 1618 210 35 proposition
1277 1619 177 32 lämnades
1471 1621 119 31 visser-

79 1660 94 36 ligen
209 1678 39 4 —
283 1671 44 20 av
350 1662 86 35 skäl,
461 1672 72 22 som
556 1664 12 30 i
591 1664 93 32 detta
709 1667 253 37 sammanhang
986 1671 60 28 äro
1069 1671 84 29 utan
1177 1670 171 38 betydelse
1373 1690 39 3 —
1438 1683 44 20 av
1505 1674 85 31 riks-

79 1712 110 36 dagen
224 1714 86 30 utan
345 1714 113 37 bifall,
493 1725 77 21 men
606 1718 197 35 påföljande
837 1720 40 30 år
905 1720 186 32 framlades
1115 1722 129 37 förslag
1268 1725 145 31 rörande
1436 1725 154 37 tilläggs-

80 1766 141 35 pension
245 1767 35 30 åt
303 1768 59 29 två
386 1778 44 20 av
455 1768 41 31 de
519 1769 12 30 i
555 1771 251 34 propositionen
830 1773 151 31 avsedda
1005 1774 381 39 befattningshavarna,
1412 1779 178 36 nämligen

79 1817 23 31 f.
138 1818 31 31 d.
205 1820 363 32 ämneslärarinnorna
591 1823 60 30 vid
675 1823 106 37 högre
805 1825 378 34 lärarinneseminariet
1207 1829 117 37 Sigrid
1347 1830 73 31 Een
1445 1831 60 31 och
1529 1832 60 31 vid

79 1871 197 31 samskolan
299 1872 12 30 i
336 1870 211 39 Ängelholm
571 1875 115 31 Karin
703 1875 150 33 Åhman.
900 1878 123 37 Enligt
1039 1879 132 38 Kungl.
1189 1881 118 37 Maj:ts
1324 1883 138 36 förslag,
1479 1884 110 32 vilket

78 1922 118 31 bifölls
230 1933 45 20 av
309 1925 194 36 riksdagen,
533 1927 97 30 blevo
653 1928 125 31 därvid
811 1930 378 38 tilläggspensionerna,
1218 1934 12 29 i
1253 1934 337 33 överensstämmelse

78 1974 76 31 med
189 1975 67 31 vad
285 1976 11 30 i
321 1976 84 31 1929
441 1978 56 30 års
531 1980 211 35 proposition
765 1982 154 35 uttalats,
944 1982 192 33 beräknade
1159 1979 43 41 på
1226 1986 122 31 sådant
1371 1989 78 34 sätt,
1473 1990 51 29 att
1549 2007 38 2 —

77 2028 84 29 enär
195 2028 263 36 sammanlagda
492 2031 340 34 pensionsförmånen
867 2034 100 36 eljest
1000 2036 112 30 skulle
1147 2037 92 31 hava
1269 2040 181 35 överstigit
1474 2041 113 31 veder-

77 2078 166 32 börandes
267 2081 328 38 pensionsunderlag
613 2101 39 4 —
670 2085 131 36 avdrag
825 2086 137 36 gjordes
985 2088 54 30 för
1055 2089 251 32 vederbörande
1323 2087 263 46 tillkommande

77 2132 179 34 pensioner
280 2133 79 30 från
382 2135 153 30 nämnda
558 2137 407 37 pensionsinrättningar.

119 2182 17 31 I
160 2183 63 31 den
241 2194 46 20 nu
306 2185 237 37 föreliggande
559 2190 253 34 propositionen
828 2191 64 30 har
908 2192 164 36 påvisats,
1089 2195 51 29 att
1156 2204 41 20 en
1213 2205 43 20 av
1273 2196 85 30 1930
1375 2198 55 29 års
1447 2198 138 35 riksdag

76 2235 11 29 i
111 2235 154 36 enlighet
293 2238 75 30 med
392 2240 208 34 proposition
624 2251 42 20 nr
691 2242 61 29 158
776 2244 36 28 åt
836 2243 204 32 biträdande
1065 2246 323 33 föreståndarinnan
1406 2250 58 29 vid
1482 2250 103 36 högre

80 2286 375 34 lärarinneseminariet
478 2291 12 30 i
514 2291 199 32 Stockholm
737 2293 111 32 Gerda
866 2305 66 20 von
950 2296 125 35 Sydow
1093 2298 150 35 beviljad
1260 2300 295 38 tilläggspension,
1573 2303 10 29 i

76 2337 130 32 olikhet
229 2340 76 30 med
326 2341 66 30 vad
409 2351 72 21 som
497 2343 89 30 skett
602 2344 11 29 i
630 2354 81 25 nyss
727 2347 154 34 angivna
897 2348 62 29 två
976 2348 72 35 fall,
1066 2349 182 31 beräknats
1265 2352 75 30 med
1357 2352 132 36 avdrag
1505 2354 80 31 alle-

75 2392 78 28 nast
188 2392 52 29 för
275 2392 64 30 den
375 2393 54 30 del
466 2404 43 20 av
533 2396 335 34 pensionsförmåner
892 2399 79 30 från
995 2401 158 30 enskilda
1177 2403 406 38 pensionsinrättningar,

74 2452 72 20 som
171 2443 143 35 utginge
337 2446 43 34 på
403 2446 113 35 grund
541 2457 43 20 av
608 2449 210 36 statsbidrag
841 2451 61 30 och
928 2451 53 30 för
1004 2452 113 31 dessas
1141 2454 287 32 utbekommande
1444 2458 140 35 erlagda

75 2495 159 34 avgifter.
282 2496 78 31 Med
384 2498 189 37 anledning
598 2500 108 31 härav
731 2501 54 30 får
809 2503 165 31 utskottet
998 2504 198 37 framhålla,
1220 2508 50 29 att
1294 2507 11 30 i
1330 2510 252 34 propositionen

77 2556 109 32 Bihang
205 2557 41 24 till
266 2558 167 32 riksdagens
453 2561 144 30 protokoll
620 2563 74 23 1931.
738 2566 14 21 8
773 2567 80 22 saml.
894 2566 32 23 18
947 2567 69 29 häft.
1055 2565 52 29 (Nr
1126 2566 54 26 27)
1532 2572 16 23 8

1648 842 135 25 Utskottet.
