1900 2784
244 188 18 24 6
708 186 263 28 Statsutskottets
995 184 167 29 utlåtande
1186 192 37 20 nr
1251 183 47 28 75.

243 262 171 31 krävande
435 261 66 31 och
524 260 209 32 kostsamma
754 258 159 43 åtgärder
937 258 10 31 i
972 258 91 41 syfte
1085 260 52 29 att
1158 256 137 32 indriva
1317 255 239 41 fordringarna
1577 255 91 30 först
1690 253 67 31 vid-

245 314 105 41 tagits
372 315 81 29 utan
474 312 152 32 resultat.
648 312 80 31 Icke
749 311 110 32 heller
878 310 66 31 kan
965 311 36 30 åt
1021 309 126 41 Kungl.
1171 308 103 41 Maj:t
1293 306 241 43 budgetårsvis
1556 305 129 32 lämnat
1705 304 53 32 be-

245 363 229 44 myndigande
500 367 52 29 att
575 365 125 40 avgöra
724 364 116 41 frågor
865 373 53 20 om
944 360 185 33 avstående
1155 371 38 20 av
1220 359 247 41 fordringsrätt
1490 369 100 20 anses
1616 357 142 31 omfatta

246 420 85 28 även
356 417 104 31 dessa
486 415 158 32 ärenden.
672 415 145 41 Förslag
842 414 54 32 till
921 412 259 33 bestämmelser
1206 411 175 42 angående
1410 409 178 32 förenklad
1612 407 147 32 avskriv-

246 470 85 40 ning
355 480 41 20 av
423 469 94 31 vissa
542 467 195 42 fordringar
761 467 62 31 har
848 476 140 21 numera
1016 464 187 33 utarbetats
1229 462 64 32 och
1319 461 99 33 torde
1445 461 88 32 efter
1559 460 120 31 remiss
1706 459 55 31 till

246 520 256 33 vederbörande
530 519 241 42 myndigheter
798 518 134 31 komma
958 519 52 29 att
1036 516 192 41 föreläggas
1257 514 191 41 riksdagen.
1477 513 19 31 I
1524 512 165 31 avvaktan
1718 513 42 39 på

247 572 201 43 riksdagens
476 571 248 43 godkännande
752 581 40 20 av
821 572 50 29 ett
897 568 112 42 dylikt
1038 567 170 32 förenklat
1234 563 439 44 avskrivningsförfarande
1700 563 61 31 har

247 623 380 45 departementschefen
648 621 191 32 emellertid
861 621 124 37 funnit,
1009 622 49 29 att
1080 617 335 42 civilförvaltningen
1436 616 66 32 bör
1521 616 131 31 lämnas
1674 614 88 32 med-

248 676 146 42 givande
413 679 51 29 att
483 676 12 32 i
514 676 135 31 samråd
668 674 78 31 med
765 673 59 31 det
843 671 223 37 ämbetsverk,
1086 682 74 20 som
1178 669 79 32 med
1276 668 168 33 avseende
1463 670 22 29 å
1502 667 93 42 varje
1613 666 148 32 särskild

250 727 140 33 fordran
409 730 36 29 är
466 730 53 29 att
536 726 156 32 betrakta
711 728 115 29 såsom
845 723 205 37 huvudman,
1073 722 153 31 avskriva
1247 721 42 31 de
1311 721 10 31 i
1343 719 222 32 förevarande
1584 717 179 33 framställ-

250 780 84 42 ning
354 779 150 33 avsedda
524 778 247 41 fordringarna.

308 884 173 31 Utskottet
505 893 102 21 anser
631 881 175 43 praktiska
828 880 76 31 skäl
929 879 67 31 tala
1024 880 53 30 för
1100 878 66 31 den
1192 888 40 20 av
1256 874 380 44 departementsechefen
1664 874 101 29 föror-

251 936 87 31 dade
360 935 234 41 anordningen
616 933 63 32 och
700 931 199 33 hemställer
918 930 127 39 därför,

546 988 49 29 att
616 985 183 41 riksdagen
820 985 54 30 må
893 982 205 42 bemyndiga
1120 980 126 42 Kungl.
1269 979 102 42 Maj:t
1392 981 49 29 att
1461 977 156 42 medgiva
1640 978 125 30 försva-

504 1040 70 29 rets
600 1036 291 40 civilförvaltning
916 1036 49 31 att
989 1053 43 3 —
1055 1031 218 33 beträffande
1298 1041 102 21 envar
1426 1029 139 33 fordran
1590 1029 12 31 i
1629 1028 136 32 samråd

505 1089 76 32 med
603 1089 58 31 det
680 1087 215 32 ämbetsverk
915 1096 73 21 som
1008 1088 36 29 är
1064 1087 49 29 att
1131 1083 156 33 betrakta
1308 1093 73 21 som
1401 1081 197 32 huvudman
1617 1078 79 33 med
1715 1090 51 20 av-

505 1141 126 33 seende
649 1142 20 30 å
686 1139 200 41 fordringen
902 1157 42 4 —
962 1139 82 30 utan
1061 1136 123 32 hinder
1201 1146 41 21 av
1261 1134 157 43 gällande
1437 1131 260 33 bestämmelser
1715 1142 51 19 av-

506 1193 113 32 skriva
639 1193 13 31 i
673 1190 354 41 civilförvaltningens
1050 1187 254 41 framställning
1324 1186 66 31 den
1412 1186 17 30 7
1453 1183 137 43 augusti
1613 1183 80 31 1951
1716 1193 51 20 av-

505 1245 108 31 sedda
628 1244 195 41 fordringar
837 1242 53 32 till
906 1244 47 29 ett
969 1240 222 40 sammanlagt
1205 1238 128 42 belopp
1349 1248 38 21 av
1403 1237 92 31 1263
1507 1236 126 31 kronor
1646 1235 38 30 77
1699 1235 66 31 öre.

311 1314 197 33 Stockholm
530 1314 66 30 den
617 1314 11 29 1
652 1312 88 42 april
761 1312 90 31 1952.

761 1416 47 30 På
828 1413 275 32 statsutskottets
1126 1413 135 39 vägnar:

773 1499 184 33 MARTIN
983 1495 271 35 SKOGLUND.

315 1743 65 32 Vid
407 1742 219 41 förestående
654 1740 146 32 ärendes
828 1736 282 40 slutbehandling
1140 1736 92 31 inom
1264 1734 165 32 utskottet
1459 1734 85 30 hava
1572 1730 149 32 närvarit

314 1803 74 30 från
417 1803 138 31 första
582 1801 206 30 kammaren:
829 1799 117 32 herrar
974 1796 85 32 Karl
1088 1794 210 37 Andersson,
1330 1792 126 32 Gustaf
1484 1790 180 37 Karlsson,
1693 1788 82 33 Näs-

257 1844 94 41 gård,
376 1843 123 37 Ohlon,
524 1842 120 33 fröken
666 1840 211 37 Andersson,
899 1839 119 31 herrar
1039 1837 166 36 Leander,
1229 1836 81 32 Eric
1333 1834 155 37 Ericson,
1513 1832 156 36 Pålsson,
1694 1830 82 32 Näs-

258 1888 119 34 ström,
407 1885 124 43 Bergh,
563 1883 219 37 Hesselbom,
813 1882 137 40 Ragnar
980 1881 159 35 Persson,
1171 1877 86 33 Axel
1289 1876 209 33 Andersson,
1530 1874 114 33 Edvin
1676 1872 100 32 Thun

260 1929 63 32 och
345 1929 182 41 Bergman;
551 1928 90 31 samt

314 1988 75 31 från
414 1986 131 32 andra
568 1986 205 32 kammaren:
811 1983 116 32 herrar
954 1980 179 43 Skoglund
1158 1980 11 31 i
1193 1979 225 46 Doverstorp,
1444 1976 114 37 Ward,
1584 1974 194 45 Malmborg

260 2031 11 30 i
298 2029 149 37 Skövde,
476 2028 209 42 Bergström,
714 2026 200 31 Andersson
943 2024 10 31 i
981 2023 139 36 Malmö,
1148 2022 133 31 Boman
1308 2020 12 32 i
1346 2019 142 41 Kieryd,
1518 2018 220 31 Mårtensson
1767 2026 9 19 1

262 2071 201 37 Uddevalla,
498 2070 176 31 Svensson
704 2069 12 30 i
750 2066 213 42 Ljungskile,
997 2064 195 35 Lindholm,
1226 2061 212 37 Rubbestad,
1472 2059 109 37 Ståhl,
1615 2059 161 39 Staxäng,

263 2114 207 36 Äkerström,
496 2113 198 31 Johansson
720 2110 11 31 i
756 2109 160 43 Mysinge
939 2107 66 33 och
1030 2107 167 41 'Thapper.

719 2510 130 20 Stockholm
866 2509 59 18 1932.
941 2500 29 28 K.
985 2508 21 18 L.
1024 2508 126 18 Beckmans
1164 2505 161 23 Boktryckeri,
