1906 2788
1638 191 15 9 ”

601 189 263 29 Staltsutskottets
890 187 165 32 utlåtende
1079 200 38 17 nr
1143 192 47 27 75.
1635 203 20 16 3

393 260 54 32 till
464 261 187 32 försvarets
668 260 293 46 civilförvaltning
977 263 171 33 inbetalar
1164 265 19 30 2
1196 264 62 32 000
1275 265 135 37 kronor,
1429 265 129 32 befrias
1576 267 76 30 från

393 312 216 32 återstående
634 313 426 44 skadeståndsskyldighet
1084 315 54 32 till
1162 316 131 32 kronan
1316 318 44 41 på
1383 316 109 43 grund
1516 328 41 20 av
1582 317 70 31 råd-

389 365 197 32 husrättens
607 366 11 30 i
638 365 200 32 Eskilstuna
860 367 79 31 dom
958 367 66 32 den
1045 368 41 31 24
1106 367 150 33 februari
1279 369 92 37 1941;

431 417 33 41 g)
491 419 51 29 att
561 417 260 42 flaggjunkaren
845 418 146 42 Magnus
1014 419 222 43 Strandberg,
1259 420 118 32 därest
1396 421 68 31 han
1486 422 93 30 inom
1601 421 52 32 tid

389 480 73 20 som
480 468 126 44 Kungl.
625 469 101 42 Maj:t
744 469 206 34 bestämmer
967 472 153 42 erlägger
1138 472 93 31 1044
1248 473 126 31 kronor
1387 473 42 31 50
1440 474 67 36 öre,
1522 473 129 32 befrias

389 522 74 30 från
481 521 217 32 återstående
716 523 409 42 ersättningsskyldighet
1143 526 41 40 på
1205 525 110 39 grund
1334 535 39 20 av
1394 524 259 33 rådhusrättens

391 574 7 29 i
418 572 209 33 Karlskrona
647 573 80 33 dom
745 575 66 31 den
829 576 38 30 21
886 586 91 21 mars
997 576 92 37 1950;

431 625 35 41 h)
489 629 52 28 att
558 626 139 32 Samuel
714 627 92 31 John
826 627 167 32 Emanuel
1012 628 193 31 Arvidsson
1226 629 128 31 befrias
1372 631 75 29 från
1464 629 128 31 honom
1611 632 42 39 på

389 678 110 41 grund
524 689 40 20 av
589 679 11 30 i
625 679 379 42 statsrådsprotokollet
1029 682 81 30 över
1134 680 303 32 försvarsärenden
1463 681 53 31 för
1542 681 66 32 den
1635 682 16 31 1

391 730 149 32 februari
574 730 81 32 1952
686 731 197 32 omförmält
913 731 180 42 olycksfall
1126 733 188 41 regressvis
1347 732 156 31 åvilande
1536 735 117 30 ersätt-

389 781 302 43 ningsskyldighet
707 782 56 33 till
785 781 472 44 riksförsäkringsanstalten;

432 835 23 39 1)
480 837 52 29 att
553 834 133 32 Gustav
707 835 92 31 Arne
822 835 141 32 Granell
985 836 129 31 befrias
1136 837 76 31 från
1234 836 127 31 honom
1383 839 43 39 på
1447 837 111 41 grund
1578 849 41 19 av
1642 837 11 30 i

388 886 381 42 statsrådsprotokollet
802 889 82 30 över
919 888 302 32 försvarsärenden
1258 890 54 30 för
1347 888 64 31 den
1450 889 14 30 1
1502 889 151 31 februari

390 938 80 31 1952
496 939 203 31 omförmäld
725 939 282 41 olyckshändelse
1036 940 188 41 regressvis
1250 940 156 31 åvilande
1432 941 220 41 ersättnings-

388 989 195 43 skyldighet
606 990 55 32 till
682 991 470 42 riksförsäkringsanstalten;

430 1042 25 41 J)
481 1045 52 29 att
555 1042 358 33 underofficerskåren
933 1043 58 31 vid
1013 1043 92 31 Göta
1125 1044 279 41 pansarlivgarde
1427 1044 128 31 befrias
1577 1045 76 30 från

388 1094 103 32 kåren
511 1097 44 38 på
574 1094 110 42 grund
704 1106 41 20 av
766 1095 90 31 Svea
874 1095 154 32 hovrätts
1050 1096 78 31 dom
1150 1095 66 31 den
1237 1096 38 31 27
1296 1096 87 41 april
1407 1096 78 31 1951
1508 1107 144 30 regress-

388 1146 51 30 vis
457 1145 157 32 åvilande
632 1146 409 43 ersättningsskyldighet
1060 1146 52 33 till
1132 1147 519 42 fortifikationsförvaltningen;

430 1198 32 41 k)
489 1200 53 30 att
564 1198 226 41 fanjunkaren
814 1199 38 31 E.
878 1198 44 33 H.
948 1199 181 42 Forsberg,
1156 1199 114 32 därest
1296 1200 64 31 han
1387 1200 92 31 inom
1504 1200 51 32 tid
1577 1211 76 20 som

387 1250 126 41 Kungl.
537 1250 103 42 Maj:t
657 1249 214 38 bestämmer,
889 1250 56 32 till
966 1251 186 32 försvarets
1172 1251 294 43 civilförvaltning
1483 1252 170 31 inbetalar

386 1302 63 31 200
469 1302 136 38 kronor,
629 1302 130 32 befrias
784 1303 74 31 från
882 1303 116 31 vidare
1023 1303 411 42 ersättningsskyldighet
1458 1302 108 44 enligt
1591 1305 63 30 för-

390 1357 130 29 svarets
538 1354 311 42 civilförvaltnings
867 1355 113 32 beslut
1000 1355 66 31 den
1084 1355 21 31 5
1122 1355 74 42 juni
1216 1356 91 31 1951.

186 1456 66 41 3:0)
280 1457 241 41 Avskrivning
542 1469 42 20 av
609 1460 91 29 vissa
724 1458 87 31 krav
836 1459 227 31 beträffande
1088 1460 147 39 oriktigt
1259 1460 182 32 utbetalda
1464 1461 191 41 familjebi-

134 1509 89 40 drag
239 1520 47 20 m.
305 1520 48 20 m.
385 1509 126 41 Kungl.
532 1509 102 41 Maj:t
650 1510 61 31 har
729 1509 179 42 föreslagit
923 1510 181 41 riksdagen
1129 1511 122 42 (punkt
1269 1513 50 39 13)
1343 1512 165 41 medgiva,
1526 1515 52 30 att
1594 1513 56 31 vid

135 1560 40 31 de
196 1571 40 20 av
256 1561 201 31 statsmedel
477 1560 76 32 med
574 1561 79 32 stöd
675 1573 39 19 av
734 1561 126 42 Kungl.
883 1561 118 42 Maj:ts
1022 1562 117 32 beslut
1158 1564 66 30 den
1245 1564 40 30 22
1305 1564 73 41 juni
1402 1565 81 30 1944
1503 1565 62 31 och
1586 1565 66 31 den

134 1613 41 30 30
199 1612 75 41 juni
302 1613 80 31 1947
408 1613 197 41 gottgjorda
631 1613 146 42 oriktiga
803 1613 255 42 utbetalningar
1082 1626 41 19 av
1153 1615 251 41 familjebidrag
1430 1627 40 20 m.
1498 1628 53 22 m.,
1579 1627 71 21 som

134 1675 79 21 avse
233 1664 51 32 tid
306 1665 72 31 före
398 1665 69 31 den
489 1666 13 29 1
525 1665 64 41 juli
612 1666 90 37 1946,
723 1668 53 28 må
796 1666 91 31 bero.

188 1768 133 32 Genom
353 1768 82 32 brev
469 1768 67 35 den
568 1769 40 31 22
641 1769 75 41 juni
751 1770 81 31 1944
864 1769 52 32 till
949 1769 194 34 dåvarande
1176 1773 133 29 statens
1343 1771 309 33 arbetsmarknads-

134 1819 225 33 kommission
396 1820 199 32 meddelade
630 1820 128 42 Kungl.
793 1816 104 47 Maj:t
929 1821 260 33 bestämmelser
1213 1823 145 31 rörande
1384 1823 192 43 ersättning
1600 1824 53 31 för

134 1871 94 32 vissa
254 1871 144 43 oriktigt
424 1872 177 32 utbetalda
630 1872 256 42 familjebidrag
911 1884 42 20 m.
982 1883 42 21 m.
1052 1876 53 29 att
1131 1873 90 42 gälla
1248 1875 39 31 fr.
1318 1885 28 20 o.
1375 1885 42 21 m.
1447 1875 66 31 den
1543 1876 15 31 1
1587 1875 65 42 juli

135 1924 82 31 1944
251 1927 79 29 to.
378 1934 42 21 m.
456 1923 67 33 den
558 1924 43 32 30
635 1923 196 43 september
866 1924 90 32 1945.
993 1925 314 33 Bestämmelserna
1343 1926 167 32 inneburo
1546 1927 106 32 bland

134 1978 105 29 annat
276 1975 163 42 följande.
481 1975 205 42 Ersättning
722 1975 113 33 kunde
875 1977 81 41 utgå
992 1976 55 32 till
1085 1976 161 34 kommun
1286 1978 55 31 för
1375 1978 74 32 icke
1487 1979 11 31 i
1537 1979 116 42 vanlig

134 2026 147 42 ordning
314 2027 177 42 gottgjord
525 2026 128 43 oriktig
688 2027 217 43 utbetalning
940 2039 41 21 av
1016 2028 255 43 familjebidrag
1307 2029 109 42 enligt
1452 2030 82 32 1940
1567 2031 86 31 eller

134 2079 82 31 1942
240 2080 54 31 års
318 2079 615 43 krigsfamiljebidragsförordningar
958 2083 90 30 samt
1070 2080 215 35 hemortslön
1310 2081 109 42 enligt
1440 2081 68 32 den
1532 2093 119 21 senare

134 2130 256 42 förordningen.
417 2131 265 42 Förutsättning
707 2132 53 31 för
786 2131 192 42 ersättning
1003 2142 67 27 var,
1097 2135 51 29 att
1172 2132 113 33 denna
1310 2133 181 32 föranletts
1514 2146 43 20 av
1580 2136 71 29 när-

134 2193 90 20 mare
245 2183 139 41 angivet
404 2182 158 42 felaktigt
581 2183 198 31 förfarande
799 2194 40 20 av
859 2183 129 33 militär
1009 2183 211 42 myndighet,
1243 2183 107 33 vilket
1370 2184 282 43 familjebidrags-

134 2233 170 32 nämnden
327 2234 73 31 icke
423 2234 154 41 skäligen
600 2234 81 32 bort
699 2234 76 32 inse
799 2234 43 32 ha
864 2234 176 42 förelegat.
1064 2234 144 32 Ändock
1230 2238 51 29 att
1303 2236 95 41 fråga
1420 2236 73 32 icke
1516 2248 59 20 var
1598 2248 52 20 om

134 2285 123 32 sådant
276 2284 159 43 felaktigt
455 2286 196 31 förfarande
673 2285 113 32 kunde
807 2286 192 41 ersättning
1019 2288 82 39 utgå
1119 2287 55 30 för
1194 2286 127 41 oriktig
1341 2287 217 43 utbetalning
1577 2299 74 20 som

134 2337 93 31 skett
250 2337 73 31 före
348 2337 66 31 den
441 2338 13 30 1
482 2347 89 21 mars
598 2337 90 37 1943,
715 2337 116 31 därest
854 2337 59 31 det
936 2337 78 31 med
1037 2337 134 41 hänsyn
1199 2337 51 32 till
1277 2338 338 41 omständigheterna
1640 2339 12 31 i

134 2388 60 32 det
218 2388 169 31 särskilda
413 2388 98 32 fallet
535 2390 108 29 måste
671 2399 99 21 anses
799 2388 200 42 uppenbart,
1029 2391 50 29 att
1107 2389 444 42 familjebidragsnämnden
1579 2391 72 30 icke

135 2440 129 31 kunnat
292 2440 114 40 undgå
433 2440 64 31 den
529 2439 143 42 oriktiga
704 2440 270 41 utbetalningen.
1003 2440 264 41 Förutsättning
1296 2443 53 29 för
1376 2441 192 42 ersättning
1594 2453 59 21 var

135 2491 124 38 vidare,
292 2491 104 32 bland
427 2495 111 34 annat,
570 2495 52 29 att
653 2489 443 45 familjebidragsnämnden
1127 2494 42 40 på
1201 2492 203 33 statsverket
1438 2493 131 34 överlät
1598 2494 51 33 sin
