1886 2824
257 166 41 31 36

412 262 122 36 (Kungl.
559 262 103 35 Maj:ts
679 261 145 36 förslag.)

310 318 35 40 3)
369 329 55 20 om
447 317 212 32 tillsättande
672 317 64 31 och
749 316 241 42 entledigande

257 380 40 20 av
323 368 106 32 andra
456 368 338 41 befattningshavare
810 369 42 30 än
875 378 116 20 ansva-

256 419 72 41 riga
350 419 112 32 läkare
486 418 63 32 och
571 419 238 37 underläkare;

308 471 35 39 4)
367 481 54 20 om
454 469 152 41 ledighet
639 469 52 31 för
723 468 268 41 befattningsha-

256 531 78 21 vare
368 520 63 32 och
466 520 164 41 tillfälligt
663 519 252 42 uppehållande
950 530 40 20 av

256 571 203 41 befattning;

309 623 34 39 5)
368 633 53 19 om
444 621 380 41 befattningshavarnas
844 620 146 41 åliggan-

257 672 80 38 den;
363 673 87 31 samt

309 723 34 39 6)
374 733 54 21 om
463 722 41 31 de
538 722 212 41 handlingar,
786 733 73 21 som
894 722 97 31 skola

257 773 171 31 avlämnas
463 773 56 31 vid
542 773 187 41 intagning,
758 772 64 32 och
845 783 55 20 om
924 772 66 31 den

257 824 154 41 ordning,
435 823 70 31 vari
529 824 105 31 sådan
659 823 85 32 skall
768 823 69 32 ske.

689 167 103 28 Andra
814 167 195 36 lagutskottets
1029 167 146 28 utlåtande
1197 167 47 27 Nr
1268 167 48 27 35.

1226 260 170 33 (Utskottets
1411 260 145 37 förslag.)

1077 317 36 40 3)
1146 327 48 21 om
1227 316 216 41 upprättande
1476 328 41 21 av
1541 316 130 42 förslag
1710 319 50 31 till

1027 367 314 41 underläkartjänst;

1078 418 35 40 4)
1137 428 55 20 om
1209 417 213 32 tillsättande
1438 419 65 30 och
1519 418 240 43 entledigande

1027 479 40 20 av
1089 468 106 31 andra
1217 468 337 42 befattningshavare
1577 472 42 29 än
1643 480 116 21 ansva-

1025 518 71 42 riga
1119 518 113 32 läkare
1257 519 64 31 och
1343 519 238 39 underläkare;

1077 570 34 40 5)
1146 580 55 21 om
1235 569 152 42 ledighet
1419 570 54 31 för
1494 570 266 43 befattningsha-

1026 631 76 20 vare
1119 620 63 32 och
1199 620 165 41 tillfälligt
1379 621 253 41 uppehållande
1648 633 42 20 av
1704 622 56 32 be-

1026 670 159 42 fattning;

1079 721 33 34 6)
1147 732 54 20 om
1219 721 380 42 befattningshavarnas
1614 723 146 42 åliggan-

1027 771 78 38 den;
1131 774 90 29 samt

1079 824 33 38 7)
1136 833 55 20 om
1215 823 43 31 de
1281 823 211 42 handlingar,
1511 835 73 20 som
1601 825 96 32 skola
1709 837 51 20 av-

1025 873 131 31 lämnas
1189 873 58 32 vid
1283 873 187 43 intagning,
1506 874 64 31 och
1603 886 55 20 om
1693 876 66 32 den

1027 923 153 42 ordning,
1205 924 71 31 vari
1300 922 105 33 sådan
1430 925 86 31 skall
1540 925 67 32 ske.

765 1030 485 48 Övergångsbestämmelser.

962 1116 38 30 21
1024 1114 28 42 8.

309 1167 122 31 Denna
453 1166 55 41 lag
531 1166 113 31 träder
666 1166 11 30 i
700 1166 89 31 kraft
812 1165 66 32 den
904 1166 13 30 1
941 1165 133 42 januari
1098 1166 89 31 1929.

309 1217 132 32 Genom
476 1216 111 32 denna
619 1217 55 41 lag
707 1216 177 42 upphäves
907 1216 64 31 vad
994 1216 11 31 i
1028 1216 306 42 lasarettsstadgan
1357 1217 66 31 den
1448 1218 38 31 18
1510 1217 143 32 oktober
1678 1218 80 31 1901

256 1268 51 42 (nr
339 1267 60 42 83),
434 1267 324 42 sjukstugestadgan
792 1266 65 32 den
894 1266 37 31 18
966 1266 142 32 oktober
1136 1266 79 31 1901
1241 1265 51 43 (nr
1315 1266 58 42 84),
1398 1267 361 43 tuberkulossjukhus-

257 1319 142 41 stadgan
423 1318 66 32 den
515 1319 37 30 17
576 1318 181 31 december
782 1317 79 32 1915
884 1317 52 41 (nr
958 1316 72 42 613)
1053 1317 63 31 och
1142 1317 533 43 tuberkulossjukstugustadgan
1692 1319 68 31 den

257 1371 37 30 17
329 1369 179 32 december
542 1369 80 31 1915
645 1367 51 42 (nr
719 1367 72 42 614)
814 1368 82 31 eller
919 1368 99 41 eljest
1040 1367 11 31 i
1074 1368 54 40 lag
1151 1367 83 32 eller
1256 1367 201 43 författning
1480 1369 110 32 finnes
1613 1369 145 42 stadgat,

255 1431 74 21 som
354 1419 123 32 strider
500 1420 71 30 mot
593 1419 113 31 denna
727 1419 64 40 lag.

960 1505 39 30 22
1022 1503 29 42 8.

307 1555 133 33 Jämväl
457 1555 85 32 efter
557 1555 118 41 lagens
691 1554 269 32 ikraftträdande
977 1554 94 39 skall,
1088 1555 11 31 i
1116 1554 65 32 den
1199 1556 78 30 mån
1294 1555 29 41 ej
1342 1555 195 42 Konungen
1554 1556 206 32 annorledes

255 1606 187 39 förordnar,
477 1606 92 31 inom
603 1606 91 40 varje
728 1605 344 41 landstingsområde,
1107 1607 36 29 så
1178 1605 63 31 ock
1274 1605 12 31 i
1310 1606 85 38 stad,
1421 1617 73 20 som
1519 1606 28 42 ej
1573 1606 187 42 deltager
1739 1601 23 51 i

255 1657 182 41 landsting,
471 1657 110 31 finnas
616 1656 148 32 särskild
797 1667 40 20 av
869 1656 212 41 landstinget
1114 1655 82 32 eller
1230 1656 121 31 staden
1374 1656 119 32 driven
1517 1657 243 42 upptagnings-

256 1708 127 31 anstalt
404 1707 53 32 för
480 1707 218 41 sinnessjuka
721 1706 83 32 eller
827 1706 63 31 ock
912 1706 57 32 vid
992 1708 103 39 något
1117 1717 40 20 av
1179 1706 212 42 landstinget
1413 1707 84 31 eller
1513 1708 119 31 staden
1649 1707 111 32 drivet

256 1758 144 42 sjukhus
422 1769 78 20 vara
523 1758 176 31 anordnad
722 1757 182 42 avdelning
926 1757 53 31 för
1002 1757 147 42 tillfällig
1170 1756 83 32 vård
1276 1768 41 20 av
1333 1757 127 32 sådana
1476 1758 106 41 sjuka.
1606 1750 30 39 Å
1652 1758 107 32 sådan

257 1808 370 43 sjukvårdsinrättning
660 1808 96 32 skola
790 1808 303 31 bestämmelserna
1125 1807 11 31 i
1171 1807 114 32 denna
1317 1808 55 41 lag
1404 1808 10 31 i
1439 1808 203 42 tillämpliga
1666 1808 95 32 delar

256 1859 102 32 lända
381 1859 51 31 till
456 1859 235 31 efterrättelse.

311 1910 67 31 Till
401 1910 157 41 ansvarig
579 1909 114 32 läkare
716 1909 57 31 vid
796 1909 127 31 anstalt
945 1909 83 31 eller
1051 1908 190 41 avdelning,
1268 1920 73 20 som
1359 1920 87 21 ovan
1463 1911 102 40 sagts,
1583 1912 53 29 må
1653 1909 107 32 direk-

258 1961 117 31 tionen
409 1960 52 32 för
494 1960 70 31 viss
597 1960 49 31 tid
678 1962 122 39 antaga
822 1959 215 42 legitimerad
1059 1959 121 38 läkare,
1205 1959 114 32 vilken
1343 1971 40 20 av
1406 1960 353 42 medicinalstyrelsen

257 2011 181 32 förklarats
461 2011 115 31 därtill
599 2011 209 41 kompetent.

961 2070 40 31 23
1023 2068 28 43 8.

311 2122 25 30 1.
382 2121 310 31 Bestämmelserna
715 2121 10 30 i
749 2122 18 30 6
789 2120 22 42 8
833 2120 85 32 sista
952 2120 132 42 stycket
1117 2120 97 32 skola
1247 2120 74 32 icke
1347 2123 61 39 äga
1431 2120 219 42 tillämpning
1671 2121 12 31 i
1707 2132 51 20 av-

258 2171 125 33 seende
406 2173 19 29 å
448 2171 154 41 sjukhus,
627 2182 74 20 som
724 2171 159 31 inrättats
906 2171 72 31 före
1002 2170 66 32 den
1093 2172 14 29 1
1131 2171 135 41 januari
1291 2172 88 31 1929.

312 2223 27 30 2.
385 2222 100 38 Taxa,
511 2233 73 20 som
607 2222 11 30 i
644 2223 38 30 12
704 2221 21 42 8
749 2223 87 40 sägs,
861 2223 54 29 må
938 2220 152 33 utfärdas
1113 2221 105 32 redan
1241 2222 73 31 före
1337 2222 66 31 den
1428 2223 15 30 1
1467 2222 133 41 januari
1624 2223 90 31 1929.

312 2272 50 32 De
397 2276 100 34 taxor,
532 2284 65 20 som
629 2283 90 21 avses
741 2273 13 31 i
776 2275 42 29 18
840 2273 31 40 $,
902 2273 89 31 skola
1084 2272 102 37 Taxa,
1220 2283 66 21 som
1319 2284 89 20 avses
1440 2272 14 32 i
1479 2276 42 28 19
1542 2273 31 41 $,
1606 2273 86 32 skall
1718 2284 42 20 av

260 2335 40 20 av
333 2323 352 41 medicinalstyrelsen
715 2323 152 32 utfärdas
890 2323 11 31 i
924 2323 67 41 god
1028 2323 355 42 medicinalstyrelsen
1407 2323 153 32 utfärdas
1583 2324 11 31 i
1616 2324 68 41 god
1707 2323 52 32 tid

260 2373 51 32 tid
333 2374 72 31 före
429 2374 105 41 sagda
556 2374 73 41 dag.
1028 2374 71 32 före
1122 2374 105 41 sagda
1251 2374 73 42 dag.

309 2424 19 31 I
361 2424 65 32 den
460 2426 77 29 mån
561 2424 58 32 det
642 2424 170 32 erfordras
834 2425 53 31 för
909 2436 46 20 nu
979 2425 222 31 omförmälda
1223 2427 116 30 taxors
1362 2425 202 32 utfärdande
1587 2425 96 32 skola
1705 2425 54 32 be-

260 2475 256 31 stämmelserna
539 2475 11 31 i
573 2476 19 30 3
616 2475 64 31 och
703 2476 19 29 4
745 2474 44 42 88
811 2477 120 39 genast
954 2475 97 32 träda
1073 2475 11 31 i
1106 2475 228 42 tillämpning.
