1890 2828
560 168 101 27 Andra
685 168 193 34 lagutskottets
901 169 146 27 utlåtande
1069 169 45 27 Nr
1139 170 46 27 35.
1597 169 37 30 13

129 238 120 31 chefen
273 250 116 19 menar
412 239 78 31 med
513 242 50 29 att
585 241 163 39 förslaget
776 241 114 31 »torde
914 241 165 31 innefatta
1102 254 41 18 en
1169 243 177 40 möjlighet
1363 243 49 31 till
1431 244 205 41 förbättring

130 292 40 19 av
194 281 223 40 sjukvården»
444 282 125 31 förstår
590 283 56 40 jag
669 283 82 37 icke,
782 283 4 31 i
811 283 65 31 den
901 285 77 29 mån
1003 285 169 40 uttrycket
1195 285 151 37 innebär,
1371 288 49 28 att
1443 286 57 31 vid
1521 286 114 31 odelat

129 323 141 31 lasarett
293 335 42 19 en
359 323 206 42 förbättring
588 336 39 19 av
651 325 126 31 vården
802 326 52 30 för
876 325 149 31 invärtes
1049 326 98 40 sjuka
1170 327 197 39 härigenom
1391 327 110 32 skulle
1525 331 108 29 ernås.

130 364 200 32 Förbättras
364 377 122 28 genom
522 366 161 41 förslaget
717 378 200 20 resurserna
946 368 51 30 för
1020 368 101 31 dessa
1145 369 117 39 sjukas
1285 369 230 41 behandling?
1559 371 74 40 Nej.

129 407 148 30 Komma
306 407 41 30 de
382 410 49 28 att
464 408 123 31 vårdas
622 420 39 19 av
696 420 71 19 mer
791 409 199 41 kompetent
1014 421 123 29 person
1162 413 42 28 än
1229 411 111 31 förut?
1384 411 75 41 Nej.
1505 412 130 31 Under-

130 449 137 30 läkaren
291 449 67 30 blir
381 450 29 39 ej
436 450 268 40 kompetentare,
729 450 115 31 därför
860 453 49 29 att
925 451 67 31 han
1009 452 107 30 kallas
1132 452 202 31 biträdande
1351 453 282 32 lasarettsläkare.

130 490 82 30 Man
240 491 65 30 kan
334 491 29 40 ej
399 491 107 30 heller
529 492 52 30 till
604 492 65 30 den
698 492 203 31 biträdande
925 493 510 42 lasarettsläkarebefattningen
1459 495 120 30 tänkas
1602 496 33 30 få

133 543 42 19 en
198 532 360 32 invärtesmedicinskt
581 545 70 19 mer
674 534 201 40 kompetent
891 545 125 29 person
1032 537 42 28 än
1092 536 52 30 till
1160 546 42 20 en
1220 537 416 40 underläkarebefattning

129 585 40 19 av
204 573 82 38 skäl,
315 584 73 20 som
421 575 57 39 jag
511 586 83 30 nyss
628 575 120 31 anfört.
795 576 76 30 Den
900 576 87 31 enda
1011 577 190 31 skillnaden
1226 578 52 31 för
1301 578 41 31 de
1365 578 149 31 invärtes
1538 579 97 40 sjuka

129 615 76 37 blir,
230 618 50 28 att
303 615 41 31 de
367 616 142 31 alldeles
526 617 32 30 få
573 628 78 20 vara
668 619 82 29 utan
767 618 318 31 lasarettsläkarens
1101 619 90 35 vård,
1206 620 113 30 vilken
1332 621 41 30 de
1389 621 92 30 förut
1493 621 143 31 kommit

134 657 5 6 .
179 659 9 7 si
241 658 5 5 a
467 658 5 6 .
537 660 13 5 a
777 659 5 6 É
988 662 13 4 Gå
1076 660 6 6 :
1226 663 7 9 3
1433 664 13 5 på
1633 655 20 16 e

131 669 11 18 i
176 657 201 41 åtnjutande
401 669 40 20 av
464 669 11 20 i
500 661 108 29 större
633 660 83 30 eller
739 660 132 30 mindre
896 661 244 39 utsträckning.
1186 661 54 31 Då
1263 662 110 31 denne
1397 662 116 32 städse
1537 663 97 31 torde

130 710 79 20 vara
232 710 72 20 mer
326 700 147 31 förfaren
498 702 42 29 än
565 701 74 31 sina
662 701 234 38 underläkare,
922 704 84 29 även
1029 703 10 30 i
1063 703 150 31 invärtes
1237 704 155 38 medicin,
1418 706 36 29 är
1470 704 58 31 det
1545 707 90 29 svårt

129 743 50 28 att
202 741 84 36 inse,
311 743 111 30 varuti
445 743 154 31 fördelen
623 744 52 30 för
698 744 42 31 de
764 744 98 41 sjuka
884 744 129 41 ligger.

182 799 52 31 De
258 801 222 40 synpunkter,
495 812 74 20 som
592 802 179 31 framföras
794 803 11 30 i
822 803 184 37 motionen,
1024 805 290 30 överensstämma
1329 806 212 40 väsentligen
1558 806 77 31 med

129 849 88 39 dem,
250 861 73 20 som
347 851 133 41 anlagts
504 862 40 20 av
568 852 153 31 Svenska
744 853 201 41 föreningen
968 854 52 30 för
1042 854 150 31 invärtes
1216 855 147 31 medicin
1387 855 63 31 och
1474 867 76 19 vars
1573 858 63 39 ytt-

129 900 106 31 rande
268 900 11 31 i
313 903 114 29 ämnet
460 902 179 31 refererats
670 903 10 30 i
715 903 271 41 propositionen,
1021 904 112 31 vartill
1164 905 170 31 utskottet
1356 905 206 32 härutinnan
1585 906 51 30 får

128 950 152 32 hänvisa.

182 1001 18 30 I
223 1001 186 41 anledning
442 1013 40 19 av
518 1002 211 32 sistberörda
761 1003 159 41 yttrande
949 1004 61 30 har
1037 1004 120 31 chefen
1181 1005 53 31 för
1256 1006 379 41 socialdepartementet

129 1051 129 31 anfört:

188 1101 197 42 »Förslaget
408 1104 49 29 att
480 1102 126 32 inrätta
629 1103 203 32 biträdande
856 1104 170 32 lasaretts-
1050 1105 64 31 och
1138 1107 498 42 sanatorieläkarbefattningar

131 1143 99 31 torde
253 1144 166 31 innefatta
443 1156 42 20 en
509 1145 178 42 möjlighet
710 1146 53 31 till
786 1146 207 42 förbättring
1015 1159 40 19 av
1079 1148 214 41 sjukvården.
1338 1149 67 32 Vid
1429 1150 123 31 sådant
1573 1150 62 31 för-

130 1186 160 31 hållande
326 1197 102 30 synes
462 1187 59 31 det
555 1188 69 41 mig
656 1188 75 31 icke
765 1188 194 42 försvarligt
992 1192 49 29 att
1063 1190 57 31 vid
1144 1190 116 32 odelat
1281 1191 140 32 lasarett
1443 1194 96 29 avstå
1561 1192 74 31 från

129 1227 115 32 denna
277 1228 178 41 möjlighet
489 1229 145 32 allenast
661 1230 53 31 för
736 1232 51 29 att
809 1231 173 31 bibehålla
1005 1234 49 29 ett
1076 1232 151 32 indirekt
1250 1234 234 41 tvångsmedel
1507 1234 53 31 till
1582 1235 54 31 be-

129 1270 189 41 främjande
347 1282 40 20 av
410 1282 41 20 en
476 1273 90 30 ännu
589 1272 113 31 bättre
725 1284 78 19 men
827 1273 103 31 också
952 1274 78 31 vida
1052 1275 247 31 kostsammare
1323 1276 199 41 anordning,
1547 1278 89 30 näm-

128 1311 92 41 ligen
254 1312 211 32 inrättandet
498 1324 40 21 av
561 1314 168 31 särskilda
751 1315 212 32 medicinska
985 1316 228 42 avdelningar.
1259 1318 81 30 Med
1363 1319 192 31 kännedom
1579 1330 55 20 om

129 1353 240 42 landstingens
407 1355 148 32 intresse
596 1356 52 31 för
688 1358 49 29 att
775 1357 236 32 åstadkomma
1048 1370 42 19 en
1124 1359 317 32 tillfredsställande
1475 1360 161 42 sjukvård

130 1406 103 31 synes
257 1407 78 20 man
358 1397 29 40 ej
412 1397 109 31 heller
543 1398 85 31 hava
650 1398 148 42 befogad
821 1400 185 41 anledning
1028 1403 50 29 att
1100 1401 124 39 befara,
1241 1404 49 28 att
1305 1402 229 41 landstingen,
1551 1405 84 29 även

129 1449 56 20 om
208 1438 203 32 biträdande
439 1440 327 42 läkarbefattningar
788 1441 143 32 inrättas
955 1442 11 31 i
989 1443 152 41 enlighet
1168 1444 79 31 med
1270 1444 363 42 sakkunnigförslaget,

130 1480 97 31 skola
249 1481 180 31 underlåta
451 1483 51 30 att
524 1484 44 39 på
590 1483 42 31 de
656 1483 134 38 ställen,
814 1484 61 31 där
898 1484 59 31 det
979 1486 37 30 är
1038 1486 158 41 påkallat,
1221 1486 183 42 tillgodose
1426 1487 149 32 behovet
1594 1499 41 20 av

130 1523 360 32 invärtesmedicinskt
513 1525 177 32 utbildade
713 1525 303 33 lasarettsläkare.»

182 1598 67 31 Till
283 1599 58 31 det
374 1599 11 31 i
419 1600 263 41 propositionen
709 1601 120 41 gjorda
851 1602 193 32 uttalandet
1065 1603 66 31 kan
1155 1604 168 31 utskottet
1346 1605 211 41 väsentligen
1580 1616 54 20 an-

129 1649 92 32 sluta
244 1649 60 41 sig.
350 1650 180 31 Utskottet
553 1651 61 31 har
637 1651 100 32 alltså
760 1652 114 31 funnit
897 1653 53 40 sig
971 1653 74 31 icke
1068 1654 115 31 kunna
1207 1655 171 41 tillstyrka
1400 1656 233 31 motionärens

128 1699 256 41 ifrågavarande
407 1701 160 41 yrkande.
1165 1713 3 3 |

181 1750 18 30 I
232 1752 49 29 ett
315 1753 103 29 annat
451 1752 168 31 avseende
653 1752 62 31 har
749 1753 154 31 däremot
936 1765 41 20 en
1011 1754 146 42 ändring
1179 1766 40 20 av
1242 1756 199 41 paragrafen
1465 1759 97 40 synts
1587 1759 47 29 ut-

128 1800 130 32 skottet
291 1801 197 31 motiverad.
534 1802 76 31 Den
645 1803 308 42 omständigheten,
989 1807 49 28 att
1070 1805 53 31 för
1145 1805 230 42 befattningar
1398 1809 113 29 såsom
1534 1807 100 31 biträ-

127 1850 112 32 dande
262 1851 169 32 lasaretts-
455 1852 82 31 eller
560 1853 286 32 sanatorieläkare
863 1854 152 42 skäligen
1031 1857 108 30 måste
1155 1856 120 32 krävas
1291 1868 92 20 mera
1398 1857 236 32 kvalificerade

127 1901 222 32 läkarkrafter
382 1904 42 29 än
458 1903 53 31 för
534 1903 394 42 underläkartjänsterna
950 1905 11 31 i
985 1906 195 38 allmänhet,
1205 1908 97 31 torde
1325 1908 171 41 knappast
1518 1909 116 31 kunna

127 1952 179 31 underlåta
339 1954 50 30 att
422 1953 161 39 medföra,
618 1956 49 29 att
701 1955 203 41 avlöningen
929 1956 51 31 till
1003 1956 203 33 biträdande
1229 1958 272 33 lasarettsläkare
1525 1961 107 30 måste

128 2004 109 29 sättas
271 2005 103 39 något
407 2004 105 41 högre
546 2006 42 30 än
612 2005 53 31 till
688 2005 114 41 vanlig
823 2006 233 33 underläkare.
1102 2008 121 31 Under
1246 2009 126 31 sådana
1394 2009 238 32 förhållanden

128 2052 98 32 torde
259 2053 211 32 inrättandet
504 2066 40 19 av
577 2055 94 41 dylik
705 2056 193 41 befattning
924 2057 74 31 icke
1020 2058 84 31 böra
1128 2058 59 32 ske
1211 2061 81 29 utan
1319 2062 50 29 att
1395 2062 237 39 representant

127 2103 53 31 för
203 2103 75 39 den,
304 2115 73 20 som
401 2104 112 32 driver
537 2106 188 41 sjukhuset,
750 2107 84 40 givit
857 2107 61 31 sitt
941 2108 223 41 medgivande
1187 2109 124 32 därtill.
1345 2111 18 30 I
1387 2111 151 41 enlighet
1561 2111 71 31 här-

128 2154 77 30 med
228 2154 153 39 föreslås,
406 2157 50 29 att
479 2156 151 31 ansökan
655 2167 54 20 om
734 2157 193 32 inrättande
951 2169 39 20 av
1013 2159 203 32 biträdande
1241 2161 281 41 överläkartjänst
1545 2161 87 32 skall

127 2215 79 20 vara
229 2204 167 42 tillstyrkt
416 2206 124 41 jämväl
564 2218 39 19 av
627 2207 390 43 sjukhusberedningen.

835 2302 39 31 15
896 2301 29 42 8.

179 2356 18 31 I
232 2357 67 31 den
333 2369 40 20 av
406 2359 79 31 herr
507 2359 173 41 Holmgren
704 2360 120 32 väckta
847 2361 175 31 motionen
1046 2362 61 31 har
1129 2362 195 43 föreslagits
1348 2365 218 32 uteslutande
1591 2377 40 20 av

125 2406 60 32 det
217 2407 12 31 i
251 2408 221 32 förevarande
506 2411 155 40 paragraf
694 2411 164 41 stadgade
892 2411 160 32 förbudet
1085 2415 72 29 mot
1189 2414 211 39 lönevillkor,
1435 2416 194 41 varigenom

126 2456 115 32 läkare
268 2458 196 33 förhindras
488 2462 50 29 att
559 2462 102 30 utöva
685 2461 135 32 enskild
843 2462 144 41 praktik,
1012 2474 73 20 som
1109 2475 98 20 avser
1229 2464 210 43 behandling
1461 2466 11 31 i
1495 2466 67 38 fall,
1587 2467 43 31 då

1680 818 162 29 Propositio-

1729 859 58 16 nen.

1691 1620 130 24 Utskottet.

1695 2377 100 23 Motion
