2234 2644
416 208 22 34 4
930 204 221 42 Lagutskottets
1180 203 161 33 Utlåtande
1362 202 63 32 N:o
1449 202 56 31 33.

1114 737 93 39 N:o
1234 735 88 41 33.

1067 890 70 24 Ank.
1155 890 46 24 till
1220 889 94 25 Riksd.
1335 889 90 24 kansli
1445 889 52 24 den
1520 889 29 23 18
1569 887 66 33 april
1656 889 74 30 1895,
1749 889 39 24 kl.
1806 890 14 22 2
1840 897 21 16 e.
1882 896 33 17 m.

628 1029 191 43 Utlåtande,
853 1029 14 34 i
898 1028 186 44 anledning
1116 1026 47 44 af
1181 1027 120 35 väckta
1327 1027 164 34 motioner
1517 1037 53 24 om
1596 1026 152 45 ändring
1775 1026 14 34 i
1817 1026 90 36 vissa
1930 1027 96 35 delar

822 1087 45 43 af
888 1086 257 44 förordningen
1183 1097 55 24 om
1278 1085 334 45 kommunalstyrelse
1644 1086 51 44 på
1732 1085 115 36 landet
1886 1086 66 35 den
1977 1088 49 33 21

822 1157 94 24 mars
943 1147 110 34 1862.

556 1297 133 50 Enligt
726 1294 21 50 $
788 1298 46 35 38
868 1296 12 36 i
908 1294 275 50 förordningen
1213 1307 60 24 om
1302 1293 387 50 kommunalstyrelse
1717 1297 49 46 på
1794 1294 129 37 landet
1951 1294 73 37 den

422 1351 44 35 21
513 1362 101 23 mars
655 1350 95 35 1862
794 1346 146 50 åligger
979 1346 64 36 det
1083 1344 416 37 kommunalnämnden
1535 1349 55 32 att
1617 1345 115 36 hafva
1760 1344 128 50 tillsyn
1918 1344 108 38 öfver

423 1399 142 37 vården
594 1399 71 37 och
692 1397 286 48 förvaltningen
1008 1397 42 36 af
1075 1396 255 36 kommunens
1357 1408 290 37 gemensamma
1666 1395 204 49 egendom,
1891 1395 135 37 kassor

422 1450 72 37 och
521 1449 216 50 tillgångar.

557 1500 159 37 Jemlikt
743 1497 21 49 $
794 1501 47 34 44
868 1499 11 36 i
908 1511 146 24 samma
1081 1497 227 50 förordning
1335 1503 106 31 utser
1468 1497 413 37 kommunalstämman
1910 1497 116 37 bland

423 1551 215 37 nämndens
666 1550 211 37 ledamöter
904 1563 47 23 en
979 1549 233 37 ordförande
1240 1549 72 37 och
1340 1561 46 24 en
1414 1547 83 38 vice
1525 1548 243 37 ordförande.

559 1601 197 49 Härjemte
785 1599 212 38 innehåller
1025 1597 20 48 $&
1075 1601 45 35 56
1148 1599 12 37 i
1184 1599 164 37 berörda
1366 1598 228 50 förordning
1608 1599 171 49 följande
1794 1598 231 50 stadgande:

560 1653 60 36 En
648 1652 95 36 hvar
771 1650 167 38 ledamot
966 1651 42 36 af
1031 1649 417 38 kommunalnämnden
1478 1663 182 24 ansvarar
1679 1655 244 44 gemensamt
1941 1649 86 37 med

426 1704 47 37 de
502 1703 126 49 öfriga
654 1703 59 37 för
740 1701 48 37 de
817 1701 136 47 medel,
981 1701 194 37 nämnden
1203 1701 122 37 under
1354 1700 56 37 sin
1439 1700 236 49 förvaltning
1703 1700 95 47 haft,
1827 1701 199 36 äfvensom

426 1755 59 36 för
514 1754 47 38 de
589 1751 444 50 säkerhetshandlingar,
1064 1756 79 32 mot
1169 1751 152 37 hvilkas
1349 1750 241 49 antaglighet
1617 1751 76 36 han
1720 1751 85 37 icke
1825 1750 56 37 till
1901 1755 127 45 proto-

424 1805 122 37 kollet
586 1804 102 50 gjort
726 1802 266 50 anmärkning.
1045 1803 136 36 Denna
1219 1801 249 49 ansvarighet
1504 1802 137 36 fortfar
1668 1801 59 37 till
1756 1802 88 36 dess
1872 1801 156 37 förvalt-

426 1855 145 49 ningen
612 1854 127 38 blifvit
779 1853 183 50 antingen
1000 1853 42 36 af
1078 1852 416 37 kommunalstämman
1536 1852 103 46 eller,
1681 1866 62 23 om
1781 1851 160 38 klander
1965 1865 63 23 an-

428 1906 143 45 ställes,
601 1906 42 36 af
665 1904 246 50 vederbörlig
938 1903 165 38 domstol
1130 1903 196 50 godkänd,
1355 1902 93 38 eller
1475 1903 72 37 ock
1574 1903 57 36 till
1659 1903 90 37 dess
1778 1907 82 33 natt
1888 1903 68 37 och
1988 1906 40 34 år

428 1957 98 36 efter
567 1956 331 49 räkenskapernas
926 1954 239 38 aflemnande
1194 1954 172 47 förflutit,
1395 1958 92 33 utan
1516 1959 55 32 att
1599 1953 160 38 klander
1786 1953 12 37 i
1826 1953 89 51 laga
1943 1954 84 37 ord-

428 2007 95 50 ning
550 2006 125 38 blifvit
703 2005 179 39 anstäldt.

564 2211 17 35 I
619 2223 47 24 en
702 2209 102 37 inom
833 2208 130 37 Andra
991 2208 233 37 Kammaren
1251 2206 126 47 väckt,
1405 2206 56 37 till
1490 2206 274 49 lagutskottets
1792 2205 237 49 behandling

430 2260 187 38 hänvisad
659 2260 155 47 motion,
852 2272 61 24 n:o
947 2260 60 46 91,
1035 2258 109 38 anför
1172 2258 87 37 herr
1287 2259 44 36 L.
1358 2260 152 36 Jönsson
1536 2257 11 37 i
1576 2257 173 50 Sandby:
1804 2257 74 37 Det
1905 2256 86 51 låge
2018 2257 12 36 i
