2204 2634
735 223 223 30 Statsutskottets
986 221 150 31 Utlåtande
1158 220 57 30 N:o
1234 220 50 29 91.
1781 215 19 30 3

316 307 149 51 afgifter
495 304 40 38 af
560 303 154 39 rusthåll
741 303 69 37 och
838 308 98 31 rotar
964 302 56 35 för
1048 300 212 37 uraktlåten
1290 298 245 49 rekrytering;

313 362 38 38 af
391 362 43 36 de
477 360 62 36 vid
579 360 97 37 1878
706 357 57 37 års
792 357 125 48 början
947 356 60 35 till
1035 354 219 37 statsverket
1281 353 78 35 tills
1387 351 127 37 vidare
1542 350 179 49 indragna
1750 348 50 37 af-

206 417 161 50 gifterna
396 414 40 37 af
461 414 187 48 åtskilliga
675 412 59 36 till
765 409 325 38 underofficerares
1119 407 162 49 aflöning
1309 407 100 35 förut
1438 405 176 47 anslagna
1641 404 160 37 vakanta

205 470 157 38 rusthåll
391 469 67 37 och
489 473 114 39 rotar;

313 522 151 51 afgifter
505 520 41 37 af
585 518 157 39 rusthåll
770 518 68 37 och
865 520 101 34 rotar
995 517 58 35 vid
1083 514 219 45 infanteriet,
1330 526 79 24 som
1433 512 160 49 jemlikt:
1615 513 98 36 1892
1745 510 57 37 års

207 580 137 35 urtima
386 575 181 49 Riksdags
609 574 121 36 beslut
758 577 95 32 samt
881 571 126 48 kongl.
1035 569 151 37 brefven
1215 569 68 35 den
1314 570 19 35 2
1366 566 194 37 december
1591 567 111 43 1892,
1731 565 70 36 den

209 635 48 36 28
299 631 206 49 september
551 630 111 42 1893,
697 627 70 36 den
813 628 19 35 5
864 625 155 36 oktober
1053 625 110 43 1894,
1193 622 71 36 den
1298 623 43 36 15
1373 620 199 37 november
1604 621 98 36 1895
1733 619 69 36 och

208 687 70 36 den
310 688 44 35 15
386 684 96 49 april
513 684 100 36 1898
643 680 127 38 blifvit
799 680 235 36 vakanssatta
1062 676 56 37 för
1146 675 230 37 infanteriets
1404 673 326 50 omorganisation;

315 737 149 51 afgifter
493 735 41 37 af
558 735 157 37 rusthåll
743 734 65 37 vid
836 732 155 38 skånska
1018 733 125 35 husar-
1162 730 68 37 och
1251 729 406 49 dragonregementena,
1675 726 128 37 hvilka

208 795 11 35 i
262 793 84 37 mån
388 791 40 37 af
467 795 184 45 ryttarnes
693 787 147 49 afgång,
878 787 146 49 jemlikt
1059 798 138 24 samma
1226 783 181 49 Riksdags
1435 782 118 36 beslut
1581 781 67 36 och
1676 780 125 49 kongl.

208 847 146 38 brefvet
390 846 69 36 den
494 846 49 36 30
579 844 72 48 maj
687 844 111 42 1893,
831 840 124 38 blifvit
983 844 93 32 satta
1105 837 46 51 på
1178 837 139 37 vakans
1340 835 58 38 för
1425 840 275 44 regementenas
1728 847 75 23 om-

208 901 168 49 bildning
398 900 62 35 till
488 896 189 45 värfvade;
706 901 95 31 samt

315 953 151 51 afgifter
508 950 41 37 af
588 950 243 37 dubbelrotar
860 948 63 37 vid
951 945 208 39 Jemtlands
1188 942 286 52 hästjägarekår,
1503 942 125 37 hvilka
1653 941 151 49 'jemlikt

208 1008 162 38 nämnda
410 1006 181 48 Riksdags
633 1005 120 36 beslut
794 1001 124 38 blifvit
960 1001 231 37 vakanssatta
1232 997 59 38 för
1332 997 129 37 kårens
1490 996 227 47 ombildning
1744 995 59 36 till

209 1062 171 38 värfvadt
408 1064 218 46 regemente.

316 1114 210 50 Belöpande
569 1111 152 51 afgifter
754 1110 58 37 för
840 1109 135 38 sådana
999 1107 155 38 rusthåll
1182 1106 68 37 och
1280 1112 96 30 rotar
1405 1104 62 38 vid
1495 1102 309 45 båtsmanshållet,

209 1184 79 23 som
327 1169 148 50 jemlikt
515 1168 121 47 kongl.
679 1165 242 49 kungörelsen
963 1163 71 37 den
1075 1164 44 36 13
1147 1161 73 49 juli
1253 1162 111 43 1887,
1392 1157 187 51 angående
1606 1156 198 39 båtsmans-

210 1224 131 37 hållets
369 1221 166 38 sättande
564 1220 46 49 på
638 1220 151 44 vakans,
818 1218 142 50 inflyta,
989 1217 119 36 skulle
1135 1215 185 36 redovisas
1349 1213 117 37 under
1485 1213 80 36 titel
1584 1210 219 37 »båtsmans-

210 1275 280 51 vakansafgift»;
530 1274 93 36 dock
662 1273 106 44 hade,
810 1271 46 49 på
892 1276 73 31 sätt
1005 1270 258 36 statskontoret
1304 1267 11 35 i
1343 1265 217 50 föregående
1589 1265 215 36 berättelser

210 1331 185 49 angående
424 1328 233 38 statsverkets
685 1327 201 35 inkomster
915 1324 191 43 meddelat,
1135 1320 195 51 afgifterna
1357 1319 57 37 för
1441 1319 45 36 de
1515 1318 48 45 år,
1593 1318 208 37 hvarunder

209 1384 348 47 vakanssättningen
595 1378 221 51 medgifvits,
851 1379 5 35 i
886 1378 291 48 räkenskaperna
1206 1375 186 49 upptagits
1420 1372 117 38 under
1565 1371 238 38 förevarande

208 1438 253 38 inkomsttitel.

318 1490 212 51 Afgifterna
569 1488 56 38 för
667 1486 210 38 uraktlåten
919 1485 243 50 rekrytering,
1206 1495 78 25 som
1327 1481 39 37 år
1399 1482 99 37 1899
1530 1480 189 50 uppgingo
1748 1479 57 36 till

211 1549 111 43 9,232
362 1547 138 35 kronor
545 1546 43 35 77
634 1549 60 30 öre
723 1542 69 36 och
820 1540 117 37 under
966 1537 217 51 föregående
1213 1534 262 50 femårsperiod
1503 1535 61 36 till
1591 1535 12 35 i
1630 1533 175 37 medeltal

212 1602 113 44 6,507
356 1600 137 36 kronor
524 1599 46 36 66
601 1603 72 39 öre,
702 1608 87 24 vore
817 1593 179 38 beroende
1025 1592 46 49 på
1099 1590 181 38 vexlande
1310 1588 254 38 förhållanden
1593 1588 67 36 och
1689 1586 114 37 borde

209 1653 123 38 derför
359 1654 80 36 icke
468 1651 180 37 beräknas
675 1650 113 49 högre
817 1655 45 29 än
890 1648 60 36 till
981 1648 111 43 5,000
1121 1646 148 35 kronor.

316 1707 70 36 För
428 1706 44 36 de
501 1705 62 36 vid
595 1706 98 35 1878
723 1702 58 36 års
809 1700 268 49 lönereglering
1105 1700 59 35 till
1193 1697 219 37 statsverket
1440 1695 179 49 indragna
1647 1693 158 38 rusthåll

208 1761 68 36 och
318 1766 100 30 rotar
459 1757 125 37 kunde
627 1753 351 51 vakansafgifterna,
1018 1753 126 36 hvilka
1186 1750 58 37 för
1285 1750 39 36 år
1373 1751 94 36 1901
1514 1748 195 36 beräknats
1742 1748 61 35 till

213 1816 136 44 19,000
384 1814 147 42 kronor,
559 1810 151 48 enligt
699 1798 22 66 i
739 1809 261 37 statskontoret
1028 1805 187 38 verkstäld
1244 1804 203 48 beräkning
1476 1807 150 45 antagas
1653 1802 152 36 komma

208 1874 66 39 att,
306 1866 93 38 efter
428 1865 132 49 afdrag
589 1863 40 37 af
654 1863 218 51 ytterligare
893 1861 59 37 tio
982 1864 149 46 procent
1154 1859 174 48 lindring,
1348 1858 167 49 erläggas
1535 1856 82 36 med
1633 1855 172 49 omkring

211 1923 138 45 10,600
378 1921 146 36 kronor.

315 1971 350 50 Vakansafgifterna
693 1969 41 37 af
760 1970 44 36 de
833 1968 56 37 för
918 1968 139 37 indelta
1076 1966 229 37 infanteriets
1326 1963 306 50 omorganisation
1653 1963 152 36 vakans-

208 2034 95 31 satta
344 2026 155 38 rusthåll
542 2026 68 35 och
650 2030 114 38 rotar,
806 2023 147 36 hvilkas
995 2021 98 37 antal
1135 2021 118 47 enligt
1280 2020 12 34 i
1321 2018 259 36 statskontoret
1607 2016 198 37 förvarade

209 2082 220 48 handlingar
458 2079 57 37 för
543 2078 39 36 år
615 2079 98 36 1900
744 2076 173 49 utgjorde
951 2076 71 36 140
1052 2073 40 36 af
1117 2073 44 36 de
1190 2072 101 37 förra
1319 2073 67 35 och
1415 2073 113 42 1,154
1549 2068 37 37 af
1605 2069 43 37 de
1669 2082 135 30 senare,

208 2135 134 45 kunde,
391 2134 84 36 med
516 2131 205 48 beräkning
750 2129 39 36 af
826 2127 239 38 förenämnda
1094 2126 140 36 värden
1263 2125 68 37 och
1360 2124 111 37 sedan
1500 2122 209 50 medgifven
1738 2123 67 35 lin-

208 2189 108 48 dring
345 2187 39 36 af
410 2186 107 36 nittio
547 2187 150 47 procent
725 2182 124 38 blifvit
877 2181 187 49 afdragen,
1094 2182 152 47 antagas
1274 2178 38 37 år
1344 2180 98 36 1902
1469 2177 137 49 inflyta.
1626 2175 85 37 med
1731 2189 74 23 om-

208 2243 109 47 kring
346 2242 140 43 30,150
516 2239 149 36 kronor.

316 2295 128 49 Enligt
499 2293 59 36 till
601 2291 261 37 statskontoret
908 2287 79 37 från
1037 2287 298 48 länsstyrelserna
1377 2286 10 35 i
1432 2282 260 39 Kristianstads
1738 2281 67 38 och
