2200 2620
486 218 105 29 Andra
612 218 187 29 kammurens
823 216 141 33 andra
985 220 150 39 tillfälliga
1156 223 123 28 utskotts
1302 223 147 28 utlåtande
1472 222 49 29 Nr
1543 225 26 28 5.
1812 224 18 30 5

621 324 76 33 Till
732 325 95 33 Herr
859 319 374 42 Överståthållaren.

324 417 109 33 Såsom
466 418 157 33 infordrat
654 420 151 41 yttrande
838 423 75 29 över
945 420 129 33 härmed
1108 422 195 43 återgående
1324 423 110 43 kungl.
1458 425 109 32 remiss
1590 426 50 32 får
1657 426 57 43 jag
1738 427 91 32 vörd-

217 462 83 30 samt
320 459 113 33 anföra
454 460 149 42 följande.

322 501 110 33 Ehuru
461 503 56 41 jag
549 514 92 22 anser
672 504 119 32 sådana
823 505 272 42 inskränkningar
1128 508 47 31 uti
1207 507 62 33 den
1291 508 207 33 individuella
1519 509 151 41 friheten,
1693 522 65 21 som
1782 513 47 30 ett

216 543 232 42 lagstadgande
481 545 11 32 i
525 546 177 32 motionens
722 546 84 42 syfte
828 547 144 40 innebär,
993 549 112 32 endast
1127 549 73 32 med
1221 552 117 30 största
1360 551 180 33 varsamhet
1561 552 77 32 böra
1658 553 170 39 meddelas,

216 586 106 32 finner
340 587 57 42 jag
419 587 79 32 dock
520 587 12 32 i
555 588 88 32 detta
665 589 155 32 särskilda
842 589 58 33 fall
922 601 39 21 av
982 590 78 38 skäl,
1083 602 66 22 som
1172 602 38 21 av
1236 593 197 33 motionären
1448 594 135 38 anföres,
1599 605 39 22 en
1655 595 174 42 utredning

216 628 150 41 påkallad
389 640 52 21 om
462 630 155 43 möjligen
640 631 167 42 behövliga
828 632 271 43 inskränkningar
1120 634 12 31 i
1154 636 108 31 rätten
1283 637 49 30 att
1354 636 134 32 förevisa
1510 637 181 43 mänskliga
1712 638 115 32 abnor-

216 670 129 33 miteter
377 672 58 32 och
468 677 109 37 annat,
599 684 64 21 som
699 674 252 42 huvudsakligen
984 686 101 31 avser,
1108 678 48 30 att
1189 677 95 33 ockra
1316 677 41 42 på
1383 678 233 34 allmänhetens
1637 680 190 32 sensations-

215 713 138 33 lystnad.

228 724 21 30 7
321 756 88 32 Dock
442 757 58 31 bör
521 757 70 32 icke
618 758 161 32 meddelas
801 758 124 33 absolut
947 759 114 33 förbud
1083 763 67 29 mot
1165 760 199 34 förevisande
1387 774 39 20 av
1448 764 193 32 människor.
1687 763 139 43 Mången

214 797 89 42 gång
335 798 64 32 kan
432 810 40 21 en
507 799 88 42 dylik
628 800 207 42 förevisning,
859 804 65 29 rätt
950 802 174 39 anordnad,
1146 814 76 21 vara
1243 803 51 33 till
1317 805 140 42 verkligt
1480 816 85 32 gagn
1587 806 102 33 såsom
1711 807 115 32 under-

214 840 298 42 visningsmateriel,
534 842 129 32 särskilt
684 842 51 33 för
755 843 80 39 dem,
858 854 65 22 som
946 844 68 32 icke
1036 847 55 30 äro
1113 846 9 31 i
1147 845 131 33 tillfälle
1299 849 49 30 att
1370 858 114 31 genom
1507 859 85 21 resor
1615 848 78 33 eller
1708 849 119 32 studier

213 882 146 32 förvärva
381 883 136 32 insikter
539 884 11 32 i
572 885 167 42 etnografi.

320 925 186 33 Detsamma
527 927 89 31 torde
640 927 110 32 kunna
771 930 92 41 sägas
885 939 50 21 om
960 929 80 32 vissa
1063 929 88 33 delar
1172 941 39 21 av
1234 942 43 20 nu
1299 930 174 34 förevisade
1497 932 216 33 vaxkabinett.

319 967 69 42 Mig
420 979 93 31 synes
546 968 107 33 därför
686 969 149 42 lämpligt
861 982 84 28 vara,
977 973 49 30 att
1060 972 112 32 förbud
1204 973 143 32 utfärdas
1379 977 49 29 att
1449 977 78 30 utan
1550 975 199 41 Konungens
1772 976 53 32 be-

213 1009 313 42 fallningshavandes
541 1011 128 33 särskilt
683 1012 186 33 meddelade
885 1013 145 32 tillstånd
1046 1014 137 33 förevisa
1198 1015 209 33 vaxkabinett
1418 1017 57 32 och
1487 1028 157 31 personer.
1670 1017 154 44 Konung-

213 1062 56 21 ens
302 1051 342 43 befallningshavande
677 1054 90 32 torde
791 1055 110 32 därvid
933 1055 77 33 böra
1031 1059 109 39 pröva,
1162 1057 156 33 huruvida
1339 1059 218 42 anledningen
1580 1060 51 32 till
1654 1071 170 31 personens

214 1093 198 34 förevisande
445 1095 107 42 ligger
572 1097 12 31 i
606 1107 170 30 personens
808 1097 171 33 utförande
1013 1110 40 21 av
1085 1110 46 21 se-
1162 1099 79 33 eller
1267 1100 139 33 hörvärd
1428 1101 165 43 handling,
1618 1103 79 31 eller
1720 1103 104 32 däruti

212 1137 50 31 att
284 1147 164 31 personen,
471 1139 101 31 såsom
596 1138 194 33 tillhörande
812 1140 198 33 främmande
1026 1141 229 39 människoras,
1270 1142 119 33 företer
1406 1144 80 32 vissa
1502 1144 321 42 egendomligheter
1804 1133 22 57 i

211 1178 190 33 klädedräkt
423 1179 80 33 eller
529 1180 280 44 kroppsbyggnad,
832 1181 78 33 eller
931 1183 59 32 ock
1012 1184 10 30 i
1045 1183 177 43 förefintlig
1245 1185 98 41 fysisk
1366 1185 80 33 eller
1467 1187 130 41 psykisk
1619 1187 203 38 abnormitet,

211 1220 11 31 i
244 1220 102 33 vilket
366 1221 199 33 sistnämnda
587 1222 58 33 fall
666 1223 223 42 ansökningen
914 1225 89 32 torde
1026 1225 75 33 böra
1124 1226 112 33 avslås.
1281 1226 205 34 Beträffande
1508 1229 210 33 vaxkabinett
1733 1230 90 32 torde

210 1262 111 39 tillses,
344 1265 49 30 att
425 1264 68 32 icke
516 1274 115 30 genom
654 1265 89 32 dessa
765 1266 50 31 till
839 1266 200 33 beskådande
1063 1267 192 33 framställes
1277 1269 105 41 något,
1407 1281 64 21 som
1496 1282 38 22 ur
1554 1271 82 32 etisk
1659 1272 163 41 synpunkt

210 1306 64 30 sett
296 1305 62 32 kan
383 1317 74 21 vara
479 1307 51 31 till
552 1307 99 32 skada
672 1307 49 33 för
744 1308 60 32 den
826 1309 115 41 fysiskt
964 1309 78 32 eller
1064 1310 144 42 psykiskt
1223 1312 170 42 omyndiga
1404 1312 120 42 publik,
1539 1325 67 20 som
1621 1314 112 42 plägar
1748 1325 74 21 vara

211 1346 104 33 dessas
337 1347 129 43 vanliga
488 1349 184 32 kundkrets.

315 1389 65 33 Vid
402 1390 93 42 fråga
516 1402 51 21 om
599 1391 113 33 sådant
733 1392 149 33 tillstånd
904 1393 94 32 borde
1021 1393 197 44 Konungens
1240 1395 341 45 befallningshavande
1604 1400 60 42 äga
1686 1400 66 30 rätt
1773 1399 48 31 att

209 1431 42 41 på
272 1431 176 34 sökandens
481 1433 174 33 bekostnad
688 1435 101 31 anlita
819 1435 123 32 biträde
965 1447 39 20 av
1026 1447 113 31 person
1171 1437 73 32 med
1266 1438 155 33 särskilda
1441 1439 134 33 insikter
1596 1440 12 32 i
1630 1440 189 43 pedagogik.

315 1491 184 33 Stockholm
523 1492 58 32 den
606 1494 41 30 24
668 1493 139 33 februari
831 1495 90 31 1916.

838 1571 198 34 VILHELM
1058 1573 138 33 TAMM.

195 1714 16 45 Md
612 1722 77 32 Till
712 1723 95 32 Herr
829 1716 375 42 Överståthållaren.

315 1811 107 33 Såsom
457 1812 114 43 tillägg
602 1814 51 31 till
685 1815 75 32 mitt
792 1816 60 32 den
886 1818 42 30 24
960 1818 161 33 nästlidna
1145 1819 138 33 februari
1306 1822 139 42 avgivna
1467 1823 164 33 utlåtande
1654 1826 163 41 angående

209 1853 198 32 förevisande
441 1866 39 20 av
510 1856 183 33 människor
725 1857 56 33 och
815 1859 211 43 vaxkabinett
1054 1860 56 33 ber
1128 1861 58 42 jag
1209 1862 129 33 härmed
1361 1865 160 33 vördsamt
1544 1867 32 31 få
1597 1866 108 33 lämna
1726 1868 91 32 redo-

209 1895 123 40 görelse
365 1896 50 32 för
448 1898 181 32 nuvarande
666 1899 193 43 behandling
895 1902 85 32 inom
1015 1898 414 40 Överstäthållareämbetet
1461 1919 39 20 av
1527 1909 139 32 ärenden
1683 1910 133 32 rörande

209 1937 110 41 dylika
341 1938 242 42 förevisningar.

315 1980 62 32 Det
399 1980 59 32 har
480 1981 70 33 icke
572 1983 66 32 rått
660 1983 105 43 någon
787 1986 116 31 tvekan
927 1987 134 32 rörande
1083 1987 224 43 skyldigheten
1322 1990 102 42 enligt
1439 1991 18 41 8
1474 1991 39 32 13
1528 1992 287 42 ordningsstadgan

208 2021 50 31 för
281 2022 98 32 rikets
411 2023 106 32 städer
539 2027 48 29 att
609 2024 51 32 till
682 2027 141 32 ämbetet
844 2028 109 41 ingiva
974 2030 149 31 anmälan
1146 2041 50 21 om
1219 2031 99 32 sådan
1341 2032 204 42 förevisning,
1568 2035 28 41 ej
1620 2035 101 32 heller
1765 2039 50 29 där-

207 2074 51 20 om
291 2066 50 30 att
372 2064 287 43 polismyndighets
691 2068 144 33 tillstånd
869 2070 157 32 erfordras
1059 2071 49 31 för
1141 2072 197 43 förevisning
1367 2085 38 20 av
1427 2086 158 30 personer,
1609 2087 73 22 men
1701 2077 57 42 jag
1780 2082 35 28 är

208 2104 49 32 för
278 2116 81 31 egen
392 2107 52 32 del
467 2108 27 40 ej
519 2109 185 41 övertygad,
725 2113 48 28 att
796 2110 145 33 tillstånd
965 2113 156 32 erfordras
1143 2114 49 31 för
1214 2114 195 43 förevisning
1430 2128 39 20 av
1491 2118 217 33 vaxkabinett.
1755 2119 60 32 Det

207 2148 36 28 är
265 2148 102 41 enligt
390 2149 65 32 min
479 2150 106 31 mening
634 2151 128 41 tydligt,
785 2155 49 29 att
857 2154 122 31 muséer
1001 2154 68 32 icke
1092 2157 54 30 äro
1169 2156 233 33 underkastade
1416 2158 184 43 skyldighet
1614 2162 49 29 att
1678 2161 136 32 avvakta

207 2187 327 45 polismyndighetens
568 2191 155 38 tillstånd,
756 2194 56 31 och
841 2194 52 32 det
916 2196 88 31 torde
1028 2207 74 21 vara
1123 2197 87 32 svårt
1232 2200 48 29 att
1302 2199 165 42 uppdraga
1489 2212 39 20 en
1552 2201 143 32 bestämd
1717 2206 97 38 gräns

207 2229 117 33 mellan
359 2234 122 31 muséer
513 2233 56 32 och
594 2234 216 33 vaxkabinett.
855 2236 218 34 Innehavaren
1098 2250 38 20 av
1158 2239 56 32 det
1236 2240 81 32 enda
1340 2242 216 38 vaxkabinett,
1579 2254 66 21 som
1668 2244 49 33 för
1739 2248 74 28 när-

207 2272 137 31 varande
377 2275 104 31 finnes
514 2275 9 31 i
552 2275 191 41 Stockholm,
768 2277 53 32 det
842 2289 23 21 s.
889 2279 29 31 k.
942 2279 200 42 Panoptikon
1166 2281 52 32 vid
1242 2281 388 45 Kungsträdgårdsgatan,
1652 2285 58 33 har
1731 2286 82 33 efter
