2202 2620
472 217 107 30 Andra
600 217 183 30 kammarens
807 215 138 32 andra
968 219 150 38 tillfälliga
1142 220 123 28 utskotts
1286 220 151 29 utlåtande
1459 220 48 29 Nr
1530 223 27 26 5.
1788 233 18 16 d

1551 295 120 42 Bilaga
1695 299 27 28 1.

540 345 203 30 Utlåtande
765 354 45 22 av
836 348 130 34 Kungl.
988 348 474 35 folkskoleöverstyrelsen.

837 419 77 33 Till
937 419 228 43 Konungen.

301 477 15 31 I
339 476 174 43 anledning
546 488 38 21 av
607 478 131 32 härmed
760 478 192 42 återgående
975 480 269 42 remisshandling
1265 481 164 38 angående
1452 482 10 31 i
1485 482 188 41 riksdagens
1695 483 110 32 Andra

196 519 160 32 kammare
389 530 40 21 av
463 519 30 33 S.
528 519 108 33 Welin
662 521 94 32 väckt
778 522 120 31 motion
921 533 51 20 om
993 522 236 42 inskränkning
1250 523 11 31 i
1283 523 196 39 rättigheten
1502 526 49 29 att
1572 524 134 33 förevisa
1728 536 75 21 vax-

196 561 146 32 kabinett
364 573 40 20 m.
428 573 41 20 m.
493 562 49 32 får
566 562 380 42 Folkskolöverstyrelsen
968 564 10 31 i
1001 565 255 41 underdånighet
1278 565 111 32 anföra
1411 565 149 42 följande.

300 603 72 32 Med
396 604 193 42 hänvisning
611 604 50 32 till
684 605 39 32 de
746 605 240 43 upplysningar,
1008 617 66 22 som
1096 607 11 32 i
1130 608 100 31 saken
1245 607 174 32 inhämtats
1433 599 71 56 från
1524 608 124 41 Statens
1663 609 141 42 biograf-

195 646 78 40 byrå
305 646 57 32 och
395 657 67 21 som
495 647 174 32 meddelats
691 648 11 30 i
725 648 145 42 bifogade
892 649 165 32 utlåtande
1080 649 73 32 från
1175 649 105 32 denna
1303 650 87 42 byrå,
1413 650 57 33 vill
1493 650 240 43 Överstyrelsen
1755 652 49 32 för

193 689 49 30 sin
265 688 49 32 del
339 688 137 33 vitsorda
498 689 247 42 behövligheten
768 701 39 20 av
827 694 49 28 att
899 691 150 42 åtgärder
1071 691 145 41 vidtagas
1238 692 10 31 i
1272 692 53 32 det
1346 692 94 42 syfte,
1462 704 65 21 som
1551 705 39 20 av
1606 695 197 32 motionären

193 730 194 33 frambålles.
434 731 62 31 Det
526 731 81 32 lider
639 733 84 31 intet
744 732 109 39 tvivel,
876 735 48 30 att
946 733 39 32 de
1006 734 35 31 så
1053 734 126 32 kallade
1201 734 259 40 vaxkabinetten,
1482 736 11 31 i
1515 735 44 32 all
1575 737 175 41 synnerhet
1765 737 38 32 de

193 772 71 32 från
286 775 50 30 ort
358 773 50 31 till
430 777 51 28 ort
502 774 188 42 kringförda
712 774 273 42 utställningarna
1006 776 71 31 med
1101 776 88 32 detta
1211 787 109 30 namn,
1342 776 11 32 i
1375 780 66 29 stor
1464 779 225 42 utsträckning
1710 780 93 31 ockra

192 815 40 41 på
255 826 40 21 en
317 815 98 31 osund
438 816 306 42 sensationslystnad
767 818 58 31 och
849 821 93 28 utöva
964 818 126 41 skadlig
1113 819 156 31 inverkan
1292 818 151 33 särskildt
1465 820 40 41 på
1527 821 191 40 ungdomen.
1742 822 61 31 Att

191 857 56 32 det
279 857 101 32 måste
403 860 87 30 möta
512 862 85 28 stora
619 859 164 41 praktiska
804 859 198 42 svårigheter
1024 863 49 29 att
1095 860 218 33 åstadkomma
1335 872 40 21 en
1397 862 143 32 verksam
1564 863 138 32 kontroll
1728 866 74 30 över

193 899 38 31 de
253 899 240 42 ifrågavarande
516 900 188 33 kabinetten
728 902 56 31 och
809 906 99 28 annat
930 903 11 30 i
963 902 281 43 utställningsväg,
1266 914 67 21 som
1354 904 12 31 i
1389 904 161 32 motionen
1565 916 98 30 avses,
1679 909 35 28 är
1728 906 73 41 tyd-

191 941 71 42 ligt.
308 941 98 33 Dessa
437 942 199 43 svårigheter
668 943 77 33 böra
772 944 79 32 dock
873 945 69 31 icke
964 944 34 32 få
1020 945 175 33 avskräcka
1218 945 71 32 från
1313 945 106 33 försök
1441 948 48 30 att
1510 947 78 32 råda
1611 947 54 32 bot
1686 948 40 41 på
1749 948 53 32 det

191 983 90 32 onda.
325 983 48 33 De
406 995 38 21 av
468 985 226 42 biografbyrån
718 986 111 42 gjorda
851 987 261 42 antydningarna
1133 988 167 41 angående
1321 990 98 30 sättet
1441 988 48 33 för
1511 989 198 33 kontrollens
1732 990 68 32 vin-

190 1026 106 32 nande
318 1037 92 31 synes
433 1027 264 34 beaktansvärda.
742 1028 63 32 Det
826 1029 90 32 torde
940 1030 178 32 emellertid
1142 1030 28 42 ej
1195 1030 50 32 för
1267 1030 198 33 närvarande
1482 1042 75 21 vara
1573 1031 164 41 behövligt
1753 1035 48 30 att

190 1071 145 29 närmare
367 1068 78 43 ingå
478 1069 40 42 på
551 1070 113 42 frågan
700 1082 52 21 om
774 1071 39 32 de
835 1074 109 40 vägar,
966 1072 40 41 på
1029 1072 89 33 vilka
1140 1072 106 33 försök
1268 1073 11 31 i
1301 1073 124 42 åsyftad
1447 1074 149 42 riktning
1617 1074 184 43 lämpligast

189 1110 102 32 skulle
313 1110 110 33 kunna
444 1115 101 39 göras,
569 1113 40 32 då
631 1113 90 32 detta
742 1112 135 44 givetvis
899 1114 103 33 skulle
1026 1114 85 32 bliva
1133 1116 49 31 ett
1204 1115 227 43 huvudsakligt
1452 1116 133 32 föremål
1608 1117 50 32 för
1672 1118 61 31 den
1749 1119 51 30 ut-

189 1152 147 44 redning,
357 1164 67 21 som
457 1165 39 21 av
528 1155 199 33 motionären
749 1155 211 43 ifrågasättes.
1006 1156 59 33 Att
1088 1168 39 21 en
1150 1157 98 32 sådan
1270 1158 175 42 utredning
1468 1158 142 33 kommer
1631 1159 52 32 till
1705 1160 94 32 stånd

190 1205 91 22 anser
313 1191 239 47 Överstyrelsen
573 1198 207 42 synnerligen
802 1198 153 42 önskligt.

294 1237 180 33 Stockholm
499 1239 59 32 den
583 1240 39 30 26
644 1239 139 33 februari
807 1241 90 32 1916.

880 1299 241 43 Underdånigst

816 1358 35 32 B.
875 1358 30 33 J.
929 1358 246 39 BERGQVIST

323 1399 134 34 Harala
480 1399 173 43 Dahlgren

383 1437 197 62 föredragande.
1339 1462 158 42 Hjalmar
1531 1463 133 34 Werner

292 1518 16 32 I
330 1518 89 33 detta
441 1519 131 33 ärendes
593 1519 132 43 slutliga
748 1520 240 42 handläggning
1011 1519 59 33 har
1092 1520 145 43 deltagit,
1260 1522 138 33 förutom
1413 1523 213 33 ordföranden
1641 1524 57 33 och
1713 1524 83 33 före-

187 1560 192 42 draganden,
402 1561 180 34 ledamoten
605 1562 109 33 Bruce.

1536 1642 121 42 Bilaga
1680 1646 30 28 2.

638 1685 202 29 Utlåtande
862 1692 45 22 av
930 1686 146 29 statens
1099 1686 245 35 biografbyrå.

598 1756 78 32 Till
699 1756 138 43 Kungl.
861 1757 511 42 Folkskoleöverstyrelsen.

271 1813 71 33 Med
365 1814 225 33 remissaktens
613 1815 227 33 återställande
862 1816 50 32 får
934 1817 127 32 Statens
1083 1816 204 43 biografbyrå
1310 1820 78 28 äran
1408 1817 129 32 härmed
1553 1819 114 41 avgiva
1683 1819 112 42 begärt

184 1856 152 41 yttrande
369 1859 73 29 över
476 1852 127 55 motion
630 1858 133 41 rörande
796 1858 236 43 inskränkning
1055 1859 10 31 i
1088 1859 198 42 rättigheten
1309 1861 48 30 att
1380 1862 66 29 mot
1469 1860 167 43 betalning
1659 1862 135 32 förevisa

187 1898 204 32 vaxkabinett
413 1910 39 20 m.
476 1911 40 19 in.

269 1940 163 32 Motionen
458 1941 90 32 berör
570 1953 39 20 en
632 1942 396 41 samhällsangelägenhet,
1051 1954 67 21 som
1141 1943 225 41 otvivelaktigt
1389 1944 118 32 företer
1529 1944 164 43 åtskilliga
1715 1958 76 20 ana-

184 1982 100 40 logier
317 1982 72 32 med
422 1983 60 31 den
517 1984 136 41 uppgift,
676 1984 125 32 Statens
826 1985 203 42 biografbyrå
1051 1985 59 31 har
1131 1985 49 41 sig
1202 1985 202 39 anförtrodd;
1426 1986 50 32 till
1499 1986 174 42 belysande
1696 1988 95 32 härav

184 2024 105 32 tillåta
319 2026 31 29 vi
384 2035 49 21 oss
466 2025 135 41 åberopa
634 2026 194 41 tillämpliga
863 2027 85 31 delar
980 2038 39 20 av
1053 2027 130 41 närlagt
1210 2028 144 41 särtryck
1377 2039 39 19 av
1439 2028 103 31 häftet
1565 2030 18 28 2
1606 2040 38 20 av
1669 2029 121 33 Svensk

183 2065 165 38 Tidskrift,
372 2067 67 41 årg.
464 2067 90 30 1912.
599 2067 201 32 Motionären
824 2068 57 31 har
904 2068 106 32 vidare
1032 2069 10 30 i
1066 2069 206 40 förbigående
1295 2072 116 38 antytt,
1434 2072 48 29 att
1497 2071 239 40 granskningen
1752 2084 37 20 av

185 2108 206 31 vaxkabinett
422 2109 57 30 och
516 2112 117 28 »annat
656 2109 10 30 i
691 2110 280 41 utställvingsväg,
994 2121 66 20 som
1096 2110 253 42 huvudsakligen
1372 2122 90 20 avser
1484 2115 48 27 att
1554 2115 95 28 ockra
1671 2113 39 40 på
1731 2114 59 31 all-

183 2149 186 31 mänhetens
391 2150 335 42 sensationslystnad»,
750 2152 150 41 möjligen
929 2152 158 31 »enklast>
1112 2152 107 31 kunde
1243 2152 176 41 uppdragas
1442 2153 33 31 åt
1497 2153 130 32 Statens
1649 2154 140 42 biograf-

183 2190 86 41 byrå.
314 2191 111 31 Redan
449 2191 87 32 dessa
559 2193 274 41 omständigheter
857 2193 169 41 uppfordra
1049 2193 101 41 byrån
1173 2195 48 30 att
1244 2196 74 39 taga
1340 2194 155 41 ställning
1518 2194 51 32 till
1591 2197 197 38 spörsmålet,

183 2236 47 28 ett
266 2232 310 43 ställningstagande
608 2245 66 20 som
709 2235 78 31 dock
820 2235 11 31 i
865 2235 77 42 följd
976 2246 38 21 av
1048 2234 10 32 i
1081 2236 151 31 remissen
1255 2236 162 31 anbefalld
1439 2236 228 41 skyndsamhet
1690 2239 98 32 måste

182 2274 87 32 bliva
291 2274 65 32 helt
378 2274 209 41 preliminärt.
627 2275 49 33 Då
699 2277 160 32 motionen
882 2277 140 32 formellt
1044 2279 174 40 utmynnar
1240 2278 10 30 i
1273 2278 142 40 yrkande
1437 2279 41 40 på
1493 2279 295 42 riksdagsskrivelse
