2200 2657
193 815 67 29 Ang.
280 812 81 25 ålder-

176 848 205 25 domsunderstöd

169 885 47 30 för
233 886 98 22 ritaren
348 885 32 23 N.

178 921 29 24 O.
229 920 150 31 Björkman.

247 954 65 51 j4].

187 1917 66 29 Ang.
269 1915 111 32 pension

174 1952 47 29 för
249 1951 136 29 tecknings-

211 1987 105 23 läraren
335 1986 27 23 P.

184 2022 27 24 O.
232 2022 32 23 N.
281 2022 104 23 Boisen.

253 2058 66 46 [5]

439 197 40 31 32
880 193 249 34 Statsutskottets
1160 192 168 33 Utlåtande
1351 191 62 32 N:o
1436 192 52 30 11.

396 276 85 38 stöd
519 276 60 37 för
622 275 124 37 denna
786 273 284 50 framställning
1102 273 59 37 får
1188 273 188 36 utskottet
1404 270 160 38 hänvisa
1593 269 57 37 till
1679 268 311 50 statsrådsproto-

397 329 118 38 kollet
543 329 106 37 öfver
677 327 257 38 civilärenden
964 327 73 37 den
1069 328 43 35 16
1144 326 198 38 december
1373 326 95 36 1901
1499 323 76 51 (bil.
1601 323 58 36 till
1679 322 129 38 tionde
1827 321 163 37 hufvud-

396 383 111 37 titeln
536 382 68 38 sid.
639 381 174 50 18—19).

526 489 208 48 Utskottet,
773 501 81 24 som
891 487 127 38 funnit
1045 485 292 52 ifrågavarande
1365 482 286 50 framställning
1679 481 92 38 böra
1798 480 59 38 till
1885 481 107 37 bifall

396 543 183 48 förordas,
609 541 231 49 hemställer,

927 652 55 32 att
1023 646 138 49 Kongl.
1204 645 128 49 Maj:ts
1374 658 50 23 nu
1462 641 251 40 förevarande
1751 640 146 49 förslag
1933 642 61 35 må

798 699 41 36 af
864 700 222 47 Riksdagen
1113 698 160 37 bifallas.

531 823 96 50 16:0)
671 823 64 37 Uti
776 822 173 51 punkten
977 824 23 34 4
1029 822 120 36 under
1176 820 129 37 tionde
1334 818 258 38 hufvudtiteln
1620 817 70 36 har
1717 816 140 49 Kongl.
1887 815 109 49 Maj:t

398 876 208 49 föreslagit,
638 880 53 32 att
717 875 140 37 ritaren
877 875 65 36 vid
966 874 217 37 karolinska
1203 870 394 50 mediko-kirurgiska
1616 869 203 47 institutet,
1840 868 153 37 artisten

399 931 82 36 Nils
515 930 79 35 Otto
623 930 202 45 Björkman
854 931 117 33 måtte
1000 928 85 36 från
1115 926 70 38 och
1214 926 87 37 med
1330 924 188 37 månaden
1546 928 86 31 näst
1652 922 97 37 efter
1769 921 85 48 den,
1874 920 122 37 under

399 982 159 37 hvilken
599 982 75 36 han
715 981 167 50 upphört
925 985 53 32 att
1015 980 143 36 aflönas
1188 979 41 36 af
1252 977 211 38 institutets
1493 975 134 48 medel,
1657 975 119 37 under
1805 974 58 36 sin
1897 976 98 33 åter-

401 1034 156 39 stående
586 1034 121 37 lifstid
736 1036 20 34 å
785 1033 191 37 allmänna
1004 1031 385 51 indragningsstaten
1410 1029 179 50 uppbära
1617 1027 116 50 årligt
1762 1026 233 38 ålderdoms-

400 1087 207 38 understöd
636 1086 58 37 till
720 1086 139 50 belopp
889 1086 41 36 af
955 1087 73 35 800
1057 1085 152 37 kronor.

528 1208 240 38 Beträffande
811 1207 45 38 de
897 1207 59 37 till
997 1206 86 38 stöd
1110 1206 59 37 för
1197 1205 125 37 denna
1350 1202 287 49 framställning
1664 1201 224 48 förebragta
1916 1199 81 37 skäl

400 1262 141 37 tillåter
578 1261 60 50 sig
666 1260 188 38 utskottet
882 1259 160 37 hänvisa
1069 1259 58 36 till
1156 1255 420 52 statsrådsprotokollet
1604 1255 106 36 öfver
1738 1252 259 38 ecklesiastik-

401 1314 165 38 ärenden
594 1314 74 37 den
697 1315 46 35 29
774 1313 206 37 november
1003 1313 95 35 1901
1121 1310 76 51 (bil.
1219 1310 57 37 till
1294 1309 131 37 tionde
1445 1306 260 39 hufvudtiteln
1726 1306 67 37 sid.
1818 1303 177 50 21—22).

531 1367 210 47 Utskottet,
784 1379 80 24 som
906 1378 112 24 anser
1053 1364 63 37 det
1152 1364 228 49 ifrågasatta
1410 1358 467 40 ålderdomsunderstödet
1905 1358 94 36 böra

402 1420 161 38 beredas
601 1419 220 50 Björkman,
859 1417 159 38 hvilken
1046 1416 189 37 alltsedan
1267 1417 96 35 1869
1393 1414 64 37 vid
1485 1413 193 37 institutet
1705 1411 121 37 utfört
1855 1415 55 32 ett
1937 1409 61 37 väl

402 1472 212 38 vitsordadt
642 1471 142 49 arbete,
813 1471 58 37 för
899 1470 147 37 hvilket
1072 1469 75 37 han
1176 1468 183 50 uppburit
1388 1466 217 49 ersättning
1630 1465 40 37 af
1687 1462 234 48 statsmedel,
1942 1462 58 37 får

403 1525 89 37 med
519 1525 152 49 hänsyn
698 1523 130 37 härtill
857 1523 70 36 och
956 1523 46 36 då
1022 1521 264 37 understödets
1306 1519 221 50 föreslagna
1541 1518 152 49 belopp,
1711 1530 79 24 som
1807 1521 115 44 utgör
1936 1517 64 34 två

402 1577 232 51 tredjedelar
655 1576 40 37 af
711 1576 95 37 hans
827 1574 230 49 årsarfvode,
1078 1574 82 37 icke
1181 1573 114 50 gifvit
1314 1572 190 38 utskottet
1524 1570 209 49 anledning
1757 1569 58 36 till
1835 1568 164 47 erinran,

403 1630 214 48 hemställa,

933 1738 54 32 att
1011 1732 221 49 Riksdagen
1251 1733 61 34 må
1330 1730 132 38 bifalla
1482 1728 136 49 Kongl.
1642 1728 128 49 Maj:ts
1790 1740 51 23 nu
1861 1725 139 50 ifråga-

804 1785 165 38 varande
996 1784 294 49 framställning.

538 1907 94 51 17:0)
676 1907 130 38 Under
843 1907 175 50 punkten
1062 1908 19 35 5
1127 1906 40 37 af
1206 1906 124 37 denna
1365 1903 233 38 hufvudtitel
1626 1903 69 37 har
1725 1901 138 50 Kongl.
1894 1901 108 49 Maj:t

406 1961 211 48 föreslagit,
660 1965 55 32 att
755 1959 357 49 teckningsläraren
1153 1958 64 37 vid
1247 1958 190 37 allmänna
1464 1956 218 37 läroverket
1710 1955 11 37 i
1749 1954 120 37 Ystad
1897 1956 106 35 Peter

410 2016 135 35 Outzen
577 2014 213 36 Nannested
822 2014 135 35 Boisen
987 2014 116 34 måtte
1131 2012 85 36 från
1245 2011 70 36 och
1343 2010 87 37 med
1458 2009 190 37 månaden
1677 2012 86 32 näst
1791 2006 96 38 efter
1916 2006 84 47 den,

406 2067 12 36 i
446 2066 155 37 hvilken
630 2065 131 37 afsked
790 2065 123 36 blefve
942 2064 139 37 honom
1110 2064 186 48 beviljadt
1324 2063 86 36 från
1437 2061 269 49 befattningen
1735 2063 124 34 såsom
1879 2059 122 36 lärare

405 2120 13 36 i
445 2119 185 49 teckning
657 2118 64 37 vid
749 2117 165 37 nämnda
942 2117 189 49 läroverk,
1153 2116 121 37 under
1295 2116 59 36 sin
1375 2114 240 38 återstående
1630 2113 121 37 lifstid
1772 2115 20 34 å
1811 2112 191 37 allmänna

405 2171 384 50 indragningsstaten
825 2170 170 50 uppbära
1032 2169 97 50 årlig
1157 2169 161 50 pension
1346 2168 58 36 till
1432 2172 55 32 ett
1515 2167 137 49 belopp
1682 2166 40 36 af
1747 2167 73 35 600
1850 2165 149 35 kronor.

534 2277 17 36 I
580 2276 109 49 fråga
718 2290 59 22 om
809 2276 45 36 de
884 2275 57 36 till
970 2275 85 37 stöd
1083 2274 58 36 för
1169 2274 125 37 denna
1324 2271 282 49 framställning
1627 2269 158 39 anförda
1806 2269 82 38 skäl
1909 2269 91 37 hän-
