1918 2838
480 148 392 37 Bevillningsutskottets
899 147 217 31 betänkande
1140 148 48 30 Nr
1213 149 49 28 41.
1609 141 18 29 öd

119 233 98 36 joner
237 234 84 35 liter,
344 234 104 29 vilket
469 234 111 29 beslut
602 236 113 33 syntes
737 233 89 29 hava
846 233 199 29 motiverats
1065 241 52 26 av,
1138 235 49 26 att
1207 230 418 36 konsumtionsökningen

121 286 41 19 av
181 276 137 30 teknisk
339 276 85 36 sprit
446 278 95 33 synts
560 276 93 29 bliva
673 276 174 29 konstant.

166 318 200 30 Sedermera
392 318 88 29 hade
507 318 122 35 Kungl.
655 316 100 36 Maj:t
781 324 123 29 genom
930 317 222 36 kungörelser
1179 317 66 29 den
1273 318 40 28 27
1341 316 191 36 september
1560 315 65 30 och

120 360 66 30 den
206 361 40 29 20
266 361 181 29 december
469 361 82 28 1935
574 360 54 29 för
648 360 41 29 de
710 358 110 37 därpå
841 358 156 37 följande
1017 360 179 29 kvartalen
1218 358 75 36 höjt
1313 358 312 30 bensinfirmornas

120 403 270 36 inköpsprocent
413 402 50 30 till
490 403 58 34 2.9,
574 403 59 28 allt
657 402 110 29 under
791 402 193 36 beräkning
1009 402 71 29 dels
1107 404 49 27 att
1181 401 280 37 spritcentralens
1485 401 139 35 inköps-

120 446 67 28 rätt
207 446 109 29 skulle
337 445 176 36 kvarligga
533 444 56 30 vid
610 445 41 29 45
672 443 159 36 miljoner
854 444 212 30 normalliter
1087 444 65 29 och
1173 444 71 29 dels
1265 446 49 27 att
1337 444 105 29 totala
1464 443 160 29 förbruk-

122 487 125 36 ningen
265 496 42 20 av
327 487 200 37 motorsprit
547 486 31 37 ej
599 487 108 29 skulle
726 487 170 35 överstiga
916 487 41 29 33
976 486 161 36 miljoner
1157 486 213 30 normalliter
1391 494 59 28 per
1469 485 49 30 år.

166 530 114 30 Under
304 530 78 30 hela
405 530 55 29 det
482 529 109 30 första
615 528 259 37 regleringsåret
899 529 146 29 1934—1
1070 529 144 29 oktober
1242 529 83 29 1935
1349 529 89 29 hade
1460 528 163 30 konsum-

120 571 116 30 tionen
254 571 130 37 utgjort
407 572 193 35 17,569,995
619 572 213 29 normalliter
850 571 137 30 teknisk
1008 572 84 35 sprit
1111 572 66 29 och
1196 572 197 34 32,613,740
1413 570 212 30 normalliter

120 614 200 36 motorsprit
341 614 80 30 eller
440 614 146 36 tillhopa
605 614 195 35 50,183,735
821 614 222 29 normalliter.
1087 614 101 29 Detta
1207 614 168 29 innebure
1396 623 42 20 en
1459 612 166 36 väsentlig

119 656 163 37 uppgång
299 666 43 20 av
361 656 268 30 konsumtionen
645 665 41 20 av
703 656 137 30 teknisk
860 656 95 36 sprit,
972 659 155 27 varemot
1144 656 275 35 förbrukningen
1438 665 42 20 av
1497 658 126 27 motor-

120 699 84 36 sprit
230 706 122 29 genom
381 698 92 30 förut
499 699 147 29 berörda
673 698 212 36 sänkningar
912 707 41 21 av
979 698 312 30 bensinfirmornas
1317 698 308 36 inköpsprocenter

120 740 115 31 hållits
260 750 80 21 nere
367 741 110 29 under
502 741 86 29 först
614 741 198 29 beräknade
840 741 41 29 33
907 740 161 36 miljoner
1094 741 223 34 normalliter,
1345 741 118 29 oaktat
1488 740 136 29 bensin-

120 783 172 36 importen
316 784 157 29 avsevärt
499 783 110 30 ökats.
657 783 77 29 Med
762 783 114 29 denna
900 783 232 36 förbrukning
1156 792 41 20 av
1224 782 201 36 motorsprit
1450 782 90 30 hade
1565 782 59 29 all-

120 826 204 29 mänhetens
350 824 211 37 efterfrågan
587 824 108 37 därpå
719 824 30 37 ej
776 825 134 29 kunnat
933 825 206 36 tillgodoses,
1164 826 83 28 enär
1271 825 11 29 i
1308 824 30 37 ej
1364 825 97 36 ringa
1485 824 139 30 omfatt-

119 867 83 37 ning
220 868 295 30 bensinfirmorna
534 866 88 31 måst
642 867 108 30 sänka
772 867 360 36 spritinblandningen
1152 867 11 29 i
1181 868 163 35 bentylen
1364 868 109 29 under
1492 867 42 30 de
1552 867 72 29 tek-

120 910 92 30 niskt
232 910 126 36 riktiga
381 911 40 29 25
443 913 142 33 procent
607 910 55 29 för
682 913 48 26 att
754 909 36 30 få
812 910 113 29 denna
948 919 82 20 vara
1052 912 49 27 att
1124 910 105 29 räcka
1253 910 51 29 till
1326 909 55 30 för
1402 908 222 37 efterfrågan.

161 953 260 30 Produktionen
439 963 43 20 av
498 952 183 37 sulfitsprit
697 953 110 29 under
825 951 260 37 regleringsåret
1104 953 147 29 1934—1
1271 953 145 29 oktober
1435 953 83 29 1935
1535 953 90 30 hade

115 995 129 36 utgjort
266 996 196 35 50,173,066
482 995 223 30 normalliter.
750 994 52 31 Då
820 994 253 37 försäljningen
1093 995 51 30 till
1166 995 261 36 spritcentralen
1449 995 176 36 samtidigt

116 1046 122 27 genom
264 1038 124 36 Kungl.
412 1038 118 35 Maj:ts
552 1038 111 29 beslut
685 1038 88 30 varit
795 1038 216 30 maximerad
1034 1038 57 30 vid
1115 1038 42 30 45
1179 1037 162 36 miljoner
1362 1038 85 35 liter,
1469 1038 91 30 hade
1582 1047 42 21 en

118 1081 194 35 betydande
329 1080 225 37 lagerökning
574 1082 56 34 ägt
647 1090 87 20 rum.
777 1080 65 31 Vid
860 1080 228 36 regleringens
1109 1080 124 37 början
1252 1081 67 29 den
1340 1081 14 28 1
1376 1080 144 30 oktober
1542 1080 82 30 1934

115 1123 90 29 hade
223 1123 461 36 sulfitspritproducenterna
704 1123 9 29 i
733 1123 93 35 lager
847 1123 194 35 14,660,000
1061 1123 224 30 normalliter.
1326 1122 96 31 Efter
1442 1124 56 29 det
1514 1123 110 30 första

116 1164 276 37 regleringsårets
418 1166 67 29 slut
507 1166 66 29 den
598 1167 14 28 1
636 1165 143 30 oktober
803 1166 84 29 1935
911 1166 90 29 hade
1024 1166 42 29 de
1087 1166 140 35 lagrade
1249 1166 253 30 kvantiteterna
1524 1166 100 30 ökats

115 1208 51 29 till
197 1208 194 35 19,997,000
421 1208 223 30 normalliter.
695 1207 52 31 Då
776 1208 292 36 lagerutrymmen
1097 1218 48 20 nu
1173 1208 145 35 började
1346 1211 90 33 tryta
1464 1211 90 27 samt
1581 1218 43 20 en

116 1250 250 31 ackumulerad
386 1250 221 36 tillverkning
630 1249 44 37 på
696 1251 92 35 lager
809 1250 30 36 ej
866 1251 116 29 kunde
1003 1251 63 36 äga
1090 1260 77 21 rum
1191 1251 92 30 huru
1306 1251 100 36 länge
1429 1260 75 21 som
1524 1251 100 35 helst,

115 1293 90 30 hade
242 1292 399 37 driftsinskränkningar
678 1293 256 36 framtvungits.
985 1293 106 31 Dessa
1119 1293 192 31 stillestånd
1339 1294 57 30 vid
1422 1293 202 31 fabrikerna

116 1344 80 21 vore
214 1335 148 31 förvisso
382 1335 31 36 ej
434 1336 258 36 betydelselösa.
738 1335 247 31 Förhållandet
1005 1345 90 27 vore,
1117 1339 49 27 att
1186 1336 96 35 varje
1303 1336 116 30 fabrik
1441 1337 110 29 skulle
1573 1335 51 31 stå

116 1378 90 30 stilla
227 1378 9 30 i
259 1377 57 31 två
337 1377 176 37 månader,
535 1379 110 29 under
668 1378 114 30 vilken
804 1378 50 31 tid
877 1379 205 36 personalen
1104 1379 97 30 bleve
1220 1382 85 27 utan
1329 1379 125 30 arbete.

161 1420 65 30 Vid
249 1420 66 30 full
338 1420 82 31 drift
443 1430 41 20 av
508 1421 66 30 alla
598 1420 240 36 spritfabriker
863 1421 65 30 och
951 1421 56 30 vid
1031 1421 137 29 normal
1192 1421 82 30 drift
1299 1421 57 30 vid
1381 1420 109 37 själva
1516 1420 107 31 sulfit-

115 1462 202 31 fabrikerna
339 1463 97 29 torde
459 1463 443 36 sulfitspritproduktionen
927 1463 141 30 komma
1094 1466 49 27 att
1166 1464 88 35 ligga
1277 1464 58 29 vid
1356 1464 105 29 minst
1486 1464 40 29 55
1549 1464 74 29 mil-

115 1504 99 36 joner
233 1505 224 30 normalliter.
503 1505 202 35 Avsättning
727 1506 110 29 skulle
860 1504 145 31 sålunda
1026 1506 134 30 behöva
1182 1506 176 35 medgivas
1380 1505 54 31 för
1454 1515 42 21 en
1517 1506 106 30 kvan-

118 1547 73 30 titet
212 1556 51 27 av,
286 1549 120 29 utöver
426 1548 65 30 vad
513 1557 47 20 nu
581 1557 80 21 vore
682 1547 104 36 fallet,
807 1547 96 30 cirka
928 1549 39 28 10
987 1547 160 37 miljoner
1168 1548 224 30 normalliter.

160 1588 48 31 På
227 1590 66 29 sätt
314 1589 95 31 förut
429 1588 221 37 framhållits,
672 1590 90 29 hade
782 1590 268 30 konsumtionen
1071 1599 42 21 av
1132 1590 137 30 teknisk
1290 1590 86 36 sprit
1397 1590 100 36 stigit,
1518 1589 37 31 så
1576 1593 49 27 att

119 1631 393 37 sulfitspritindustriens
533 1632 135 30 tillåtna
688 1632 195 36 avsättning
903 1632 122 30 endast
1045 1632 46 36 på
1112 1633 112 29 denna
1243 1634 111 34 grund
1377 1633 63 29 och
1462 1635 84 27 utan
1566 1632 58 31 ök-

115 1674 82 36 ning
215 1684 42 20 av
275 1674 238 37 avsättningen
533 1675 51 29 till
601 1675 200 35 motorsprit
821 1675 134 30 kunnat
972 1674 101 36 höjas
1090 1675 51 30 till
1160 1676 40 29 45
1218 1675 163 35 miljoner
1399 1675 224 30 normalliter.

116 1717 200 30 Emellertid
345 1717 128 30 ökades
500 1717 175 36 samtidigt
704 1718 86 29 även
817 1717 296 37 bensinimporten
1141 1718 181 35 väsentligt
1350 1721 89 27 samt
1465 1718 159 36 utgjorde

116 1760 109 29 under
246 1760 95 29 tiden
365 1760 146 29 1934—1
537 1760 179 30 december
739 1761 82 29 1935
845 1760 93 30 534.5
959 1760 161 36 miljoner
1142 1760 84 30 liter.
1271 1760 124 36 Kungl.
1415 1761 102 35 Maj:t
1535 1761 90 30 hade

116 1802 107 29 därav
251 1801 181 31 föranletts
461 1805 48 27 att
538 1803 110 29 sänka
675 1802 313 31 bensinfirmornas
1016 1803 269 36 inköpsprocent
1313 1802 79 31 från
1419 1804 49 29 3.6
1494 1804 51 29 till
1576 1804 49 29 2.7

115 1845 192 35 respektive
331 1846 57 33 2.9,
413 1844 199 36 varigenom
636 1845 65 29 den
725 1845 168 30 kvantitet
916 1846 210 35 motorsprit,
1151 1855 74 20 som
1248 1845 170 31 tillfördes
1441 1846 99 30 dessa
1565 1845 58 30 fir-

119 1895 86 27 mor,
227 1888 177 29 kvarhölls
426 1888 108 29 under
561 1889 36 28 17
620 1886 159 36 miljoner
803 1887 85 30 liter.

160 1928 256 30 Motionärerna
434 1928 136 36 ansåge,
591 1932 47 26 att
657 1929 66 29 den
743 1928 269 36 inköpsprocent
1032 1929 54 30 för
1106 1929 304 35 bensinfirmorna,
1431 1938 74 20 som
1526 1929 96 30 bleve

116 1980 42 20 en
179 1971 108 35 logisk
308 1971 90 35 följd
419 1980 42 20 av
481 1971 201 35 riksdagens
703 1971 111 30 beslut
835 1970 38 31 år
897 1972 82 29 1934
1000 1971 9 30 i
1030 1972 199 35 anslutning
1251 1972 51 29 till
1325 1971 198 31 dåvarande
1544 1972 80 30 ben-

117 2013 182 36 sinimport
327 2023 42 20 av
396 2014 61 29 477
487 2013 162 35 miljoner
678 2013 83 35 liter,
793 2014 81 29 eller
901 2014 49 29 3.6
975 2017 151 32 procent,
1153 2014 106 29 borde
1288 2014 120 30 kunna
1432 2014 192 30 bibehållas

117 2056 85 29 även
230 2056 56 29 vid
313 2056 66 29 den
405 2056 111 29 ökade
542 2056 306 36 bensinimporten.
898 2055 134 31 Skedde
1056 2056 102 34 detta,
1185 2057 111 29 skulle
1321 2066 41 20 en
1389 2057 168 29 kvantitet
1583 2066 41 20 av

116 2098 96 30 cirka
233 2099 49 29 3.7
301 2097 162 37 miljoner
483 2099 74 29 liter
577 2098 199 36 motorsprit
803 2098 60 36 (7.4
883 2098 160 36 miljoner
1062 2098 225 35 normalliter)
1314 2100 119 29 utöver
1453 2108 171 21 nuvaran-

119 2140 41 29 de
176 2140 128 36 mängd
320 2140 105 29 vinna
441 2140 195 35 avsättning
653 2140 9 30 i
679 2141 90 29 form
786 2150 42 20 av
845 2141 189 35 lättbentyl.
1076 2141 77 29 Med
1171 2141 65 29 den
1254 2140 210 36 efterfrågan
1482 2140 44 36 på
1544 2141 81 29 den-

116 2192 45 20 na
185 2192 92 26 vara,
301 2193 74 20 som
399 2183 9 29 i
431 2184 233 34 verkligheten
688 2183 135 35 funnes,
849 2193 56 19 om
929 2184 66 29 den
1018 2183 31 35 ej
1075 2184 256 29 tillbakahölles
1353 2192 123 26 genom
1499 2184 125 30 obenä-

117 2225 123 34 genhet
259 2226 63 29 hos
342 2225 293 30 bensinfirmorna
656 2228 47 27 att
723 2226 62 29 alls
806 2225 88 35 sälja
912 2226 116 35 bentyl
1050 2226 80 29 eller
1151 2229 49 26 att
1221 2225 88 36 sälja
1329 2225 108 31 sådan
1458 2227 79 29 med
1559 2227 66 29 rätt

119 2267 201 35 blandning,
341 2268 106 28 borde
467 2268 55 28 det
542 2267 31 36 ej
594 2268 90 28 möta
706 2267 106 35 några
833 2267 209 35 svårigheter
1063 2271 47 26 att
1131 2267 35 30 få
1186 2268 146 29 berörda
1353 2267 167 30 kvantitet
1541 2267 83 30 kon-

118 2310 171 28 sumerad.
337 2309 49 30 Då
413 2310 85 28 även
523 2309 291 33 fortsättninesvis
838 2309 113 35 någon
975 2310 129 34 ökning
1127 2319 42 20 av
1194 2310 268 29 konsumtionen
1488 2319 42 20 av
1556 2311 68 28 tek-

118 2351 75 29 nisk
212 2351 83 35 sprit
316 2351 107 29 borde
442 2350 36 31 få
496 2351 188 34 förväntas,
704 2352 109 29 skulle
830 2361 82 20 man
930 2350 44 36 på
992 2352 90 29 detta
1102 2352 65 29 sätt
1184 2351 183 30 efterhand
1388 2352 118 29 kunna
1526 2352 98 29 finna

118 2393 64 29 och
207 2393 126 29 bevara
359 2403 41 19 en
424 2393 196 35 avsättning
643 2394 53 28 för
723 2393 394 35 sulfitspritindustriens
1141 2394 105 29 tolala
1270 2394 221 34 tillverkning
1515 2404 42 19 av
1585 2395 40 28 55

118 2434 161 36 miljoner
307 2435 223 30 normalliter.
