2216 2604
706 142 291 34 Statsutskottets
1018 139 187 34 memorial
1226 138 54 33 Nr
1303 139 58 32 65.
1730 136 44 33 15

359 223 120 37 under
508 222 118 36 andra
653 219 242 39 huvudtiteln
926 248 168 7 .......eee
1115 246 157 7 seem
1303 215 139 36 kronor
1496 214 206 47 3,250,000

413 288 19 23 »
505 273 121 49 tredje
760 284 18 24 Doo
928 299 344 7 liresrsrarsssesrrrsnnrer
1230 265 45 58 enn
1357 279 18 23 »
1535 266 167 47 875,000

413 339 18 24 »
506 325 121 50 fjärde
759 336 18 23 Do
928 350 343 8 drererssrser
1103 318 55 58 serek
1171 350 100 8 sersenen
1357 331 18 24 »
1473 319 229 46 16,500,000

414 391 17 23 >
505 378 115 36 femte
760 388 17 23 Do
962 402 309 8 rerrererressesessesrnsrr
1257 370 19 55 a
1356 383 18 24 »
1496 370 206 47 9,500,000

414 443 19 23 »
507 429 112 49 sjätte
759 440 18 23 Do
974 454 298 8 Hökertförrsesenrnerenren
1232 422 44 57 enn
1357 435 18 24 »
1537 422 166 46 300,000

414 494 18 24 »
506 480 136 50 sjunde
760 492 18 23 Doo
929 506 344 8 leesdhnre
1080 473 43 57 då
1137 506 136 8 srsenernnen
1358 487 18 23 »
1499 474 204 47 6,800,000

410 546 18 23 »
500 532 155 38 åttonde
759 543 18 23 Do
928 558 344 8 drerrrreressrsrasrnnrsnsnnn
1259 525 18 56 a
1358 538 18 24 »
1498 526 205 47 9,250,000

413 597 19 24 »
505 583 129 38 tionde
760 595 18 23 Do
927 610 345 8 drtrrrrarrsrrereraraarar
1219 576 58 57 orena
1358 590 18 24 »
1497 577 206 47 2,175,000

359 678 99 31 samt

359 724 37 48 4)
438 723 58 37 till
536 721 241 39 bestridande
809 735 47 23 av
884 720 257 37 kostnaderna
1167 718 60 36 för
1255 716 287 49 dyrtidstillägg
1570 715 120 37 under
1717 715 117 37 första

230 776 172 37 halvåret
445 777 97 35 1923
575 774 64 37 vid
668 772 290 38 nedannämnda
985 771 94 38 verk
1108 771 71 36 och
1197 769 260 37 institutioner
1486 770 20 33 å
1535 772 108 32 extra
1672 772 75 31 stat
1776 767 58 37 för

231 828 101 37 tiden
364 830 18 33 1
408 827 257 48 januari—30
688 825 85 49 juni
804 826 97 35 1923
932 824 150 36 anvisat

753 931 114 35 under
894 930 133 44 sjunde
1056 926 249 37 huvudtiteln:

360 1000 57 37 för
457 1005 124 44 mynt-
627 998 70 37 och
733 997 342 50 justeringsverket
1121 1000 54 32 ett
1216 993 267 38 reservations-

231 1053 135 48 ANSläg
394 1055 21 33 Å
437 1083 190 5 osesssvsesskl
647 1082 73 4 srsessa
729 1081 15 5 rn
755 1081 83 5 BIT
879 1081 6 4 r
894 1081 14 4 rr
917 1080 14 5 er
950 1080 63 5 Ener
1022 1080 38 4 or
1070 1045 5 60 A
1091 1079 29 5 are
1127 1079 3 4 e
1138 1079 51 4 arne
1198 1078 26 5 kan
1235 1077 48 5 RANA
1292 1077 25 4 ARR
1325 1077 52 5 RNA
1397 1077 25 4 ene
1430 1076 52 5 nn
1512 1045 141 36 kronor
1682 1045 150 47 25,000,

361 1109 55 31 att
443 1103 124 37 direkt
594 1105 93 47 utgå
715 1115 45 24 av
788 1101 167 37 inkomst
983 1114 46 23 av
1057 1099 207 50 myntning
1291 1098 70 37 och
1384 1097 209 50 justering;

361 1156 58 36 för
459 1155 118 37 bank-
618 1155 71 36 och
730 1152 361 49 fondinspektionen
1134 1156 53 31 ett
1213 1150 269 37 reservations-

231 1209 137 47 anslag
397 1210 20 33 å
469 1238 122 5 oo...
609 1238 5 4 isesrarssser
773 1200 29 56 ere
811 1200 14 56 ie
833 1235 40 5 etee
881 1235 39 5 esse
928 1235 15 5 sr
961 1200 52 56 entre
1021 1235 13 4 on
1046 1234 14 5 sr
1074 1234 32 5 rs
1116 1234 14 4 ra
1144 1233 45 5 ere
1197 1233 4 4 R
1220 1233 40 4 tre
1270 1232 36 5 tees
1313 1233 5 4 r
1326 1232 40 5 nera
1375 1232 25 5 ren
1410 1232 25 4 ren
1445 1232 36 4 erna
1511 1201 142 35 kronor
1682 1201 150 46 16,000,

361 1264 55 31 att
443 1258 124 37 direkt
594 1260 95 46 utgå
716 1271 47 22 av
790 1256 136 48 bidrag
953 1255 56 36 till
1038 1252 370 50 bankinspektionen
1437 1251 70 37 och
1537 1265 46 23 av
1611 1251 138 48 bidrag
1776 1252 57 36 till

230 1310 377 50 fondinspektionen;

362 1362 59 36 för
462 1360 371 50 kontrollstyrelsens
878 1358 209 49 avdelning
1127 1357 58 37 för
1225 1355 163 38 ärenden
1418 1368 63 23 an-

231 1414 147 49 gående
407 1413 172 38 skattefri
607 1413 95 49 sprit
729 1426 48 22 m.
798 1415 58 33 mn.
886 1415 54 32 ett
966 1408 393 49 reservationsanslag
1386 1410 83 33 å.....
1512 1407 141 36 kronor
1683 1407 148 47 10,000,

362 1472 54 30 att
444 1465 122 37 direkt
594 1467 92 46 utgå
714 1477 46 23 av
788 1461 479 50 denatureringsavgifter;

755 1551 115 35 under
884 1542 157 43 åttonde
1070 1548 244 36 huvudtiteln:

361 1620 56 37 för
444 1625 145 31 statens
618 1619 247 49 biografbyrå
893 1622 55 32 ett
975 1615 394 49 reservationsanslag
1397 1617 20 34 å
1454 1645 39 5 ....
1524 1614 152 47 kronor,
1706 1615 126 47 8,500,

362 1677 55 31 att
445 1671 121 37 direkt
594 1673 94 45 utgå
716 1684 46 22 av
790 1669 167 49 avgifter
984 1670 59 34 för
1070 1667 243 49 granskning
1341 1680 46 22 av
1415 1665 296 49 biografbilder;

762 1757 114 35 under
904 1757 121 35 tionde
1054 1754 250 36 huvudtiteln:

365 1827 57 36 för
467 1831 142 44 patent
661 1825 70 37 och
777 1822 383 51 registeringsverket
1200 1827 53 30 ett
1292 1833 165 24 reserva-

234 1879 243 48 tionsanslag
504 1881 21 33 å
549 1906 543 7 sossmssmmnrne
791 1873 59 58 ker
878 1906 214 7 erna
1112 1906 99 4 reser
1230 1905 38 4 sena
1278 1904 36 5 user
1323 1903 133 5 seen
1486 1871 141 37 kronor
1659 1872 173 47 120,000,

363 1936 53 30 att
457 1929 123 37 direkt
619 1931 93 45 utgå
752 1942 47 23 av
840 1933 146 44 patent-
1014 1927 70 36 och
1126 1925 260 37 varumärkes-
1414 1928 98 32 samt
1548 1923 285 48 registrerings-

232 1982 188 48 avgifters
449 1981 136 44 medel;
779 1976 7 5 |

362 2033 58 36 för
450 2030 502 49 försäkringsinspektionen
981 2035 53 30 ett
1052 2028 392 46 reservationsanslag
1464 2029 20 33 å
1512 2026 141 35 kronor
1684 2026 149 46 12,000,

364 2089 54 30 att
445 2083 121 36 direkt
594 2085 93 45 utgå
714 2095 47 22 av
789 2081 136 48 bidrag
952 2080 56 36 till
1037 2078 518 49 försäkringsinspektionen;

362 2134 55 36 till
458 2133 244 38 bestridande
743 2146 45 23 av
830 2131 265 37 motsvarande
1136 2129 204 37 kostnader
1370 2129 57 36 för
1454 2127 380 49 befattningshavare

232 2186 64 37 vid
324 2186 94 36 verk
446 2185 70 37 och
544 2184 272 47 institutioner,
845 2197 81 23 som
957 2182 84 37 icke
1070 2182 67 36 här
1166 2194 98 23 ovan
1292 2180 152 37 särskilt
1472 2179 179 49 angivits,
1681 2181 20 33 å
1729 2184 106 30 extra

232 2244 75 31 stat
335 2237 58 37 för
420 2237 102 36 tiden
556 2239 16 33 1
599 2235 257 50 januari—30
880 2234 85 48 juni
997 2236 96 34 1923
1124 2236 123 34 såsom
1276 2231 302 49 förslagsanslag
1606 2230 147 36 anvisat
