1904 2814
295 185 41 31 22
749 182 281 31 Statsutskottets
1050 182 176 30 utlåtande
1245 182 50 29 Nr
1314 185 24 26 8.

78 265 179 26 Instrument
289 256 21 53 =
338 262 86 43 33:0)
449 264 15 31 I
488 263 150 42 enlighet
661 263 78 32 med
763 263 126 42 Kungl.
915 263 116 41 Maj:ts
1055 263 128 42 förslag
1199 260 121 44 (punkt
1337 261 53 43 32)
1406 263 196 32 hemställer
1618 264 171 40 utskottet,

81 301 54 25 och
154 301 102 25 musei-

98 336 71 32 skåp
189 337 45 24 för
658 319 49 29 att
731 316 181 42 riksdagen
936 319 66 36 må,
1028 317 11 31 i
1063 316 106 32 likhet
1193 316 78 32 med
1295 316 66 32 vad
1385 317 54 31 för
1462 316 232 33 innevarande
1709 317 82 33 bud-

96 372 144 40 paleozoo-
615 372 93 39 getår
741 373 57 38 ägt
829 381 88 28 rum,
950 370 51 32 till
1033 370 105 41 inköp
1172 371 53 31 för
1256 370 285 31 naturhistoriska
1574 370 217 33 riksmuseets

71 404 202 75 avdelningen.
615 423 290 41 paleozoologiska
928 423 186 42 avdelning
1137 434 42 22 av
1203 423 204 32 instrument
1431 423 65 32 och
1520 424 194 41 museiskåp
1736 435 54 21 an-

131 485 72 43 [32.]
615 476 73 32 visa
719 477 54 32 för
808 476 199 42 budgetåret
1042 475 190 42 1929/1930
1261 480 46 29 ett
1330 480 93 29 extra
1447 477 345 42 reservationsanslag

615 541 43 21 av
682 531 99 37 5,000
804 530 133 32 kronor:

104 656 128 26 Förvärv
340 646 86 40 34:0)
460 645 111 33 Sedan
603 646 82 31 1927
716 647 53 30 års
799 645 137 42 riksdag
958 646 52 31 till
1034 646 137 33 förvärv
1196 646 63 32 och
1283 646 131 32 kemisk
1439 646 119 42 analys
1582 658 42 21 av
1649 646 142 32 mineral

76 688 115 76 ”ånalye
214 692 50 61 äv
294 700 78 31 från
405 699 182 41 Långbans
620 710 108 30 gruva
762 699 11 31 i
797 699 189 32 Värmland
1009 699 140 41 beviljat
1173 703 47 28 ett
1243 699 121 42 belopp
1389 711 43 21 av
1457 701 99 37 6,000
1580 700 125 32 kronor
1728 700 63 32 och

70 763 121 25 mineral
210 763 65 25 från
295 752 104 33 därav
422 753 54 31 för
500 755 76 29 vart
599 752 63 32 och
686 755 46 29 ett
755 763 43 21 av
821 752 208 41 budgetåren
1054 750 188 43 1927/1929
1260 753 131 32 anvisat
1408 755 113 30 såsom
1538 757 93 28 extra
1647 764 144 22 reserva-

92 799 154 67 Pe
294 805 210 41 tionsanslag
528 806 98 38 2,000
650 805 133 39 kronor,
804 805 61 32 har
888 816 48 21 nu
953 805 127 42 Kungl.
1100 806 97 40 Maj:t
1214 803 120 44 (punkt
1350 804 52 43 33)
1420 807 175 41 föreslagit
1610 807 181 41 riksdagen

87 870 166 25 Värmland.
295 861 49 30 att
367 869 42 22 av
433 858 152 32 nämnda
608 858 122 42 belopp
755 860 19 30 å
799 859 97 38 6,000
920 858 126 32 kronor
1069 859 53 31 för
1145 859 199 41 budgetåret
1362 857 191 43 1929/1930
1570 861 111 30 såsom
1698 863 92 29 extra

133 908 72 53 [33.]
295 912 344 41 reservationsanslag
663 912 118 32 anvisa
805 912 97 38 2,000
927 912 133 32 kronor.

340 1018 172 33 Utskottet
534 1017 203 39 hemställer,

661 1074 48 29 att
731 1071 181 41 riksdagen
936 1073 57 30 må
1017 1082 42 22 av
1084 1072 55 32 det
1162 1074 82 30 utav
1263 1073 82 31 1927
1363 1074 53 30 års
1433 1072 140 42 riksdag
1587 1073 50 32 till
1653 1074 138 32 förvärv

617 1125 63 31 och
701 1124 132 32 kemisk
857 1124 117 42 analys
999 1135 43 22 av
1066 1125 142 32 mineral
1230 1126 76 31 från
1322 1126 183 41 Långbans
1521 1137 108 30 gruva
1645 1127 9 31 i
1673 1127 117 32 Värm-

616 1178 80 31 land
721 1178 167 41 beviljade
912 1178 158 42 beloppet
1089 1189 42 22 av
1148 1180 98 38 6,000
1262 1179 124 32 kronor
1402 1181 54 30 för
1472 1179 201 42 budgetåret
1691 1179 100 42 1929/

620 1232 84 31 1930
728 1233 112 30 såsom
864 1234 94 29 extra
981 1232 343 41 reservationsanslag
1346 1233 120 32 anvisa
1489 1234 99 38 2,000
1612 1234 133 32 kronor.

93 1357 156 26 Ördnande
340 1344 86 43 35:0o)
450 1347 16 31 I
490 1347 150 41 enlighet
664 1347 77 32 med
766 1347 126 41 Kungl.
918 1347 115 41 Maj:ts
1056 1347 127 42 förslag
1199 1345 122 44 (punkt
1337 1346 52 42 34)
1406 1349 195 32 hemställer
1617 1350 173 39 utskottet,

72 1394 52 59 och
144 1401 131 53 prepare
660 1403 49 29 att
732 1400 180 42 riksdagen
938 1403 65 36 må,
1029 1401 11 31 i
1064 1400 106 33 likhet
1193 1401 80 32 med
1297 1402 65 32 vad
1385 1403 55 31 för
1462 1402 232 33 innevarande
1710 1403 81 32 bud-

86 1464 77 26 vissa
179 1437 73 53 sam-
617 1455 94 40 getår
734 1456 57 38 ägt
815 1465 86 27 rum,
926 1455 54 30 för
1004 1454 200 42 budgetåret
1230 1453 188 42 1929/1930
1443 1456 120 32 anvisa

76 1500 93 40 lingar
187 1500 79 25 inom
660 1504 30 43 a)
714 1506 51 33 till
789 1507 174 32 ordnande
988 1507 63 32 och
1075 1508 218 41 preparering
1316 1519 42 22 av
1381 1509 92 32 vissa
1497 1509 185 42 samlingar
1697 1510 93 32 inom

75 1536 188 25 riksmuseets
745 1560 6 6 .
827 1561 5 5 .
952 1561 5 5 .
1294 1562 5 5 s
1528 1563 5 5 s

94 1571 152 26 botaniska
616 1560 282 32 naturhistoriska
932 1561 219 32 riksmuseets
1186 1562 179 32 botaniska
1399 1562 186 42 avdelning
1619 1566 46 29 ett
1698 1568 94 28 extra

94 1603 155 68 avdelning
617 1613 118 42 anslag
759 1624 42 22 av
824 1615 99 38 4,000
946 1614 135 39 kronor,

134 1663 28 64 [3
165 1662 53 65 4]
662 1664 31 43 b)
718 1667 50 31 till
792 1667 224 32 anskaffande
1040 1678 42 22 av
1106 1678 67 31 nya
1197 1668 237 42 herbarieskåp
1459 1670 54 31 för
1535 1681 131 21 samma
1682 1671 109 32 avdel-

617 1720 84 41 ning
725 1723 46 29 ett
795 1723 93 29 extra
910 1721 344 42 reservationsanslag
1278 1732 42 22 av
1344 1723 98 38 3,000
1466 1723 134 32 kronor.

103 1828 134 53 "Arbets-
343 1832 85 43 36:0)
452 1835 16 31 I
492 1835 150 41 enlighet
666 1835 77 32 med
767 1836 126 41 Kungl.
920 1836 115 41 Maj:ts
1058 1837 127 41 förslag
1201 1835 122 43 (punkt
1339 1836 52 42 35)
1407 1839 196 32 hemställer
1619 1840 171 39 utskottet,

80 1872 119 62 brats:
211 1873 48 61 vid
663 1892 48 28 att
735 1889 179 41 riksdagen
940 1891 66 37 må,
1032 1890 10 31 i
1065 1890 107 32 likhet
1197 1891 77 31 med
1297 1891 66 32 vad
1387 1892 54 31 för
1464 1892 232 33 innevarande
1710 1893 81 32 bud-

87 1944 78 25 riska
184 1944 69 25 riks-
619 1944 93 39 getår
744 1945 57 38 ägt
831 1954 86 27 rum,
947 1943 49 32 till
1021 1943 242 33 arbetsbiträde
1287 1956 44 20 m.
1357 1956 43 20 m.
1426 1945 59 32 vid
1509 1946 283 33 naturhistoriska

95 1982 153 59 olicka
618 1995 217 32 riksmuseets
868 1996 179 32 botaniska
1079 1997 184 41 avdelning
1295 1999 52 30 för
1376 1998 201 41 budgetåret
1603 1998 189 42 1929/1930

90 2041 162 49 avdelning.
618 2049 119 32 anvisa
769 2052 46 29 ett
845 2052 94 29 extra
966 2050 119 41 anslag
1109 2061 41 21 av
1175 2051 98 38 3,000
1297 2051 124 32 kronor
1445 2055 49 29 att
1517 2054 82 39 utgå
1623 2053 105 41 enligt
1751 2054 40 32 de

135 2093 72 43 [35.]
618 2107 155 27 närmare
801 2103 219 39 föreskrifter,
1045 2103 127 42 Kungl.
1199 2104 98 41 Maj:t
1320 2105 68 31 kan
1411 2105 95 32 finna
1530 2106 73 31 skäl
1626 2107 163 32 meddela.

75 2211 196 43 Anskaffande
309 2201 15 57 —
343 2205 86 43 37:0)
463 2208 111 32 Sedan
611 2210 83 30 1928
728 2211 53 30 års
814 2209 137 41 riksdag
983 2209 51 32 till
1067 2210 223 33 anskaffande
1323 2222 42 22 av
1392 2222 68 31 nya
1490 2213 85 41 skåp
1599 2224 44 21 m.
1670 2225 43 20 m.
1739 2214 53 31 för

78 2254 109 54 RN
198 2247 71 60 Skåp
298 2261 283 32 naturhistoriska
614 2262 216 32 riksmuseets
863 2263 269 41 entomologiska
1161 2264 184 42 avdelning
1368 2264 142 42 beviljat
1534 2269 45 28 ett
1602 2266 122 42 belopp
1749 2278 43 21 av

80 2318 186 25 riksmuseets
299 2315 120 37 20,000
452 2315 125 32 kronor
610 2320 88 27 samt
730 2316 104 31 därav
866 2316 133 32 anvisat
1032 2317 53 31 för
1117 2317 199 41 budgetåret
1349 2317 188 42 1928/1929
1563 2321 110 30 såsom
1698 2324 94 28 extra

96 2354 153 66 em
298 2368 344 42 reservationsanslag
675 2369 98 38 5,000
806 2369 133 39 kronor,
964 2370 62 31 har
1049 2381 48 21 nu
1122 2370 127 41 Kungl.
1275 2371 97 41 Maj:t
1395 2369 123 44 (punkt
1542 2371 53 42 36)
1619 2374 173 41 föreslagit

92 2424 162 33 avdelning.
298 2420 182 42 riksdagen
504 2424 48 29 att
576 2433 42 20 av
642 2422 225 32 omförmälda
880 2423 133 41 belopp,
1028 2424 121 38 20,000
1165 2424 133 39 kronor,
1316 2425 53 31 för
1385 2425 199 42 budgetåret
1603 2425 188 43 1929/1930

137 2467 72 42 [36.]
251 2463 19 59 —
299 2474 118 32 anvisa
441 2476 112 30 såsom
579 2478 93 29 extra
695 2476 344 42 reservationsanslag
1062 2478 99 38 5,000
1184 2478 133 32 kronor.
