1926 2812
293 167 63 32 146
744 163 281 31 Statsutskottets
1045 163 177 30 utlåtande
1241 162 51 30 Nr
1310 165 25 27 8.

611 245 63 32 och
709 245 174 32 förskolan
917 247 88 29 samt
1036 245 54 31 för
1117 247 127 29 statens
1267 244 184 41 järnvägar
1474 254 197 31 gemensam
1696 245 92 32 täckt

611 298 285 42 avloppsledning
919 298 120 33 anvisa
1062 299 53 31 för
1138 297 200 42 budgetåret
1364 295 189 38 1929/1930
1569 300 47 29 ett
1631 300 95 29 extra
1742 308 45 21 re-

611 351 308 42 servationsanslag
941 362 43 22 av
1010 352 120 35 27,000
1153 352 138 38 kronor;

657 402 33 44 b)
714 405 187 41 anledning
923 415 44 22 av
990 405 116 32 herrar
1129 405 138 32 Petréns
1292 416 44 21 m.
1351 405 31 31 fl.
1401 405 63 32 och
1481 404 193 32 Mosessons
1691 415 45 20 m.
1754 404 32 32 fl.

612 458 235 33 ovanberörda
869 459 168 32 motioner
1054 456 39 43 (I:
1113 460 38 30 17
1170 459 63 31 och
1251 459 49 31 II:
1317 455 54 44 40)
1388 458 11 32 i
1415 458 159 32 skrivelse
1589 457 51 33 till
1657 457 129 41 Kungl.

614 512 98 41 Maj:t
736 512 146 39 anhålla,
907 514 49 29 att
979 511 127 41 Kungl.
1133 512 99 40 Maj:t
1255 513 105 30 måtte
1383 511 50 32 till
1461 512 86 31 1930
1570 513 53 30 års
1648 510 140 41 riksdag

612 565 192 42 framlägga
814 565 127 41 förslag
954 565 175 41 angående
1139 565 183 32 utförande
1332 576 43 21 av
1385 564 218 42 erforderliga
1613 563 175 41 ändrings-

613 619 137 32 arbeten
781 618 58 33 vid
863 619 169 32 institutet
1055 619 63 31 och
1138 618 175 33 förskolan
1329 619 54 31 för
1399 618 116 32 blinda
1531 620 20 30 å
1566 617 220 33 Tomteboda.

62 721 40 70 såg
132 725 143 62 pre
339 724 108 44 224:0)
482 725 128 42 Kungl.
647 726 100 40 Maj:t
770 725 62 32 har
856 723 122 44 (punkt
1002 722 76 44 221)
1102 724 176 42 föreslagit
1300 725 182 41 riksdagen
1506 727 49 30 att
1577 725 51 32 till
1653 726 136 31 förstär-

62 770 54 53 "ie
127 760 148 73 undlaget
294 780 111 32 kande
438 791 42 21 av
513 779 57 33 det
593 779 169 32 ordinarie
790 779 152 41 anslaget
966 779 51 32 till
1041 778 174 33 förskolan
1238 780 55 30 för
1315 778 118 33 blinda
1456 779 11 31 i
1491 778 113 41 Växjö
1628 779 56 32 för
1706 778 82 33 bud-

62 833 44 26 till
126 833 148 40 förskolan
294 835 127 40 getåret
446 831 190 42 1929/1930
659 833 121 32 anvisa
803 835 47 29 ett
874 835 94 30 extra
992 832 119 41 anslag
1134 843 43 22 av
1201 833 100 38 5,000
1325 832 132 32 kronor.

73 868 147 69 for
221 876 44 18 >!
300 872 20 61 —
339 886 235 42 Utredningen
598 887 180 31 återfinnes
802 887 20 30 å
845 886 61 32 sid.
932 886 175 32 556—557
1132 885 11 32 i
1168 885 375 42 statsrådsprotokollet.

120 946 95 43 (223)
339 975 163 42 Anslaget
524 977 100 40 utgår
646 976 55 31 för
724 975 231 33 innevarande
978 974 166 42 budgetår
1167 975 78 32 med
1271 975 98 39 6,600
1392 975 135 32 kronor.

340 1065 181 38 Utskottet,
546 1075 72 22 som
642 1064 74 32 icke
739 1064 63 32 har
824 1065 105 40 något
952 1066 49 30 att
1025 1064 110 32 erinra
1159 1067 72 29 mot
1254 1063 128 42 Kungl.
1408 1064 114 41 Maj:ts
1546 1063 138 42 förslag,
1698 1063 91 33 hem-

296 1118 122 38 ställer,

660 1173 48 29 att
729 1171 181 41 riksdagen
927 1172 57 30 må
999 1170 50 32 till
1065 1170 236 33 förstärkande
1318 1181 42 22 av
1381 1170 56 32 det
1454 1170 167 33 ordinarie
1637 1171 153 41 anslaget

615 1224 50 32 till
693 1223 173 33 förskolan
899 1224 54 32 för
981 1223 116 33 blinda
1120 1224 11 32 i
1155 1224 113 40 Växjö
1292 1225 53 31 för
1373 1223 199 42 budgetåret
1600 1223 190 41 1929/1930

615 1277 120 33 anvisa
763 1280 46 29 ett
834 1280 94 29 extra
951 1277 118 41 anslag
1093 1288 42 21 av
1159 1278 100 38 5,000
1283 1277 133 32 kronor.

65 1400 212 26 Förstärkande
342 1391 107 43 225:o)
485 1393 16 32 I
536 1393 149 42 enlighet
717 1392 78 33 med
831 1393 128 41 Kungl.
990 1393 114 40 Maj:ts
1128 1393 129 41 förslag
1280 1390 121 44 (punkt
1425 1390 76 44 222)
1525 1393 195 33 hemställer
1744 1397 47 28 ut-

74 1445 35 17 av
129 1437 49 40 det
197 1436 71 26 ordi-
298 1447 131 38 skottet,

79 1480 79 18 narlie
178 1480 88 18 reser-

72 1498 206 54 vationsansla-
662 1503 48 29 att
734 1500 180 41 riksdagen
938 1502 66 36 må,
1030 1500 11 31 1
1064 1500 106 32 likhet
1193 1500 79 32 med
1296 1500 66 32 vad
1386 1501 53 31 för
1462 1500 232 33 innevarande
1710 1500 81 32 bud-

66 1546 61 59 går.
143 1544 36 60 EM
195 1544 83 60 aene
616 1555 94 40 getår
745 1556 57 38 ägt
836 1564 87 28 rum,
959 1553 50 32 till
1045 1553 234 32 förstärkande
1310 1564 43 22 av
1376 1553 56 32 det
1455 1553 168 33 ordinarie
1647 1565 145 21 reserva-

102 1604 140 50 Kristine-
618 1606 242 42 tionsanslaget
883 1606 51 32 till
958 1606 210 39 materialier,
1195 1618 162 30 expenser
1380 1618 44 20 m.
1450 1618 45 20 m.
1520 1608 53 31 för
1595 1607 196 32 hantverks-

96 1651 86 60 Homn
202 1651 47 60 för
618 1659 119 33 skolan
769 1660 10 31 i
804 1660 257 32 Kristinehamn
1085 1661 53 31 för
1161 1659 118 33 blinda
1302 1661 53 31 för
1378 1660 198 41 budgetåret
1602 1659 191 41 1929/1930

122 1728 99 43 [222]
619 1713 120 32 anvisa
766 1716 47 29 ett
836 1716 92 29 extra
952 1713 119 41 anslag
1095 1724 41 22 av
1161 1714 99 38 9,700
1284 1714 132 31 kronor.

76 1828 195 32 Uppehållan-
310 1813 18 53 —
345 1817 107 44 226:0)
476 1820 127 41 Kungl.
629 1820 100 40 Maj:t
751 1820 63 31 har
838 1817 122 44 (punkt
983 1817 76 43 223)
1083 1819 174 42 föreslagit
1280 1819 180 42 riksdagen
1485 1823 48 28 att
1556 1819 50 32 till
1630 1820 163 42 uppehål-

77 1864 45 60 de.
125 1866 146 65 kjng
299 1873 100 32 lande
422 1872 57 34 vid
504 1873 307 33 hantverksskolan
834 1873 11 32 i
869 1873 258 32 Kristinehamn
1152 1873 53 31 för
1229 1872 118 32 blinda
1370 1883 42 22 av
1428 1873 193 41 ytterligare
1638 1884 42 21 en
1697 1874 96 40 korg-

79 1934 190 41 korgmakeri-
301 1926 313 41 makeriavdelning
649 1926 119 33 anvisa
802 1927 54 31 för
887 1926 200 41 budgetåret
1112 1926 190 39 1929/1930
1327 1929 46 29 ett
1396 1929 94 29 extra
1512 1927 281 32 reservationsan-

67 1970 155 61 srdökäng
233 1970 47 25 vid
301 1980 72 41 sjag
396 1991 42 21 av
462 1981 99 37 5,600
585 1980 133 32 kronor.

113 2002 146 42 antverks-
480 2033 5 6 S
870 2033 5 6 .
1140 2033 6 6 .

68 2042 101 25 skolan
190 2041 9 25 i
219 2041 62 25 Kri-
326 2029 13 50 —-
345 2033 234 42 Utredningen
604 2034 180 31 återfinnes
808 2035 20 30 å
851 2033 60 32 sid.
937 2034 176 32 557—558
1137 2044 11 20 1
1173 2033 373 41 statsrådsprotokollet.

93 2077 165 26 stinehamn

91 2113 45 25 för
155 2112 107 26 blinda.

126 2154 96 43 [223]
345 2122 163 42 Anslaget
530 2124 99 40 utgår
652 2123 54 31 för
728 2122 232 33 innevarande
983 2122 167 41 budgetår
1174 2122 79 32 med
1277 2123 98 38 6,600
1398 2122 134 32 kronor.

346 2203 180 47 Utskottet,
551 2222 73 21 som
648 2211 73 32 icke
744 2212 64 32 har
830 2213 103 40 något
957 2214 49 30 att
1029 2212 110 31 erinra
1162 2214 72 30 mot
1258 2212 126 40 Kungl.
1410 2212 114 40 Maj:ts
1548 2212 137 41 förslag,
1704 2212 90 32 hem-

302 2264 122 39 ställer,

665 2320 49 29 att
744 2318 182 41 riksdagen
950 2320 57 30 må
1030 2318 51 32 till
1104 2318 250 41 uppehållande
1378 2318 57 33 vid
1459 2318 334 34 hantverksskolan
1775 2314 23 49 i

621 2371 260 32 Kristinehamn
905 2372 54 31 för
981 2371 117 32 blinda
1122 2382 42 22 av
1187 2371 192 42 ytterligare
1403 2383 41 21 en
1468 2372 326 41 korgmakeriavdel-

621 2424 84 42 ning
728 2425 119 32 anvisa
863 2426 54 31 för
940 2424 198 42 budgetåret
1164 2423 190 42 1929/1930
1378 2428 46 29 ett
1447 2428 93 29 extra
1562 2425 232 33 reservations-

622 2477 119 42 anslag
764 2489 42 21 av
831 2479 98 39 5,600
953 2478 134 32 kronor.
