1910 2820
577 170 281 30 Statsutskottets
878 168 176 30 utlåtande
1075 167 48 29 Nr
1143 170 24 26 8.
1585 167 29 29 11

450 254 91 37 1925,
577 251 126 41 bevilja
739 253 52 29 för
827 250 198 40 budgetåret
1063 246 189 42 1929/1930
1288 250 46 28 ett
1362 249 93 28 extra
1480 255 141 21 reserva-

445 306 208 39 tionsanslag
676 316 43 21 av
747 305 97 38 1,000
868 304 132 31 kronor.

174 379 84 38 12:0)
283 378 127 40 Kungl.
436 378 98 39 Maj:t
558 377 61 31 har
643 374 121 43 (punkt
792 373 50 42 11)
867 374 174 40 föreslagit
1066 373 179 39 riksdagen
1271 374 47 29 att
1644 367 132 42 Anslaget
1814 367 40 23 till

168 434 67 30 dels
259 432 82 40 höja
365 431 65 31 den
455 431 9 30 i
489 430 64 31 den
579 429 197 32 nuvarande
801 427 167 33 ordinarie
993 429 108 29 staten
1126 427 53 30 för
1203 425 101 31 stifts-
1329 424 60 31 och
1409 422 213 33 landsbiblio-
1644 403 209 59 RTR

124 487 89 31 teket
248 486 8 30 i
295 484 194 40 Linköping
524 483 166 40 ingående
727 482 255 40 anslagsposten
1007 479 124 32 arvode
1156 478 49 32 till
1229 488 198 27 amanuens,
1453 487 46 20 nu
1525 476 98 37 3,060
1660 472 181 40 landsbiblio-

125 540 134 36 kronor,
284 537 79 32 med
388 537 65 30 240
476 536 125 31 kronor
625 535 49 31 till
699 535 99 37 3,300
823 534 134 37 kronor,
1657 509 75 58 RE
1769 509 74 65 AG

170 592 66 31 dels
260 592 54 31 ock
338 590 82 40 höja
444 589 55 32 det
523 589 9 30 i
558 589 178 30 riksstaten
762 587 108 31 under
894 586 100 31 stifts-
1012 585 63 32 och
1093 583 297 33 landsbiblioteket
1407 583 8 30 i
1444 581 180 41 Linköping
1713 585 73 42 [11]

126 645 77 31 med
236 644 117 31 rubrik
377 642 211 40 Avlöningar
611 640 172 41 uppförda
808 639 167 32 ordinarie
999 637 309 41 förslagsanslaget,
1334 646 46 20 nu
1408 636 118 36 13,060
1552 635 70 30 kro-

125 709 71 27 nor,
221 697 77 32 med
325 697 64 31 240
414 696 124 31 kronor
561 694 49 32 till
637 695 118 37 13,300
780 693 132 31 kronor.

169 750 236 40 Utredningen
430 748 179 32 återfinnes
633 749 20 30 å
677 747 60 32 sid.
765 747 129 31 29—31
921 746 10 31 i
956 743 376 42 statsrådsprotokollet.

170 804 74 31 Den
269 802 192 41 föreslagna
491 801 189 40 höjningen
704 811 42 21 av
770 798 261 42 ifrågavarande
1057 797 212 41 anslagspost
1293 801 36 27 är
1353 794 126 34 avsedd
1503 794 49 32 till
1577 796 47 29 att

125 857 123 32 bereda
282 855 213 33 bibliotekets
526 864 198 27 amanuens,
750 852 115 32 vilken
890 852 150 40 åtnjuter
1063 850 134 38 arvode,
1223 848 238 33 motsvarande
1486 847 65 32 den
1576 846 48 32 till

125 921 42 21 en
192 919 188 23 amanuens
405 908 10 31 i
442 909 70 30 18:e
536 906 206 41 lönegraden
767 908 19 29 å
810 906 93 31 E-ort
922 904 167 41 utgående
1105 902 319 42 begynnelselönen,
1442 900 182 32 reducerad

125 964 10 31 i
169 962 214 33 förhållande
407 961 49 31 till
481 960 65 32 den
571 961 53 30 för
647 970 233 21 amanuensen
905 957 191 32 fastställda
1119 957 132 31 kortare
1275 953 348 43 tjänstgöringstiden,

125 1020 47 29 ett
207 1015 229 41 ålderstillägg
471 1015 76 30 från
583 1013 63 32 och
682 1012 79 32 med
794 1012 66 32 den
899 1013 14 30 1
939 1011 63 41 juli
1030 1011 94 38 1929,
1150 1009 165 32 beräknat
1339 1008 50 32 till
1413 1008 61 31 231
1501 1007 125 31 kronor

127 1072 43 30 43
195 1075 64 27 öre.

172 1160 173 32 Utskottet
380 1158 62 31 har
474 1159 110 30 ansett
619 1156 52 41 sig
705 1155 83 32 böra
812 1155 167 40 tillstyrka
1003 1153 128 41 Kungl.
1157 1152 115 40 Maj:ts
1296 1151 128 41 förslag
1448 1150 62 32 och
1534 1150 91 31 hem-

126 1212 114 33 ställer
264 1212 106 38 alltså,

492 1266 48 29 att
564 1262 180 42 riksdagen
770 1263 57 30 må

493 1317 31 37 a)
558 1316 81 41 höja
675 1316 66 31 den
776 1315 10 31 i
812 1315 65 32 den
902 1313 197 33 nuvarande
1124 1312 167 33 ordinarie
1316 1314 108 29 staten
1448 1311 53 31 för
1525 1310 101 31 stifts-

450 1370 62 32 och
536 1368 297 34 landsbiblioteket
856 1368 11 31 i
891 1367 194 41 Linköping
1108 1365 167 42 ingående
1299 1364 256 41 anslagsposten
1580 1374 46 20 ar-

449 1423 87 33 vode
571 1422 51 32 till
657 1432 200 28 amanuens,
883 1432 45 20 nu
954 1421 100 38 3,060
1078 1420 133 37 kronor,
1237 1418 79 32 med
1341 1418 64 31 240
1429 1417 125 31 kronor
1576 1416 50 31 till

450 1477 98 38 3,300
572 1477 135 37 kronor,

493 1527 32 43 b)
561 1530 81 40 höja
665 1529 57 32 det
745 1529 10 31 i
780 1528 180 32 riksstaten
984 1526 109 33 under
1109 1526 100 32 stifts-
1226 1525 63 32 och
1305 1523 322 33 landsbiblioteket
1609 1519 22 55 i

449 1583 195 42 Linköping
661 1582 78 32 med
752 1582 117 32 rubrik
882 1581 211 40 Avlöningar
1105 1579 172 42 uppförda
1290 1578 166 32 ordinarie
1473 1577 154 41 förslags-

450 1636 160 42 anslaget,
628 1647 47 21 nu
695 1636 119 38 13,060
827 1635 134 38 kronor,
979 1634 78 32 med
1075 1634 64 31 240
1155 1633 125 31 kronor
1296 1631 51 33 till
1362 1632 118 38 13,300
1493 1631 133 32 kronor.

176 1716 84 43 13:0)
294 1718 16 32 I
334 1718 149 41 enlighet
507 1717 76 32 med
608 1716 128 41 Kungl.
762 1715 115 41 Maj:ts
901 1714 128 42 förslag
1053 1711 121 44 (punkt
1200 1710 51 43 12)
1276 1712 64 32 och
1364 1712 108 31 under
1494 1711 133 32 hänvis-
1648 1720 212 31 Förstärkning

129 1773 84 41 ning
236 1772 51 31 till
311 1771 226 40 utredningen
562 1770 10 31 i
596 1769 138 32 ärendet
758 1767 72 42 (sid.
854 1769 131 31 31—33
1014 1767 10 32 i
1042 1762 375 45 statsrådsprotokollet)
1434 1764 194 32 hemställer
1665 1764 35 17 2V
1719 1763 123 17 reserva-

1648 1792 207 29 tionsanslaget

128 1822 163 46 utskottet
1648 1827 42 25 till
1704 1827 156 40 bokinköp,

496 1879 48 29 att
568 1876 181 41 riksdagen
774 1877 66 36 må,
866 1875 10 31 i
900 1874 107 32 likhet
1030 1874 78 32 med
1132 1873 67 33 vad
1223 1874 54 31 för
1300 1872 230 33 innevarande
1546 1871 81 33 bud-
1669 1862 101 62 pr

1709 1919 2 2 :
1764 1907 57 16 VISSö

452 1932 94 40 getår
569 1933 57 38 ägt
650 1941 87 26 rum,
763 1930 53 31 för
840 1928 199 42 budgetåret
1066 1926 190 41 1929/1930
1280 1926 119 33 anvisa
1682 1942 143 24 expenser

495 1981 30 44 a)
558 1984 50 32 till
641 1983 232 41 förstärkning
906 1993 42 22 av
981 1982 56 32 det
1061 1980 167 33 ordinarie
1253 1979 375 41 reservationsanslaget
1672 1979 94 52 in.
1784 1970 50 60 år

1704 2015 59 15 1utltsS-
1794 2015 42 15 och

450 2037 51 32 till
524 2037 184 41 bokinköp,
733 2036 206 40 inbindning
969 2036 63 31 och
1060 2035 90 32 vissa
1176 2045 164 30 expenser
1367 2035 52 31 för
1447 2033 101 32 stifts-
1565 2032 62 32 och
1665 2041 183 26 landsbiblio-

450 2090 297 33 landsbiblioteket
789 2090 10 31 i
842 2089 195 41 Linköping
1076 2091 46 29 ett
1161 2091 93 29 extra
1298 2087 118 41 anslag
1450 2097 42 22 av
1530 2087 98 38 2,000
1659 2074 79 69 toket
1756 2077 18 60 i
1798 2077 50 60 in

452 2141 133 45 kronor,
1717 2121 36 77 u
1751 2159 18 30 2
1784 2134 18 64 |
1807 2133 4 4 |

495 2195 33 42 b)
553 2197 50 32 till
627 2197 90 32 vissa
740 2195 398 42 konserveringsarbeten
1163 2194 58 33 vid
1245 2204 132 22 samma
1400 2193 161 33 bibliotek
1583 2197 45 28 ett
1775 2185 4 4 |

452 2254 93 30 extra
570 2249 343 42 reservationsanslag
937 2260 42 21 av
1004 2250 99 37 3,000
1127 2249 133 31 kronor.

1654 2319 197 31 Pedagogiska

177 2330 85 44 14:o0)
293 2332 128 42 Kungl.
447 2332 99 40 Maj:t
578 2332 61 31 har
674 2329 122 44 (punkt
823 2328 51 41 13)
898 2329 174 42 föreslagit
1096 2329 181 41 riksdagen
1301 2331 49 29 att
1373 2330 111 30 såsom
1509 2328 120 41 bidrag
1670 2355 167 25 ”"Mplotcket

131 2386 51 33 till
205 2386 251 42 uppehållande
480 2396 42 22 av
539 2385 230 42 pedagogiska
785 2384 212 32 bibliotekets
1015 2382 216 34 verksamhet
1247 2383 54 31 för
1315 2381 198 42 budgetåret
1528 2383 96 32 1929;
1655 2391 8 25 i
1685 2374 175 42 Stockholm.

134 2441 86 31 1930
255 2440 120 32 anvisa
405 2442 45 29 ett
486 2442 94 29 extra
613 2438 118 41 anslag
766 2448 42 22 av
845 2438 98 38 6,500
972 2437 126 31 kronor
1121 2439 48 29 att
1192 2437 83 40 utgå
1299 2435 108 32 under
1431 2435 40 32 de
1495 2435 132 39 villkor,
1717 2424 75 43 [13.]

132 2493 128 42 Kungl.
287 2493 99 40 Maj:t
409 2493 68 31 kan
501 2493 93 31 finna
617 2494 73 39 gott
713 2491 198 32 föreskriva.
1662 2480 93 44 jämte
1779 2488 35 34 en
1836 2480 6 24 i

177 2546 237 41 Utredningen
438 2546 179 32 återfinnes
641 2547 20 30 å
685 2544 61 33 sid.
772 2544 132 32 33—35
928 2543 10 31 i
964 2542 374 42 statsrådsprotokollet.
1661 2516 192 61 Sen
