1950 2818
612 157 281 30 Statsutskottets
914 158 175 29 utlåtande
1110 158 49 29 Nr
1178 161 24 26 8.
1596 161 58 31 163

479 248 192 21 sommaren
708 239 84 31 1929
826 238 79 32 eller
934 250 115 21 senare
1074 239 6 31 i
1108 239 196 31 Stockholm
1331 239 168 32 anordnas
1524 240 52 31 för
1600 239 55 32 all-

479 292 193 38 mänheten,
707 292 118 32 anvisa
854 294 53 30 för
930 292 199 41 budgetåret
1156 291 189 42 1929/1930
1370 296 46 28 ett
1439 296 92 28 extra
1557 304 98 21 reser-

479 345 255 40 vationsanslag
758 356 40 21 av
825 346 99 38 8,000
948 346 133 31 kronor.

202 457 148 42 250:o0)
344 453 20 51 I
386 470 40 21 en
464 460 93 31 inom
595 460 106 31 andra
737 460 197 31 kammaren
971 471 41 21 av
1048 461 77 31 herr
1161 462 43 30 H.
1243 461 130 31 Laurin
1402 462 100 31 väckt
1526 462 129 31 motion

156 509 63 43 (II:
235 510 74 42 126)
344 512 61 31 har
440 512 198 38 hemställts,
676 516 48 28 att
756 513 181 40 riksdagen
973 513 79 32 ville
1087 513 125 40 bevilja
1248 517 47 28 ett
1325 514 118 40 anslag
1467 525 41 21 av
1536 515 120 37 10,000

155 565 127 31 kronor
305 565 50 32 till
372 565 152 32 Svenska
540 565 269 40 Landsbygdens
827 565 331 41 Ungdomsförbund
1172 567 54 30 för
1242 566 157 41 opolitisk
1417 567 238 41 upplysnings-

156 617 63 32 och
245 617 389 41 bildningsverksamhet
658 617 104 32 bland
786 617 253 42 landsbygdens
1064 619 162 40 ungdom.

202 670 78 31 Med
306 670 165 32 avseende
495 672 20 29 å
538 670 41 32 de
604 681 42 21 av
671 671 213 31 motionären
910 671 49 31 till
985 671 74 32 stöd
1083 672 54 31 för
1161 672 85 31 hans
1271 672 127 41 förslag
1422 672 144 32 anförda
1582 672 72 32 skäl

156 723 54 31 får
234 723 165 32 utskottet
421 723 145 33 hänvisa
590 723 51 32 till
665 723 184 32 motionen.

201 820 173 33 Utskottet
408 821 67 31 kan
511 822 54 31 för
599 821 53 32 sin
688 821 54 32 del
770 821 73 32 icke
867 822 93 31 finna
984 822 184 41 tillrådligt,
1194 826 48 28 att
1266 823 135 32 särskilt
1424 823 118 42 anslag
1565 824 54 32 för
1643 824 11 31 i

155 873 175 32 motionen
354 874 147 41 angiven
525 874 217 32 verksamhet
757 874 144 41 beviljas
917 886 42 21 en
976 876 313 41 sammanslutning
1304 887 42 22 av
1364 876 55 32 det
1436 876 80 41 slag,
1535 887 118 21 varom

155 927 63 31 här
253 932 36 26 är
312 927 106 41 fråga.
467 927 75 32 Den
565 927 165 41 lämpliga
753 930 148 38 utvägen
927 929 53 31 för
1003 928 185 32 förbundet
1212 932 48 29 att
1284 930 54 31 för
1362 929 51 32 sin
1438 930 216 32 verksamhet

155 980 128 32 erhålla
313 979 120 42 bidrag
456 990 43 23 av
523 980 196 32 statsmedel
743 981 95 31 torde
862 992 91 28 vara,
979 985 49 28 att
1051 982 184 31 förbundet
1260 983 98 31 söker
1381 983 199 41 anslutning
1602 983 52 32 till

154 1034 105 40 något
283 1043 43 22 av
350 1033 40 32 de
415 1036 90 29 stora
528 1033 316 33 statsunderstödda
868 1034 264 33 riksförbunden
1156 1036 54 31 för
1233 1035 420 42 folkbildningsverksam-

154 1086 68 32 het.
270 1086 172 33 Utskottet
466 1097 97 22 anser
587 1087 52 41 sig
662 1087 98 32 alltså
783 1087 82 33 böra
889 1089 160 40 avstyrka
1073 1089 184 32 motionen.

200 1140 173 32 Utskottet
396 1140 195 32 hemställer
614 1140 228 42 följaktligen,

521 1197 48 29 att
603 1194 78 32 herr
715 1194 144 33 Laurins
894 1195 233 33 ovanberörda
1162 1196 130 32 motion
1327 1194 148 44 (II:126)
1498 1197 74 32 icke
1596 1198 57 31 må

475 1248 106 32 vinna
604 1247 199 42 riksdagens
827 1248 104 32 bifall.

200 1350 109 43 251:0)
333 1353 15 32 I
371 1355 57 31 två
452 1353 218 42 likalydande
695 1354 176 39 motioner,
895 1355 123 32 väckta
1042 1355 65 32 den
1131 1366 65 21 ena
1219 1356 93 32 inom
1330 1357 106 31 första
1451 1357 200 32 kammaren

153 1416 43 22 av
231 1406 78 32 herr
344 1407 39 31 R.
429 1407 180 41 Wagnsson
632 1418 45 21 m.
703 1408 31 31 fl.
761 1405 111 43 (1:82)
896 1409 63 31 och
984 1408 65 32 den
1073 1408 107 32 andra
1203 1409 95 32 inom
1322 1410 106 31 andra
1452 1410 199 33 kammaren

153 1470 43 22 av
220 1460 77 31 herr
319 1460 41 32 E.
386 1460 160 33 Eriksson
568 1460 12 32 i
604 1460 197 33 Stockholm
826 1473 44 20 m.
896 1462 31 31 fl.
946 1459 43 44 (II
1002 1473 6 20 :
1023 1460 73 43 134)
1112 1462 63 32 har
1191 1463 198 39 hemställts,
1407 1466 48 29 att
1471 1464 181 42 riksdagen

153 1513 55 32 för
234 1513 221 33 anordnande
479 1524 43 23 av
544 1514 120 32 kurser
686 1514 12 32 i
722 1518 176 38 esperanto
922 1515 11 31 i
957 1515 232 42 huvudsaklig
1212 1517 336 32 överensstämmelse
1572 1518 80 32 med

153 1577 42 22 en
219 1567 11 32 i
255 1567 212 32 motionerna
491 1567 167 33 skisserad
682 1568 81 41 plan
787 1570 57 30 må
867 1569 54 32 för
943 1569 201 42 budgetåret
1170 1568 189 43 1929/1930
1383 1571 119 33 anvisa
1526 1574 46 29 ett
1595 1582 56 22 an-

153 1620 73 42 slag
250 1631 42 22 av
315 1622 101 37 4,600
439 1621 134 32 kronor.

156 1667 3 1 —
197 1673 217 33 Beträffande
449 1674 112 32 denna
593 1675 254 42 framställning
878 1676 156 32 kommer
1065 1676 165 33 utskottet
1262 1680 48 29 att
1337 1677 182 33 framdeles
1542 1678 110 33 under

152 1727 182 42 riksdagen
358 1728 124 41 avgiva
506 1728 187 40 utlåtande;
719 1728 106 33 vilket
848 1729 164 32 utskottet
1034 1730 200 41 härigenom
1259 1730 109 33 skolat
1391 1732 54 31 för
1469 1731 181 43 riksdagen

519 1781 146 33 anmäla.

198 1885 109 43 252:o)
353 1888 127 42 Kungl.
515 1888 99 41 Maj:t
646 1889 63 32 har
741 1886 205 45 (punkterna
978 1888 188 43 249—9251)
1198 1891 175 42 föreslagit
1396 1892 181 42 riksdagen
1601 1895 49 29 att

196 1938 31 44 a)
260 1941 50 32 till
340 1941 275 43 undervisnings-
639 1943 64 32 och
726 1943 446 42 upplysningsverksamhet
1199 1945 54 32 för
1279 1945 241 41 nykterhetens
1547 1946 104 32 främ-

150 1995 104 41 jande
278 1995 119 33 anvisa
419 1996 54 32 för
495 1996 201 41 budgetåret
722 1995 189 37 1929/1930
932 2000 46 30 ett
994 2001 94 29 extra
1103 1998 120 42 anslag
1238 2009 43 22 av
1300 2000 141 38 176,000
1460 1999 125 33 kronor
1601 2002 50 30 att

151 2050 83 40 utgå
257 2059 43 22 av
323 2049 216 33 statsverkets
563 2050 85 32 fond
664 2061 43 22 av
724 2050 294 42 rusdrycksmedel
1038 2052 107 32 under
1162 2052 41 32 de
1219 2052 131 39 villkor,
1369 2063 72 22 som
1459 2064 43 22 av
1518 2053 128 42 Kungl.

151 2101 99 42 Maj:t
282 2107 122 37 prövas
437 2102 164 42 lämpliga
629 2106 87 30 samt
740 2104 50 32 till
815 2104 41 32 de
880 2115 42 22 av
947 2104 372 43 departementschefen
1342 2106 12 32 i
1378 2107 271 41 statsrådsproto-

150 2155 104 33 kollet
287 2156 227 32 omförmälda
547 2157 160 32 ändamål
740 2157 79 33 med
847 2158 100 41 högst
970 2158 41 32 de
1035 2169 43 23 av
1102 2159 372 41 departementschefen
1498 2160 150 42 angivna

149 2208 137 43 belopp;

194 2260 34 44 b)
252 2263 168 42 medgiva,
444 2266 49 29 att
516 2263 165 43 möjligen
704 2265 281 41 uppkommande
1009 2265 220 43 besparingar
1244 2268 43 40 på
1304 2266 41 33 de
1361 2266 51 33 till
1428 2267 221 33 anordnande

150 2327 43 22 av
226 2327 41 21 en
301 2317 102 32 social
426 2317 326 43 fortbildningskurs
778 2319 54 32 för
856 2318 106 33 lärare
989 2330 45 21 m.
1061 2320 32 32 fl.
1121 2323 89 29 samt
1240 2331 43 22 av
1308 2331 42 22 en
1376 2320 126 33 allmän
1525 2321 122 33 utbild-

149 2369 184 42 ningskurs
365 2370 11 32 i
409 2370 259 43 alkoholfrågan
702 2372 54 32 för
788 2372 121 32 studie-
942 2372 62 33 och
1042 2373 283 42 ungdomsledare
1359 2385 44 21 m.
1439 2375 31 32 fl.
1498 2375 149 32 avsedda

149 2422 124 43 belopp
307 2435 43 22 av
378 2424 105 41 sagda
517 2424 111 33 medel
663 2426 66 38 må,
759 2425 107 42 enligt
888 2426 128 42 Kungl.
1041 2427 116 41 Maj:ts
1180 2427 266 40 bestämmande,
1472 2428 175 33 användas

1676 460 109 25 Motion
1805 461 82 32 angå-

1687 495 73 25 ende
1779 496 99 32 anslag

1688 531 41 24 till
1750 532 124 24 svenska

1706 566 149 33 landsbyg-

1703 601 70 25 dens
1794 610 65 24 ung-

1712 637 136 25 domsför-

1738 672 87 26 bund.

1698 831 163 26 Utskottets

1709 867 143 32 yttrande.

1671 1356 145 27 Motioner
1837 1364 47 19 an-

1689 1392 110 33 gående
1818 1400 47 19 an-

1684 1428 61 32 slag
1764 1428 41 25 till
1825 1436 47 19 an-

1679 1463 147 27 ordnande
1845 1472 37 18 av

1713 1500 102 26 kurser
1832 1500 10 25 i

1696 1538 161 30 esperanto.

1701 1892 152 26 Undervis-

1692 1928 93 32 nings-
1805 1929 54 25 och

1669 1964 204 33 upplysnings-

1683 2000 184 26 verksamhet

1687 2035 46 26 för
1751 2036 111 32 nykter-

1675 2070 103 27 hetens
1797 2072 83 25 främ-

1677 2106 87 33 jande
1783 2115 36 18 m.
1833 2116 37 18 m.

1671 2148 205 45 [249—251.]

1681 2204 89 33 jämte
1790 2205 49 26 två
1857 2206 9 25 i

1668 2244 98 22 ämnet
1779 2242 102 25 väckta

1698 2276 150 27 motioner.
