1944 2816
587 159 280 30 Statsutskottets
888 160 176 29 utlåtande
1084 159 50 29 Nr
1153 162 24 26 8.
1569 161 55 30 157

131 243 48 29 att
214 241 150 31 nämnda
389 241 253 41 dyrtidstillägg
666 241 83 31 skall
776 243 81 38 utgå
881 241 84 31 efter
990 240 40 31 de
1055 240 157 41 grunder,
1238 251 72 20 som
1338 242 55 29 må
1419 241 138 30 komma
1581 243 44 28 att

130 294 90 39 gälla
254 295 53 30 för
342 294 253 41 dyrtidstillägg
629 294 108 32 under
761 294 198 40 budgetåret
987 293 189 36 1929/1930
1200 295 34 30 åt
1258 293 335 40 befattningshavare
1620 293 6 31 i

130 351 126 28 statens
281 348 72 31 icke
378 348 221 40 nyreglerade
623 348 97 38 verk;
747 348 85 31 dock
859 348 76 31 med
961 347 219 41 iakttagande
1204 350 49 28 att
1277 346 250 42 dyrtidstillägg
1543 346 85 31 skall

132 401 175 38 beräknas,
333 402 29 39 ej
389 401 84 32 blott
498 403 19 29 å
542 401 41 32 de
608 401 363 40 avlöningsförmåner,
997 411 72 21 som
1095 405 58 27 äro
1175 401 52 30 för
1243 400 251 32 vederbörande
1511 400 117 31 befatt-

131 454 227 40 ningshavare
394 456 19 29 å
448 457 66 28 stat
549 454 180 41 uppförda,
766 457 83 28 utan
878 459 87 26 även
990 455 19 30 å
1033 453 66 32 den
1124 453 200 41 förhöjning
1348 464 41 20 av
1413 453 215 40 avlöningen,

131 518 71 20 som
240 507 10 31 i
286 507 88 31 form
410 517 43 22 av
489 507 207 40 provisorisk
724 506 246 41 lönereglering
994 506 80 32 eller
1097 506 148 40 tillfällig
1269 506 281 39 löneförbättring
1574 507 56 29 må

131 559 191 32 tillkomma
346 559 77 32 dem
449 570 124 30 genom
597 559 120 41 bidrag
740 570 43 21 av
807 562 75 35 stat,
909 559 183 40 landsting,
1118 559 166 31 kommun
1310 558 78 32 eller
1404 559 76 30 från
1498 557 133 32 enskild

132 613 175 38 donation;
344 615 88 29 samt
468 612 108 31 under
612 612 130 37 villkor,
779 612 66 32 vad
882 613 106 39 angår
1024 611 336 41 befattningshavare
1393 611 57 32 vid
1474 611 156 31 tekniska

131 665 118 32 skolan
275 666 10 31 i
310 665 199 32 Stockholm
535 665 62 32 och
622 665 186 32 vävskolan
832 665 10 31 i
866 665 117 38 Borås,
1009 668 48 28 att
1081 664 102 32 halva
1206 664 189 32 kostnaden
1419 665 53 31 för
1489 663 141 42 dyrtids-

132 719 117 41 tillägg
276 719 163 32 bestrides
464 730 43 21 av
534 718 251 33 vederbörande
809 719 168 31 kommun
1001 717 80 33 eller
1103 717 183 41 landsting,
1313 720 96 36 samt,
1434 717 67 32 vad
1525 718 106 40 angår

132 772 258 41 bergsskolorna
423 773 9 30 i
461 772 166 41 Filipstad
651 772 62 32 och
738 772 119 38 Falun,
884 775 48 28 att
956 770 42 42 ”/s
1023 782 42 22 av
1090 771 188 32 kostnaden
1303 772 53 30 för
1381 770 250 41 dyrtidstillägg

132 825 163 32 bestridas
320 836 42 22 av
385 826 254 39 järnkontoret;
665 825 70 32 dels
759 826 62 31 ock
845 825 208 41 bemyndiga
1077 824 129 41 Kungl.
1231 824 99 40 Maj:t
1354 827 47 29 att
1417 823 156 32 meddela
1590 823 40 32 de

132 883 155 27 närmare
322 878 222 38 föreskrifter,
581 889 72 21 som
689 880 58 29 må
781 878 153 31 befinnas
960 877 220 41 erforderliga
1204 878 53 31 för
1280 877 219 41 tillämpning
1522 887 43 21 av
1589 876 41 32 de

132 934 81 29 utav
238 931 179 41 riksdagen
442 931 195 32 fastställda
660 931 194 41 grunderna
878 932 54 31 för
956 930 310 41 dyrtidstilläggens
1291 930 177 41 utgående.

178 984 233 41 Utredningen
436 985 179 31 återfinnes
640 986 20 30 å
683 984 61 32 sid.
769 985 177 31 395—596
971 984 11 31 i
1006 983 375 41 statsrådsprotokoilet.

178 1091 129 41 Anslag
329 1092 54 30 för
406 1090 267 42 ifrågavarande
697 1090 159 32 ändamål
880 1091 100 40 utgår
1003 1089 131 41 jämväl
1157 1090 53 31 för
1233 1100 48 21 nu
1306 1088 144 42 löpande
1466 1088 166 41 budgetår

133 1145 77 31 med
234 1145 123 38 40,000
381 1144 137 39 kronor;
548 1144 128 40 Kungl.
703 1144 113 40 Maj:ts
832 1143 130 41 förslag
977 1143 152 38 innebär,
1147 1146 48 28 att
1211 1142 284 42 dyrtidstillägget
1511 1142 118 38 skulle,

133 1198 10 31 i
168 1198 198 41 anslutning
389 1197 50 33 till
464 1198 144 41 tidigare
632 1197 119 38 beslut,
776 1199 82 39 utgå
882 1198 85 30 efter
991 1196 41 32 de
1055 1196 158 42 grunder,
1232 1207 73 21 som
1322 1195 210 33 beträffande
1548 1196 82 31 bud-

132 1253 127 40 getåret
296 1249 190 43 1929/1930
511 1252 139 31 komma
674 1254 48 28 att
745 1250 90 42 gälla
857 1251 55 31 för
936 1250 251 41 dyrtidstillägg
1210 1250 10 31 i
1245 1249 187 32 allmänhet
1455 1251 33 30 åt
1511 1249 119 32 befatt-

132 1305 228 41 ningshavare
383 1305 58 32 vid
465 1308 127 28 statens
615 1304 73 32 icke
712 1304 219 41 nyreglerade
956 1303 90 33 verk.

178 1411 117 33 Under
319 1411 133 32 erinran
478 1422 54 20 om
559 1411 198 41 riksdagens
781 1421 143 21 numera
947 1409 131 33 fattade
1101 1409 110 32 beslut
1235 1409 175 41 angående
1437 1408 193 42 dyrtidstill-

133 1465 79 42 lägg
245 1467 33 30 åt
309 1464 338 42 befattningshavare
674 1464 11 31 i
710 1466 126 29 statens
860 1464 107 40 tjänst
990 1463 54 32 för
1067 1462 200 42 budgetåret
1293 1460 188 42 1929/1930
1505 1462 54 31 får
1582 1464 48 29 ut-

132 1519 126 32 skottet
281 1518 168 41 tillstyrka
473 1517 128 42 Kungl.
628 1517 115 41 Maj:ts
766 1517 137 41 förslag.
953 1517 173 32 Utskottet
1149 1515 194 33 hemställer
1366 1515 97 32 alltså

499 1574 48 29 att
571 1571 181 41 riksdagen
776 1573 56 29 må

498 1623 31 43 a)
563 1626 55 31 för
651 1624 190 33 beredande
876 1635 43 21 av
954 1623 251 42 dyrtidstillägg
1237 1625 34 30 åt
1295 1623 335 40 befattningshavare

453 1679 59 32 vid
547 1678 156 32 tekniska
737 1677 119 33 skolan
880 1678 11 31 i
916 1677 208 38 Stockholm,
1150 1676 257 42 bergsskolorna
1430 1676 11 32 i
1464 1676 166 41 Filipstad

454 1732 63 32 och
553 1731 109 33 Falun
698 1734 88 29 samt
820 1731 187 32 vävskolan
1042 1731 11 31 i
1087 1731 103 31 Borås
1214 1730 119 32 anvisa
1355 1731 54 31 för
1431 1729 200 42 budgetåret

457 1784 190 42 1929/1930
671 1788 47 29 ett
741 1788 93 28 extra
857 1784 267 41 förslagsanslag
1147 1794 43 22 av
1213 1785 122 37 40,000
1359 1784 139 38 kronor;

498 1836 34 43 b)
567 1839 198 38 föreskriva,
801 1841 50 29 att
881 1838 152 32 nämnda
1057 1837 252 42 dyrtidstillägg
1332 1836 85 33 skall
1440 1838 83 40 utgå
1546 1838 85 31 efter

455 1893 40 31 de
531 1892 158 41 grunder,
725 1903 73 21 som
834 1893 57 30 må
926 1892 140 31 komma
1101 1894 48 29 att
1183 1891 89 41 gälla
1305 1891 53 31 för
1381 1890 249 42 dyrtidstillägg

455 1946 110 32 under
599 1945 198 42 budgetåret
834 1943 193 38 1929/1930
1050 1946 35 31 åt
1108 1944 336 41 befattningshavare
1468 1944 9 31 i
1503 1946 126 30 statens

454 2000 73 32 icke
551 1999 219 41 nyreglerade
794 1999 96 38 verk;

500 2053 86 32 dock
610 2052 78 33 med
712 2052 219 41 iakttagande
955 2055 49 29 att
1028 2051 251 42 dyrtidstillägg
1302 2050 86 33 skall
1404 2050 175 39 beräknas,
1597 2051 30 40 ej

454 2106 86 32 blott
574 2108 20 30 å
629 2106 41 32 de
705 2105 364 42 avlöningsförmåner,
1103 2115 73 22 som
1211 2110 58 26 äro
1302 2105 53 31 för
1378 2103 252 33 vederbörande

455 2159 336 41 befattningshavare
816 2161 19 30 å
859 2162 66 29 stat
948 2158 182 42 uppförda,
1154 2161 82 29 utan
1262 2163 86 27 även
1371 2159 20 30 å
1414 2157 66 33 den
1503 2157 127 41 förhöj-

454 2213 86 41 ning
575 2224 42 21 av
653 2212 215 42 avlöningen,
907 2223 74 21 som
1005 2211 11 32 i
1040 2213 90 31 form
1155 2222 42 22 av
1221 2211 206 42 provisorisk
1450 2210 179 42 löneregle-

455 2267 79 41 ring
557 2266 79 32 eller
660 2266 148 41 tillfällig
830 2265 284 41 löneförbättring
1130 2266 57 31 må
1202 2264 193 32 tillkomma
1411 2264 75 33 dem
1504 2274 125 31 genom

454 2320 122 41 bidrag
603 2330 42 22 av
669 2322 77 37 stat,
769 2319 183 42 landsting,
977 2319 168 32 kommun
1170 2318 79 32 eller
1272 2318 77 32 från
1373 2317 131 33 enskild
1529 2317 100 33 dona-

454 2373 86 40 tion;
565 2376 90 29 samt

499 2427 109 31 under
643 2426 131 39 villkor,
810 2426 68 32 vad
902 2427 106 40 angår
1031 2425 337 42 befattningshavare
1392 2424 57 33 vid
1473 2425 157 32 tekniska

455 2480 120 33 skolan
608 2480 10 31 i
652 2480 196 32 Stockholm
873 2480 65 31 och
963 2479 185 33 vävskolan
1172 2479 11 31 i
1207 2479 113 37 Borås,
1346 2481 48 29 att
1417 2478 102 33 halva
1542 2479 87 31 kost-

1647 248 138 25 anstalter
1807 247 43 24 för

1660 283 189 32 yrkesunder-

1693 319 122 30 visning.

1705 360 95 42 [240.]

1674 1409 163 25 Utskottets

1685 1444 141 33 yttrande.
