1882 2842
112 1500 150 26 Utskottet.

309 177 37 29 12
721 179 104 27 Andra
847 180 215 33 lagutskottets
1084 181 158 27 utlåtande
1266 182 42 25 Nr
1330 182 46 26 33.

303 256 139 30 erhållit
466 257 53 30 sin
543 259 203 29 nuvarande
770 259 220 38 utformning
1016 260 62 30 har
1103 261 169 38 styrelsen
1297 262 194 29 emellertid
1514 263 156 38 avstyrkt
1696 262 101 30 bifall

303 310 53 29 till
378 310 190 31 motionen.

349 425 153 31 Svenska
521 427 373 31 landskommunernas
913 429 153 36 förbund
1085 430 63 29 har
1170 430 162 38 tillstyrkt
1355 431 192 37 utredning.
1581 431 119 30 Såsom
1722 431 75 30 skäl

303 479 120 30 härför
445 480 64 29 har
533 480 184 31 förbundet
742 481 9 29 i
774 482 184 29 huvudsak
983 483 129 29 anfört:

347 550 119 30 Såsom
489 551 215 31 motionären
726 552 202 31 framhåller
950 554 119 30 kunna
1093 554 185 38 utgifterna
1302 555 54 30 för
1377 556 96 34 barn,
1497 556 298 38 omhändertagna

301 594 54 30 för
376 595 346 39 skyddsuppfostran,
744 597 92 30 bliva
858 598 217 38 synnerligen
1097 600 219 36 betungande
1337 600 54 29 för
1411 609 41 21 en
1473 600 218 30 ekonomiskt
1714 607 81 31 svag

300 640 180 29 kommun.
512 640 63 30 Det
594 642 37 28 är
650 642 62 29 alls
733 642 75 30 icke
827 643 169 31 uteslutet,
1018 646 46 26 att
1085 653 42 20 en
1146 644 94 37 dylik
1262 645 186 28 kommuns
1469 645 185 29 kostnader
1675 645 53 30 för
1749 648 45 26 ett

301 682 86 31 fåtal
410 684 86 29 barn
519 685 119 30 kunna
662 686 141 30 komma
827 690 48 26 att
898 687 122 39 belöpa
1046 688 49 38 sig
1119 688 50 29 till
1204 689 2 28 I
1236 689 19 28 å
1280 690 18 27 2
1325 689 128 29 kronor
1476 698 59 29 per
1560 690 232 29 skattekrona.

301 727 57 30 Ett
379 728 154 38 utvidgat
554 730 355 38 statsbidragssystem
931 732 109 29 skulle
1063 732 190 37 säkerligen
1276 741 39 29 ge
1336 732 260 39 lagstiftningen
1619 735 107 28 större
1747 734 46 29 ef-

299 771 180 36 fektivitet,
502 774 83 29 enär
606 774 431 31 barnavårdsnämnderna
1061 776 8 29 i
1092 776 36 30 så
1151 776 61 30 fall
1235 777 97 30 bleve
1355 777 10 29 i
1389 777 133 30 tillfälle
1544 781 48 27 att
1616 778 56 30 vid
1694 779 99 37 pröv-

299 816 127 38 ningen
452 826 42 20 av
520 817 98 39 fråga
644 828 56 20 om
726 820 342 38 omhändertagande
1095 820 67 30 låta
1190 820 233 32 vårdbehovet
1448 832 80 19 vara
1557 823 65 29 den
1648 823 144 38 utslags-

298 860 147 38 givande
465 863 231 37 synpunkten,
718 863 105 30 vilket
845 864 140 37 givetvis
1007 866 37 28 är
1066 865 278 38 lagstiftningens
1365 866 168 39 egentliga
1556 866 149 38 mening,
1728 866 65 30 och

298 904 77 30 icke
400 904 68 31 låta
496 906 50 38 sig
571 906 165 31 influeras
762 917 42 20 av
830 907 129 31 sådana
987 909 53 29 för
1065 910 123 29 sakens
1214 910 180 30 ordnande
1420 910 8 29 i
1455 910 133 40 princip
1614 911 178 30 ovidkom-

297 950 128 29 mande
446 951 291 38 omständigheter
759 952 115 30 såsom
896 953 209 30 framförallt
1128 954 236 30 ekonomiska.
1401 955 65 30 För
1488 955 110 38 övrigt
1620 957 37 28 är
1679 956 56 30 det
1756 956 37 37 ju

298 996 47 27 ett
374 994 195 38 betydande
597 996 219 30 ekonomiskt
847 997 140 30 intresse
1016 998 54 29 för
1100 1001 119 28 staten,
1250 1001 49 27 att
1329 999 261 38 lagstiftningen
1619 999 173 39 tillämpas

297 1037 168 31 effektivt.
499 1039 80 30 Man
600 1040 58 29 vill
677 1040 36 38 ju
735 1048 124 31 genom
881 1042 576 39 skyddsuppfostringsåtgärderna
1482 1044 108 38 skapa
1612 1044 180 30 samhälls-

296 1082 141 38 dugliga
458 1083 169 31 individer
648 1085 64 29 och
734 1085 182 30 förhindra
938 1087 78 29 dem
1038 1090 48 26 att
1108 1088 141 29 komma
1272 1088 9 28 i
1304 1087 151 31 konflikt
1476 1088 80 30 med
1577 1088 214 39 strafflagen.

298 1126 70 30 När
387 1127 90 30 detta
498 1128 142 35 händer,
661 1130 96 29 torde
776 1130 43 30 de
839 1131 194 30 kostnader,
1056 1141 73 20 som
1149 1131 108 30 härav
1278 1131 126 39 uppstå
1425 1132 53 30 för
1501 1135 120 27 staten,
1643 1132 149 38 mången

297 1170 91 39 gång
405 1172 47 29 bli
470 1173 252 30 kostsammare
740 1175 44 28 än
804 1174 41 30 de
864 1174 168 38 åtgärder,
1053 1185 74 20 som
1146 1175 44 39 på
1209 1179 45 27 ett
1273 1176 145 39 tidigare
1438 1177 149 29 stadium
1606 1178 90 29 hade
1713 1173 79 34 bort

296 1215 166 39 vidtagas.
484 1216 110 39 Fråga
613 1218 47 34 är,
679 1228 58 20 om
755 1228 83 20 man
860 1219 30 38 ej
909 1220 61 29 bör
989 1229 93 24 anse,
1103 1223 48 27 att
1171 1221 68 29 alla
1258 1221 42 29 de
1319 1220 168 39 åtgärder,
1508 1230 74 21 som
1602 1221 51 30 stå
1672 1222 10 29 i
1702 1231 89 20 sam-

295 1260 94 29 band
413 1261 79 29 med
514 1262 343 39 omhändertagande
881 1263 53 30 för
958 1264 349 39 skyddsuppfostran,
1333 1266 60 29 äro
1417 1275 41 20 av
1482 1266 156 30 renodlat
1663 1266 129 38 statligt

295 1303 152 31 intresse.
484 1304 66 31 Om
575 1309 109 27 staten
709 1306 54 30 för
787 1307 268 38 tillgodoseende
1078 1318 42 19 av
1144 1309 92 30 detta
1261 1309 58 30 vill
1343 1310 107 30 anlita
1473 1310 66 29 den
1564 1310 227 30 kommunala

295 1349 290 37 organisationen,
612 1351 61 29 bör
698 1354 110 27 staten
835 1351 104 30 också
966 1352 9 29 i
1002 1354 106 28 större
1134 1353 239 38 utsträckning
1399 1355 42 28 än
1468 1355 66 29 vad
1560 1354 94 30 fallet
1680 1364 47 20 nu
1753 1356 38 28 är

295 1401 99 21 svara
418 1393 53 30 för
493 1394 243 31 kostnaderna.

340 1500 49 29 Av
413 1500 41 29 de
477 1510 89 20 ovan
589 1500 176 40 återgivna
789 1501 191 31 direktiven
1004 1502 54 30 för
1081 1504 570 39 kommunalskatteberedningens
1675 1505 116 30 arbete

294 1552 164 39 framgår,
478 1556 49 28 att
544 1554 232 39 beredningen
795 1555 64 30 har
877 1558 48 27 att
944 1555 57 31 vid
1019 1556 234 39 fullgörandet
1270 1566 43 21 av
1332 1557 58 31 sitt
1407 1557 157 40 uppdrag
1582 1561 79 37 taga
1679 1559 111 30 under

293 1606 241 39 omprövning,
559 1607 106 30 bland
688 1611 117 33 annat,
832 1607 124 40 frågan
980 1619 57 20 om
1062 1609 224 40 erforderliga
1310 1610 223 40 jämkningar
1556 1611 11 30 i
1591 1612 66 30 den
1681 1620 107 22 nuva-

293 1659 108 30 rande
421 1659 239 39 fördelningen
680 1670 43 20 av
743 1661 389 40 samhällsuppgifterna
1152 1663 128 30 mellan
1302 1666 111 28 staten
1433 1665 65 29 och
1519 1665 207 30 kommuner
1746 1675 42 20 av

293 1712 94 30 olika
409 1713 156 39 ordning.
601 1713 51 30 Då
674 1714 67 30 den
763 1724 43 20 av
828 1715 216 30 motionären
1068 1716 145 30 berörda
1237 1716 124 39 frågan
1384 1717 9 29 i
1416 1720 45 27 ett
1485 1719 107 29 större
1614 1727 174 21 samman-

292 1765 95 39 hang
409 1767 37 29 är
468 1766 147 30 föremål
637 1766 53 31 för
714 1768 572 41 kommunalskatteberedningens
1308 1771 319 38 uppmärksamhet,
1650 1772 64 30 har
1736 1775 51 27 ut-

294 1819 126 30 skottet
443 1819 74 31 icke
539 1819 116 31 funnit
677 1821 75 29 skäl
774 1820 127 31 föreslå
922 1821 185 39 riksdagen
1130 1825 49 27 att
1201 1823 9 29 i
1232 1823 188 39 anledning
1443 1833 41 21 av
1507 1824 175 30 motionen
1706 1826 82 37 göra

294 1871 115 39 någon
434 1872 256 40 framställning
716 1874 51 30 till
793 1874 123 39 Kungl.
945 1875 99 38 Maj:t
1070 1875 8 29 i
1105 1875 228 32 förevarande
1357 1876 206 32 hänseende.

819 2034 195 31 Utskottets
1033 2036 222 30 hemställan.

337 2120 117 30 Under
469 2120 223 40 åberopande
707 2132 42 20 av
765 2123 67 29 vad
849 2123 168 30 utskottet
1033 2134 90 20 ovan
1140 2125 73 38 (sid.
1233 2127 15 27 7
1263 2125 66 30 och
1345 2125 49 38 12)
1411 2126 117 30 anfört
1544 2126 55 30 får
1614 2127 170 29 utskottet

289 2174 197 30 hemställa:

291 2263 37 29 Å.
369 2263 222 37 Beträffande
616 2264 123 38 frågan
768 2275 56 20 om
851 2266 90 29 ökad
968 2266 206 38 befogenhet
1198 2267 54 37 för
1280 2268 430 31 barnavårdsnämnderna
1736 2272 50 27 ott

818 2319 134 38 ingripa
976 2323 71 26 mot
1070 2319 185 37 föräldrar:

642 2391 48 28 att
716 2389 178 30 motionen
921 2390 9 29 i
956 2390 228 31 förevarande
1210 2391 54 30 del
1291 2391 75 30 icke
1392 2391 105 31 måtte
1526 2394 177 29 föranleda
1732 2393 49 29 till

599 2441 112 39 någon
732 2442 202 38 riksdagens
955 2442 134 40 åtgärd;
