1912 2818
500 147 380 33 Jordbruksutskottets
906 144 176 32 utlåtande
1107 143 48 31 Nr
1177 143 48 30 24.
1609 133 19 30 5

117 236 225 36 framkomlig
367 235 73 36 väg,
466 234 121 30 därvid
613 233 57 36 jag
695 232 210 34 förutsätter,
935 233 47 27 att
1008 228 270 31 statsmakterna
1304 226 137 35 vidtaga
1468 224 161 36 åtgärder

121 288 55 31 för
209 286 235 32 anskaffande
477 294 41 21 av
552 284 56 30 för
639 283 204 36 odlingarna
877 280 202 35 erforderlig
1112 277 221 31 arbetskraft.
1370 276 62 36 Jag
1464 274 164 31 förordar

119 338 130 35 därför,
271 340 49 28 att
340 336 159 36 åtgärder
519 334 156 36 vidtagas
696 333 54 30 för
771 335 50 28 att
842 331 36 31 få
898 332 50 29 till
969 329 101 32 stånd
1092 339 41 21 en
1155 327 215 38 lagstiftning
1391 328 9 30 i
1421 327 207 37 nyssnämnt

121 390 98 37 syfte.

169 441 72 30 Den
267 449 42 20 av
332 438 70 36 mig
426 447 47 20 nu
495 436 203 37 ifrågasatta
721 433 258 38 lagstiftningen
1002 441 101 28 synes
1126 431 10 30 i
1159 429 185 32 huvudsak
1367 429 84 30 böra
1475 436 84 22 vara
1584 436 42 22 av

124 490 155 38 följande
300 487 162 32 innehåll.
495 487 138 35 Odlare,
654 495 74 22 som
747 485 111 31 under
879 484 93 30 förra
992 482 73 31 året
1085 482 94 30 odlat
1201 481 229 34 sockerbetor,
1450 480 64 29 bör
1533 478 93 37 prin-

125 542 127 38 cipiellt
270 540 114 31 såsom
406 539 92 31 förut
516 539 133 30 berörts
665 546 82 21 vara
766 535 134 38 skyldig
918 538 49 27 att
985 535 87 29 även
1092 533 110 30 under
1220 530 233 32 innevarande
1473 528 38 32 år
1529 529 97 30 verk-

126 593 98 30 ställa
250 592 95 36 dylik
369 590 116 36 odling
511 589 109 30 under
646 587 245 35 förutsättning
916 588 48 28 att
993 576 62 39 han
1083 583 149 37 alltjämt
1254 582 132 30 brukar
1410 580 217 36 fastigheten.

126 644 55 30 Att
204 642 120 37 ålägga
348 642 129 29 honom
500 643 48 27 att
570 639 185 30 verkställa
777 638 117 35 odling
917 636 19 30 å
957 636 68 30 lika
1050 638 70 27 stor
1144 634 92 30 areal
1260 642 75 21 som
1360 630 205 37 föregående
1590 628 39 31 år

126 693 96 31 torde
242 702 82 21 vara
345 692 129 29 varken
492 690 174 36 behövligt
686 689 81 30 eller
788 688 134 35 skäligt.
954 687 64 30 Det
1039 685 97 31 torde
1156 694 82 21 vara
1257 682 206 36 tillräckligt,
1487 684 48 27 att
1557 681 71 29 han

128 744 183 38 förpliktas
337 746 49 27 att
410 741 20 31 å
453 751 42 20 en
518 741 103 35 areal,
647 749 74 21 som
746 742 193 27 motsvarar
964 737 39 29 75
1029 738 143 35 procent
1195 744 41 21 av
1259 734 67 29 den
1349 732 108 31 under
1481 731 38 30 år
1545 730 84 31 1940

124 796 122 31 odlade
269 795 147 34 arealen,
439 793 79 30 odla
541 791 228 32 sockerbetor.
794 789 73 30 Har
888 788 172 36 fastighet,
1082 786 21 31 å
1124 786 115 29 vilken
1261 783 176 36 betodling
1460 782 111 30 under
1593 780 40 31 år

125 848 83 30 1940
228 847 98 34 skett,
349 844 148 35 försålts,
519 844 98 30 torde
638 851 132 21 samma
792 839 213 37 förpliktelse
1026 838 86 30 böra
1134 836 90 31 åvila
1245 836 67 30 den
1336 843 64 28 nye
1420 834 135 36 ägaren,
1577 833 57 29 Att

127 897 12 31 i
158 897 109 37 själva
286 896 67 30 den
370 895 174 31 tilltänkta
562 894 99 35 lagen
680 893 161 29 närmare
861 890 122 36 angiva
1003 889 91 30 huru
1112 888 160 35 odlingen
1293 886 88 30 skall
1399 886 58 29 ske
1474 883 87 31 låter
1581 882 50 36 sig

128 948 170 36 svårligen
318 948 93 35 göra.
442 946 64 29 Det
524 944 98 31 torde
641 953 81 21 vara
742 942 206 37 lämpligast,
970 943 49 27 att
1039 938 122 37 Kungl.
1183 936 101 37 Maj:t
1303 935 147 32 erhåller
1468 934 162 36 befogen-

128 999 58 31 het
206 1001 48 28 att
273 998 9 29 i
303 997 171 31 särskilda
490 992 457 39 tillämpningsföreskrifter
966 991 125 30 härom
1113 988 176 31 förordna.

173 1050 67 30 För
267 1051 49 28 att
345 1046 266 37 ifrågavarande
638 1043 215 37 lagstiftning
883 1042 86 31 skall
997 1040 36 31 få
1060 1039 129 32 avsedd
1217 1037 206 32 effektivitet
1450 1035 97 31 torde
1575 1034 57 31 det

129 1101 85 30 böra
234 1099 112 37 åligga
367 1096 257 32 vederbörande
644 1095 176 30 betodlare
842 1096 49 28 att
912 1093 150 30 leverera
1085 1091 41 30 de
1147 1089 124 31 odlade
1293 1087 266 32 sockerbetorna
1581 1084 52 31 till

129 1152 129 36 köpare
294 1159 76 21 som
404 1147 121 37 Kungl.
561 1145 101 37 Maj:t
698 1145 147 31 anvisar.
883 1140 92 34 Även
1008 1141 150 31 rörande
1180 1138 325 32 leveransvillkoren
1531 1144 101 29 synes

128 1203 122 35 Kungl.
274 1200 102 36 Maj:t
398 1200 85 30 böra
506 1197 133 32 erhålla
664 1196 163 31 fullmakt
851 1198 48 27 att
921 1193 143 31 besluta.
1089 1190 226 32 Beträffande
1339 1188 121 37 frågan
1483 1197 58 20 om
1565 1186 70 30 för-

128 1251 276 38 säljningspriset
426 1259 99 28 synes
546 1249 90 31 dock
658 1247 30 37 ej
709 1246 158 36 lämpligt
888 1248 48 27 att
957 1243 211 38 avgörandet
1190 1242 87 30 skall
1299 1239 125 31 träffas
1446 1248 41 21 av
1510 1237 125 36 Kungl.

128 1303 111 37 Maj:t.
264 1302 52 30 En
340 1299 274 36 ändamålsenlig
637 1297 194 35 anordning
854 1295 96 31 torde
974 1295 121 29 kunna
1119 1292 121 30 vinnas
1264 1299 124 28 genom
1412 1287 225 36 användning

128 1364 43 21 av
190 1350 417 40 skiljedomsförfarande.
627 1348 108 31 Priset
754 1356 100 28 synes
873 1345 146 31 sålunda
1038 1345 86 29 böra
1142 1344 211 29 bestämmas
1372 1350 41 21 av
1430 1340 70 30 fem
1521 1337 115 37 skilje-

128 1406 93 35 män,
247 1413 42 22 av
314 1402 94 31 vilka
432 1401 122 36 Kungl.
581 1399 102 36 Maj:t
708 1398 65 31 och
798 1397 220 31 betodlarnas
1044 1393 234 37 organisation
1303 1394 76 27 utse
1403 1389 56 31 två
1484 1399 62 20 var
1572 1388 65 30 och

129 1456 99 30 dessa
250 1454 213 36 gemensamt
482 1452 67 30 den
569 1450 115 30 femte.
705 1448 129 30 Vinnes
856 1447 30 36 ej
909 1446 136 36 enighet
1065 1454 58 20 om
1143 1444 89 30 valet
1251 1452 43 20 av
1314 1441 106 30 femte
1441 1439 196 36 skiljeman,

129 1504 88 30 skall
235 1504 112 29 denne
365 1505 91 26 utses
475 1510 41 20 av
535 1498 123 36 Kungl.
680 1496 109 36 Maj:t.
822 1496 68 30 För
909 1496 65 29 den
993 1493 166 31 händelse
1178 1490 277 37 organisationen
1474 1481 161 45 underlå-

130 1558 50 28 ter
198 1557 48 28 att
264 1554 95 30 inom
379 1552 108 36 skälig
503 1551 50 30 tid
570 1553 76 27 utse
664 1549 195 36 skiljemän,
873 1547 103 35 skola
994 1546 101 30 dessa
1112 1544 9 30 i
1141 1543 110 31 stället
1269 1544 93 28 utses
1382 1550 41 21 av
1441 1539 197 31 lantbruks-

131 1605 176 37 styrelsen.
331 1603 57 30 Ett
411 1601 188 37 stadgande
621 1610 41 21 av
685 1609 47 20 nu
754 1597 146 37 angiven
921 1595 171 32 innebörd
1113 1594 97 31 torde
1230 1593 87 30 böra
1339 1592 132 35 intagas
1495 1589 10 30 i
1528 1590 110 35 lagen.

131 1656 15 30 I
171 1654 98 37 fråga
294 1663 58 21 om
379 1654 55 30 det
460 1653 108 35 lägsta
593 1649 164 37 betpriset
781 1658 62 28 per
869 1647 135 31 deciton
1030 1644 257 38 16-procentiga
1311 1643 98 29 betor
1434 1640 96 31 torde
1557 1647 84 22 man

133 1704 190 33 emellertid
342 1704 86 29 böra
448 1701 81 37 utgå
549 1701 80 30 från
651 1703 48 27 att
720 1700 93 29 detta
832 1698 76 30 icke
927 1698 64 29 bör
1009 1694 200 36 understiga
1231 1694 55 30 det
1306 1702 44 21 av
1371 1686 268 44 medlingskom-

132 1756 189 31 missionen
347 1754 194 35 föreslagna
569 1752 82 30 eller
676 1751 19 29 4
721 1751 131 29 kronor
877 1749 58 30 vid
960 1745 177 37 betodling
1163 1754 42 21 av
1231 1744 107 30 minst
1363 1742 40 30 85
1429 1743 143 35 procent
1599 1748 43 22 av

133 1805 157 38 fjolårets
311 1804 93 31 areal
425 1803 63 30 och
511 1802 98 36 eljest
629 1802 19 30 3
667 1802 129 29 kronor
816 1800 41 29 70
878 1800 67 29 öre.

180 1859 114 36 Enligt
317 1859 41 29 de
381 1858 138 35 stadgar
540 1866 74 20 som
636 1856 89 35 gälla
747 1855 56 29 för
823 1851 363 35 betodlarföreningen
1209 1850 38 29 är
1268 1847 185 34 betodlare,
1478 1854 75 21 som
1574 1843 66 31 till-

134 1910 65 30 hör
220 1908 214 36 föreningen,
458 1906 122 37 pliktig
602 1908 49 28 att
674 1905 99 30 ställa
797 1904 50 36 sig
870 1904 131 29 dennas
1025 1899 218 32 föreskrifter
1265 1897 148 31 rörande
1436 1894 117 37 odling
1577 1894 66 30 och

135 1959 208 35 försäljning
372 1967 42 21 av
442 1957 219 30 sockerbetor
688 1955 50 29 till
766 1953 235 30 efterrättelse.
1031 1948 280 38 Uppenbarligen
1339 1945 108 32 måste
1473 1954 43 21 en
1546 1943 95 37 dylik

136 2009 232 36 förpliktelses
393 2007 152 36 giltighet
569 2006 160 35 upphöra
754 2004 10 30 i
789 2004 66 30 och
879 2002 79 30 med
982 2002 67 29 den
1073 2010 47 20 nu
1145 1998 203 37 ifrågasatta
1372 1994 269 38 lagstiftningen.

137 2060 57 30 Ett
215 2058 190 37 stadgande
424 2058 123 29 härom
569 2065 100 28 synes
688 2056 86 29 böra
794 2054 134 35 intagas
949 2052 9 29 i
979 2052 109 35 lagen.

182 2110 95 30 Givet
300 2111 48 34 är,
376 2112 48 27 att
447 2109 56 29 det
527 2108 71 29 kan
622 2106 165 35 föreligga
811 2104 85 35 skäl,
921 2112 74 21 som
1019 2103 160 28 kommer
1200 2100 56 30 det
1281 2102 49 27 att
1356 2095 146 33 framstå
1527 2095 115 31 såsom

138 2160 131 36 obilligt
292 2160 82 30 eller
396 2159 70 29 helt
489 2158 65 29 och
578 2156 106 31 hållet
706 2154 158 36 omöjligt
887 2154 55 29 för
964 2153 118 29 odlare
1107 2154 48 28 att
1180 2150 149 35 fullgöra
1355 2149 65 29 den
1445 2156 46 20 nu
1515 2145 126 36 ifråga-

139 2213 88 28 satta
253 2209 248 36 skyldigheten.
526 2207 79 30 Med
628 2207 136 34 hänsyn
787 2204 117 30 härtill
925 2204 64 29 bör
1011 2202 9 30 i
1045 2203 67 29 den
1138 2210 67 26 nya
1227 2198 260 37 lagstiftningen
1513 2197 129 35 inrym-

138 2269 74 21 mas
232 2259 181 35 möjlighet
433 2261 48 26 att
500 2258 119 29 lämna
641 2256 138 35 dispens
802 2254 79 30 från
903 2251 385 37 odlingsskyldigheten.
1323 2248 56 30 Att
1402 2248 161 29 närmare
1585 2254 58 22 an-

140 2310 76 36 giva
235 2310 67 29 alla
324 2309 41 29 de
384 2307 293 35 omständigheter
696 2315 74 20 som
789 2305 86 28 böra
897 2302 181 30 föranleda
1097 2300 159 30 befrielse
1279 2298 80 31 från
1380 2295 266 37 ifrågavarande

141 2359 215 36 förpliktelse
380 2357 84 31 låter
485 2357 50 35 sig
558 2356 75 30 icke
656 2356 90 35 göra.
772 2353 193 36 Självfallet
990 2353 48 34 är,
1064 2354 58 32 att,
1148 2351 113 29 därest
1286 2358 43 20 en
1352 2347 161 35 fastighet
1540 2345 20 31 å
1585 2345 59 29 vil-

141 2410 66 29 ken
226 2408 112 30 odlats
358 2407 219 30 sockerbetor
596 2406 151 35 styckats
767 2403 82 30 eller
866 2403 38 29 är
924 2401 128 31 avsedd
1072 2403 48 27 att
1140 2399 175 36 omläggas
1337 2398 53 29 för
1409 2400 47 27 att
1476 2394 172 37 utnyttjas

142 2460 50 30 till
216 2462 106 27 annat
346 2456 162 31 ändamål
532 2455 114 31 såsom
672 2458 20 27 t.
717 2464 49 20 ex.
792 2452 199 35 tomtmark,
1016 2452 57 30 det
1096 2450 75 30 icke
1192 2450 64 29 bör
1277 2448 91 31 åvila
1389 2447 128 36 ägarna
1542 2454 43 21 av
1608 2444 41 31 de
