1908 2810
286 150 19 29 4
676 154 378 31 Jordbruksutskottets
1081 154 175 31 utlåtande
1281 155 49 30 Nr
1355 155 49 29 24.

288 238 63 30 der
380 239 97 29 nästa
506 237 283 31 konsumtionsår
818 238 128 35 reglera
976 238 284 35 sockerodlingen
1290 238 88 30 efter
1406 238 10 29 i
1447 238 184 30 huvudsak
1663 248 133 21 samma

288 289 151 36 grunder
460 297 73 21 som
553 288 56 30 för
630 288 226 30 närvarande.
878 288 66 30 För
964 290 49 28 att
1033 287 57 31 för
1110 287 39 31 år
1171 288 80 30 1941
1275 288 183 30 förbereda
1478 289 114 30 denna
1613 287 98 37 fråga
1731 289 64 30 till-

289 341 103 28 sattes
412 339 65 29 den
497 339 16 28 7
533 337 137 31 febuari
691 339 79 29 1941
793 348 43 20 av
855 338 121 36 Kungl.
997 338 103 35 Maj:t
1119 347 41 21 en
1180 338 148 30 särskild
1347 337 227 31 kommission
1593 338 54 30 för
1665 341 48 28 att
1727 338 68 31 för-

287 388 132 30 handla
437 389 78 29 med
533 391 163 33 parterna
716 389 148 29 rörande
886 389 79 29 1941
987 387 56 31 års
1064 388 324 36 sockerbetsodling.
1411 388 126 30 Oaktat
1558 387 238 38 förhandling-

288 447 40 21 ar
347 438 10 29 i
377 438 104 30 saken
502 439 107 30 sedan
628 439 75 29 dess
722 438 175 36 bedrivits,
916 438 64 31 har
998 439 206 35 uppgörelse
1221 438 122 30 hittills
1363 439 75 29 icke
1456 438 141 30 träffats
1617 439 64 29 och
1693 438 104 36 enligt

287 488 68 30 vad
380 488 272 30 kommissionen
675 489 139 36 upplyst
836 489 97 30 torde
956 489 146 30 utsikter
1125 489 75 29 icke
1222 488 55 30 för
1301 489 217 30 närvarande
1542 488 192 31 förefinnas
1748 491 49 27 att

288 537 38 31 få
351 547 43 21 en
418 538 331 31 överenskommelse
773 539 51 29 till
850 538 100 31 stånd
974 548 57 21 om
1056 539 173 35 betpriset.
1255 538 280 31 Kommissionen
1558 538 65 30 har
1647 538 55 30 för
1725 539 71 29 bet-

290 587 163 30 odlarnas
496 591 273 32 representanter
810 587 162 37 framlagt
1013 591 47 27 ett
1102 588 137 37 förslag,
1284 587 234 31 innebärande
1560 587 10 30 i
1612 588 181 29 huvudsak

290 641 50 27 att
381 638 126 35 odlare,
549 647 75 21 som
668 637 37 31 år
748 638 81 30 1941
874 639 140 29 tecknar
1056 647 42 21 en
1141 638 216 30 sockerareal
1400 648 41 20 av
1484 637 105 31 minst
1633 639 39 29 85
1716 646 76 28 pro-

290 691 79 27 cent
397 698 41 20 av
468 689 82 29 1940
581 687 56 31 års
666 689 100 35 areal,
799 688 88 30 skall
917 688 130 31 erhålla
1077 690 18 28 4
1125 689 128 29 kronor
1283 688 55 30 för
1371 688 134 31 deciton
1540 688 254 37 16-procentiga

289 738 98 31 betor
422 739 77 29 med
537 738 129 36 vanligt
703 738 116 37 tillägg
845 738 54 31 för
926 739 105 36 högre
1061 739 193 30 sockerhalt
1281 740 66 29 och
1376 742 47 27 att
1451 739 53 30 för
1532 739 118 36 övriga
1677 739 117 30 odlare

290 790 107 35 sagda
427 789 184 36 grundpris
644 790 86 29 skall
762 789 93 30 bliva
888 790 18 29 3
939 790 129 29 kronor
1101 790 40 29 70
1173 790 56 29 öre
1261 799 61 26 per
1356 789 143 30 deciton.
1548 789 14 30 I
1597 789 197 37 anslutning

291 840 50 30 till
380 840 161 36 förslaget
578 841 201 30 meddelade
817 840 272 31 kommissionen
1125 841 481 36 betodlarrepresentanterna
1630 844 48 27 att
1705 841 91 30 detta

294 889 131 39 förslag
446 890 214 31 innefattade
681 891 288 30 kommissionens
990 892 113 35 längst
1124 890 129 37 gående
1275 890 216 37 erbjudande
1514 892 66 30 och
1602 895 58 32 att,
1682 892 113 30 därest

294 940 194 31 detsamma
503 941 31 37 ej
550 941 172 36 godtoges,
742 942 272 30 kommissionen
1032 942 76 30 icke
1125 942 115 29 kunde
1258 941 120 37 åtgöra
1395 941 101 37 något
1514 942 118 30 vidare
1649 943 10 29 i
1679 942 116 30 betod-

289 991 214 37 lingsfrågan
528 992 55 30 för
607 992 39 31 år
672 993 90 29 1941.
789 992 297 31 Kommissionens
1112 992 129 37 förslag
1263 993 65 30 har
1350 993 188 30 förkastats
1563 1001 43 21 av
1627 993 169 30 betodlar-

291 1052 63 21 nas
376 1046 283 33 representanter,
681 1043 91 30 vilka
793 1043 115 30 såsom
932 1043 94 30 förut
1047 1043 198 30 omnämnts
1265 1043 120 36 begärt
1406 1046 45 27 ett
1473 1043 70 36 pris
1565 1052 42 21 av
1629 1044 18 28 4
1669 1044 130 29 kronor

293 1094 40 29 75
354 1095 58 28 öre
430 1093 54 30 för
503 1094 146 30 deciton.
672 1093 199 37 Ytterligare
892 1094 266 36 förhandlingar
1177 1094 45 30 ha
1240 1094 56 36 ägt
1316 1104 78 20 rum
1413 1094 93 30 inför
1525 1094 91 30 vissa
1638 1103 40 21 av
1699 1096 99 28 stats-

290 1143 116 31 rådets
428 1144 199 36 ledamöter,
649 1145 118 30 varvid
789 1144 116 31 såsom
926 1147 46 27 ett
994 1145 83 30 sista
1100 1144 128 36 förslag
1249 1145 49 29 till
1320 1145 204 30 betodlarna
1543 1144 169 36 erbjudits
1734 1144 64 30 föl-

290 1194 107 36 jande
422 1195 133 36 villkor,
583 1195 172 36 nämligen
781 1195 164 36 antingen
970 1198 46 27 ett
1044 1195 125 30 fixerat
1194 1194 70 37 pris
1289 1204 62 27 per
1379 1196 60 29 100
1464 1195 171 36 kilogram
1665 1195 133 36 16-pro-

291 1245 135 36 centiga
448 1246 97 29 betor
568 1256 43 20 av
633 1247 19 28 4
674 1246 129 29 kronor
830 1246 38 29 10
891 1247 56 29 öre
968 1246 83 30 eller
1073 1249 47 27 ett
1143 1248 196 33 garanterat
1363 1245 70 37 pris
1458 1255 42 21 av
1524 1247 19 28 4
1567 1246 130 30 kronor
1719 1246 79 30 med

291 1295 181 37 möjlighet
512 1296 56 30 för
608 1306 42 20 en
689 1296 229 36 omprövning
957 1296 119 36 längre
1104 1296 91 30 fram
1224 1304 124 28 genom
1379 1296 418 36 skiljedomsförfarande,

291 1347 174 29 huruvida
484 1350 45 26 ett
548 1347 106 36 högre
673 1347 69 36 pris
760 1347 72 30 kan
851 1356 98 21 anses
968 1347 183 30 motiverat
1170 1348 78 29 med
1268 1347 137 36 hänsyn
1425 1347 48 30 till
1493 1348 42 29 de
1554 1347 246 36 förändringar

291 1406 77 21 som
395 1398 118 29 kunna
541 1397 138 30 inträda
704 1397 9 30 i
740 1398 41 29 de
809 1397 58 30 för
893 1397 121 36 prisets
1044 1397 193 38 beräkning
1263 1398 189 35 väsentliga
1479 1397 211 32 faktorerna.
1719 1397 79 30 Med

290 1448 138 36 hänsyn
452 1448 46 29 till
521 1448 67 29 den
611 1448 175 30 allmänna
808 1448 195 36 prispolitik
1025 1458 76 20 som
1124 1448 55 30 för
1201 1449 218 29 närvarande
1439 1448 158 30 bedrives
1620 1457 100 27 synes
1742 1448 57 30 det

292 1507 43 21 av
356 1499 202 30 betodlarna
579 1499 149 35 begärda
749 1498 107 37 priset
876 1498 75 31 icke
971 1499 122 30 kunna
1113 1499 173 36 godtagas.

338 1549 68 30 För
435 1549 63 30 den
528 1549 166 30 händelse
722 1549 311 36 förhandlingarna
1063 1550 148 30 rörande
1240 1549 306 36 sockerbetspriset
1577 1549 110 30 skulle
1716 1550 81 30 slut-

293 1599 109 36 giltigt
421 1600 150 35 stranda,
594 1600 103 30 vilket
718 1609 100 27 synes
839 1610 82 20 vara
942 1603 48 27 att
1009 1600 132 36 befara,
1162 1600 109 30 skulle
1291 1600 94 30 detta
1405 1600 158 30 medföra
1583 1600 137 36 mycket
1739 1600 59 29 all-

293 1650 130 36 varliga
444 1651 256 29 konsekvenser
720 1650 55 30 för
796 1650 90 31 årets
906 1651 324 36 sockerbetsodling.
1253 1651 65 30 Vid
1340 1651 66 29 den
1428 1650 146 31 sålunda
1595 1651 204 35 uppkomna

293 1701 208 30 situationen
541 1702 122 29 kunna
702 1702 267 29 statsmakterna
1008 1701 274 36 uppenbarligen
1311 1701 75 30 icke
1413 1701 70 30 låta
1512 1701 93 30 bero.
1634 1695 166 42 Åtgärder

293 1751 111 31 måste
437 1752 235 35 otvivelaktigt
703 1751 77 31 från
814 1752 286 29 statsmakternas
1134 1752 73 29 sida
1239 1751 156 36 vidtagas
1427 1752 55 30 för
1513 1754 50 28 att
1597 1752 202 31 säkerställa

293 1803 134 29 landets
453 1802 213 36 försörjning
690 1802 78 30 med
793 1803 130 30 socker.
949 1801 52 31 Då
1025 1802 108 36 några
1158 1801 219 37 möjligheter
1399 1805 48 28 att
1472 1802 189 37 importera
1685 1803 114 30 denna

293 1862 84 21 vara
401 1853 54 30 för
476 1854 217 30 närvarande
715 1853 74 30 icke
812 1852 175 37 föreligga,
1008 1852 68 30 blir
1100 1853 56 30 det
1178 1853 213 36 nödvändigt
1413 1856 49 28 att
1486 1853 98 36 tillse,
1609 1856 48 28 att
1680 1854 42 30 de
1744 1853 56 30 för

292 1904 136 30 landets
450 1903 181 31 förseende
652 1904 77 30 med
751 1904 124 30 socker
897 1903 224 37 erforderliga
1143 1904 205 35 odlingarna
1370 1904 94 30 inom
1486 1904 117 30 landet
1625 1904 64 36 äga
1710 1914 88 20 rum.

294 1953 133 31 Härvid
448 1955 120 30 kunna
590 1954 87 32 flera
699 1955 145 35 utvägar
866 1955 121 30 tänkas
1010 1954 144 30 komma
1176 1955 49 29 till
1249 1954 232 36 användning.
1508 1954 153 31 Sålunda
1683 1955 116 30 kunde

293 2014 84 21 man
400 2005 105 30 tänka
528 2005 50 36 sig
600 2008 49 27 att
671 2008 108 28 staten
803 2005 90 36 själv
913 2006 78 29 med
1014 2006 77 29 stöd
1115 2015 41 20 av
1179 2005 396 36 förfoganderättslagen
1597 2005 92 37 finge
1712 2005 11 30 i
1746 2005 52 30 sin

293 2056 97 29 hand
408 2056 40 30 de
465 2056 224 36 erforderliga
705 2057 178 29 arealerna
898 2057 64 29 och
979 2056 153 30 därefter
1150 2055 86 36 själv
1253 2055 218 37 ombesörjde
1488 2056 171 36 odlingen.
1678 2056 121 30 Denna

293 2106 106 36 utväg
420 2106 189 30 innefattar
629 2106 188 31 emellertid
839 2106 39 31 så
898 2109 91 28 stora
1010 2107 220 36 olägenheter
1251 2107 66 30 och
1339 2106 211 37 svårigheter
1571 2110 49 27 att
1641 2108 157 29 densam-

294 2167 59 20 ma
374 2156 75 31 icke
468 2157 187 36 lämpligen
676 2157 63 30 bör
758 2157 265 36 ifrågakomma.
1046 2152 211 35 Överhuvud
1279 2167 102 27 synes
1403 2158 77 30 med
1502 2158 138 36 hänsyn
1661 2157 50 31 till
1733 2157 66 30 den

294 2211 94 27 stora
414 2208 167 31 räckvidd
607 2207 266 37 ifrågavarande
898 2208 168 36 reglering
1090 2209 158 29 kommer
1272 2211 50 28 att
1349 2208 37 31 få
1410 2208 74 31 icke
1511 2207 289 38 ändamålsenligt

291 2261 50 27 att
365 2268 95 21 mera
485 2259 145 30 allmänt
654 2259 159 30 använda
838 2258 411 37 förfoganderättslagens
1273 2259 261 30 bestämmelser
1557 2262 84 27 utan
1665 2268 41 20 en
1731 2260 71 29 sär.

294 2308 92 31 skild
410 2309 214 37 lagstiftning
648 2309 95 31 torde
766 2318 84 22 vara
875 2312 48 28 att
945 2309 194 36 föredraga.
1162 2308 52 31 En
1238 2310 105 35 utväg
1365 2309 56 31 för
1443 2309 143 31 lösande
1611 2319 41 21 av
1676 2309 122 37 frågan

292 2359 98 30 torde
406 2360 109 30 under
533 2359 132 31 sådana
682 2359 243 31 förhållanden
943 2370 82 20 vara
1046 2363 49 27 att
1114 2361 149 29 brukare
1281 2370 42 20 av
1340 2360 172 36 fastighet,
1532 2359 83 31 varå
1635 2361 110 29 under
1764 2360 38 31 år

297 2410 84 30 1940
404 2411 109 30 odlats
536 2411 229 36 sockerbetor,
787 2410 183 37 förpliktas
992 2411 58 30 vid
1072 2410 143 37 lämplig
1237 2410 137 37 påföljd
1395 2413 48 28 att
1463 2411 112 30 under
1596 2411 203 31 innevaran-

294 2461 43 30 de
362 2460 39 30 år
426 2461 185 31 verkställa
637 2461 94 36 dylik
757 2461 128 36 odling.
912 2460 113 37 Enligt
1051 2462 73 29 min
1150 2461 225 36 uppfattning
1401 2471 99 27 synes
1528 2463 93 29 detta
1647 2470 82 22 vara
1756 2470 43 21 en
