2166 2606
656 165 340 32 Jordbrulksutskottets
1021 167 160 31 utlåtande
1204 168 52 30 Nr
1278 171 51 28 26.
1732 173 18 28 9

193 249 69 19 som
287 239 55 30 det
365 239 101 40 enligt
489 241 351 40 lantbruksstyrelsens
864 243 129 40 mening
1016 245 101 30 finnes
1143 245 172 40 anledning
1340 246 119 37 befara,
1486 250 50 28 att
1559 248 54 31 det
1638 251 155 38 mången-

192 281 110 32 städes
337 282 146 32 kommer
519 286 50 29 att
604 284 70 32 visa
697 285 50 40 sig
772 287 128 30 förenat
924 288 70 30 med
1019 289 90 30 stora
1132 288 206 38 svårigheter
1362 292 50 29 att
1435 290 49 31 till
1510 291 187 39 ledamöter,
1722 297 70 27 sär-

192 324 79 32 skilt
296 336 40 20 av
361 326 335 40 odlingsnämnderna,
722 329 123 31 erhålla
869 331 50 29 för
944 332 180 39 uppdraget
1140 332 74 31 fullt
1231 332 228 32 kvalificerade
1478 346 161 28 personer.
1673 336 118 31 Därtill

193 368 153 38 kommer,
382 372 50 28 att
463 371 54 30 det
541 371 183 40 säkerligen
749 373 50 30 för
824 373 320 39 odlingskommittén
1169 375 59 31 och
1254 377 73 30 dess
1352 377 209 32 verksamhet
1584 379 103 31 skulle
1713 391 80 20 vara

192 422 41 20 av
257 413 98 30 värde
387 413 60 31 och
471 413 49 31 till
545 426 95 28 gagn,
666 426 52 20 om
742 416 189 31 densamma
956 417 90 31 bleve
1070 420 69 29 satt
1162 418 9 31 i
1196 418 130 32 tillfälle
1351 422 50 29 att
1424 431 117 29 genom
1566 423 160 40 prövning
1750 435 41 19 av

192 454 153 32 inkomna
378 456 220 41 ansökningar
631 458 86 31 bilda
741 458 51 40 sig
815 470 39 20 en
878 460 74 30 klar
975 454 227 47 föreställning
1226 473 51 20 om
1302 463 60 30 och
1386 474 90 21 mera
1499 464 157 40 ingående
1681 466 109 32 kunna

191 497 79 40 följa
294 499 37 30 de
355 509 116 29 genom
495 500 39 30 de
559 501 153 31 anvisade
736 503 213 30 statsmedlen
966 504 170 40 uppnådda
1153 506 188 30 resultaten.
1389 506 120 31 Genom
1527 508 60 30 den
1605 509 186 39 föreslagna

191 540 229 40 förändringen
444 543 104 30 skulle
573 544 61 30 ock
658 554 89 21 mera
764 545 165 39 enhetliga
946 546 162 41 principer
1124 547 131 31 komma
1272 550 51 29 att
1339 548 166 41 tillämpas
1522 550 53 31 vid
1592 551 198 41 beviljandet

191 594 40 19 av
256 584 240 40 statsbidragen
521 586 59 31 och
605 597 39 20 en
665 587 147 39 jämnare
838 588 182 40 fördelning
1043 600 40 20 av
1107 591 236 40 statsanslaget
1367 593 254 31 åstadkommas.

320 627 15 30 I
358 627 95 40 fråga
476 639 51 20 om
552 630 224 31 utbetalandet
800 642 40 20 av
864 631 135 40 beviljat
1021 633 201 40 statsbidrag
1238 634 86 31 hava
1340 635 250 32 kommitterade
1608 637 180 40 föreslagit,

190 671 50 29 att
275 671 58 30 två
367 671 195 39 tredjedelar
598 684 40 20 av
673 674 181 31 detsamma
888 675 93 38 skall,
1012 678 78 29 utan
1114 679 50 29 att
1187 677 154 32 säkerhet
1365 679 110 31 därför
1498 680 142 31 behöver
1663 682 124 40 ställas,

190 713 162 32 utbetalas
386 716 99 30 under
518 716 144 32 arbetets
692 717 155 41 fortgång
871 718 58 32 och
955 719 20 34 i
988 720 74 30 mån
1087 730 40 21 av
1150 721 160 40 nedlagda
1334 722 312 40 odlingskostnader.
1693 725 96 31 Åter-

188 757 133 31 stående
345 758 198 40 tredjedelen
559 760 104 31 skulle
680 772 41 20 av
738 761 131 32 odlaren
886 762 224 33 utbekommas
1127 764 83 31 efter
1226 765 180 32 verkställd
1422 766 236 42 slutavsyning,
1676 769 112 32 därvid

188 800 84 31 dock
295 801 104 31 denna
429 803 166 39 tredjedel,
620 804 110 31 därest
753 805 256 39 odlingsarbetet
1032 806 72 32 icke
1128 807 94 32 blivit
1246 808 86 32 inom
1357 809 203 32 föreskriven
1584 811 47 31 tid
1655 813 42 39 på
1720 812 66 31 till-

187 843 249 33 fredsställande
471 848 68 29 sätt
574 847 112 38 utfört,
722 848 104 31 skulle
850 849 108 31 kunna
982 849 187 33 innehållas.
1216 851 15 31 I
1254 852 95 31 dessa
1373 853 171 40 onekligen
1568 854 219 42 fördelaktiga

188 886 118 32 villkor
330 899 97 28 synes
451 890 54 30 det
528 890 344 40 lantbruksstyrelsen,
898 894 49 29 att
972 893 195 32 åtminstone
1191 895 61 30 den
1273 895 220 41 skärpningen
1509 897 97 31 borde
1623 894 161 49 vidtagas,

187 931 50 29 att
271 930 194 33 förbindelse
501 932 168 32 avfordras
704 934 132 31 odlaren
861 937 49 29 att
934 936 100 31 under
1056 936 203 32 sistnämnda
1282 938 238 41 förutsättning
1544 941 180 32 återbetala
1748 943 38 30 de

187 973 167 40 uppburna
377 975 58 30 två
457 975 238 40 tredjedelarna
719 988 41 20 av
783 977 158 41 bidraget.

316 1017 71 36 Att,
412 1019 107 30 såsom
543 1019 195 32 kommittén
758 1022 124 39 jämväl
907 1022 146 38 föreslår,
1079 1023 167 41 uppdraga
1271 1025 33 30 åt
1329 1024 220 40 odlingsrådet
1566 1028 49 30 att
1631 1028 154 32 förordna

185 1059 330 43 lantbruksingenjör,
544 1063 351 40 jordbrukskonsulent
925 1066 78 31 eller
1026 1066 91 40 dylik
1140 1069 50 29 att
1214 1067 53 31 vid
1292 1067 212 33 förefallande
1529 1070 104 32 behov
1656 1071 128 33 biträda

185 1104 93 31 rådet
301 1104 104 32 skulle
430 1106 199 32 tvivelsutan
652 1108 147 31 medföra
822 1109 210 39 olägenheter
1056 1110 60 31 och
1140 1111 251 40 förvecklingar,
1416 1123 70 21 som
1510 1113 79 32 böra
1613 1115 169 32 undvikas.

185 1146 253 43 Framställning
472 1160 52 21 om
558 1151 106 40 dylikt
697 1151 214 33 förordnande
946 1153 92 32 torde
1071 1164 41 21 av
1146 1154 221 41 odlingsrådet
1402 1156 79 32 böra
1515 1162 97 35 göras
1640 1158 60 32 hos
1723 1160 61 31 den

184 1190 193 41 myndighet
400 1192 78 32 eller
500 1194 220 40 korporation,
746 1196 100 30 under
869 1196 109 32 vilken
994 1197 240 32 vederbörande
1251 1198 199 40 tjänsteman
1467 1203 145 29 närmast
1628 1204 154 30 sorterar.

314 1235 15 30 I
353 1236 185 41 anslutning
578 1237 50 32 till
661 1238 54 31 det
745 1239 135 31 sålunda
905 1240 134 32 anförda
1062 1241 51 31 får
1136 1242 333 40 lantbruksstyrelsen
1492 1243 11 32 i
1527 1245 257 42 underdånighet

183 1277 184 38 hemställa,
392 1281 50 29 att
466 1280 102 32 Eders
595 1281 118 40 Kungl.
738 1282 94 41 Maj:t
856 1283 53 31 vid
933 1283 195 41 vidtagande
1153 1296 40 20 av
1217 1286 38 31 de
1280 1286 161 40 åtgärder,
1466 1298 70 21 som
1559 1289 149 39 påkallas
1732 1290 51 32 för

182 1322 253 38 genomförande
460 1334 41 20 av
524 1325 428 40 produktionskommitténs
975 1327 59 32 här
1051 1328 222 40 föreliggande
1289 1329 133 41 förslag,
1440 1332 103 31 måtte
1560 1334 78 38 taga
1654 1333 128 40 hänsyn

183 1364 49 31 till
256 1365 350 42 lantbruksstyrelsens
629 1368 60 31 här
713 1379 83 21 ovan
819 1369 115 41 gjorda
958 1371 280 41 anmärkningar.»

311 1478 229 37 Ledamoten
575 1494 45 22 av
648 1481 381 40 lantbruksstyrelsen,
1072 1484 230 37 byråchefen
1332 1486 217 37 Ecerström
1579 1488 69 37 har
1676 1490 11 35 i
1717 1504 62 21 av-

212 1529 6 5 .
494 1532 6 5 |
881 1522 12 9 J
1035 1513 8 18 ,
1365 1516 23 18 S

181 1542 115 35 given
324 1538 230 30 reservation
583 1533 139 36 anfört:
1653 1554 9 8 :

314 1598 130 32 >Under
467 1600 188 32 nuvarande
678 1600 117 33 kristid
818 1602 79 32 böra
920 1602 10 31 i
953 1604 88 39 regel
1058 1603 76 41 inga
1150 1605 194 41 nyodlingar
1359 1607 79 31 eller
1454 1618 56 20 ens
1527 1609 253 41 täckdikningar

180 1640 177 41 företagas.
403 1642 205 33 Lantbruket
636 1644 80 31 lider
739 1645 163 41 nämligen
926 1647 82 31 brist
1030 1648 43 40 på
1096 1649 124 36 utsäde,
1246 1649 121 40 gödsel,
1393 1651 146 40 dragare,
1565 1653 213 33 arbetskraft.

180 1683 100 41 Ingen
315 1686 152 40 praktisk
499 1687 216 40 jordbrukare
749 1689 87 31 lärer
870 1689 101 32 heller
998 1710 35 2 —
1060 1695 100 28 annat
1189 1696 40 27 än
1254 1693 9 30 i
1286 1704 217 29 gynnsamma
1526 1691 252 50 undantagsfall,

180 1738 113 21 varom
323 1729 60 31 här
406 1729 72 32 icke
501 1731 65 30 kan
590 1742 80 20 vara
694 1732 104 40 fråga,
824 1733 40 31 då
887 1733 209 33 lantmannen
1119 1735 10 31 i
1153 1736 95 31 dessa
1272 1740 82 28 även
1378 1738 101 31 under
1502 1741 187 31 nuvarande
1713 1741 66 31 för-

179 1770 173 33 hållanden
387 1773 64 31 kan
475 1776 79 29 utan
578 1775 201 41 statsbidrag
802 1776 109 32 utföra
935 1778 128 31 arbetet
1087 1798 40 2 —
1152 1779 50 31 för
1225 1781 204 31 närvarande
1452 1782 49 31 slå
1524 1782 50 40 sig
1597 1784 41 40 på
1661 1784 117 41 dylikt,

178 1817 83 29 även
285 1826 52 20 om
362 1816 121 32 sådana
507 1817 142 32 fördelar
672 1819 124 40 bjudas,
821 1831 68 20 som
914 1820 10 31 i
948 1821 54 32 det
1025 1821 222 42 föreliggande
1271 1824 167 41 förslaget.
1486 1825 110 32 Skulle
1619 1827 62 32 han
1699 1832 80 36 göra

178 1858 102 36 detta,
305 1859 166 33 riskerade
501 1861 74 38 han,
601 1864 50 29 att
675 1862 59 31 den
759 1867 106 37 öppna
886 1864 83 40 jord,
994 1865 63 31 han
1081 1866 130 38 brukar,
1236 1867 94 32 bleve
1354 1869 166 32 vanskött.
1567 1870 83 32 Från
1674 1872 104 32 denna

177 1901 148 33 kommer
348 1903 10 31 i
382 1903 99 32 sådan
517 1905 154 32 händelse
701 1907 253 39 arbetskraften,
980 1908 170 41 dragarna,
1175 1910 144 40 gödseln,
1344 1912 131 32 utsädet
1499 1915 51 30 att
1573 1917 104 38 tagas.
1725 1915 52 32 In-

176 1945 191 33 komsterna
401 1947 92 32 bleve
528 1949 124 32 mindre
686 1950 61 31 och
781 1951 182 40 utgifterna
995 1955 114 30 större.
1156 1954 64 32 Det
1255 1958 37 28 är
1315 1955 138 32 sålunda
1483 1956 73 33 icke
1579 1961 51 29 att
1653 1955 122 49 befara,

178 1991 50 30 att
259 1989 239 41 jordbrukaren
532 1992 85 32 skall
652 1994 101 31 under
786 1996 188 31 nuvarande
997 1996 225 33 förhållanden
1246 1998 69 32 låta
1338 1999 50 41 sig
1411 2000 113 32 lockas
1547 2001 52 32 till
1622 2003 155 41 nyodling

177 2032 80 32 eller
280 2034 223 42 täckdikning.

307 2078 74 31 Men
410 2090 50 20 om
486 2079 59 31 och
570 2079 10 31 i
604 2080 60 31 den
688 2080 75 32 mån
787 2081 91 32 detta
901 2083 130 34 skedde,
1056 2084 105 31 skulle
1185 2095 39 21 en
1247 2086 129 40 verklig
1399 2087 72 31 fara
1494 2087 51 32 för
1568 2084 207 50 folkförsörj-

176 2119 118 41 ningen
318 2122 101 31 under
441 2122 157 32 kristiden
624 2124 79 31 eller
727 2124 60 32 den
814 2125 54 39 tid,
893 2137 68 20 som
987 2127 9 30 i
1020 2127 159 41 förslaget
1201 2139 106 27 avses,
1333 2126 127 49 uppstå.

308 2164 71 32 Vad
413 2166 84 32 först
531 2167 254 41 täckdikningen
820 2169 164 39 beträffar,
1018 2170 37 32 så
1078 2171 88 31 visar
1190 2172 238 40 erfarenheten,
1454 2176 51 30 att
1528 2175 60 31 den
1612 2175 58 33 råa
1689 2177 84 40 jord,

175 2217 69 21 som
268 2210 162 39 upptages
453 2221 38 20 ur
514 2210 199 33 täckdikena
737 2212 59 31 och
822 2213 301 41 avloppsgravarna
1146 2218 86 29 samt
1256 2217 153 32 utbredes
1433 2217 19 32 å
1475 2218 110 39 åkern,
1611 2220 101 32 under
1735 2221 39 32 de

175 2250 105 32 första
303 2252 77 31 åren
404 2252 179 33 försämrar
603 2255 114 40 jorden
742 2255 60 32 och
826 2259 52 29 att
901 2257 84 32 först
1008 2258 98 32 sedan
1131 2259 60 41 den
1214 2263 212 39 nyupptagna
1446 2262 114 41 jorden
1586 2263 84 32 efter
1691 2264 82 33 fort-

223 2303 126 43 Bihang
372 2306 49 31 till
443 2307 186 42 riksdagens
652 2309 153 40 protokoll
831 2310 92 31 1918.
971 2311 42 30 10
1037 2312 88 30 saml.
1172 2313 42 30 12
1235 2313 82 40 häft.
1364 2314 67 40 (Nr
1453 2315 67 34 26.)
1710 2318 19 30 2

1812 1505 190 24 Reservation.
