1872 2850
134 963 139 34 Förnyad

120 997 165 35 utredning.

327 141 59 29 124
520 141 213 29 Sammansatt
753 142 98 28 andra
871 142 62 34 lag-
953 143 56 27 och
1026 142 307 34 jordbruksutskotts
1352 143 164 29 utlåtande
1536 143 48 29 Nr
1603 148 27 25 8.

326 230 40 20 av
387 219 37 31 de
445 218 167 32 allmänna
634 219 160 38 skogarna
815 224 84 27 samt
918 220 52 31 för
990 220 158 37 tillsynen
1170 233 40 19 av
1233 221 219 37 skogsvården
1475 223 19 30 å
1517 222 37 31 de
1575 222 147 32 enskilda
1746 224 70 31 sko-

325 283 101 26 garna
443 272 396 38 skogsvårdsstyrelserna
855 274 70 31 med
943 273 49 32 sin
1008 274 296 38 sammanslutning
1320 275 413 38 skogsvårdsstyrelsernas
1752 277 64 30 för-

327 325 85 31 bund
433 325 58 31 och
512 325 71 32 dess
604 326 192 32 centralråd.
830 326 66 32 Till
917 327 93 32 dessa
1032 327 106 32 skulle
1156 339 44 20 nu
1220 328 132 32 komma
1371 332 187 34 pastoraten
1580 329 70 31 med
1673 330 143 38 skogligt

324 378 129 32 bildade
476 378 149 32 biträden
649 379 51 31 för
724 379 242 38 skogsskötseln
992 384 84 28 samt
1101 380 292 33 stiftsnhämnderna
1417 382 72 31 med
1515 382 301 38 stiftsjägmästare.

325 431 16 31 I
365 432 173 32 utskottets
565 432 124 38 förslag
715 433 117 32 saknas
858 433 138 32 allenast
1021 434 53 32 det
1098 435 144 31 centrala
1267 439 134 34 orgaret
1427 436 51 31 för
1504 435 60 32 den
1587 436 229 32 ecklesiastika

325 484 228 42 skogsvården,
577 485 51 32 för
648 489 48 28 att
716 486 109 32 bilden
846 487 107 31 skulle
973 499 81 20 vara
1075 487 207 39 fullständig.
1316 488 74 32 Men
1411 489 53 32 det
1484 489 90 32 torde
1594 502 79 19 vara
1694 502 122 26 uppen-

325 537 73 32 bart
415 538 51 31 för
484 549 37 20 en
542 550 68 30 var,
634 542 47 28 att
702 539 88 32 detta
811 540 143 32 centrala
974 552 101 27 organ
1095 541 70 32 icke
1186 541 83 32 låter
1289 545 101 29 vänta
1409 543 43 37 på
1471 543 50 37 sig
1543 544 35 30 så
1598 547 91 28 värst
1709 544 107 37 länge.

324 590 71 32 Den
422 592 279 38 omständigheten
729 596 49 28 att
805 593 159 32 utskottet
992 594 200 42 förutsätter,
1222 598 48 28 att
1298 595 274 39 regeringsrätten
1600 600 24 28 t.
1652 608 49 20 ex.
1730 597 86 31 skall

324 648 120 33 avgöra
464 648 203 34 pastoratens
689 646 114 31 besvär
826 651 74 27 över
922 648 38 31 de
982 659 40 20 av
1045 647 291 33 stiftsnämnderna
1359 649 188 32 fastställda
1571 650 245 38 hushållnings-

323 696 165 42 planerna,
512 698 90 32 visar
623 702 48 29 att
695 700 174 32 utskottets
895 700 125 39 förslag
1044 702 11 31 i
1080 702 104 31 denna
1209 701 51 33 del
1284 702 115 32 endast
1422 703 65 31 kan
1510 715 80 20 vara
1615 707 45 28 ett
1685 704 131 37 mycket

322 750 183 38 kortvarigt
528 752 226 37 provisorium.
778 752 82 32 Över
883 753 205 39 huvudtaget
1111 755 89 32 torde
1223 755 53 32 det
1300 756 113 31 kunna
1438 761 105 36 sägas,
1568 760 48 28 att
1640 757 175 31 utskottets

325 803 123 38 förslag
464 805 35 30 så
515 805 137 32 avviker
669 806 74 31 från
759 807 240 37 propositionen
1016 808 81 32 både
1112 808 11 31 i
1139 808 96 38 fråga
1250 820 51 20 om
1319 809 104 37 själva
1439 809 302 39 huvudgrunderna
1757 810 58 31 och

323 856 207 33 beträffande
553 859 119 37 många
696 859 145 42 detaljer,
867 864 48 28 att
941 861 54 31 det
1017 861 164 38 knappast
1205 862 65 31 kan
1294 874 80 20 vara
1399 863 155 38 förenligt
1580 863 71 31 med
1675 863 139 32 känslan

323 910 50 30 för
398 922 126 30 ansvar,
552 923 50 19 om
626 912 174 38 riksdagen
822 917 80 28 utan
927 914 193 38 ytterligare
1144 915 175 39 utredning
1344 916 143 32 biträder
1512 917 141 31 nämnda
1679 917 135 38 förslag.

368 962 48 32 På
435 964 106 37 grund
564 976 41 20 av
626 977 44 20 nu
690 966 139 32 anförda
848 967 72 31 skäl
942 967 176 32 hemställa
1138 968 33 32 vi
1191 980 51 20 om
1264 968 115 39 avslag
1400 970 19 31 å
1439 969 92 32 såväl
1551 970 175 32 utskottets
1750 970 65 31 för-

325 1016 72 38 slag
421 1029 67 20 som
513 1017 128 39 Kungl.
666 1019 116 38 Maj:ts
808 1020 11 31 i
844 1021 132 31 ärendet
999 1021 143 38 avgivna
1168 1022 200 38 proposition
1393 1027 85 27 samt
1503 1034 50 20 om
1579 1023 157 32 skrivelse
1760 1022 54 33 till

325 1069 125 39 Kungl.
475 1071 101 38 Maj:t
597 1084 50 19 om
671 1072 141 39 förnyad
834 1074 176 38 utredning
1033 1074 134 33 rörande
1189 1075 61 32 den
1274 1075 230 32 ecklesiastika
1527 1076 128 37 jordens
1679 1076 134 32 förvalt-

324 1123 88 38 ning.
434 1124 116 32 Denna
572 1126 176 38 utredning
770 1127 57 31 bör
849 1127 141 32 omfatta
1012 1140 38 20 en
1073 1128 145 38 opartisk
1241 1129 58 31 och
1324 1129 304 38 förutsättningslös
1652 1130 163 37 prövning

323 1188 41 20 av
389 1177 126 38 frågan,
539 1178 165 33 huruvida
728 1180 61 31 den
813 1180 330 39 ändamålsenligaste
1166 1182 245 38 förvaltningen
1435 1194 41 20 av
1500 1182 60 32 den
1585 1182 230 32 ecklesiastika

324 1230 110 36 Jorden
456 1231 12 30 i
490 1232 90 37 syfte
603 1236 49 27 att
672 1232 101 32 vinna
793 1233 94 32 bästa
909 1234 210 32 ekonomiska
1140 1235 138 32 resultat
1301 1235 100 32 därav
1424 1239 85 28 samt
1532 1239 49 28 att
1601 1237 42 37 på
1667 1236 147 32 säkraste

323 1287 64 28 sätt
408 1284 118 32 bevara
547 1285 37 31 de
604 1285 10 31 i
635 1285 103 32 denna
750 1286 71 37 jord
834 1297 44 21 nu
891 1287 162 38 nedlagda
1066 1287 224 39 tillgångarna
1304 1289 51 31 för
1368 1288 177 32 framtiden
1559 1289 57 32 bör
1629 1289 56 31 ske
1698 1301 114 26 genom

323 1336 248 39 centralisering
597 1338 78 32 eller
701 1338 296 40 decentralisering.
1026 1340 115 33 Skulle
1167 1341 105 32 denna
1298 1342 163 38 prövning
1488 1342 74 32 leda
1586 1342 53 31 till
1665 1346 49 29 att
1740 1342 73 32 sist-

323 1389 140 32 nämnda
486 1394 104 35 utväg
613 1392 85 37 ånyo
723 1392 112 38 väljes,
860 1392 57 32 bör
939 1393 113 32 vidare
1077 1398 186 34 övervägas,
1289 1394 164 33 huruvida
1478 1394 245 39 förvaltningen
1747 1395 66 31 kan

323 1442 186 39 uppdragas
535 1444 35 31 åt
596 1447 46 29 ett
666 1456 88 20 mera
778 1445 154 39 lämpligt
958 1458 101 27 organ
1084 1451 41 27 än
1150 1451 180 34 pastoratet
1354 1447 87 39 eller,
1468 1460 51 20 om
1546 1449 36 31 så
1609 1448 28 38 ej
1663 1448 149 32 befinnes

323 1495 283 40 ändamålsenligt,
632 1497 165 33 huruvida
822 1498 71 33 icke
917 1503 196 34 pastoratets
1139 1500 221 38 organisation
1386 1501 52 32 för
1463 1501 88 32 detta
1578 1501 152 32 ändamål
1755 1501 59 32 bör

322 1548 92 38 givas
439 1561 37 19 en
503 1549 123 33 fastare
650 1550 93 39 form,
769 1552 135 32 särskilt
926 1552 12 31 i
962 1557 148 34 pastorat
1133 1554 72 31 med
1229 1554 85 32 flera
1338 1554 244 38 församlingar.
1608 1554 114 33 Skulle
1747 1555 65 31 för-

321 1604 192 39 valtningen
543 1617 41 19 av
613 1605 61 32 den
701 1605 229 33 ecklesiastika
959 1606 113 38 jorden
1100 1618 91 21 anses
1220 1607 79 32 böra
1326 1608 190 38 uppdragas
1545 1608 35 31 åt
1606 1607 207 32 kommunalt

320 1668 110 27 organ,
450 1658 79 31 böra
548 1658 71 32 dess
640 1658 227 38 skyldigheter
885 1659 58 32 och
964 1659 193 39 rättigheter
1175 1661 35 31 så
1231 1665 144 33 avvägas
1394 1665 67 27 mot
1480 1661 172 38 varandra,
1672 1665 48 27 att
1740 1661 71 31 icke

322 1710 405 40 förvaltningsuppdraget
745 1712 87 32 leder
851 1712 53 32 till
923 1713 104 32 ökade
1046 1713 210 32 kommunala
1274 1714 247 38 uppoffringar.
1542 1714 18 31 I
1579 1718 231 28 överensstäm-

321 1763 97 32 melse
439 1764 72 31 med
532 1764 64 32 vad
620 1776 82 20 ovan
724 1765 126 33 anförts
872 1765 91 33 torde
985 1766 215 39 utredningen
1223 1767 163 32 dessutom
1409 1768 12 31 i
1445 1779 44 20 nu
1512 1767 213 32 förevarande
1748 1767 62 31 fall

320 1820 78 31 böra
415 1831 75 20 avse
510 1818 230 33 fastställande
758 1831 42 20 av
817 1819 172 32 rationella
1007 1819 142 38 grunder
1168 1820 51 31 för
1238 1820 198 39 försäljning
1454 1832 41 20 av
1512 1820 209 32 ecklesiastik
1739 1820 70 37 jord

320 1876 83 28 samt
430 1872 51 31 för
506 1871 359 39 försäljningsmedlens
892 1872 205 39 förvaltning
1121 1873 58 31 och
1203 1873 222 38 användning.
1454 1873 165 39 Slutligen
1646 1874 57 31 bör
1728 1878 81 27 även

319 1924 156 33 likaledes
498 1925 104 38 enligt
621 1925 63 31 vad
704 1937 83 20 ovan
809 1928 89 35 sagts
918 1930 188 34 övervägas,
1127 1926 165 32 huruvida
1311 1926 72 32 icke
1402 1926 12 31 i
1434 1926 111 33 stället
1567 1927 51 31 för
1639 1926 37 33 de
1698 1939 41 19 av
1758 1930 50 28 ut-

318 1978 120 32 skottet
462 1978 187 38 föreslagna
671 1978 293 32 stiftsnämnderna
987 1979 99 32 redan
1110 1979 207 38 förefintliga
1341 1979 230 39 myndigheter
1595 1980 105 32 såsom
1722 1979 86 32 läns-

318 2030 163 39 styrelser,
514 2031 200 38 domkapitel
745 2031 79 32 eller
854 2031 231 32 domänverket
1116 2032 113 32 kunna
1259 2044 115 26 genom
1406 2032 275 39 omorganisation
1712 2037 95 34 göras

318 2083 158 38 lämpliga
496 2087 49 28 att
565 2084 183 38 tjänstgöra
770 2085 103 31 såsom
895 2084 238 33 överinstanser
1154 2085 12 31 i
1186 2097 38 20 en
1248 2085 272 33 decentraliserad
1542 2085 204 39 förvaltning
1767 2097 41 20 av

318 2136 60 32 den
401 2136 230 33 ecklesiastika
652 2136 121 38 jorden.

361 2188 117 39 Enligt
498 2190 75 31 vårt
595 2190 209 32 förmenande
823 2190 58 32 bör
900 2191 56 31 vid
978 2191 89 32 detta
1088 2191 159 39 förnyade
1267 2192 225 39 övervägande
1516 2197 80 27 även
1618 2192 118 39 frågan
1757 2204 50 19 om

316 2242 259 38 prästerskapets
593 2242 189 39 privilegier
799 2243 132 39 bringas
949 2244 53 31 till
1022 2244 50 32 sin
1091 2244 138 39 lösning.
1248 2244 227 33 Förevarande
1494 2246 97 37 fråga
1606 2245 61 32 har
1684 2258 38 19 en
1740 2249 67 28 stor

315 2294 151 38 praktisk
494 2295 177 38 betydelse,
701 2301 77 27 enär
803 2296 250 39 privilegiernas
1081 2297 229 33 bibehållande
1336 2298 11 31 i
1372 2298 122 32 hittills
1523 2298 192 39 tillämpade
1741 2310 65 20 om-

317 2347 145 39 fattning
486 2348 88 32 leder
597 2348 53 32 till
675 2348 60 33 den
759 2349 192 38 anomalien,
979 2354 49 28 att
1051 2354 24 29 t.
1100 2362 49 21 ex.
1173 2351 90 37 varje
1288 2351 140 39 ändring
1452 2351 11 31 i
1488 2351 318 38 boställsordningen

315 2401 102 31 måste
443 2401 186 38 föreläggas
654 2401 218 39 kyrkomötet.
