1880 2852
293 152 215 28 Sammansatt
527 153 98 28 andra
646 153 63 33 lag-
728 153 56 27 och
801 152 307 35 jordbruksutskotts
1127 152 164 29 utlåtande
1312 152 48 29 Nr
1379 158 27 23 $.
1549 153 36 30 17

94 229 188 32 mänverket
307 229 74 32 från
406 230 119 37 skogar
548 230 101 31 under
673 229 128 32 verkets
826 229 204 39 förvaltning
1054 230 58 31 och
1135 241 40 20 av
1199 234 148 34 pastorat
1372 230 74 32 från
1471 231 118 37 skogar

93 283 102 32 under
212 282 93 33 deras
324 283 214 41 förvaltning,
557 286 47 29 att
622 283 53 32 det
693 283 85 32 skall
797 283 186 32 tillkomma
999 283 279 38 domänstyrelsen
1294 283 87 42 eller,
1402 284 185 40 eventuellt,

94 336 126 39 Kungl.
240 336 101 38 Maj:t
359 336 84 32 efter
461 337 126 38 förslag
606 348 40 20 av
666 336 279 39 domänstyrelsen
961 340 50 29 att
1029 341 130 37 avgöra,
1177 337 167 32 huruvida
1361 337 226 32 löneboställes

93 390 81 38 skog
200 389 87 33 skall
314 390 50 32 stå
389 390 103 32 under
519 390 247 32 domänverkets
796 390 204 39 förvaltning
1027 390 79 32 eller
1130 390 102 32 under
1259 391 72 32 dess
1359 391 152 41 kontroll,
1540 394 48 29 att

94 443 204 39 avverkning
326 455 41 20 av
396 444 81 38 skog
506 444 86 32 skall
621 444 57 32 ske
706 444 12 31 i
744 444 146 38 enlighet
918 444 72 32 med
1017 444 309 42 avverkningsplan,
1357 456 68 21 som
1454 448 134 35 upprät-

93 501 49 28 tas
162 508 115 27 genom
298 497 247 32 domänverkets
567 497 127 39 försorg
714 497 58 32 och
795 498 190 42 fastställes,
1007 498 210 32 beträffande
1236 498 81 38 skog
1337 498 103 32 under
1460 498 128 32 verkets

94 550 213 42 förvaltning,
331 562 41 21 av
394 551 279 38 domänstyrelsen
695 551 68 42 och,
786 552 64 32 vad
873 552 103 38 angår
997 551 81 39 skog
1096 552 103 32 under
1221 552 129 32 verkets
1372 552 152 42 kontroll,
1547 564 41 20 av

92 603 239 33 vederbörande
358 604 276 42 revirförvaltare,
661 605 59 32 och
747 608 49 29 att
821 608 120 30 största
964 605 136 38 möjliga
1126 605 284 33 decentralisation
1437 606 58 32 och
1524 606 64 32 för-

92 657 136 38 enkling
250 657 12 32 i
286 658 262 38 förvaltningens
572 658 67 32 alla
663 658 89 32 delar
774 659 86 31 skall
885 659 211 32 eftersträvas
1121 662 80 29 utan
1227 663 49 28 att
1298 659 115 33 därvid
1437 659 152 39 eftergift

92 715 92 33 göres
205 711 19 31 å
244 711 60 32 den
323 711 205 32 effektivitet
545 711 12 32 i
578 711 254 43 förvaltningen,
854 724 68 20 som
942 713 177 38 skogarnas
1139 713 100 32 värde
1256 712 162 39 påkallar.

139 764 165 38 Slutligen
329 764 61 33 har
413 765 12 31 i
451 765 161 32 motionen
638 765 129 32 II:519
796 778 40 20 av
862 766 75 31 herr
959 766 137 38 Mogård
1124 766 126 42 yrkats,
1276 770 49 28 att
1352 766 158 39 förslaget
1535 766 53 32 till

93 817 208 33 ecklesiastik
323 818 278 39 boställsordning
623 819 100 32 måtte
744 819 118 32 ändras
884 819 134 43 därhän,

139 871 35 41 1)
199 875 49 29 att
267 872 297 32 stiftsintendenter
584 872 92 33 skola
695 873 158 32 tillsättas
874 873 84 32 blott
986 873 2 32 i
1008 874 223 41 Härnösands,
1255 873 156 43 Uppsala,
1432 873 155 33 Västerås

93 924 76 33 stift
186 929 202 34 gemensamt
407 926 72 32 med
500 925 176 34 Karlstads
697 926 58 33 och
772 926 110 39 Växjö
902 927 89 38 stift;

137 978 36 41 2)
197 982 50 29 att
263 979 178 38 uppsikten
458 984 77 27 över
551 980 301 38 boställsskogarna
869 980 12 32 i
898 981 114 38 övriga
1031 980 74 33 stift
1122 981 186 38 uppdrages
1327 982 34 31 åt
1378 981 209 38 skogsvårds-

93 1032 200 38 styrelserna
312 1032 12 32 1
344 1033 240 32 vederbörande
605 1033 69 38 län;

137 1085 37 40 3)
199 1089 49 28 att
269 1085 340 33 stiftsintendenterna
628 1086 12 32 i
662 1087 37 32 de
720 1087 84 41 stift,
827 1088 59 32 där
907 1088 123 32 sådana
1048 1087 168 42 tillsättas,
1240 1088 91 32 bliva
1352 1088 175 32 ledamöter
1547 1100 41 20 av

92 1138 223 39 domkapitlen
335 1139 57 32 vid
414 1139 251 39 handläggning
688 1152 41 20 av
751 1141 117 32 ärende
891 1141 166 38 angående
1080 1141 152 39 boställe;

137 1192 37 40 4)
203 1196 49 28 att
275 1192 61 32 den
361 1192 268 42 beslutanderätt,
656 1205 67 20 som
749 1194 103 38 enligt
876 1194 240 38 propositionen
1141 1194 108 33 skulle
1273 1194 185 33 tillkomma
1482 1195 104 32 stifts-

91 1244 177 44 intendent,
297 1246 12 31 i
336 1246 111 33 stället
471 1247 186 38 uppdrages
684 1248 33 31 åt
744 1247 224 43 domkapitlet,
998 1248 58 31 där
1084 1248 60 32 den
1168 1248 29 38 ej
1226 1248 86 32 skall
1341 1248 167 39 förläggas
1534 1248 51 32 till

92 1299 348 39 skogsvårdsstyrelse.

139 1370 171 38 Skogarna
331 1372 20 30 å
371 1371 255 33 löneboställena
646 1376 54 28 äro
724 1384 40 20 av
787 1372 132 39 mycket
938 1373 161 32 växlande
1122 1373 132 32 storlek.
1278 1373 65 32 Det
1365 1374 223 38 övervägande

94 1423 144 32 flertalet
261 1436 41 20 av
325 1424 71 32 dem
419 1429 55 27 äro
498 1425 79 32 små.
601 1424 162 40 Omkring
785 1438 39 20 en
847 1426 156 38 tredjedel
1025 1438 41 20 av
1089 1426 75 32 hela
1186 1426 125 33 antalet
1332 1427 86 32 hava
1438 1439 39 20 en
1500 1428 88 31 areal

92 1477 179 38 produktiv
304 1477 202 42 skogsmark,
538 1478 254 39 understigande
825 1480 40 31 25
898 1479 126 33 hektar.
1055 1479 83 32 Över
1168 1480 130 32 hälften
1330 1485 55 27 äro
1414 1480 102 32 under
1548 1482 39 30 50

93 1530 126 31 hektar.
256 1530 92 32 Blott
374 1531 152 38 omkring
550 1543 38 20 en
615 1531 159 38 fjärdedel
802 1544 40 20 av
870 1532 72 32 dem
968 1533 163 38 överstiga
1160 1534 63 31 100
1250 1533 126 32 hektar.
1416 1533 82 32 Över
1526 1535 62 31 500

93 1583 117 32 hektar
232 1588 56 27 äro
311 1583 84 33 blott
417 1587 46 29 ett
483 1584 178 33 hundratal
682 1585 130 38 skogar.

136 1636 219 33 Beträffande
381 1637 84 32 först
488 1637 107 38 själva
620 1638 244 39 förvaltningen
891 1651 41 20 av
955 1639 302 39 boställsskogarna
1282 1641 36 31 så
1342 1652 99 26 synas
1466 1652 124 20 samma

94 1690 82 41 skäl,
199 1702 68 20 som
291 1690 170 39 åberopats
486 1691 51 32 för
560 1704 38 19 en
621 1691 283 33 decentralisation
927 1693 54 31 till
1004 1696 186 35 pastoraten
1212 1705 42 20 av
1277 1693 312 38 jordbruksförvalt-

95 1743 130 38 ningen,
247 1744 98 32 också
365 1744 69 32 tala
456 1745 52 31 för
531 1748 49 28 att
600 1745 163 38 skogarna
784 1745 271 39 omhändertagas
1077 1758 42 20 av
1141 1750 198 34 pastoraten.
1360 1747 105 38 Ingen
1486 1759 41 20 av
1550 1747 38 31 de

95 1797 204 38 motionärer,
321 1809 68 20 som
412 1802 149 28 närmare
582 1798 108 38 ingått
709 1800 43 37 på
775 1799 118 38 frågan
914 1811 50 20 om
986 1799 171 39 skogarna,
1180 1800 61 31 har
1260 1799 104 33 heller
1383 1804 134 28 motsatt
1538 1800 51 38 sig

95 1850 64 31 vad
184 1862 66 20 som
277 1850 187 39 föreslagits
490 1851 11 31 i
525 1851 240 38 propositionen
789 1852 11 31 i
828 1853 96 37 fråga
947 1864 51 20 om
1024 1853 38 31 de
1085 1853 126 32 mindre
1236 1854 173 37 skogarna.
1433 1853 156 32 Däremot

95 1903 60 32 har
179 1904 120 31 tvekan
324 1908 130 34 yppats,
480 1904 164 32 huruvida
667 1909 188 34 pastoraten
879 1906 97 31 också
1000 1911 55 26 äro
1078 1906 151 38 lämpade
1253 1910 49 28 att
1326 1907 262 31 omhänderhava

97 1957 244 38 förvaltningen
360 1969 40 19 av
419 1957 37 32 de
477 1957 142 38 fåtaliga
634 1962 102 28 större
753 1958 311 39 boställsskogarna.
1084 1959 49 32 De
1151 1959 166 39 farhågor,
1338 1971 67 20 som
1422 1961 43 36 på
1484 1960 105 32 denna

95 2010 108 38 punkt
227 2010 138 32 uttalats
392 2010 11 31 i
431 2011 161 31 motionen
619 2011 51 31 II:
686 2012 72 37 516,
788 2016 54 27 äro
868 2012 11 30 i
905 2012 68 32 viss
999 2012 75 31 mån
1098 2012 161 38 befogade
1286 2012 59 32 och
1371 2013 144 37 förtjäna
1540 2017 49 27 att

96 2075 84 26 noga
203 2064 146 31 beaktas.
375 2063 201 39 Spörsmålet
599 2064 273 39 sammanhänger
895 2066 43 37 på
962 2065 53 33 det
1038 2069 163 28 närmaste
1225 2065 73 32 med
1324 2066 127 38 frågan,
1476 2066 112 32 vilken

94 2117 189 37 kompetens
305 2129 74 19 man
400 2117 86 32 skall
509 2117 111 32 fordra
638 2130 41 19 av
699 2118 54 32 det
772 2118 136 38 biträde,
928 2121 179 35 pastoratet
1127 2118 122 32 anlitar
1269 2119 51 31 för
1341 2119 60 32 den
1420 2119 166 38 egentliga

95 2170 230 38 skogsvården.
360 2170 48 31 Ju
429 2171 90 36 lägre
543 2183 74 19 man
640 2171 113 31 ställer
775 2171 123 31 kraven
919 2172 42 37 på
983 2172 130 38 skoglig
1135 2172 104 31 insikt
1261 2172 57 32 hos
1343 2172 88 32 detta
1453 2172 135 41 biträde,

95 2223 88 31 desto
204 2227 101 27 större
326 2223 91 32 bliva
437 2223 305 38 betänkligheterna
760 2228 67 27 mot
847 2228 49 28 att
917 2225 145 31 anförtro
1084 2228 179 34 pastoratet
1285 2225 243 38 förvaltningen
1549 2238 40 19 av

96 2276 172 37 skogarna.
311 2276 147 38 Förslag,
490 2280 49 27 att
569 2288 73 19 man
673 2289 40 19 av
743 2280 202 34 pastoratens
975 2278 147 31 biträden
1155 2278 51 30 för
1235 2278 219 37 skogsvården
1483 2279 106 31 skulle

96 2329 111 31 fordra
229 2329 130 37 skoglig
382 2329 199 38 utbildning,
605 2329 85 32 hava
711 2330 96 31 också
832 2330 195 31 framställts
1050 2330 10 30 i
1084 2334 46 28 ett
1152 2342 60 25 par
1236 2331 164 40 motioner,
1426 2331 162 37 nämligen

97 2381 199 32 motionerna
312 2382 51 30 IT:
380 2383 61 29 514
462 2382 57 30 och
542 2383 72 30 516.
634 2382 51 31 En
704 2382 66 31 viss
791 2383 225 37 förstärkning
1035 2395 40 19 av
1094 2383 229 37 kompetensen
1343 2384 56 30 hos
1420 2384 81 40 dem,
1523 2396 65 18 som

96 2434 174 31 handhava
295 2434 121 31 vården
443 2447 40 18 av
510 2435 38 30 de
574 2438 100 28 större
701 2435 172 38 skogarna,
899 2435 90 31 torde
1016 2436 97 31 också
1138 2448 79 18 vara
1245 2436 104 37 syftet
1376 2436 71 30 med
1475 2436 110 31 motio-

98 2499 58 19 nen
178 2488 31 30 I:
225 2488 74 31 351.

143 2540 121 33 Bihang
288 2541 49 26 till
361 2541 182 32 riksdagens
569 2542 154 32 protokoll
750 2545 81 25 1932.
855 2546 16 22 9
894 2543 86 27 saml.
1003 2547 17 22 3
1044 2543 67 26 avd.
1135 2546 13 24 7
1173 2542 79 34 häft.
1277 2542 64 34 (Nr
1363 2544 43 28 8.)
1570 2543 16 28 2

1631 1372 145 25 Utskottet.
