1872 2852
274 148 215 30 Sammansatt
507 147 99 30 andra
626 148 63 34 lag-
708 148 56 28 och
780 146 309 36 jordbruksutskotts
1106 144 166 30 utlåtande
1291 145 48 29 Nr
1358 148 27 26 8.
1533 143 38 32 69

256 231 118 29 (Kungl.
395 230 107 28 Maj:ts
520 229 130 31 förslag.)

393 299 43 31 20
455 297 30 39 $.

1039 227 176 30 (Utskottets
1233 226 130 31 förslag.)

1167 295 43 31 22
1227 294 31 39 $.

124 369 72 32 Har
233 372 180 35 pastoratet
449 380 115 27 genom
601 368 64 38 köp
693 366 80 33 eller
797 367 79 38 byte
904 366 169 33 förvärvat
1101 365 67 33 fast
1196 364 155 39 egendom
1380 367 48 29 att
1455 367 117 35 utgöra

78 422 220 42 löneboställe,
322 422 93 32 skola
438 423 104 31 såsom
566 421 77 39 laga
664 421 63 32 hus
750 420 136 39 insynas
910 420 20 32 å
950 419 195 39 egendomen
1169 418 178 38 befintliga
1369 417 201 39 byggnader,

79 488 67 20 som
171 476 110 32 finnas
304 475 215 39 erforderliga
543 475 52 32 för
618 474 212 39 egendomens
857 472 280 39 ändamålsenliga
1161 471 174 40 nyttjande
1359 472 104 32 såsom
1487 470 85 32 löne-

81 529 148 33 boställe.

394 618 91 40 21$:

1167 617 43 31 23
1230 615 31 40 $.

124 689 185 33 Pastoratet
335 690 86 32 skall
446 689 195 33 underhålla
666 689 59 32 och
752 688 57 33 vid
834 688 104 32 behov
963 687 166 39 ombygga
1154 686 80 33 eller
1260 686 161 39 nybygga
1447 685 126 32 lönebo-

81 743 111 33 ställes
212 744 77 38 laga
308 743 72 42 hus,
402 744 35 32 så
454 744 58 31 ock
532 743 107 32 städse
654 742 93 33 hålla
765 742 154 32 boställes
939 741 79 32 åker
1037 740 58 33 och
1115 745 65 34 äng
1198 743 86 29 samt
1303 739 112 32 därtill
1432 738 142 32 hörande

82 797 157 32 anstalter
260 797 12 31 i
295 797 138 39 fullgott
453 796 106 33 stånd.

124 850 50 33 De
198 851 78 38 laga
299 850 103 33 husen
427 850 93 32 skola
545 862 41 20 av
607 852 180 36 pastoratet
809 848 108 33 hållas
939 847 297 34 brandförsäkrade
1261 846 54 33 till
1341 846 85 32 fulla
1450 845 123 33 värdet.

395 960 43 31 22
455 959 30 39 $.

439 1031 9 9 o

124 1031 73 32 Vill
226 1034 180 36 pastoratet
436 1043 19 19 å
483 1029 211 33 löneboställe
723 1032 78 34 taga

82 1086 94 31 mark
203 1085 12 31 i
241 1085 144 38 anspråk
414 1084 52 32 för
492 1082 309 40 begravningsplats

82 1138 79 33 eller
192 1139 103 31 andra
326 1136 366 39 församlingsändamål
723 1135 79 33 eller

82 1192 73 32 med
184 1191 243 39 nyttjanderätt
455 1190 139 39 upplåta
624 1189 96 32 mark
751 1189 52 31 för

82 1244 212 33 kommunala
314 1245 104 32 behov
441 1244 79 32 eller
540 1243 54 32 till
614 1254 83 27 egna
717 1242 84 37 hem,

83 1298 142 33 industri
245 1297 79 33 eller
342 1297 103 33 andra
463 1296 156 33 liknande
639 1295 162 38 ändamål,

84 1351 86 33 skall
200 1355 181 35 pastoratet
412 1350 113 33 därtill
555 1350 149 32 inhämta
734 1349 68 32 till-

83 1404 96 33 stånd
198 1417 41 20 av
257 1404 226 39 domkapitlet.

129 1565 72 38 Lag
243 1576 130 24 samma,
408 1576 87 30 vare,
536 1575 51 20 om
627 1566 181 36 pastoratet

83 1618 61 32 vill
170 1618 75 32 från
269 1617 211 33 löneboställe
507 1617 51 32 för
583 1620 100 29 annat
709 1616 98 33 ända-

85 1671 66 33 mål
185 1676 41 27 än
259 1671 176 38 byggande
469 1670 58 32 och
559 1670 174 32 underhåll
766 1681 42 21 av

85 1724 185 39 prästgård,
306 1724 117 39 kyrka,
458 1723 119 38 kapell,
613 1721 190 40 kyrkogård

87 1778 58 32 och
174 1778 52 32 till
255 1777 175 38 prästgård
456 1777 143 32 hörande
626 1781 66 33 väg
722 1777 84 31 bort-

86 1831 73 38 föra
176 1843 89 26 grus,
286 1834 79 35 sten,
385 1834 82 34 torv,
487 1830 69 32 lera
574 1829 79 33 eller
673 1828 133 33 därmed

84 1883 193 39 jämförliga
311 1883 290 38 naturtillgångar.
638 1882 167 32 Meddelas

85 1937 152 32 tillstånd
260 1937 123 39 därtill,
408 1938 53 30 må
483 1936 215 38 domkapitlet
723 1936 82 31 före-

87 1990 121 37 skriva,
242 1993 50 28 att
321 1990 183 31 inkomsten
536 1989 86 32 skall
655 1989 151 31 fonderas

86 2043 59 31 och
182 2043 120 31 fonden
339 2047 119 34 utgöra
496 2042 310 38 prästlönetillgång

88 2096 52 31 för
165 2100 189 34 pastoratet.

1169 956 42 31 24
1231 954 31 39 $.

1216 1027 9 9 o

902 1027 74 32 Vill
1004 1030 180 36 pastoratet
1213 1038 19 20 å
1260 1024 211 33 löneboställe
1500 1026 78 35 taga

857 1082 97 31 mark
979 1080 13 32 i
1020 1080 143 38 anspråk
1191 1079 52 32 för
1269 1076 308 41 begravningsplats

859 1134 79 33 eller
969 1134 103 32 andra
1103 1130 367 40 församlingsändamål
1499 1129 79 33 eller

859 1187 74 33 med
963 1186 242 39 nyttjanderätt
1234 1185 140 38 upplåta
1403 1184 94 32 mark
1527 1183 52 31 för

859 1239 213 34 kommunala
1092 1239 104 33 behov
1216 1238 79 33 eller
1316 1237 54 33 till
1392 1249 83 27 egna
1494 1236 83 37 hem,

859 1293 144 33 industri
1022 1293 78 33 eller
1118 1292 103 33 andra
1240 1291 156 33 liknande
1416 1289 161 38 ändamål,

860 1347 88 33 skall
978 1349 180 37 pastoratet
1188 1345 114 33 därtill
1334 1344 148 32 inhämta
1511 1342 68 33 till-

860 1400 96 33 stånd
994 1412 42 20 av
1076 1398 266 39 stiftsnämnden,
1372 1410 68 20 som
1469 1396 110 33 tillika

861 1457 78 35 äger
962 1454 178 32 bestämma
1162 1452 163 33 villkoren
1348 1452 52 38 för
1419 1450 161 39 upplåtel-

860 1518 68 21 sen.

907 1563 74 38 Lag
1001 1574 121 21 samme
1142 1574 86 26 vare,
1250 1573 51 20 om
1321 1564 179 36 pastoratet
1519 1560 62 32 vill

863 1617 76 32 från
954 1616 213 32 löneboställe
1185 1616 52 31 för
1254 1618 101 29 annat
1371 1613 151 33 ändamål
1540 1618 41 27 än

861 1670 177 39 byggande
1062 1669 58 32 och
1144 1668 176 33 underhåll
1343 1680 41 20 av
1407 1666 175 40 prästgård

861 1724 59 31 och
938 1723 114 32 därtill
1069 1722 143 33 hörande
1230 1726 66 34 väg
1315 1725 76 35 taga
1410 1723 12 30 i
1441 1720 142 39 anspråk

862 1788 89 27 grus,
971 1780 80 34 sten,
1069 1779 82 36 torv,
1169 1775 69 32 lera
1256 1775 79 32 eller
1353 1774 131 32 därmed
1501 1773 80 38 jäm-

863 1830 123 38 förliga
1018 1829 281 38 naturtillgångar
1333 1828 78 33 eller
1443 1826 139 39 upplåta

864 1886 66 29 rätt
966 1882 124 33 därtill.
1126 1881 167 33 Meddelas
1331 1880 160 39 tillstånd,
1530 1880 54 31 må

864 1935 256 39 stiftsnämnden
1148 1934 193 38 föreskriva,
1367 1937 49 28 att
1441 1934 142 31 inkoms-

863 1992 54 28 ten
943 1988 87 32 skall
1057 1988 151 31 fonderas
1235 1987 59 32 och
1322 1987 119 31 fonden
1465 1989 118 35 utgöra

863 2040 311 39 prästlönetillgång
1203 2040 51 32 för
1281 2043 188 35 pastoratet.

135 2148 60 32 Om
214 2149 183 38 upplåtelse
418 2162 41 19 av
477 2153 148 28 tomträtt
644 2150 19 31 å
681 2148 213 33 löneboställe
913 2153 36 27 är
968 2147 135 33 särskilt
1121 2147 143 39 stadgat.

1177 2237 42 31 25
1239 2236 31 38 $.

912 2310 65 33 Vid
994 2310 183 38 upplåtelse
1194 2322 40 20 av
1253 2310 210 32 löneboställe
1478 2312 43 35 på
1537 2321 49 20 ar-

866 2363 96 32 rende
980 2363 87 31 skall
1085 2365 178 35 pastoratet
1282 2365 155 35 upprätta
1454 2363 58 31 och
1529 2373 58 21 un-

865 2415 157 33 derställa
1068 2415 314 32 boställsnämndens
1426 2416 161 37 prövning

864 2469 58 31 och
948 2469 237 37 godkännande
1211 2468 125 39 förslag
1363 2467 51 32 till
1439 2467 146 33 arrende-
