2227 2660
733 272 251 33 Statsutskottets
1015 274 167 33 Utlåtande
1206 276 62 32 N:o
1291 277 51 32 89.
1747 283 40 31 21

239 348 59 36 till
335 353 56 32 ett
422 349 80 49 pris
538 349 39 37 af
608 351 70 35 571
709 350 151 49 kronor,
890 351 154 38 hvartill
1073 354 229 49 densamma,
1333 356 95 38 efter
1457 358 135 50 afdrag
1619 360 59 37 för
1706 362 136 37 värdet

241 401 40 36 af
306 400 133 50 odling
468 402 70 36 och
569 401 192 46 betesrätt,
790 403 252 49 uppskattats,
1073 420 84 23 men
1191 413 54 31 att
1274 408 72 37 den
1375 410 118 37 andra
1521 411 109 37 delen
1651 414 41 35 af
1708 413 135 38 skiftet

238 453 179 49 utbjödes
466 454 58 35 till
566 454 230 49 försäljning
820 458 20 33 å
869 456 175 50 offentlig
1087 459 167 48 auktion,
1298 460 127 50 bägge
1455 462 151 38 delarne
1635 464 12 36 i
1676 465 96 37 form
1803 467 43 36 af

238 505 226 49 lägenheter
493 511 54 31 att
575 506 85 36 från
689 507 45 36 de
763 508 219 48 respektive
1012 510 327 39 stamhemmanen
1369 513 214 48 afsöndras;
1614 522 99 31 samt

370 563 57 31 att
463 557 268 38 Salomonsson
759 559 12 36 i
800 559 170 50 skriftlig
1007 561 212 51 förklaring
1248 564 84 37 med
1361 565 208 50 bifogande
1598 569 43 36 af
1665 570 178 37 säkerhet

239 609 304 49 tillkännagifvit
572 611 58 36 sin
658 611 147 36 önskan
834 617 55 31 att
917 613 59 36 för
1003 627 46 23 en
1079 615 258 50 köpeskilling
1366 617 38 36 af
1432 620 70 35 571
1530 619 153 50 kronor,
1705 627 54 31 att
1778 623 64 36 vid

239 661 187 37 tillträdet
453 662 163 37 kontant
644 663 146 49 gäldas,
819 664 141 50 inköpa
989 665 74 37 den
1092 667 59 37 del
1180 668 41 36 af
1238 667 254 52 Stenavallen,
1514 671 89 38 därå
1623 673 74 37 han
1718 677 123 34 såsom

239 713 317 50 hemmansägare
584 715 13 36 i
625 715 172 37 Horsnäs
826 717 98 48 ägde
951 717 192 39 betesrätt.

369 766 339 50 Domänstyrelsen
735 767 70 37 har
832 771 124 35 såsom
978 770 57 37 sin
1055 772 156 49 mening
1230 774 149 48 uttalat,
1402 780 55 32 att
1477 775 63 37 det
1560 777 41 36 af
1615 777 226 39 Danielsson

239 817 148 49 afgifna
428 819 228 49 köpeanbud
694 823 20 33 å
751 820 85 37 hela
878 822 171 37 området
1091 823 245 39 Stenavallen
1377 827 84 37 icke
1503 834 128 43 syntes
1673 831 167 49 förtjäna

239 870 189 37 afseende.
486 871 237 50 Visserligen
751 872 96 37 hade
874 873 227 39 Danielsson
1129 877 173 38 innehaft
1329 879 79 36 viss
1437 879 59 37 del
1525 881 42 36 af
1591 895 142 24 samma
1761 897 78 23 om-

237 922 91 37 råde
370 923 84 36 med
498 923 73 37 den
612 928 77 32 rätt
733 926 96 36 1849
873 928 59 35 års
974 927 225 51 afhandling
1232 931 174 37 medfört.
1461 932 114 37 Detta
1603 934 237 39 förhållande

238 979 131 44 synes
412 975 97 37 dock
550 977 187 48 styrelsen
765 978 83 36 icke
876 978 10 36 i
917 979 104 37 detta
1048 980 68 37 full
1143 981 91 37 böra
1258 983 182 38 tillmätas
1469 987 128 47 någon
1627 991 120 33 större
1775 987 64 38 be-

237 1027 159 49 tydelse.
454 1027 131 37 Såsom
626 1029 64 37 vid
731 1030 585 54 uppskattningsförrättningen
1359 1036 187 50 upplysts,
1575 1038 97 37 hade
1696 1040 142 49 ifråga-

237 1079 166 37 varande
444 1080 153 37 område
626 1081 12 36 i
666 1082 173 49 långliga
880 1083 99 37 tider
1020 1084 155 38 brukats
1212 1087 12 35 i
1262 1087 122 37 skilda
1425 1089 113 36 delar.
1594 1089 87 38 Men
1718 1094 20 34 å
1763 1092 74 36 den

238 1130 73 48 del,
354 1145 81 23 som
478 1132 229 38 Danielsson
749 1134 169 48 besuttit,
948 1136 96 37 hade
1073 1138 209 38 emellertid
1310 1140 172 38 hvarken
1510 1142 42 36 af
1575 1142 142 38 honom
1746 1144 93 37 eller

238 1183 42 36 af
303 1183 96 37 hans
427 1184 228 49 fångesmän
681 1186 178 49 nedlagts
888 1191 121 46 några
1037 1189 141 37 sådana
1203 1191 205 38 kostnader
1429 1193 91 37 eller
1540 1194 135 37 sådant
1696 1192 140 58 arbete,

236 1240 56 31 att
333 1236 42 35 af
410 1236 151 49 hänsyn
602 1237 129 37 härtill
772 1239 81 36 skäl
895 1240 128 37 kunde
1067 1255 111 24 anses
1220 1243 206 38 förefinnas
1468 1246 58 36 för
1568 1252 56 31 att
1665 1248 76 36 han
1769 1261 69 24 ens

235 1286 122 37 skulle
398 1287 211 50 berättigas
651 1294 54 32 att
740 1295 104 32 utom
874 1292 157 37 auktion
1058 1293 143 51 inköpa
1229 1309 143 24 samma
1401 1297 60 36 del!
1491 1298 40 36 af
1556 1300 179 36 området.
1783 1300 53 37 På

234 1339 128 48 grund
403 1339 110 37 häraf
554 1341 71 36 och
666 1342 47 36 då
756 1343 195 37 sökanden
982 1344 232 51 Pettersson,
1244 1348 157 37 hvilken
1428 1349 83 37 icke
1540 1352 190 48 någonsin
1758 1353 77 36 för-

233 1391 152 36 värfvat
426 1405 127 23 annan
592 1398 77 31 rätt
709 1394 58 36 till
808 1396 184 48 området,
1035 1402 48 31 än
1125 1398 74 37 den
1240 1400 197 48 betesrätt,
1481 1415 81 23 som
1603 1404 118 48 följde
1750 1405 85 36 med

234 1443 168 48 ägandet
430 1444 41 36 af
496 1444 259 38 hemmansdel
775 1446 12 36 i
805 1447 182 49 Horsnäs,
1018 1450 124 49 enligt
1170 1452 208 48 styrelsens
1402 1453 246 39 förmenande
1669 1456 167 38 saknade

234 1495 139 49 giltiga
407 1496 84 36 skäl
519 1496 58 37 för
606 1497 59 37 sin
692 1498 294 51 framställning,
1017 1507 132 44 syntes
1178 1504 187 49 styrelsen
1392 1505 188 50 lämpligt,
1611 1512 55 32 att
1693 1508 141 50 ifråga-

234 1548 168 36 varande
430 1548 148 49 ägolott
606 1550 183 37 försåldes
818 1554 20 34 å
868 1553 156 36 auktion
1051 1554 59 36 till
1139 1555 73 37 den
1239 1556 320 50 högstbjudande.

363 1600 304 38 Vidkommande
709 1605 79 34 åter
816 1603 72 37 den
917 1605 41 35 af
982 1605 195 38 sökanden
1207 1607 270 39 Salomonsson
1506 1611 171 38 brukade
1706 1613 62 37 del
1796 1614 42 36 af

235 1652 171 36 området
440 1652 97 38 hade
572 1655 187 48 styrelsen
790 1656 42 36 af
855 1657 259 50 utredningen
1142 1659 12 36 i
1183 1661 155 37 ärendet
1365 1662 128 37 funnit
1519 1663 229 49 bekräftadt,
1779 1671 55 31 att

234 1703 45 37 de
322 1704 42 36 af
401 1705 187 49 styrelsen
618 1707 156 48 angifna
803 1710 319 49 förutsättningar
1152 1712 58 37 för
1239 1718 55 32 att
1322 1713 245 39 innehafvare
1597 1717 41 36 af
1662 1718 172 37 området

232 1758 118 34 måtte
392 1757 249 38 tillerkännas
682 1759 288 38 företrädesrätt
1010 1763 64 36 vid
1116 1764 167 48 ägolotts
1325 1766 232 50 försäljning
1592 1768 11 36 i
1632 1769 104 36 detta
1765 1770 67 36 fall

233 1820 91 23 vore
367 1808 58 36 för
466 1810 162 36 handen.
685 1811 115 37 Utom
842 1812 63 37 det
937 1818 54 31 att
1021 1813 281 52 Salomonsson,
1333 1818 156 37 hvilken
1516 1820 214 38 förvärfvat
1758 1822 73 37 den

232 1862 48 46 på
311 1861 96 35 1849
438 1863 60 35 års
527 1862 226 50 afhandling
771 1864 195 48 grundade
986 1871 75 32 rätt
1081 1868 58 36 till
1159 1882 142 24 samma
1320 1871 83 48 lott,
1425 1871 71 37 och
1515 1872 59 36 för
1592 1875 239 36 närvarande

232 1911 187 37 innehade
447 1913 122 37 lotten
596 1917 49 46 på
673 1916 172 46 arrende,
874 1917 122 37 tillika
1025 1922 125 34 såsom
1171 1920 317 51 hemmansägare
1507 1923 12 36 i
1538 1924 174 38 Horsnäs
1732 1927 99 48 ägde

232 1962 187 37 betesrätt
447 1967 21 33 å
489 1978 141 24 samma
650 1967 160 48 ägolott,
832 1968 96 37 hade
950 1968 271 41 Salomonsson
1241 1973 69 37 och
1330 1973 232 50 föregående
1581 1976 250 39 innehafvare

234 2014 41 35 af
300 2014 360 51 besittningsrätten
686 2018 58 37 till
774 2033 142 25 samma
944 2022 72 36 lott
1044 2025 21 34 å
1092 2024 220 38 densamma
1339 2027 200 37 verkställt
1568 2029 174 49 odlingar
1774 2031 57 36 till

232 2065 74 37 den
335 2068 244 50 omfattning,
610 2075 55 31 att
693 2084 140 35 genom
862 2073 63 36 det
952 2074 121 49 högre
1102 2077 127 48 värde,
1247 2078 140 48 jorden
1407 2079 150 37 erhållit
1576 2094 140 35 genom
1736 2095 94 36 upp-

232 2118 235 50 odlingarna,
489 2122 242 37 markvärdet
750 2124 110 49 stigit
879 2138 81 24 mer
979 2131 49 32 än
1048 2127 167 38 dubbelt.
1258 2129 130 38 Under
1407 2131 141 37 sådana
1569 2133 260 37 förhållanden

231 2169 117 38 funne
391 2172 61 49 sig
493 2174 190 48 styrelsen
723 2175 92 37 böra
855 2177 205 50 tillstyrka,
1095 2185 55 32 att
1177 2181 292 50 ifrågavarande
1505 2184 61 39 del
1595 2185 41 36 af
1660 2186 169 37 området

232 2225 117 35 måtte
377 2224 176 50 försäljas
581 2226 56 37 till
668 2226 281 40 Salomonsson.
993 2230 81 38 Och
1103 2233 46 36 då
1178 2234 146 37 kronan
1353 2235 65 37 vid
1447 2236 278 50 försäljningen
1746 2238 84 37 icke

232 2273 115 38 borde
391 2276 127 37 fordra
554 2278 200 51 betalning
781 2281 61 36 för
871 2282 61 36 det
959 2283 120 49 högro
1107 2286 130 46 värde,
1267 2287 119 49 sagda
1414 2288 72 37 lott
1514 2289 148 36 erhållit
1689 2303 139 35 genom

231 2326 46 37 de
307 2327 42 36 af
374 2327 269 40 Salomonsson
672 2332 68 36 och
768 2332 95 38 hans
884 2334 167 38 förfäder
1071 2337 119 37 under
1210 2338 108 37 deras
1338 2340 221 50 rättmätiga
1578 2341 251 50 besittnings-

230 2378 54 37 tid
328 2380 40 36 af
402 2382 194 48 ägolotten
633 2384 90 37 därå
750 2385 137 49 gjorda
916 2387 319 51 odlingsarbeten,
1266 2397 131 43 syntes
1426 2393 64 36 det
1519 2394 198 49 styrelsen,
1748 2408 80 24 som

315 2440 73 33 Bih.
414 2442 49 32 till
486 2443 111 32 Riksd.
622 2444 89 32 Prot.
739 2446 93 32 1906.
880 2447 20 31 4
923 2447 96 33 Saml.
1066 2452 18 28 1
1110 2449 79 41 Afd.
1216 2452 42 31 52
1282 2447 94 51 Häft.
1760 2456 19 30 4
