1906 2856
450 135 419 37 Bevillningsutskottets
896 135 225 32 betänkande
1147 135 52 32 Nr
1231 136 51 31 25.
1557 138 17 29 1

796 303 56 40 Nr
881 303 62 41 29.

620 413 111 24 Ankom
750 413 44 25 till
813 413 163 32 riksdagens
995 414 91 24 kansli
1106 414 55 24 den
1182 415 30 23 17
1233 421 74 17 mars
1327 415 66 24 1933
1413 415 37 24 kl.
1470 416 15 23 4
1505 423 23 16 e.
1547 424 38 16 m.

212 496 421 38 Bevillningsutskottets
653 497 233 37 betänkande,
904 498 13 30 i
937 497 197 38 anledning
1153 508 45 21 av
1219 499 128 31 väckta
1367 500 176 31 motioner
1562 509 60 22 an-

413 548 138 37 gående
572 549 171 38 åtgärder
765 549 59 33 till
847 550 243 37 begränsning
1115 560 46 21 av
1182 550 174 36 införseln
1380 551 56 31 till
1460 552 93 31 riket
1576 561 46 22 av

415 602 167 31 trävaror
602 601 65 32 och
685 602 75 32 ved.

154 685 70 31 Till
242 686 395 37 bevillningsutskottet
654 687 95 32 hava
767 687 55 31 för
840 687 258 32 förberedande
1116 687 217 38 behandling
1350 688 188 32 hänvisats
1559 689 63 32 föl-

114 736 108 38 jande
244 738 184 36 motioner,
450 738 173 32 avseende
646 739 169 36 åtgärder
839 739 57 31 till
918 739 243 37 begränsning
1183 750 47 21 av
1252 740 175 31 införseln
1450 740 57 32 till
1529 741 93 31 riket

115 799 46 22 av
185 791 166 31 trävaror
374 790 66 31 och
464 790 75 36 ved,
565 790 195 37 nämligen:

152 876 44 31 de
224 875 232 37 likalydande
484 876 224 32 motionerna
736 887 43 20 nr
808 876 57 32 103
895 877 11 31 i
936 877 115 32 första
1079 877 210 32 kammaren
1317 888 46 21 av
1390 879 84 31 herr
1502 879 122 32 Johan

115 926 189 33 Bernhard
326 927 205 33 Johansson
551 938 45 21 m.
619 928 37 31 fl.
681 929 64 30 och
766 938 43 21 nr
833 929 58 31 216
914 929 12 30 i
949 929 115 31 andra
1083 929 209 32 kammaren
1312 941 48 21 av
1381 930 83 32 herr
1484 932 139 31 Bränn-

114 981 113 30 ström
244 990 46 21 m.
310 979 49 38 fl.,
377 980 12 30 i
409 980 99 31 vilka
527 979 210 38 hemställts,
757 981 72 30 »att
848 981 195 37 riksdagen
1061 982 12 30 i
1091 981 172 32 skrivelse
1283 982 56 31 till
1358 981 135 39 Kungl.
1511 982 112 38 Maj:t

113 1031 165 32 anhåller
297 1033 54 31 att
370 1032 136 37 Kungl.
527 1031 111 37 Maj:t
657 1032 84 32 ville
762 1032 218 32 föranstalta
998 1043 55 21 om
1072 1043 43 21 en
1135 1033 153 32 effektiv
1305 1034 317 37 importreglering

115 1083 11 31 1
151 1084 106 36 fråga
280 1093 57 22 om
358 1083 190 32 oarbetade
571 1085 165 30 trävaror
760 1094 44 21 av
829 1084 85 32 furu
936 1085 87 31 eller
1047 1095 99 26 gran,
1170 1085 131 37 sågade
1324 1087 64 30 och
1412 1086 117 32 bilade
1552 1088 73 30 trä-

117 1145 107 21 varor
243 1145 46 21 av
308 1145 137 22 samma
462 1135 138 38 träslag
620 1138 93 29 samt
729 1136 101 36 ved»;
854 1139 168 29 ävensom

154 1221 41 31 de
218 1221 231 37 likalydande
471 1222 223 32 motionerna
717 1233 43 20 nr
782 1223 58 31 108
862 1223 11 31 i
897 1223 116 32 första
1035 1222 208 32 kammaren
1265 1234 45 21 av
1332 1224 82 32 herr
1436 1225 186 37 Tjällgren

114 1282 45 22 m.
183 1273 39 31 fl.
244 1274 65 31 och
331 1283 43 22 nr
398 1274 58 31 197
480 1274 12 31 i
514 1274 114 32 andra
652 1274 208 31 kammaren
882 1285 45 21 av
949 1275 83 31 herr
1056 1275 155 37 Nyblom
1233 1286 44 21 m.
1301 1276 48 36 fl,
1371 1276 12 31 i
1408 1276 99 32 vilka
1528 1277 94 32 hem-

114 1325 129 37 ställts,
270 1327 73 30 »att
367 1325 194 37 riksdagen
587 1326 147 37 ålägger
760 1326 49 31 all
835 1327 57 31 till
917 1326 95 32 riket
1038 1329 20 29 å
1083 1327 102 32 kölar
1211 1328 85 31 eller
1322 1329 12 30 i
1361 1328 103 32 flotte
1490 1329 86 32 eller
1601 1331 21 29 å

115 1376 274 38 Järnvägsvagn
410 1378 123 31 införd
550 1378 77 36 ved,
651 1379 100 31 virke
772 1379 64 31 och
857 1379 144 31 timmer
1020 1389 45 21 av
1087 1380 70 36 fur,
1177 1388 92 27 gran
1288 1380 63 31 och
1372 1380 105 37 björk
1497 1391 43 21 en
1560 1381 63 31 im-

115 1429 205 37 portavgift
335 1430 21 31 å
384 1430 8 31 3
409 1430 131 31 kronor
558 1440 61 27 per
636 1430 254 32 kubikmeter».

155 1514 239 33 Beträffande
416 1515 263 37 motiveringen
703 1516 55 31 för
783 1515 102 32 dessa
905 1516 188 36 yrkanden
1117 1517 58 30 får
1196 1517 173 32 utskottet
1392 1519 154 31 hänvisa
1567 1519 57 32 till

116 1567 223 31 motionerna
354 1576 43 21 nr
414 1567 58 31 103
490 1567 65 31 och
571 1568 57 30 108
645 1567 11 31 i
675 1567 114 32 första
805 1567 219 32 kammaren.

157 1697 125 32 Såsom
306 1697 155 32 erinrats
484 1698 12 31 i
520 1699 42 31 de
587 1698 232 36 likalydande
842 1698 225 32 motionerna
1090 1709 43 21 nr
1158 1699 57 31 108
1238 1699 12 31 i
1274 1700 114 31 första
1412 1701 64 31 och
1500 1711 42 21 nr
1566 1701 59 31 216

117 1749 11 30 i
151 1749 113 32 andra
286 1750 210 31 kammaren
519 1761 63 20 var
605 1750 11 31 i
639 1750 194 37 anledning
855 1761 45 21 av
923 1751 132 31 väckta
1076 1751 174 32 motioner
1273 1752 130 36 frågan
1426 1762 56 21 om
1505 1754 119 36 åtgär-

115 1800 63 32 der
200 1801 58 31 till
279 1801 114 37 skydd
417 1802 57 30 för
496 1801 68 32 den
587 1802 152 32 svenska
763 1802 348 38 skogshanteringen
1152 1804 150 31 föremål
1327 1804 56 31 för
1406 1804 218 37 behandling

116 1854 93 30 även
230 1863 46 21 av
298 1853 77 31 1931
397 1854 66 31 och
485 1854 77 31 1932
585 1854 58 31 års
665 1854 200 36 riksdagar.
908 1854 111 32 Dessa
1041 1855 175 31 motioner
1240 1856 207 32 föranledde
1467 1857 157 31 emeller-

117 1904 54 31 tid
190 1905 79 31 icke
288 1906 119 35 någon
427 1905 211 37 riksdagens
657 1905 138 37 åtgärd.
838 1906 18 31 I
877 1906 64 31 sitt
961 1907 225 31 betänkande
1207 1908 12 30 i
1239 1909 118 30 ämnet
1377 1908 150 31 anförde
1547 1909 78 31 1932

118 1957 59 30 års
194 1956 357 37 bevillningsutskott
572 1957 80 35 (bet.
670 1967 42 21 nr
729 1957 52 36 39)
802 1957 173 36 följande:

155 2016 125 36 Enligt
304 2026 44 21 en
368 2017 97 31 inför
487 2017 173 32 utskottet
685 2017 145 32 lämnad
852 2017 223 37 redogörelse
1099 2018 183 36 angående
1305 2019 319 38 handläggningen

116 2069 46 20 av
190 2059 98 31 vissa
315 2059 111 31 redan
452 2071 47 20 av
529 2060 77 31 1931
635 2062 59 29 års
722 2060 358 37 bevillningsutskott
1109 2062 238 31 omförmälda
1376 2065 169 29 ävensom
1574 2064 50 30 åt-

116 2101 147 37 skilliga
281 2112 72 26 nya
371 2102 57 31 till
446 2103 134 36 Kungl.
599 2102 110 36 Maj:t
728 2104 170 31 inkomna
918 2104 315 37 framställningar
1253 2105 12 30 i
1285 2106 119 30 ämnet
1421 2115 84 21 vore
1522 2106 102 31 dessa

116 2144 125 37 frågor
270 2145 159 36 alltjämt
457 2146 151 31 föremål
636 2146 56 31 för
718 2146 135 37 Kungl.
879 2146 130 37 Maj:ts
1036 2147 327 36 uppmärksamhet.
1410 2148 102 31 Inom
1539 2149 85 31 han-

117 2187 359 36 delsdepartementet
502 2189 91 31 hade
620 2199 84 21 man
731 2189 152 31 sålunda
909 2189 158 36 vidtagit
1096 2190 246 35 anordningar
1371 2191 55 30 för
1455 2192 64 35 att,
1546 2191 81 31 med

116 2230 146 37 ledning
283 2242 45 20 av
349 2232 55 30 för
425 2232 103 35 varje
550 2232 109 30 vecka
680 2232 206 31 inhämtade
906 2232 312 37 detaljuppgifter,
1240 2233 89 35 följa
1350 2233 274 32 förhållandena

117 2275 46 33 på
181 2274 102 31 detta
304 2274 152 31 område.

157 2316 83 31 Med
259 2317 140 35 hänsyn
418 2317 126 30 därtill
565 2318 63 30 och
649 2317 44 31 då
715 2317 172 32 utskottet
910 2318 202 35 förutsatte,
1134 2319 53 30 att
1208 2318 134 36 Kungl.
1363 2318 119 37 Maj:t,
1502 2320 122 31 därest

117 2359 179 31 särskilda
317 2358 169 37 åtgärder
507 2360 173 30 befunnes
724 2359 248 36 erforderliga,
996 2360 77 31 icke
1096 2360 114 31 skulle
1236 2361 188 32 underlåta
1447 2363 63 35 att,
1534 2365 91 28 även

118 2403 89 30 utan
237 2401 271 37 framställning
539 2402 84 31 från
650 2402 203 36 riksdagen,
884 2402 149 36 vidtaga
1061 2403 92 30 efter
1184 2403 354 36 omständigheterna
1567 2405 59 36 på-

117 2443 142 32 kallade
289 2445 178 36 åtgärder,
497 2445 112 36 ansåg
638 2445 172 31 utskottet
837 2445 79 31 skäl
946 2445 78 31 icke
1054 2445 178 36 föreligga
1263 2446 55 31 för
1348 2446 193 37 riksdagen
1572 2449 53 29 att

123 2505 109 31 Bihang
257 2506 41 25 till
321 2505 167 32 riksdagens
512 2506 144 30 protokoll
681 2507 74 24 1933.
796 2509 14 22 7
830 2508 81 23 saml.
950 2508 40 23 Nr
1009 2508 41 23 25.
1578 2508 9 23 1
