2236 2626
246 759 138 31 Krigsbög-

264 795 93 22 skolor.

283 837 67 47 [9.]

240 1183 148 23 Utskottets

247 1217 127 30 yttrande.

240 1852 150 23 Ridskolan.

273 1903 92 46 [10.]

242 2214 148 22 Utskottets

257 2249 127 28 yttrande.

433 203 18 31 8
942 201 256 33 Statsutskottets
1221 202 165 31 utlåtande
1409 202 52 30 Nr
1482 204 20 28 4

937 291 52 32 att
1030 286 205 49 riksdagen
1272 289 72 44 må,
1374 286 84 37 med
1486 285 281 49 godkännande
1797 298 45 23 av
1871 285 66 37 det
1964 285 62 37 vid

833 339 419 58 statsrådsprotokollet
1293 343 90 31 över
1419 337 418 37 lantförsvarsärenden
1876 337 74 37 den
1981 340 45 34 14

827 390 152 49 januari
1014 392 96 35 1915
1140 390 138 48 fogade
1307 389 146 49 förslag
1479 389 57 36 till
1563 403 52 35 ny
1645 393 74 33 stat
1746 390 58 36 för
1831 389 195 37 kommen-

832 442 251 47 dantsstaten,
1113 442 74 37 öka
1226 442 172 48 anslaget
1434 441 57 36 till
1518 441 430 48 kommendantsstaten,
1976 455 51 22 nu

834 495 137 46 70,083
1009 494 154 48 kronor,
1201 494 84 37 med
1314 496 21 34 3
1332 470 94 72 375
1456 493 140 36 kronor
1625 493 56 36 till
1711 494 134 45 73,408
1875 471 151 59 kronor.

1022 647 423 51 Undervisningsverken.

538 751 98 49 10:0)
666 752 17 36 I
722 751 122 50 punkt
886 754 20 34 9
949 765 45 23 av
1034 752 126 37 denna
1187 752 214 37 huvudtitel
1430 752 67 36 har
1526 751 139 49 Kungl.
1696 752 106 49 Maj:t
1829 751 199 50 föreslagit

433 804 206 49 riksdagen
667 809 67 42 att,
764 803 85 37 med
877 804 281 48 godkännande
1187 818 46 22 av
1261 804 63 37 det
1350 804 65 36 vid
1443 803 418 50 statsrådsprotokollet
1889 804 139 48 fogade

433 856 147 49 förslag
620 856 57 36 till
718 870 51 34 ny
810 860 77 32 stat
929 856 56 37 för
1022 856 174 37 artilleri-
1225 856 70 36 och
1322 855 408 49 ingenjörhögskolan,
1760 856 72 37 öka
1859 869 170 23 reserva-

433 908 275 49 tionsanslaget
735 907 57 37 till
820 907 331 49 krigshögskolor,
1180 921 51 23 nu
1262 909 162 46 107,280
1452 908 152 47 kronor,
1634 907 86 37 med
1749 909 111 47 5,855
1889 908 140 36 kronor

433 960 58 36 till
522 962 161 46 113,135
714 960 152 36 kronor.

535 1011 268 49 Utredningen
844 1011 11 36 i
897 1016 127 32 ämnet
1065 1011 207 36 återfinnes
1313 1013 20 34 å
1362 1010 68 37 sid.
1464 1013 147 34 16—18
1641 1024 47 24 av
1716 1011 313 49 statsrådsproto-

434 1063 131 37 kollet.

537 1166 17 37 I
596 1166 170 49 enlighet
805 1166 88 37 med
937 1168 97 35 1914
1075 1168 61 35 års
1170 1165 379 50 härordningsbeslut
1577 1166 71 37 och
1677 1166 46 36 de
1751 1166 153 37 därmed
1934 1179 95 24 sam-

435 1219 291 48 manhängande
755 1218 402 49 övergångsplanerna
1185 1218 69 36 har
1281 1218 137 36 chefen
1446 1218 59 36 för
1532 1217 173 37 artilleri-
1738 1218 68 37 och
1835 1218 195 49 ingenjör-

435 1270 217 49 högskolan
680 1271 12 35 i
721 1270 62 37 det
810 1284 50 22 nu
889 1270 213 49 framlagda
1130 1269 187 50 förslaget
1343 1269 57 37 till
1430 1275 73 31 stat
1530 1270 60 36 för
1618 1269 214 50 högskolan
1851 1270 179 49 uppförts

435 1323 85 36 med
550 1322 398 49 avlöningsförmåner
976 1325 123 33 såsom
1129 1322 131 49 major.

537 1374 89 37 Med
667 1373 266 50 tillstyrkande
976 1388 45 22 av
1060 1373 107 37 bifall
1208 1373 56 37 till
1306 1373 142 49 Kungl.
1482 1373 126 50 Maj:ts
1638 1373 146 49 förslag
1811 1374 219 36 hemställer

436 1426 195 48 utskottet,

939 1482 54 31 att
1033 1477 204 49 riksdagen
1274 1479 70 45 må,
1378 1476 87 37 med
1491 1476 281 50 godkännande
1799 1490 47 23 av
1876 1477 64 36 det
1967 1477 63 36 vid

835 1529 417 49 statsrådsprotokollet
1293 1534 91 31 över
1425 1528 422 38 lantförsvarsärenden
1881 1529 72 36 den
1985 1531 44 34 14

829 1581 150 48 januari
1007 1583 95 34 1915
1132 1581 136 48 fogade
1287 1580 146 49 förslag
1451 1580 56 37 till
1525 1595 52 35 ny
1596 1586 77 31 stat
1691 1581 58 36 för
1769 1580 172 37 artilleri-
1961 1581 68 36 och

834 1633 406 49 ingenjörhögskolan,
1270 1632 73 37 öka
1370 1633 432 48 reservationsanslaget
1825 1632 57 37 till
1906 1632 124 49 krigs-

834 1685 220 48 högskolor,
1096 1698 52 23 nu
1179 1686 160 46 107,280
1368 1684 151 48 kronor,
1549 1685 84 36 med
1665 1686 109 47 5,855
1804 1684 143 37 kronor
1974 1684 57 36 till

837 1738 162 46 113,135
1026 1737 153 36 kronor.

543 1839 99 49 11:o0)
685 1840 142 48 Kungl.
871 1840 107 49 Maj:t
1004 1840 69 36 har
1099 1840 13 36 i
1140 1840 120 50 punkt
1291 1841 45 35 10
1364 1853 48 23 av
1441 1839 122 37 denna
1591 1838 213 38 huvudtitel
1832 1839 199 49 föreslagit

437 1891 208 49 riksdagen
674 1897 64 41 att,
768 1892 84 36 med
882 1892 280 48 godkännande
1192 1905 46 23 av
1266 1891 64 37 det
1357 1891 65 37 vid
1455 1891 416 49 statsrådsprotokollet
1889 1891 140 49 fogade

439 1943 145 49 förslag
611 1943 58 36 till
696 1958 52 35 ny
776 1948 74 32 stat
879 1945 59 35 för
966 1943 203 48 ridskolan,
1199 1944 71 36 öka
1298 1943 432 48 reservationsanslaget
1747 1942 55 37 till
1823 1943 207 48 ridskolan,

438 2008 48 23 nu
516 1997 140 46 46,250
686 1995 152 48 kronor,
868 1995 87 37 med
984 1997 72 35 500
1085 1996 141 36 kronor
1253 1995 57 36 till
1337 1996 139 42 46,750
1505 1995 152 36 kronor.

540 2047 16 36 I
597 2047 110 48 fråga
748 2060 61 23 om
851 2047 441 49 departementschefens
1333 2047 12 36 i
1386 2051 127 32 ämnet
1543 2046 175 37 lämnade
1746 2046 204 49 utredning
1977 2047 55 35 får

437 2099 190 36 utskottet
655 2099 159 36 hänvisa
841 2098 59 37 til
929 2099 68 37 sid.
1029 2101 148 35 18—21
1208 2112 46 24 av
1282 2098 430 50 statsrådsprotokollet.

540 2202 304 37 Fodermarsken
874 2202 63 36 vid
965 2201 194 38 ridskolan
1188 2204 20 34 å
1237 2201 248 37 Strömsholm
1514 2202 166 49 åtnjuter
1707 2201 59 37 för
1782 2201 247 46 närvarande,

438 2254 164 37 förutom
631 2254 83 36 fritt
741 2254 155 36 husrum
920 2253 117 49 jämte
1065 2253 208 49 vedbrand,
1302 2266 49 24 en
1379 2254 161 36 kontant
1568 2254 126 36 årslön
1723 2266 44 24 av
1786 2254 72 36 900
1880 2254 148 35 kronor.

439 2306 86 36 Med
553 2306 75 36 den
656 2305 167 49 begärda
852 2306 354 48 anslagsökningen
1240 2318 109 24 avses
1379 2310 56 32 att
1461 2305 138 37 bereda
1628 2305 123 37 denne
1778 2305 12 36 i
1819 2305 124 36 stället
1971 2305 60 36 för
