2240 2646
411 207 122 32 Första
556 209 218 32 kammarens
800 210 126 34 första
952 215 172 39 tillfälliga
1147 218 140 29 utskolts
1311 219 177 31 utlåtande
1512 221 50 30 Nr
1588 222 27 29 9.
1809 224 18 29 1

955 589 60 41 Nr
1041 590 38 41 9.

853 750 110 23 Ankom
983 750 44 24 till
1048 750 162 32 riksdagens
1231 753 90 25 kansli
1342 755 52 23 den
1416 753 33 27 13
1468 757 71 30 april
1560 756 69 26 1915
1649 762 37 26 kl.
1706 761 17 26 4
1742 768 23 17 e.
1785 768 38 17 m.

439 886 129 36 Första
596 889 221 36 kommarens
838 890 144 44 första
1010 893 179 45 tillfälliga
1212 895 146 35 utskotts
1385 897 180 36 utlåtande
1592 911 45 23 nr
1666 902 34 42 9I,
1730 901 14 34 i
1763 913 60 23 an-

651 959 140 45 ledning
819 973 44 23 av
887 963 123 35 väckta
1036 965 166 35 motioner
1229 967 180 41 angående
1435 972 72 31 rätt
1534 969 54 36 till
1613 981 42 24 en
1666 971 60 43 fri
1744 983 79 25 resa

651 1030 54 35 till
732 1031 59 35 och
811 1032 95 43 från
933 1033 172 37 hemorten
1116 1035 66 44 för
1201 1036 52 36 till
1272 1038 233 46 tjänstgöring
1524 1040 176 38 inkallade
1719 1048 102 31 värn-

643 1101 146 46 pliktige
817 1104 60 35 och
905 1105 304 38 landstormsmän.

330 1257 18 35 I
378 1269 48 24 en
453 1257 100 37 inom
584 1261 115 35 andra
728 1262 216 37 kammaren
973 1265 122 45 väckt,
1126 1266 58 36 till
1213 1268 84 36 dess
1326 1268 120 49 fjärde
1470 1271 187 48 tillfälliga
1676 1275 144 36 utskott
1852 1280 183 31 Motionerna.

220 1310 184 36 hänvisad
440 1312 151 45 motion,
626 1326 45 23 nr
706 1318 59 41 91,
801 1316 97 36 hava
931 1318 127 36 herrar
1091 1320 199 37 Henrikson
1325 1323 68 35 och
1431 1324 146 37 Elisson
1617 1323 199 54 hemställt,

220 1366 54 32 att
300 1363 204 47 riksdagen
541 1365 13 36 i
596 1367 179 37 skrivelse
817 1369 58 36 till
915 1371 138 48 Kungl.
1096 1373 109 48 Maj:t
1246 1377 115 34 måtte
1395 1378 159 45 anhålla,
1586 1380 63 35 det
1676 1377 140 56 Kungl.

220 1416 110 49 Maj:t
372 1417 87 36 ville
501 1419 171 47 medgiva
715 1422 44 35 de
802 1424 264 48 värnpliktige,
1098 1438 76 24 som
1219 1428 118 48 enligt
1367 1431 49 34 28
1447 1431 22 46 $
1500 1433 319 49 värnpliktslagen

221 1475 61 30 äro
311 1470 191 37 inkallade
532 1472 90 36 eller
654 1476 119 35 under
817 1476 72 36 den
930 1480 193 45 pågående
1158 1480 127 37 krisen
1314 1482 148 37 komma
1492 1488 54 33 att
1573 1485 98 38 bliva
1700 1487 117 37 inkal-

219 1524 84 35 lade
332 1523 58 36 till
418 1524 260 50 tjänstgöring,
722 1532 74 33 rätt
837 1531 121 35 under
1000 1532 100 49 varje
1133 1533 197 38 inkallelse
1364 1537 58 35 till
1451 1550 45 24 en
1525 1540 199 46 gratisresa
1752 1555 66 35 per

217 1576 160 49 järnväg
406 1578 91 36 eller
525 1580 138 47 ångbåt
690 1582 57 36 till
776 1584 69 35 och
873 1585 82 35 från
983 1586 203 37 hemorten.

325 1631 20 35 I
360 1643 47 23 en
426 1631 181 38 likaledes
622 1635 99 36 inom
744 1637 115 36 andra
874 1638 215 37 kammaren
1106 1642 111 35 väckt
1230 1643 69 35 och
1311 1642 57 36 till
1384 1656 140 25 samma
1538 1647 144 37 utskott
1696 1649 122 36 remit-

219 1685 106 34 terad
354 1685 151 45 motion,
537 1699 44 23 nr
613 1690 85 43 169,
729 1691 66 34 har
829 1691 86 36 herr
941 1693 117 36 Molin
1088 1694 6 35 i
1124 1695 320 38 Dombäcksmark
1474 1711 45 24 m.
1549 1700 36 36 fil.
1617 1697 198 54 hemställt,

219 1741 53 32 att
315 1739 116 35 andra
473 1739 214 39 kammaren
715 1743 56 36 för
809 1744 58 36 sin
896 1745 60 36 del
984 1746 174 46 beslutar,
1199 1752 53 33 att
1279 1750 203 48 riksdagen
1510 1752 13 36 i
1551 1754 180 37 skrivelse
1759 1757 57 35 till

218 1792 141 46 Kungl.
391 1792 109 48 Maj:t
529 1797 113 34 måtte
671 1797 160 44 anhålla,
863 1799 63 35 det
954 1800 139 47 Kungl.
1124 1801 109 49 Maj:t
1262 1803 87 36 ville
1379 1805 172 48 medgiva
1581 1809 102 35 såväl
1712 1815 103 30 värn-

218 1844 158 48 pliktige
406 1857 75 24 som
511 1847 321 48 landstormsmän,
864 1852 102 36 vilka
1000 1854 175 47 antingen
1206 1855 160 49 fullgöra
1395 1858 58 36 sin
1481 1861 190 47 värnplikt
1699 1863 118 48 enligt

218 1898 342 49 värnpliktslagens
588 1901 279 39 bestämmelser
895 1906 90 36 eller
1007 1906 149 49 jämlikt
1183 1910 174 46 gällande
1385 1912 263 50 författningar
1676 1916 140 37 mobili-

218 1955 127 41 serats,
376 1956 74 32 rätt
477 1955 120 35 under
625 1957 101 48 varje
754 1958 196 37 inkallelse
979 1960 56 36 till
1065 1974 47 23 en
1140 1963 199 46 gratisresa
1359 1977 66 35 per
1439 1966 160 50 järnväg
1619 1969 90 36 eller
1729 1973 86 45 ång-

217 2005 64 36 båt
308 2006 58 35 till
395 2007 69 35 och
492 2008 82 36 från
602 2010 202 37 hemorten.

323 2060 237 37 Beträffande
601 2065 271 47 motiveringen
906 2066 138 38 tillåter
1085 2069 58 47 sig
1185 2071 184 37 utskottet
1411 2074 156 36 hänvisa
1601 2077 58 35 till
1688 2078 126 36 motio-

216 2125 126 24 nerna.

323 2167 130 37 Andra
497 2168 233 39 kammarens
772 2172 119 49 fjärde
932 2174 187 49 tillfälliga
1148 2177 154 46 utskott,
1333 2191 77 24 som
1440 2180 234 39 behandlade
1705 2185 108 37 dessa

217 2221 182 36 motioner
426 2220 13 36 i
468 2225 53 33 ett
554 2226 280 47 sammanhang,
866 2228 217 36 meddelade
1112 2230 12 35 i
1153 2231 179 37 samband
1362 2235 84 35 med
1475 2234 64 37 sitt
1566 2239 157 35 rörande
1752 2240 59 36 de-

216 2287 138 24 samma
365 2276 93 36 först
468 2276 160 47 avgivna
639 2279 192 37 utlåtande
842 2293 47 23 en
902 2282 177 36 historisk
1090 2284 164 37 översikt
1264 2285 13 36 i
1288 2290 126 33 ämnet
1425 2300 46 25 av
1479 2289 162 49 följande
1656 2292 152 48 lydelse.

260 2338 136 41 Bihang
424 2338 52 33 till
502 2340 199 41 riksdagens
724 2344 164 37 protokoll
912 2346 96 29 19156.
1050 2348 43 28 12
1116 2348 96 30 saml.
1239 2350 17 28 1
1283 2350 72 29 avd.
1394 2351 21 29 8
1437 2351 81 39 häft.
1556 2352 64 38 (Nr
1644 2355 43 38 9)
1750 2356 14 30 1
