1886 2802
570 165 328 31 Utrikesutskottets
923 165 179 31 utlåtande
1125 175 43 21 nr
1189 166 30 31 3.
1632 166 14 29 1

838 451 59 40 Nr
922 451 37 40 3.

369 553 329 30 Utrikesutskottets
726 552 179 32 utlåtande
936 554 11 29 i
972 553 188 40 anledning
1185 563 42 21 av
1256 554 101 29 väckt
1382 553 134 30 motion
1543 553 103 40 angå-

589 604 85 30 ende
696 602 276 32 säkerställande
995 613 42 21 av
1059 605 127 29 största
1209 604 144 40 möjliga
1376 603 270 40 nylontillförsel

590 654 51 29 till
662 654 119 30 landet
804 655 56 29 vid
882 654 211 31 kommande
1115 654 268 41 förhandlingar
1406 664 56 20 om
1486 654 160 30 handels-

588 704 102 30 avtal.

189 805 57 30 Uti
272 815 42 20 en
339 806 95 30 inom
460 806 110 30 andra
596 806 205 30 kammaren
828 807 113 34 väckt,
967 807 53 29 till
1046 807 306 30 utrikesutskottet
1377 806 171 30 hänvisad
1574 816 71 20 mo-

146 854 73 30 tion
241 864 42 20 nr
307 855 70 34 162,
399 865 42 20 av
459 854 82 30 herr
562 855 162 40 Kollberg
747 856 65 29 och
832 856 56 30 fru
910 856 110 29 Gärde
1045 856 178 29 Widemar
1241 856 202 29 hemställes
1466 857 70 28 »att
1558 856 88 29 riks-

146 906 111 39 dagen
274 908 79 29 ville
370 907 173 31 tillskriva
561 907 124 40 Kungl.
704 907 106 39 Maj:t
827 909 78 29 med
923 908 166 30 anhållan
1106 910 49 28 att
1175 908 58 29 vid
1250 908 212 29 kommande
1480 908 165 30 förhand-

144 956 113 40 lingar
279 967 57 20 om
359 958 241 29 handelsavtal
625 958 132 30 sådana
778 958 254 30 instruktioner
1056 959 106 29 måtte
1186 959 97 38 givas
1304 959 341 38 utredningsinstan-

147 1016 53 20 ser
225 1008 65 29 och
315 1008 225 30 förhandlare
565 1011 49 28 att
640 1009 67 30 alla
732 1008 163 31 tillfällen
919 1009 174 39 iakttagas
1117 1011 50 28 att
1189 1009 210 30 säkerställa
1424 1010 68 29 den
1519 1010 125 29 största

144 1058 146 39 möjliga
312 1058 271 39 nylontillförsel
607 1059 52 29 till
681 1059 78 30 vårt
786 1059 114 31 land>.

188 1134 227 30 Beträffande
442 1135 252 39 motiveringen
721 1135 54 30 får
802 1136 170 30 utskottet
999 1135 145 31 hänvisa
1172 1135 51 30 till
1250 1136 188 29 motionen.

189 1209 175 31 Utskottet
383 1211 64 29 har
466 1211 112 29 under
598 1212 161 29 ärendets
778 1212 249 39 föredragning
1045 1212 84 39 tagit
1148 1212 55 29 del
1223 1221 43 21 av
1284 1212 264 40 upplysningar,
1571 1221 73 21 som

143 1260 293 31 tlillhandahållits
462 1271 42 20 av
528 1261 146 31 berörda
700 1262 138 39 statliga
863 1263 242 39 myndigheter
1129 1263 64 29 och
1218 1263 159 30 enskilda
1402 1263 243 39 näringsorga-

143 1310 202 31 nisationer.
370 1311 77 31 Med
471 1312 225 30 erkännande
721 1322 42 20 av
785 1313 211 39 riktigheten
1020 1322 41 21 av
1087 1313 279 30 motionärernas
1392 1314 217 39 synpunkter
1632 1314 11 28 i

144 1361 99 39 fråga
271 1371 56 20 om
354 1362 160 39 nylonets
542 1363 218 39 mångsidiga
785 1364 265 29 användbarhet
1079 1364 63 29 och
1171 1364 143 30 särskilt
1341 1364 223 39 nylonullens
1590 1364 55 29 be-

144 1411 142 39 tydelse,
312 1413 218 38 synpunkter
555 1422 73 20 som
652 1412 132 39 jämväl
808 1414 96 29 torde
929 1414 46 29 ha
998 1414 159 30 beaktats
1182 1424 42 20 av
1246 1414 259 30 vederbörande
1530 1415 114 29 utred-

145 1462 279 39 ningsinstanser
452 1463 68 29 och
550 1463 235 34 förhandlare,
816 1464 70 29 kan
915 1464 170 29 utskottet
1115 1464 89 29 dock
1238 1464 75 30 icke
1343 1465 140 29 ansluta
1513 1465 51 39 sig
1592 1465 50 29 till

144 1513 131 29 tanken
295 1515 49 28 att
364 1513 172 30 särskilda
555 1513 254 30 instruktioner
828 1524 42 19 av
888 1514 56 29 det
964 1513 165 34 innehåll,
1148 1514 261 31 motionärerna
1427 1515 216 38 ifrågasätta,

145 1562 112 30 skulle
274 1563 160 30 utfärdas
452 1563 55 29 för
525 1564 383 38 utredningsinstanser
925 1564 65 29 och
1008 1564 235 30 förhandlare.

188 1612 117 30 Under
330 1612 218 40 åberopande
573 1622 41 21 av
636 1614 66 29 vad
732 1613 146 31 sålunda
904 1614 136 30 anförts
1064 1614 54 30 får
1143 1615 171 30 utskottet
1338 1615 195 34 hemställa,

499 1699 49 28 att
574 1696 178 30 motionen
779 1697 45 29 II:
843 1697 60 29 162
929 1697 76 30 icke
1031 1697 106 31 måtte
1163 1697 182 31 föranleda
1371 1699 115 39 någon
1510 1699 135 30 riksda-

453 1753 83 32 gens
561 1746 130 39 åtgärd.

190 1828 201 31 Stockholm
411 1829 67 30 den
502 1829 37 30 15
562 1839 93 21 mars
677 1828 94 32 1949,

612 1913 48 30 På
679 1913 327 30 utrikesutskottets
1027 1914 144 38 vägnar:

666 1996 174 29 MARTIN
869 1996 246 30 SKOGLUND.

471 2178 64 29 Vid
559 2178 93 29 detta
675 2179 147 29 ärendes
846 2179 210 38 behandling
1079 2179 44 29 ha
1148 2180 173 29 närvarit:

184 2236 80 29 från
293 2237 164 29 första
487 2238 221 28 kammaren:
728 2238 121 29 herrar
867 2237 121 34 Aman,
1008 2238 211 34 Lindström,
1239 2239 121 34 Domö,
1378 2239 168 35 Gränebo,
1567 2240 77 38 Gjö-

141 2287 54 21 res
213 2280 64 28 och
296 2279 171 39 Bergvall;
489 2281 90 27 samt

185 2336 80 30 från
299 2338 152 28 andra
483 2337 221 29 kammaren:
728 2338 121 28 herrar
871 2337 188 38 Skoglund,
1083 2338 119 33 Ward,
1226 2338 116 35 Ohlin,
1364 2339 162 29 Hedlund
1549 2340 8 29 i
1582 2341 63 28 Rå-

141 2378 91 33 dom,
257 2378 199 33 Carlström,
482 2378 78 29 Hall
586 2379 64 29 och
673 2378 236 30 Kristensson.

170 2527 13 25 1
229 2528 112 30 Bihang
354 2528 45 24 till
411 2528 169 31 riksdagens
591 2529 148 30 protokoll
752 2530 75 23 1949.
848 2530 14 23 5
874 2529 83 24 saml.
980 2530 12 23 I
1005 2529 63 24 avd.
1089 2530 39 24 Nr
1154 2532 73 24 3—4.
