2220 2624
457 184 18 30 4
905 190 248 35 Statsutskottets
1181 195 170 33 Utlåtande
1376 197 61 32 N:o
1460 200 51 30 40.

413 263 42 36 af
476 263 228 52 landskapet
729 268 241 49 Norrbotten,
999 284 87 24 men
1114 278 55 32 att
1196 273 110 39 dessa
1333 275 164 39 fördelar
1523 278 116 38 likväl
1664 280 83 37 icke
1768 281 125 38 kunde
1912 297 94 36 upp-

412 319 98 44 väga
551 316 46 37 de
639 317 193 50 betydliga
870 321 246 49 olägenheter
1146 325 59 37 för
1233 326 263 39 riksförsvaret
1522 329 12 37 i
1563 330 87 38 dess
1678 332 137 48 helhet,
1840 347 92 34 som,
1961 338 47 46 på

413 370 73 32 sätt
514 367 12 36 i
553 368 211 39 utlåtandet
791 376 172 33 närmare
991 375 191 49 angifvits,
1211 377 110 38 deraf
1344 380 121 37 skulle
1492 382 102 48 följa.
1650 383 57 37 Då
1735 385 206 37 emellertid
1960 387 46 36 de

413 419 230 47 strategiska
676 421 132 38 skälen
835 423 84 38 icke
947 425 124 38 kunde
1099 441 90 24 vara
1216 429 45 37 de
1289 430 282 40 bestämmande
1599 434 55 37 uti
1682 448 47 24 en
1756 436 107 49 fråga
1891 438 115 37 sådan

412 482 80 24 som
527 470 74 38 den
629 472 276 51 föreliggande,
935 477 65 37 der
1027 478 64 38 det
1117 480 123 49 gälde,
1270 482 113 37 bland
1412 490 124 43 annat,
1565 491 56 31 att
1647 487 135 49 främja
1809 492 83 34 vårt
1920 495 87 43 eget

411 520 108 38 lands
548 523 132 50 odling
706 526 69 36 och
803 528 219 50 utveckling
1049 531 70 37 och
1147 532 142 38 kanske
1318 534 111 38 äfven
1457 533 86 40 dess
1572 539 194 48 språkliga
1794 541 71 36 och
1884 542 120 37 natio-

410 573 98 37 nella
549 575 126 47 enhet,
716 581 143 46 ansåge
886 585 25 31 t.
941 581 25 36 f.
996 582 133 37 chefen
1158 584 61 49 sig
1245 585 82 38 icke
1355 587 127 37 kunna
1509 592 48 46 på
1585 589 111 38 dessa
1724 591 80 36 skäl
1835 593 171 48 afstyrka

409 625 193 49 förslaget.
660 629 129 38 Såsom
819 644 46 23 en
893 632 231 51 oeftergiflig
1151 636 163 49 fordran,
1344 638 82 37 från
1454 640 141 38 militär
1623 643 192 48 synpunkt
1835 644 93 47 sedt,
1949 645 57 37 för

409 682 55 31 att
503 677 83 38 icke
628 693 111 24 norra
779 682 239 39 stambanans
1060 686 286 51 framdragande
1378 690 57 37 till
1469 692 245 50 riksgränsen
1747 695 120 37 skulle
1894 696 111 37 lända

408 731 82 34 vårt
530 729 284 41 försvarsväsen
846 735 54 36 till
935 736 144 50 obotlig
1107 738 129 49 skada,
1265 745 141 46 ansåge
1434 743 95 37 dock
1556 751 26 30 t.
1614 745 25 37 f.
1665 746 133 37 chefen
1827 747 60 49 sig
1913 747 91 39 böra

407 781 188 49 uppställa
623 796 47 24 en
697 784 472 55 befästningsanläggning
1195 792 13 36 i
1234 793 240 38 Norrbotten.

534 834 113 37 Hvad
687 836 207 39 beträffade
935 842 226 37 spörsmålet
1202 857 58 23 om
1300 845 74 37 den
1408 846 182 51 rigtning,
1615 848 106 38 hvari
1748 863 111 24 norra
1887 856 114 33 stam-

407 883 145 39 banans
594 887 290 51 framdragande
925 849 56 95 till
1020 892 245 50 riksgränsen
1305 896 116 38 borde
1462 899 80 48 ske,
1585 906 129 43 syntes
1743 902 86 37 med
1856 903 147 49 hänsyn

406 935 79 36 dels
525 936 58 37 till
624 938 64 38 det
727 954 51 23 nu
821 942 228 50 förefintliga
1090 945 222 51 landsvägs-
1356 950 70 36 och
1466 950 337 51 vintervägsnätet,
1837 954 80 37 dels
1944 955 55 37 till

406 987 233 39 erhållandet
665 992 41 36 af
729 992 182 50 lämpliga
938 996 367 51 öfvergångsställen
1324 1001 106 36 öfver
1447 1002 46 36 de
1511 1008 55 31 tre
1586 1009 100 31 stora
1705 1002 260 57 vattendragen
1978 1021 23 23 :

405 1038 112 48 Råne,
559 1041 114 38 Kalix
712 1044 69 37 och
822 1045 121 38 Torne
975 1047 128 49 elfvar,
1137 1051 70 36 och
1234 1051 80 37 dels
1342 1051 181 51 slutligen
1550 1054 57 37 till
1633 1057 357 48 terrängförhållan-

404 1090 95 38 dena
526 1092 13 36 i
567 1093 116 50 öfrigt
709 1118 51 4 —
787 1096 67 37 allt
882 1101 41 33 så
950 1098 79 37 vidt
1059 1100 111 38 dessa
1198 1103 324 49 omständigheter
1548 1106 125 38 kunde
1701 1108 180 38 bedömas
1906 1110 95 37 efter

403 1142 242 52 tillgängliga
672 1146 129 38 kartor
818 1170 50 5 —
888 1155 55 31 tre
971 1150 130 50 dylika
1127 1153 213 50 rigtningar
1367 1157 85 36 med
1480 1160 117 47 något
1624 1158 68 50 fog
1715 1160 126 37 kunna
1860 1161 138 50 ifråga-

404 1198 127 45 sättas,
560 1198 207 49 nemligen:
1067 1245 10 7 .
1672 1253 11 7 .

530 1260 47 24 en
618 1250 151 48 nordlig
805 1251 88 38 linie
922 1252 105 38 öfver
1054 1254 229 52 Öfverstbyn
1313 1258 76 50 (vid
1417 1259 103 38 Råne
1548 1261 83 50 elf),
1661 1262 113 51 Ofver
1802 1264 112 37 Kalix
1942 1265 56 37 till

402 1297 144 39 Niemis
589 1300 116 50 (invid
745 1303 121 37 Torne
908 1305 61 47 elf,
998 1307 160 48 ungefär
1188 1310 46 35 10
1258 1309 195 38 kilometer
1480 1312 111 37 söder
1619 1327 61 24 om
1710 1306 115 46 Öfver
1852 1317 145 37 Torneå

403 1349 181 51 kyrkby);

530 1415 47 25 en
618 1404 220 39 midtellinie
880 1408 105 37 öfver
1011 1409 205 39 Niemifors
1245 1412 76 49 (vid
1349 1413 102 39 Råne
1479 1415 81 50 elf),
1589 1417 109 38 Ytter
1725 1419 166 49 Morjärv
1920 1420 76 49 (vid

401 1453 111 38 Kalix
553 1455 71 50 elf)
664 1457 56 37 till
760 1458 211 51 Korpikylä
1012 1461 77 48 (vid
1121 1463 121 37 Torne
1276 1464 61 49 elf,
1365 1467 161 48 ungefär
1554 1468 94 37 midt
1675 1470 160 38 emellan
1863 1472 130 37 Hieta-

400 1505 112 38 niemi
540 1507 70 37 och
641 1509 87 37 Carl
756 1510 156 38 Gustafs
940 1512 219 51 kyrkbyar),
1188 1521 97 31 samt

528 1572 48 23 en
617 1560 126 49 sydlig
782 1561 101 49 linie,
925 1576 46 24 en
1012 1565 189 49 kustlinie,
1243 1567 104 38 öfver
1386 1569 242 39 Melderstein
1670 1573 75 49 (vid
1780 1574 104 37 Råne
1912 1575 80 49 elf),

398 1608 204 51 Hvitåfors,
631 1612 124 37 Neder
781 1613 113 37 Kalix
921 1615 57 37 till
1005 1616 239 50 Haparanda.

526 1662 56 37 Af
617 1664 109 37 dessa
767 1665 108 38 linier
901 1667 68 37 har
995 1673 25 32 t.
1051 1669 23 36 f.
1104 1670 396 48 generalstabschefen
1530 1675 168 49 afgjordt
1725 1677 169 38 förordat
1920 1678 72 37 den

400 1725 27 23 8.
460 1712 34 37 k.
525 1713 258 40 midtellinien.

525 1765 57 38 Ur
608 1768 202 49 strategisk
840 1770 191 48 synpunkt
1059 1772 69 37 har
1155 1774 208 38 emellertid
1387 1782 25 31 t.
1434 1777 24 36 f.
1481 1777 132 38 chefen
1632 1785 122 32 ansett
1771 1781 221 50 ytterligare

397 1828 47 24 en
471 1817 156 38 fordran
655 1819 91 38 böra
772 1822 222 48 uppställas.
1049 1824 62 37 En
1133 1824 273 52 jernvägslinie
1434 1842 88 24 vore
1550 1831 224 49 visserligen
1803 1833 63 37 det
1885 1833 107 38 bästa

396 1867 70 37 och
506 1869 201 39 snabbaste
748 1873 122 36 medel
910 1874 58 37 för
1007 1879 174 47 truppers
1222 1878 239 51 förflyttning
1501 1881 84 38 från
1627 1896 47 23 en
1709 1884 124 49 punkt
1859 1885 57 37 till
1944 1900 48 23 en

396 1932 136 36 annan,
568 1935 86 24 men
683 1923 70 37 den
781 1924 97 37 hade
905 1925 116 49 ingen
1048 1927 92 38 eller
1167 1929 226 39 åtminstone
1421 1945 46 24 en
1493 1939 140 43 ytterst
1660 1935 109 49 ringa
1797 1936 193 50 betydelse

395 1970 60 38 för
494 1972 111 39 deras
647 1975 234 49 operationer
912 1978 12 36 i
956 1979 171 50 egentlig
1168 1981 155 51 mening
1349 1983 35 37 d.
1413 1998 34 23 v.
1478 1998 28 23 s.
1537 1985 109 38 deras
1682 1993 199 33 manövrer
1919 1990 71 36 och

395 2023 136 38 strider
558 2032 99 31 samt
685 2027 45 38 de
753 2028 291 50 förflyttningar,
1074 2044 83 25 som
1186 2034 105 37 stode
1319 2035 12 36 i
1360 2036 231 38 omedelbart
1611 2039 275 51 sammanhang
1904 2042 85 37 med

395 2074 120 39 dessa.
571 2077 138 38 Härtill
737 2079 151 39 kräfdes
920 2082 154 49 vanliga
1102 2089 131 44 vägar,
1262 2086 70 37 och
1361 2086 254 52 begagneliga
1642 2090 130 50 dylika
1798 2093 129 37 utmed
1943 2094 45 37 de

392 2124 96 40 båda
523 2128 160 39 linierna
724 2131 218 39 förefunnes
983 2134 135 38 endast
1152 2137 224 38 vintertiden
1404 2140 55 36 uti
1486 2140 46 37 de
1560 2155 28 23 s.
1619 2142 36 36 k.
1684 2139 301 58 vintervägarna.

393 2178 65 36 Att
489 2179 172 51 företaga
688 2187 52 32 ett
767 2183 192 38 kostsamt
981 2187 390 50 jernvägsbyggande
1399 2191 98 37 ända
1524 2192 96 37 fram
1647 2193 56 37 till
1730 2191 256 57 riksgränsen,

393 2242 85 24 men
506 2233 198 49 samtidigt
729 2234 83 38 icke
841 2249 40 23 se
908 2236 57 37 till
992 2243 56 31 att
1075 2252 138 35 genom
1241 2240 210 39 beredande
1479 2244 42 36 af
1542 2244 153 50 vanliga
1721 2251 119 45 vägar
1856 2249 130 36 utmed

392 2281 72 37 den
491 2281 157 52 byggda
676 2285 272 51 jervägslinien
976 2291 275 49 trupprörelser
1277 2292 126 40 kunde
1430 2295 143 39 utföras
1600 2296 13 37 i
1632 2297 46 37 de
1692 2298 155 50 trakter,
1871 2298 115 40 linien
