1884 2786
566 145 267 30 Statsutskottets
857 148 168 30 utlålande
1048 157 39 20 nr
1121 149 68 28 154.
1617 145 19 32 9

120 219 48 30 lio
188 220 134 31 sådana
343 221 149 39 tjänster
511 222 150 30 inrättas
681 223 80 29 med
781 223 180 40 placering
980 224 10 29 i
1013 223 37 30 11
1074 223 223 39 lönegraden.
1317 223 55 29 En
1393 223 244 30 lotsförmans-

123 271 109 39 tjänst
253 272 19 30 å
293 272 267 41 övergångsstal
581 275 91 28 samt
693 274 201 39 tjänsterna
915 274 21 30 å
956 275 207 40 fyrskeppet
1184 283 42 21 nr
1248 275 19 29 2
1289 275 176 38 Hävringe
1488 273 148 31 föreslås

121 323 99 30 skola
240 324 168 39 indragas
429 324 81 31 från
531 326 66 29 och
619 326 80 29 med
721 326 104 29 nästa
846 326 181 39 budgetår.

176 376 76 29 Den
279 376 18 29 6
324 385 96 21 mars
449 376 84 30 1952
560 377 65 29 har
651 377 344 30 överenskommelse
1022 378 143 30 träffats
1193 378 131 30 mellan
1352 378 285 40 tjänsteförteck-

120 427 317 40 ningskommittén
472 429 66 29 och
571 429 263 30 vederbörande
868 430 448 40 personalorganisationer
1340 430 180 40 angående
1544 431 94 28 löne-

121 479 272 31 förhållandena
422 481 55 29 för
508 481 280 40 fyrpersonalen,
821 482 210 40 personalen
1061 482 21 30 å
1111 482 254 40 tjänstefartyg
1395 482 65 30 och
1492 482 144 30 därmed

119 531 207 39 jämställda
355 532 116 40 fartyg
501 535 92 27 samt
621 533 272 40 båtpersonalen
922 534 57 30 vid
1010 534 260 40 lotsplatserna.
1312 533 325 31 Överenskommel-

121 593 61 20 sen
211 584 149 30 innebär
390 585 217 30 förbättrade
638 586 410 40 lönegradsplaceringar
1078 588 92 28 samt
1199 586 110 40 höjda
1339 586 204 40 fyrskepps-
1572 586 65 29 och

120 636 325 40 enslighetstillägg.
481 637 13 29 I
519 637 206 40 anslutning
749 637 55 30 till
828 637 196 40 höjningen
1049 647 42 20 av
1115 638 103 29 dessa
1242 638 121 39 tillägg
1388 638 64 29 har
1477 639 160 28 överens-

119 687 169 31 kommits
313 689 51 29 att
387 689 152 29 särskild
562 690 197 39 ersättning
783 689 55 30 för
861 689 301 40 mistsignalering
1184 689 78 30 icke
1285 690 120 39 längre
1430 690 90 29 skall
1543 689 93 40 utgå.

119 740 145 39 Förslag
285 740 126 30 härom
432 741 64 29 har
518 741 185 39 framlagts
725 750 43 20 av
789 741 127 30 chefen
936 741 55 30 för
1013 741 363 40 civildepartementet
1397 742 10 29 i
1430 742 207 39 propositio-

120 800 68 21 nen
213 801 42 20 nr
283 792 62 29 107
373 792 179 40 angående
578 793 415 40 lönegradsplaceringen
1018 793 55 30 för
1099 793 94 30 vissa
1219 793 151 39 tjänster
1396 803 45 20 in.
1468 803 45 20 m.
1550 793 87 30 Här-

119 844 152 30 utinnan
291 844 168 30 hänvisas
481 845 52 29 till
554 845 156 30 nämnda
731 845 230 40 proposition.

175 896 399 40 Departementschefen
595 896 158 35 föreslår,
776 899 52 28 att
847 898 11 29 i
879 897 437 40 personalförteckningen
1337 897 169 40 uppföres
1527 907 43 20 en
1591 906 46 30 ny

119 948 306 40 maskinisttjänst
445 949 12 29 i
479 948 46 30 Ca
542 949 38 29 19
604 950 91 28 samt
717 948 20 30 å
758 948 267 40 övergångsstat
1048 958 43 20 en
1114 948 111 31 sådan
1247 950 113 38 tjänst
1381 950 10 29 i
1416 949 45 30 Ca
1477 949 50 30 17.

174 1000 69 30 För
263 1001 224 39 dagarvoden
507 1000 36 30 åt
564 1000 177 40 tillfälliga
761 1001 164 30 biträden
944 1001 59 30 vid
1023 1001 192 29 lotsverket
1236 1001 64 29 har
1322 1001 147 29 räknats
1492 1001 80 30 med
1593 1010 44 20 en

119 1052 308 39 kostnadsökning
453 1061 43 21 av
522 1052 11 29 i
560 1054 85 28 runt
671 1053 49 29 tal
749 1052 62 30 135
827 1052 63 30 000
917 1053 143 29 kronor.
1099 1052 129 30 Vidare
1256 1053 45 29 ha
1331 1053 52 29 till
1411 1052 226 40 arvodeshöj-

120 1104 125 39 ningar
277 1104 56 30 för
365 1104 288 39 tillsyningsmän
682 1104 59 30 vid
774 1104 201 30 obevakade
1008 1104 98 39 fyrar
1137 1104 193 30 beräknats
1363 1104 97 30 4000
1494 1105 141 29 kronor.

174 1156 76 29 Den
274 1155 110 40 höjda
408 1156 415 39 lönegradsplaceringen
848 1155 55 30 för
927 1156 283 39 lotspersonalen
1235 1156 65 29 har
1325 1156 191 30 beräknats
1541 1157 96 29 med-

118 1207 78 30 föra
223 1216 44 21 en
294 1207 262 40 utgiftsökning
583 1216 43 21 av
654 1207 142 30 821000
825 1208 142 29 kronor.
997 1207 248 31 Kostnaderna
1273 1208 55 30 för
1356 1208 153 30 vikarier
1536 1209 12 29 i
1576 1217 61 21 an-

119 1259 143 39 ledning
284 1268 43 21 av
350 1259 294 40 fritidsreglering
667 1259 55 30 för
744 1259 284 40 lotspersonalen
1050 1260 99 29 torde
1173 1259 118 41 uppgå
1315 1259 52 30 till
1392 1259 62 31 600
1469 1259 64 30 000
1557 1260 79 29 kro-

118 1320 74 21 nor.
225 1310 201 40 Utgifterna
459 1310 55 30 för
547 1310 378 40 utbildningsarvoden
958 1311 53 29 till
1046 1311 183 30 lotsclever
1263 1312 46 29 ha
1332 1312 226 39 uppskattats
1583 1311 53 30 till

121 1362 61 30 100
197 1362 64 30 000
283 1363 142 29 kronor.

173 1414 206 39 Höjningen
400 1423 42 21 av
465 1414 68 29 den
556 1413 176 31 särskilda
754 1414 244 39 ersättningen
1021 1414 55 30 för
1100 1414 155 40 lotsning
1279 1415 64 29 har
1367 1415 150 39 angivits
1541 1415 95 30 med-

119 1466 77 30 föra
216 1467 50 28 ett
286 1466 84 29 ökat
390 1465 247 30 medelsbehov
659 1465 55 30 för
736 1466 104 29 nästa
861 1465 171 39 budgetår
1055 1475 42 20 av
1118 1466 10 29 i
1150 1468 86 27 runt
1258 1466 48 30 tal
1328 1466 64 30 260
1407 1466 63 30 000
1493 1467 141 29 kronor.

173 1517 129 30 Vidare
329 1517 47 29 ha
403 1517 240 30 kostnaderna
671 1517 54 29 för
754 1516 278 40 genomförande
1061 1526 42 21 av
1130 1518 263 38 lotsstyrelsens
1422 1518 132 40 förslag
1583 1518 52 30 till

117 1569 173 40 åtgärder,
313 1569 135 39 ägnade
470 1570 51 28 att
543 1569 173 29 förbättra
738 1568 466 31 arbetstidsförhållandena
1226 1569 55 30 för
1304 1569 75 30 båt-
1401 1570 65 29 och
1489 1570 146 39 tjänste-

117 1621 359 39 fartygspersonalen,
502 1620 226 40 uppskattats
754 1620 53 30 till
833 1619 63 30 940
911 1619 63 31 000
1000 1620 143 34 kronor,
1169 1621 76 29 däri
1271 1621 197 40 inbegripet
1493 1622 143 29 kostna-

118 1673 66 29 den
206 1672 55 30 för
283 1672 42 30 33
347 1672 328 39 båtmanstjänster.
698 1672 128 30 Därest
847 1672 171 40 möjligen
1040 1681 44 20 en
1106 1672 366 40 arbetstidsreglering
1495 1681 140 32 genom-

118 1724 94 30 föres
233 1724 55 30 för
311 1724 156 30 nämnda
489 1724 164 40 personal
674 1724 113 29 under
810 1724 103 29 nästa
933 1724 172 39 budgetår
1128 1724 66 29 och
1216 1725 96 29 detta
1334 1725 138 30 medför
1495 1725 140 39 utgifts-

117 1776 174 40 ökningar
318 1776 56 29 för
401 1776 393 38 övertidsersättningar
821 1785 46 20 m.
895 1785 45 20 m.
968 1775 209 30 förutsältes
1204 1776 159 39 anslaget
1389 1777 11 29 i
1428 1776 207 40 erforderlig

118 1827 82 30 mån
222 1828 37 29 få
279 1827 235 31 överskridas.

172 1879 313 40 Utgiftsökningen
511 1879 11 29 i
550 1878 191 40 anledning
769 1887 42 21 av
839 1879 67 29 den
933 1879 156 30 ändrade
1118 1879 368 40 lönegradsplacering
1513 1889 47 20 m.
1588 1889 45 20 m.

117 1931 55 30 för
188 1931 82 39 fyr-,
289 1931 286 39 tjänstefartygs-
593 1931 65 29 och
675 1930 237 40 båtpersonal,
933 1939 75 21 som
1027 1930 11 29 1
1057 1930 264 40 propositionen
1346 1930 99 30 1952:
1464 1931 60 30 107
1544 1931 91 31 före-

117 1982 69 30 slås
220 1992 43 20 av
295 1982 126 30 chefen
454 1982 54 29 för
543 1982 372 39 civildepartementet,
949 1982 65 29 har
1049 1982 227 40 uppskattats
1311 1982 52 29 till
1399 1983 235 39 sammanlagt

117 2034 63 30 548
195 2034 63 30 000
284 2034 143 29 kronor.

171 2085 128 40 Övriga
324 2085 200 39 föreslagna
551 2085 425 39 kostnadsförändringar
1004 2086 60 29 äro
1091 2094 42 21 av
1159 2086 219 29 automatisk
1405 2087 115 28 natur.

171 2138 13 28 I
204 2136 557 41 personalförteckningen
793 2136 54 29 för
878 2137 81 29 lots-
991 2136 65 29 och
1088 2137 174 38 fyrstaten
1294 2137 149 29 föreslås
1475 2137 158 39 följande

116 2189 192 39 ändringar
333 2189 98 29 skola
454 2188 175 39 vidtagas:

173 2240 18 29 6
211 2240 216 29 kontorister
448 2240 10 29 i
480 2239 46 30 Ca
543 2240 39 29 13
604 2240 65 28 och
691 2240 18 28 6
731 2239 313 30 kontorsbiträden
1067 2239 9 29 i
1099 2240 46 29 Ca
1160 2239 19 29 8
1202 2240 141 38 utbytas
1366 2242 73 27 mot
1461 2241 19 29 6
1502 2240 131 30 kansli-

117 2291 156 30 skrivare
298 2291 11 30 i
334 2291 46 29 Ca
397 2290 37 30 15
460 2290 197 40 respektive
683 2291 18 29 6
727 2290 282 30 kanslibiträden
1034 2290 10 29 i
1071 2291 45 29 Ca
1133 2291 49 28 11.
1212 2291 38 29 15
1276 2291 193 29 överlotsar
1495 2291 10 29 i
1532 2291 44 30 Ca
1594 2292 39 29 16

116 2343 65 29 och
207 2343 14 29 1
249 2342 212 30 lotsförman
484 2342 11 29 i
520 2343 46 29 Ca
582 2341 38 30 15
646 2342 143 39 utbytas
814 2343 74 28 mot
914 2342 39 29 16
978 2342 193 29 överlotsar
1197 2342 10 29 i
1234 2342 46 30 Ca
1295 2342 51 29 20.
1375 2342 39 29 18
1440 2343 192 29 överlotsar

115 2394 11 29 i
147 2394 46 30 Ca
210 2393 39 30 19
271 2394 174 40 upptagas
465 2393 11 30 i
499 2394 116 29 stället
637 2393 55 29 för
714 2393 249 29 motsvarande
985 2393 96 29 antal
1105 2393 212 30 lotsförmän
1339 2393 9 29 i
1373 2393 45 30 Ca
1436 2393 49 30 15.
1510 2394 18 29 3
1551 2394 82 30 lots-

116 2445 141 31 förmän
284 2445 10 30 i
322 2445 47 30 Ca
385 2445 49 34 15,
465 2444 39 30 18
533 2444 210 31 lotsförmän
770 2445 10 29 i
811 2445 45 29 Ca
873 2444 38 30 13
940 2444 63 30 och
1034 2444 18 29 4
1081 2445 211 30 lotsförmän
1320 2445 11 29 i
1360 2445 45 30 Ca
1424 2445 37 30 12
1490 2445 142 39 utbytas
