1872 2780
464 144 287 32 Statsutskottets
771 143 180 30 utlåtande
971 152 43 20 nr
1033 143 20 29 9
1071 142 40 30 år
1132 141 82 31 1957
1557 139 40 30 33

86 239 129 39 Möjligt
231 239 210 38 krafttillskott
905 226 112 32 1959/60
1048 208 23 59 —
1097 225 109 28 1960/61
1240 208 19 59 —
1299 224 111 29 —1961/62
1443 208 19 59 —
1488 223 111 30 1962/68

86 290 49 30 till
151 290 82 38 följd
249 298 41 21 av

128 338 437 39 vattenkraftutbyggnader
587 336 181 38 föreslagna
791 335 50 30 för

171 390 106 30 beslut
294 399 42 21 av
355 389 77 31 1957
449 389 51 29 års
516 387 130 38 riksdag
664 410 166 6 .........
956 402 41 4 —
1157 402 41 3 —
1337 383 61 30 650
1538 382 61 29 900

128 439 447 40 vattenkraftutbyggnader,
614 446 70 21 som
723 437 118 29 tänkas

171 492 43 29 bli
243 491 170 30 beslutade
440 499 41 21 av
511 489 78 31 1958
617 489 50 29 års
694 488 132 38 riksdag
956 504 41 3 —
1157 503 41 3 —
1338 483 61 31 300
1508 483 13 29 1
1541 482 58 30 100

129 542 182 38 föreslagna
329 539 354 39 värmekraftåtgärder
705 562 85 6 .....
795 562 37 24 ee
957 537 40 30 50
1158 535 40 31 50
1359 534 40 31 50
1559 533 40 30 50

88 609 214 31 Kvarstående
318 609 75 30 brist
411 630 419 8 osssssssssrssrer
742 604 92 47 sera
935 605 61 29 700
1156 603 40 31 50
1357 620 40 4 —
1557 618 41 5 —

89 676 310 40 Utbyggnadsgrad,
417 674 158 40 procent?
598 697 236 7 ............
940 672 58 29 102
1141 671 57 29 103
1341 670 57 29 106
1541 668 57 30 106

135 762 227 31 Beträffande
385 762 41 30 de
450 761 55 29 för
527 761 100 29 nästa
650 758 170 40 budgetår
845 757 198 39 föreslagna
1067 755 301 41 anläggningarna
1391 754 204 30 framhålles

91 813 168 40 följande.

136 866 161 38 Tuggens
316 862 228 31 kraftstation
570 861 4 30 i
594 861 189 30 Umeälven
804 861 38 29 är
862 860 66 29 den
946 858 223 40 anläggning,
1190 866 76 21 som
1287 857 79 30 med
1385 857 138 38 hänsyn
1543 855 53 30 till

93 915 161 30 ekonomi
276 915 64 29 och
361 912 232 41 byggnadstid
613 912 63 30 bör
698 911 143 30 komma
862 911 159 29 närmast
1042 909 88 30 efter
1153 908 108 30 redan
1283 907 180 30 beslutade
1486 906 110 30 kraft-

94 967 178 29 stationer.
301 965 68 29 Till
394 965 66 29 den
485 963 61 36 tid,
572 963 44 30 då
641 960 403 41 Tuggenanläggningen
1067 959 67 30 blir
1161 959 125 39 färdig,
1313 960 158 29 kommer
1497 957 99 30 Ume-

96 1018 97 29 älven
213 1015 172 31 nedanför
405 1016 187 30 Storuman
611 1015 51 28 att
680 1014 11 30 i
710 1012 113 40 övrigt
841 1020 83 22 vara
942 1011 41 30 så
1002 1012 72 38 gott
1095 1019 75 21 som
1189 1010 73 29 helt
1282 1009 153 39 utbyggd
1455 1008 63 30 och
1539 1017 58 20 av-

94 1068 157 39 trappad.
274 1067 65 29 Vid
361 1074 134 22 samma
520 1065 47 29 tid
589 1064 159 29 kommer
768 1062 242 39 vattendraget
1032 1063 50 28 att
1103 1070 84 21 vara
1208 1062 55 29 väl
1286 1060 157 39 reglerat.

138 1118 119 30 Redan
278 1117 55 30 för
354 1116 58 31 två
433 1116 38 30 år
493 1116 107 29 sedan
622 1114 121 40 gjorde
765 1112 376 39 vattenfallsstyrelsen
1164 1110 262 40 framställning
1448 1109 149 31 rörande

96 1168 199 40 utbyggnad
316 1177 42 21 av
380 1167 118 31 Stalon
520 1166 129 30 mellan
670 1164 167 40 Kultsjön
859 1164 65 30 och
947 1162 186 41 Malgomaj
1159 1162 11 29 i
1194 1161 199 40 Kultsjöån.
1417 1161 80 29 Man
1520 1161 77 29 öns-

95 1220 88 30 kade
204 1219 44 30 då
268 1220 36 30 få
326 1228 42 20 en
388 1218 79 30 med
489 1218 137 38 hänsyn
650 1216 53 30 till
725 1215 103 40 långa
849 1215 154 34 tunnlar,
1025 1213 315 40 arbelsplatsernas
1362 1211 203 40 belägenhet
1587 1210 12 29 i

95 1271 85 39 glest
203 1270 135 30 hebodd
361 1269 111 40 byggd
495 1278 45 20 m.
564 1277 45 20 m.
632 1266 160 41 lämpligt
816 1265 174 31 utsträckt
1012 1264 243 40 byggnadstid.
1279 1263 178 39 Förslaget
1482 1262 117 30 föran-

95 1322 98 29 ledde
220 1321 71 30 inte
317 1320 113 39 någon
455 1318 262 39 framställning
742 1318 11 29 i
781 1317 82 30 1955
889 1316 57 30 års
973 1314 413 41 statsverksproposition
1412 1313 65 30 och
1503 1312 95 31 förra

96 1372 71 30 året
183 1372 122 30 avstod
321 1369 374 40 vattenfallsstyrelsen
711 1368 81 29 från
807 1369 51 28 att
873 1367 44 40 på
933 1368 77 38 nylt
1027 1366 171 30 framföra
1217 1365 67 33 det,
1301 1365 44 30 då
1361 1373 95 21 mera
1474 1363 124 30 snabbt

98 1422 212 39 utbyggbara
338 1420 251 40 anläggningar
616 1419 127 39 ansågs
771 1418 84 30 böra
882 1418 46 29 ha
956 1417 186 29 företräde.
1170 1416 65 29 Det
1264 1417 38 28 är
1331 1414 191 30 emellertid
1551 1422 47 21 nu

97 1472 213 40 nödvändigt
336 1473 49 28 att
413 1470 296 40 Stalonprojektet
737 1470 127 39 upptas
891 1468 11 29 i
928 1468 237 39 programmet
1193 1466 65 30 och
1287 1467 51 28 att
1365 1474 82 21 man
1475 1464 123 30 härvid

97 1524 171 30 beräknar
293 1532 42 20 en
359 1522 168 39 betydligt
550 1521 140 29 kortare
713 1519 170 30 arbetstid
909 1520 45 28 än
982 1527 75 21 som
1083 1517 80 30 från
1185 1516 128 40 början
1339 1516 132 39 avsågs.
1497 1515 101 29 Detta

95 1575 70 29 kan
185 1574 204 39 visserligen
410 1573 70 29 inte
501 1571 116 40 undgå
637 1572 51 29 att
709 1570 144 39 fördyra
873 1568 257 40 anläggningen
1152 1577 80 21 men
1253 1568 18 29 å
1294 1567 109 29 andra
1426 1566 100 30 sidan
1549 1574 51 21 re-

97 1625 145 30 duceras
261 1623 316 31 ränteförlusterna
596 1622 111 29 under
727 1620 289 40 byggnadstiden.

141 1677 11 29 I
176 1676 95 29 förra
294 1675 92 29 årets
410 1674 108 39 petita
540 1672 162 30 anmälde
724 1670 388 40 vattenfallsstyrelsen,
1136 1671 51 28 att
1209 1669 57 30 vid
1291 1668 245 40 utbyggnaden
1559 1676 42 20 av

101 1727 257 30 vattenkraften
387 1726 10 28 i
425 1725 186 30 Luleälven
640 1733 41 20 en
710 1722 212 41 anläggning
950 1722 58 30 vid
1037 1721 177 30 Messaure
1243 1720 130 30 mellan
1401 1719 105 39 Ligga
1535 1718 64 30 och

98 1778 97 29 Porsi
223 1786 80 21 vore
331 1777 156 29 närmast
515 1775 10 29 i
552 1773 368 41 angelägenhetsgrad.
949 1772 180 31 Stationen
1158 1779 57 32 ger
1243 1772 49 29 ett
1321 1772 87 28 stort
1435 1769 166 30 krafttill-

98 1829 93 28 skott
208 1828 64 29 och
290 1829 38 28 är
343 1826 97 40 billig
456 1835 80 20 men
552 1827 124 28 kräver
693 1824 45 40 på
758 1824 112 39 grund
887 1833 43 20 av
946 1824 66 29 den
1030 1823 139 38 mycket
1185 1823 95 28 stora
1296 1821 211 39 jorddamm,
1525 1829 75 20 som

98 1878 89 29 skall
211 1878 140 39 byggas,
376 1877 80 38 lång
478 1875 242 40 byggnadstid.
745 1875 75 28 Den
844 1875 69 28 kan
940 1873 148 30 sålunda
1113 1873 71 28 inte
1208 1872 153 39 påverka
1385 1870 217 30 kraftbalan-

98 1938 60 20 sen
178 1928 111 30 under
310 1927 83 30 åren
415 1926 225 30 1960—1962.
662 1925 51 29 Då
735 1925 57 30 det
813 1924 192 30 emellertid
1028 1924 37 29 är
1086 1923 102 33 klart,
1211 1924 50 28 att
1284 1921 317 38 Messaureanlägg-

100 1980 136 38 ningen,
256 1988 78 20 som
355 1978 124 29 kräver
503 1986 41 20 en
568 1975 272 40 utbyggnadstid
862 1984 42 20 av
926 1983 58 21 sex
1007 1973 48 35 år,
1078 1975 38 28 är
1138 1973 58 30 det
1217 1972 219 40 lämpligaste
1458 1971 144 39 utbygg-

99 2029 245 39 nadsobjektet
367 2028 54 30 för
444 2029 50 29 att
517 2028 98 29 klara
637 2025 396 40 belastningsökningen
1056 2024 88 30 efter
1170 2024 83 29 1962
1277 2023 111 30 måste
1411 2022 192 39 utbyggna-

100 2081 64 29 den
188 2080 165 40 påbörjas
376 2079 110 29 under
509 2078 204 39 budgetåret
740 2076 159 36 1957/58.

142 2132 49 29 De
215 2140 82 30 nyss
320 2130 149 39 angivna
492 2129 343 29 torrårsbalanserna
859 2128 189 29 förutsätta
1071 2128 50 28 att
1144 2126 164 29 arbetena
1332 2125 78 29 med
1434 2125 169 37 Stenung-

99 2182 109 29 sunds
225 2180 297 40 ångkraftstation
542 2180 176 29 forlsättas
736 2178 9 29 i
763 2178 128 30 avsedd
907 2178 73 29 takt
997 2177 63 29 och
1078 2178 48 28 att
1143 2175 267 37 anskaffningar
1427 2174 63 30 och
1508 2174 96 30 arbe-

102 2235 54 27 ten
178 2232 54 29 för
253 2232 67 28 den
341 2240 42 20 av
404 2231 90 29 årets
515 2229 143 38 riksdag
677 2227 180 30 beslutade
879 2225 440 41 gasturbinanläggningen
1341 2225 57 29 vid
1421 2223 180 31 Västervik

101 2282 211 39 igångsättes
332 2281 149 29 snarast.

139 2375 7 14 !
166 2374 251 30 Utbyggnadsgrad
437 2378 78 18 avser
534 2371 185 24 förhållandet
738 2371 102 23 mellan
859 2368 328 30 vattenkrafttillgången
1207 2368 87 23 under
1312 2368 42 23 ett
1367 2366 138 24 normalår
1517 2367 8 23 I
1538 2366 68 24 kilo-

96 2409 170 24 wattimmar
284 2408 51 23 och
354 2406 191 29 belastningen
565 2405 6 23 i
590 2405 228 24 kilowattimmar
837 2410 47 24 per
902 2403 30 24 år
952 2403 35 30 på
1006 2403 87 29 grund
1113 2408 36 17 av
1167 2401 198 30 obligatoriska
1385 2401 161 23 leveranser.

130 2457 16 25 38
187 2457 112 29 Bihang
311 2455 48 25 till
369 2454 169 31 riksdagens
549 2453 148 31 protokoll
709 2453 76 24 1957.
805 2453 16 23 6
832 2452 84 24 saml.
947 2455 40 22 Nr
1003 2453 15 23 9
