1926 2846
353 183 41 32 32

353 261 19 31 I
397 261 172 31 skrivelse
594 260 68 32 den
687 261 18 30 2
730 259 190 32 november
944 259 78 31 1932
1047 258 58 32 till
1130 258 195 32 statsrådet
1349 258 65 31 och
1441 258 127 31 chefen
1593 258 57 31 för
1676 257 134 31 finans-

314 312 281 37 departementet
647 312 67 30 har
744 311 211 31 kommittén
985 312 169 30 närmare
1185 309 184 32 utvecklat
1398 309 80 31 sina
1508 309 226 36 synpunkter
1764 309 47 36 på

315 364 132 36 frågan
478 373 57 21 om
567 361 442 37 riksräkenskapsverkets
1038 360 242 37 övertagande
1314 371 46 21 av
1390 360 139 31 arbetet
1561 359 80 32 med
1672 359 139 32 utarbe-

316 414 106 32 tande
448 425 46 20 av
522 414 41 31 de
591 413 476 37 räkenskapssammandrag
1093 422 46 21 m.
1166 422 55 26 m.,
1259 422 76 21 som
1371 411 132 32 hittills
1529 410 284 32 sammanställts

314 475 47 22 av
384 465 225 31 revisorerna
632 465 13 31 i
669 465 57 31 del
750 465 37 31 II
810 475 46 21 av
880 464 103 32 deras
1006 463 191 32 berättelse
1222 473 56 21 om
1301 462 226 32 statsverket.

356 540 224 33 Kommittén
626 542 223 37 förutsätter,
875 542 55 30 att
953 540 294 32 bankoutskottet
1272 539 63 32 vid
1359 539 79 32 1933
1462 537 59 33 års
1546 538 149 37 riksdag
1719 538 95 31 kom-

316 603 76 21 mer
414 595 54 30 att
491 591 207 39 framlägga
720 592 136 38 förslag
881 592 57 32 till
960 602 44 21 en
1027 591 232 37 nedsättning
1282 601 46 21 av
1350 590 149 32 arvodet
1522 590 57 31 till
1603 589 211 37 riksdagens

317 644 187 37 revisorer,
534 644 252 31 motsvarande
816 643 67 32 den
912 643 148 37 nyligen
1089 642 183 32 beslutade
1303 642 226 36 sänkningen
1559 652 47 20 av
1635 640 179 37 riksdags-

317 696 291 36 mannaarvodet.
652 695 19 31 I
692 695 173 32 samband
887 694 146 32 därmed
1055 694 96 31 lärer
1172 694 174 31 utskottet
1367 693 77 31 icke
1467 692 192 32 underlåta
1680 694 55 29 att
1758 691 56 32 till

318 747 218 37 behandling
559 748 163 35 upptaga
747 746 130 37 frågan
901 756 57 21 om
981 745 241 32 avskaffande
1246 755 46 21 av
1316 745 59 31 det
1398 755 49 20 nu
1470 743 178 38 utgående
1672 743 144 31 särskil-

319 797 45 32 da
392 798 331 37 dagtraktamentet
752 797 58 32 till
838 797 225 31 revisorerna
1092 796 114 32 under
1234 806 98 21 resor
1361 797 99 30 utom
1487 794 262 32 huvudstaden.

647 958 321 32 KOSTNADERNA
990 951 88 38 FÖR
1100 957 269 31 RIKSDAGENS
1392 956 93 31 HUS.

362 1045 17 31 I
425 1046 172 31 skrivelse
622 1045 68 32 den
714 1046 39 30 24
777 1045 190 31 november
991 1045 79 31 1932
1095 1044 57 31 till
1180 1043 229 37 fullmäktige
1434 1043 12 31 i
1473 1043 219 31 riksbanken
1717 1042 65 30 och
1807 1042 11 30 i

322 1097 348 37 riksgäldskontoret
699 1097 67 31 har
795 1096 212 32 kommittén
1037 1095 193 37 hemställt,
1261 1096 54 31 att
1346 1094 229 37 fullmäktige
1615 1093 87 32 ville
1734 1094 85 35 taga

322 1148 113 31 under
457 1148 260 37 övervägande,
739 1148 182 32 huruvida
943 1148 76 31 icke
1043 1147 237 36 besparingar
1302 1146 114 31 skulle
1440 1146 98 31 kuna
1559 1146 106 30 ernås
1688 1145 56 30 för
1766 1145 53 30 så-

321 1199 61 31 väl
431 1199 193 37 riksdagen
671 1209 75 22 som
793 1198 227 37 riksbanken,
1049 1198 121 32 därest
1195 1198 67 31 den
1288 1198 13 30 i
1328 1197 272 37 riksdagshuset
1627 1195 192 37 befintliga

323 1250 396 37 värmeanläggningen
748 1250 226 37 utnyttjades
1002 1249 138 37 jämväl
1171 1249 56 31 för
1256 1247 278 38 tillgodoseende
1564 1257 47 21 av
1641 1246 179 32 värmebe-

323 1302 108 32 hovet
457 1303 96 30 inom
581 1302 306 33 riksbankshuset,.
935 1301 17 31 I
980 1300 173 32 samband
1180 1300 148 31 härmed
1354 1300 68 31 har
1447 1299 213 31 kommittén
1686 1298 135 36 ifråga-

323 1354 82 36 satt,
429 1353 181 31 huruvida
635 1353 78 31 icke
736 1352 242 31 kostnaderna
1001 1352 57 31 för
1083 1350 271 38 förvaltningen
1380 1361 46 20 av
1450 1350 41 31 de
1515 1349 94 32 båda
1633 1349 187 36 riksbygg-

325 1404 159 32 naderna
509 1405 46 36 på
581 1403 349 37 Helgeandsholmen
955 1403 114 31 skulle
1095 1403 123 30 kunna
1243 1402 219 36 nedbringas
1489 1410 126 28 genom
1641 1401 55 31 att
1722 1400 100 31 dessa

325 1455 147 32 ställdes
491 1455 113 31 under
626 1463 203 28 gemensam
849 1454 235 37 förvaltning.

589 1615 325 32 KOSTNADERNA
937 1607 86 38 FÖR
1045 1607 209 37 ALLMÄNT
1277 1604 289 39 KYRKOMÖTE.

368 1705 19 31 I
410 1704 172 32 skrivelse
606 1703 68 31 den
697 1704 37 30 15
758 1702 144 37 augusti
928 1702 77 31 1932
1029 1701 57 31 till
1109 1700 340 32 ekonomiutskottet
1471 1699 62 32 vid
1556 1700 97 30 årets
1677 1698 148 32 allmän-

328 1766 46 21 na
397 1756 211 37 kyrkomöte
632 1754 211 32 hemställde
865 1753 213 31 kommittén
1100 1753 47 36 på
1171 1752 159 36 angivna
1353 1750 88 36 skäl,
1464 1752 55 30 att
1542 1750 176 31 utskottet
1739 1749 85 31 ville

328 1807 194 32 medverka
552 1807 56 31 till
637 1805 76 32 dels
740 1807 54 30 att
822 1804 247 37 ersättningen
1098 1804 38 30 åt
1165 1803 246 37 kyrkomötets
1439 1798 167 40 personal
1632 1801 78 32 icke
1739 1801 86 32 fast-

330 1858 147 32 ställdes
500 1858 57 32 till
578 1857 112 37 högre
712 1856 126 37 belopp
861 1858 46 29 än
930 1865 74 22 som
1027 1854 163 37 skäligen
1212 1854 117 31 kunde
1351 1853 194 31 motiveras
1568 1863 47 21 av
1636 1853 103 31 arten
1762 1852 64 31 och

330 1910 265 36 omfattningen
622 1919 47 20 av
696 1908 41 31 de
767 1906 169 38 göromål,
964 1916 75 22 som
1066 1905 142 32 åvilade
1235 1905 41 31 de
1303 1905 98 31 olika
1428 1904 399 37 befattningshavarna,

330 1961 75 32 dels
427 1961 64 31 ock
513 1962 53 30 att
588 1960 139 36 jämväl
747 1960 13 30 i
781 1959 121 36 övrigt
924 1959 132 30 största
1077 1956 152 38 möjliga
1250 1956 224 37 sparsamhet
1496 1956 189 36 iakttoges.
1726 1954 18 31 I
1767 1964 59 21 an-

331 2012 162 37 slutning
519 2011 127 32 härtill
671 2010 197 31 framförde
892 2009 230 31 kommitténs
1146 2007 215 32 ordförande
1385 2006 202 37 muntligen
1613 2006 57 31 till
1695 2005 133 32 utskot-

332 2065 69 30 tets
429 2062 215 32 ordförande
674 2061 230 32 kommitténs
932 2060 224 37 synpunkter
1184 2059 232 31 härutinnan.

372 2113 223 32 Kommittén
615 2114 68 31 har
701 2113 190 37 inhämtat,
911 2114 54 30 att
983 2111 242 32 kostnaderna
1245 2110 57 31 för
1321 2110 78 31 1932
1418 2110 59 31 års
1497 2109 185 31 allmänna
1700 2108 129 37 kyrko-

330 2166 94 31 möte
457 2174 126 28 genom
616 2164 98 32 olika
746 2163 383 38 besparingsåtgärder
1163 2161 234 36 nedbringats
1426 2160 81 32 med
1540 2159 167 37 omkring
1740 2159 88 31 38500

333 2218 133 31 kronor
486 2218 12 31 i
523 2216 227 32 förhållande
771 2216 57 31 till
850 2215 71 32 vad
942 2214 181 32 desamma
1145 2213 114 32 skulle
1280 2214 96 30 hava
1398 2212 149 37 utgjort,
1571 2212 121 31 därest
1713 2211 42 31 de
1776 2212 54 30 ut-

335 2270 79 35 sått
437 2269 91 31 efter
552 2278 138 21 samma
714 2266 156 38 grunder
892 2276 76 22 som
991 2266 62 31 vid
1076 2266 78 31 1929
1177 2266 59 30 års
1260 2264 184 31 allmänna
1465 2263 222 37 kyrkomöte.
