1880 2832
407 166 406 39 Bevillningsutskottets
829 164 218 30 betänkande
1061 172 42 20 nr
1117 163 41 29 48
1173 163 39 29 år
1228 163 84 28 1968
1581 164 19 29 3

116 249 274 40 ningsperioder,
412 258 74 20 som
506 248 118 39 börjar
645 247 78 29 med
744 246 94 29 udda
858 245 177 34 månader,
1058 245 111 29 skulle
1189 244 192 29 bibehållas
1402 243 64 29 och
1487 244 49 28 att
1558 251 42 20 en

117 303 223 40 förlängning
361 312 42 19 av
423 301 206 40 respittiden
650 300 54 30 för
727 299 383 39 skatteredovisningen
1133 298 111 29 skulle
1267 298 59 29 ske
1347 297 52 29 till
1421 296 39 30 35
1484 296 116 39 dagar,

117 358 71 29 dvs.
203 357 52 30 till
271 357 65 29 den
352 357 17 29 5
385 357 9 29 i
411 356 109 29 andra
534 354 174 32 månaden
723 354 87 30 efter
824 353 174 40 utgången
1015 362 41 20 av
1069 352 97 40 varje
1181 350 374 40 redovisningsperiod.

116 482 216 30 Motionerna
347 482 29 28 I:
393 482 58 28 124
466 481 63 29 och
543 481 46 28 II:
606 481 58 29 170

162 572 13 29 I
190 571 216 31 motionerna
422 570 201 31 framhålles
639 572 47 28 att
702 568 318 40 skatteuppbörden
1036 567 110 30 under
1161 566 93 30 vissa
1271 565 244 31 förhållanden
1531 565 70 29 kan

115 625 47 30 bli
179 625 141 39 onödigt
336 624 221 39 betungande
573 624 46 39 på
635 623 113 40 grund
766 632 42 20 av
825 624 164 37 systemet
1006 621 79 29 med
1103 619 405 39 tvåmånadersperioder
1527 628 73 20 som

116 679 70 30 inte
206 679 98 29 alltid
325 679 314 29 överensstämmer
659 677 79 29 med
759 676 197 39 företagens
977 675 232 30 verksamhet.
1230 674 163 29 Framför
1414 674 60 28 allt
1495 673 106 39 gäller

118 733 95 29 detta
233 733 41 29 de
295 732 133 39 företag
450 741 74 20 som
544 731 45 40 på
609 730 113 40 grund
743 739 40 21 av
805 731 164 29 semester
990 729 63 29 har
1076 729 114 38 stängt
1211 728 110 29 under
1343 737 42 20 en
1406 728 118 38 längre
1546 736 55 30 pe-

117 787 76 29 riod
211 787 109 29 under
337 786 117 30 vilken
469 785 224 39 redovisning
710 793 41 21 av
767 783 204 40 preliminär
987 783 169 29 källskatt
1173 783 81 29 eller
1272 781 329 39 omsättningsskatt

120 841 87 29 skall
225 841 69 29 ske.
311 840 66 29 För
394 839 41 30 de
451 839 103 30 flesta
569 838 134 39 företag
718 837 165 30 inträffar
900 837 94 29 detta
1009 836 110 30 under
1134 836 67 39 juli
1216 835 140 34 månad,
1370 835 117 29 vilken
1507 834 94 30 torde

117 903 83 20 vara
224 894 65 29 den
312 893 193 39 vanligaste
530 891 340 31 semestermånaden
894 890 106 30 bland
1024 890 40 29 de
1089 890 149 29 svenska
1262 889 188 39 företagen.
1474 889 49 28 De
1547 888 55 29 be-

118 949 81 38 lopp
227 956 74 20 som
329 947 132 29 betalas
489 946 110 29 under
626 945 274 40 juliuppbörden
929 945 36 28 är
994 944 138 39 mycket
1162 945 102 27 stora.
1293 942 116 30 Under
1437 942 165 39 perioden

119 1001 42 29 fr.
184 1010 30 20 o.
237 1010 45 20 m.
307 1000 193 40 september
526 1000 82 29 1966
630 1002 24 26 t.
678 1008 29 20 o.
731 1008 44 19 m.
801 998 192 39 september
1019 997 81 29 1967
1125 996 157 30 utvisade
1304 996 67 39 juli
1394 995 128 30 månad
1546 995 56 29 det

119 1055 124 39 högsta
260 1055 160 38 beloppet
439 1054 11 29 i
470 1053 99 40 fråga
587 1062 57 20 om
663 1052 301 40 preliminärskatt
983 1051 79 29 med
1081 1050 19 29 4
1115 1050 61 30 682
1196 1050 88 39 milj.
1304 1050 52 29 kr.
1376 1049 116 30 Under
1514 1058 88 20 sam-

115 1117 57 21 ma
195 1108 128 29 månad
346 1107 215 30 inbetalades
584 1107 178 29 dessutom
788 1105 92 29 1051
907 1104 87 36 milj.
1018 1105 52 28 kr.
1095 1105 10 28 i
1127 1102 375 40 varuskatteuppbörd,
1528 1111 74 20 som

119 1162 111 29 under
248 1160 427 40 tolvmånadersperioden
694 1159 122 29 endast
836 1157 253 31 överträffades
1108 1167 41 20 av
1166 1157 142 39 januari
1326 1156 129 30 månad
1474 1156 44 29 då
1535 1156 68 39 jul-

118 1215 154 30 handeln
294 1214 180 30 medförde
497 1215 50 28 att
568 1212 411 40 varuskatteuppbörden
1001 1211 152 40 uppgick
1178 1211 49 29 till
1251 1210 95 30 1129
1368 1210 88 39 milj.
1479 1210 51 29 kr.
1554 1210 48 28 De

120 1271 94 27 stora
238 1277 167 24 summor,
430 1277 74 20 som
529 1267 66 30 den
619 1266 263 39 sammanlagda
907 1264 320 40 skatteuppbörden
1251 1264 110 29 under
1385 1264 66 39 juli
1475 1263 128 29 månad

119 1322 134 40 uppgår
273 1322 64 34 till,
358 1321 136 31 medför
516 1323 50 28 att
587 1321 179 39 företagen
787 1319 54 30 får
864 1321 93 28 stora
979 1318 211 40 svårigheter
1212 1318 79 29 med
1312 1327 42 20 en
1376 1317 227 30 förskottsbe-

119 1377 135 39 talning
272 1386 41 20 av
331 1376 138 30 skatten
488 1375 73 30 före
580 1374 360 31 semestermånadens
956 1373 137 39 början.
1111 1373 67 29 Till
1196 1372 94 30 detta
1307 1372 158 29 kommer
1484 1373 49 28 att
1552 1381 51 20 ar-

119 1430 92 30 betet
231 1429 78 30 med
329 1429 223 39 redovisning
573 1438 42 20 av
633 1428 218 39 preliminär-
872 1427 65 29 och
956 1426 183 30 varuskatt
1160 1425 136 30 medför
1318 1435 42 20 en
1382 1427 71 28 stor
1475 1425 128 29 arbets-

120 1483 196 39 belastning
333 1483 54 29 för
406 1482 197 40 företagens
621 1481 390 39 ekonomiavdelningar
1030 1480 73 30 före
1123 1481 200 28 semestern.
1342 1479 102 29 Detta
1461 1479 63 29 har
1542 1479 61 28 lett

120 1538 52 28 till
192 1546 42 21 en
254 1537 215 39 uppdelning
489 1545 41 20 av
550 1535 262 30 semestertiden
832 1534 54 30 för
905 1534 315 39 kassapersonalen
1240 1534 85 29 även
1345 1533 44 39 på
1409 1533 41 30 de
1470 1533 133 38 företag

122 1600 74 21 som
218 1591 11 29 i
250 1591 110 38 övrigt
383 1590 176 39 tillämpar
583 1588 186 40 stängning
790 1588 111 30 under
924 1587 273 30 semestertiden.
1219 1587 52 29 Då
1294 1587 85 29 även
1402 1586 41 30 de
1466 1586 138 39 statliga

121 1644 309 40 uppbördsverken
448 1643 63 29 har
528 1642 378 40 personalsvårigheter
924 1641 110 30 under
1054 1640 341 30 semestermånaden
1414 1649 100 20 anser
1533 1649 71 20 mo-

120 1698 201 29 tionärerna
342 1697 56 30 det
420 1697 167 29 önskvärt
608 1696 80 29 från
710 1696 94 29 såväl
826 1695 137 30 enskild
985 1704 74 20 som
1079 1694 119 39 statlig
1220 1694 178 39 synpunkt
1421 1695 50 28 att
1492 1693 112 39 åtgär-

122 1752 59 29 der
196 1751 114 30 vidtas
326 1751 53 29 för
396 1752 49 28 att
462 1750 200 29 underlätta
677 1750 197 38 företagens
890 1748 223 39 redovisning
1129 1757 41 20 av
1187 1748 114 29 denna
1318 1747 284 39 skatteuppbörd.

118 1804 65 31 Det
203 1804 106 30 borde
331 1804 71 30 inte
426 1804 90 29 stöta
537 1803 45 40 på
604 1802 241 40 oöverstigliga
867 1801 280 30 administrativa
1170 1800 159 40 åtgärder
1353 1802 49 27 att
1423 1800 181 39 härvidlag

118 1857 159 40 tillämpa
293 1858 114 39 någon
424 1857 92 29 form
534 1866 42 20 av
592 1857 143 38 generös
754 1856 140 39 dispens
912 1855 110 29 under
1040 1864 42 20 en
1099 1854 191 40 tidsperiod
1308 1864 41 20 av
1367 1854 40 29 30
1426 1854 105 39 dagar
1549 1854 54 29 för

122 1912 41 29 de
186 1912 134 38 företag
344 1920 73 21 som
441 1911 44 39 på
509 1910 112 39 grund
645 1919 41 21 av
710 1909 354 39 semesterstängning
1088 1909 148 29 ansöker
1260 1908 133 30 härom.
1418 1908 186 29 Dessutom

121 1965 62 30 bör
207 1974 68 30 nya
299 1964 130 39 förslag
453 1964 178 29 utarbetas
656 1963 54 30 för
733 1972 44 21 en
802 1962 223 40 omläggning
1049 1971 41 20 av
1115 1961 387 40 uppbördsperioderna
1526 1961 80 30 med

121 2019 106 29 tanke
246 2019 44 39 på
311 2019 40 29 de
373 2018 211 39 svårigheter
606 2026 74 21 som
700 2017 98 30 torde
818 2017 216 39 uppkomma
1054 2016 53 30 för
1128 2016 179 39 företagen
1327 2015 57 30 vid
1404 2015 200 30 införandet

122 2082 42 20 av
178 2072 276 30 mervärdeskatt
470 2072 65 29 och
548 2071 185 30 löneskatt.

695 2163 197 44 Restavgift
915 2176 48 20 m.
980 2175 50 20 m.

122 2251 166 30 Gällande
312 2250 257 30 bestämmelser

168 2341 66 30 Om
253 2339 229 38 skattskyldig
501 2340 81 29 eller
603 2339 243 39 arbetsgivare,
867 2347 74 21 som
961 2338 91 39 gjort
1073 2337 244 39 skatteavdrag
1337 2337 199 30 underlåter
1557 2339 49 27 att

124 2394 114 29 betala
261 2394 93 29 skatt
377 2393 11 29 i
410 2393 217 29 föreskriven
648 2392 52 29 tid
722 2392 66 29 och
810 2391 159 39 ordning,
993 2391 36 29 är
1052 2391 71 29 han
1145 2390 106 40 enligt
1274 2390 40 30 58
1340 2390 14 37 $
1382 2391 14 28 1
1421 2399 105 20 mom.
1549 2390 56 30 UF

126 2447 136 40 skyldig
281 2449 50 27 att
349 2447 114 29 betala
480 2446 192 39 restavgift,
691 2445 180 30 beräknad
888 2444 89 30 efter
997 2444 78 39 fyra
1094 2445 57 29 öre
1171 2444 54 29 för
1243 2444 97 39 varje
1359 2444 56 29 hel
1434 2444 112 29 krona
1566 2453 42 20 av

126 2501 66 29 den
208 2501 53 29 del
279 2510 40 20 av
337 2501 137 29 skatten
492 2509 74 20 som
582 2500 71 29 inte
670 2500 126 38 erlagts
812 2500 11 28 i
839 2499 60 29 tid.
917 2498 163 39 Avgiften
1097 2499 37 28 är
1151 2498 89 29 dock
1257 2497 98 30 alltid
1372 2497 107 30 minst
1498 2497 38 29 10
1554 2498 51 28 kr.
