1882 2806
268 155 18 30 6
607 161 117 32 Andra
745 162 237 37 lagutskottets
1004 163 175 32 utlåtande
1199 175 42 21 nr
1263 166 57 36 26;
1342 166 140 37 bilagor.

1548 251 119 37 Bilaga
1690 252 37 31 B.

696 388 65 32 Till
778 390 214 37 Riksdagens
1014 390 110 32 andra
1145 391 196 37 lagutskott.

315 471 132 31 Genom
475 472 119 31 remiss
625 473 66 30 den
723 475 37 29 12
790 474 153 31 februari
978 476 82 30 1943
1092 476 65 30 har
1184 477 107 31 Eders
1320 477 122 37 Kungl.
1475 477 100 38 Maj:t
1606 479 167 31 anbefallt

271 513 352 40 medicinalstyrelsen
643 519 49 27 att
715 521 113 27 senast
850 517 67 30 den
942 518 38 30 15
1001 528 93 21 mars
1118 519 82 30 1943
1222 519 49 30 till
1295 520 212 36 Riksdagens
1532 521 109 31 andra
1664 521 108 37 lagut-

271 557 91 30 skott
388 557 124 36 avgiva
534 558 160 36 yttrande
718 560 80 29 över
820 560 132 30 motion
976 569 41 21 nr
1043 561 41 30 28
1110 561 11 30 i
1147 561 109 31 första
1279 563 206 30 kammaren
1509 573 42 20 av
1578 563 80 30 herr
1684 564 88 30 Bon-

271 599 105 30 deson
397 608 58 22 om
476 600 182 37 utredning
680 602 147 30 rörande
847 602 234 31 förekomsten
1105 613 42 22 av
1171 604 319 37 alkoholpåverkan
1512 605 57 30 vid
1590 606 183 36 olycksfall

271 640 10 30 i
303 641 115 31 arbete
440 652 44 20 m.
509 652 44 21 m.

315 684 14 29 I
349 684 188 37 anledning
552 685 109 31 härav
677 685 56 31 får
749 687 352 37 medicinalstyrelsen
1118 688 202 37 härigenom
1340 688 124 32 anföra
1482 689 164 37 följande.

315 726 173 37 Styrelsen
513 727 114 31 finner
648 728 66 30 den
740 728 194 37 föreslagna
958 730 302 37 undersökningen
1284 732 85 30 värd
1393 732 203 30 beaktande.
1625 731 147 32 Otvivel-

271 768 108 36 aktigt
409 769 111 31 skulle
547 779 41 20 en
615 769 108 32 sådan
752 772 260 36 undersökning
1039 773 119 30 kunna
1183 774 118 30 lämna
1327 774 168 35 material,
1523 783 74 21 som
1624 784 82 21 vore
1731 784 42 21 av

271 810 174 37 betydelse
471 811 55 30 för
550 813 455 38 nykterhetsupplysningen
1029 818 89 27 samt
1143 815 114 31 såsom
1279 826 42 20 en
1344 816 202 36 preliminär
1567 816 207 37 orientering

271 853 10 29 i
300 852 236 37 föreliggande
558 854 106 36 fråga.
689 855 191 37 Självfallet
902 856 110 31 måste
1031 858 188 30 emellertid
1241 868 43 20 en
1306 858 109 31 sådan
1435 858 259 37 undersökning
1716 860 57 35 gö-

271 904 55 22 ras
351 905 76 21 som
453 905 42 21 en
521 897 462 38 stickprovsundersökning,
1012 899 79 30 med
1117 900 136 37 hänsyn
1278 901 51 29 till
1357 901 57 30 det
1442 903 92 28 stora
1558 901 216 30 totalantalet

271 938 194 36 olycksfall,
485 948 74 21 som
576 949 42 21 av
635 941 178 36 praktiska
830 942 75 29 skäl
925 941 75 31 icke
1016 943 83 35 göra
1119 942 56 31 det
1195 942 134 37 möjligt
1349 945 49 28 att
1414 943 11 30 i
1444 942 95 37 varje
1556 942 62 31 fall
1635 951 137 28 genom-

271 979 76 32 föra
372 981 275 38 alkoholanalys,
673 983 65 30 och
763 983 134 37 möjligt
918 993 101 27 synes
1042 994 93 26 vara,
1161 987 49 28 att
1235 985 66 30 den
1324 985 31 37 ej
1380 985 149 30 behöver
1553 986 101 35 göras
1678 994 95 21 mera

271 1022 218 32 omfattande
508 1025 44 29 än
572 1027 48 27 att
641 1025 66 30 den
726 1043 44 3 —
792 1026 86 30 även
897 1026 11 30 i
931 1027 200 30 nuvarande
1156 1027 196 31 finansiella
1375 1027 162 31 situation
1557 1045 44 3 —
1624 1027 70 31 kan
1714 1037 59 21 an-

271 1074 51 21 ses
344 1064 193 38 försvarlig.

315 1107 352 38 Medicinalstyrelsen
693 1108 55 31 får
775 1109 147 32 sålunda
949 1111 171 37 tillstyrka
1148 1121 42 21 en
1215 1112 127 37 begärd
1372 1114 183 38 utredning
1581 1115 78 31 med
1689 1116 83 30 hän-

271 1150 233 36 synstagande
531 1151 49 29 till
606 1152 67 30 vad
696 1152 65 30 här
786 1152 143 31 anförts.

315 1192 166 30 Däremot
505 1193 115 30 ställer
641 1194 49 35 sig
714 1195 163 36 styrelsen
902 1196 218 36 synnerligen
1144 1197 155 31 tveksam
1321 1198 51 30 till
1393 1198 66 31 den
1482 1198 194 33 framförda
1700 1203 72 28 tan-

270 1234 67 30 ken
358 1237 50 28 att
431 1243 125 28 genom
576 1235 208 32 utfärdande
808 1246 42 21 av
874 1247 69 27 nya
967 1238 258 31 bestämmelser
1247 1241 88 29 sätta
1360 1240 413 39 invaliditetsersättning-

270 1285 59 22 ens
352 1277 129 30 storlek
503 1277 11 30 i
537 1278 170 30 samband
729 1279 78 30 med
831 1279 320 37 alkoholförtäring.
1178 1281 14 30 I
1215 1280 41 31 de
1282 1282 61 30 fall
1370 1282 63 30 där
1457 1292 42 21 en
1522 1283 252 38 inskränkning

271 1328 43 21 av
349 1319 233 37 ersättningen
617 1321 70 30 kan
726 1331 99 21 anses
853 1322 192 36 berättigad
1072 1323 97 30 torde
1194 1323 107 31 redan
1329 1324 159 36 gällande
1517 1325 258 32 bestämmelser

271 1361 117 32 lämna
409 1360 179 38 möjlighet
609 1362 126 31 därtill.

315 1420 203 31 Stockholm
540 1421 67 30 den
631 1422 38 30 10
694 1431 92 22 mars
810 1423 94 30 1943.

851 1489 28 31 J.
901 1489 118 31 AXEL
1039 1485 157 36 HÖJER.

314 1537 94 31 John
428 1538 151 37 Byttner.
1407 1542 34 31 C.
1463 1542 37 31 B.
1519 1553 29 20 v.
1567 1543 161 32 Mentzer.

1556 1743 119 37 Bilaga
1695 1743 34 32 C.

695 1881 65 32 Till
778 1882 214 38 Riksdagens
1014 1883 110 31 andra
1146 1884 196 37 lagutskott.

315 1966 113 31 Sedan
452 1974 123 28 genom
598 1967 121 31 remiss
743 1967 66 31 den
830 1968 19 30 8
874 1967 154 31 februari
1053 1968 82 31 1943
1158 1969 134 31 tillfälle
1314 1970 126 31 beretts
1464 1970 152 32 Svenska
1638 1971 135 32 Arbets-

268 2008 321 37 givareföreningen
616 2012 50 28 att
693 2010 121 36 avgiva
836 2010 161 37 yttrande
1021 2012 79 29 över
1127 2010 56 32 två
1209 2012 95 30 inom
1328 2012 185 37 riksdagen
1536 2014 125 30 väckta
1687 2014 86 30 lika-

269 2051 153 37 lydande
445 2051 178 37 motioner,
647 2061 41 21 nr
711 2053 41 30 28
777 2052 10 30 i
809 2052 109 31 första
941 2053 205 30 kammaren
1171 2063 42 21 av
1235 2054 81 30 herr
1337 2054 184 31 Bondeson
1543 2056 66 30 och
1631 2065 43 21 nr
1696 2056 42 30 34
1763 2055 11 30 i

269 2092 110 32 andra
401 2094 205 30 kammaren
627 2103 43 21 av
690 2094 79 31 herr
790 2094 151 37 Hagård,
966 2094 176 37 angående
1165 2096 184 37 utredning
1368 2096 148 31 rörande
1539 2097 235 32 förekomsten

270 2145 42 21 av
339 2135 320 39 alkoholpåverkan
684 2136 57 30 vid
767 2137 183 37 olycksfall
979 2138 10 29 i
1018 2137 115 31 arbete
1161 2139 65 30 och
1253 2139 42 30 de
1319 2138 169 37 åtgärder,
1516 2149 75 21 som
1617 2139 156 37 påkallas

270 2178 55 31 för
346 2181 49 28 att
419 2179 179 30 motverka
621 2178 109 32 sådan
751 2179 187 36 företeelse,
964 2179 55 31 får
1040 2180 202 36 föreningen
1265 2181 124 31 anföra
1413 2181 165 37 följande.

313 2219 138 37 Frågan
474 2230 57 21 om
552 2221 159 31 säkerhet
733 2221 66 31 och
820 2222 149 30 sundhet
988 2222 10 30 i
1019 2222 129 31 arbetet
1168 2223 65 30 har
1251 2222 44 38 på
1316 2233 119 21 senare
1458 2224 48 30 tid
1527 2224 11 30 i
1561 2224 65 30 den
1648 2224 124 31 offent-

269 2262 68 37 liga
360 2263 243 31 diskussionen
627 2263 134 37 ådragit
785 2264 51 36 sig
860 2265 139 36 mycket
1026 2267 84 28 stort
1136 2265 151 31 intresse.
1316 2266 64 31 Det
1403 2265 58 31 må
1485 2266 129 31 erinras
1643 2276 57 21 om
1725 2269 49 28 att

270 2306 85 30 även
399 2306 441 36 huvudorganisationerna
879 2306 44 37 på
966 2307 331 31 arbetsmarknaden
1337 2317 49 22 nu
1415 2308 177 30 införlivat
1622 2309 151 30 arbetar-

270 2347 297 37 skyddsfrågorna
588 2349 107 30 bland
716 2349 75 30 sina
812 2349 423 37 verksamhetsuppgifter,
1257 2350 66 30 och
1344 2353 49 29 att
1418 2350 41 30 de
1482 2351 10 29 i
1515 2351 113 30 avsikt
1652 2353 49 29 att
1724 2350 48 30 bi-

270 2389 106 37 draga
397 2390 53 32 till
475 2400 42 21 en
539 2390 271 37 effektivisering
833 2401 43 21 av
900 2391 287 38 arbetarskyddet
1211 2392 206 37 föregående
1440 2392 39 31 år
1500 2393 87 30 slöto
1613 2403 41 20 en
1678 2394 94 29 över-

269 2433 253 31 enskommelse
541 2443 56 20 om
616 2433 177 31 allmänna
812 2434 108 36 regler
938 2433 55 31 för
1010 2434 65 30 den
1096 2434 114 30 lokala
1230 2434 346 37 säkerhetstjänstens
1598 2434 174 37 organisa-

270 2474 81 36 tion,
370 2474 117 32 vilken
506 2485 47 21 nu
571 2476 174 37 tillämpas
762 2476 94 30 inom
874 2476 148 31 flertalet
1039 2477 50 29 till
1107 2476 61 31 vår
1185 2476 158 37 förening
1360 2478 161 30 anslutna
1540 2477 90 31 fack.
