2190 2687
390 206 18 31 2
830 202 99 31 Stats-
943 193 177 48 Utskottets
1135 199 171 34 Utlåtande
1330 197 63 32 N:o
1418 198 50 31 29.

345 284 59 37 till
431 283 179 37 bostället
639 282 248 48 öfverflyttas.
945 280 72 36 Till
1047 281 103 36 detta
1178 279 156 48 förslag,
1365 291 81 23 som
1480 277 136 48 Kongl.
1648 276 125 48 Maj:ts
1794 275 140 37 Befall-

347 335 307 50 ningshafvande
683 335 11 37 i
723 335 103 36 länet
855 334 57 36 för
941 333 59 37 sin
1030 332 61 37 del
1118 332 180 48 förordat,
1328 330 97 37 hade
1449 329 145 50 jemväl
1616 327 319 50 Skogsstyrelsen

346 390 12 36 i
387 388 253 48 underdånigt
684 386 197 38 memorial
927 385 187 49 tillstyrkt
1153 384 118 48 bifall,
1302 383 198 36 hvaremot
1529 379 404 50 Kammarkollegium,

348 454 81 24 som
471 440 166 37 derefter
679 439 124 37 blifvit
846 439 8 35 i
901 438 157 36 ärendet
1100 437 124 47 hördt,
1269 440 91 32 enär
1388 435 11 35 i
1427 435 108 48 fråga
1566 433 163 37 varande
1758 432 176 47 boställe,

347 493 147 38 hvilket
535 492 115 50 gåfve
679 492 12 36 i
720 491 114 49 årligt
875 489 160 38 arrende
1081 489 109 48 1,008
1228 487 175 38 kubikfot
1440 486 213 50 spannmål,
1687 484 146 37 hälften
1865 486 69 47 råg

348 547 70 36 och
446 545 148 37 hälften
623 545 108 45 korn,
762 548 98 32 samt
890 544 72 35 356
993 542 140 36 kronor
1164 542 46 35 50
1236 546 63 30 öre
1327 540 10 35 i
1356 540 230 49 penningar,
1607 538 163 37 förutom
1790 536 145 37 indelta

346 603 148 42 räntan,
539 599 46 35 38
630 597 141 36 kronor
814 598 45 34 21
904 600 75 42 öre,
1022 594 92 37 eller
1141 594 162 48 tillhopa
1331 592 59 36 för
1418 592 64 36 det
1510 596 151 32 senaste
1691 589 240 37 arrendeåret

348 653 111 46 3,096
506 650 141 36 kronor
692 651 43 34 15
779 653 75 43 öre,
891 653 131 44 syntes
1054 659 89 24 vara
1173 659 45 23 en
1249 645 42 37 af
1314 644 105 37 ålder
1447 644 111 36 odlad
1589 642 199 49 egendom,
1818 642 114 35 hvarå

346 703 199 36 införande
571 702 40 36 af
635 715 43 22 en
710 702 105 47 lägre
845 700 227 36 kulturform
1103 699 82 35 med
1217 710 156 24 numera
1403 710 127 22 vunna
1560 696 142 47 åsigter
1731 695 69 35 och
1820 693 114 37 fram-

348 760 86 43 steg
463 754 102 36 inom
598 751 395 50 jordbruksväsendet
1022 751 32 48 ej
1086 750 106 36 torde
1221 762 90 23 vara
1340 748 183 48 förenligt
1552 747 70 36 och
1650 747 45 35 då
1724 747 45 35 de
1799 746 136 47 skogs-

348 806 163 45 marker,
542 819 78 23 som
652 805 124 36 skulle
805 803 88 37 med
921 802 179 37 bostället
1137 801 262 47 sammanslås,
1435 813 90 23 vore
1553 799 184 48 antingen
1767 797 167 37 tillräck-

347 860 73 47 ligt
448 864 114 41 stora,
591 857 58 36 för
677 861 55 31 att
748 857 57 35 för
824 856 61 48 sig
914 855 254 36 underkastas
1198 854 145 36 ordnad
1372 852 248 47 hushållning
1645 853 123 34 såsom
1798 850 137 36 krono-

348 911 107 49 park,
497 910 93 36 eller
635 909 68 36 ock
747 908 178 36 tillhörde
968 907 190 46 hemman,
1203 919 81 23 som
1313 904 275 49 disponerades
1612 903 57 36 för
1697 902 80 36 helt
1804 902 129 43 andra,

347 963 86 36 från
474 963 86 35 dem
603 960 248 50 oskiljaktiga
887 959 187 46 ändamål,
1105 962 97 33 samt
1232 957 106 37 öfver
1366 956 152 37 hvilkas
1548 954 293 49 tillgänglighet
1865 953 69 37 och

347 1014 230 49 lämplighet
607 1014 53 34 för
688 1013 61 36 det
780 1011 157 49 angifna
967 1010 212 37 ändamålet
1213 1009 48 37 all
1290 1008 209 48 utredning
1528 1007 202 47 saknades,
1760 1006 11 35 i
1800 1006 134 36 under-

348 1067 132 47 dånigt
510 1065 194 37 utlåtande
733 1064 73 37 den
842 1067 39 33 11
913 1063 78 37 Juli
1024 1064 95 35 1878
1150 1062 184 36 förklarat
1362 1061 61 47 sig
1450 1060 84 36 icke
1555 1060 104 36 finna
1684 1058 83 37 skäl
1788 1062 56 33 att
1864 1058 73 36 den

349 1118 135 50 gjorda
508 1117 334 48 framställningen
870 1115 257 48 understödja.

478 1170 106 36 Efter
612 1170 75 46 det,
717 1169 85 36 med
831 1167 208 48 anledning
1069 1167 40 36 af
1128 1166 101 36 hvad
1258 1165 218 48 Kollegium
1507 1163 161 37 sålunda
1696 1163 138 47 anfört,
1860 1167 77 43 ytt-

349 1223 144 36 randen
521 1221 80 37 från
637 1219 369 50 skogsiuspektören
1041 1219 70 36 och
1140 1217 391 37 domänintendenten
1558 1216 13 35 i
1599 1216 103 36 länet
1729 1214 207 36 infordrats

350 1279 98 33 samt
476 1275 110 36 desse
628 1272 8 36 i
681 1272 144 49 afgifne
859 1271 224 37 utlåtanden
1117 1273 48 46 på
1194 1270 157 37 anförde
1381 1269 83 36 skäl
1492 1267 174 38 vidhållit
1697 1266 150 49 åsigten
1876 1279 61 23 om

349 1326 277 49 lämpligheten
655 1325 41 36 af
715 1324 290 48 ifrågavarande
1034 1322 181 37 boställes
1244 1321 252 37 användande
1525 1320 54 36 till
1610 1318 186 50 uppgifne
1821 1318 116 36 ända-

351 1379 85 47 mål,
466 1377 96 37 hade
592 1376 148 37 Chefen
769 1376 57 37 för
847 1375 318 49 Skogsstyrelsen
1186 1374 83 36 med
1286 1372 312 38 öfverlemnando
1616 1371 41 36 af
1667 1371 159 36 berörde
1841 1370 96 36 utlå-

352 1430 137 37 tanden
520 1428 183 49 slutligen
728 1429 57 35 för
814 1441 98 35 egen
941 1427 56 37 del
1021 1427 136 47 anfört,
1175 1431 55 31 att
1246 1426 208 47 Riseborga
1470 1425 157 46 socken,
1650 1437 79 23 som
1746 1422 191 37 inneslöte

353 1485 43 33 11
427 1480 323 37 militieboställen
779 1480 85 36 med
895 1479 263 48 sammanlagd
1187 1477 224 49 skogsarcal
1426 1477 42 36 af
1482 1476 179 48 omkring
1693 1476 134 46 18,000
1848 1487 89 36 qva-

350 1533 145 37 dratref
519 1533 71 36 och
619 1535 23 34 4
670 1532 269 37 ecklesiastika
954 1531 177 36 hemman
1148 1531 85 36 med
1249 1529 177 49 omkring
1445 1530 108 47 1,500
1570 1527 221 50 qvadratref
1801 1527 137 48 skogs-

350 1585 119 47 mark,
499 1584 118 36 hörde
645 1584 58 36 till
731 1584 46 36 de
809 1589 93 31 mest
932 1582 217 49 betydande
1179 1582 272 48 skogsorterna
1480 1581 102 35 inom
1604 1579 138 47 Skåne,
1764 1579 70 35 och
1856 1578 82 36 der-

344 1638 119 48 jemte
505 1649 89 23 vore
629 1636 56 36 till
714 1636 59 36 sin
801 1641 112 30 natur
941 1635 41 36 af
1006 1639 55 32 ett
1080 1640 86 31 rent
1195 1633 161 37 skånskt
1384 1633 227 49 skaplynne,
1641 1631 189 46 hvarföre,
1861 1630 77 36 oaf-

350 1690 84 36 sedt
461 1689 135 48 frågan
624 1701 61 22 om
713 1687 243 49 förflyttning
984 1687 41 36 at
1049 1685 146 37 Skånes
1224 1685 240 48 skogsskola,
1493 1683 229 48 tillräckliga
1743 1682 82 37 skäl
1844 1684 94 34 töre-

349 1741 137 36 funnes
529 1745 53 31 att
620 1745 93 43 göra
755 1740 164 35 nämnde
949 1743 58 31 ort
1034 1738 58 36 till
1120 1751 46 23 en
1195 1737 269 49 centralpunkt
1491 1737 57 36 för
1576 1750 47 22 en
1653 1735 93 36 efter
1771 1734 168 36 skånska

349 1792 263 37 förhållanden
655 1792 152 49 lämpad
835 1791 166 36 intensiv
1031 1789 280 49 skogsskötsel;
1342 1795 55 30 att
1426 1789 57 48 då,
1515 1789 44 35 de
1589 1787 237 48 öfningsfält,
1856 1799 82 23 som

350 1845 58 36 för
449 1844 237 37 närvarande
729 1856 89 23 vore
860 1846 37 33 åt
938 1842 225 49 provinsens
1193 1841 231 48 skogsskola
1453 1840 192 47 anvisade,
1674 1839 199 48 utgjordes
1903 1838 41 36 af

349 1895 285 51 flygsandsfält,
676 1894 326 49 hufvudsakligen
1043 1894 179 36 bevuxna
1250 1893 86 36 med
1363 1893 80 46 tall,
1478 1906 84 23 men
1596 1890 178 51 flygsand
1804 1891 135 36 endast

350 1949 234 36 förekomme
622 1951 20 33 å
670 1951 119 46 några
817 1947 42 36 af
882 1947 227 49 provinsens
1138 1945 276 48 kuststräckor,
1445 1945 71 36 och
1544 1945 64 36 det
1636 1944 59 35 för
1722 1942 216 50 flygsands-

351 2001 200 36 markerna
592 2000 153 48 vanliga
782 2000 212 47 trädslaget
1024 1999 125 47 tallen,
1179 1998 117 35 hörde
1324 1997 58 36 till
1411 1997 45 36 de
1484 1997 58 36 för
1570 1995 166 37 skånska
1760 1995 138 49 jorden
1926 1994 12 36 i

350 2052 209 37 allmänhet
587 2052 116 36 minst
731 2051 194 49 lämpliga,
956 2050 248 48 skogskolan,
1234 2054 78 31 mot
1328 2049 114 36 hvars
1459 2048 184 50 otjenliga
1658 2047 87 48 läge
1762 2046 175 37 anmärk-

350 2105 138 48 ningar
522 2104 83 36 icke
635 2104 119 37 heller
782 2103 202 47 utcblifvit,
1014 2101 242 50 följaktligen
1285 2100 179 37 arbetade
1493 2100 120 37 under
1641 2098 295 49 undantagsför-

351 2157 205 36 hållanden
595 2156 71 36 och
709 2160 144 44 syntes,
891 2163 40 28 så
960 2159 105 31 snart
1100 2153 381 48 omständigheterna
1509 2153 63 36 det
1600 2151 215 49 medgåfve,
1844 2150 90 37 böra

351 2208 188 49 förflyttas
567 2207 56 37 till
654 2221 46 23 en
729 2207 111 49 plats,
870 2207 155 36 hvarest
1044 2206 223 36 densamma
1286 2205 127 36 kunde
1430 2204 172 50 uppfylla
1620 2204 62 36 det
1698 2203 88 37 med
1802 2202 133 49 skogs-

351 2260 215 37 skolornas:
591 2260 251 48 förläggande
883 2259 58 35 till
975 2258 99 36 olika
1098 2258 199 49 provinser
1326 2256 155 38 afsedda
1510 2256 176 37 ändamål
1715 2261 55 30 att
1796 2267 140 36 genom

350 2312 139 49 sjelfva
517 2318 108 30 arten
653 2312 42 35 af
719 2311 211 36 anstaltens
959 2310 157 36 arbeten
1146 2309 127 49 sprida
1302 2309 217 36 kännedom
1547 2322 59 22 om
1637 2308 71 36 och
1737 2308 125 35 lemna
1882 2312 54 30 ett

350 2363 194 37 föredöme
581 2363 11 36 i
626 2363 73 36 den
727 2362 57 36 för
812 2368 109 31 orten
949 2362 245 48 lämpligaste
1223 2360 422 49 skogshandteringen;
1676 2364 53 31 att
1758 2358 178 37 bostället
