1912 2802
513 175 397 32 Jordbruksutskottets
939 176 187 32 utlåtande
1154 177 52 31 Nr
1228 177 52 31 59.
1584 179 19 29 5

183 250 64 32 Om
283 251 261 32 reservfondens
577 252 240 37 användning,
851 253 104 32 sedan
991 254 134 36 bolaget
1154 255 148 36 upphört
1325 257 52 29 att
1400 266 84 20 vara
1506 258 141 35 antaget

138 304 56 31 till
217 303 108 32 sådan
348 304 346 37 försäkringsgivare,
718 305 138 37 stadgas
879 306 13 30 i
916 306 19 30 9
959 307 27 37 &.

862 393 18 30 5
905 394 27 37 $.

181 458 80 32 Med
284 460 227 35 nettopremie
534 460 62 30 och
619 460 361 37 utdebiteringsbehov
1003 462 53 31 för
1079 463 86 30 visst
1186 463 39 30 år
1248 463 63 30 och
1334 464 58 30 län
1408 474 96 21 avses
1520 465 13 30 i
1549 464 96 31 dessa

138 511 152 36 grunder
323 512 224 36 nettopremie
579 512 63 31 och
676 513 363 37 utdebiteringsbehov
1074 514 53 31 för
1162 515 61 30 100
1259 515 124 31 kronor
1415 527 45 19 av
1483 526 160 21 summan

136 573 46 21 av
199 563 382 38 försäkringsbeloppen
595 575 46 21 av
658 565 41 31 de
714 566 62 31 vid
791 567 90 30 årets
897 568 132 35 utgång
1046 567 53 31 för
1116 567 93 32 länet
1224 568 158 36 gällande
1394 569 248 36 försäkringar,

137 616 53 31 för
213 616 97 32 vilka
333 617 138 36 bolaget
493 619 39 29 är
555 619 190 35 ansvarigt.

856 705 18 30 6
899 706 26 37 $.

179 762 130 36 Bidrag
333 773 46 20 av
402 763 196 31 statsmedel
622 765 119 35 utgår:

179 814 71 31 dels
283 815 77 31 med
394 815 131 36 belopp,
559 817 243 31 motsvarande
825 817 134 31 hälften
981 828 45 20 av
1049 818 65 30 den
1137 818 54 31 del
1215 829 45 20 av
1284 819 359 36 utdebiteringsbehov

135 866 128 31 mellan
298 866 41 31 30
370 867 62 31 och
456 868 41 30 60
520 870 58 29 öre
599 878 74 21 som
695 870 157 30 återstår,
875 869 105 31 sedan
1004 870 316 36 ränteavkastning,
1344 871 300 37 säkerhetstillägg

135 918 63 31 och
222 919 200 31 reservfond
446 919 213 37 disponerats
681 922 45 35 på
749 923 69 29 sätt
841 922 12 30 i
878 923 18 29 4
920 922 18 38 $
961 923 19 30 1
1003 922 63 31 och
1090 923 19 29 2
1133 932 101 21 mom.
1259 925 86 34 sägs,

179 970 71 32 dels
272 971 78 31 med
374 971 131 37 belopp,
529 973 242 31 motsvarande
794 975 51 29 tre
868 974 209 36 fjärdedelar
1098 985 46 20 av
1168 975 65 30 den
1249 975 54 31 del
1324 985 43 21 av
1383 976 260 36 utdebiterings-

135 1023 110 30 behov
279 1024 121 30 utöver
435 1024 41 30 60
511 1026 56 29 öre
601 1035 73 20 som
696 1027 158 35 återstår,
878 1026 104 31 sedan
1006 1027 315 37 ränteavkastning,
1345 1028 297 37 säkerhetstillägg

135 1075 61 30 och
221 1076 198 31 reservfond
443 1076 211 36 disponerats
676 1078 44 35 på
743 1080 68 29 sätt
834 1078 12 30 i
870 1079 19 30 4
924 1079 8 37 &
955 1079 18 30 1
998 1079 61 30 och
1084 1079 18 30 3
1127 1090 102 20 mom.
1254 1082 87 34 sägs.

179 1127 180 32 Storleken
393 1139 46 20 av
474 1129 167 36 utgående
669 1130 209 37 statsbidrag
903 1131 184 31 fastställes
1110 1142 45 20 av
1180 1132 460 36 försäkringsinspektionen.

135 1179 253 37 Statsbidraget
410 1181 212 31 utanordnas
645 1192 46 21 av
714 1183 253 31 statskontoret.

859 1279 69 38 7.8.

178 1345 108 37 Bolag
311 1356 83 21 vare
418 1347 155 36 skyldigt
596 1349 51 29 att
662 1348 182 36 disponera
860 1349 208 36 statsbidrag
1086 1351 46 34 så,
1148 1351 52 29 att
1216 1350 55 30 det
1293 1351 6 29 i
1316 1350 87 30 form
1420 1360 44 20 av
1481 1350 159 30 minskad

135 1398 233 36 utdebitering
404 1399 155 31 kommer
593 1399 362 38 försäkringstagarna
988 1402 93 30 inom
1117 1401 55 31 det
1207 1402 81 30 eller
1323 1402 40 31 de
1387 1402 56 30 län
1465 1402 55 30 till
1544 1402 96 36 godo,

135 1451 53 31 för
223 1451 97 31 vilka
355 1451 56 31 det
445 1453 138 30 avsetts.
629 1452 202 32 Detsamma
865 1454 88 31 skall
989 1454 93 36 gälla
1104 1455 13 30 i
1141 1455 99 36 fråga
1263 1465 55 20 om
1347 1455 128 36 belopp,
1499 1455 140 30 varmed

133 1503 141 36 jämlikt
298 1504 18 30 4
341 1504 17 38 $
381 1504 363 37 utdebiteringsbehov
769 1506 55 30 för
847 1508 48 29 ett
918 1506 82 31 eller
1023 1506 87 31 flera
1134 1507 59 30 län
1216 1507 232 36 nedbringats.

858 1603 18 30 8
900 1603 27 37 $.

178 1662 29 29 1.
253 1661 108 36 Bolag
385 1671 81 21 vare
489 1663 152 36 skyldigt
663 1665 52 29 att
738 1664 13 29 i
774 1664 77 30 sina
874 1664 127 30 villkor
1022 1664 54 30 för
1091 1664 63 30 här
1170 1664 124 31 avsedd
1312 1664 193 36 försäkring
1523 1665 115 35 intaga

134 1713 254 31 bestämmelser
422 1723 55 21 om
509 1715 51 31 att
590 1715 335 36 försäkringstagare
949 1716 88 30 skall
1060 1718 66 34 äga
1149 1717 70 29 rätt
1241 1718 61 34 att,
1326 1716 60 31 där
1409 1716 151 36 bolagets
1583 1726 57 21 an-

134 1764 146 36 tagande
314 1765 55 31 till
405 1766 333 37 försäkringsgivare
771 1767 196 37 återkallas,
990 1768 91 30 häva
1105 1768 340 36 försäkringsavtalet
1467 1771 88 28 samt
1578 1770 61 33 att,

133 1816 113 31 därest
270 1817 110 31 denna
403 1819 70 30 rätt
496 1818 31 36 ej
551 1818 197 37 begagnats,
764 1820 130 31 avtalet
910 1820 87 30 skall
1013 1820 154 36 upphöra
1182 1822 51 29 att
1249 1820 94 36 gälla
1358 1821 59 30 vid
1433 1821 205 35 tidpunkten

133 1869 53 30 för
209 1869 226 36 antagandets
458 1870 231 37 upphörande,
713 1872 91 30 ändå
826 1873 51 29 att
899 1872 130 31 avtalet
1052 1874 40 28 är
1115 1872 103 31 slutet
1242 1873 51 30 för
1316 1873 119 35 längre
1457 1872 61 31 tid.

177 1922 29 30 2.
253 1921 107 36 Bolag
383 1932 82 21 vare
488 1923 117 31 vidare
628 1924 154 36 skyldigt
804 1925 51 30 att
878 1924 11 30 i
913 1925 77 30 sina
1013 1924 125 30 villkor
1155 1924 53 31 för
1227 1925 62 30 här
1305 1924 121 31 avsedd
1444 1925 194 35 försäkring

132 1973 118 36 intaga
273 1973 252 32 bestämmelser
549 1975 128 37 därom,

174 2027 52 29 att
248 2026 196 36 försäkring
467 2027 32 36 ej
522 2028 57 30 må
602 2028 153 31 avslutas
778 2029 55 31 för
856 2029 135 31 kortare
1014 2029 50 31 tid
1087 2032 45 28 än
1157 2031 18 29 4
1199 2031 48 34 år,

174 2079 52 30 att
249 2078 253 37 försäkringsår
525 2080 88 31 skall
636 2081 242 31 sammanfalla
901 2081 77 32 med
1001 2082 257 36 räkenskapsår,

175 2132 50 29 att
240 2130 55 31 för
310 2131 197 37 försäkring
523 2133 89 30 skall
627 2133 93 36 gälla
735 2143 42 21 en
793 2134 177 31 karenstid
985 2144 44 20 av
1047 2135 40 29 20
1104 2134 116 36 dagar,
1234 2135 150 30 räknade
1396 2135 77 29 från
1486 2134 60 30 och
1560 2134 76 31 med

130 2181 112 37 dagen
276 2183 54 30 för
364 2184 258 36 försäkringens
654 2185 230 36 meddelande,
908 2185 83 31 dock
1014 2187 51 29 att
1088 2186 54 30 för
1166 2186 203 36 försäkring,
1393 2196 71 20 som
1488 2186 149 30 avslutes

129 2235 51 30 att
203 2234 99 31 träda
325 2236 12 29 i
360 2235 94 31 kraft
477 2236 208 32 omedelbart
708 2237 86 31 efter
817 2238 205 36 försäkring,
1047 2238 117 31 vilken
1188 2239 89 30 skall
1298 2239 152 35 upphöra
1473 2240 49 29 att
1545 2238 92 36 gälla

130 2287 43 34 på
194 2286 154 32 bestämd
376 2287 61 36 tid,
461 2288 74 31 icke
558 2289 88 30 skall
670 2290 126 30 räknas
818 2290 96 36 eljest
936 2290 213 31 föreskriven
1174 2291 184 35 karenstid,

173 2339 50 29 att
250 2339 127 35 premie
401 2339 53 31 för
482 2340 97 36 varje
601 2340 256 37 försäkringsår
879 2342 89 30 skall
991 2343 165 36 upptagas
1180 2343 12 29 i
1216 2343 144 30 förskott
1383 2343 92 31 inom
1499 2343 69 30 viss
1591 2352 44 21 av

128 2389 136 37 bolaget
297 2390 154 32 bestämd
475 2392 76 31 kort
574 2392 61 37 tid,
659 2393 126 32 räknat
807 2394 114 37 ifråga
943 2405 55 20 om
1022 2396 152 35 premien
1197 2396 54 30 för
1278 2395 107 31 första
1411 2395 224 36 försäkrings-

128 2443 74 30 året
236 2442 79 31 från
349 2443 257 38 försäkringens
639 2446 219 32 meddelande
893 2447 61 31 och
988 2447 211 31 beträffande
1233 2449 149 34 premien
1406 2448 53 30 för
1483 2447 152 37 följande

129 2494 254 37 försäkringsår
406 2496 78 31 från
508 2497 306 37 försäkringsårets
837 2499 131 37 början,
992 2502 88 29 samt
