1934 2850
289 184 244 32 Sammansatt
557 181 129 32 banko-
710 180 65 32 och
799 178 348 38 jordbruksutskotts
1172 173 188 34 utlåtande
1380 183 43 22 nr
1448 174 26 30 1.
1554 171 39 31 23

129 265 62 32 det
218 264 12 30 i
256 262 182 32 motionen
461 261 52 31 II:
529 260 66 31 473.
622 259 18 32 I
665 257 121 37 övrigt
813 257 66 31 har
906 255 173 32 utskottet
1104 254 118 31 ansett
1249 252 55 36 sig
1332 251 77 31 icke
1436 250 124 31 kunna
1586 248 50 31 bi-

132 316 107 32 träda
267 315 59 31 det
354 314 13 31 i
396 313 116 32 denna
539 311 135 31 motion
701 308 207 36 framlagda
937 307 183 35 förslaget,
1148 304 113 31 såvitt
1290 304 59 31 det
1377 311 103 23 avser
1510 297 125 44 ersätt-

133 368 183 35 ningsrätt
342 366 55 31 för
424 364 77 31 icke
528 361 183 33 ordinarie
736 359 176 39 personal.
960 356 57 34 Än
1042 357 140 31 mindre
1210 356 72 31 kan
1308 354 175 32 utskottet
1510 352 126 31 under-

130 418 122 37 stödja
273 418 60 31 det
354 418 13 30 i
389 416 181 31 motionen
591 414 51 32 II:
657 414 57 31 472
734 411 230 33 framställda
987 409 182 36 förslaget,
1192 407 112 32 vilket
1327 406 141 37 åsyftar
1490 413 146 28 synner-

131 471 99 36 ligen
257 471 103 34 långt
389 467 134 38 gående
551 466 65 31 och
643 465 219 31 kostsamma
890 461 263 36 förbättringar
1182 460 12 31 i
1223 459 249 31 förmånernas
1499 456 137 37 belopp.

174 522 82 31 Med
286 520 174 32 avseende
492 521 21 29 å
544 518 153 31 sättet
729 517 74 31 för
835 511 588 36 avskedsersättningens
1455 508 182 32 utbeta-

133 574 141 32 lande
307 573 119 31 finner
457 571 173 31 utskottet
659 570 42 31 de
731 568 78 32 skäl
841 565 298 36 beaktansvärda,
1170 574 75 22 som
1276 562 173 33 föranlett
1477 561 159 37 departe-

132 625 247 32 mentschefen
405 625 55 30 att
487 623 146 31 förorda
661 620 237 37 obligatorisk
924 619 160 31 livränta
1112 617 61 32 vid
1200 626 44 21 en
1272 614 190 37 tjänstetid
1490 624 45 21 av
1563 621 73 22 mer

129 681 52 29 än
200 678 18 30 9
240 678 50 31 år.
332 675 211 33 Emellertid
564 674 99 32 torde
685 673 66 31 fall
772 673 124 30 kunna
918 670 228 35 förekomma,
1169 669 45 31 då
1236 668 58 31 det
1313 667 112 31 måste
1447 675 91 21 vara
1557 673 80 28 syn-

134 729 163 36 nerligen
327 728 171 31 önskvärt
529 727 55 30 för
612 735 44 21 en
684 723 207 37 entledigad
921 720 360 37 befattningshavare
1310 720 55 30 att
1395 718 113 31 under
1538 716 100 32 tiden

134 783 162 30 närmast
326 780 91 31 efter
446 779 189 36 avgången
662 777 124 30 kunna
816 775 189 36 disponera
1035 774 50 30 ett
1115 772 89 31 visst
1234 770 298 37 engångsbelopp.
1582 768 55 31 En

134 832 268 38 uppmjukning
424 831 12 31 i
460 830 165 36 reglerna
650 829 55 31 för
731 825 420 36 avskedsersättningens
1176 822 228 36 utbetalning
1429 831 105 27 synes
1559 820 78 32 där-

135 885 56 31 för
218 894 89 21 vara
333 882 211 32 motiverad.
592 879 204 37 Härvidlag
823 879 101 31 torde
950 887 84 21 man
1061 877 88 31 dock
1176 876 78 31 icke
1282 877 89 28 utan
1396 873 202 32 förfelande
1625 872 13 30 i

130 936 182 32 avsevärd
332 936 83 30 mån
436 944 45 21 av
501 933 112 37 syftet
632 932 79 31 med
732 931 187 31 livräntan
939 930 122 30 kunna
1082 931 45 34 gå
1147 929 39 30 så
1206 928 103 35 långt
1329 936 76 21 som
1425 926 12 30 i
1458 925 180 31 motionen

134 988 52 32 II:
201 988 58 31 473
284 987 184 37 påyrkats.
513 985 103 31 Efter
640 982 251 37 övervägande
913 980 202 37 tillstyrker
1140 979 174 32 utskottet
1337 980 74 29 rätt
1436 978 55 31 för
1517 976 121 31 veder-

133 1039 157 31 börande
314 1037 360 36 befattningshavare
698 1036 54 30 att
779 1035 11 30 i
817 1035 105 35 fråga
946 1043 57 21 om
1028 1032 67 31 den
1119 1031 55 31 del
1198 1041 46 21 av
1269 1029 369 36 avskedsersättning-

130 1101 57 26 en,
209 1101 77 21 som
306 1091 203 30 motsvarar
531 1098 45 21 en
598 1087 129 35 årslön,
752 1086 99 36 välja
872 1084 133 32 mellan
1026 1082 289 38 engångsbelopp
1339 1081 64 31 och
1426 1076 170 45 livränta.

175 1143 81 31 Vad
288 1142 12 30 i
330 1140 268 38 propositionen
630 1139 140 30 anförts
800 1136 152 32 rörande
985 1136 152 30 sättet
1172 1135 73 30 för
1280 1132 271 32 beredande
1583 1140 54 21 av

130 1193 286 36 ersättning
439 1193 46 30 åt
510 1190 352 33 domänfonden
887 1189 55 31 för
964 1188 80 31 dess
1065 1186 192 32 kostnader
1282 1186 55 30 för
1363 1183 176 37 övertalig
1563 1192 75 27 per-

131 1247 104 31 sonal
258 1246 67 30 har
348 1245 77 31 icke
450 1244 91 36 givit
565 1243 174 31 utskottet
762 1240 194 36 anledning
979 1239 57 31 till
1059 1238 156 31 erinran.

175 1298 18 31 I
212 1298 106 36 fråga
336 1307 57 21 om
409 1292 460 35 antaletordinarie
889 1289 376 36 befattningari
1285 1288 145 32 åttonde
1449 1288 64 30 och
1530 1287 108 35 högre

132 1349 214 37 lönegrader
370 1348 62 31 vid
456 1346 254 33 domänverket
737 1345 82 31 från
842 1344 64 31 och
930 1343 80 32 med
1033 1343 67 31 den
1124 1343 16 28 1
1166 1340 146 38 januari
1337 1339 78 31 1934
1438 1338 200 36 tillstyrker

135 1402 174 31 utskottet
330 1400 105 32 bifall
457 1399 56 31 till
536 1398 133 36 Kungl.
692 1396 128 36 Maj:ts
844 1395 145 36 förslag.

176 1453 184 31 Utskottet
385 1452 65 30 har
475 1449 172 36 slutligen
671 1450 53 29 att
750 1450 86 34 taga
860 1445 223 37 ståndpunkt
1107 1444 58 32 till
1188 1444 59 31 det
1273 1442 146 37 förslag,
1444 1452 75 21 som
1543 1442 96 30 inne-

135 1505 114 31 fattas
281 1504 1 30 i
302 1502 304 32 motionerna
626 1500 123 32 I:304
769 1499 84 31 och
873 1497 160 32 I1:471.
1073 1496 109 31 Detta
1203 1494 136 37 förslag
1362 1495 64 35 går
1448 1496 39 29 ut
1509 1494 56 36 på,
1587 1495 53 29 att

137 1556 194 35 riksdagen
360 1554 114 31 skulle
501 1553 63 31 hos
592 1551 134 36 Kungl.
754 1550 112 36 Maj:t
894 1550 133 35 begära
1056 1547 117 32 beslut
1202 1557 45 21 av
1277 1546 183 35 innebörd,
1489 1546 54 30 att
1574 1545 66 31 den

134 1606 258 34 domänverket
416 1615 50 21 nu
490 1603 271 33 tillkommande
786 1600 259 37 befogenheten
1069 1598 231 32 beträffande
1325 1597 129 36 skogar
1480 1597 21 31 å
1527 1596 114 31 andra

133 1658 255 33 ecklesiastika
409 1656 175 32 boställen
605 1658 46 29 än
669 1652 280 39 prästboställen
966 1670 40 5 —
1025 1652 31 31 d.
1076 1661 32 21 v.
1130 1660 25 21 s.
1176 1649 281 37 biskopsjordar,
1478 1648 163 36 domkyr-

137 1707 451 40 kosysslomansboställen,
615 1704 333 36 klockarboställen,
974 1703 284 37 kyrkohemman
1285 1702 65 31 och
1377 1699 264 33 lektorsbostäl-

136 1763 59 31 len
216 1781 41 4 —
279 1760 115 32 skulle
416 1760 164 37 upphöra
603 1759 64 31 och
688 1756 253 33 motsvarande
966 1754 159 38 göromål
1149 1754 182 32 anförtros
1356 1753 37 31 åt
1417 1752 225 31 stiftsnämn-

138 1815 112 31 derna
271 1816 169 28 ävensom
462 1813 54 30 att
539 1810 194 36 riksdagen
754 1808 116 33 skulle
893 1807 149 36 vidtaga
1064 1807 68 31 den
1154 1805 190 37 jämkning
1367 1814 46 22 av
1435 1804 207 32 domänver-

138 1866 78 31 kets
240 1864 250 37 personalstat,
516 1872 75 21 som
616 1861 118 31 kunde
760 1859 165 38 påkallas
950 1869 47 21 av
1022 1860 51 30 ett
1099 1857 117 37 dylikt
1242 1856 126 32 beslut.
1415 1855 84 32 Med
1524 1855 118 31 anled-

138 1917 88 35 ning
252 1927 45 20 av
324 1916 98 31 detta
446 1914 162 37 yrkande
634 1912 136 32 tillåter
797 1912 55 35 sig
878 1910 173 32 utskottet
1078 1908 196 32 framhålla
1300 1910 64 34 att,
1390 1908 111 30 såvitt
1525 1906 117 31 utred-

138 1969 136 35 ningen
300 1967 101 36 giver
428 1965 62 32 vid
516 1965 142 31 handen
682 1982 41 5 —
748 1963 13 31 i
788 1963 99 31 detta
913 1961 173 32 avseende
1113 1959 173 32 hänvisas
1313 1959 109 31 bland
1448 1959 112 30 annat
1586 1958 58 31 till

139 2018 198 33 innehållet
362 2018 12 30 i
399 2015 311 36 kammarkollegii
735 2014 188 31 utlåtande
947 2013 12 31 i
984 2012 148 31 ärendet
1155 2030 40 4 —
1219 2012 52 30 ett
1295 2010 278 37 genomförande
1599 2019 44 21 av

139 2070 287 32 motionärernas
451 2067 137 36 förslag
612 2065 217 38 näppeligen
854 2064 114 32 skulle
992 2064 123 30 kunna
1140 2062 159 37 påverka
1326 2061 246 36 beräkningen
1599 2071 45 20 av

139 2123 69 31 den
229 2121 203 36 övertaliga
452 2119 230 37 personalens
704 2117 144 31 storlek.
891 2116 57 31 Av
970 2114 171 37 samtliga
1163 2113 252 32 ecklesiastika
1438 2113 130 36 skogar
1591 2114 54 29 ut-

140 2176 88 34 göra
254 2173 52 36 de,
332 2182 75 21 som
432 2171 77 31 icke
535 2173 63 28 äro
623 2169 244 37 prästskogar,
893 2167 126 32 endast
1044 2166 166 36 omkring
1236 2165 69 35 2'/s
1332 2167 155 35 procent,
1514 2165 132 31 räknat

139 2225 94 31 efter
259 2224 99 31 areal
384 2222 197 38 produktiv
607 2221 111 31 mark.
764 2220 127 31 Denna
914 2219 110 31 siffra
1050 2221 40 28 är
1115 2228 45 20 av
1188 2218 68 31 den
1282 2217 106 36 ringa
1414 2216 231 31 storleksord-

141 2276 98 35 ning,
258 2276 54 29 att
331 2274 66 31 den
414 2273 61 31 vid
493 2283 43 21 en
553 2272 199 35 beräkning
772 2282 45 20 av
837 2269 235 32 förevarande
1091 2271 57 28 art
1167 2268 99 31 torde
1287 2268 74 31 helt
1382 2268 88 30 falla
1488 2268 97 29 inom
1602 2277 42 20 en

139 2326 118 36 skälig
278 2322 410 37 beräkningsmarginal,
713 2322 64 30 och
801 2322 78 30 dess
900 2320 221 36 tilläggande
1146 2319 86 30 eller
1256 2318 267 36 fråndragande
1547 2317 99 31 torde

141 2378 108 31 alltså
273 2376 77 31 icke
376 2375 122 31 kunna
524 2373 159 36 påverka
709 2372 294 36 personalstaten.
1050 2370 70 31 Vid
1145 2370 129 30 sådant
1301 2369 225 31 förhållande
1552 2368 95 30 lärer

141 2429 67 31 den
230 2429 11 30 i
263 2426 224 31 motionerna
507 2424 150 31 berörda
680 2424 131 34 frågan
834 2423 76 30 icke
932 2421 195 36 lämpligen
1148 2421 87 30 böra
1259 2431 46 19 av
1327 2419 192 35 riksdagen
1542 2421 105 34 göras

144 2479 54 31 till
222 2478 150 32 föremål
393 2477 55 30 för
468 2475 179 37 prövning
667 2475 10 30 i
699 2485 46 20 nu
769 2472 234 32 förevarande
1026 2472 271 35 sammanhang.
1341 2470 95 31 Utan
1458 2471 53 30 att
1531 2470 84 35 ingå
1635 2469 12 30 i
