1832 2786
241 152 39 29 74
571 156 286 32 Statsutskottets
884 158 177 32 utlåtande
1087 170 43 20 nr
1157 162 61 29 102
1243 162 39 29 år
1309 163 82 29 1957

237 232 45 38 på
309 235 102 32 orter,
439 234 62 30 där
528 236 149 39 verkligt
704 237 77 29 svår
808 237 231 32 bostadsbrist
1067 240 112 30 råder.
1207 242 52 28 En
1286 243 126 39 onödig
1440 244 218 40 utbetalning
1685 255 42 20 av

238 285 442 34 arbetslöshetsunderstöd
702 290 82 30 eller
805 300 43 20 en
869 301 96 21 mera
987 293 175 30 artificiell
1185 295 265 40 sysselsättning
1472 297 44 39 på
1538 300 103 32 orter,
1664 299 63 29 där

236 337 104 39 ingen
362 339 232 32 bostadsbrist
616 342 111 35 råder,
751 344 113 30 skulle
885 345 44 29 då
951 345 121 30 kunna
1094 347 184 30 undvikas.
1302 349 175 30 Utskottet
1500 351 38 28 är
1561 351 164 30 förvissat

236 399 66 26 om,
329 394 50 28 att
404 393 601 43 arbetsmarknadsmyndigheterna
1031 399 221 40 fortlöpande
1278 402 107 38 ägnar
1410 404 315 38 uppmärksamhet

235 444 36 29 åt
297 445 95 30 detta
417 447 168 38 problem,
612 458 81 20 men
720 450 170 31 utskottet
916 451 93 30 inser
1035 453 108 29 också
1169 454 41 29 de
1238 454 221 40 svårigheter,
1489 466 74 20 som
1590 458 38 29 är
1656 458 69 30 för-

234 496 176 40 knippade
435 500 78 29 med
539 510 43 20 en
608 500 136 41 lösning
769 512 42 20 av
836 503 204 31 detsamma.
1067 506 177 31 Utskottet
1269 508 155 30 ansluter
1450 510 51 38 sig
1525 510 121 30 därför
1672 512 51 29 till

233 550 172 38 yrkandet
428 554 11 28 i
461 553 220 31 motionerna
704 556 28 29 I:
748 555 64 31 459
835 557 66 29 och
924 558 45 29 II:
985 558 74 34 580,
1083 561 51 28 att
1157 569 42 20 en
1223 561 298 41 snabbutredning
1544 573 42 20 av
1609 564 113 30 denna

234 602 98 40 fråga
359 605 62 29 bör
451 606 69 34 ske,
550 608 66 28 och
644 617 111 26 anser,
785 611 50 28 att
863 610 121 30 därvid
1012 615 159 36 experter
1200 613 80 30 från
1307 614 416 40 byggnadsarbetsmark-

232 656 133 31 nadens
385 661 127 36 parter,
534 660 372 33 kommunförbunden
928 665 64 29 och
1014 665 465 42 arbetsmarknadsorganen
1500 670 63 29 bör
1584 671 137 29 anlitas.

278 710 12 28 I
311 711 217 31 motionerna
551 713 28 29 I:
596 713 60 30 431
679 716 63 28 och
765 716 44 28 II:
826 716 61 29 541
909 717 64 29 har
993 719 132 38 yrkats,
1147 722 50 27 att
1218 721 147 29 statslån
1386 722 88 29 skall
1495 723 122 30 kunna
1639 724 81 39 utgå

231 762 86 30 även
340 764 52 29 till
414 764 290 42 bostadsföretag,
728 768 54 29 för
804 769 95 30 vilka
920 770 66 30 den
1008 773 228 36 garanterade
1260 774 126 29 räntan
1408 775 55 29 för
1485 776 235 30 bottenkredi-

231 817 98 28 terna
347 817 88 29 skall
450 818 90 39 ligga
556 829 44 20 en
616 824 143 35 procent
775 822 106 39 högre
898 824 44 28 än
958 824 65 29 vad
1039 825 10 28 i
1065 826 112 38 övrigt
1193 826 106 39 enligt
1315 827 405 40 departementschefens

231 868 130 40 förslag
381 871 87 29 skall
488 872 91 38 gälla
597 873 55 30 för
672 875 256 31 statsbelånade
946 877 76 30 hus.
1042 878 78 29 Med
1139 879 188 40 anledning
1344 881 109 30 härav
1470 883 59 28 vill
1549 884 171 29 utskottet

229 921 197 36 framhålla,
452 927 50 27 att
526 935 44 20 en
595 935 43 21 av
662 927 41 30 de
728 928 245 39 angelägnaste
999 932 224 38 uppgifterna
1249 933 95 30 inom
1369 935 315 40 bostadspolitiken
1709 938 11 28 i

229 977 201 29 nuvarande
450 977 75 40 läge
545 979 112 30 måste
677 990 82 20 vara
780 984 51 27 att
853 983 84 29 söka
957 984 119 39 uppnå
1096 985 111 30 ökade
1228 986 120 40 bidrag
1368 988 53 29 till
1443 988 275 41 finansieringen

228 1037 42 20 av
293 1038 67 30 nya
382 1029 279 42 bostadsbyggen
683 1034 45 39 på
751 1038 108 27 annat
883 1037 68 29 sätt
974 1038 44 28 än
1042 1037 81 30 från
1146 1039 67 29 den
1238 1040 137 39 statliga
1398 1041 320 41 kapitalbudgeten.

227 1081 93 29 Från
339 1083 114 30 denna
473 1086 181 38 synpunkt
673 1087 115 30 finner
808 1089 171 30 utskottet
998 1090 404 40 departementschefens
1422 1095 131 39 förslag
1572 1106 57 20 om
1648 1097 69 29 viss

227 1135 247 39 räntegaranti,
503 1138 112 30 ehuru
643 1140 45 38 på
715 1150 44 20 en
785 1141 106 39 högre
919 1143 80 29 nivå
1027 1145 45 28 än
1100 1145 66 29 vad
1195 1155 74 20 som
1299 1147 88 29 skall
1414 1149 90 37 gälla
1533 1149 54 29 för
1617 1152 101 28 stats-

225 1186 167 32 belånade
417 1189 77 35 hus,
520 1191 56 30 för
600 1192 134 30 botten-
758 1195 66 28 och
850 1195 332 32 sekundärkrediter
1206 1199 52 29 till
1284 1200 220 35 bostadshus,
1532 1211 74 21 som
1631 1213 86 30 upp-

226 1240 93 30 föres
341 1242 72 31 helt
436 1245 85 28 utan
545 1245 139 39 statliga
707 1246 68 35 lån,
799 1257 75 20 mer
897 1249 325 33 tillfredsställande
1245 1253 44 29 än
1312 1253 57 30 det
1392 1263 42 20 av
1455 1256 261 30 motionärerna

224 1293 197 41 framlagda
439 1296 177 40 förslaget.
635 1299 64 30 Det
718 1309 121 22 senare
859 1311 102 30 synes
979 1303 74 30 icke
1077 1304 5 29 i
1100 1305 195 30 nämnvärd
1314 1308 83 37 grad
1415 1308 169 30 innebära
1601 1310 114 39 någon

225 1347 186 31 stimulans
439 1350 51 29 till
520 1351 111 30 ökade
660 1354 159 29 enskilda
847 1355 121 40 bidrag
997 1357 51 29 till
1077 1358 431 42 bostadsfinansieringen.
1539 1363 176 30 Utskottet

224 1408 101 22 anser
354 1401 89 30 dock
471 1404 76 30 värt
576 1407 51 27 att
656 1406 178 40 överväga,
864 1417 57 21 om
950 1409 75 30 icke
1054 1411 138 30 mindre
1222 1413 138 39 statliga
1389 1415 182 30 tertiärlån
1602 1417 112 29 skulle

223 1453 120 31 kunna
364 1455 177 31 utlämnas
562 1458 116 30 såsom
699 1469 42 20 en
762 1460 365 33 försöksverksamhet
1148 1466 87 29 även
1255 1466 51 29 till
1329 1467 130 30 sådana
1479 1469 235 31 bostadsföre-

222 1507 67 38 tag,
316 1517 74 20 som
414 1509 11 29 i
449 1510 112 39 övrigt
586 1511 125 40 bygges
736 1513 107 40 enligt
868 1515 404 39 departementschefens
1297 1529 88 20 ovan
1409 1521 194 40 åberopade
1628 1524 86 29 rikt-

222 1559 114 39 linjer.
362 1561 126 39 Dylika
512 1564 138 30 mindre
675 1567 182 29 tertiärlån
881 1568 105 31 borde
1011 1570 10 29 i
1047 1570 38 30 så
1109 1571 62 29 fall
1196 1572 75 30 icke
1297 1574 122 38 utgöra
1442 1584 75 20 mer
1542 1577 45 28 än
1611 1577 101 39 högst

225 1613 38 29 10
283 1614 30 33 Zz
348 1624 42 20 av
418 1615 57 30 det
504 1616 200 32 fastställda
732 1620 314 39 belåningsvärdet,
1076 1625 65 28 och
1172 1626 127 29 räntan
1327 1627 44 38 på
1400 1627 180 31 desamma
1609 1630 62 29 bör
1700 1630 10 28 i

221 1668 201 29 nuvarande
445 1669 74 39 läge
541 1680 84 20 vara
649 1672 17 28 5
686 1672 47 33 4.
757 1673 13 28 I
793 1674 113 39 övrigt
929 1675 115 30 finner
1067 1677 76 30 icke
1168 1679 169 30 utskottet
1360 1681 219 30 motionerna
1602 1683 29 29 I:
1648 1683 58 30 431

219 1720 65 28 och
307 1720 44 29 II:
368 1721 60 29 541
452 1722 141 38 påkalla
615 1725 114 39 någon
751 1727 206 39 riksdagens
979 1729 132 39 åtgärd.
1135 1731 78 29 Icke
1235 1732 108 30 heller
1364 1734 154 30 biträder
1540 1736 170 30 utskottet

220 1772 11 28 i
250 1781 116 22 annan
385 1775 82 29 mån
486 1777 44 28 än
548 1777 67 29 vad
636 1787 74 20 som
730 1779 155 39 framgår
904 1790 43 21 av
964 1782 56 30 det
1039 1792 90 20 ovan
1148 1785 105 38 sagda
1271 1786 41 29 de
1332 1786 10 29 i
1361 1788 220 30 motionerna
1600 1790 29 29 1:
1646 1790 61 29 461

217 1825 66 29 och
308 1826 44 29 II:
370 1827 63 30 579
459 1828 196 32 framförda
681 1831 175 40 förslagen
882 1834 51 29 till
957 1834 228 42 jämkningar
1209 1838 11 29 i
1245 1839 125 39 Kungl.
1396 1841 124 38 Maj:ts
1545 1851 163 31 program

219 1878 54 29 för
292 1879 359 42 bostadsbyggandets
671 1885 222 41 omfattning.

262 1932 225 32 Beträffande
509 1935 243 41 fördelningen
774 1949 42 19 av
837 1940 41 29 de
900 1941 52 29 till
973 1942 358 41 bostadsbyggandets
1353 1946 206 40 förfogande
1582 1950 125 29 ställda

218 1985 138 39 statliga
375 1987 201 31 krediterna
595 1989 117 31 finner
732 1993 171 30 utskottet
923 1995 56 29 det
998 1995 196 41 berättigat,
1215 2000 50 28 att
1284 1999 115 30 denna
1419 2001 79 29 sker
1517 2002 44 39 på
1583 2002 124 31 sådant

218 2038 77 34 sätt,
318 2042 50 27 att
389 2040 195 39 byggandet
605 2043 67 29 blir
694 2045 36 29 så
753 2047 87 28 stort
864 2056 74 20 som
960 2049 137 39 möjligt
1119 2051 112 29 under
1252 2052 307 40 hänsynstagande
1582 2056 51 29 till
1656 2059 50 27 att

214 2090 146 31 behovet
383 2102 42 21 av
445 2094 306 40 hyreslägenheter
773 2100 65 28 och
861 2101 296 39 angelägenheten
1179 2106 50 27 att
1251 2105 110 39 bygga
1383 2106 54 30 för
1459 2107 246 41 barnfamiljer

215 2145 77 29 med
317 2145 214 39 begränsade
556 2149 194 31 inkomster
775 2152 166 40 lämpliga
965 2155 64 29 och
1054 2156 236 40 överkomliga
1315 2159 162 30 bostäder
1501 2161 76 30 icke
1602 2163 104 29 efter-

216 2198 115 29 sättes.
359 2199 123 31 Denna
507 2202 138 40 princip
673 2203 61 30 bör
761 2205 11 29 i
799 2205 266 39 ifrågavarande
1094 2211 169 29 avseende
1290 2221 82 20 vara
1399 2214 213 38 vägledande
1639 2217 65 28 och

213 2250 75 30 icke
311 2252 165 38 politiska
499 2254 83 30 eller
606 2256 109 30 andra
738 2257 138 40 hänsyn
899 2260 52 29 till
975 2261 66 29 den
1065 2271 65 20 ena
1153 2263 82 30 eller
1258 2265 110 30 andra
1390 2266 313 40 företagsformens

212 2303 203 31 intressen.»

257 2356 72 30 dels
348 2359 64 28 ock
432 2360 114 30 nedan
566 2362 155 30 nämnda
740 2367 156 28 moment
915 2366 11 29 i
946 2367 189 31 utskottets
1154 2369 210 32 hemställan
1383 2373 77 29 bort
1480 2374 45 29 ha
1545 2370 156 49 följande

211 2409 144 39 lydelse:
