2224 2658
408 176 41 31 22
616 173 117 32 Första
758 171 201 33 kammarens
982 167 134 35 första
1140 167 168 42 tillfälliga
1331 166 130 33 utskotts
1483 166 163 33 utlåtande
1669 167 53 32 Nr
1745 167 56 32 22.

409 265 132 34 antalet
562 264 59 34 fall
640 263 75 34 icke
735 262 174 34 tillställas
929 261 97 42 varje
1046 260 214 43 tjänsteman
1279 258 139 33 särskilt
1430 261 87 30 utan
1530 258 123 33 endast
1668 257 111 34 finnas
1796 257 215 44 tillgängliga

409 314 19 31 å
441 311 375 33 konduktörsrummen
817 300 17 52 i
855 311 51 30 ett
920 307 51 33 för
984 306 195 33 sektionens
1193 304 160 43 samtliga
1365 304 219 43 tågpersonal
1597 307 213 39 gemensamt
1823 304 184 42 exemplar.

410 358 183 32 Dessutom
610 355 173 33 innehålla
801 354 40 33 de
858 353 141 43 tryckta
1016 350 326 43 ordersamlingarne
1361 350 97 32 order
1474 349 53 33 till
1544 349 68 33 alla
1628 361 147 32 grupper
1792 360 43 22 av
1851 349 159 43 personal

410 403 62 33 och
490 402 146 33 rörande
655 400 45 33 all
718 399 119 44 möjlig
854 397 276 45 järnvägstjänst
1147 400 87 29 utan
1253 399 54 29 att
1326 397 112 41 någon
1456 406 73 22 som
1548 395 90 33 helst
1656 394 210 44 uppdelning
1884 406 124 32 grupp-

408 448 52 33 vis
479 459 43 22 av
541 448 144 32 orderna
703 446 120 40 finnes,
843 448 51 30 ett
912 443 213 33 förhållande
1143 452 73 22 som
1234 446 60 38 gör
1311 441 98 32 dessa
1427 440 284 43 ordersamlingar
1727 441 80 32 hart
1824 446 61 27 när
1902 440 106 42 omöj-

407 494 69 43 liga
500 497 54 29 att
577 492 11 33 i
611 492 156 43 tjänsten
789 491 166 43 begagna.

1056 579 65 33 III.
1170 579 101 34 Order
1292 580 73 32 600.

498 675 248 42 Oppositionen
763 677 74 28 mot
855 673 112 32 denna
984 671 98 33 order
1097 671 63 32 har
1177 670 91 33 ända
1284 670 106 32 sedan
1408 670 75 32 dess
1499 669 171 32 tillkomst
1686 669 92 32 varit
1795 668 215 43 synnerligen

409 721 95 32 stark
517 720 106 32 bland
635 718 201 43 personalen
849 717 63 32 och
925 717 29 41 ej
969 716 106 31 minst
1086 715 106 31 bland
1205 715 65 31 den
1283 714 145 32 åkande.
1478 715 67 30 Det
1557 715 54 30 må
1625 714 197 41 visserligen
1835 713 176 42 medgivas

410 769 54 31 att
485 777 44 22 av
550 776 42 22 en
612 764 58 33 väl
691 762 150 35 avlönad
861 761 214 44 tjänsteman
1096 759 79 34 med
1195 762 94 31 rätta
1309 759 70 33 kan
1400 758 132 33 fordras
1553 769 41 22 en
1615 758 66 43 god
1703 757 308 44 arbetsprestation

409 811 97 33 såväl
531 810 205 33 kvalitativt
762 819 73 22 som
862 806 244 40 kvantitativt,
1134 816 79 22 men
1241 804 234 43 fordringarne
1501 807 44 40 på
1573 804 172 42 mängden
1772 815 43 21 av
1842 806 170 40 presterat

411 857 116 32 arbete
548 856 33 32 få
601 855 29 42 ej
653 854 115 33 drivas
787 855 37 31 så
843 853 107 42 långt,
972 855 54 29 att
1044 861 82 22 vare
1145 850 51 42 sig
1214 850 285 32 beskaffenheten
1519 860 43 21 av
1582 849 59 32 det
1660 849 197 42 presterade
1877 849 135 32 arbetet

410 901 80 33 eller
507 900 217 44 personalens
744 897 294 43 arbetsduglighet
1055 895 85 33 lider
1159 895 117 40 därav,
1296 894 90 33 helst
1403 894 60 32 vid
1482 894 159 33 tillfällen
1659 904 72 22 som
1752 894 108 40 detta,
1881 894 43 32 då
1943 896 68 30 tra-

411 946 254 34 fiksäkerheten
684 945 210 41 vedervågas
915 942 208 42 därigenom.
1170 941 64 31 Att
1254 942 36 31 så
1310 939 189 33 emellertid
1519 945 37 27 är
1576 939 95 32 fallet
1690 938 59 33 vid
1768 939 244 42 tillämpandet

411 1003 43 22 av
469 991 99 33 order
580 991 75 40 600,
671 995 37 28 är
722 1000 41 22 en
777 988 128 33 allmän
919 988 63 32 och
996 986 148 43 stadgad
1157 985 227 43 uppfattning
1396 985 93 32 inom
1505 985 65 32 den
1585 984 53 33 del
1652 995 44 22 av
1708 984 213 43 personalen,
1937 994 73 22 som

409 1037 36 33 vi
467 1036 183 40 företräda,
672 1035 123 32 liksom
816 1034 52 32 för
888 1032 114 43 övrigt
1022 1037 88 28 även
1130 1031 105 32 bland
1255 1030 158 44 personal
1434 1040 43 22 av
1498 1030 108 32 andra
1625 1040 158 32 grupper.
1830 1029 66 32 Att
1916 1033 94 29 över-

412 1081 247 43 ansträngning
680 1080 177 42 föreligger
878 1079 119 32 därom
1018 1077 134 32 vittnar
1172 1077 115 32 bättre
1309 1081 45 27 än
1375 1077 106 40 något
1502 1078 108 30 annat
1631 1075 41 32 de
1693 1076 126 41 många
1839 1074 173 42 klagomål

410 1133 83 28 över
506 1125 191 35 försämrad
710 1125 106 40 hälsa,
832 1135 74 22 som
920 1126 111 30 möter
1044 1133 42 22 en
1098 1132 73 31 var,
1185 1121 118 33 vilken
1316 1121 99 32 söker
1428 1125 82 38 göra
1524 1131 41 22 en
1578 1119 185 43 utredning
1776 1130 44 22 av
1835 1119 97 33 dessa
1946 1119 65 33 för-

410 1172 196 33 hållanden.
654 1170 42 32 Vi
711 1175 58 27 äro
782 1170 74 31 icke
870 1169 11 31 i
895 1168 133 32 tillfälle
1043 1171 54 28 att
1111 1178 45 20 nu
1171 1167 116 32 lämna
1301 1177 42 21 en
1356 1166 243 31 uttömmande
1613 1165 194 41 utredning,
1823 1164 11 32 i
1847 1164 70 32 vad
1930 1166 82 30 mån

411 1216 231 44 sjukligheten
658 1214 106 33 bland
782 1214 65 32 den
865 1212 134 34 åkande
1016 1211 201 43 personalen
1234 1210 106 43 stigit,
1359 1210 106 32 sedan
1483 1210 98 32 order
1597 1209 64 33 600
1678 1209 142 42 började
1837 1208 175 43 tillämpas

415 1263 90 41 (från
527 1261 63 33 och
613 1260 79 33 med
707 1259 273 33 vinterhalvåret
997 1257 185 41 1909—10;
1201 1256 122 33 ordern
1338 1255 228 33 underskrevs
1584 1254 54 43 ?9/;
1657 1254 114 42 1909);
1789 1254 108 33 likaså
1913 1254 98 32 torde

410 1309 44 42 på
476 1307 111 43 grund
608 1316 44 22 av
674 1306 66 32 den
761 1304 141 33 relativt
922 1303 97 42 ringa
1039 1302 53 32 tid
1114 1302 121 32 ordern
1256 1301 92 32 varit
1369 1300 168 43 gällande,
1561 1300 169 42 följderna
1752 1310 44 22 av
1817 1299 67 32 den
1906 1299 107 32 därav

411 1351 243 43 obestridligen
671 1350 136 33 vållade
825 1347 374 43 överansträngningen
1217 1346 29 42 ej
1267 1351 91 28 ännu
1376 1346 11 31 i
1405 1348 36 30 så
1459 1346 68 41 hög
1539 1345 94 42 grad,
1648 1355 73 22 som
1734 1345 70 32 kan
1817 1347 126 30 väntas
1956 1354 56 22 om

411 1399 106 41 något
536 1399 47 38 år,
603 1397 92 32 hava
713 1398 90 30 trätt
821 1394 10 32 i
851 1394 120 42 dagen,
992 1403 79 22 men
1089 1392 60 33 fall
1168 1402 44 22 av
1232 1390 341 43 överansträngning,
1593 1390 246 32 konstaterade
1859 1399 45 23 av
1922 1389 90 42 järn-

410 1443 227 42 vägsläkaren
654 1441 11 31 i
684 1440 200 42 Falköping,
904 1439 85 40 visa,
1009 1442 54 28 att
1080 1437 87 32 talet
1186 1447 54 22 om
1260 1436 331 42 överansträngning
1609 1435 76 32 från
1702 1434 219 44 personalens
1939 1434 75 33 sida

411 1488 75 33 icke
509 1493 38 27 är
570 1486 172 42 obefogat.

499 1532 68 33 Vid
593 1532 108 32 första
724 1529 169 44 påseende
908 1529 70 32 kan
992 1529 37 42 ju
1045 1528 123 32 kravet
1183 1529 44 40 på
1243 1527 65 32 260
1322 1526 157 32 timmars
1494 1525 232 43 tjänstgöring
1740 1536 41 31 pr
1795 1524 129 33 månad
1938 1524 74 33 icke

412 1577 155 34 förefalla
586 1578 36 31 så
642 1575 216 43 synnerligen
877 1577 100 29 stort.
1020 1572 200 33 Emellertid
1239 1574 57 30 må
1315 1571 249 42 ihågkommas,
1586 1574 54 29 att
1660 1571 66 32 den
1746 1570 134 33 åkande
1899 1580 113 32 perso-

412 1623 117 33 nalens
549 1620 241 44 tjänstgöring,
813 1619 106 43 enligt
939 1619 66 33 den
1024 1617 227 44 uppfattning
1270 1617 205 32 författarne
1496 1626 43 22 av
1560 1616 98 32 order
1677 1615 64 33 600
1761 1615 87 41 haft,
1864 1620 37 28 är
1914 1625 44 22 av
1971 1625 42 22 en

412 1667 217 43 synnerligen
647 1665 173 33 skiftande
839 1665 63 31 och
921 1663 186 43 egenartad
1125 1666 112 29 natur.
1285 1662 54 32 Av
1359 1662 97 32 dessa
1474 1661 65 32 260
1556 1661 140 31 timmar
1714 1660 97 32 skola
1829 1659 182 43 nämligen,

412 1713 109 33 såvitt
547 1711 125 43 görligt
698 1715 47 36 är,
765 1710 64 32 230
846 1709 141 32 timmar
1003 1718 84 22 vara
1104 1718 26 22 s.
1149 1708 33 31 k.
1201 1705 243 41 tidtabellstid,
1464 1706 32 32 d.
1515 1717 33 22 v.
1568 1716 25 22 s.
1613 1709 140 39 utgöras
1772 1715 43 22 av
1834 1705 66 32 den
1917 1704 11 32 i
1945 1704 65 33 tid-

411 1757 151 34 tabellen
587 1757 52 32 för
662 1758 104 40 tågen
791 1754 196 33 fastställda
1011 1752 195 44 gångtiden.
1256 1752 106 33 Detta
1387 1751 142 40 medför,
1556 1754 54 29 att
1634 1761 73 22 som
1732 1749 132 43 verklig
1887 1749 124 43 tjänst-

412 1803 120 42 göring
552 1802 73 32 icke
648 1801 205 32 medräknas
875 1798 163 43 uppehåll
1059 1800 20 30 å
1101 1797 214 33 främmande
1338 1796 140 40 station,
1502 1798 36 30 så
1561 1799 97 29 snart
1680 1796 98 31 detta
1800 1795 213 32 överskrider

413 1849 20 31 2
449 1848 151 32 timmar.
636 1846 72 33 Och
725 1844 137 33 likvisst
878 1843 105 43 ligger
1000 1843 66 33 den
1083 1842 135 33 åkande
1234 1841 185 43 pesonalen
1436 1841 43 32 då
1496 1840 11 32 i
1524 1851 123 22 reserv.
1683 1840 226 42 Tjänsteman
1926 1839 85 32 skall

413 1892 172 43 nämligen
602 1891 92 33 hålla
711 1890 51 42 sig
778 1889 11 32 i
807 1889 188 42 beredskap
1016 1891 54 29 att
1087 1887 138 33 inträda
1242 1887 10 32 i
1270 1885 232 44 tjänstgöring
1519 1886 125 32 fortast
1661 1885 137 42 möjligt
1816 1885 85 32 efter
1917 1884 95 42 ingå-

414 1949 64 32 gen
500 1938 107 39 order,
629 1937 70 31 han
720 1935 86 32 skall
826 1934 185 43 uppehålla
1031 1933 51 42 sig
1101 1932 11 32 i
1132 1931 412 43 överliggningsrummet,
1567 1941 55 21 om
1644 1931 126 32 sådant
1791 1929 119 41 finnes,
1932 1929 81 33 eller

415 1984 98 41 eljest
537 1984 19 31 å
581 1982 102 42 plats,
709 1991 72 22 som
807 1990 44 22 av
875 1979 128 33 befälet
1028 1977 136 33 anvisas
1188 1977 138 33 honom.
1377 1977 78 32 Han
1480 1981 37 28 är
1540 1975 131 33 således
1695 1975 140 32 bunden
1858 1974 60 33 vid
1942 1974 70 33 viss

415 2028 101 43 plats,
537 2027 29 42 ej
587 2026 105 33 heller
709 2026 70 32 kan
797 2025 69 32 han
884 2024 156 43 påräkna
1059 2026 54 29 att
1131 2022 140 42 åtnjuta
1290 2023 112 41 någon
1421 2021 69 32 vila
1508 2021 109 32 under
1635 2021 116 42 längre
1771 2019 240 43 daguppehåll,

417 2074 43 32 då
480 2074 70 31 han
571 2072 29 42 ej
625 2082 116 22 ensam
764 2069 198 43 disponerar
981 2068 146 33 lokalen.

504 2118 131 33 Genom
661 2117 97 32 dessa
782 2115 227 41 nödtvungna
1032 2112 163 44 uppehåll
1218 2111 126 34 mellan
1368 2110 400 44 arbetsprestationerna,
1793 2110 110 33 under
1918 2109 95 33 vilka

416 2162 202 44 personalen
645 2161 87 32 dock
761 2165 37 28 är
824 2160 140 32 bunden
990 2158 60 33 vid
1076 2157 69 33 viss
1170 2157 102 43 plats,
1291 2157 62 32 och
1370 2167 73 22 som
1459 2156 188 42 ingalunda
1661 2156 118 32 kunna
1795 2155 126 32 räknas
1937 2165 73 21 som

416 2207 123 33 vilotid
564 2207 11 32 i
600 2205 149 44 egentlig
773 2204 147 42 mening,
942 2203 167 43 uppdelas
1131 2202 112 33 denna
1256 2201 174 44 personals
1447 2200 169 33 arbetstid
1631 2201 73 32 ofta
1717 2200 10 32 i
1742 2211 41 22 en
1797 2199 128 43 mängd
1939 2201 72 31 små

416 2253 166 43 perioder,
600 2252 110 32 vilket
728 2249 260 43 nödvändiggör
1005 2259 42 22 en
1060 2247 144 34 oerhörd
1218 2247 79 43 lång
1309 2247 186 32 bortovaro
1510 2246 75 32 från
1598 2246 151 32 hemmet
1763 2245 52 32 för
1829 2248 54 29 att
1895 2246 117 41 uppnå

419 2298 66 32 den
508 2308 43 22 av
570 2297 98 32 order
685 2296 65 32 600
768 2295 158 32 fordrade
946 2292 354 44 arbetsprestationen
1317 2303 60 31 per
1394 2291 138 33 månad.
