2228 2686
405 184 18 31 2
633 188 100 30 Andra
757 188 191 32 Kammarens
975 191 166 39 Tillfälliga
1168 193 124 30 Utskotts
1317 195 69 35 (N:o
1410 197 30 35 1)
1468 196 150 31 Utlåtande
1641 198 57 31 N:o
1723 200 51 29 15.

404 266 181 51 uppgifna
628 269 67 36 och
738 270 188 38 bestämda
968 271 66 37 fall
1063 272 45 50 på
1137 274 173 50 lämpligt
1338 279 68 33 sätt
1435 278 234 46 antecknadt,
1699 279 61 37 till
1789 280 210 52 Riksdagen

402 322 191 36 inkomma
622 324 84 37 med
735 324 61 37 det
824 324 147 52 förslag,
1000 328 151 36 hvartill
1181 329 243 51 utredningen
1452 332 70 36 kan
1551 331 228 51 föranleda»;

510 382 55 31 att
606 378 84 37 herr
731 379 40 36 P.
816 380 178 38 Pehrsson
1036 382 12 35 i
1085 374 158 58 Österby
1273 385 11 35 i
1326 386 140 36 motion
1494 400 57 23 n:o
1586 390 70 36 129
1688 388 199 48 hemställt,
1922 394 77 34 »att

402 431 210 51 Riksdagen
640 432 113 38 måtte
782 434 12 35 i
822 434 191 38 skrifvelse
1041 437 59 35 till
1130 437 138 50 Kungl.
1298 439 102 50 Maj:t
1428 440 159 47 anhålla,
1615 442 62 37 det
1696 444 140 36 täcktes
1855 440 143 60 Kungl.

402 486 106 49 Maj:t
547 487 150 50 vidtaga
739 487 222 53 erforderlig
998 489 142 51 åtgärd,
1186 493 58 36 för
1286 498 54 31 att
1373 507 109 24 mom.
1514 498 18 35 7
1565 496 13 36 i
1606 496 133 51 nådiga
1769 497 144 39 brefvet
1940 500 60 36 till

400 542 174 49 samtliga
616 541 228 38 hofrätterna
886 544 69 36 den
1003 548 42 35 17
1091 546 156 37 oktober
1294 550 111 43 1778,
1448 549 250 39 innefattande
1740 552 172 38 tillåtelse
1941 552 60 39 för

400 595 286 38 barnaföderska
729 603 54 31 att
827 599 238 50 undandraga
1104 601 54 49 sig
1197 606 53 32 att
1293 603 180 49 uppgifva
1516 605 62 36 sitt
1610 618 110 25 namn
1749 607 69 36 och
1846 607 152 39 därmed

400 651 358 50 sammanhängande
789 653 282 46 bestämmelser,
1102 655 58 36 må
1188 656 244 50 upphäfvas»;

509 710 54 31 att
602 707 233 36 kammarens
877 706 113 38 första
1023 708 191 50 tillfälliga
1244 712 151 44 utskott,
1430 713 57 35 till
1516 713 141 37 hvilket
1686 715 101 36 dessa
1816 717 183 36 motioner

399 759 195 45 hänvisats,
627 759 12 35 i
674 759 190 38 utlåtande
888 774 58 23 n:o
976 763 35 44 8,
1029 761 155 51 afgifvet
1212 764 70 36 den
1316 767 44 35 16
1391 778 97 24 mars
1520 768 110 41 1906,
1660 767 47 49 på
1735 768 154 38 anförda
1917 770 80 36 skäl

398 812 205 38 hemställt:

511 870 56 34 »1.
613 873 54 31 att
696 869 127 36 Andra
852 869 224 38 Kammaren
1104 870 57 38 för
1189 872 54 36 sin
1273 872 59 37 del
1361 874 90 36 ville
1480 875 152 46 besluta,
1662 881 55 31 att
1745 877 210 50 Riksdagen
1984 879 13 35 i

399 921 200 49 anledning
627 923 37 35 af
693 923 82 35 herr
803 923 38 36 P.
871 923 196 38 Pehrssons
1094 925 13 35 i
1137 917 161 59 Österby
1327 928 139 36 motion
1495 942 57 23 n:o
1585 931 72 36 129
1687 931 12 35 i
1727 930 188 38 skrifvelse
1935 933 60 35 till

397 975 140 49 Kungl.
568 976 102 49 Maj:t
698 977 175 46 anhåller,
903 978 61 36 det
993 979 137 50 Kungl.
1158 980 100 49 Maj:t
1285 982 138 36 täcktes
1452 983 188 49 upphäfva
1655 997 110 24 mom.
1787 988 19 35 7
1830 986 13 36 i
1861 985 135 50 nådiga

397 1030 145 36 brefvet
583 1031 60 36 till
685 1032 172 48 samtliga
899 1031 226 39 hofrätterna
1168 1034 69 37 den
1284 1037 43 36 17
1373 1036 153 37 oktober
1562 1040 99 36 1778
1691 1039 120 49 jämte
1843 1040 152 37 därmed

397 1085 361 49 sammanhängande
796 1086 285 47 bestämmelser,
1125 1088 252 38 innefattande
1418 1094 75 34 rätt
1529 1093 60 35 för
1629 1093 284 37 barnaföderska
1941 1100 54 31 att

398 1138 241 50 undandraga
668 1140 55 49 sig
751 1145 53 30 att
833 1139 180 51 uppgifva
1041 1142 63 36 sitt
1131 1155 122 34 namn,
1283 1144 67 36 och

504 1194 33 35 2.
596 1198 55 31 att
679 1194 84 35 herr
791 1194 42 36 KR.
864 1194 45 36 H.
941 1194 42 37 G.
1020 1209 72 22 von
1120 1195 165 38 Schéeles
1313 1199 140 35 motion
1477 1212 58 23 n:o
1565 1202 48 35 72
1643 1201 12 34 i
1684 1201 98 36 hvad
1811 1202 70 36 den
1909 1203 88 35 skil-

392 1247 57 48 jer
477 1246 56 50 sig
561 1245 81 38 från
671 1247 83 36 herr
782 1247 39 37 P.
852 1248 196 37 Pehrssons
1077 1249 260 39 förutnämnda
1366 1253 140 36 motion
1534 1254 32 48 ej
1595 1253 61 37 må
1683 1255 61 35 till
1772 1254 118 50 någon
1919 1257 75 35 An-

396 1301 65 35 dra
489 1300 241 38 Kammarens
758 1301 129 50 åtgärd
914 1302 231 47 föranleda»>;

505 1358 95 33 samt
637 1360 52 31 att
730 1356 134 37 Andra
893 1357 223 37 Kammaren
1145 1358 63 36 vid
1236 1359 166 37 ärendets
1431 1359 259 52 föredragning
1719 1362 71 37 den
1821 1365 49 35 24
1899 1369 98 31 näst-

392 1408 99 37 lidne
520 1422 95 23 mars
644 1408 133 38 bifallit
805 1410 118 36 denna
953 1411 195 37 utskottets
1177 1414 227 36 hemställan.

502 1588 72 36 Det
602 1587 82 38 från
712 1589 126 36 Första
867 1590 225 37 Kammaren
1120 1593 175 35 inkomna
1324 1594 377 50 protokollsutdraget
1720 1597 151 35 rörande
1891 1597 100 35 kam-

394 1654 146 24 marens
568 1644 121 35 beslut
716 1644 12 34 i
757 1644 149 36 ärendet
935 1652 38 28 är
1000 1644 40 37 af
1066 1645 161 48 följande
1257 1647 154 49 lydelse:

934 1768 11 15 »
954 1751 144 51 Utdrag
1140 1752 41 36 af
1224 1755 235 48 protokollet,
1501 1755 115 37 hållet
1655 1756 64 36 hos
1760 1757 232 50 Riksdagens

1032 1806 125 37 Första
1186 1807 197 37 Kammare
1412 1810 69 35 den
1511 1812 45 34 21
1589 1810 92 48 april
1714 1812 110 37 1906.

499 1892 34 37 S.
566 1893 42 36 D.
666 1892 72 38 Vid
776 1893 262 52 föredragning
1077 1895 41 37 af
1156 1897 129 36 Första
1327 1898 242 37 Kammarens
1612 1900 190 49 tillfälliga
1830 1901 162 36 utskotts

393 1945 202 47 utlåtande,
623 1961 57 22 n:o
712 1949 32 44 6,
772 1949 13 35 i
813 1949 197 49 anledning
1038 1950 39 35 af
1103 1951 110 36 väckt
1241 1950 104 51 fråga
1373 1966 60 22 om
1463 1952 262 50 upphäfvande
1753 1953 40 37 af
1819 1968 111 23 mom.
1964 1958 19 35 7

391 2001 11 33 i
431 2000 129 50 kungl.
608 2000 146 38 brefvet
796 2002 69 37 den
900 2006 41 34 17
976 2004 153 36 oktober
1162 2008 98 35 1778
1291 2019 47 22 m.
1371 2020 58 32 m.,
1459 2007 118 35 beslöt
1605 2008 214 36 kammaren
1848 2010 57 35 för
1933 2010 54 35 sin

391 2053 70 46 del,
490 2054 61 37 det
579 2055 209 49 Riksdagen
817 2057 12 34 i
858 2056 192 38 skrifvelse
1079 2059 59 36 till
1168 2059 207 50 Konungen
1401 2060 179 47 anhåller,
1602 2062 62 36 det
1682 2062 140 36 täcktes
1840 2063 145 48 Kungl.

389 2108 102 49 Maj:t
515 2108 75 37 låta
617 2109 143 46 utreda,
791 2123 61 23 om
882 2111 67 36 och
978 2111 46 50 på
1051 2112 98 37 hvad
1178 2118 71 31 sätt
1277 2113 108 37 sådan
1415 2114 154 50 ändring
1592 2114 41 37 af
1653 2128 108 23 mom.
1789 2119 19 34 7
1830 2116 13 35 i
1858 2116 128 50 kungl.

390 2161 146 38 brefvet
564 2163 70 36 den
667 2166 42 35 17
743 2165 154 36 oktober
926 2167 98 37 1778
1055 2165 184 50 angående
1269 2168 221 37 barnamord
1514 2170 114 48 jämte
1656 2171 115 34 andra
1800 2170 151 37 därmed
1973 2171 15 36 i

391 2218 267 47 sammanhang
700 2217 145 38 stående
888 2218 511 51 författningsbestämmelser
1440 2222 58 36 må
1541 2224 126 35 kunna
1710 2222 190 51 företagas,
1930 2229 55 31 att

390 2270 169 37 moderns
587 2284 112 23 namn
728 2271 133 38 blifver
889 2271 229 39 fortfarande
1148 2274 184 51 skyddadt
1360 2281 79 31 mot
1459 2275 340 52 offentliggörande,
1821 2290 86 24 men
1925 2278 61 36 till
