1930 2828
569 165 275 32 Statsutskottets
869 163 176 31 utlåtande
1070 163 49 30 Nr
1144 163 70 31 197.
1629 154 18 31 7

679 328 237 36 Särskilda
939 326 167 44 frågor.

186 421 117 30 Under
328 420 115 30 denna
470 418 120 31 rubrik
619 418 102 30 äskas
749 417 113 30 medel
889 416 51 30 till
969 414 223 37 fullföljande
1219 423 42 22 av
1303 410 341 33 vattenavled-

144 471 412 38 ningsföretaget
580 467 301 39 Lyckebyån,
897 476 75 22 som
989 466 201 31 handhaves
1207 475 41 21 av
1267 464 68 31 den
1352 474 24 20 s.
1394 464 32 30 k.
1446 460 197 40 Lyckebyå-

142 522 238 36 utredningen.
422 521 49 31 Av
489 519 263 37 sammanlagda
769 519 195 30 kostnaden
983 517 55 31 för
1057 518 94 30 detta
1171 516 132 36 företag
1322 516 91 29 hava
1432 514 41 31 de
1493 512 149 38 utgifter,

142 583 74 22 som
242 574 99 30 skola
363 575 125 28 stanna
511 571 21 31 å
556 571 212 35 statsverket,
791 570 187 30 beräknats
1005 568 51 31 till
1079 568 142 35 331,000
1244 567 140 35 kronor,
1410 568 89 27 samt
1524 564 43 31 de
1591 566 51 28 ut-

141 624 109 37 gifter,
275 633 76 22 som
372 624 77 29 icke
473 623 97 30 skola
594 625 123 27 stanna
739 620 21 31 å
783 620 204 31 statsverket
1008 622 86 27 utan
1117 618 120 30 endast
1260 617 122 36 utgöra
1404 615 149 31 förskott
1581 614 63 39 (rö-

142 675 248 39 relsekapital),
411 674 219 37 uppskattats
652 672 50 31 till
724 671 141 36 832,924
888 671 138 30 kronor.
1049 670 50 29 Av
1119 668 145 31 sålunda
1286 666 225 37 erforderliga
1530 664 114 32 medel

142 726 90 31 hava
253 726 108 30 redan
383 735 43 21 av
447 724 184 36 riksdagen
656 723 151 31 anvisats
827 722 147 36 tillhopa
996 721 140 35 700,000
1159 720 139 29 kronor.
1344 718 69 30 För
1435 718 100 29 nästa
1557 715 85 31 bud-

140 776 95 38 getår
254 776 175 31 erfordras
449 774 195 38 ytterligare
665 776 46 28 ett
729 773 127 36 belopp
878 781 42 21 av
941 771 141 35 289,500
1103 770 128 30 kronor
1252 768 116 32 såsom
1387 762 260 46 rörelsekapital

141 827 36 32 åt
196 827 177 36 företaget.

188 879 125 30 Vidare
334 877 210 36 förutsättes,
567 878 50 29 att
637 878 109 28 staten
766 875 88 30 även
876 873 112 31 under
1007 874 100 29 nästa
1128 870 167 37 budgetår
1316 870 89 30 skall
1424 870 119 30 lämna
1566 869 79 30 eko-

144 930 152 30 nomiskt
321 928 77 31 stöd
423 927 35 31 åt
484 937 25 21 s.
535 928 33 29 k.
619 923 613 41 företagareföreningar.
1283 920 139 32 Sådana
1446 920 117 30 finnas
1591 918 55 31 för

144 979 219 32 närvarande
380 979 10 30 i
410 978 187 36 Göteborgs
618 977 65 30 och
701 976 117 30 Bohus
835 975 58 30 län
912 977 89 28 samt
1019 974 42 30 de
1080 973 79 37 fyra
1177 972 209 36 nordligaste
1405 971 112 30 länen.
1560 970 84 30 Där-

143 1031 106 37 jämte
272 1029 108 39 pågår
400 1029 184 36 utredning
607 1037 58 21 om
689 1027 179 30 bildandet
889 1035 42 21 av
953 1024 118 38 dylika
1097 1023 198 36 föreningar
1317 1022 96 30 inom
1437 1019 208 33 Värmlands

144 1082 66 30 och
230 1081 165 36 Blekinge
413 1080 68 30 län.
526 1078 130 31 Hittills
675 1078 90 30 hava
785 1077 57 30 för
863 1074 199 32 ändamålet
1081 1074 151 31 anvisats
1253 1072 232 36 sammanlagt
1505 1071 140 36 710,000

144 1133 138 35 kronor,
314 1141 107 21 varav
451 1130 141 36 375,000
620 1130 129 29 kronor
777 1127 116 31 såsom
920 1126 59 31 lån
1007 1126 66 30 och
1101 1126 64 30 310
1195 1125 132 29 kronor
1356 1122 114 32 såsom
1500 1122 145 30 subven-

143 1183 82 31 tion.
273 1183 68 30 För
363 1183 100 29 nästa
485 1179 169 37 budgetår
675 1178 155 37 föreslås,
852 1181 49 28 att
925 1177 143 36 400,000
1090 1177 130 29 kronor
1240 1183 192 22 reserveras
1455 1173 55 30 för
1532 1172 112 31 hithö-

144 1234 108 31 rande
268 1233 208 36 föreningar.

190 1284 180 38 Härjämte
393 1283 173 31 beräknas
588 1281 111 31 medel
722 1280 51 31 till
818 1279 205 38 fortsatt
1072 1276 324 36 inventering
1440 1284 52 21 av
1539 1284 25 20 s.
1611 1273 33 31 k.

147 1333 379 40 ofullständiga
559 1330 246 40 jordbruk
839 1331 10 29 i
885 1328 242 36 Blekinge
1160 1327 88 30 län.
1292 1327 122 30 Denna
1433 1324 214 37 inventering

145 1386 208 40 påbörjades
376 1385 111 30 under
510 1382 201 37 budgetåret
738 1376 139 42 1938/39
902 1381 66 30 och
993 1379 104 36 avsåg
1118 1379 68 30 tills
1213 1377 118 31 vidare
1355 1377 147 30 omfatta
1525 1375 123 31 endast

145 1436 59 32 två
224 1436 47 31 år.
316 1435 83 31 Skäl
421 1444 98 21 anses
542 1442 146 22 numera
708 1432 167 36 föreligga
896 1434 49 27 att
966 1431 161 29 fortsätta
1147 1428 265 37 ifrågavarande
1434 1426 213 36 inventering

146 1488 110 30 under
277 1486 195 37 ytterligare
493 1483 58 32 två
573 1483 39 31 år
632 1483 56 30 för
709 1492 43 21 en
774 1481 240 35 sammanlagd
1037 1479 149 31 kostnad
1206 1488 42 21 av
1273 1478 118 35 16,700
1412 1477 138 30 kronor.
1585 1475 65 31 Vid

147 1538 99 31 sidan
269 1538 109 29 härav
403 1537 64 29 har
492 1536 143 29 räknats
657 1533 79 31 med
760 1536 47 27 ett
830 1532 126 37 belopp
983 1541 42 20 av
1053 1530 116 35 15,000
1193 1530 129 29 kronor
1347 1528 51 31 till
1421 1526 226 38 fördjupning

148 1599 43 21 av
214 1587 252 37 avloppsdiken
487 1586 11 30 i
521 1585 165 35 Blekinge
706 1584 68 30 län.

191 1638 164 36 Samtliga
389 1647 47 20 nu
469 1635 155 31 nämnda
656 1634 187 30 kostnader
876 1641 97 22 avses
1008 1631 97 31 skola
1140 1630 169 30 bestridas
1332 1639 42 21 av
1398 1628 180 36 särskilda,
1601 1627 50 31 till

147 1689 198 37 främjande
364 1698 42 21 av
425 1685 370 38 företagsverksamhet
816 1683 150 32 avsedda
985 1682 122 31 medel.

192 1808 14 30 I
227 1805 266 36 fortsättningen
514 1806 168 34 upptages
702 1802 124 36 frågan
848 1800 177 37 angående
1067 1798 318 36 omskolning
1424 1806 52 21 av
1517 1796 40 30 le
1571 1795 78 37 dig

148 1856 323 37 arbetskraft
523 1855 88 30 och
665 1852 294 36 utbildning
1016 1860 53 21 av
1123 1846 419 39 reservpersonal
1599 1846 51 30 till

149 1909 161 29 närmare
334 1905 221 37 behandling.
594 1904 80 30 Som
700 1906 45 27 ett
771 1903 55 29 led
851 1901 214 30 härutinnan
1090 1900 64 30 har
1179 1902 128 27 statens
1334 1896 318 32 arbetsmarknads-

149 1957 229 31 kommission
402 1957 10 29 i
437 1956 163 30 skrivelse
626 1955 67 29 den
719 1954 39 29 14
783 1962 94 21 mars
905 1951 83 30 1940
1013 1950 163 36 framlagt
1199 1949 130 37 förslag
1354 1948 51 30 till
1427 1947 225 35 beredskaps-

151 2009 121 30 kurser
297 2008 11 29 i
336 2006 89 37 syfte
452 2009 48 28 att
526 2005 179 36 tillgodose
731 2001 393 32 verkstadsindustriens
1151 2000 156 30 avsevärt
1334 1998 111 31 ökade
1470 1998 113 29 behov
1612 2006 41 21 av

150 2069 24 22 s.
199 2060 32 30 k.
254 2058 285 36 tempoarbetare.
589 2055 174 36 Förslaget
788 2053 146 30 innebär
955 2052 11 30 i
988 2051 186 31 huvudsak
1196 2049 167 37 följande.

196 2119 191 29 Kursernas
410 2116 158 30 normala
591 2114 103 36 längd
716 2113 172 30 beräknas
910 2112 52 30 till
984 2111 79 36 fyra
1086 2109 176 36 månader,
1287 2108 122 31 därvid
1431 2106 221 38 tyngdpunk-

149 2164 59 28 ten
232 2160 111 31 skulle
367 2159 115 36 läggas
508 2157 45 36 på
577 2157 57 30 det
657 2155 181 37 praktiska
863 2155 139 29 arbetet.
1052 2153 13 29 I
1093 2152 108 30 första
1227 2151 97 30 hand
1349 2159 96 22 avses
1471 2148 182 36 befintliga

151 2201 298 31 verkstadsskolor
470 2200 65 30 och
556 2196 436 38 utbildningsverksamhet
1013 2196 10 29 i
1045 2192 527 33 arbetslöshetskommittéernas
1586 2190 69 36 regi

150 2245 99 30 skola
271 2242 171 37 utnyttjas
465 2250 124 28 genom
611 2250 42 20 en
676 2239 225 35 fördubbling
924 2248 42 20 av
989 2237 129 30 antalet
1143 2237 129 28 kurser.
1321 2234 49 31 På
1392 2235 92 29 detta
1507 2234 68 29 sätt
1597 2232 55 31 be-

151 2287 127 30 räknas
297 2295 42 20 en
356 2282 389 37 utbildningskapacitet
763 2291 43 20 av
823 2281 97 35 3,735
938 2279 275 35 tempoarbetare
1232 2286 62 27 per
1311 2276 39 31 år
1367 2277 119 28 kunna
1504 2273 148 37 uppnås.

198 2328 13 29 I
239 2326 99 37 fråga
365 2336 57 20 om
449 2326 132 29 urvalet
608 2334 41 20 av
677 2323 259 35 kursdeltagare
961 2319 204 32 framhåller
1191 2318 281 34 kommissionen,
1500 2319 49 27 att
1577 2317 78 28 kur-

152 2380 100 21 serna
271 2369 126 30 främst
415 2368 107 30 borde
541 2376 97 21 avses
658 2366 55 29 för
732 2364 190 31 arbetslösa
942 2364 92 34 män,
1055 2362 93 30 vilka
1168 2362 59 29 äro
1249 2360 185 30 frikallade
1454 2358 79 31 från
1554 2359 99 28 värn-

151 2410 337 39 pliktstjänstgöring
508 2410 67 29 och
594 2408 138 30 tillhöra
753 2407 95 36 yrke,
869 2405 73 30 vari
964 2414 96 20 mera
1082 2403 216 30 omfattande
1319 2401 226 31 arbetslöshet
1565 2400 88 30 före-

153 2455 105 36 ligger
279 2454 82 30 eller
383 2452 153 35 skäligen
561 2451 71 29 kan
654 2451 121 28 väntas
798 2448 227 36 uppkomma.
1073 2445 118 36 Någon
1214 2443 242 31 maximiålder
1478 2442 56 30 för
1555 2442 98 30 kurs-

153 2498 173 35 deltagare
351 2495 107 30 borde
482 2494 75 30 icke
583 2491 219 32 föreskrivas.
853 2490 13 30 I
890 2489 90 37 regel
1003 2489 107 29 borde
1134 2488 55 29 det
1213 2486 189 31 emellertid
1430 2485 74 30 icke
1528 2483 125 36 ifråga-
