2186 2632
679 178 227 42 Lagutskottets
932 181 159 30 utlåtande
1115 181 52 31 N»
1189 183 52 29 47.
1706 186 19 29 3

160 264 55 35 för
253 266 126 46 längre
408 265 54 35 tid
490 271 71 30 satt
591 279 43 22 ur
662 267 107 35 stånd
798 273 53 30 att
879 267 160 49 fullgöra
1067 271 54 33 sin
1152 270 125 46 tjänst,
1309 277 65 41 äge
1403 271 255 36 befälhavaren
1688 279 78 29 ent-

160 314 119 49 lediga
319 316 135 35 honom
495 316 121 35 därur.
672 317 133 36 Finnes
842 319 201 48 anledning
1070 320 57 35 till
1155 321 216 47 antagande,
1401 327 53 30 att
1481 322 216 45 sjukdomen
1727 331 40 28 är

159 366 266 46 könssjukdom
466 367 11 34 i
507 368 220 34 smittosamt
755 368 160 35 stadium
945 371 89 34 eller
1063 374 43 43 på
1134 383 119 23 annan
1282 372 122 45 grund
1434 372 144 35 medför
1605 373 77 35 fara
1709 373 58 36 för

158 416 152 34 ombord
341 417 181 35 anställda
550 430 181 34 personer,
762 419 90 34 skall
874 418 258 37 befälhavaren
1154 424 39 31 så
1215 420 72 36 fort
1308 422 61 34 ske
1389 422 68 35 kan
1480 424 72 34 låta
1571 423 70 35 den
1661 424 105 46 sjuke

159 466 163 47 undergå
362 467 324 46 läkarbesiktning.
743 468 188 36 Bekräftas
969 470 126 35 därvid
1123 471 234 46 antagandet,
1388 473 92 34 skall
1510 472 254 37 befälhavaren

157 516 185 47 entlediga
382 516 71 35 den
486 518 104 45 sjuke
619 531 44 21 ur
690 519 174 46 tjänsten,
895 518 65 35 där
987 520 135 35 honom
1151 521 31 45 ej
1214 521 148 35 beredes
1391 523 55 33 till
1474 521 123 36 farans
1627 524 139 34 undan-

157 566 152 46 röjande
338 565 221 49 erforderlig
585 568 98 34 vård.
740 568 237 36 Kvarlämnas
1006 570 82 47 sjuk
1117 571 89 34 eller
1233 571 138 35 skadad
1391 572 140 47 sjöman
1552 576 20 32 å
1593 574 172 35 utländsk

156 621 67 38 ort,
254 616 91 35 skall
374 616 255 37 befälhavaren
657 619 210 35 överlämna
895 619 134 36 honom
1057 621 58 34 till
1143 622 131 34 svensk
1303 622 132 35 konsul
1455 624 97 42 eller,
1574 636 58 23 om
1654 624 111 35 sådan

158 666 220 45 tjänsteman
399 667 65 35 där
482 667 78 36 icke
578 668 129 44 finnes,
728 669 217 36 annorledes
965 671 97 46 sörja
1080 670 58 36 för
1157 676 52 30 att
1228 672 70 34 han
1320 673 154 34 erhåller
1492 674 154 48 lämplig
1665 675 99 35 vård.

289 717 190 36 Avskedas
507 718 139 46 sjöman
675 721 59 33 till
763 719 92 49 följd
885 733 44 22 av
958 721 110 35 skada
1096 722 89 34 eller
1212 722 184 47 sjukdom,
1426 735 77 23 som
1531 724 71 35 han
1629 738 134 34 genom

156 773 83 41 eget
266 773 106 42 grovt
399 769 167 35 vållande
594 769 143 48 ådragit
765 771 67 46 sig,
862 772 88 34 eller
978 771 125 36 därför
1130 777 53 30 att
1211 772 71 37 han
1311 772 144 36 funnits
1480 774 173 36 behäftad
1682 776 83 35 med

156 818 265 46 könssjukdom
461 819 12 35 i
514 821 221 34 smittosamt
772 821 172 44 stadium,
974 822 102 46 njute
1105 823 71 34 han
1205 824 31 46 ej
1268 823 91 48 hyra
1386 823 58 36 för
1471 826 126 46 längre
1625 826 65 43 tid,
1720 833 45 28 än

155 869 72 34 han
256 868 173 36 förrättat
455 870 170 46 tjänsten,
655 871 67 35 och
751 871 203 37 kostnaden
980 872 58 36 för
1057 872 90 36 hans
1167 874 135 35 skötsel
1322 874 66 35 och
1410 875 87 34 vård
1519 878 58 32 må
1597 877 168 35 avkortas

156 922 45 44 på
229 919 89 35 hans
347 920 237 36 innestående
614 920 99 49 hyra.
768 921 213 49 Entledigas
1010 923 71 35 han
1109 923 90 43 icke,
1228 925 105 46 njute
1361 924 71 36 han
1456 926 31 46 ej
1511 926 89 48 hyra
1619 926 58 36 för
1696 927 68 36 den

154 969 66 43 tid,
249 969 70 36 han
349 976 39 29 är
417 983 43 22 ur
487 970 106 36 stånd
622 976 51 30 att
701 971 155 37 förrätta
882 973 173 46 tjänsten,
1085 974 68 35 och
1173 979 135 31 ersätte
1328 975 203 36 kostnaden
1552 975 58 36 för
1629 978 134 35 skötsel

155 1019 67 36 och
249 1020 101 35 vård.

290 1070 161 47 Sjöman,
493 1084 76 23 som
610 1072 114 47 eljest,
767 1073 130 35 medan
940 1074 69 35 han
1046 1081 40 28 är
1113 1075 12 35 i
1154 1075 125 47 tjänst,
1308 1076 118 35 finnes
1454 1089 85 23 vara
1566 1077 82 46 sjuk
1676 1078 89 36 eller

156 1120 147 44 skadad,
332 1121 106 46 njute
466 1120 70 37 full
565 1122 92 49 hyra
684 1130 171 29 ävensom
886 1125 173 45 sjukvård
1088 1128 46 45 på
1161 1125 172 36 redarens
1361 1126 203 37 bekostnad
1592 1132 38 31 så
1657 1130 107 47 länge

155 1171 70 35 han
266 1178 38 29 är
339 1173 89 34 kvar
455 1173 11 34 i
494 1173 178 47 tjänsten;
703 1174 127 35 varder
859 1175 70 35 han
958 1175 223 48 entledigad,
1211 1177 138 35 erhålle
1376 1177 73 35 han
1478 1177 89 49 hyra
1595 1180 56 34 till
1681 1180 82 36 dess

155 1222 72 35 han
268 1228 227 30 avmönstras
535 1225 98 43 eller,
675 1238 60 22 om
778 1228 253 46 avmönstring
1070 1228 80 34 icke
1186 1233 87 42 äger
1300 1241 95 30 rum,
1424 1229 56 34 till
1508 1229 71 36 den
1607 1230 82 48 dag,
1719 1230 45 37 då

154 1271 163 50 fartyget
356 1276 68 44 går
463 1274 134 45 vidare,
636 1281 171 29 ävensom
831 1276 174 45 sjukvård
1034 1280 45 45 på
1106 1277 170 36 redarens
1304 1278 204 36 bekostnad
1536 1280 117 36 under
1680 1280 84 49 fyra

154 1324 141 42 veckor,
325 1324 161 35 räknade
513 1325 81 35 från
623 1325 71 36 den
722 1326 81 48 dag,
833 1327 46 34 då
908 1327 90 35 hans
1027 1333 72 30 rätt
1127 1329 57 34 till
1212 1329 91 48 hyra
1331 1329 204 48 upphörde.

287 1373 78 36 Har
392 1374 233 36 befälhavare
653 1379 20 32 å
700 1381 67 37 ort,
788 1377 65 35 där
873 1378 131 35 svensk
1025 1379 130 34 konsul
1176 1378 30 46 ej
1227 1379 131 42 finnes,
1379 1379 154 48 nödgats
1553 1380 59 36 för
1631 1383 131 34 svensk

153 1424 162 47 sjömans
355 1424 176 47 sjukvård
571 1432 89 41 göra
701 1426 125 47 utgift,
868 1440 90 32 som,
989 1429 116 47 enligt
1133 1429 69 35 vad
1231 1442 92 22 ovan
1351 1437 40 27 är
1417 1435 90 42 sagt,
1536 1431 79 35 icke
1644 1433 118 43 ålegat

153 1474 164 43 redaren,
361 1476 89 35 eller
491 1474 185 49 förskjuta
717 1490 78 23 mer
830 1484 46 29 än
905 1478 120 37 denne
1053 1481 136 46 ålegat;
1218 1487 67 40 äge
1312 1480 154 37 redaren
1494 1481 125 38 därför
1648 1482 115 38 undfå

154 1526 208 48 ersättning
388 1538 45 24 av
460 1527 184 36 allmänna
670 1528 130 36 medel.

902 1615 45 35 98
976 1613 34 46 $.

287 1685 163 51 Upphör,
479 1700 42 22 av
548 1687 201 47 anledning
777 1701 77 24 som
882 1691 12 34 i
924 1691 43 35 91
997 1689 23 45 $
1049 1698 92 39 sägs,
1171 1693 130 35 svensk
1331 1693 161 47 sjömans
1515 1694 248 51 tjänstgöring

152 1740 20 32 å
199 1737 174 36 utländsk
400 1743 68 37 ort,
497 1739 88 34 eller
612 1738 130 36 varder
770 1740 130 36 svensk
929 1741 141 46 sjöman
1100 1741 58 36 för
1186 1742 169 47 sjukdom
1386 1744 89 35 eller
1494 1744 122 45 skada,
1638 1746 125 36 därför

151 1788 72 35 han
252 1788 116 47 enligt
398 1789 46 35 90
472 1786 23 46 $
523 1795 85 41 äger
635 1789 138 37 erhålla
800 1791 88 35 vård
918 1795 45 45 på
986 1791 171 37 redarens
1179 1793 211 45 bekostnad,
1412 1797 21 32 å
1451 1795 111 36 sådan
1582 1803 55 28 ort
1659 1797 102 37 kvar-

151 1837 159 44 lämnad,
339 1845 66 41 äge
434 1839 215 45 sjömannen
678 1845 74 31 rätt
771 1846 54 30 att
845 1842 97 35 bliva
962 1841 216 38 fortskaffad
1196 1844 57 35 till
1274 1850 184 30 närmaste
1478 1847 153 35 svenska
1650 1847 110 37 hamn

152 1889 100 44 eller,
281 1901 59 23 om
370 1889 73 36 han
471 1890 112 35 hellre
610 1891 77 44 vill,
715 1892 58 34 till
801 1891 71 36 den
901 1898 58 30 ort
985 1894 101 35 inom
1115 1895 106 43 riket,
1251 1894 66 36 där
1344 1895 71 36 han
1444 1903 40 28 är
1510 1896 131 37 bosatt.
1684 1897 77 36 Har

151 1938 160 50 fartyget
339 1938 222 51 förolyckats
590 1942 87 34 eller
704 1943 112 48 tagits
844 1956 42 22 av
916 1944 183 47 sjörövare
1127 1946 89 34 eller
1243 1945 94 36 efter
1358 1946 116 35 timad
1494 1948 111 35 skada
1624 1947 136 37 förkla-

151 1995 74 30 rats
265 1990 79 35 icke
376 2003 85 23 vara
488 1991 278 49 iståndsättligt,
796 1993 89 36 eller
911 1994 68 36 har
1006 1994 163 49 fartyget
1196 1994 94 38 efter
1318 1997 280 49 uppbringning
1625 1998 135 37 förkla-

151 2046 74 30 rats
265 2039 58 37 för
362 2041 72 48 god
472 2043 74 47 pris
587 2042 66 35 och
687 2056 63 23 var
776 2043 89 45 icke,
895 2052 67 28 när
989 2044 162 51 fartyget
1179 2047 65 35 sist
1271 2047 172 36 lämnade
1472 2048 120 45 hamn,
1621 2050 137 49 krigets

151 2091 141 36 utbrott
333 2091 67 36 där
440 2092 88 36 känt
568 2093 89 36 eller
697 2094 106 47 eljest
843 2094 258 38 befälhavaren
1143 2097 170 49 kunnigt,
1351 2099 92 35 skall
1472 2099 203 37 kostnaden
1704 2100 57 37 för

150 2142 191 36 hemresan
369 2142 179 37 bestridas
575 2156 45 23 av
647 2145 186 36 allmänna
860 2146 131 36 medel.

286 2192 78 37 Kan
402 2196 37 33 åt
466 2194 153 47 sjöman,
648 2207 77 23 som
754 2208 44 23 av
826 2196 203 49 anledning
1055 2210 52 23 nu
1134 2205 41 29 är
1202 2199 89 48 sagd
1320 2199 93 36 skall
1441 2200 228 47 hemsändas,
1697 2202 63 36 be-

152 2243 103 36 redas
295 2244 116 47 tjänst
449 2247 20 33 å
508 2245 159 44 svenskt,
710 2247 126 35 norskt
868 2248 90 35 eller
985 2248 132 36 danskt
1144 2248 137 50 fartyg,
1311 2251 112 35 vilket
1450 2257 39 29 är
1517 2251 158 37 bestämt
1702 2253 57 36 till
