1912 2818
259 164 45 47 34
530 168 194 29 Sammansatt
745 170 80 27 stats-
849 168 49 28 och
914 168 102 35 första
1039 167 166 35 lagutskotts
1226 165 148 29 utlåtande
1395 165 47 28 Nr
1465 165 27 28 1.

264 243 149 41 kunniga
433 243 163 37 förordat,
617 242 60 31 har
698 241 375 42 departementschefen
1095 240 121 31 uttalat
1237 242 50 29 att
1309 239 57 31 det
1386 239 146 41 angivna
1553 238 209 42 kompetens-

264 293 118 31 kravet
402 293 97 31 torde
523 293 84 41 följa
630 304 39 20 av
693 293 58 31 det
774 291 80 42 plan
876 294 43 39 på
940 291 107 31 vilket
1070 291 64 31 den
1157 290 186 31 teoretiska
1364 288 289 41 undervisningen
1675 289 87 31 skall

266 344 124 41 läggas.
424 343 179 32 Utskottet
624 343 59 31 vill
706 342 224 41 understryka
953 341 115 31 vikten
1091 352 38 20 av
1151 343 48 28 att
1223 340 51 38 de,
1299 351 73 20 som
1393 339 97 31 skola
1512 340 164 40 genomgå
1697 338 66 31 den

267 394 54 31 för
346 393 528 41 distriktsåklagaraspiranterna
900 392 150 31 avsedda
1074 390 348 41 utbildningskursen,
1449 389 87 31 hava
1562 389 202 41 tillräckliga

267 443 258 42 förkunskaper;
547 444 12 30 i
578 443 260 42 propositionen
857 443 61 30 har
939 442 103 31 också
1063 441 212 37 framhållits,
1298 443 49 28 att
1367 440 41 31 de
1429 451 40 20 av
1491 440 42 30 de
1554 439 210 41 sakkunniga

268 495 192 40 föreslagna
497 493 321 41 kursfordringarna
854 495 56 29 äro
937 494 39 29 så
1002 502 80 31 pass
1109 490 218 38 omfattande,
1355 492 49 29 att
1431 492 93 29 stora
1550 489 79 31 krav
1656 491 108 29 måste

268 545 117 31 ställas
404 544 93 32 såväl
515 546 44 40 på
577 544 154 31 eleverna
750 554 73 21 som
842 545 42 39 på
902 543 133 30 lärarna
1054 542 61 31 och
1134 540 306 42 undervisningens
1460 539 229 38 anordnande,
1710 550 54 20 om

267 596 62 30 allt
349 595 85 31 skall
455 595 114 30 kunna
590 594 199 31 medhinnas
810 594 91 30 inom
922 593 66 31 den
1009 592 143 41 angivna
1173 591 104 31 tiden.
1311 591 127 31 Härtill
1459 590 151 31 kommer
1629 592 49 28 att
1698 589 67 31 den

268 646 212 41 lämpligaste
503 645 97 31 tiden
622 645 52 30 för
695 643 413 42 aspirantutbildningens
1130 641 210 42 påbörjande
1361 652 101 30 synes
1484 651 79 20 vara
1585 640 64 31 den
1671 639 95 31 ålder

268 696 58 30 vid
344 695 113 31 vilken
476 695 281 31 studentexamen
776 694 12 31 i
807 694 91 41 regel
916 693 168 41 avlägges.
1115 692 67 31 Det
1200 692 98 31 torde
1319 691 72 32 icke
1410 690 133 32 behöva
1561 690 134 31 befaras
1715 692 50 29 att

268 746 80 31 krav
370 748 44 39 på
436 745 280 32 studentexamen
741 744 83 32 eller
848 743 237 32 motsvarande
1108 742 201 41 kompetens
1331 741 109 32 skulle
1463 740 153 32 medföra
1639 742 49 29 att
1712 740 55 30 för

269 795 335 33 landsfiskalsbanan
621 795 156 41 lämpade
794 805 162 31 personer
973 793 110 32 skulle
1100 792 90 32 bliva
1208 791 203 42 utestängda
1428 791 151 31 därifrån
1596 792 43 40 på
1656 790 110 41 grund

269 858 41 20 av
329 846 240 38 kostnaderna;
592 848 110 29 såsom
725 856 87 20 ovan
832 844 146 41 angivits
1000 843 113 31 finnes
1134 843 52 31 för
1208 842 112 41 övrigt
1340 841 179 42 möjlighet
1539 841 54 31 till
1615 840 150 42 dispens.

269 897 177 32 Utskottet
467 897 62 31 har
553 896 113 31 därför
688 897 113 30 ansett
823 895 53 41 sig
896 894 114 32 kunna
1033 893 133 31 ansluta
1188 893 53 41 sig
1264 892 53 32 till
1339 891 260 43 propositionen
1621 891 11 31 i
1655 891 112 31 denna

270 948 83 31 del.»

323 1043 65 41 2:0)
416 1054 39 20 av
477 1043 80 31 herr
578 1042 164 31 Hedlund
764 1042 12 30 i
798 1040 199 38 Östersund,
1021 1051 73 20 som
1114 1059 41 3 —
1175 1039 109 31 under
1305 1038 205 40 hänvisning
1532 1036 54 31 till
1608 1036 64 31 vad
1693 1046 74 21 som

272 1092 202 33 därutinnan
490 1093 131 31 anförts
636 1092 11 31 i
662 1092 175 31 motionen
849 1091 49 31 II:
912 1091 62 31 263
987 1109 44 4 —
1044 1092 111 29 ansett
1169 1091 49 29 att
1233 1089 168 31 utskottet
1413 1088 79 31 bort
1506 1087 11 31 i
1535 1087 60 31 sitt
1610 1086 158 42 yttrande

271 1144 116 37 uttala,
413 1146 48 28 att
489 1143 67 31 den
581 1143 199 41 ifrågasatta
805 1141 331 41 omorganisationen
1161 1139 107 32 borde
1294 1139 95 31 träda
1414 1139 12 30 i
1451 1138 92 31 kraft
1568 1137 65 31 den
1660 1138 16 29 1
1703 1136 64 41 juli

272 1194 90 37 1941,
388 1196 48 28 att
463 1204 75 20 som
562 1192 282 42 kompetenskrav
868 1192 53 31 för
945 1190 331 41 landsfiskalstjänst
1300 1189 106 32 borde
1432 1188 190 42 uppställas
1647 1186 121 42 avlagd

271 1243 86 41 juris
389 1243 303 31 kandidatexamen
724 1245 88 28 samt
845 1245 47 28 att
925 1240 414 41 landsfiskalstjänsterna
1369 1239 116 39 borde,
1520 1238 77 31 med
1630 1238 65 31 den
1729 1248 40 20 av

271 1294 125 41 Kungl.
417 1293 101 42 Maj:t
538 1293 179 31 förordade
737 1292 329 41 differentieringen,
1086 1291 149 41 placeras
1256 1291 11 30 i
1288 1290 244 41 lönegraderna
1556 1289 21 31 A
1593 1289 112 31 24—A
1719 1288 49 31 26.

719 2462 63 6 mmm
813 2464 4 4 R
830 2463 25 5 AAA
862 2460 467 8 RR
1301 2449 32 28 As

716 2481 132 18 Stockholm
864 2479 59 19 1940.
946 2480 28 19 K.
989 2480 24 18 L.
1028 2479 126 20 Beckmans
1170 2479 160 22 Boktryckeri.
