1918 2822
269 169 20 30 4
541 169 195 29 Sammansatt
756 171 79 27 stats-
859 169 49 28 och
926 169 99 35 första
1048 169 169 35 lagutskotts
1238 168 146 28 utlåtande
1407 167 46 29 Nr
1478 168 25 27 1.

326 243 122 31 Ehuru
465 243 42 31 de
523 242 212 42 sakkunniga
752 241 142 33 sålunda
910 241 144 32 anslutit
1069 241 61 32 sitt
1145 241 130 41 förslag
1290 240 52 31 till
1355 239 414 43 uppbördskommitténs,

272 294 84 31 hava
379 293 42 32 de
445 293 87 32 dock
554 293 73 31 icke
649 293 91 41 gjort
763 295 47 29 ett
833 292 265 42 genomförande
1122 303 41 19 av
1185 291 223 32 kommitténs
1431 290 127 42 förslag
1581 290 53 32 till
1651 301 42 21 en
1709 290 61 31 för-

270 344 193 41 utsättning
495 344 52 31 för
581 344 53 31 sin
669 343 344 42 organisationsplan,
1037 342 105 32 vilket
1176 342 42 31 de
1251 341 187 32 framhållit
1470 341 12 31 i
1505 341 66 31 den
1595 341 174 38 skrivelse,

271 395 137 32 varmed
431 394 43 32 de
497 394 210 32 överlämnat
730 394 60 31 sitt
812 393 225 32 betänkande.
1082 393 53 31 De
1158 392 87 32 hava
1268 392 191 31 emellertid
1482 392 132 37 uttalat,
1639 393 50 30 att
1715 402 55 21 om

269 445 350 42 uppbördsreformen
642 444 76 32 icke
741 444 108 31 skulle
872 444 136 31 komma
1030 446 49 29 att
1098 443 217 41 genomföras
1338 442 11 31 i
1372 442 229 41 huvudsaklig
1617 444 154 30 överens-

272 495 196 32 stämmelse
501 495 78 31 med
611 494 354 41 kommittéförslaget,
990 505 41 20 en
1064 493 70 32 viss
1157 493 176 41 jämkning
1356 504 40 20 av
1419 492 66 32 den
1509 493 194 41 föreslagna
1725 492 46 32 bi-

269 545 395 41 trädesorganisationen
687 545 98 31 bleve
808 544 208 42 erforderlig.

322 614 17 31 I
364 613 153 42 enlighet
540 612 77 32 med
641 612 59 32 det
722 624 46 20 nu
791 612 141 32 anförda
955 612 143 31 innebär
1121 612 43 31 de
1189 611 231 41 sakkunnigas
1443 611 136 41 förslag,
1598 611 104 31 såvitt
1718 622 53 20 an-

271 666 58 40 går
361 664 422 40 landsfiskalstjänsterna,
806 665 49 29 att
889 663 102 31 dessa
1024 662 57 32 vid
1114 662 339 42 omorganisationen
1486 661 73 32 icke
1582 661 85 32 böra
1690 672 81 30 upp-

271 715 93 31 delas
387 716 85 30 utan
495 714 191 32 bibehållas
703 716 113 29 såsom
832 714 146 41 tjänster
993 724 40 20 av
1049 713 66 31 den
1132 712 196 32 nuvarande
1344 715 106 39 typen
1466 712 78 31 med
1561 712 66 31 den
1644 712 128 31 huvud-

271 765 129 41 sakliga
433 764 200 42 förändring
656 776 41 19 av
720 764 344 42 arbetsuppgifterna,
1089 774 74 21 som
1188 763 99 41 följer
1309 774 40 20 av
1372 774 42 20 en
1438 763 124 31 reform
1586 774 40 20 av
1650 762 121 32 skatte-

272 815 204 42 uppbörden
500 815 64 31 och
585 814 315 42 restindrivningen
923 814 12 31 i
959 814 150 41 enlighet
1129 813 79 32 med
1225 812 403 43 uppbördskommitténs
1644 812 128 42 förslag

273 868 161 29 ävensom
458 877 41 20 av
516 877 40 20 en
573 865 292 41 omorganisation
882 876 40 20 av
938 864 449 41 häradsskrivartjänsterna
1403 864 108 40 enligt
1527 863 42 31 de
1585 874 41 20 av
1642 874 129 20 samma

269 916 178 32 kommitté
471 916 145 42 angivna
638 916 222 41 riktlinjerna.

320 967 18 31 I
372 966 113 42 övrigt
518 966 144 32 föreslås
696 966 74 31 icke
803 968 112 39 någon
949 965 200 41 förändring
1182 976 40 20 av
1244 964 303 32 landsfiskalernas
1570 964 202 41 arbetsupp-

270 1017 100 41 gifter
399 1017 5 31 i
428 1016 165 32 samband
627 1017 79 31 med
730 1016 335 41 omorganisationen
1088 1027 40 20 av
1151 1015 412 42 landsfiskalstjänsterna
1586 1017 121 29 utöver
1729 1026 42 20 en

270 1067 132 32 mindre
434 1067 178 42 jämkning
645 1078 41 20 av
717 1067 304 32 bestämmelserna
1054 1077 55 21 om
1143 1066 220 32 landsfiskals
1390 1065 295 41 åtalsbehörighet
1708 1065 62 32 och

269 1118 64 31 vad
356 1128 75 21 som
455 1118 99 40 följer
576 1118 112 38 därav,
706 1119 50 30 att
777 1117 419 42 köpingsåklagarnas
1219 1116 358 42 åtalsbefogenhet
1600 1116 171 31 skallin-

270 1169 152 41 dragas,
447 1170 51 30 att
527 1168 46 32 de
603 1168 156 32 mindre
789 1168 190 32 städerna
1011 1168 112 32 skola
1149 1168 182 41 upphöra
1354 1169 59 30 att
1435 1178 92 21 vara
1550 1178 99 30 egna
1672 1167 99 31 åkla-

269 1219 244 42 gardistrikt
547 1221 161 29 ävensom
743 1220 49 30 att
824 1219 129 31 antalet
986 1218 133 41 jämlikt
1154 1220 15 29 1
1194 1218 75 41 kap.
1294 1218 18 31 3
1334 1217 21 42 &
1378 1217 308 42 utsökningslagen
1709 1217 61 32 för-

269 1270 152 31 ordnade
446 1269 168 32 särskilda
635 1269 295 41 utmätningsmän
954 1269 86 31 skall
1062 1269 197 40 begränsas.

320 1346 69 31 För
423 1347 50 30 att
508 1345 89 32 stad
631 1345 89 32 skall
742 1346 120 40 utgöra
885 1347 89 39 eget
1008 1344 336 41 åklagardistrikt
1366 1344 64 32 bör
1453 1344 121 32 staden
1598 1344 107 41 enligt
1730 1344 41 32 de

270 1396 213 41 sakkunniga
506 1395 142 42 erbjuda
671 1406 40 20 en
730 1395 196 41 tillräckligt
943 1397 72 29 stor
1030 1394 227 32 arbetsbörda
1271 1395 53 31 för
1340 1406 42 20 en
1398 1394 156 41 åklagare
1571 1405 74 21 som
1661 1394 111 32 tillika

268 1448 36 30 är
319 1446 179 42 polischef.
532 1446 52 31 De
600 1445 135 32 mindre
752 1445 158 32 städerna
926 1445 96 32 skola
1037 1445 79 41 ingå
1132 1445 11 31 i
1159 1445 370 31 landsfiskalsdistrikt.
1567 1445 204 41 Avgörande

267 1497 52 32 för
351 1497 119 41 frågan
505 1508 54 20 om
593 1496 78 31 stad
706 1496 85 31 skall
824 1507 78 20 vara
926 1498 76 39 eget
1025 1495 277 42 åklagardistrikt
1325 1495 87 31 skall
1436 1495 144 32 sålunda
1601 1495 12 31 i
1635 1495 135 42 princip

268 1547 121 32 endast
412 1558 80 20 vara
515 1546 173 32 storleken
705 1557 40 20 av
761 1547 65 30 den
843 1546 225 32 arbetsbörda
1084 1557 75 20 som
1176 1545 160 42 erbjudes
1352 1545 418 42 åklagaren-polischefen.

268 1597 148 32 Stadens
451 1597 171 41 egenskap
657 1608 40 20 av
730 1597 207 41 magistrats-
960 1596 82 32 eller
1074 1596 212 42 fögderistad
1309 1596 87 31 skall
1418 1596 75 32 icke
1515 1607 79 20 vara
1617 1607 40 20 av
1679 1596 92 42 bety-

267 1648 94 31 delse
395 1648 105 31 såvitt
532 1659 46 20 nu
612 1650 37 29 är
682 1647 12 32 1
727 1647 100 42 fråga.
872 1647 83 32 Med
978 1647 133 41 hänsyn
1134 1647 54 31 till
1212 1647 41 31 de
1277 1646 168 32 särskilda
1467 1647 154 41 reglerna
1644 1658 56 21 om
1723 1651 48 27 ut-

268 1698 515 42 mätningsmannagöromålens
802 1697 223 32 bestridande
1041 1698 10 31 i
1068 1697 360 42 magistratsstäderna
1444 1698 96 31 skola
1556 1697 103 32 dessa
1674 1698 97 31 emel-

267 1749 101 32 lertid
401 1749 141 32 beröras
576 1760 39 20 av
649 1748 438 42 omorganisationsplanen
1121 1748 123 31 endast
1276 1748 12 31 i
1320 1748 95 41 fråga
1448 1759 55 20 om
1538 1748 146 41 åklagar-
1707 1749 64 30 och

269 1800 299 41 polisgöromålen.
613 1799 136 32 Endast
781 1799 11 31 i
825 1799 147 41 åklagar-
995 1798 64 32 och
1091 1798 290 42 polishänseende
1404 1799 136 30 komma
1563 1798 208 41 magistrats-

268 1850 114 32 städer
416 1852 51 29 att
499 1850 79 41 ingå
611 1850 11 31 i
656 1849 613 41 landsfiskalsdistriktsindelningen.
1316 1848 138 32 Samma
1487 1849 86 31 skall
1605 1849 91 40 gälla
1717 1849 54 31 be-

268 1900 166 32 träffande
469 1901 42 31 de
544 1900 258 41 fögderistäder,
836 1900 53 31 för
921 1899 91 31 vilka
1037 1899 127 42 Kungl.
1189 1899 98 41 Maj:t
1309 1899 179 31 förordnat
1510 1899 148 32 särskild
1681 1901 89 30 över-

267 1951 164 31 exekutor
467 1951 64 31 och
568 1961 74 21 som
682 1949 134 32 således
853 1950 107 41 enligt
997 1949 304 41 utsökningslagen
1335 1951 58 29 äro
1427 1951 51 29 att
1499 1949 171 41 jämställa
1693 1950 77 31 med

267 2000 359 42 magistratsstäderna
647 2000 13 31 i
682 2001 92 41 fråga
797 2011 54 21 om
874 1999 391 42 utsökningsväsendets
1290 1999 242 41 organisation.

318 2077 18 31 I
370 2077 167 31 samband
560 2077 78 32 med
662 2076 67 32 den
752 2076 169 42 reglering
944 2088 40 20 av
1006 2076 135 32 landets
1164 2076 178 41 indelning
1364 2076 12 31 i
1398 2076 370 34 landsfiskalsdistrikt,

268 2138 72 21 som
373 2127 69 32 blir
475 2127 201 41 erforderlig
708 2138 121 30 genom
860 2128 50 30 att
932 2127 92 31 vissa
1047 2127 115 31 städer
1184 2126 74 32 icke
1281 2127 117 41 längre
1422 2127 95 31 skola
1540 2128 122 40 utgöra
1685 2138 85 30 egna

267 2178 286 41 åklagardistrikt,
577 2178 61 31 har
671 2177 193 42 föreslagits
901 2177 245 41 indragning
1184 2188 44 20 av
1265 2177 265 42 sammanlagt
1563 2178 42 31 81
1641 2177 128 32 lands-

266 2228 327 32 fiskalsdistrikt.

318 2278 53 32 De
395 2279 232 41 sakkunnigas
643 2279 128 40 förslag
786 2278 143 32 innebär
944 2278 12 31 i
971 2279 93 41 fråga
1080 2289 54 20 om
1159 2278 609 41 landsfiskalsorganisationen

266 2329 115 31 vidare
414 2329 180 32 införande
625 2340 40 21 av
686 2330 134 40 skärpta
843 2329 409 40 kompetensbestämmelser
1273 2328 52 31 för
1346 2328 422 41 landsfiskalstjänsterna,

267 2379 215 32 anställande
516 2391 40 20 av
582 2380 216 41 erforderligt
821 2379 92 32 antal
937 2379 266 41 tjänstebiträden
1229 2381 86 29 samt
1337 2379 267 41 genomförande
1627 2390 41 21 av
1691 2380 79 31 löne-

265 2430 159 41 reglering
447 2430 53 32 för
521 2430 284 32 landsfiskalerna
827 2430 64 31 och
914 2429 187 33 biträdena.
