1886 2827
480 190 119 30 Andra
619 191 244 39 lagutskottets
884 192 177 31 utlåtande
1080 202 43 21 nr
1144 194 15 29 1
1182 194 38 30 år
1241 195 83 30 1968
1605 197 42 29 49

516 271 39 29 D.
584 273 49 27 att
660 272 187 39 riksdagen
875 273 11 29 i
914 273 188 40 anledning
1130 284 41 20 av
1199 276 218 29 motionerna
1446 277 27 29 I:
1492 277 60 29 749
1581 278 64 29 och

472 324 45 30 II:
532 324 71 35 953,
629 325 103 30 såvitt
754 326 41 29 de
817 326 181 32 hänvisats
1018 328 53 29 till
1093 329 201 38 lagutskott,
1318 330 106 29 måtte
1446 331 11 29 i
1480 331 165 29 skrivelse

475 379 53 29 till
545 379 125 40 Kungl.
688 380 106 39 Maj:t
812 389 75 21 som
905 381 53 30 sin
976 382 141 40 mening
1133 391 38 31 ge
1189 383 51 29 till
1259 384 118 30 känna
1393 385 67 29 vad
1477 386 169 29 utskottet

475 432 116 30 anfört
611 443 56 20 om
688 434 126 30 förbud
834 437 73 27 mot
926 436 384 31 centralstimulerande
1331 438 120 35 medel,
1474 441 90 27 samt

514 487 37 29 E.
579 489 49 28 att
655 487 156 40 följande
838 489 180 35 motioner,
1048 490 176 39 nämligen

517 541 33 32 1)
581 542 217 29 motionerna
824 542 28 30 I:
868 542 60 30 746
954 543 64 29 och
1044 543 44 30 II:
1105 543 72 35 956,

515 595 36 33 2)
581 595 218 30 motionerna
824 596 28 30 I:
870 596 60 30 748
957 597 64 29 och
1046 597 44 30 II:
1107 598 72 34 955,

518 648 36 34 3)
584 649 218 30 motionerna
825 650 28 30 I:
870 650 61 29 749
954 651 64 29 och
1041 651 45 30 II:
1103 651 71 35 953,
1200 652 102 30 såvitt
1326 653 41 30 de
1390 653 180 30 hänvisats
1593 655 50 28 till

474 703 191 39 lagutskott
687 704 64 29 och
771 704 10 29 i
803 704 68 30 den
890 705 81 29 mån
993 705 41 30 de
1054 706 75 29 icke
1150 706 206 31 behandlats
1377 707 111 30 under
1509 708 49 34 D.,

513 755 36 34 4)
579 756 177 29 motionen
785 757 28 29 I:
831 757 70 35 750,
931 758 102 29 såvitt
1061 758 66 30 den
1155 759 179 30 hänvisats
1361 761 52 28 till
1440 761 202 38 lagutskolt,

468 809 75 29 icke
566 809 107 30 måtte
695 810 180 30 föranleda
896 811 113 39 någon
1030 812 205 39 riksdagens
1258 813 130 39 åtgärd.

205 862 200 29 Stockholm
423 863 65 28 den
507 863 38 29 27
565 863 153 30 februari
739 864 82 29 1968

600 962 47 29 På
665 962 109 29 andra
791 963 245 39 lagutskottets
1053 965 145 38 vägnar:

679 1051 115 30 JOHN
819 1052 38 29 R.
881 1052 238 31 ANDERSON

204 1202 64 29 Vid
285 1202 94 30 detta
396 1203 144 29 ärendes
560 1204 209 41 behandling
785 1204 64 29 har
865 1205 155 29 närvarit

202 1256 79 29 från
317 1256 164 30 första
514 1258 220 29 kammaren:
762 1258 57 29 fru
845 1258 169 40 Carlqvist
1046 1259 63 35 (s),
1136 1260 120 29 herrar
1281 1261 85 29 Lars
1391 1261 151 29 Larsson
1575 1262 64 33 (s),

160 1300 188 31 Häbinette
372 1300 93 36 (h):,
485 1301 174 41 Dahlberg
683 1302 64 35 (s),
768 1303 163 30 Edström
956 1303 108 40 (fp)+,
1085 1304 223 30 Wanhainen
1333 1305 63 35 (s),
1418 1306 99 29 Blom
1542 1305 97 40 (fp):

160 1345 65 30 och
246 1346 56 29 fru
322 1346 140 30 Nilsson
488 1347 94 39 (cp);

201 1391 79 30 från
316 1392 153 29 andra
504 1393 220 29 kammaren:
752 1393 119 29 herrar
897 1393 183 30 Anderson
1105 1395 10 28 i
1143 1394 183 31 Sundsvall
1358 1394 85 40 (fp),
1471 1395 168 30 Rimmer-

160 1435 73 30 fors
259 1436 86 39 (fp),
367 1436 57 29 fru
445 1437 182 29 Ekendahl
654 1437 64 35 (s),
741 1437 125 30 fröken
887 1439 245 29 Wetterström
1159 1439 92 34 (h)+,
1273 1439 121 29 herrar
1416 1441 192 38 Bengtsson
1629 1440 11 29 i

159 1480 154 40 Varberg
338 1481 64 34 (s),
424 1481 124 30 Gomér
574 1481 90 40 (cp),
686 1482 173 30 Svensson
878 1484 12 29 i
909 1483 161 38 Kungälv
1094 1483 50 34 (s)
1169 1483 64 30 och
1255 1484 198 30 Göransson
1479 1484 65 35 (s).

196 1567 15 17 +x
233 1562 33 30 Ej
284 1563 180 23 närvarande
480 1563 47 23 vid
544 1563 179 24 utlåtandets
739 1563 153 31 justering.
