1881 2840
226 197 39 30 16
536 194 120 31 Andra
678 194 243 40 lagutskottets
944 191 177 31 utlåtande
1143 200 42 20 nr
1207 191 15 29 1
1246 191 38 30 år
1307 189 83 30 1968

542 304 421 51 Departementschefen
980 303 63 36 vid
1060 302 330 50 lagrådsremissen

265 395 267 41 Föredragande
553 393 394 42 departementschefen,
969 391 188 31 statsrådet
1176 390 156 40 Aspling,
1354 390 65 29 har
1441 389 116 30 såsom
1578 388 131 30 allmän

223 451 208 39 motivering
453 450 117 30 anfört
594 448 157 41 följande
774 448 58 30 vid
854 447 125 30 remiss
1002 446 53 30 till
1079 445 154 40 lagrådet
1258 454 43 21 av
1322 445 98 29 inom
1444 442 264 40 socialdeparte-

224 507 130 28 mentet
374 504 210 41 upprättade
603 502 189 41 lagförslag
816 502 114 40 (prop.
952 511 24 20 s.
1000 499 203 34 102—116).

221 605 188 31 Allmänna
429 602 220 41 synpunkter

266 670 79 30 Som
368 670 60 40 jag
451 669 109 30 redan
584 670 114 38 antytt
723 669 37 29 är
786 667 226 40 spridningen
1037 676 42 20 av
1103 665 187 30 narkotika
1315 665 47 29 ett
1387 661 154 40 exempel
1566 660 45 40 på
1637 659 67 29 hur

221 724 142 30 världen
386 723 359 30 internationaliseras
770 722 64 29 och
857 722 67 29 hur
947 719 192 31 avstånden
1162 719 175 39 krymper.
1362 717 109 30 Gifter
1497 724 74 21 som
1595 713 110 30 under

223 779 111 30 sekler
356 779 147 30 använts
525 779 11 29 i
557 777 214 40 avgränsade
792 775 168 30 områden
980 775 64 30 har
1065 783 147 20 numera
1233 773 66 30 fått
1323 770 181 41 spridning
1527 770 80 29 över
1628 768 79 28 hela

222 834 151 29 världen.

272 887 262 38 Bekämpandet
568 895 42 20 av
643 884 402 30 narkotikamissbruket
1079 890 123 30 genom
1236 879 317 38 kontrollåtgärder
1585 878 125 28 kräver

224 938 428 32 internationellt
692 937 289 34 samarbete,
1021 935 107 31 vilket
1167 933 106 31 också
1311 931 146 40 kraftigt
1497 928 213 32 framhållits

229 995 94 30 såväl
351 1005 42 19 av
418 993 210 30 kommittén
656 1002 74 20 som
758 1002 42 20 av
825 991 359 29 remissinstanserna.
1211 985 409 33 Narkotikamissbruket
1647 984 63 29 har

227 1049 12 29 i
261 1049 94 29 olika
377 1048 95 29 delar
495 1057 41 20 av
558 1046 143 30 världen
724 1055 44 20 en
789 1043 285 41 mångtusenårig
1097 1042 147 30 historia
1265 1050 81 20 men
1369 1040 89 30 först
1480 1038 112 30 under
1614 1037 97 30 inne-

225 1101 152 31 varande
405 1100 224 31 århundrade
655 1100 64 29 har
746 1101 47 27 ett
820 1107 97 21 mera
942 1097 146 30 allmänt
1115 1094 274 31 internationellt
1418 1092 193 31 samarbete
1637 1091 73 29 mot

229 1154 402 31 narkotikamissbruket
649 1153 148 30 kommit
815 1152 113 40 igång.
947 1152 65 29 Det
1030 1160 60 20 var
1109 1149 84 31 USA
1213 1158 75 20 som
1306 1150 58 38 tog
1383 1146 185 31 initiativet
1587 1153 123 32 genom

223 1218 42 20 en
288 1208 187 32 konferens
499 1209 10 29 i
533 1207 175 39 Shanghai
732 1207 37 29 år
794 1205 93 35 1909,
910 1214 79 20 vars
1011 1202 364 31 rekommendationer
1398 1198 223 32 utvecklades
1644 1197 64 29 och

223 1263 152 30 befästes
391 1271 123 31 genom
530 1271 43 20 en
588 1261 213 29 konvention
816 1261 11 28 i
843 1260 96 38 Haag
956 1259 37 29 år
1010 1258 93 29 1912.
1120 1257 159 29 Därefter
1296 1256 63 29 har
1376 1255 56 29 det
1448 1252 260 31 internationel-

223 1318 33 28 la
275 1317 208 30 samarbetet
501 1316 140 29 fortsatt
659 1315 64 29 och
739 1314 185 30 resulterat
941 1313 11 29 i
969 1312 110 30 andra
1095 1310 250 30 konventioner
1363 1308 65 30 och
1444 1305 264 31 rekommenda-

230 1371 121 29 tioner.
376 1371 109 29 Dessa
508 1370 77 29 blev
609 1369 52 29 till
688 1369 68 29 slut
782 1368 137 29 alltmer
945 1364 321 39 svåröverskådliga
1291 1364 65 29 och
1382 1362 112 30 starkt
1520 1360 191 40 splittrade.

230 1424 67 30 För
320 1426 49 28 att
391 1423 85 30 råda
497 1423 59 30 bot
578 1422 45 40 på
645 1422 95 29 detta
761 1421 138 29 tillkom
923 1419 81 30 1961
1030 1419 56 30 års
1109 1418 179 29 allmänna
1310 1413 402 32 narkotikakonvention

228 1487 73 20 som
317 1486 98 21 avser
430 1478 49 28 att
495 1477 11 29 i
520 1475 136 40 princip
672 1475 129 30 ersätta
816 1474 68 29 alla
898 1473 146 39 tidigare
1060 1470 282 31 internationella
1357 1466 355 33 överenskommelser

231 1532 45 39 på
292 1530 167 30 området.

276 1584 80 30 1961
381 1584 57 30 års
460 1583 213 29 konvention
695 1581 167 30 omfattar
883 1582 52 28 tre
956 1578 273 40 huvudgrupper
1252 1586 43 21 av
1316 1575 196 34 narkotika,
1536 1573 177 40 nämligen

225 1637 299 39 morfingruppen,
544 1635 290 39 kokaingruppen
852 1634 65 29 och
935 1632 336 39 cannabisgruppen.
1291 1630 137 29 Medlen
1447 1630 37 28 är
1503 1629 179 38 upptagna
1699 1626 11 28 i

232 1693 93 29 olika
353 1691 271 39 förteckningar,
654 1699 75 21 som
757 1690 37 29 är
822 1688 124 40 fogade
972 1687 55 30 till
1053 1685 361 31 konventionstexten.
1443 1683 75 30 Den
1546 1681 167 30 omfattar

232 1745 192 30 emellertid
451 1745 72 29 inte
551 1744 41 29 de
620 1740 352 41 beroendeskapande
1000 1739 112 30 medel
1142 1748 74 21 som
1245 1737 195 30 dominerat
1469 1736 67 29 den
1565 1735 149 30 svenska

230 1797 316 31 missbruksbilden
567 1796 111 30 under
700 1804 121 22 senare
842 1795 47 35 år,
911 1793 176 40 nämligen
1107 1793 42 30 de
1170 1788 385 34 centralstimulerande
1575 1787 139 31 medlen

233 1861 73 21 som
330 1854 23 27 t.
378 1861 50 20 ex.
452 1850 162 40 preludin
637 1850 65 29 och
725 1849 151 29 ritalina.
901 1848 74 29 Inte
999 1846 107 30 heller
1130 1845 167 30 omfattar
1320 1843 260 30 konventionen
1602 1842 112 29 hallu-

228 1903 353 40 cinationsskapande
604 1902 112 30 medel
740 1911 75 21 som
836 1903 24 28 t.
874 1910 50 20 ex.
947 1900 93 30 LSD.
1064 1900 13 28 I
1102 1899 136 39 Sverige
1261 1898 64 29 har
1347 1896 193 30 emellertid
1563 1896 86 29 även
1673 1894 41 29 de

231 1969 48 20 nu
298 1958 155 31 nämnda
472 1958 138 29 medlen
628 1956 162 30 hänförts
807 1955 53 30 till
879 1954 197 30 narkotika.
1095 1952 266 30 Konventionen
1380 1950 139 40 medger
1538 1949 176 39 nämligen

233 2013 41 29 de
291 2013 94 29 olika
401 2011 170 30 länderna
588 2012 50 28 att
656 2010 47 30 ha
719 2019 42 20 en
780 2018 95 21 mera
894 2006 218 31 omfattande
1129 2006 82 29 eller
1230 2005 164 30 striktare
1412 2003 153 30 kontroll
1584 2004 45 28 än
1648 2002 66 29 den

234 2076 75 20 som
326 2066 151 29 förutses
493 2065 12 29 i
520 2063 269 31 konventionen.

276 2119 143 29 Liksom
436 2117 209 30 kommittén
662 2117 65 29 och
742 2115 349 30 remissinstanserna
1108 2122 101 21 anser
1225 2112 60 39 jag
1301 2112 56 29 det
1376 2110 222 40 synnerligen
1614 2117 101 31 ange-

233 2174 90 38 läget
341 2174 49 28 att
409 2182 43 19 en
469 2171 152 39 enhetlig
638 2168 260 32 internationell
915 2167 152 30 kontroll
1085 2166 160 39 utvidgas
1263 2165 53 29 till
1334 2166 50 28 att
1402 2163 149 31 omfatta
1569 2164 86 29 även
1674 2162 41 29 de

232 2223 394 35 centralstimulerande,
647 2219 541 35 hallucinationsframkallande,
1211 2218 176 40 lugnande
1409 2217 65 30 och
1497 2215 218 40 sömngivan-

232 2280 41 29 de
295 2279 147 30 medlen.
465 2279 53 28 En
540 2276 147 31 effektiv
707 2275 237 40 bekämpning
966 2283 41 21 av
1029 2271 427 32 läkemedelsmissbruket
1479 2270 64 29 och
1566 2269 149 29 framför

233 2334 60 28 allt
319 2332 169 30 effektiva
513 2330 159 40 åtgärder
698 2331 72 28 mot
797 2328 242 39 smugglingen
1064 2336 41 20 av
1129 2324 354 40 beroendeskapande
1508 2323 112 29 medel
1645 2323 71 28 kan

233 2388 72 28 inte
321 2385 221 40 genomföras
557 2387 87 27 utan
657 2393 43 20 en
716 2382 152 40 enhetlig
882 2380 259 31 internationell
1157 2378 163 31 kontroll.
1338 2378 81 30 Som
1435 2377 154 39 exempel
1605 2375 111 40 härpå

232 2440 60 30 vill
316 2440 59 39 jag
399 2439 123 30 endast
546 2438 131 29 nämna
701 2437 67 29 den
792 2436 64 30 här
880 2435 12 29 i
917 2434 117 30 landet
1060 2433 153 39 alltjämt
1238 2432 156 30 aktuella
1416 2430 299 40 preludinfrågan.

229 2493 182 38 Samtidigt
437 2501 74 21 som
536 2492 61 28 allt
623 2490 156 30 starkare
803 2488 201 30 restriktiva
1028 2486 159 40 åtgärder
1213 2487 86 28 satts
1324 2485 37 29 in
1385 2485 11 29 i
1422 2484 135 38 Sverige
1584 2483 53 29 för
1663 2484 49 27 att

234 2547 191 39 nedbringa
449 2546 66 29 den
538 2545 111 39 legala
672 2542 284 39 förskrivningen
978 2551 42 20 av
1043 2541 94 29 detta
1160 2539 112 30 medel
1296 2539 63 29 har
1385 2537 241 40 smugglingen
1649 2536 68 30 till-
