1902 2786
292 128 40 28 46
617 125 387 30 Jordbruksutskottets
1026 124 180 30 utlåtande
1226 134 43 20 nr
1292 124 14 28 1
1330 124 40 30 år
1392 123 83 30 1960

298 210 64 30 258
376 210 63 29 000
461 210 139 29 kronor.
624 210 65 29 Det
712 209 96 30 torde
830 209 37 30 få
890 208 188 30 ankomma
1099 208 48 39 på
1167 207 124 40 Kungl.
1314 207 107 39 Maj:t
1443 207 93 36 eller,
1558 206 89 31 efter
1670 206 124 40 Kungl.

298 260 124 40 Maj:ts
442 259 289 41 bemyndigande,
750 259 45 40 på
814 258 343 40 högskolestyrelsen
1177 259 49 29 att
1246 257 80 30 med
1346 256 195 31 beaktande
1563 266 42 20 av
1625 256 67 30 vad
1712 265 83 31 nyss

297 313 95 37 sagts
415 310 194 30 bestämma
633 310 67 29 den
723 310 162 29 närmare
909 308 254 39 dispositionen
1188 317 39 21 av
1254 308 187 39 anslaget.»

341 393 183 31 Utskottet.
543 394 54 29 Då
615 393 125 40 Kungl.
760 393 124 38 Maj:ts
904 391 128 40 förslag
1050 392 77 29 icke
1148 391 196 30 föranleder
1363 391 114 39 någon
1497 391 189 29 utskottets
1705 390 89 29 erin-

296 453 75 25 ran,
389 444 200 30 hemställer
608 443 179 35 utskottet,

650 495 50 28 att
715 493 188 39 riksdagen
921 492 57 30 må
993 493 52 29 till
1061 491 397 39 Lantbrukshögskolan
1475 491 63 29 och
1555 492 134 28 statens
1706 491 89 29 lant-

606 543 246 39 bruksförsök:
870 542 287 40 Nyanskaffning
1175 542 63 29 och
1256 541 187 30 underhåll
1458 550 42 21 av
1518 540 204 41 utrustning
1740 540 53 30 för

601 593 203 40 budgetåret
828 593 147 35 1960/61
999 593 122 29 anvisa
1144 594 48 28 ett
1212 592 356 39 reservationsanslag
1590 601 42 21 av
1654 591 63 30 258
1730 590 63 31 000

604 645 139 28 kronor.

342 796 98 33 33:0)
476 795 391 36 Lantbrukshögskolan
900 795 64 29 och
995 796 131 28 statens
1159 793 319 30 lantbruksförsök:
1513 793 183 35 Bokinköp
1727 793 65 29 och

292 846 247 35 bokbindning.
560 846 13 29 I
596 845 153 39 enlighet
767 844 80 31 med
868 845 125 39 Kungl.
1014 843 125 40 Maj:ts
1159 843 260 40 framställning
1439 843 112 30 under
1570 843 160 39 punkten
1749 842 40 29 47

298 899 44 29 (s.
370 896 187 34 125—-126)
590 904 58 21 om
672 904 43 21 en
739 894 79 30 från
845 895 40 29 75
898 894 63 30 000
986 895 50 29 kr.
1063 894 52 30 till
1142 894 41 29 85
1197 893 61 30 000
1283 894 52 30 kr.
1361 893 86 40 höjd
1471 893 320 39 medelsanvisning

292 946 201 29 hemställer
515 946 183 34 utskottet,

647 997 50 28 att
713 995 187 40 riksdagen
916 995 57 30 må
989 995 51 29 till
1055 993 398 41 Lantbrukshögskolan
1471 994 63 29 och
1552 995 133 28 statens
1703 994 89 29 lant-

600 1045 246 40 bruksförsök:
862 1044 184 40 Bokinköp
1061 1044 65 30 och
1143 1043 238 40 bokbindning
1396 1044 54 30 för
1464 1044 204 40 budgetåret
1687 1043 105 34 1960/

602 1096 37 29 61
663 1096 119 29 anvisa
799 1098 49 27 ett
867 1095 355 39 reservationsanslag
1242 1103 40 21 av
1301 1094 42 30 85
1356 1094 64 29 000
1441 1095 140 29 kronor.

336 1247 97 34 34:0)
465 1247 391 35 Lantbrukshögskolan
886 1247 64 29 och
978 1248 130 28 statens
1140 1246 318 29 lantbruksförsök:
1491 1245 107 30 Lokal
1628 1245 63 30 och
1720 1246 70 28 fast

290 1297 371 29 försöksverksamhet.
682 1296 114 31 Under
817 1297 159 39 punkten
996 1295 42 30 48
1063 1296 44 34 (s.
1131 1295 187 35 126—127)
1344 1296 65 29 har
1428 1295 126 40 Kungl.
1576 1295 105 40 Maj:t
1701 1294 88 31 före-

292 1347 103 39 slagit
416 1357 43 20 en
479 1346 293 40 medelsavisning
795 1356 41 20 av
859 1346 63 30 938
937 1346 61 30 800
1022 1347 63 33 kr.,
1107 1346 108 30 vilket
1237 1347 37 28 är
1297 1346 16 29 7
1330 1345 63 30 300
1416 1346 51 28 kr.
1490 1354 74 21 mer
1587 1347 45 29 än
1656 1345 57 30 det
1735 1345 55 29 för

290 1397 236 30 innevarande
550 1397 171 39 budgetår
745 1397 165 30 anvisade
934 1396 170 40 beloppet.

332 1479 394 40 Departementschefen
747 1480 64 30 har
833 1480 89 29 efter
942 1480 217 39 redogörelse
1182 1479 53 31 för
1254 1480 360 39 högskolestyrelsens
1635 1479 155 40 anslags-

290 1530 190 35 äskanden,
503 1530 238 30 innebärande
763 1529 131 40 förslag
917 1539 56 21 om
995 1530 132 39 ökning
1151 1539 41 21 av
1213 1529 156 40 anslaget
1392 1529 78 30 med
1493 1529 41 30 20
1548 1528 63 31 300
1633 1529 64 37 kr.,
1719 1529 71 30 för-

290 1580 102 29 ordat
413 1581 50 29 att
484 1581 157 38 anslaget
665 1580 72 30 dels
758 1580 205 40 uppräknas
983 1580 80 29 med
1087 1580 38 29 17
1141 1579 61 30 300
1224 1580 52 29 kr.
1298 1579 56 31 för
1375 1580 172 30 täckande
1569 1588 43 21 av
1633 1581 156 29 automa-

291 1630 92 30 tiska
401 1630 353 40 kostnadsökningar,
774 1631 73 29 dels
867 1630 158 30 minskas
1046 1630 81 29 med
1146 1631 48 29 ett
1213 1630 53 29 för
1284 1629 237 30 innevarande
1539 1630 171 39 budgetår
1730 1639 61 21 an-

289 1680 91 30 visat
398 1680 280 40 engångsbelopp
695 1681 19 29 å
733 1680 39 29 10
785 1680 64 30 000
866 1681 52 29 kr.

333 1764 183 30 Utskottet.
538 1764 77 29 Den
637 1773 42 20 av
699 1764 124 38 Kungl.
844 1763 106 39 Maj:t
970 1764 197 39 framlagda
1186 1763 378 40 anslagsberäkningen
1586 1763 197 30 föranleder

288 1814 104 38 ingen
412 1814 217 39 invändning
653 1814 79 30 från
753 1814 190 30 utskottets
965 1814 84 30 sida.
1073 1814 176 30 Utskottet
1269 1814 203 30 hemställer
1495 1814 159 34 sålunda,

642 1866 51 28 att
707 1864 187 39 riksdagen
909 1864 59 30 må
982 1864 53 30 till
1050 1864 397 40 Lantbrukshögskolan
1464 1864 64 29 och
1545 1865 134 29 statens
1696 1865 89 29 lant-

598 1914 246 40 bruksförsök:
868 1914 110 30 Lokal
999 1915 63 29 och
1084 1914 74 40 fast
1178 1914 364 40 försöksverksamhet
1565 1914 57 30 för
1641 1914 141 40 budget-

597 1965 74 30 året
689 1965 143 40 1960/61
853 1965 121 29 anvisa
989 1967 47 27 ett
1052 1965 358 38 reservationsanslag
1425 1974 41 20 av
1483 1964 63 30 938
1560 1964 64 30 800
1642 1965 139 29 kronor.

331 2108 98 34 353:0)
458 2109 389 35 Lantbrukshögskolan
873 2110 63 28 och
961 2111 129 27 statens
1116 2109 318 29 lantbruksförsök:
1459 2108 328 30 Jordbruksdriften

285 2159 57 28 vid
364 2161 129 27 statens
515 2159 276 35 försöksgårdar.
813 2159 127 39 Kungl.
964 2159 121 38 Maj:ts
1108 2159 111 29 under
1240 2159 159 39 punkten
1422 2158 40 30 49
1489 2159 42 33 (s.
1557 2157 79 35 128)
1663 2157 122 40 gjorda

286 2208 270 38 framställning,
577 2218 76 20 som
672 2208 144 30 innebär
835 2211 51 27 att
904 2209 155 39 anslaget
1077 2208 167 40 uppföres
1261 2209 80 29 med
1359 2210 49 28 ett
1425 2207 153 31 formellt
1597 2208 125 39 belopp
1739 2218 41 19 av

289 2259 61 29 100
372 2259 63 34 kr.,
458 2258 193 40 tillstyrkes
674 2268 41 20 av
737 2259 181 34 utskottet,
942 2268 74 20 som
1039 2259 104 29 alltså
1163 2259 210 34 hemställer,

641 2311 50 28 att
707 2309 188 39 riksdagen
910 2309 56 30 må
981 2309 51 29 till
1049 2308 397 40 Lantbrukshögskolan
1463 2308 62 29 och
1543 2310 134 28 statens
1695 2309 86 29 lant-

597 2359 246 39 bruksförsök:
862 2359 331 39 Jordbruksdriften
1213 2359 55 30 vid
1286 2360 134 29 statens
1439 2358 269 40 försöksgårdar
1727 2359 56 29 för

594 2410 205 38 budgetåret
822 2410 143 35 1960/61
992 2409 122 30 anvisa
1135 2412 47 27 ett
1203 2409 271 39 förslagsanslag
1494 2418 41 20 av
1558 2409 61 30 100
1640 2409 141 29 kronor.
