1920 2784
294 146 60 31 118
615 148 388 31 Jordbruksutskottets
1025 149 180 30 utlåtande
1226 159 43 21 nr
1291 151 14 28 1
1328 151 39 30 år
1389 151 84 29 1960

296 230 127 30 säkran
446 239 58 21 om
526 231 130 39 bidrag.
681 232 66 29 Det
771 241 100 30 synes
894 233 171 30 utskottet
1087 233 133 39 rimligt
1244 236 50 28 att
1316 235 102 29 dessa
1440 234 112 30 löften
1575 234 137 30 infrias.
1736 235 53 28 En

296 280 81 38 plan
401 280 55 30 för
480 281 202 39 avveckling
706 291 43 20 av
773 284 130 28 statens
928 283 191 30 moraliska
1143 283 202 31 utfästelser
1369 284 62 29 bör
1455 284 122 30 därför
1600 284 189 30 utarbetas.

296 330 117 29 Redan
436 330 56 30 för
514 331 293 31 nästkommande
828 332 170 39 budgetår
1019 332 61 30 bör
1101 333 90 30 dock
1215 334 106 39 enligt
1343 335 190 29 utskottets
1556 334 142 40 mening
1720 343 70 21 me-

296 379 53 29 del
374 379 142 30 anvisas
539 389 73 21 som
635 380 182 40 inledning
840 381 51 30 till
917 382 115 29 denna
1056 382 204 40 avveckling
1284 383 63 29 och
1371 384 172 29 utskottet
1568 383 148 30 föreslår
1741 386 48 27 ett

294 429 119 39 anslag
435 439 43 20 av
502 431 93 29 1500
610 431 61 30 000
694 431 131 30 kronor
847 431 54 30 för
924 432 208 30 ändamålet.

338 480 227 31 Beträffande
585 482 121 39 anslag
726 482 54 29 till
800 482 321 40 byggnadsarbeten
1141 484 59 29 vid
1220 484 154 30 nämnda
1395 484 128 35 skolor,
1546 494 74 20 som
1641 485 72 29 kan
1734 484 55 30 be-

293 530 117 30 finnas
437 531 282 40 oundgängligen
748 533 221 39 nödvändiga
996 534 110 29 under
1133 534 206 39 budgetåret
1371 533 147 36 1960/61
1551 534 156 30 ansluter
1737 534 51 39 sig

294 581 163 30 utskottet
476 582 53 29 till
549 582 121 38 Kungl.
691 583 122 36 Maj:ts
833 583 130 38 förslag
984 584 63 29 och
1067 585 94 29 delar
1182 586 87 28 även
1288 585 394 37 departementschefens
1703 594 85 28 upp-

294 630 160 40 fattning,
474 633 51 27 att
542 632 57 29 det
616 632 38 29 är
671 632 178 39 angeläget
868 635 50 27 att
936 634 68 29 den
1022 633 163 30 fortsatta
1203 634 228 39 planeringen
1449 644 43 20 av
1509 635 67 29 den
1593 635 195 39 byggnads-

293 680 222 30 verksamhet
535 690 119 21 varom
675 681 65 30 här
763 683 37 28 är
820 682 99 40 fråga
939 683 11 29 i
972 684 172 29 avvaktan
1167 684 46 39 på
1236 684 82 29 1955
1340 684 57 30 års
1418 684 369 31 lantbruksundervis-

292 730 306 39 ningskommittés
622 731 132 40 förslag
778 733 137 39 präglas
939 743 43 20 av
1005 733 206 30 vaksamhet
1237 734 38 30 så
1299 736 49 28 att
1372 734 303 40 felinvesteringar
1699 735 88 29 und-

291 780 106 30 vikes.
418 781 13 28 I
451 781 220 30 konsekvens
691 781 146 31 härmed
858 792 103 20 anser
981 783 169 30 utskottet
1171 786 51 27 att
1243 784 300 30 förhandsbesked
1565 794 57 20 om
1642 785 145 38 tillstyr-

292 830 69 29 kan
383 840 41 20 av
446 831 211 39 statsbidrag
679 832 53 29 till
755 832 198 39 byggnader
975 833 57 30 vid
1054 833 267 39 ifrågavarande
1343 834 444 40 undervisningsanstalter

291 880 74 30 icke
387 880 12 29 i
421 880 275 41 fortsättningen
718 881 64 30 bör
803 882 171 30 utfärdas.

335 930 176 30 Utskottet
533 940 101 21 anser
655 932 120 29 vidare
798 934 48 28 att
868 932 194 31 oberoende
1083 943 42 20 av
1146 943 59 20 om
1228 934 199 39 grunderna
1450 934 56 30 för
1527 934 195 40 beräkning
1745 944 41 20 av

290 979 311 41 bidragsbeloppen
626 982 12 28 i
664 981 191 30 framtiden
880 982 161 30 kommer
1067 985 49 28 att
1143 984 130 30 ändras
1299 985 82 28 eller
1407 984 87 35 icke,
1523 985 263 39 anslagsbevilj-

290 1030 83 39 ning
394 1030 66 30 och
482 1030 361 41 bidragsutbetalning
865 1032 56 30 för
943 1033 65 29 här
1029 1033 147 30 berörda
1200 1034 163 29 ändamål
1385 1034 63 30 bör
1472 1034 43 40 gå
1537 1034 95 30 hand
1654 1035 12 29 i
1689 1035 96 29 hand

291 1080 37 29 så
355 1082 50 28 att
432 1080 11 30 i
472 1080 275 40 fortsättningen
775 1082 278 31 hittillsvarande
1081 1082 254 41 eftersläpning
1363 1084 11 29 i
1404 1084 381 40 statsbidragsutbetal-

289 1130 127 39 ningen
433 1131 182 30 undvikes.

333 1180 115 30 Under
468 1180 219 40 åberopande
708 1191 43 20 av
770 1182 57 29 det
847 1182 149 30 anförda
1016 1182 202 31 hemställer
1238 1184 179 34 utskottet,

642 1231 23 29 I.
685 1233 52 28 att
755 1232 186 39 riksdagen
959 1232 58 30 må

641 1282 35 33 a)
704 1282 11 28 i
738 1282 187 39 anledning
948 1292 43 20 av
1011 1283 220 30 motionerna
1254 1283 28 30 I:
1298 1283 40 30 47
1361 1284 66 29 och
1450 1284 46 30 II:
1513 1284 50 35 55,
1587 1284 28 30 I:
1634 1284 62 30 136
1719 1284 65 30 och

598 1331 44 30 II:
657 1332 67 38 165,
754 1332 101 30 1:325
883 1333 66 29 och
976 1333 129 35 11:406,
1133 1333 29 30 1:
1181 1333 61 30 477
1271 1334 64 29 och
1363 1334 44 29 II:
1425 1334 63 30 586
1518 1337 90 27 samt
1636 1334 29 30 1:
1681 1334 63 30 487
1774 1335 11 29 i

597 1381 168 30 skrivelse
788 1382 50 29 till
863 1382 127 39 Kungl.
1014 1383 105 39 Maj:t
1142 1383 186 30 hemställa
1352 1386 50 27 att
1425 1393 44 21 en
1492 1384 84 39 plan
1599 1386 185 38 upprättas

597 1430 53 30 för
671 1432 202 39 avveckling
894 1442 42 19 av
955 1432 299 40 eftersläpningen
1273 1434 11 29 i
1305 1433 98 40 fråga
1423 1443 58 20 om
1503 1434 219 40 utbetalning
1744 1444 41 20 av

597 1481 211 39 statsbidrag
826 1482 52 29 till
895 1482 96 30 vissa
1008 1482 644 41 lantbruksundervisningsanstalter;

638 1530 38 35 b)
705 1531 75 30 dels
804 1532 105 38 enligt
934 1532 126 39 Kungl.
1084 1533 126 39 Maj:ts
1235 1532 261 41 framställning
1521 1534 115 30 såsom
1661 1534 123 40 bidrag

596 1581 51 29 till
671 1580 268 40 ifrågavarande
963 1581 325 40 byggnadsarbeten
1312 1584 111 29 under
1447 1584 205 39 budgetåret
1680 1584 103 37 1960/

596 1630 37 30 61
656 1630 124 30 anvisa
799 1630 61 30 500
875 1630 63 31 000
958 1631 140 34 kronor,

638 1680 75 30 dels
738 1690 74 20 som
834 1681 182 39 inledning
1038 1681 51 30 till
1114 1681 68 30 den
1205 1682 113 30 under
1340 1682 45 35 A)
1414 1682 200 41 föreslagna
1637 1684 145 30 avveck-

594 1730 119 40 lingen
735 1730 120 33 anvisa
877 1731 95 30 1500
987 1731 62 32 000
1070 1732 131 30 kronor
1222 1732 82 30 eller
1326 1734 233 39 sammanlagt
1579 1734 53 29 till
1653 1734 129 40 Bidrag

593 1780 52 30 till
663 1781 323 39 byggnadsarbeten
1006 1782 55 30 vid
1079 1782 91 31 vissa
1189 1783 592 41 lantbruksundervisningsanstal-

596 1832 49 28 ter
666 1831 123 30 anvisa
808 1833 47 28 ett
875 1832 358 40 reservationsanslag
1253 1842 42 20 av
1314 1833 18 30 2
1347 1833 62 30 000
1424 1833 64 30 000
1508 1833 145 36 kronor;

638 1882 40 29 II.
696 1884 52 28 att
763 1883 220 30 motionerna
999 1883 29 29 I:
1043 1882 39 31 47
1100 1883 66 30 och
1182 1883 46 30 I1:
1246 1883 50 35 35,
1314 1884 27 29 I:
1360 1884 61 29 136
1439 1884 66 30 och
1521 1884 44 29 II:
1584 1884 71 35 165,
1673 1885 29 29 I:
1720 1884 62 30 325

594 1932 64 29 och
680 1932 46 30 II:
742 1932 70 35 406,
833 1933 27 29 I:
875 1933 60 29 477
957 1933 65 30 och
1043 1933 117 30 II:586
1183 1936 87 28 samt
1292 1934 27 29 I:
1335 1933 62 30 487
1418 1934 12 29 i
1451 1934 68 30 den
1539 1935 82 29 mån
1642 1935 43 29 de
1705 1935 77 29 icke

592 1981 181 31 besvarats
792 1982 12 30 i
823 1983 57 29 det
901 1982 208 40 föregående
1129 1983 78 30 icke
1228 1983 58 30 må
1307 1984 182 30 föranleda
1510 1984 114 40 någon
1646 1985 136 30 riksda-

592 2039 82 31 gens
699 2031 153 40 åtgärd.»

328 2121 40 34 C)
393 2131 42 21 av
453 2122 83 30 herr
554 2122 195 31 Eskilsson.

328 2213 29 29 6.
381 2213 57 31 vid
459 2215 159 39 punkten
641 2215 101 35 93:0)
774 2215 220 41 (Ersättning
1016 2216 51 30 till
1089 2217 264 30 domänverkets
1376 2217 85 30 fond
1484 2218 55 29 för
1561 2217 142 38 utgifter
1725 2219 59 29 vid

283 2264 131 30 statens
436 2265 225 39 skogsskolor
680 2274 48 21 m.
749 2275 62 22 m.:
834 2266 258 31 Omkostnader
1112 2276 46 20 m.
1180 2266 64 35 m.)

327 2314 44 33 A)
403 2323 42 21 av
469 2314 123 30 herrar
615 2315 134 39 Sigfrid
772 2315 151 31 Larsson
950 2316 66 30 och
1040 2317 186 36 Jonasson,
1252 2316 94 30 vilka
1371 2318 115 29 ansett
1510 2318 52 29 att
1587 2318 191 30 utskottets

282 2363 160 39 yttrande
464 2364 66 30 och
550 2365 213 30 hemställan
782 2365 76 30 bort
877 2366 47 30 ha
944 2365 157 40 följande
1121 2366 148 40 lydelse:

329 2414 32 29 »I
381 2414 221 31 motionerna
623 2416 28 29 I:
668 2415 62 31 132
752 2415 65 30 och
836 2416 45 30 II:
899 2416 62 30 168
981 2415 202 33 hemställes
1204 2425 58 21 om
1282 2418 47 28 ett
1350 2416 133 39 statligt
1503 2416 211 41 driftbidrag
1733 2417 46 40 på
