1912 2822
282 170 21 30 4
708 167 105 28 Andra
837 165 202 35 lagutskottets
1060 163 153 30 utlåtande
1236 162 44 29 Nr
1303 164 48 26 26.

333 246 112 32 Såsom
468 256 41 20 av
532 244 53 31 det
608 243 10 31 i
642 242 160 32 motionen
826 240 170 38 återgivna
1019 239 152 38 utdraget
1193 250 40 20 ur
1257 234 520 41 fattigvårdslagstiftningskom-

289 289 130 32 mitténs
445 287 203 33 betänkande
676 286 154 37 framgår,
856 285 61 31 har
942 285 51 31 det
1021 284 50 31 för
1096 282 192 32 kommittén
1312 281 185 38 avgörande
1523 279 106 32 skälet
1653 279 53 31 till
1731 279 47 30 in-

289 333 133 32 förande
444 344 40 20 av
506 330 252 39 ifrågavarande
780 329 177 38 stadgande
978 328 87 31 varit
1085 327 60 32 den
1167 325 174 39 betydelse,
1366 325 178 31 detsamma
1565 323 105 31 skulle
1690 323 88 31 kom-

291 390 51 20 ma
366 380 47 30 att
439 377 35 32 få
500 376 70 32 med
596 375 130 38 hänsyn
752 374 53 32 till
831 373 190 32 minskande
1047 385 40 20 av
1115 370 407 39 fattigvårdsprocesserna
1546 367 118 32 mellan
1689 367 90 32 kom-

291 434 165 21 munerna.
494 421 49 32 De
571 433 41 20 av
639 419 236 33 motionärerna
904 417 200 33 framhållna
1131 415 249 39 olägenheterna
1407 427 41 19 av
1476 413 193 39 stadgandet
1695 412 86 31 hava

291 468 143 31 däremot
455 466 71 32 icke
548 478 40 20 av
609 464 192 33 kommittén
823 463 152 32 tillmätts
999 463 105 37 någon
1127 460 176 38 betydelse.

332 520 17 31 I
371 518 239 40 propositionen
633 529 38 19 nr
696 518 61 30 135
780 517 53 31 till
858 516 84 31 1918
967 516 51 30 års
1043 514 134 37 riksdag
1200 513 71 31 med
1295 512 125 37 förslag
1439 510 53 32 till
1515 511 56 37 lag
1593 522 49 19 om
1667 509 111 37 fattig-

288 564 122 32 vården
441 562 216 33 behandlades
688 560 254 39 ifrågavarande
972 559 223 32 bestämmelse
1227 557 11 31 i
1270 555 236 38 sammanhang
1538 555 71 31 med
1641 555 137 31 bestäm-

291 609 120 32 melsen
434 608 12 32 i
470 609 39 31 49
535 607 18 39 8
581 608 15 30 1
623 618 106 25 mom.,
755 608 49 30 att
826 604 114 32 hinder
966 604 50 31 för
1040 603 133 32 förvärv
1196 614 42 20 av
1261 601 209 32 hemortsrätt
1493 600 71 31 icke
1588 598 106 33 skulle
1719 598 62 32 för-

289 654 131 33 anledas
443 666 39 20 av
505 660 44 25 nt
571 651 217 33 omförmälda
807 650 74 39 slag
902 662 40 20 av
967 648 192 39 fattigvård.
1182 646 203 32 Kommittén
1406 645 83 33 hade
1508 643 168 40 nämligen
1700 643 79 32 före-

291 699 109 38 slagit,
423 702 47 29 att
491 697 191 38 fattigvård,
705 708 67 20 som
791 695 71 32 icke
882 697 133 29 ersattes
1036 706 40 19 av
1095 692 348 36 hemortskommunen,
1465 690 71 31 icke
1555 689 101 32 heller
1676 687 105 33 skulle

290 746 116 35 utgöra
428 742 114 31 hinder
567 742 50 30 för
641 741 133 31 förvärv
797 752 41 19 av
861 739 219 31 hemortsrätt.
1106 737 112 32 Såsom
1242 735 72 31 skäl
1339 735 51 31 för
1410 746 39 20 en
1473 733 102 32 sådan
1600 732 181 36 anordning

290 788 83 31 hade
390 786 192 32 kommittén
598 785 121 37 anfört,
740 787 48 28 att
807 783 111 38 dylikt
936 781 156 33 samband
1112 780 87 38 gjort
1218 780 51 37 sig
1286 779 153 38 gällande
1456 779 11 31 i
1486 777 102 33 dansk
1608 777 57 31 och
1684 776 97 31 norsk

293 828 422 42 fattigvårdslagstiftning,
738 831 48 29 att
809 827 61 38 det,
894 827 41 32 då
957 825 222 39 fattigvården
1202 824 71 32 icke
1295 825 143 34 ersattes,
1461 822 72 31 icke
1556 821 91 32 bleve
1669 831 113 27 genom

290 876 354 32 hemortskommunens
662 876 74 35 eget
754 871 213 39 medgivande
987 871 78 31 eller
1084 881 114 27 genom
1219 868 172 38 rättegång
1408 867 57 32 vid
1485 867 70 31 dess
1575 864 208 33 meddelande

291 924 110 34 utrett,
421 923 52 29 att
496 918 222 39 fattigvården
739 917 169 37 verkligen
929 916 111 37 utgått
1060 915 59 31 och
1144 919 86 26 ännu
1254 912 124 32 mindre
1401 914 48 29 att
1471 911 60 32 den
1554 910 87 32 varit
1661 909 122 37 obliga-

292 965 111 36 torisk,
431 967 83 28 samt
541 966 48 29 att
617 964 60 31 den
704 961 289 37 omständigheten,
1022 963 47 28 att
1096 970 38 20 en
1160 969 114 27 person
1300 957 128 31 komme
1454 956 11 30 i
1490 955 104 31 behov
1620 967 41 19 av
1688 953 95 38 dylik

291 1008 155 38 tillfällig
469 1007 192 38 fattigvård,
684 1006 72 31 icke
778 1005 109 32 kunde
907 1009 97 33 sägas
1028 1004 70 31 med
1121 1001 243 38 nödvändighet
1385 999 109 32 utvisa
1518 1011 38 19 en
1579 999 101 31 sådan
1703 997 82 32 brist

293 1054 11 30 i
333 1052 389 38 försörjningsförmågan
749 1050 58 31 hos
835 1049 126 38 honom,
987 1050 51 30 att
1063 1047 66 32 han
1156 1046 71 32 icke
1254 1045 96 32 borde
1377 1044 114 31 kunna
1517 1042 155 32 förändra
1697 1041 86 32 hem-

293 1100 143 30 ortsrätt.

339 1143 69 32 Mot
432 1142 60 32 den
518 1154 40 20 av
584 1137 623 42 fattigvårdslagstiftningskommittén
1234 1136 138 33 sålunda
1398 1135 186 39 föreslagna
1608 1134 177 39 principen,

296 1192 48 28 att
369 1187 67 32 viss
463 1199 88 20 mera
576 1185 154 38 tillfällig
758 1184 181 38 fattigvård
966 1183 70 32 icke
1064 1183 107 32 skulle
1197 1182 136 31 inverka
1358 1182 43 37 på
1426 1180 361 32 hemortsrättsförvärv

294 1232 59 31 och
381 1231 70 32 icke
479 1231 146 31 medföra
651 1233 66 29 rätt
743 1229 52 32 till
821 1228 182 37 ersättning
1030 1240 40 19 av
1097 1226 308 36 hemortskommun,
1433 1225 85 32 hade
1543 1225 10 30 i
1581 1225 38 31 de
1645 1223 143 38 avgivna

296 1276 197 38 yttrandena
516 1275 102 37 gjorts
643 1273 171 37 åtskilliga
837 1272 192 38 erinringar,
1055 1271 100 37 vilka,
1183 1271 9 30 i
1218 1270 64 32 vad
1307 1270 38 31 de
1370 1270 120 36 avsågo
1515 1269 178 31 sedermera
1717 1268 69 35 lag-

298 1321 127 32 fästade
453 1318 250 37 bestämmelser,
733 1318 11 30 i
775 1316 238 40 propositionen
1043 1313 291 35 sammanfattades
1364 1314 43 38 på
1436 1312 144 38 följande
1610 1315 77 29 sätt:
1728 1312 59 31 Be-

298 1364 243 33 stämmelserna
563 1375 77 20 voro
662 1362 168 38 orättvisa,
856 1360 134 34 särskilt
1014 1364 66 28 mot
1103 1359 338 36 stadskommunerna;
1466 1358 38 32 de
1528 1357 123 32 avveko
1675 1356 113 32 alltför

299 1410 131 38 mycket
449 1409 75 32 från
541 1407 273 39 huvudreglerna,
835 1410 49 29 att
900 1405 302 33 hemortssamhälle
1223 1403 105 33 skulle
1348 1406 121 29 ersätta
1487 1401 168 33 meddelad
1676 1399 113 39 fattig-

298 1455 81 31 vård
400 1454 58 32 och
479 1456 49 30 att
547 1452 214 38 obligatorisk
783 1451 181 38 fattigvård
985 1450 102 33 under
1107 1448 401 37 mantalsskrivningsåret
1529 1446 106 32 skulle
1655 1445 135 31 inverka

298 1500 42 37 på
364 1497 375 36 hemortsrättsförvärv;
766 1496 38 31 de
829 1495 165 32 medförde
1019 1493 201 38 svårigheter
1246 1493 49 31 för
1321 1493 37 31 de
1384 1491 185 32 nödställda
1594 1494 47 28 att
1666 1489 123 32 erhålla

298 1543 174 31 understöd
493 1542 57 31 och
571 1541 120 38 gjorde,
713 1543 48 29 att
781 1540 87 32 detta
887 1539 92 32 bleve
997 1539 128 37 knappt
1143 1537 151 37 tillmätt;
1316 1537 37 31 de
1375 1535 186 32 föranledde
1584 1534 109 32 försök
1715 1534 73 31 från

299 1588 249 31 kommunernas
569 1586 71 32 sida
658 1588 48 30 att
724 1584 111 38 skjuta
852 1583 286 37 understödjandet
1159 1582 74 31 från
1252 1581 60 38 sig.

342 1641 72 32 Den
441 1653 40 20 av
507 1639 192 33 kommittén
726 1637 178 33 omfattade
931 1636 168 39 principen
1125 1635 83 33 hade
1234 1633 178 34 emellertid
1439 1633 11 31 i
1479 1636 80 29 stort
1584 1635 64 29 sett
1673 1631 118 33 vunnit

299 1685 191 38 anslutning
509 1685 99 32 bland
628 1684 38 31 de
685 1683 101 32 hörda
805 1681 280 39 myndigheterna,
1106 1680 57 32 och
1185 1685 81 27 även
1288 1678 233 38 föredragande
1542 1678 247 37 departements-

297 1730 116 32 chefen
437 1730 102 37 ansåg
562 1729 187 32 densamma
773 1727 102 38 riktig
896 1726 59 32 och
980 1739 40 19 av
1043 1724 231 33 beskaffenhet
1297 1726 48 30 att
1367 1724 79 31 böra
1468 1724 115 36 läggas
1606 1722 53 32 till
1683 1721 106 38 grund

300 1775 50 31 för
374 1773 262 39 lagstiftningen.
663 1772 109 38 Fråga
796 1783 74 20 vore
896 1769 188 38 emellertid,
1110 1781 51 20 om
1186 1768 58 32 den
1272 1768 113 36 fördel,
1411 1779 66 19 som
1502 1779 74 19 man
1601 1765 188 32 huvudsak-

299 1818 88 38 ligen
412 1821 104 29 avsett
541 1820 49 29 att
613 1816 101 32 vinna
738 1815 71 32 med
836 1815 165 37 förslaget,
1028 1813 164 38 nämligen
1217 1811 190 39 minskning
1430 1812 11 30 i
1468 1809 322 39 fattigvårdsproces-

301 1874 108 21 sernas
436 1862 101 37 antal,
566 1860 174 39 uppvägde
768 1860 38 31 de
833 1859 215 38 olägenheter,
1078 1869 76 26 som,
1184 1858 43 37 på
1255 1860 65 28 sätt
1348 1856 177 37 anmärkts,
1554 1855 11 30 1
1594 1855 89 31 vissa
1710 1854 78 31 hän-

301 1907 135 32 seenden
454 1906 110 32 kunde
583 1906 168 31 förväntas
771 1904 132 31 komma
921 1906 48 29 att
987 1903 129 37 uppstå,
1137 1913 51 20 om
1208 1901 158 37 förslaget
1385 1903 132 34 antoges
1536 1899 9 32 1
1568 1898 49 33 sin
1638 1898 87 32 fulla
1742 1901 49 28 ut-

302 1951 199 37 sträckning.
551 1949 61 33 Ett
651 1948 224 38 övervägande
913 1960 43 19 av
996 1947 105 31 denna
1131 1946 96 38 fråga
1256 1944 174 38 medförde,
1462 1947 48 29 att
1537 1942 254 38 ifrågavarande

300 1995 241 32 bestämmelser
561 1993 93 38 fingo
673 1993 60 31 den
753 1992 199 38 begränsade
972 1990 208 38 omfattning,
1201 2002 44 19 nu
1264 1989 152 38 gällande
1435 1988 57 38 lag
1509 1987 137 32 utvisar.

345 2040 70 31 Mot
453 2040 64 31 vad
559 2037 138 33 sålunda
735 2037 12 31 i
786 2035 240 40 propositionen
1058 2035 155 37 föreslogs
1246 2032 222 33 framställdes
1496 2032 97 38 ingen
1621 2031 129 33 erinran
1780 2031 10 30 i

301 2084 185 39 riksdagen.

345 2129 61 32 Ett
431 2126 317 39 ställningstagande
775 2126 52 32 till
855 2125 211 32 förevarande
1094 2124 120 32 motion
1241 2124 88 31 torde
1357 2124 98 32 alltså
1481 2124 105 32 kräva
1611 2136 39 19 en
1677 2123 114 32 under-

302 2173 147 38 sökning,
472 2171 165 33 huruvida
657 2171 61 32 den
740 2169 217 40 uppfattning
980 2169 134 32 rörande
1137 2169 253 38 ifrågavarande
1412 2168 240 32 bestämmelser
1674 2168 11 31 i
1709 2169 40 31 50
1772 2167 18 38 $

304 2219 17 30 2
348 2230 93 20 mom.
465 2217 12 31 i
504 2215 305 39 fattigvårdslagen,
836 2226 67 20 som
928 2214 112 38 hystes
1066 2213 55 32 vid
1148 2214 111 37 lagens
1285 2213 170 38 tillkomst,
1483 2213 179 32 sedermera
1685 2212 106 38 jävats

305 2274 40 20 av
364 2261 223 33 erfarenheten
608 2260 77 32 eller
705 2259 81 32 icke.

348 2306 63 32 För
435 2306 89 32 detta
547 2304 152 33 ändamål
722 2304 60 32 har
804 2303 56 39 jag
883 2302 219 33 införskaffat
1126 2301 467 39 fattigvårdskonsulenternas
1618 2301 174 39 yttranden

304 2352 11 31 i
337 2351 127 38 frågan,
487 2349 115 33 därvid
623 2349 129 32 åttonde
773 2347 174 38 distriktet,
969 2346 198 33 motionären
1188 2346 172 32 Hedlunds
1381 2346 142 38 distrikt,
1544 2348 248 36 representerats

303 2408 42 20 av
369 2396 61 32 den
453 2395 51 32 för
526 2394 117 32 honom
667 2392 193 33 förordnade
881 2392 160 32 vikarien.

350 2440 56 32 Av
430 2440 40 32 de
495 2438 137 33 sålunda
657 2437 143 38 avgivna
825 2436 197 39 yttrandena
1048 2437 42 37 gå
1116 2447 54 20 sex
1196 2436 11 30 i
1234 2435 234 38 tillstyrkande
1495 2435 156 39 riktning,
1679 2434 114 33 medan

304 2488 48 28 tre
373 2487 162 35 utmynna
557 2483 12 31 i
591 2485 45 29 ett
659 2480 230 40 avstyrkande.
