1872 2780
289 177 42 29 26
644 178 297 37 Statsutskottets
959 183 184 34 utlåtande
1162 197 39 20 nr
1216 188 45 31 56
1277 187 40 32 år
1335 190 87 31 1957

991 281 404 45 Avlöningsstat

610 350 29 30 1.
676 347 216 45 Avlöningar
911 351 52 33 till
983 352 172 35 ordinarie
1175 353 230 43 tjänstemän,
1422 357 161 43 förslags-

673 400 54 34 CCC
788 429 103 8 ERE
908 431 666 14 PET
1631 417 62 30 1753
1708 418 67 30 700

607 455 32 31 2.
675 453 165 35 Arvoden
867 456 66 33 och
959 457 171 34 särskilda
1156 460 247 43 ersättningar,
1430 463 152 34 bestäm-

675 506 45 33 da
738 519 45 22 av
801 508 132 43 Kungl.
952 510 122 42 Maj:t,
1091 512 202 42 förslagsvis
1317 542 256 9 ............
1652 522 42 31 10
1708 523 66 31 300

607 562 31 30 3.
674 559 217 44 Avlöningar
909 562 51 34 till
980 564 99 43 övrig
1096 564 264 38 icke-ordinarie
1379 570 160 41 personal
1565 598 7 6 .
1627 575 147 32 431400

604 614 31 30 4.
672 612 137 43 Rörligt
827 614 132 43 tillägg,
976 616 203 43 förslagsVis
1202 646 370 10 ...ssssssssserr
1541 608 36 56 na
1629 627 63 32 163
1708 629 65 31 900

1285 682 147 35 Summa
1450 684 129 35 kronor
1627 690 62 30 781
1707 691 66 30 300

651 754 31 41 c)
711 754 52 33 till
786 756 272 36 Vårdanstalten
1077 759 13 33 i
1108 759 103 35 Lund
1229 761 55 41 för
1304 762 119 35 blinda
1442 765 81 33 med
1543 761 230 52 komplicerat

603 805 86 43 lyte:
704 807 217 44 Avlöningar
936 810 53 34 för
1005 812 211 37 budgetåret
1233 815 156 43 1957/58
1406 817 121 34 anvisa
1542 824 55 29 ett
1610 819 161 44 förslags-

606 860 120 43 anslag
744 873 46 21 av
808 865 63 30 781
890 867 65 30 300
974 864 139 36 kronor.

329 978 94 42 37:0)
450 978 313 39 Vårdanstalten
796 985 13 33 i
842 986 114 34 Lund
988 988 67 34 för
1087 989 134 35 blinda
1253 992 89 34 med
1375 993 262 44 komplicerat
1668 997 100 42 lyte:

282 1030 304 38 Omkostnader.
611 1035 19 33 I
653 1036 152 43 enlighet
829 1040 81 33 med
933 1040 132 44 Kungl.
1090 1042 127 43 Maj:ts
1241 1044 131 44 förslag
1398 1046 129 43 (punkt
1551 1052 78 37 265,
1654 1062 25 24 s.
1705 1055 66 30 607

281 1084 66 34 och
369 1086 95 42 608),
487 1087 109 35 vilket
618 1089 146 35 innebär
785 1104 43 21 en
852 1094 286 44 anslagshöjning
1159 1098 80 33 med
1265 1102 41 30 18
1320 1103 66 30 400
1410 1101 138 41 kronor,
1571 1103 200 35 hemställer

282 1139 189 41 utskottet,

645 1202 55 28 att
726 1198 186 43 riksdagen
938 1202 58 33 må
1022 1202 53 34 till
1105 1203 272 37 Vårdanstalten
1404 1207 12 34 i
1441 1208 104 34 Lund
1570 1210 56 41 för
1652 1210 119 35 blinda

600 1250 82 33 med
696 1250 231 43 komplicerat
942 1254 85 42 lyte:
1043 1255 260 36 Omkostnader
1317 1259 55 34 för
1388 1260 209 43 budgetåret
1615 1264 155 41 1957/58

600 1303 122 33 anvisa
740 1309 54 29 ett
812 1304 270 46 förslagsanslag
1100 1321 46 21 av
1165 1313 65 30 242
1245 1315 65 30 300
1330 1313 139 37 kronor.

324 1433 93 41 38:0)
446 1433 321 38 Skrivmaskiner
793 1437 45 35 åt
863 1439 204 44 avgående
1095 1443 340 37 blindskolelever.
1463 1448 18 33 I
1509 1449 152 42 enlighet
1688 1452 80 33 med

277 1484 133 44 Kungl.
428 1487 127 41 Maj:ts
573 1488 129 45 förslag
723 1491 130 43 (punkt
872 1496 77 37 266,
967 1507 26 22 s.
1013 1496 95 41 608),
1128 1497 108 34 vilket
1256 1498 146 35 innebär
1421 1512 42 22 en
1483 1503 285 43 anslagshöjning

278 1540 81 32 med
379 1543 43 31 20
436 1544 65 31 500
520 1542 138 41 kronor,
677 1544 202 35 hemställer
897 1548 189 41 utskottet,

642 1602 55 28 att
718 1597 186 44 riksdagen
928 1602 58 33 må
1009 1602 52 33 till
1084 1603 283 36 Skrivmaskiner
1389 1607 39 33 åt
1451 1609 180 41 avgående
1656 1610 111 35 blind-

596 1649 191 35 skolelever
809 1651 54 34 för
885 1653 209 43 budgetåret
1120 1657 155 42 1957/38
1299 1659 124 35 anvisa
1445 1666 53 29 ett
1520 1664 247 34 reservations-

597 1704 121 42 anslag
736 1716 46 21 av
799 1708 44 31 43
858 1709 66 31 600
944 1707 138 36 kronor.

321 1836 93 41 39:0)
441 1836 127 34 Resor
595 1838 66 33 för
688 1839 330 37 blindskolelever
1044 1843 126 42 jämte
1198 1843 225 45 åtföljande
1450 1847 181 37 vårdare.
1661 1852 18 32 I
1707 1864 58 21 en-

274 1887 109 43 lighet
409 1890 80 33 med
513 1890 132 43 Kungl.
670 1892 129 42 Maj:ts
824 1893 130 44 förslag
980 1896 131 42 (punkt
1136 1901 78 38 267,
1240 1911 26 22 s.
1293 1901 95 42 609),
1414 1901 110 35 vilket
1549 1903 147 35 innebär
1721 1918 42 21 en

274 1941 287 45 anslagshöjning
581 1945 80 33 med
682 1949 19 30 5
716 1950 67 30 000
802 1947 140 41 kronor,
962 1949 202 35 hemställer
1183 1953 190 40 utskottet,

640 2003 54 30 att
714 2000 186 43 riksdagen
919 2003 58 33 må
997 2003 52 34 till
1069 2004 112 33 Resor
1198 2005 56 42 för
1273 2006 290 37 blindskolelever
1581 2009 111 42 jämte
1712 2013 52 32 åt-

590 2051 157 42 följande
776 2054 147 34 vårdare
953 2055 54 34 för
1035 2056 210 43 budgetåret
1275 2060 158 42 1957/58
1462 2062 121 34 anvisa
1613 2069 52 29 ett
1695 2065 67 33 för-

593 2105 213 44 slagsanslag
824 2119 46 21 av
890 2111 41 31 53
946 2112 65 31 000
1031 2110 138 34 kronor.

318 2229 94 42 40:0)
440 2231 186 35 Arvoden
644 2231 44 36 åt
704 2234 184 35 blivande
907 2236 252 36 blindlärare.
1178 2238 18 34 I
1214 2239 153 43 enlighet
1386 2243 81 33 med
1486 2243 131 43 Kungl.
1636 2245 127 42 Maj:ts

270 2281 131 45 förslag
420 2284 128 42 (punkt
565 2289 78 37 268,
660 2299 25 22 s.
702 2288 94 41 609),
814 2289 110 34 vilket
941 2289 146 35 innebär
1103 2304 42 20 en
1164 2293 286 44 anslagshöjning
1467 2297 79 33 med
1564 2301 19 30 5
1599 2302 65 30 700
1682 2299 77 33 kro-

270 2348 74 27 nor,
363 2337 201 35 hemställer
581 2340 188 41 utskottet,

635 2398 54 29 att
716 2394 185 43 riksdagen
930 2398 58 32 må
1016 2398 52 34 till
1096 2398 166 36 Arvoden
1290 2402 39 32 åt
1358 2401 164 35 blivande
1551 2403 208 36 blindlärare

589 2445 54 34 för
661 2447 210 43 budgetåret
893 2450 155 42 1957/538
1069 2451 122 34 anvisa
1210 2457 52 29 ett
1281 2453 270 44 förslagsanslag
1571 2469 46 22 av
1638 2461 121 31 17500

587 2500 138 34 kronor.
