<?xml version="1.0" encoding="UTF-8"?>
<alto xmlns="http://www.loc.gov/standards/alto/ns-v3#" xmlns:xlink="http://www.w3.org/1999/xlink" xmlns:xsi="http://www.w3.org/2001/XMLSchema-instance" xsi:schemaLocation="http://www.loc.gov/standards/alto/ns-v3# http://www.loc.gov/alto/v3/alto-3-0.xsd">
	<Description>
		<MeasurementUnit>pixel</MeasurementUnit>
		<sourceImageInformation>
			<fileName>/tmp/tess_gqemvo_m_input.PNG</fileName>
		</sourceImageInformation>
		<OCRProcessing ID="OCR_0">
			<ocrProcessingStep>
				<processingSoftware>
					<softwareName>tesseract 5.3.0</softwareName>
				</processingSoftware>
			</ocrProcessingStep>
		</OCRProcessing>
	</Description>
	<Layout>
		<Page WIDTH="1872" HEIGHT="2782" PHYSICAL_IMG_NR="0" ID="page_0">
			<PrintSpace HPOS="0" VPOS="0" WIDTH="1872" HEIGHT="2782">
				<ComposedBlock ID="cblock_0" HPOS="440" VPOS="171" WIDTH="1140" HEIGHT="34">
					<TextBlock ID="block_0" HPOS="440" VPOS="171" WIDTH="1140" HEIGHT="34">
						<TextLine ID="line_0" HPOS="440" VPOS="171" WIDTH="1140" HEIGHT="34">
							<String ID="string_0" HPOS="440" VPOS="171" WIDTH="298" HEIGHT="34" WC="0.91" CONTENT="Statsutskottets"/><SP WIDTH="16" VPOS="171" HPOS="738"/>
							<String ID="string_1" HPOS="754" VPOS="171" WIDTH="186" HEIGHT="34" WC="0.96" CONTENT="utlåtande"/><SP WIDTH="17" VPOS="171" HPOS="940"/>
							<String ID="string_2" HPOS="957" VPOS="183" WIDTH="42" HEIGHT="21" WC="0.96" CONTENT="nr"/><SP WIDTH="15" VPOS="183" HPOS="999"/>
							<String ID="string_3" HPOS="1014" VPOS="173" WIDTH="45" HEIGHT="32" WC="0.96" CONTENT="56"/><SP WIDTH="17" VPOS="173" HPOS="1059"/>
							<String ID="string_4" HPOS="1076" VPOS="172" WIDTH="38" HEIGHT="32" WC="0.95" CONTENT="år"/><SP WIDTH="18" VPOS="172" HPOS="1114"/>
							<String ID="string_5" HPOS="1132" VPOS="173" WIDTH="87" HEIGHT="30" WC="0.95" CONTENT="1957"/><SP WIDTH="321" VPOS="173" HPOS="1219"/>
							<String ID="string_6" HPOS="1540" VPOS="172" WIDTH="40" HEIGHT="31" WC="0.96" CONTENT="17"/>
						</TextLine>
					</TextBlock>
				</ComposedBlock>
				<ComposedBlock ID="cblock_1" HPOS="88" VPOS="250" WIDTH="1490" HEIGHT="131">
					<TextBlock ID="block_1" HPOS="88" VPOS="250" WIDTH="1490" HEIGHT="131">
						<TextLine ID="line_1" HPOS="134" VPOS="250" WIDTH="1444" HEIGHT="52">
							<String ID="string_7" HPOS="134" VPOS="251" WIDTH="205" HEIGHT="51" WC="0.96" CONTENT="Emellertid"/><SP WIDTH="17" VPOS="251" HPOS="339"/>
							<String ID="string_8" HPOS="356" VPOS="263" WIDTH="104" HEIGHT="30" WC="0.96" CONTENT="synes"/><SP WIDTH="17" VPOS="263" HPOS="460"/>
							<String ID="string_9" HPOS="477" VPOS="251" WIDTH="60" HEIGHT="34" WC="0.96" CONTENT="det"/><SP WIDTH="16" VPOS="251" HPOS="537"/>
							<String ID="string_10" HPOS="553" VPOS="251" WIDTH="184" HEIGHT="42" WC="0.96" CONTENT="olämpligt"/><SP WIDTH="17" VPOS="251" HPOS="737"/>
							<String ID="string_11" HPOS="754" VPOS="256" WIDTH="54" HEIGHT="28" WC="0.96" CONTENT="att"/><SP WIDTH="16" VPOS="256" HPOS="808"/>
							<String ID="string_12" HPOS="824" VPOS="250" WIDTH="195" HEIGHT="34" WC="0.96" CONTENT="föreskriva"/><SP WIDTH="17" VPOS="250" HPOS="1019"/>
							<String ID="string_13" HPOS="1036" VPOS="250" WIDTH="200" HEIGHT="42" WC="0.96" CONTENT="skyldighet"/><SP WIDTH="16" VPOS="250" HPOS="1236"/>
							<String ID="string_14" HPOS="1252" VPOS="250" WIDTH="54" HEIGHT="33" WC="0.96" CONTENT="för"/><SP WIDTH="15" VPOS="250" HPOS="1306"/>
							<String ID="string_15" HPOS="1321" VPOS="250" WIDTH="257" HEIGHT="33" WC="0.95" CONTENT="kommunerna"/>
						</TextLine>
						<TextLine ID="line_2" HPOS="89" VPOS="293" WIDTH="1489" HEIGHT="43">
							<String ID="string_16" HPOS="89" VPOS="301" WIDTH="55" HEIGHT="30" WC="0.96" CONTENT="att"/><SP WIDTH="21" VPOS="301" HPOS="144"/>
							<String ID="string_17" HPOS="165" VPOS="296" WIDTH="269" HEIGHT="34" WC="0.95" CONTENT="tillhandahålla"/><SP WIDTH="21" VPOS="296" HPOS="434"/>
							<String ID="string_18" HPOS="455" VPOS="295" WIDTH="66" HEIGHT="34" WC="0.96" CONTENT="fria"/><SP WIDTH="20" VPOS="295" HPOS="521"/>
							<String ID="string_19" HPOS="541" VPOS="295" WIDTH="216" HEIGHT="34" WC="0.96" CONTENT="läroböcker."/><SP WIDTH="20" VPOS="295" HPOS="757"/>
							<String ID="string_20" HPOS="777" VPOS="295" WIDTH="114" HEIGHT="34" WC="0.96" CONTENT="Detta"/><SP WIDTH="21" VPOS="295" HPOS="891"/>
							<String ID="string_21" HPOS="912" VPOS="295" WIDTH="63" HEIGHT="34" WC="0.96" CONTENT="bör"/><SP WIDTH="22" VPOS="295" HPOS="975"/>
							<String ID="string_22" HPOS="997" VPOS="298" WIDTH="88" HEIGHT="30" WC="0.96" CONTENT="även"/><SP WIDTH="22" VPOS="298" HPOS="1085"/>
							<String ID="string_23" HPOS="1107" VPOS="295" WIDTH="10" HEIGHT="33" WC="0.96" CONTENT="i"/><SP WIDTH="21" VPOS="295" HPOS="1117"/>
							<String ID="string_24" HPOS="1138" VPOS="294" WIDTH="276" HEIGHT="42" WC="0.96" CONTENT="fortsättningen"/><SP WIDTH="22" VPOS="294" HPOS="1414"/>
							<String ID="string_25" HPOS="1436" VPOS="293" WIDTH="36" HEIGHT="34" WC="0.96" CONTENT="få"/><SP WIDTH="21" VPOS="293" HPOS="1472"/>
							<String ID="string_26" HPOS="1493" VPOS="305" WIDTH="85" HEIGHT="21" WC="0.96" CONTENT="vara"/>
						</TextLine>
						<TextLine ID="line_3" HPOS="88" VPOS="339" WIDTH="800" HEIGHT="42">
							<String ID="string_27" HPOS="88" VPOS="353" WIDTH="44" HEIGHT="21" WC="0.96" CONTENT="en"/><SP WIDTH="18" VPOS="353" HPOS="132"/>
							<String ID="string_28" HPOS="150" VPOS="341" WIDTH="275" HEIGHT="33" WC="0.95" CONTENT="kommunernas"/><SP WIDTH="21" VPOS="341" HPOS="425"/>
							<String ID="string_29" HPOS="446" VPOS="339" WIDTH="158" HEIGHT="34" WC="0.95" CONTENT="enskilda"/><SP WIDTH="20" VPOS="339" HPOS="604"/>
							<String ID="string_30" HPOS="624" VPOS="339" WIDTH="264" HEIGHT="42" WC="0.96" CONTENT="angelägenhet."/>
						</TextLine>
					</TextBlock>
				</ComposedBlock>
				<ComposedBlock ID="cblock_2" HPOS="86" VPOS="444" WIDTH="1492" HEIGHT="2087">
					<TextBlock ID="block_2" HPOS="86" VPOS="444" WIDTH="1492" HEIGHT="688">
						<TextLine ID="line_4" HPOS="136" VPOS="444" WIDTH="1440" HEIGHT="46">
							<String ID="string_31" HPOS="136" VPOS="447" WIDTH="194" HEIGHT="34" WC="0.93" CONTENT="Utskottet."/><SP WIDTH="20" VPOS="447" HPOS="330"/>
							<String ID="string_32" HPOS="350" VPOS="447" WIDTH="217" HEIGHT="43" WC="0.91" CONTENT="Spörsmålet"/><SP WIDTH="18" VPOS="447" HPOS="567"/>
							<String ID="string_33" HPOS="585" VPOS="459" WIDTH="58" HEIGHT="21" WC="0.96" CONTENT="om"/><SP WIDTH="18" VPOS="459" HPOS="643"/>
							<String ID="string_34" HPOS="661" VPOS="458" WIDTH="43" HEIGHT="22" WC="0.96" CONTENT="en"/><SP WIDTH="19" VPOS="458" HPOS="704"/>
							<String ID="string_35" HPOS="723" VPOS="446" WIDTH="184" HEIGHT="42" WC="0.96" CONTENT="avlösning"/><SP WIDTH="18" VPOS="446" HPOS="907"/>
							<String ID="string_36" HPOS="925" VPOS="458" WIDTH="46" HEIGHT="21" WC="0.96" CONTENT="av"/><SP WIDTH="18" VPOS="458" HPOS="971"/>
							<String ID="string_37" HPOS="989" VPOS="445" WIDTH="267" HEIGHT="43" WC="0.96" CONTENT="ifrågavarande"/><SP WIDTH="19" VPOS="445" HPOS="1256"/>
							<String ID="string_38" HPOS="1275" VPOS="445" WIDTH="218" HEIGHT="42" WC="0.96" CONTENT="statsbidrag"/><SP WIDTH="17" VPOS="445" HPOS="1493"/>
							<String ID="string_39" HPOS="1510" VPOS="444" WIDTH="66" HEIGHT="34" WC="0.97" CONTENT="och"/>
						</TextLine>
						<TextLine ID="line_5" HPOS="87" VPOS="498" WIDTH="1489" HEIGHT="45">
							<String ID="string_40" HPOS="87" VPOS="514" WIDTH="58" HEIGHT="21" WC="0.96" CONTENT="om"/><SP WIDTH="17" VPOS="514" HPOS="145"/>
							<String ID="string_41" HPOS="162" VPOS="501" WIDTH="271" HEIGHT="42" WC="0.96" CONTENT="kompensation"/><SP WIDTH="18" VPOS="501" HPOS="433"/>
							<String ID="string_42" HPOS="451" VPOS="500" WIDTH="119" HEIGHT="34" WC="0.96" CONTENT="därför"/><SP WIDTH="15" VPOS="500" HPOS="570"/>
							<String ID="string_43" HPOS="585" VPOS="501" WIDTH="11" HEIGHT="33" WC="0.96" CONTENT="i"/><SP WIDTH="17" VPOS="501" HPOS="596"/>
							<String ID="string_44" HPOS="613" VPOS="500" WIDTH="148" HEIGHT="34" WC="0.96" CONTENT="särskild"/><SP WIDTH="17" VPOS="500" HPOS="761"/>
							<String ID="string_45" HPOS="778" VPOS="500" WIDTH="150" HEIGHT="42" WC="0.96" CONTENT="ordning"/><SP WIDTH="16" VPOS="500" HPOS="928"/>
							<String ID="string_46" HPOS="944" VPOS="500" WIDTH="65" HEIGHT="33" WC="0.96" CONTENT="har"/><SP WIDTH="16" VPOS="500" HPOS="1009"/>
							<String ID="string_47" HPOS="1025" VPOS="512" WIDTH="46" HEIGHT="21" WC="0.96" CONTENT="av"/><SP WIDTH="16" VPOS="512" HPOS="1071"/>
							<String ID="string_48" HPOS="1087" VPOS="500" WIDTH="132" HEIGHT="42" WC="0.96" CONTENT="Kungl."/><SP WIDTH="17" VPOS="500" HPOS="1219"/>
							<String ID="string_49" HPOS="1236" VPOS="498" WIDTH="112" HEIGHT="43" WC="0.96" CONTENT="Maj:t"/><SP WIDTH="18" VPOS="498" HPOS="1348"/>
							<String ID="string_50" HPOS="1366" VPOS="498" WIDTH="210" HEIGHT="34" WC="0.96" CONTENT="behandlats"/>
						</TextLine>
						<TextLine ID="line_6" HPOS="88" VPOS="552" WIDTH="1487" HEIGHT="46">
							<String ID="string_51" HPOS="88" VPOS="555" WIDTH="10" HEIGHT="33" WC="0.96" CONTENT="i"/><SP WIDTH="19" VPOS="555" HPOS="98"/>
							<String ID="string_52" HPOS="117" VPOS="555" WIDTH="264" HEIGHT="43" WC="0.96" CONTENT="propositionen"/><SP WIDTH="18" VPOS="555" HPOS="381"/>
							<String ID="string_53" HPOS="399" VPOS="567" WIDTH="42" HEIGHT="20" WC="0.95" CONTENT="nr"/><SP WIDTH="20" VPOS="567" HPOS="441"/>
							<String ID="string_54" HPOS="461" VPOS="558" WIDTH="63" HEIGHT="30" WC="0.96" CONTENT="112"/><SP WIDTH="20" VPOS="558" HPOS="524"/>
							<String ID="string_55" HPOS="544" VPOS="554" WIDTH="53" HEIGHT="33" WC="0.96" CONTENT="till"/><SP WIDTH="19" VPOS="554" HPOS="597"/>
							<String ID="string_56" HPOS="616" VPOS="554" WIDTH="93" HEIGHT="33" WC="0.96" CONTENT="årets"/><SP WIDTH="19" VPOS="554" HPOS="709"/>
							<String ID="string_57" HPOS="728" VPOS="554" WIDTH="141" HEIGHT="42" WC="0.96" CONTENT="riksdag"/><SP WIDTH="19" VPOS="554" HPOS="869"/>
							<String ID="string_58" HPOS="888" VPOS="553" WIDTH="180" HEIGHT="43" WC="0.96" CONTENT="angående"/><SP WIDTH="20" VPOS="553" HPOS="1068"/>
							<String ID="string_59" HPOS="1088" VPOS="553" WIDTH="151" HEIGHT="42" WC="0.96" CONTENT="grunder"/><SP WIDTH="18" VPOS="553" HPOS="1239"/>
							<String ID="string_60" HPOS="1257" VPOS="552" WIDTH="55" HEIGHT="34" WC="0.96" CONTENT="för"/><SP WIDTH="18" VPOS="552" HPOS="1312"/>
							<String ID="string_61" HPOS="1330" VPOS="564" WIDTH="44" HEIGHT="22" WC="0.96" CONTENT="en"/><SP WIDTH="19" VPOS="564" HPOS="1374"/>
							<String ID="string_62" HPOS="1393" VPOS="552" WIDTH="182" HEIGHT="33" WC="0.96" CONTENT="förenklad"/>
						</TextLine>
						<TextLine ID="line_7" HPOS="88" VPOS="605" WIDTH="1487" HEIGHT="45">
							<String ID="string_63" HPOS="88" VPOS="608" WIDTH="392" HEIGHT="42" WC="0.91" CONTENT="stastbidragsgivning,"/><SP WIDTH="31" VPOS="608" HPOS="480"/>
							<String ID="string_64" HPOS="511" VPOS="607" WIDTH="173" HEIGHT="34" WC="0.93" CONTENT="avseende"/><SP WIDTH="32" VPOS="607" HPOS="684"/>
							<String ID="string_65" HPOS="716" VPOS="606" WIDTH="257" HEIGHT="43" WC="0.90" CONTENT="driftbidragen"/><SP WIDTH="31" VPOS="606" HPOS="973"/>
							<String ID="string_66" HPOS="1004" VPOS="607" WIDTH="52" HEIGHT="33" WC="0.93" CONTENT="till"/><SP WIDTH="32" VPOS="607" HPOS="1056"/>
							<String ID="string_67" HPOS="1088" VPOS="606" WIDTH="400" HEIGHT="43" WC="0.88" CONTENT="primärkommunerna."/><SP WIDTH="31" VPOS="606" HPOS="1488"/>
							<String ID="string_68" HPOS="1519" VPOS="605" WIDTH="56" HEIGHT="33" WC="0.96" CONTENT="De"/>
						</TextLine>
						<TextLine ID="line_8" HPOS="87" VPOS="658" WIDTH="1487" HEIGHT="47">
							<String ID="string_69" HPOS="87" VPOS="662" WIDTH="130" HEIGHT="43" WC="0.96" CONTENT="förslag"/><SP WIDTH="20" VPOS="662" HPOS="217"/>
							<String ID="string_70" HPOS="237" VPOS="674" WIDTH="74" HEIGHT="21" WC="0.96" CONTENT="som"/><SP WIDTH="21" VPOS="674" HPOS="311"/>
							<String ID="string_71" HPOS="332" VPOS="661" WIDTH="185" HEIGHT="43" WC="0.95" CONTENT="framlagts"/><SP WIDTH="26" VPOS="661" HPOS="517"/>
							<String ID="string_72" HPOS="543" VPOS="662" WIDTH="5" HEIGHT="33" WC="0.96" CONTENT="i"/><SP WIDTH="20" VPOS="662" HPOS="548"/>
							<String ID="string_73" HPOS="568" VPOS="661" WIDTH="158" HEIGHT="34" WC="0.96" CONTENT="nämnda"/><SP WIDTH="21" VPOS="661" HPOS="726"/>
							<String ID="string_74" HPOS="747" VPOS="661" WIDTH="218" HEIGHT="42" WC="0.96" CONTENT="proposition"/><SP WIDTH="21" VPOS="661" HPOS="965"/>
							<String ID="string_75" HPOS="986" VPOS="672" WIDTH="99" HEIGHT="22" WC="0.96" CONTENT="avses"/><SP WIDTH="22" VPOS="672" HPOS="1085"/>
							<String ID="string_76" HPOS="1107" VPOS="660" WIDTH="99" HEIGHT="33" WC="0.96" CONTENT="skola"/><SP WIDTH="19" VPOS="660" HPOS="1206"/>
							<String ID="string_77" HPOS="1225" VPOS="660" WIDTH="104" HEIGHT="33" WC="0.96" CONTENT="träda"/><SP WIDTH="21" VPOS="660" HPOS="1329"/>
							<String ID="string_78" HPOS="1350" VPOS="659" WIDTH="10" HEIGHT="33" WC="0.96" CONTENT="i"/><SP WIDTH="21" VPOS="659" HPOS="1360"/>
							<String ID="string_79" HPOS="1381" VPOS="658" WIDTH="96" HEIGHT="34" WC="0.96" CONTENT="kraft"/><SP WIDTH="21" VPOS="658" HPOS="1477"/>
							<String ID="string_80" HPOS="1498" VPOS="658" WIDTH="76" HEIGHT="34" WC="0.96" CONTENT="från"/>
						</TextLine>
						<TextLine ID="line_9" HPOS="86" VPOS="712" WIDTH="1490" HEIGHT="46">
							<String ID="string_81" HPOS="86" VPOS="716" WIDTH="66" HEIGHT="34" WC="0.96" CONTENT="och"/><SP WIDTH="16" VPOS="716" HPOS="152"/>
							<String ID="string_82" HPOS="168" VPOS="716" WIDTH="80" HEIGHT="33" WC="0.96" CONTENT="med"/><SP WIDTH="18" VPOS="716" HPOS="248"/>
							<String ID="string_83" HPOS="266" VPOS="716" WIDTH="212" HEIGHT="42" WC="0.92" CONTENT="budgetåret"/><SP WIDTH="18" VPOS="716" HPOS="478"/>
							<String ID="string_84" HPOS="496" VPOS="715" WIDTH="167" HEIGHT="42" WC="0.91" CONTENT="1958/59."/><SP WIDTH="17" VPOS="715" HPOS="663"/>
							<String ID="string_85" HPOS="680" VPOS="714" WIDTH="18" HEIGHT="34" WC="0.96" CONTENT="I"/><SP WIDTH="17" VPOS="714" HPOS="698"/>
							<String ID="string_86" HPOS="715" VPOS="714" WIDTH="231" HEIGHT="34" WC="0.96" CONTENT="förevarande"/><SP WIDTH="17" VPOS="714" HPOS="946"/>
							<String ID="string_87" HPOS="963" VPOS="713" WIDTH="173" HEIGHT="34" WC="0.96" CONTENT="motioner"/><SP WIDTH="17" VPOS="713" HPOS="1136"/>
							<String ID="string_88" HPOS="1153" VPOS="714" WIDTH="29" HEIGHT="33" WC="0.96" CONTENT="I:"/><SP WIDTH="15" VPOS="714" HPOS="1182"/>
							<String ID="string_89" HPOS="1197" VPOS="717" WIDTH="66" HEIGHT="30" WC="0.96" CONTENT="287"/><SP WIDTH="17" VPOS="717" HPOS="1263"/>
							<String ID="string_90" HPOS="1280" VPOS="713" WIDTH="67" HEIGHT="34" WC="0.96" CONTENT="och"/><SP WIDTH="17" VPOS="713" HPOS="1347"/>
							<String ID="string_91" HPOS="1364" VPOS="713" WIDTH="49" HEIGHT="33" WC="0.88" CONTENT="II:"/><SP WIDTH="16" VPOS="713" HPOS="1413"/>
							<String ID="string_92" HPOS="1429" VPOS="716" WIDTH="65" HEIGHT="30" WC="0.96" CONTENT="317"/><SP WIDTH="18" VPOS="716" HPOS="1494"/>
							<String ID="string_93" HPOS="1512" VPOS="712" WIDTH="64" HEIGHT="34" WC="0.96" CONTENT="har"/>
						</TextLine>
						<TextLine ID="line_10" HPOS="86" VPOS="766" WIDTH="1489" HEIGHT="47">
							<String ID="string_94" HPOS="86" VPOS="770" WIDTH="135" HEIGHT="43" WC="0.92" CONTENT="yrkats,"/><SP WIDTH="26" VPOS="770" HPOS="221"/>
							<String ID="string_95" HPOS="247" VPOS="774" WIDTH="55" HEIGHT="29" WC="0.96" CONTENT="att"/><SP WIDTH="25" VPOS="774" HPOS="302"/>
							<String ID="string_96" HPOS="327" VPOS="769" WIDTH="255" HEIGHT="42" WC="0.96" CONTENT="statsbidraget"/><SP WIDTH="24" VPOS="769" HPOS="582"/>
							<String ID="string_97" HPOS="606" VPOS="769" WIDTH="54" HEIGHT="33" WC="0.96" CONTENT="till"/><SP WIDTH="26" VPOS="769" HPOS="660"/>
							<String ID="string_98" HPOS="686" VPOS="768" WIDTH="66" HEIGHT="35" WC="0.96" CONTENT="fria"/><SP WIDTH="24" VPOS="768" HPOS="752"/>
							<String ID="string_99" HPOS="776" VPOS="768" WIDTH="205" HEIGHT="34" WC="0.96" CONTENT="läroböcker"/><SP WIDTH="26" VPOS="768" HPOS="981"/>
							<String ID="string_100" HPOS="1007" VPOS="768" WIDTH="87" HEIGHT="33" WC="0.92" CONTENT="skall"/><SP WIDTH="24" VPOS="768" HPOS="1094"/>
							<String ID="string_101" HPOS="1118" VPOS="788" WIDTH="46" HEIGHT="3" WC="0.91" CONTENT="—"/><SP WIDTH="25" VPOS="788" HPOS="1164"/>
							<String ID="string_102" HPOS="1189" VPOS="771" WIDTH="88" HEIGHT="29" WC="0.96" CONTENT="utan"/><SP WIDTH="26" VPOS="771" HPOS="1277"/>
							<String ID="string_103" HPOS="1303" VPOS="766" WIDTH="148" HEIGHT="34" WC="0.93" CONTENT="särskild"/><SP WIDTH="26" VPOS="766" HPOS="1451"/>
							<String ID="string_104" HPOS="1477" VPOS="766" WIDTH="98" HEIGHT="33" WC="0.92" CONTENT="kom-"/>
						</TextLine>
						<TextLine ID="line_11" HPOS="87" VPOS="819" WIDTH="1489" HEIGHT="47">
							<String ID="string_105" HPOS="87" VPOS="823" WIDTH="185" HEIGHT="43" WC="0.92" CONTENT="pensation"/><SP WIDTH="23" VPOS="823" HPOS="272"/>
							<String ID="string_106" HPOS="295" VPOS="844" WIDTH="46" HEIGHT="3" WC="0.91" CONTENT="—"/><SP WIDTH="24" VPOS="844" HPOS="341"/>
							<String ID="string_107" HPOS="365" VPOS="823" WIDTH="164" HEIGHT="42" WC="0.93" CONTENT="indragas"/><SP WIDTH="24" VPOS="823" HPOS="529"/>
							<String ID="string_108" HPOS="553" VPOS="822" WIDTH="81" HEIGHT="34" WC="0.96" CONTENT="med"/><SP WIDTH="25" VPOS="822" HPOS="634"/>
							<String ID="string_109" HPOS="659" VPOS="823" WIDTH="178" HEIGHT="41" WC="0.96" CONTENT="utgången"/><SP WIDTH="25" VPOS="823" HPOS="837"/>
							<String ID="string_110" HPOS="862" VPOS="834" WIDTH="46" HEIGHT="21" WC="0.96" CONTENT="av"/><SP WIDTH="24" VPOS="834" HPOS="908"/>
							<String ID="string_111" HPOS="932" VPOS="821" WIDTH="239" HEIGHT="33" WC="0.96" CONTENT="innevarande"/><SP WIDTH="25" VPOS="821" HPOS="1171"/>
							<String ID="string_112" HPOS="1196" VPOS="820" WIDTH="174" HEIGHT="43" WC="0.95" CONTENT="budgetår"/><SP WIDTH="24" VPOS="820" HPOS="1370"/>
							<String ID="string_113" HPOS="1394" VPOS="820" WIDTH="66" HEIGHT="33" WC="0.96" CONTENT="och"/><SP WIDTH="25" VPOS="820" HPOS="1460"/>
							<String ID="string_114" HPOS="1485" VPOS="824" WIDTH="55" HEIGHT="29" WC="0.96" CONTENT="att"/><SP WIDTH="26" VPOS="824" HPOS="1540"/>
							<String ID="string_115" HPOS="1566" VPOS="819" WIDTH="10" HEIGHT="33" WC="0.96" CONTENT="i"/>
						</TextLine>
						<TextLine ID="line_12" HPOS="88" VPOS="872" WIDTH="1489" HEIGHT="47">
							<String ID="string_116" HPOS="88" VPOS="877" WIDTH="189" HEIGHT="42" WC="0.96" CONTENT="anledning"/><SP WIDTH="18" VPOS="877" HPOS="277"/>
							<String ID="string_117" HPOS="295" VPOS="877" WIDTH="112" HEIGHT="33" WC="0.96" CONTENT="därav"/><SP WIDTH="19" VPOS="877" HPOS="407"/>
							<String ID="string_118" HPOS="426" VPOS="876" WIDTH="122" HEIGHT="42" WC="0.95" CONTENT="anslag"/><SP WIDTH="18" VPOS="876" HPOS="548"/>
							<String ID="string_119" HPOS="566" VPOS="875" WIDTH="54" HEIGHT="34" WC="0.96" CONTENT="för"/><SP WIDTH="20" VPOS="875" HPOS="620"/>
							<String ID="string_120" HPOS="640" VPOS="875" WIDTH="203" HEIGHT="34" WC="0.96" CONTENT="ändamålet"/><SP WIDTH="20" VPOS="875" HPOS="843"/>
							<String ID="string_121" HPOS="863" VPOS="875" WIDTH="75" HEIGHT="33" WC="0.96" CONTENT="icke"/><SP WIDTH="20" VPOS="875" HPOS="938"/>
							<String ID="string_122" HPOS="958" VPOS="875" WIDTH="113" HEIGHT="33" WC="0.96" CONTENT="måtte"/><SP WIDTH="21" VPOS="875" HPOS="1071"/>
							<String ID="string_123" HPOS="1092" VPOS="887" WIDTH="44" HEIGHT="21" WC="0.96" CONTENT="av"/><SP WIDTH="20" VPOS="887" HPOS="1136"/>
							<String ID="string_124" HPOS="1156" VPOS="874" WIDTH="186" HEIGHT="42" WC="0.96" CONTENT="riksdagen"/><SP WIDTH="21" VPOS="874" HPOS="1342"/>
							<String ID="string_125" HPOS="1363" VPOS="873" WIDTH="139" HEIGHT="34" WC="0.96" CONTENT="anvisas"/><SP WIDTH="21" VPOS="873" HPOS="1502"/>
							<String ID="string_126" HPOS="1523" VPOS="872" WIDTH="54" HEIGHT="34" WC="0.96" CONTENT="för"/>
						</TextLine>
						<TextLine ID="line_13" HPOS="89" VPOS="927" WIDTH="1489" HEIGHT="45">
							<String ID="string_127" HPOS="89" VPOS="934" WIDTH="104" HEIGHT="30" WC="0.96" CONTENT="nästa"/><SP WIDTH="22" VPOS="934" HPOS="193"/>
							<String ID="string_128" HPOS="215" VPOS="930" WIDTH="184" HEIGHT="42" WC="0.96" CONTENT="budgetår."/><SP WIDTH="23" VPOS="930" HPOS="399"/>
							<String ID="string_129" HPOS="422" VPOS="930" WIDTH="200" HEIGHT="39" WC="0.96" CONTENT="Utskottet,"/><SP WIDTH="24" VPOS="930" HPOS="622"/>
							<String ID="string_130" HPOS="646" VPOS="941" WIDTH="75" HEIGHT="21" WC="0.96" CONTENT="som"/><SP WIDTH="23" VPOS="941" HPOS="721"/>
							<String ID="string_131" HPOS="744" VPOS="929" WIDTH="119" HEIGHT="33" WC="0.96" CONTENT="funnit"/><SP WIDTH="23" VPOS="929" HPOS="863"/>
							<String ID="string_132" HPOS="886" VPOS="929" WIDTH="60" HEIGHT="33" WC="0.96" CONTENT="det"/><SP WIDTH="23" VPOS="929" HPOS="946"/>
							<String ID="string_133" HPOS="969" VPOS="928" WIDTH="80" HEIGHT="42" WC="0.96" CONTENT="föga"/><SP WIDTH="24" VPOS="928" HPOS="1049"/>
							<String ID="string_134" HPOS="1073" VPOS="927" WIDTH="293" HEIGHT="42" WC="0.96" CONTENT="ändamålsenligt"/><SP WIDTH="24" VPOS="927" HPOS="1366"/>
							<String ID="string_135" HPOS="1390" VPOS="931" WIDTH="56" HEIGHT="29" WC="0.96" CONTENT="att"/><SP WIDTH="22" VPOS="931" HPOS="1446"/>
							<String ID="string_136" HPOS="1468" VPOS="938" WIDTH="47" HEIGHT="21" WC="0.96" CONTENT="nu"/><SP WIDTH="25" VPOS="938" HPOS="1515"/>
							<String ID="string_137" HPOS="1540" VPOS="931" WIDTH="38" HEIGHT="28" WC="0.97" CONTENT="ta"/>
						</TextLine>
						<TextLine ID="line_14" HPOS="87" VPOS="980" WIDTH="1487" HEIGHT="45">
							<String ID="string_138" HPOS="87" VPOS="984" WIDTH="165" HEIGHT="41" WC="0.96" CONTENT="ställning"/><SP WIDTH="14" VPOS="984" HPOS="252"/>
							<String ID="string_139" HPOS="266" VPOS="984" WIDTH="52" HEIGHT="33" WC="0.96" CONTENT="till"/><SP WIDTH="16" VPOS="984" HPOS="318"/>
							<String ID="string_140" HPOS="334" VPOS="984" WIDTH="42" HEIGHT="33" WC="0.96" CONTENT="de"/><SP WIDTH="16" VPOS="984" HPOS="376"/>
							<String ID="string_141" HPOS="392" VPOS="984" WIDTH="144" HEIGHT="41" WC="0.96" CONTENT="mycket"/><SP WIDTH="15" VPOS="984" HPOS="536"/>
							<String ID="string_142" HPOS="551" VPOS="982" WIDTH="135" HEIGHT="42" WC="0.93" CONTENT="viktiga"/><SP WIDTH="15" VPOS="982" HPOS="686"/>
							<String ID="string_143" HPOS="701" VPOS="981" WIDTH="265" HEIGHT="43" WC="0.91" CONTENT="principfrågor,"/><SP WIDTH="16" VPOS="981" HPOS="966"/>
							<String ID="string_144" HPOS="982" VPOS="994" WIDTH="74" HEIGHT="21" WC="0.96" CONTENT="som"/><SP WIDTH="15" VPOS="994" HPOS="1056"/>
							<String ID="string_145" HPOS="1071" VPOS="981" WIDTH="117" HEIGHT="33" WC="0.96" CONTENT="berörs"/><SP WIDTH="16" VPOS="981" HPOS="1188"/>
							<String ID="string_146" HPOS="1204" VPOS="981" WIDTH="10" HEIGHT="33" WC="0.96" CONTENT="i"/><SP WIDTH="14" VPOS="981" HPOS="1214"/>
							<String ID="string_147" HPOS="1228" VPOS="980" WIDTH="222" HEIGHT="34" WC="0.96" CONTENT="motionerna"/><SP WIDTH="15" VPOS="980" HPOS="1450"/>
							<String ID="string_148" HPOS="1465" VPOS="980" WIDTH="28" HEIGHT="33" WC="0.94" CONTENT="I:"/><SP WIDTH="16" VPOS="980" HPOS="1493"/>
							<String ID="string_149" HPOS="1509" VPOS="983" WIDTH="65" HEIGHT="30" WC="0.96" CONTENT="287"/>
						</TextLine>
						<TextLine ID="line_15" HPOS="86" VPOS="1032" WIDTH="1488" HEIGHT="46">
							<String ID="string_150" HPOS="86" VPOS="1037" WIDTH="65" HEIGHT="34" WC="0.96" CONTENT="och"/><SP WIDTH="17" VPOS="1037" HPOS="151"/>
							<String ID="string_151" HPOS="168" VPOS="1037" WIDTH="49" HEIGHT="33" WC="0.87" CONTENT="II:"/><SP WIDTH="15" VPOS="1037" HPOS="217"/>
							<String ID="string_152" HPOS="232" VPOS="1041" WIDTH="77" HEIGHT="36" WC="0.96" CONTENT="317,"/><SP WIDTH="16" VPOS="1041" HPOS="309"/>
							<String ID="string_153" HPOS="325" VPOS="1036" WIDTH="188" HEIGHT="42" WC="0.96" CONTENT="avstyrker"/><SP WIDTH="15" VPOS="1036" HPOS="513"/>
							<String ID="string_154" HPOS="528" VPOS="1035" WIDTH="118" HEIGHT="35" WC="0.96" CONTENT="därför"/><SP WIDTH="17" VPOS="1035" HPOS="646"/>
							<String ID="string_155" HPOS="663" VPOS="1035" WIDTH="97" HEIGHT="33" WC="0.96" CONTENT="bifall"/><SP WIDTH="16" VPOS="1035" HPOS="760"/>
							<String ID="string_156" HPOS="776" VPOS="1035" WIDTH="52" HEIGHT="33" WC="0.96" CONTENT="till"/><SP WIDTH="17" VPOS="1035" HPOS="828"/>
							<String ID="string_157" HPOS="845" VPOS="1035" WIDTH="182" HEIGHT="34" WC="0.96" CONTENT="desamma"/><SP WIDTH="16" VPOS="1035" HPOS="1027"/>
							<String ID="string_158" HPOS="1043" VPOS="1034" WIDTH="65" HEIGHT="33" WC="0.96" CONTENT="och"/><SP WIDTH="17" VPOS="1034" HPOS="1108"/>
							<String ID="string_159" HPOS="1125" VPOS="1033" WIDTH="157" HEIGHT="34" WC="0.96" CONTENT="biträder"/><SP WIDTH="14" VPOS="1033" HPOS="1282"/>
							<String ID="string_160" HPOS="1296" VPOS="1033" WIDTH="133" HEIGHT="42" WC="0.96" CONTENT="Kungl."/><SP WIDTH="17" VPOS="1033" HPOS="1429"/>
							<String ID="string_161" HPOS="1446" VPOS="1032" WIDTH="128" HEIGHT="42" WC="0.96" CONTENT="Maj:ts"/>
						</TextLine>
						<TextLine ID="line_16" HPOS="87" VPOS="1087" WIDTH="1339" HEIGHT="45">
							<String ID="string_162" HPOS="87" VPOS="1092" WIDTH="112" HEIGHT="33" WC="0.96" CONTENT="under"/><SP WIDTH="18" VPOS="1092" HPOS="199"/>
							<String ID="string_163" HPOS="217" VPOS="1091" WIDTH="230" HEIGHT="33" WC="0.96" CONTENT="förevarande"/><SP WIDTH="20" VPOS="1091" HPOS="447"/>
							<String ID="string_164" HPOS="467" VPOS="1090" WIDTH="117" HEIGHT="42" WC="0.96" CONTENT="punkt"/><SP WIDTH="18" VPOS="1090" HPOS="584"/>
							<String ID="string_165" HPOS="602" VPOS="1090" WIDTH="10" HEIGHT="33" WC="0.96" CONTENT="i"/><SP WIDTH="20" VPOS="1090" HPOS="612"/>
							<String ID="string_166" HPOS="632" VPOS="1089" WIDTH="147" HEIGHT="34" WC="0.93" CONTENT="åttonde"/><SP WIDTH="20" VPOS="1089" HPOS="779"/>
							<String ID="string_167" HPOS="799" VPOS="1089" WIDTH="229" HEIGHT="33" WC="0.92" CONTENT="huvudtiteln"/><SP WIDTH="20" VPOS="1089" HPOS="1028"/>
							<String ID="string_168" HPOS="1048" VPOS="1087" WIDTH="220" HEIGHT="34" WC="0.96" CONTENT="framställda"/><SP WIDTH="19" VPOS="1087" HPOS="1268"/>
							<String ID="string_169" HPOS="1287" VPOS="1087" WIDTH="139" HEIGHT="42" WC="0.96" CONTENT="förslag."/>
						</TextLine>
					</TextBlock>
					<TextBlock ID="block_3" HPOS="86" VPOS="1143" WIDTH="1492" HEIGHT="421">
						<TextLine ID="line_17" HPOS="135" VPOS="1143" WIDTH="1443" HEIGHT="44">
							<String ID="string_170" HPOS="135" VPOS="1148" WIDTH="199" HEIGHT="39" WC="0.95" CONTENT="Utskottet,"/><SP WIDTH="20" VPOS="1148" HPOS="334"/>
							<String ID="string_171" HPOS="354" VPOS="1159" WIDTH="76" HEIGHT="22" WC="0.96" CONTENT="som"/><SP WIDTH="19" VPOS="1159" HPOS="430"/>
							<String ID="string_172" HPOS="449" VPOS="1151" WIDTH="118" HEIGHT="29" WC="0.96" CONTENT="senast"/><SP WIDTH="20" VPOS="1151" HPOS="567"/>
							<String ID="string_173" HPOS="587" VPOS="1147" WIDTH="38" HEIGHT="32" WC="0.96" CONTENT="år"/><SP WIDTH="20" VPOS="1147" HPOS="625"/>
							<String ID="string_174" HPOS="645" VPOS="1149" WIDTH="86" HEIGHT="31" WC="0.96" CONTENT="1953"/><SP WIDTH="20" VPOS="1149" HPOS="731"/>
							<String ID="string_175" HPOS="751" VPOS="1146" WIDTH="133" HEIGHT="33" WC="0.96" CONTENT="uttalat"/><SP WIDTH="20" VPOS="1146" HPOS="884"/>
							<String ID="string_176" HPOS="904" VPOS="1145" WIDTH="52" HEIGHT="42" WC="0.96" CONTENT="sig"/><SP WIDTH="17" VPOS="1145" HPOS="956"/>
							<String ID="string_177" HPOS="973" VPOS="1145" WIDTH="10" HEIGHT="33" WC="0.96" CONTENT="i"/><SP WIDTH="20" VPOS="1145" HPOS="983"/>
							<String ID="string_178" HPOS="1003" VPOS="1144" WIDTH="121" HEIGHT="42" WC="0.95" CONTENT="frågan"/><SP WIDTH="20" VPOS="1144" HPOS="1124"/>
							<String ID="string_179" HPOS="1144" VPOS="1156" WIDTH="58" HEIGHT="22" WC="0.93" CONTENT="om"/><SP WIDTH="19" VPOS="1156" HPOS="1202"/>
							<String ID="string_180" HPOS="1221" VPOS="1143" WIDTH="357" HEIGHT="34" WC="0.91" CONTENT="tillhandahållandet"/>
						</TextLine>
						<TextLine ID="line_18" HPOS="86" VPOS="1196" WIDTH="1491" HEIGHT="47">
							<String ID="string_181" HPOS="86" VPOS="1214" WIDTH="46" HEIGHT="21" WC="0.96" CONTENT="av"/><SP WIDTH="17" VPOS="1214" HPOS="132"/>
							<String ID="string_182" HPOS="149" VPOS="1201" WIDTH="66" HEIGHT="34" WC="0.95" CONTENT="fria"/><SP WIDTH="16" VPOS="1201" HPOS="215"/>
							<String ID="string_183" HPOS="231" VPOS="1202" WIDTH="205" HEIGHT="33" WC="0.93" CONTENT="läroböcker"/><SP WIDTH="15" VPOS="1202" HPOS="436"/>
							<String ID="string_184" HPOS="451" VPOS="1213" WIDTH="47" HEIGHT="22" WC="0.92" CONTENT="m."/><SP WIDTH="17" VPOS="1213" HPOS="498"/>
							<String ID="string_185" HPOS="515" VPOS="1213" WIDTH="59" HEIGHT="29" WC="0.89" CONTENT="m.,"/><SP WIDTH="17" VPOS="1213" HPOS="574"/>
							<String ID="string_186" HPOS="591" VPOS="1201" WIDTH="59" HEIGHT="33" WC="0.96" CONTENT="vill"/><SP WIDTH="17" VPOS="1201" HPOS="650"/>
							<String ID="string_187" HPOS="667" VPOS="1200" WIDTH="167" HEIGHT="43" WC="0.96" CONTENT="påminna"/><SP WIDTH="12" VPOS="1200" HPOS="834"/>
							<String ID="string_188" HPOS="846" VPOS="1212" WIDTH="58" HEIGHT="21" WC="0.96" CONTENT="om"/><SP WIDTH="10" VPOS="1212" HPOS="904"/>
							<String ID="string_189" HPOS="914" VPOS="1199" WIDTH="68" HEIGHT="33" WC="0.96" CONTENT="den"/><SP WIDTH="12" VPOS="1199" HPOS="982"/>
							<String ID="string_190" HPOS="994" VPOS="1198" WIDTH="140" HEIGHT="42" WC="0.77" CONTENT="ändring"/><SP WIDTH="18" VPOS="1198" HPOS="1134"/>
							<String ID="string_191" HPOS="1152" VPOS="1198" WIDTH="6" HEIGHT="33" WC="0.77" CONTENT="i"/><SP WIDTH="15" VPOS="1198" HPOS="1158"/>
							<String ID="string_192" HPOS="1173" VPOS="1196" WIDTH="404" HEIGHT="43" WC="0.90" CONTENT="statsbidragsvillkoren"/>
						</TextLine>
						<TextLine ID="line_19" HPOS="88" VPOS="1249" WIDTH="1488" HEIGHT="48">
							<String ID="string_193" HPOS="88" VPOS="1268" WIDTH="76" HEIGHT="22" WC="0.96" CONTENT="som"/><SP WIDTH="22" VPOS="1268" HPOS="164"/>
							<String ID="string_194" HPOS="186" VPOS="1255" WIDTH="88" HEIGHT="33" WC="0.95" CONTENT="efter"/><SP WIDTH="21" VPOS="1255" HPOS="274"/>
							<String ID="string_195" HPOS="295" VPOS="1255" WIDTH="130" HEIGHT="42" WC="0.96" CONTENT="förslag"/><SP WIDTH="22" VPOS="1255" HPOS="425"/>
							<String ID="string_196" HPOS="447" VPOS="1267" WIDTH="45" HEIGHT="21" WC="0.96" CONTENT="av"/><SP WIDTH="24" VPOS="1267" HPOS="492"/>
							<String ID="string_197" HPOS="516" VPOS="1258" WIDTH="85" HEIGHT="30" WC="0.95" CONTENT="1950"/><SP WIDTH="24" VPOS="1258" HPOS="601"/>
							<String ID="string_198" HPOS="625" VPOS="1255" WIDTH="55" HEIGHT="32" WC="0.93" CONTENT="års"/><SP WIDTH="22" VPOS="1255" HPOS="680"/>
							<String ID="string_199" HPOS="702" VPOS="1252" WIDTH="395" HEIGHT="44" WC="0.91" CONTENT="besparingsutredning"/><SP WIDTH="21" VPOS="1252" HPOS="1097"/>
							<String ID="string_200" HPOS="1118" VPOS="1251" WIDTH="243" HEIGHT="43" WC="0.96" CONTENT="genomfördes"/><SP WIDTH="25" VPOS="1251" HPOS="1361"/>
							<String ID="string_201" HPOS="1386" VPOS="1253" WIDTH="98" HEIGHT="36" WC="0.93" CONTENT="1951,"/><SP WIDTH="23" VPOS="1253" HPOS="1484"/>
							<String ID="string_202" HPOS="1507" VPOS="1249" WIDTH="69" HEIGHT="43" WC="0.91" CONTENT="syf-"/>
						</TextLine>
						<TextLine ID="line_20" HPOS="86" VPOS="1303" WIDTH="1487" HEIGHT="46">
							<String ID="string_203" HPOS="86" VPOS="1309" WIDTH="108" HEIGHT="34" WC="0.96" CONTENT="tande"/><SP WIDTH="26" VPOS="1309" HPOS="194"/>
							<String ID="string_204" HPOS="220" VPOS="1309" WIDTH="52" HEIGHT="33" WC="0.96" CONTENT="till"/><SP WIDTH="26" VPOS="1309" HPOS="272"/>
							<String ID="string_205" HPOS="298" VPOS="1313" WIDTH="56" HEIGHT="29" WC="0.96" CONTENT="att"/><SP WIDTH="26" VPOS="1313" HPOS="354"/>
							<String ID="string_206" HPOS="380" VPOS="1309" WIDTH="38" HEIGHT="33" WC="0.96" CONTENT="åt"/><SP WIDTH="26" VPOS="1309" HPOS="418"/>
							<String ID="string_207" HPOS="444" VPOS="1308" WIDTH="97" HEIGHT="41" WC="0.96" CONTENT="varje"/><SP WIDTH="26" VPOS="1308" HPOS="541"/>
							<String ID="string_208" HPOS="567" VPOS="1307" WIDTH="221" HEIGHT="34" WC="0.96" CONTENT="skoldistrikt"/><SP WIDTH="25" VPOS="1307" HPOS="788"/>
							<String ID="string_209" HPOS="813" VPOS="1307" WIDTH="205" HEIGHT="33" WC="0.96" CONTENT="överlämna"/><SP WIDTH="26" VPOS="1307" HPOS="1018"/>
							<String ID="string_210" HPOS="1044" VPOS="1305" WIDTH="328" HEIGHT="34" WC="0.96" CONTENT="beslutanderätten"/><SP WIDTH="26" VPOS="1305" HPOS="1372"/>
							<String ID="string_211" HPOS="1398" VPOS="1303" WIDTH="175" HEIGHT="34" WC="0.96" CONTENT="huruvida"/>
						</TextLine>
						<TextLine ID="line_21" HPOS="87" VPOS="1359" WIDTH="1488" HEIGHT="44">
							<String ID="string_212" HPOS="87" VPOS="1364" WIDTH="204" HEIGHT="34" WC="0.96" CONTENT="läroböcker"/><SP WIDTH="16" VPOS="1364" HPOS="291"/>
							<String ID="string_213" HPOS="307" VPOS="1363" WIDTH="89" HEIGHT="33" WC="0.96" CONTENT="skall"/><SP WIDTH="16" VPOS="1363" HPOS="396"/>
							<String ID="string_214" HPOS="412" VPOS="1363" WIDTH="178" HEIGHT="33" WC="0.96" CONTENT="utlämnas"/><SP WIDTH="19" VPOS="1363" HPOS="590"/>
							<String ID="string_215" HPOS="609" VPOS="1374" WIDTH="75" HEIGHT="20" WC="0.96" CONTENT="som"/><SP WIDTH="17" VPOS="1374" HPOS="684"/>
							<String ID="string_216" HPOS="701" VPOS="1362" WIDTH="89" HEIGHT="41" WC="0.96" CONTENT="gåva"/><SP WIDTH="18" VPOS="1362" HPOS="790"/>
							<String ID="string_217" HPOS="808" VPOS="1361" WIDTH="81" HEIGHT="33" WC="0.96" CONTENT="eller"/><SP WIDTH="17" VPOS="1361" HPOS="889"/>
							<String ID="string_218" HPOS="906" VPOS="1361" WIDTH="70" HEIGHT="32" WC="0.96" CONTENT="lån."/><SP WIDTH="17" VPOS="1361" HPOS="976"/>
							<String ID="string_219" HPOS="993" VPOS="1360" WIDTH="188" HEIGHT="34" WC="0.96" CONTENT="Utskottet"/><SP WIDTH="17" VPOS="1360" HPOS="1181"/>
							<String ID="string_220" HPOS="1198" VPOS="1359" WIDTH="114" HEIGHT="33" WC="0.96" CONTENT="finner"/><SP WIDTH="17" VPOS="1359" HPOS="1312"/>
							<String ID="string_221" HPOS="1329" VPOS="1359" WIDTH="61" HEIGHT="33" WC="0.97" CONTENT="det"/><SP WIDTH="17" VPOS="1359" HPOS="1390"/>
							<String ID="string_222" HPOS="1407" VPOS="1370" WIDTH="47" HEIGHT="21" WC="0.93" CONTENT="nu"/><SP WIDTH="20" VPOS="1370" HPOS="1454"/>
							<String ID="string_223" HPOS="1474" VPOS="1370" WIDTH="101" HEIGHT="30" WC="0.89" CONTENT="ange-"/>
						</TextLine>
						<TextLine ID="line_22" HPOS="87" VPOS="1411" WIDTH="1486" HEIGHT="49">
							<String ID="string_224" HPOS="87" VPOS="1419" WIDTH="92" HEIGHT="41" WC="0.96" CONTENT="läget"/><SP WIDTH="20" VPOS="1419" HPOS="179"/>
							<String ID="string_225" HPOS="199" VPOS="1422" WIDTH="56" HEIGHT="29" WC="0.96" CONTENT="att"/><SP WIDTH="17" VPOS="1422" HPOS="255"/>
							<String ID="string_226" HPOS="272" VPOS="1417" WIDTH="43" HEIGHT="33" WC="0.96" CONTENT="de"/><SP WIDTH="19" VPOS="1417" HPOS="315"/>
							<String ID="string_227" HPOS="334" VPOS="1416" WIDTH="238" HEIGHT="34" WC="0.96" CONTENT="erfarenheter"/><SP WIDTH="18" VPOS="1416" HPOS="572"/>
							<String ID="string_228" HPOS="590" VPOS="1427" WIDTH="76" HEIGHT="21" WC="0.96" CONTENT="som"/><SP WIDTH="20" VPOS="1427" HPOS="666"/>
							<String ID="string_229" HPOS="686" VPOS="1415" WIDTH="144" HEIGHT="33" WC="0.96" CONTENT="vunnits"/><SP WIDTH="20" VPOS="1415" HPOS="830"/>
							<String ID="string_230" HPOS="850" VPOS="1415" WIDTH="9" HEIGHT="32" WC="0.96" CONTENT="i"/><SP WIDTH="21" VPOS="1415" HPOS="859"/>
							<String ID="string_231" HPOS="880" VPOS="1413" WIDTH="231" HEIGHT="39" WC="0.96" CONTENT="skoldistrikt,"/><SP WIDTH="20" VPOS="1413" HPOS="1111"/>
							<String ID="string_232" HPOS="1131" VPOS="1413" WIDTH="64" HEIGHT="33" WC="0.96" CONTENT="där"/><SP WIDTH="18" VPOS="1413" HPOS="1195"/>
							<String ID="string_233" HPOS="1213" VPOS="1424" WIDTH="83" HEIGHT="21" WC="0.95" CONTENT="man"/><SP WIDTH="19" VPOS="1424" HPOS="1296"/>
							<String ID="string_234" HPOS="1315" VPOS="1411" WIDTH="82" HEIGHT="42" WC="0.95" CONTENT="följt"/><SP WIDTH="19" VPOS="1411" HPOS="1397"/>
							<String ID="string_235" HPOS="1416" VPOS="1423" WIDTH="43" HEIGHT="22" WC="0.96" CONTENT="en"/><SP WIDTH="20" VPOS="1423" HPOS="1459"/>
							<String ID="string_236" HPOS="1479" VPOS="1423" WIDTH="94" HEIGHT="21" WC="0.96" CONTENT="mera"/>
						</TextLine>
						<TextLine ID="line_23" HPOS="86" VPOS="1465" WIDTH="1488" HEIGHT="47">
							<String ID="string_237" HPOS="86" VPOS="1471" WIDTH="181" HEIGHT="33" WC="0.96" CONTENT="restriktiv"/><SP WIDTH="19" VPOS="1471" HPOS="267"/>
							<String ID="string_238" HPOS="286" VPOS="1470" WIDTH="116" HEIGHT="42" WC="0.96" CONTENT="praxis"/><SP WIDTH="22" VPOS="1470" HPOS="402"/>
							<String ID="string_239" HPOS="424" VPOS="1469" WIDTH="10" HEIGHT="33" WC="0.96" CONTENT="i"/><SP WIDTH="22" VPOS="1469" HPOS="434"/>
							<String ID="string_240" HPOS="456" VPOS="1468" WIDTH="99" HEIGHT="43" WC="0.96" CONTENT="fråga"/><SP WIDTH="19" VPOS="1468" HPOS="555"/>
							<String ID="string_241" HPOS="574" VPOS="1481" WIDTH="58" HEIGHT="21" WC="0.93" CONTENT="om"/><SP WIDTH="22" VPOS="1481" HPOS="632"/>
							<String ID="string_242" HPOS="654" VPOS="1466" WIDTH="405" HEIGHT="42" WC="0.91" CONTENT="läroboksutdelningen,"/><SP WIDTH="21" VPOS="1466" HPOS="1059"/>
							<String ID="string_243" HPOS="1080" VPOS="1465" WIDTH="344" HEIGHT="42" WC="0.92" CONTENT="förutsättningslöst"/><SP WIDTH="22" VPOS="1465" HPOS="1424"/>
							<String ID="string_244" HPOS="1446" VPOS="1467" WIDTH="128" HEIGHT="40" WC="0.96" CONTENT="prövas"/>
						</TextLine>
						<TextLine ID="line_24" HPOS="87" VPOS="1523" WIDTH="425" HEIGHT="41">
							<String ID="string_245" HPOS="87" VPOS="1525" WIDTH="9" HEIGHT="33" WC="0.95" CONTENT="i"/><SP WIDTH="20" VPOS="1525" HPOS="96"/>
							<String ID="string_246" HPOS="116" VPOS="1528" WIDTH="110" HEIGHT="29" WC="0.96" CONTENT="större"/><SP WIDTH="19" VPOS="1528" HPOS="226"/>
							<String ID="string_247" HPOS="245" VPOS="1523" WIDTH="267" HEIGHT="41" WC="0.96" CONTENT="sammanhang."/>
						</TextLine>
					</TextBlock>
					<TextBlock ID="block_4" HPOS="86" VPOS="1573" WIDTH="1491" HEIGHT="313">
						<TextLine ID="line_25" HPOS="131" VPOS="1573" WIDTH="1442" HEIGHT="46">
							<String ID="string_248" HPOS="131" VPOS="1580" WIDTH="188" HEIGHT="33" WC="0.96" CONTENT="Utskottet"/><SP WIDTH="24" VPOS="1580" HPOS="319"/>
							<String ID="string_249" HPOS="343" VPOS="1590" WIDTH="102" HEIGHT="21" WC="0.96" CONTENT="anser"/><SP WIDTH="23" VPOS="1590" HPOS="445"/>
							<String ID="string_250" HPOS="468" VPOS="1577" WIDTH="51" HEIGHT="42" WC="0.96" CONTENT="sig"/><SP WIDTH="24" VPOS="1577" HPOS="519"/>
							<String ID="string_251" HPOS="543" VPOS="1577" WIDTH="184" HEIGHT="41" WC="0.96" CONTENT="samtidigt"/><SP WIDTH="23" VPOS="1577" HPOS="727"/>
							<String ID="string_252" HPOS="750" VPOS="1577" WIDTH="84" HEIGHT="33" WC="0.96" CONTENT="böra"/><SP WIDTH="25" VPOS="1577" HPOS="834"/>
							<String ID="string_253" HPOS="859" VPOS="1576" WIDTH="124" HEIGHT="33" WC="0.96" CONTENT="beröra"/><SP WIDTH="23" VPOS="1576" HPOS="983"/>
							<String ID="string_254" HPOS="1006" VPOS="1575" WIDTH="123" HEIGHT="41" WC="0.96" CONTENT="frågan"/><SP WIDTH="24" VPOS="1575" HPOS="1129"/>
							<String ID="string_255" HPOS="1153" VPOS="1586" WIDTH="58" HEIGHT="22" WC="0.95" CONTENT="om"/><SP WIDTH="25" VPOS="1586" HPOS="1211"/>
							<String ID="string_256" HPOS="1236" VPOS="1574" WIDTH="155" HEIGHT="43" WC="0.95" CONTENT="priserna"/><SP WIDTH="25" VPOS="1574" HPOS="1391"/>
							<String ID="string_257" HPOS="1416" VPOS="1573" WIDTH="46" HEIGHT="43" WC="0.93" CONTENT="på"/><SP WIDTH="25" VPOS="1573" HPOS="1462"/>
							<String ID="string_258" HPOS="1487" VPOS="1573" WIDTH="86" HEIGHT="33" WC="0.90" CONTENT="läro-"/>
						</TextLine>
						<TextLine ID="line_26" HPOS="88" VPOS="1627" WIDTH="1487" HEIGHT="44">
							<String ID="string_259" HPOS="88" VPOS="1633" WIDTH="185" HEIGHT="33" WC="0.96" CONTENT="böckerna."/><SP WIDTH="17" VPOS="1633" HPOS="273"/>
							<String ID="string_260" HPOS="290" VPOS="1632" WIDTH="55" HEIGHT="33" WC="0.96" CONTENT="De"/><SP WIDTH="17" VPOS="1632" HPOS="345"/>
							<String ID="string_261" HPOS="362" VPOS="1631" WIDTH="197" HEIGHT="34" WC="0.91" CONTENT="avsevärda"/><SP WIDTH="16" VPOS="1631" HPOS="559"/>
							<String ID="string_262" HPOS="575" VPOS="1629" WIDTH="392" HEIGHT="42" WC="0.91" CONTENT="kostnadsökningarna"/><SP WIDTH="16" VPOS="1629" HPOS="967"/>
							<String ID="string_263" HPOS="983" VPOS="1629" WIDTH="47" HEIGHT="42" WC="0.96" CONTENT="på"/><SP WIDTH="17" VPOS="1629" HPOS="1030"/>
							<String ID="string_264" HPOS="1047" VPOS="1628" WIDTH="100" HEIGHT="33" WC="0.96" CONTENT="detta"/><SP WIDTH="17" VPOS="1628" HPOS="1147"/>
							<String ID="string_265" HPOS="1164" VPOS="1628" WIDTH="142" HEIGHT="33" WC="0.96" CONTENT="område"/><SP WIDTH="18" VPOS="1628" HPOS="1306"/>
							<String ID="string_266" HPOS="1324" VPOS="1627" WIDTH="101" HEIGHT="33" WC="0.93" CONTENT="beror"/><SP WIDTH="18" VPOS="1627" HPOS="1425"/>
							<String ID="string_267" HPOS="1443" VPOS="1638" WIDTH="132" HEIGHT="30" WC="0.90" CONTENT="uppen-"/>
						</TextLine>
						<TextLine ID="line_27" HPOS="89" VPOS="1679" WIDTH="1488" HEIGHT="49">
							<String ID="string_268" HPOS="89" VPOS="1687" WIDTH="154" HEIGHT="41" WC="0.91" CONTENT="barligen"/><SP WIDTH="18" VPOS="1687" HPOS="243"/>
							<String ID="string_269" HPOS="261" VPOS="1686" WIDTH="52" HEIGHT="33" WC="0.96" CONTENT="till"/><SP WIDTH="18" VPOS="1686" HPOS="313"/>
							<String ID="string_270" HPOS="331" VPOS="1685" WIDTH="71" HEIGHT="33" WC="0.96" CONTENT="viss"/><SP WIDTH="18" VPOS="1685" HPOS="402"/>
							<String ID="string_271" HPOS="420" VPOS="1685" WIDTH="55" HEIGHT="34" WC="0.95" CONTENT="del"/><SP WIDTH="17" VPOS="1685" HPOS="475"/>
							<String ID="string_272" HPOS="492" VPOS="1685" WIDTH="46" HEIGHT="42" WC="0.93" CONTENT="på"/><SP WIDTH="17" VPOS="1685" HPOS="538"/>
							<String ID="string_273" HPOS="555" VPOS="1683" WIDTH="298" HEIGHT="43" WC="0.92" CONTENT="penningvärdets"/><SP WIDTH="18" VPOS="1683" HPOS="853"/>
							<String ID="string_274" HPOS="871" VPOS="1681" WIDTH="215" HEIGHT="42" WC="0.95" CONTENT="förändring,"/><SP WIDTH="18" VPOS="1681" HPOS="1086"/>
							<String ID="string_275" HPOS="1104" VPOS="1693" WIDTH="81" HEIGHT="21" WC="0.96" CONTENT="men"/><SP WIDTH="18" VPOS="1693" HPOS="1185"/>
							<String ID="string_276" HPOS="1203" VPOS="1693" WIDTH="103" HEIGHT="30" WC="0.96" CONTENT="synes"/><SP WIDTH="17" VPOS="1693" HPOS="1306"/>
							<String ID="string_277" HPOS="1323" VPOS="1680" WIDTH="109" HEIGHT="33" WC="0.96" CONTENT="likväl"/><SP WIDTH="18" VPOS="1680" HPOS="1432"/>
							<String ID="string_278" HPOS="1450" VPOS="1679" WIDTH="127" HEIGHT="33" WC="0.96" CONTENT="främst"/>
						</TextLine>
						<TextLine ID="line_28" HPOS="88" VPOS="1734" WIDTH="1487" HEIGHT="47">
							<String ID="string_279" HPOS="88" VPOS="1752" WIDTH="86" HEIGHT="22" WC="0.96" CONTENT="vara"/><SP WIDTH="19" VPOS="1752" HPOS="174"/>
							<String ID="string_280" HPOS="193" VPOS="1739" WIDTH="187" HEIGHT="42" WC="0.96" CONTENT="betingade"/><SP WIDTH="22" VPOS="1739" HPOS="380"/>
							<String ID="string_281" HPOS="402" VPOS="1751" WIDTH="46" HEIGHT="21" WC="0.96" CONTENT="av"/><SP WIDTH="21" VPOS="1751" HPOS="448"/>
							<String ID="string_282" HPOS="469" VPOS="1738" WIDTH="110" HEIGHT="33" WC="0.96" CONTENT="andra"/><SP WIDTH="21" VPOS="1738" HPOS="579"/>
							<String ID="string_283" HPOS="600" VPOS="1736" WIDTH="312" HEIGHT="42" WC="0.96" CONTENT="omständigheter."/><SP WIDTH="21" VPOS="1736" HPOS="912"/>
							<String ID="string_284" HPOS="933" VPOS="1736" WIDTH="189" HEIGHT="34" WC="0.96" CONTENT="Utskottet"/><SP WIDTH="21" VPOS="1736" HPOS="1122"/>
							<String ID="string_285" HPOS="1143" VPOS="1735" WIDTH="63" HEIGHT="33" WC="0.97" CONTENT="har"/><SP WIDTH="21" VPOS="1735" HPOS="1206"/>
							<String ID="string_286" HPOS="1227" VPOS="1734" WIDTH="107" HEIGHT="33" WC="0.96" CONTENT="bland"/><SP WIDTH="23" VPOS="1734" HPOS="1334"/>
							<String ID="string_287" HPOS="1357" VPOS="1737" WIDTH="110" HEIGHT="30" WC="0.93" CONTENT="annat"/><SP WIDTH="21" VPOS="1737" HPOS="1467"/>
							<String ID="string_288" HPOS="1488" VPOS="1745" WIDTH="87" HEIGHT="30" WC="0.90" CONTENT="upp-"/>
						</TextLine>
						<TextLine ID="line_29" HPOS="86" VPOS="1787" WIDTH="1488" HEIGHT="45">
							<String ID="string_289" HPOS="86" VPOS="1794" WIDTH="255" HEIGHT="32" WC="0.92" CONTENT="märksammat"/><SP WIDTH="22" VPOS="1794" HPOS="341"/>
							<String ID="string_290" HPOS="363" VPOS="1792" WIDTH="194" HEIGHT="33" WC="0.96" CONTENT="tendensen"/><SP WIDTH="23" VPOS="1792" HPOS="557"/>
							<String ID="string_291" HPOS="580" VPOS="1795" WIDTH="56" HEIGHT="29" WC="0.93" CONTENT="att"/><SP WIDTH="23" VPOS="1795" HPOS="636"/>
							<String ID="string_292" HPOS="659" VPOS="1790" WIDTH="151" HEIGHT="42" WC="0.92" CONTENT="uppdela"/><SP WIDTH="24" VPOS="1790" HPOS="810"/>
							<String ID="string_293" HPOS="834" VPOS="1802" WIDTH="42" HEIGHT="21" WC="0.96" CONTENT="en"/><SP WIDTH="23" VPOS="1802" HPOS="876"/>
							<String ID="string_294" HPOS="899" VPOS="1789" WIDTH="158" HEIGHT="33" WC="0.96" CONTENT="lärokurs"/><SP WIDTH="23" VPOS="1789" HPOS="1057"/>
							<String ID="string_295" HPOS="1080" VPOS="1788" WIDTH="10" HEIGHT="33" WC="0.96" CONTENT="i"/><SP WIDTH="23" VPOS="1788" HPOS="1090"/>
							<String ID="string_296" HPOS="1113" VPOS="1788" WIDTH="86" HEIGHT="33" WC="0.95" CONTENT="flera"/><SP WIDTH="21" VPOS="1788" HPOS="1199"/>
							<String ID="string_297" HPOS="1220" VPOS="1787" WIDTH="124" HEIGHT="34" WC="0.96" CONTENT="häften"/><SP WIDTH="23" VPOS="1787" HPOS="1344"/>
							<String ID="string_298" HPOS="1367" VPOS="1787" WIDTH="66" HEIGHT="33" WC="0.96" CONTENT="och"/><SP WIDTH="23" VPOS="1787" HPOS="1433"/>
							<String ID="string_299" HPOS="1456" VPOS="1791" WIDTH="55" HEIGHT="28" WC="0.96" CONTENT="att"/><SP WIDTH="23" VPOS="1791" HPOS="1511"/>
							<String ID="string_300" HPOS="1534" VPOS="1798" WIDTH="40" HEIGHT="30" WC="0.96" CONTENT="ge"/>
						</TextLine>
						<TextLine ID="line_30" HPOS="88" VPOS="1843" WIDTH="897" HEIGHT="43">
							<String ID="string_301" HPOS="88" VPOS="1847" WIDTH="174" HEIGHT="33" WC="0.96" CONTENT="böckerna"/><SP WIDTH="22" VPOS="1847" HPOS="262"/>
							<String ID="string_302" HPOS="284" VPOS="1850" WIDTH="53" HEIGHT="29" WC="0.96" CONTENT="ett"/><SP WIDTH="20" VPOS="1850" HPOS="337"/>
							<String ID="string_303" HPOS="357" VPOS="1845" WIDTH="77" HEIGHT="34" WC="0.96" CONTENT="ofta"/><SP WIDTH="22" VPOS="1845" HPOS="434"/>
							<String ID="string_304" HPOS="456" VPOS="1844" WIDTH="119" HEIGHT="34" WC="0.96" CONTENT="alltför"/><SP WIDTH="20" VPOS="1844" HPOS="575"/>
							<String ID="string_305" HPOS="595" VPOS="1844" WIDTH="169" HEIGHT="42" WC="0.96" CONTENT="påkostat"/><SP WIDTH="21" VPOS="1844" HPOS="764"/>
							<String ID="string_306" HPOS="785" VPOS="1843" WIDTH="200" HEIGHT="33" WC="0.94" CONTENT="utförande."/>
						</TextLine>
					</TextBlock>
					<TextBlock ID="block_5" HPOS="86" VPOS="1893" WIDTH="1491" HEIGHT="359">
						<TextLine ID="line_31" HPOS="134" VPOS="1893" WIDTH="1442" HEIGHT="46">
							<String ID="string_307" HPOS="134" VPOS="1900" WIDTH="188" HEIGHT="33" WC="0.96" CONTENT="Utskottet"/><SP WIDTH="19" VPOS="1900" HPOS="322"/>
							<String ID="string_308" HPOS="341" VPOS="1898" WIDTH="115" HEIGHT="33" WC="0.96" CONTENT="finner"/><SP WIDTH="20" VPOS="1898" HPOS="456"/>
							<String ID="string_309" HPOS="476" VPOS="1898" WIDTH="60" HEIGHT="33" WC="0.96" CONTENT="det"/><SP WIDTH="21" VPOS="1898" HPOS="536"/>
							<String ID="string_310" HPOS="557" VPOS="1898" WIDTH="183" HEIGHT="41" WC="0.96" CONTENT="angeläget"/><SP WIDTH="21" VPOS="1898" HPOS="740"/>
							<String ID="string_311" HPOS="761" VPOS="1901" WIDTH="53" HEIGHT="28" WC="0.96" CONTENT="att"/><SP WIDTH="22" VPOS="1901" HPOS="814"/>
							<String ID="string_312" HPOS="836" VPOS="1896" WIDTH="97" HEIGHT="33" WC="0.96" CONTENT="såväl"/><SP WIDTH="21" VPOS="1896" HPOS="933"/>
							<String ID="string_313" HPOS="954" VPOS="1894" WIDTH="222" HEIGHT="43" WC="0.96" CONTENT="principerna"/><SP WIDTH="19" VPOS="1894" HPOS="1176"/>
							<String ID="string_314" HPOS="1195" VPOS="1894" WIDTH="53" HEIGHT="33" WC="0.93" CONTENT="för"/><SP WIDTH="20" VPOS="1894" HPOS="1248"/>
							<String ID="string_315" HPOS="1268" VPOS="1893" WIDTH="220" HEIGHT="34" WC="0.90" CONTENT="läroböckers"/><SP WIDTH="22" VPOS="1893" HPOS="1488"/>
							<String ID="string_316" HPOS="1510" VPOS="1893" WIDTH="66" HEIGHT="32" WC="0.91" CONTENT="till-"/>
						</TextLine>
						<TextLine ID="line_32" HPOS="88" VPOS="1946" WIDTH="1489" HEIGHT="45">
							<String ID="string_317" HPOS="88" VPOS="1952" WIDTH="282" HEIGHT="34" WC="0.90" CONTENT="handahållande"/><SP WIDTH="19" VPOS="1952" HPOS="370"/>
							<String ID="string_318" HPOS="389" VPOS="1952" WIDTH="37" HEIGHT="32" WC="0.96" CONTENT="åt"/><SP WIDTH="17" VPOS="1952" HPOS="426"/>
							<String ID="string_319" HPOS="443" VPOS="1951" WIDTH="160" HEIGHT="33" WC="0.96" CONTENT="eleverna"/><SP WIDTH="18" VPOS="1951" HPOS="603"/>
							<String ID="string_320" HPOS="621" VPOS="1962" WIDTH="75" HEIGHT="21" WC="0.96" CONTENT="som"/><SP WIDTH="18" VPOS="1962" HPOS="696"/>
							<String ID="string_321" HPOS="714" VPOS="1949" WIDTH="121" HEIGHT="42" WC="0.96" CONTENT="frågan"/><SP WIDTH="18" VPOS="1949" HPOS="835"/>
							<String ID="string_322" HPOS="853" VPOS="1961" WIDTH="58" HEIGHT="22" WC="0.96" CONTENT="om"/><SP WIDTH="17" VPOS="1961" HPOS="911"/>
							<String ID="string_323" HPOS="928" VPOS="1948" WIDTH="240" HEIGHT="34" WC="0.96" CONTENT="kostnaderna"/><SP WIDTH="17" VPOS="1948" HPOS="1168"/>
							<String ID="string_324" HPOS="1185" VPOS="1947" WIDTH="53" HEIGHT="33" WC="0.96" CONTENT="för"/><SP WIDTH="16" VPOS="1947" HPOS="1238"/>
							<String ID="string_325" HPOS="1254" VPOS="1947" WIDTH="102" HEIGHT="33" WC="0.96" CONTENT="dessa"/><SP WIDTH="18" VPOS="1947" HPOS="1356"/>
							<String ID="string_326" HPOS="1374" VPOS="1946" WIDTH="203" HEIGHT="33" WC="0.96" CONTENT="läroböcker"/>
						</TextLine>
						<TextLine ID="line_33" HPOS="87" VPOS="2000" WIDTH="1489" HEIGHT="45">
							<String ID="string_327" HPOS="87" VPOS="2006" WIDTH="65" HEIGHT="33" WC="0.96" CONTENT="blir"/><SP WIDTH="18" VPOS="2006" HPOS="152"/>
							<String ID="string_328" HPOS="170" VPOS="2006" WIDTH="144" HEIGHT="33" WC="0.96" CONTENT="föremål"/><SP WIDTH="20" VPOS="2006" HPOS="314"/>
							<String ID="string_329" HPOS="334" VPOS="2005" WIDTH="53" HEIGHT="33" WC="0.96" CONTENT="för"/><SP WIDTH="19" VPOS="2005" HPOS="387"/>
							<String ID="string_330" HPOS="406" VPOS="2008" WIDTH="159" HEIGHT="30" WC="0.96" CONTENT="närmare"/><SP WIDTH="19" VPOS="2008" HPOS="565"/>
							<String ID="string_331" HPOS="584" VPOS="2003" WIDTH="189" HEIGHT="42" WC="0.96" CONTENT="utredning"/><SP WIDTH="18" VPOS="2003" HPOS="773"/>
							<String ID="string_332" HPOS="791" VPOS="2015" WIDTH="125" HEIGHT="30" WC="0.93" CONTENT="genom"/><SP WIDTH="20" VPOS="2015" HPOS="916"/>
							<String ID="string_333" HPOS="936" VPOS="2001" WIDTH="350" HEIGHT="42" WC="0.92" CONTENT="skolöverstyrelsens"/><SP WIDTH="19" VPOS="2001" HPOS="1286"/>
							<String ID="string_334" HPOS="1305" VPOS="2000" WIDTH="134" HEIGHT="41" WC="0.96" CONTENT="försorg"/><SP WIDTH="19" VPOS="2000" HPOS="1439"/>
							<String ID="string_335" HPOS="1458" VPOS="2000" WIDTH="9" HEIGHT="32" WC="0.81" CONTENT="i"/><SP WIDTH="21" VPOS="2000" HPOS="1467"/>
							<String ID="string_336" HPOS="1488" VPOS="2012" WIDTH="88" HEIGHT="20" WC="0.92" CONTENT="sam-"/>
						</TextLine>
						<TextLine ID="line_34" HPOS="86" VPOS="2052" WIDTH="1488" HEIGHT="46">
							<String ID="string_337" HPOS="86" VPOS="2060" WIDTH="61" HEIGHT="33" WC="0.96" CONTENT="råd"/><SP WIDTH="22" VPOS="2060" HPOS="147"/>
							<String ID="string_338" HPOS="169" VPOS="2060" WIDTH="80" HEIGHT="32" WC="0.92" CONTENT="med"/><SP WIDTH="22" VPOS="2060" HPOS="249"/>
							<String ID="string_339" HPOS="271" VPOS="2058" WIDTH="344" HEIGHT="34" WC="0.92" CONTENT="läroboksnämnden"/><SP WIDTH="21" VPOS="2058" HPOS="615"/>
							<String ID="string_340" HPOS="636" VPOS="2057" WIDTH="66" HEIGHT="34" WC="0.96" CONTENT="och"/><SP WIDTH="22" VPOS="2057" HPOS="702"/>
							<String ID="string_341" HPOS="724" VPOS="2060" WIDTH="281" HEIGHT="38" WC="0.96" CONTENT="representanter"/><SP WIDTH="20" VPOS="2060" HPOS="1005"/>
							<String ID="string_342" HPOS="1025" VPOS="2055" WIDTH="54" HEIGHT="33" WC="0.96" CONTENT="för"/><SP WIDTH="21" VPOS="2055" HPOS="1079"/>
							<String ID="string_343" HPOS="1100" VPOS="2054" WIDTH="151" HEIGHT="33" WC="0.96" CONTENT="svenska"/><SP WIDTH="21" VPOS="2054" HPOS="1251"/>
							<String ID="string_344" HPOS="1272" VPOS="2052" WIDTH="302" HEIGHT="40" WC="0.96" CONTENT="stadsförbundet,"/>
						</TextLine>
						<TextLine ID="line_35" HPOS="86" VPOS="2106" WIDTH="1487" HEIGHT="41">
							<String ID="string_345" HPOS="86" VPOS="2113" WIDTH="150" HEIGHT="32" WC="0.93" CONTENT="svenska"/><SP WIDTH="24" VPOS="2113" HPOS="236"/>
							<String ID="string_346" HPOS="260" VPOS="2112" WIDTH="376" HEIGHT="33" WC="0.91" CONTENT="landskommunernas"/><SP WIDTH="25" VPOS="2112" HPOS="636"/>
							<String ID="string_347" HPOS="661" VPOS="2110" WIDTH="164" HEIGHT="37" WC="0.93" CONTENT="förbund,"/><SP WIDTH="24" VPOS="2110" HPOS="825"/>
							<String ID="string_348" HPOS="849" VPOS="2109" WIDTH="262" HEIGHT="33" WC="0.91" CONTENT="målsmännens"/><SP WIDTH="25" VPOS="2109" HPOS="1111"/>
							<String ID="string_349" HPOS="1136" VPOS="2107" WIDTH="225" HEIGHT="33" WC="0.91" CONTENT="riksförbund"/><SP WIDTH="26" VPOS="2107" HPOS="1361"/>
							<String ID="string_350" HPOS="1387" VPOS="2119" WIDTH="34" HEIGHT="20" WC="0.91" CONTENT="m."/><SP WIDTH="20" VPOS="2119" HPOS="1421"/>
							<String ID="string_351" HPOS="1441" VPOS="2106" WIDTH="42" HEIGHT="33" WC="0.92" CONTENT="fl."/><SP WIDTH="28" VPOS="2106" HPOS="1483"/>
							<String ID="string_352" HPOS="1511" VPOS="2106" WIDTH="62" HEIGHT="33" WC="0.91" CONTENT="Ut-"/>
						</TextLine>
						<TextLine ID="line_36" HPOS="88" VPOS="2159" WIDTH="1488" HEIGHT="46">
							<String ID="string_353" HPOS="88" VPOS="2167" WIDTH="135" HEIGHT="32" WC="0.96" CONTENT="skottet"/><SP WIDTH="20" VPOS="2167" HPOS="223"/>
							<String ID="string_354" HPOS="243" VPOS="2165" WIDTH="159" HEIGHT="33" WC="0.96" CONTENT="förordar"/><SP WIDTH="19" VPOS="2165" HPOS="402"/>
							<String ID="string_355" HPOS="421" VPOS="2169" WIDTH="55" HEIGHT="29" WC="0.96" CONTENT="att"/><SP WIDTH="19" VPOS="2169" HPOS="476"/>
							<String ID="string_356" HPOS="495" VPOS="2165" WIDTH="186" HEIGHT="40" WC="0.96" CONTENT="riksdagen"/><SP WIDTH="20" VPOS="2165" HPOS="681"/>
							<String ID="string_357" HPOS="701" VPOS="2164" WIDTH="9" HEIGHT="32" WC="0.96" CONTENT="i"/><SP WIDTH="20" VPOS="2164" HPOS="710"/>
							<String ID="string_358" HPOS="730" VPOS="2163" WIDTH="164" HEIGHT="33" WC="0.95" CONTENT="skrivelse"/><SP WIDTH="21" VPOS="2163" HPOS="894"/>
							<String ID="string_359" HPOS="915" VPOS="2162" WIDTH="53" HEIGHT="33" WC="0.96" CONTENT="till"/><SP WIDTH="19" VPOS="2162" HPOS="968"/>
							<String ID="string_360" HPOS="987" VPOS="2162" WIDTH="131" HEIGHT="40" WC="0.94" CONTENT="Kungl."/><SP WIDTH="21" VPOS="2162" HPOS="1118"/>
							<String ID="string_361" HPOS="1139" VPOS="2160" WIDTH="110" HEIGHT="42" WC="0.96" CONTENT="Maj:t"/><SP WIDTH="20" VPOS="2160" HPOS="1249"/>
							<String ID="string_362" HPOS="1269" VPOS="2160" WIDTH="97" HEIGHT="41" WC="0.95" CONTENT="giver"/><SP WIDTH="20" VPOS="2160" HPOS="1366"/>
							<String ID="string_363" HPOS="1386" VPOS="2159" WIDTH="51" HEIGHT="33" WC="0.96" CONTENT="till"/><SP WIDTH="20" VPOS="2159" HPOS="1437"/>
							<String ID="string_364" HPOS="1457" VPOS="2160" WIDTH="119" HEIGHT="32" WC="0.96" CONTENT="känna"/>
						</TextLine>
						<TextLine ID="line_37" HPOS="90" VPOS="2215" WIDTH="858" HEIGHT="37">
							<String ID="string_365" HPOS="90" VPOS="2220" WIDTH="67" HEIGHT="32" WC="0.96" CONTENT="vad"/><SP WIDTH="22" VPOS="2220" HPOS="157"/>
							<String ID="string_366" HPOS="179" VPOS="2219" WIDTH="178" HEIGHT="33" WC="0.96" CONTENT="utskottet"/><SP WIDTH="20" VPOS="2219" HPOS="357"/>
							<String ID="string_367" HPOS="377" VPOS="2218" WIDTH="147" HEIGHT="33" WC="0.95" CONTENT="sålunda"/><SP WIDTH="21" VPOS="2218" HPOS="524"/>
							<String ID="string_368" HPOS="545" VPOS="2218" WIDTH="9" HEIGHT="32" WC="0.95" CONTENT="i"/><SP WIDTH="22" VPOS="2218" HPOS="554"/>
							<String ID="string_369" HPOS="576" VPOS="2218" WIDTH="101" HEIGHT="32" WC="0.96" CONTENT="detta"/><SP WIDTH="20" VPOS="2218" HPOS="677"/>
							<String ID="string_370" HPOS="697" VPOS="2220" WIDTH="101" HEIGHT="29" WC="0.95" CONTENT="ämne"/><SP WIDTH="22" VPOS="2220" HPOS="798"/>
							<String ID="string_371" HPOS="820" VPOS="2215" WIDTH="128" HEIGHT="34" WC="0.95" CONTENT="anfört."/>
						</TextLine>
					</TextBlock>
					<TextBlock ID="block_6" HPOS="135" VPOS="2276" WIDTH="1114" HEIGHT="45">
						<TextLine ID="line_38" HPOS="135" VPOS="2276" WIDTH="1114" HEIGHT="45">
							<String ID="string_372" HPOS="135" VPOS="2280" WIDTH="120" HEIGHT="33" WC="0.96" CONTENT="Under"/><SP WIDTH="21" VPOS="2280" HPOS="255"/>
							<String ID="string_373" HPOS="276" VPOS="2279" WIDTH="223" HEIGHT="42" WC="0.96" CONTENT="åberopande"/><SP WIDTH="22" VPOS="2279" HPOS="499"/>
							<String ID="string_374" HPOS="521" VPOS="2291" WIDTH="44" HEIGHT="21" WC="0.96" CONTENT="av"/><SP WIDTH="22" VPOS="2291" HPOS="565"/>
							<String ID="string_375" HPOS="587" VPOS="2279" WIDTH="61" HEIGHT="32" WC="0.96" CONTENT="det"/><SP WIDTH="22" VPOS="2279" HPOS="648"/>
							<String ID="string_376" HPOS="670" VPOS="2278" WIDTH="147" HEIGHT="33" WC="0.96" CONTENT="anförda"/><SP WIDTH="22" VPOS="2278" HPOS="817"/>
							<String ID="string_377" HPOS="839" VPOS="2277" WIDTH="201" HEIGHT="33" WC="0.96" CONTENT="hemställer"/><SP WIDTH="21" VPOS="2277" HPOS="1040"/>
							<String ID="string_378" HPOS="1061" VPOS="2276" WIDTH="188" HEIGHT="35" WC="0.95" CONTENT="utskottet,"/>
						</TextLine>
					</TextBlock>
					<TextBlock ID="block_7" HPOS="455" VPOS="2331" WIDTH="339" HEIGHT="42">
						<TextLine ID="line_39" HPOS="455" VPOS="2331" WIDTH="339" HEIGHT="42">
							<String ID="string_379" HPOS="455" VPOS="2337" WIDTH="53" HEIGHT="27" WC="0.96" CONTENT="att"/><SP WIDTH="22" VPOS="2337" HPOS="508"/>
							<String ID="string_380" HPOS="530" VPOS="2331" WIDTH="185" HEIGHT="42" WC="0.96" CONTENT="riksdagen"/><SP WIDTH="21" VPOS="2331" HPOS="715"/>
							<String ID="string_381" HPOS="736" VPOS="2331" WIDTH="58" HEIGHT="32" WC="0.96" CONTENT="må"/>
						</TextLine>
					</TextBlock>
					<TextBlock ID="block_8" HPOS="406" VPOS="2381" WIDTH="1172" HEIGHT="150">
						<TextLine ID="line_40" HPOS="455" VPOS="2381" WIDTH="1123" HEIGHT="44">
							<String ID="string_382" HPOS="455" VPOS="2385" WIDTH="33" HEIGHT="40" WC="0.96" CONTENT="a)"/><SP WIDTH="24" VPOS="2385" HPOS="488"/>
							<String ID="string_383" HPOS="512" VPOS="2384" WIDTH="78" HEIGHT="33" WC="0.96" CONTENT="med"/><SP WIDTH="21" VPOS="2384" HPOS="590"/>
							<String ID="string_384" HPOS="611" VPOS="2383" WIDTH="97" HEIGHT="34" WC="0.96" CONTENT="bifall"/><SP WIDTH="20" VPOS="2383" HPOS="708"/>
							<String ID="string_385" HPOS="728" VPOS="2383" WIDTH="50" HEIGHT="33" WC="0.96" CONTENT="till"/><SP WIDTH="21" VPOS="2383" HPOS="778"/>
							<String ID="string_386" HPOS="799" VPOS="2383" WIDTH="131" HEIGHT="40" WC="0.94" CONTENT="Kungl."/><SP WIDTH="21" VPOS="2383" HPOS="930"/>
							<String ID="string_387" HPOS="951" VPOS="2382" WIDTH="127" HEIGHT="41" WC="0.96" CONTENT="Maj:ts"/><SP WIDTH="20" VPOS="2382" HPOS="1078"/>
							<String ID="string_388" HPOS="1098" VPOS="2382" WIDTH="129" HEIGHT="40" WC="0.96" CONTENT="förslag"/><SP WIDTH="18" VPOS="2382" HPOS="1227"/>
							<String ID="string_389" HPOS="1245" VPOS="2386" WIDTH="93" HEIGHT="28" WC="0.96" CONTENT="samt"/><SP WIDTH="19" VPOS="2386" HPOS="1338"/>
							<String ID="string_390" HPOS="1357" VPOS="2381" WIDTH="80" HEIGHT="33" WC="0.95" CONTENT="med"/><SP WIDTH="20" VPOS="2381" HPOS="1437"/>
							<String ID="string_391" HPOS="1457" VPOS="2381" WIDTH="121" HEIGHT="39" WC="0.95" CONTENT="avslag"/>
						</TextLine>
						<TextLine ID="line_41" HPOS="408" VPOS="2433" WIDTH="1168" HEIGHT="37">
							<String ID="string_392" HPOS="408" VPOS="2438" WIDTH="20" HEIGHT="32" WC="0.91" CONTENT="å"/><SP WIDTH="24" VPOS="2438" HPOS="428"/>
							<String ID="string_393" HPOS="452" VPOS="2437" WIDTH="221" HEIGHT="33" WC="0.96" CONTENT="motionerna"/><SP WIDTH="23" VPOS="2437" HPOS="673"/>
							<String ID="string_394" HPOS="696" VPOS="2436" WIDTH="29" HEIGHT="33" WC="0.95" CONTENT="I:"/><SP WIDTH="15" VPOS="2436" HPOS="725"/>
							<String ID="string_395" HPOS="740" VPOS="2439" WIDTH="66" HEIGHT="30" WC="0.95" CONTENT="287"/><SP WIDTH="23" VPOS="2439" HPOS="806"/>
							<String ID="string_396" HPOS="829" VPOS="2436" WIDTH="65" HEIGHT="33" WC="0.96" CONTENT="och"/><SP WIDTH="24" VPOS="2436" HPOS="894"/>
							<String ID="string_397" HPOS="918" VPOS="2436" WIDTH="49" HEIGHT="32" WC="0.87" CONTENT="IT:"/><SP WIDTH="16" VPOS="2436" HPOS="967"/>
							<String ID="string_398" HPOS="983" VPOS="2438" WIDTH="65" HEIGHT="30" WC="0.95" CONTENT="317"/><SP WIDTH="24" VPOS="2438" HPOS="1048"/>
							<String ID="string_399" HPOS="1072" VPOS="2434" WIDTH="50" HEIGHT="33" WC="0.93" CONTENT="till"/><SP WIDTH="26" VPOS="2434" HPOS="1122"/>
							<String ID="string_400" HPOS="1148" VPOS="2434" WIDTH="206" HEIGHT="33" WC="0.90" CONTENT="Folkskolor"/><SP WIDTH="23" VPOS="2434" HPOS="1354"/>
							<String ID="string_401" HPOS="1377" VPOS="2445" WIDTH="119" HEIGHT="21" WC="0.91" CONTENT="m.m.:"/><SP WIDTH="24" VPOS="2445" HPOS="1496"/>
							<String ID="string_402" HPOS="1520" VPOS="2433" WIDTH="56" HEIGHT="33" WC="0.91" CONTENT="Bi-"/>
						</TextLine>
						<TextLine ID="line_42" HPOS="406" VPOS="2487" WIDTH="1169" HEIGHT="44">
							<String ID="string_403" HPOS="406" VPOS="2490" WIDTH="85" HEIGHT="41" WC="0.94" CONTENT="drag"/><SP WIDTH="31" VPOS="2490" HPOS="491"/>
							<String ID="string_404" HPOS="522" VPOS="2490" WIDTH="52" HEIGHT="33" WC="0.96" CONTENT="till"/><SP WIDTH="30" VPOS="2490" HPOS="574"/>
							<String ID="string_405" HPOS="604" VPOS="2489" WIDTH="237" HEIGHT="34" WC="0.96" CONTENT="kostnaderna"/><SP WIDTH="28" VPOS="2489" HPOS="841"/>
							<String ID="string_406" HPOS="869" VPOS="2489" WIDTH="56" HEIGHT="40" WC="0.93" CONTENT="för"/><SP WIDTH="29" VPOS="2489" HPOS="925"/>
							<String ID="string_407" HPOS="954" VPOS="2487" WIDTH="336" HEIGHT="34" WC="0.91" CONTENT="tillhandahållande"/><SP WIDTH="30" VPOS="2487" HPOS="1290"/>
							<String ID="string_408" HPOS="1320" VPOS="2499" WIDTH="45" HEIGHT="21" WC="0.96" CONTENT="av"/><SP WIDTH="29" VPOS="2499" HPOS="1365"/>
							<String ID="string_409" HPOS="1394" VPOS="2487" WIDTH="66" HEIGHT="41" WC="0.92" CONTENT="fria"/><SP WIDTH="29" VPOS="2487" HPOS="1460"/>
							<String ID="string_410" HPOS="1489" VPOS="2487" WIDTH="86" HEIGHT="33" WC="0.92" CONTENT="läro-"/>
						</TextLine>
					</TextBlock>
				</ComposedBlock>
				<ComposedBlock ID="cblock_3" HPOS="87" VPOS="2551" WIDTH="968" HEIGHT="33">
					<TextBlock ID="block_9" HPOS="87" VPOS="2551" WIDTH="968" HEIGHT="33">
						<TextLine ID="line_43" HPOS="87" VPOS="2551" WIDTH="968" HEIGHT="33">
							<String ID="string_411" HPOS="87" VPOS="2554" WIDTH="16" HEIGHT="25" WC="0.90" CONTENT="2"/><SP WIDTH="19" VPOS="2554" HPOS="103"/>
							<String ID="string_412" HPOS="122" VPOS="2569" WIDTH="31" HEIGHT="3" WC="0.90" CONTENT="—"/><SP WIDTH="19" VPOS="2569" HPOS="153"/>
							<String ID="string_413" HPOS="172" VPOS="2554" WIDTH="99" HEIGHT="30" WC="0.91" CONTENT="Bihang"/><SP WIDTH="19" VPOS="2554" HPOS="271"/>
							<String ID="string_414" HPOS="290" VPOS="2554" WIDTH="37" HEIGHT="24" WC="0.96" CONTENT="till"/><SP WIDTH="18" VPOS="2554" HPOS="327"/>
							<String ID="string_415" HPOS="345" VPOS="2553" WIDTH="149" HEIGHT="30" WC="0.96" CONTENT="riksdagens"/><SP WIDTH="16" VPOS="2553" HPOS="494"/>
							<String ID="string_416" HPOS="510" VPOS="2553" WIDTH="129" HEIGHT="30" WC="0.96" CONTENT="protokoll"/><SP WIDTH="20" VPOS="2553" HPOS="639"/>
							<String ID="string_417" HPOS="659" VPOS="2554" WIDTH="69" HEIGHT="22" WC="0.93" CONTENT="1957."/><SP WIDTH="36" VPOS="2554" HPOS="728"/>
							<String ID="string_418" HPOS="764" VPOS="2554" WIDTH="14" HEIGHT="21" WC="0.93" CONTENT="6"/><SP WIDTH="17" VPOS="2554" HPOS="778"/>
							<String ID="string_419" HPOS="795" VPOS="2552" WIDTH="71" HEIGHT="24" WC="0.92" CONTENT="saml."/><SP WIDTH="37" VPOS="2552" HPOS="866"/>
							<String ID="string_420" HPOS="903" VPOS="2551" WIDTH="39" HEIGHT="24" WC="0.87" CONTENT="Nr"/><SP WIDTH="15" VPOS="2551" HPOS="942"/>
							<String ID="string_421" HPOS="957" VPOS="2552" WIDTH="98" HEIGHT="22" WC="0.91" CONTENT="55—56"/>
						</TextLine>
					</TextBlock>
				</ComposedBlock>
			</PrintSpace>
		</Page>
	</Layout>
</alto>
