<?xml version="1.0" encoding="UTF-8"?>
<alto xmlns="http://www.loc.gov/standards/alto/ns-v3#" xmlns:xlink="http://www.w3.org/1999/xlink" xmlns:xsi="http://www.w3.org/2001/XMLSchema-instance" xsi:schemaLocation="http://www.loc.gov/standards/alto/ns-v3# http://www.loc.gov/alto/v3/alto-3-0.xsd">
	<Description>
		<MeasurementUnit>pixel</MeasurementUnit>
		<sourceImageInformation>
			<fileName>/tmp/tess_hauzqyhc_input.PNG</fileName>
		</sourceImageInformation>
		<OCRProcessing ID="OCR_0">
			<ocrProcessingStep>
				<processingSoftware>
					<softwareName>tesseract 5.3.0</softwareName>
				</processingSoftware>
			</ocrProcessingStep>
		</OCRProcessing>
	</Description>
	<Layout>
		<Page WIDTH="1936" HEIGHT="2822" PHYSICAL_IMG_NR="0" ID="page_0">
			<PrintSpace HPOS="0" VPOS="0" WIDTH="1936" HEIGHT="2822">
				<ComposedBlock ID="cblock_0" HPOS="309" VPOS="161" WIDTH="1490" HEIGHT="84">
					<TextBlock ID="block_0" HPOS="309" VPOS="161" WIDTH="1490" HEIGHT="84">
						<TextLine ID="line_0" HPOS="309" VPOS="161" WIDTH="1044" HEIGHT="37">
							<String ID="string_0" HPOS="309" VPOS="161" WIDTH="40" HEIGHT="31" WC="0.96" CONTENT="12"/><SP WIDTH="406" VPOS="161" HPOS="349"/>
							<String ID="string_1" HPOS="755" VPOS="164" WIDTH="283" HEIGHT="32" WC="0.86" CONTENT="Bankoutskottets"/><SP WIDTH="22" VPOS="164" HPOS="1038"/>
							<String ID="string_2" HPOS="1060" VPOS="166" WIDTH="164" HEIGHT="31" WC="0.96" CONTENT="memorial"/><SP WIDTH="23" VPOS="166" HPOS="1224"/>
							<String ID="string_3" HPOS="1247" VPOS="167" WIDTH="54" HEIGHT="31" WC="0.95" CONTENT="Nr"/><SP WIDTH="22" VPOS="167" HPOS="1301"/>
							<String ID="string_4" HPOS="1323" VPOS="170" WIDTH="30" HEIGHT="28" WC="0.90" CONTENT="1."/>
						</TextLine>
						<TextLine ID="line_1" HPOS="1459" VPOS="215" WIDTH="340" HEIGHT="30">
							<String ID="string_5" HPOS="1459" VPOS="215" WIDTH="105" HEIGHT="28" WC="0.91" CONTENT="Vinst-"/><SP WIDTH="25" VPOS="215" HPOS="1564"/>
							<String ID="string_6" HPOS="1589" VPOS="216" WIDTH="59" HEIGHT="28" WC="0.93" CONTENT="och"/><SP WIDTH="24" VPOS="216" HPOS="1648"/>
							<String ID="string_7" HPOS="1672" VPOS="216" WIDTH="127" HEIGHT="29" WC="0.91" CONTENT="förlust-"/>
						</TextLine>
					</TextBlock>
				</ComposedBlock>
				<GraphicalElement ID="cblock_1" HPOS="306" VPOS="255" WIDTH="1493" HEIGHT="15"></GraphicalElement >
				<GraphicalElement ID="cblock_2" HPOS="306" VPOS="266" WIDTH="1418" HEIGHT="12"></GraphicalElement >
				<GraphicalElement ID="cblock_3" HPOS="1182" VPOS="353" WIDTH="604" HEIGHT="4"></GraphicalElement >
				<GraphicalElement ID="cblock_4" HPOS="1140" VPOS="413" WIDTH="651" HEIGHT="9"></GraphicalElement >
				<ComposedBlock ID="cblock_5" HPOS="333" VPOS="298" WIDTH="1458" HEIGHT="283">
					<TextBlock ID="block_1" HPOS="333" VPOS="298" WIDTH="1458" HEIGHT="283">
						<TextLine ID="line_2" HPOS="1197" VPOS="298" WIDTH="432" HEIGHT="28">
							<String ID="string_8" HPOS="1197" VPOS="298" WIDTH="95" HEIGHT="26" WC="0.95" CONTENT="1936"/><SP WIDTH="216" VPOS="298" HPOS="1292"/>
							<String ID="string_9" HPOS="1508" VPOS="300" WIDTH="121" HEIGHT="26" WC="0.96" CONTENT="1937"/>
						</TextLine>
						<TextLine ID="line_3" HPOS="661" VPOS="345" WIDTH="1076" HEIGHT="59">
							<String ID="string_10" HPOS="661" VPOS="345" WIDTH="149" HEIGHT="59" WC="0.92" CONTENT="DEBET."/><SP WIDTH="375" VPOS="345" HPOS="810"/>
							<String ID="string_11" HPOS="1185" VPOS="371" WIDTH="116" HEIGHT="25" WC="0.95" CONTENT="Kronor"/><SP WIDTH="99" VPOS="371" HPOS="1301"/>
							<String ID="string_12" HPOS="1400" VPOS="371" WIDTH="114" HEIGHT="26" WC="0.95" CONTENT="Kronor"/><SP WIDTH="108" VPOS="371" HPOS="1514"/>
							<String ID="string_13" HPOS="1622" VPOS="373" WIDTH="115" HEIGHT="25" WC="0.96" CONTENT="Kronor"/>
						</TextLine>
						<TextLine ID="line_4" HPOS="965" VPOS="459" WIDTH="826" HEIGHT="33">
							<String ID="string_14" HPOS="965" VPOS="460" WIDTH="157" HEIGHT="32" WC="0.95" CONTENT="Transport"/><SP WIDTH="12" VPOS="460" HPOS="1122"/>
							<String ID="string_15" HPOS="1134" VPOS="455" WIDTH="11" HEIGHT="42" WC="0.91" CONTENT="|"/><SP WIDTH="12" VPOS="455" HPOS="1145"/>
							<String ID="string_16" HPOS="1157" VPOS="459" WIDTH="186" HEIGHT="32" WC="0.0" CONTENT="5,139,040/11|"/><SP WIDTH="56" VPOS="459" HPOS="1343"/>
							<String ID="string_17" HPOS="1399" VPOS="460" WIDTH="159" HEIGHT="32" WC="0.7" CONTENT="313,247|81]"/><SP WIDTH="46" VPOS="460" HPOS="1558"/>
							<String ID="string_18" HPOS="1604" VPOS="460" WIDTH="187" HEIGHT="32" WC="0.43" CONTENT="5,128,313178"/>
						</TextLine>
						<TextLine ID="line_5" HPOS="333" VPOS="508" WIDTH="1223" HEIGHT="36">
							<String ID="string_19" HPOS="333" VPOS="508" WIDTH="164" HEIGHT="27" WC="0.96" CONTENT="Kostnader"/><SP WIDTH="18" VPOS="508" HPOS="497"/>
							<String ID="string_20" HPOS="515" VPOS="510" WIDTH="46" HEIGHT="25" WC="0.93" CONTENT="för"/><SP WIDTH="19" VPOS="510" HPOS="561"/>
							<String ID="string_21" HPOS="580" VPOS="510" WIDTH="249" HEIGHT="33" WC="0.90" CONTENT="guldtransporter"/><SP WIDTH="18" VPOS="510" HPOS="829"/>
							<String ID="string_22" HPOS="847" VPOS="520" WIDTH="75" HEIGHT="17" WC="0.82" CONTENT="m.m,"/><SP WIDTH="5" VPOS="520" HPOS="922"/>
							<String ID="string_23" HPOS="927" VPOS="532" WIDTH="192" HEIGHT="6" WC="0.55" CONTENT="......."/><SP WIDTH="83" VPOS="532" HPOS="1119"/>
							<String ID="string_24" HPOS="1202" VPOS="512" WIDTH="142" HEIGHT="32" WC="0.77" CONTENT="41,559117"/><SP WIDTH="101" VPOS="512" HPOS="1344"/>
							<String ID="string_25" HPOS="1445" VPOS="527" WIDTH="33" HEIGHT="3" WC="0.54" CONTENT="—"/><SP WIDTH="50" VPOS="527" HPOS="1478"/>
							<String ID="string_26" HPOS="1528" VPOS="527" WIDTH="28" HEIGHT="3" WC="0.0" CONTENT="I"/>
						</TextLine>
						<TextLine ID="line_6" HPOS="406" VPOS="546" WIDTH="1152" HEIGHT="35">
							<String ID="string_27" HPOS="406" VPOS="553" WIDTH="11" HEIGHT="13" WC="0.89" CONTENT="»"/><SP WIDTH="114" VPOS="553" HPOS="417"/>
							<String ID="string_28" HPOS="531" VPOS="554" WIDTH="10" HEIGHT="12" WC="0.83" CONTENT="&gt;"/><SP WIDTH="40" VPOS="554" HPOS="541"/>
							<String ID="string_29" HPOS="581" VPOS="546" WIDTH="155" HEIGHT="34" WC="0.75" CONTENT="probering"/><SP WIDTH="19" VPOS="546" HPOS="736"/>
							<String ID="string_30" HPOS="755" VPOS="555" WIDTH="36" HEIGHT="19" WC="0.93" CONTENT="av"/><SP WIDTH="19" VPOS="555" HPOS="791"/>
							<String ID="string_31" HPOS="810" VPOS="548" WIDTH="199" HEIGHT="32" WC="0.91" CONTENT="guldplantsar"/><SP WIDTH="25" VPOS="548" HPOS="1009"/>
							<String ID="string_32" HPOS="1034" VPOS="569" WIDTH="85" HEIGHT="5" WC="0.69" CONTENT="...."/><SP WIDTH="84" VPOS="569" HPOS="1119"/>
							<String ID="string_33" HPOS="1203" VPOS="548" WIDTH="96" HEIGHT="32" WC="0.91" CONTENT="25,087"/><SP WIDTH="13" VPOS="548" HPOS="1299"/>
							<String ID="string_34" HPOS="1312" VPOS="548" WIDTH="34" HEIGHT="26" WC="0.91" CONTENT="50"/><SP WIDTH="90" VPOS="548" HPOS="1346"/>
							<String ID="string_35" HPOS="1436" VPOS="549" WIDTH="122" HEIGHT="32" WC="0.25" CONTENT="6,921—"/>
						</TextLine>
					</TextBlock>
				</ComposedBlock>
				<ComposedBlock ID="cblock_6" HPOS="333" VPOS="608" WIDTH="1225" HEIGHT="116">
					<TextBlock ID="block_2" HPOS="333" VPOS="608" WIDTH="1225" HEIGHT="116">
						<TextLine ID="line_7" HPOS="563" VPOS="608" WIDTH="322" HEIGHT="34">
							<String ID="string_36" HPOS="563" VPOS="608" WIDTH="56" HEIGHT="25" WC="0.92" CONTENT="För"/><SP WIDTH="18" VPOS="608" HPOS="619"/>
							<String ID="string_37" HPOS="637" VPOS="609" WIDTH="248" HEIGHT="33" WC="0.90" CONTENT="sedeltryckeriet:"/>
						</TextLine>
						<TextLine ID="line_8" HPOS="333" VPOS="652" WIDTH="797" HEIGHT="37">
							<String ID="string_38" HPOS="333" VPOS="652" WIDTH="100" HEIGHT="32" WC="0.96" CONTENT="Förlag"/><SP WIDTH="28" VPOS="652" HPOS="433"/>
							<String ID="string_39" HPOS="461" VPOS="652" WIDTH="45" HEIGHT="26" WC="0.96" CONTENT="för"/><SP WIDTH="29" VPOS="652" HPOS="506"/>
							<String ID="string_40" HPOS="535" VPOS="653" WIDTH="122" HEIGHT="32" WC="0.96" CONTENT="löpande"/><SP WIDTH="28" VPOS="653" HPOS="657"/>
							<String ID="string_41" HPOS="685" VPOS="654" WIDTH="121" HEIGHT="32" WC="0.95" CONTENT="utgifter"/><SP WIDTH="22" VPOS="654" HPOS="806"/>
							<String ID="string_42" HPOS="828" VPOS="655" WIDTH="49" HEIGHT="25" WC="0.93" CONTENT="vid"/><SP WIDTH="19" VPOS="655" HPOS="877"/>
							<String ID="string_43" HPOS="896" VPOS="655" WIDTH="234" HEIGHT="34" WC="0.92" CONTENT="sedeltryckeriet"/>
						</TextLine>
						<TextLine ID="line_9" HPOS="368" VPOS="689" WIDTH="1190" HEIGHT="35">
							<String ID="string_44" HPOS="368" VPOS="689" WIDTH="101" HEIGHT="24" WC="0.96" CONTENT="utöver"/><SP WIDTH="18" VPOS="689" HPOS="469"/>
							<String ID="string_45" HPOS="487" VPOS="696" WIDTH="36" HEIGHT="18" WC="0.96" CONTENT="av"/><SP WIDTH="20" VPOS="696" HPOS="523"/>
							<String ID="string_46" HPOS="543" VPOS="689" WIDTH="153" HEIGHT="32" WC="0.93" CONTENT="tryckeriet"/><SP WIDTH="19" VPOS="689" HPOS="696"/>
							<String ID="string_47" HPOS="715" VPOS="690" WIDTH="165" HEIGHT="33" WC="0.91" CONTENT="gottgjorda"/><SP WIDTH="19" VPOS="690" HPOS="880"/>
							<String ID="string_48" HPOS="899" VPOS="691" WIDTH="105" HEIGHT="33" WC="0.92" CONTENT="belopp"/><SP WIDTH="30" VPOS="691" HPOS="1004"/>
							<String ID="string_49" HPOS="1034" VPOS="712" WIDTH="85" HEIGHT="5" WC="0.76" CONTENT="....|"/><SP WIDTH="66" VPOS="712" HPOS="1119"/>
							<String ID="string_50" HPOS="1185" VPOS="691" WIDTH="160" HEIGHT="31" WC="0.24" CONTENT="622,352/85|"/><SP WIDTH="54" VPOS="691" HPOS="1345"/>
							<String ID="string_51" HPOS="1399" VPOS="691" WIDTH="159" HEIGHT="33" WC="0.72" CONTENT="422,433137"/>
						</TextLine>
					</TextBlock>
				</ComposedBlock>
				<ComposedBlock ID="cblock_7" HPOS="368" VPOS="735" WIDTH="753" HEIGHT="71">
					<TextBlock ID="block_3" HPOS="368" VPOS="735" WIDTH="753" HEIGHT="71">
						<TextLine ID="line_10" HPOS="368" VPOS="735" WIDTH="753" HEIGHT="48">
							<String ID="string_52" HPOS="368" VPOS="735" WIDTH="105" HEIGHT="38" WC="0.96" CONTENT="Övriga"/><SP WIDTH="27" VPOS="735" HPOS="473"/>
							<String ID="string_53" HPOS="500" VPOS="742" WIDTH="119" HEIGHT="32" WC="0.96" CONTENT="utgifter"/><SP WIDTH="25" VPOS="742" HPOS="619"/>
							<String ID="string_54" HPOS="644" VPOS="743" WIDTH="45" HEIGHT="25" WC="0.96" CONTENT="för"/><SP WIDTH="19" VPOS="743" HPOS="689"/>
							<String ID="string_55" HPOS="708" VPOS="744" WIDTH="155" HEIGHT="32" WC="0.96" CONTENT="tryckeriet"/><SP WIDTH="19" VPOS="744" HPOS="863"/>
							<String ID="string_56" HPOS="882" VPOS="745" WIDTH="91" HEIGHT="26" WC="0.96" CONTENT="under"/><SP WIDTH="19" VPOS="745" HPOS="973"/>
							<String ID="string_57" HPOS="992" VPOS="745" WIDTH="32" HEIGHT="25" WC="0.96" CONTENT="år"/><SP WIDTH="19" VPOS="745" HPOS="1024"/>
							<String ID="string_58" HPOS="1043" VPOS="741" WIDTH="78" HEIGHT="42" WC="0.96" CONTENT="1937,"/>
						</TextLine>
						<TextLine ID="line_11" HPOS="403" VPOS="776" WIDTH="468" HEIGHT="30">
							<String ID="string_59" HPOS="403" VPOS="776" WIDTH="149" HEIGHT="27" WC="0.92" CONTENT="bestridda"/><SP WIDTH="19" VPOS="776" HPOS="552"/>
							<String ID="string_60" HPOS="571" VPOS="786" WIDTH="35" HEIGHT="18" WC="0.96" CONTENT="av"/><SP WIDTH="18" VPOS="786" HPOS="606"/>
							<String ID="string_61" HPOS="624" VPOS="779" WIDTH="247" HEIGHT="27" WC="0.95" CONTENT="huvudkontoret:"/>
						</TextLine>
					</TextBlock>
				</ComposedBlock>
				<ComposedBlock ID="cblock_8" HPOS="333" VPOS="821" WIDTH="619" HEIGHT="29">
					<TextBlock ID="block_4" HPOS="333" VPOS="821" WIDTH="619" HEIGHT="29">
						<TextLine ID="line_12" HPOS="333" VPOS="821" WIDTH="619" HEIGHT="29">
							<String ID="string_62" HPOS="333" VPOS="821" WIDTH="113" HEIGHT="26" WC="0.96" CONTENT="Arvode"/><SP WIDTH="20" VPOS="821" HPOS="446"/>
							<String ID="string_63" HPOS="466" VPOS="822" WIDTH="44" HEIGHT="25" WC="0.96" CONTENT="till"/><SP WIDTH="18" VPOS="822" HPOS="510"/>
							<String ID="string_64" HPOS="528" VPOS="822" WIDTH="221" HEIGHT="27" WC="0.96" CONTENT="föreståndaren"/><SP WIDTH="13" VPOS="822" HPOS="749"/>
							<String ID="string_65" HPOS="762" VPOS="824" WIDTH="53" HEIGHT="26" WC="0.93" CONTENT="och"/><SP WIDTH="14" VPOS="824" HPOS="815"/>
							<String ID="string_66" HPOS="829" VPOS="825" WIDTH="123" HEIGHT="25" WC="0.90" CONTENT="kontrol-"/>
						</TextLine>
					</TextBlock>
				</ComposedBlock>
				<GraphicalElement ID="cblock_9" HPOS="1134" VPOS="288" WIDTH="4" HEIGHT="742"></GraphicalElement >
				<ComposedBlock ID="cblock_10" HPOS="332" VPOS="858" WIDTH="805" HEIGHT="445">
					<TextBlock ID="block_5" HPOS="332" VPOS="858" WIDTH="805" HEIGHT="108">
						<TextLine ID="line_13" HPOS="368" VPOS="858" WIDTH="754" HEIGHT="29">
							<String ID="string_67" HPOS="368" VPOS="858" WIDTH="98" HEIGHT="24" WC="0.72" CONTENT="lanten"/><SP WIDTH="24" VPOS="858" HPOS="466"/>
							<String ID="string_68" HPOS="490" VPOS="878" WIDTH="31" HEIGHT="4" WC="0.54" CONTENT="so"/><SP WIDTH="23" VPOS="878" HPOS="521"/>
							<String ID="string_69" HPOS="544" VPOS="878" WIDTH="406" HEIGHT="8" WC="0.0" CONTENT="sosse"/><SP WIDTH="-248" VPOS="878" HPOS="950"/>
							<String ID="string_70" HPOS="702" VPOS="854" WIDTH="70" HEIGHT="41" WC="0.0" CONTENT="soo"/><SP WIDTH="12" VPOS="854" HPOS="772"/>
							<String ID="string_71" HPOS="784" VPOS="854" WIDTH="42" HEIGHT="41" WC="0.19" CONTENT="ss"/><SP WIDTH="12" VPOS="854" HPOS="826"/>
							<String ID="string_72" HPOS="838" VPOS="854" WIDTH="116" HEIGHT="41" WC="0.26" CONTENT="sosse"/><SP WIDTH="17" VPOS="854" HPOS="954"/>
							<String ID="string_73" HPOS="971" VPOS="861" WIDTH="105" HEIGHT="26" WC="0.96" CONTENT="24.735:"/><SP WIDTH="12" VPOS="861" HPOS="1076"/>
							<String ID="string_74" HPOS="1088" VPOS="862" WIDTH="34" HEIGHT="25" WC="0.96" CONTENT="68"/>
						</TextLine>
						<TextLine ID="line_14" HPOS="332" VPOS="892" WIDTH="790" HEIGHT="36">
							<String ID="string_75" HPOS="332" VPOS="892" WIDTH="179" HEIGHT="34" WC="0.90" CONTENT="Lönetillägg"/><SP WIDTH="19" VPOS="892" HPOS="511"/>
							<String ID="string_76" HPOS="530" VPOS="894" WIDTH="43" HEIGHT="25" WC="0.96" CONTENT="till"/><SP WIDTH="19" VPOS="894" HPOS="573"/>
							<String ID="string_77" HPOS="592" VPOS="894" WIDTH="221" HEIGHT="27" WC="0.93" CONTENT="föreståndaren"/><SP WIDTH="25" VPOS="894" HPOS="813"/>
							<String ID="string_78" HPOS="838" VPOS="916" WIDTH="111" HEIGHT="5" WC="0.85" CONTENT="....."/><SP WIDTH="39" VPOS="916" HPOS="949"/>
							<String ID="string_79" HPOS="988" VPOS="897" WIDTH="88" HEIGHT="31" WC="0.90" CONTENT="2,000:"/><SP WIDTH="13" VPOS="897" HPOS="1076"/>
							<String ID="string_80" HPOS="1089" VPOS="911" WIDTH="33" HEIGHT="3" WC="0.92" CONTENT="—"/>
						</TextLine>
						<TextLine ID="line_15" HPOS="332" VPOS="929" WIDTH="805" HEIGHT="37">
							<String ID="string_81" HPOS="332" VPOS="929" WIDTH="163" HEIGHT="25" WC="0.92" CONTENT="Läkarvård"/><SP WIDTH="33" VPOS="929" HPOS="495"/>
							<String ID="string_82" HPOS="528" VPOS="930" WIDTH="54" HEIGHT="25" WC="0.96" CONTENT="och"/><SP WIDTH="31" VPOS="930" HPOS="582"/>
							<String ID="string_83" HPOS="613" VPOS="930" WIDTH="159" HEIGHT="27" WC="0.96" CONTENT="läkemedel"/><SP WIDTH="32" VPOS="930" HPOS="772"/>
							<String ID="string_84" HPOS="804" VPOS="932" WIDTH="44" HEIGHT="25" WC="0.96" CONTENT="till"/><SP WIDTH="27" VPOS="932" HPOS="848"/>
							<String ID="string_85" HPOS="875" VPOS="932" WIDTH="78" HEIGHT="26" WC="0.96" CONTENT="vissa"/><SP WIDTH="182" VPOS="932" HPOS="953"/>
							<String ID="string_86" HPOS="1135" VPOS="959" WIDTH="2" HEIGHT="7" WC="0.77" CONTENT="|"/>
						</TextLine>
					</TextBlock>
					<TextBlock ID="block_6" HPOS="332" VPOS="964" WIDTH="790" HEIGHT="72">
						<TextLine ID="line_16" HPOS="368" VPOS="964" WIDTH="754" HEIGHT="33">
							<String ID="string_87" HPOS="368" VPOS="964" WIDTH="174" HEIGHT="33" WC="0.91" CONTENT="tjänstemän"/><SP WIDTH="29" VPOS="964" HPOS="542"/>
							<String ID="string_88" HPOS="571" VPOS="985" WIDTH="379" HEIGHT="7" WC="0.74" CONTENT="..............."/><SP WIDTH="66" VPOS="985" HPOS="950"/>
							<String ID="string_89" HPOS="1016" VPOS="969" WIDTH="60" HEIGHT="26" WC="0.54" CONTENT="444:"/><SP WIDTH="12" VPOS="969" HPOS="1076"/>
							<String ID="string_90" HPOS="1088" VPOS="969" WIDTH="34" HEIGHT="26" WC="0.54" CONTENT="50"/>
						</TextLine>
						<TextLine ID="line_17" HPOS="332" VPOS="1000" WIDTH="618" HEIGHT="36">
							<String ID="string_91" HPOS="332" VPOS="1000" WIDTH="177" HEIGHT="33" WC="0.91" CONTENT="Avlöningar"/><SP WIDTH="23" VPOS="1000" HPOS="509"/>
							<String ID="string_92" HPOS="532" VPOS="1001" WIDTH="43" HEIGHT="26" WC="0.92" CONTENT="till"/><SP WIDTH="23" VPOS="1001" HPOS="575"/>
							<String ID="string_93" HPOS="598" VPOS="1001" WIDTH="219" HEIGHT="28" WC="0.92" CONTENT="icke-ordinarie"/><SP WIDTH="20" VPOS="1001" HPOS="817"/>
							<String ID="string_94" HPOS="837" VPOS="1003" WIDTH="113" HEIGHT="33" WC="0.71" CONTENT="tjänste-"/>
						</TextLine>
					</TextBlock>
					<TextBlock ID="block_7" HPOS="332" VPOS="1040" WIDTH="790" HEIGHT="67">
						<TextLine ID="line_18" HPOS="368" VPOS="1040" WIDTH="754" HEIGHT="32">
							<String ID="string_95" HPOS="368" VPOS="1040" WIDTH="67" HEIGHT="21" WC="0.80" CONTENT="MÄN"/><SP WIDTH="29" VPOS="1040" HPOS="435"/>
							<String ID="string_96" HPOS="464" VPOS="1032" WIDTH="245" HEIGHT="42" WC="0.0" CONTENT="oocreereerses"/><SP WIDTH="23" VPOS="1032" HPOS="709"/>
							<String ID="string_97" HPOS="732" VPOS="1059" WIDTH="165" HEIGHT="5" WC="0.0" CONTENT="sosse"/><SP WIDTH="23" VPOS="1059" HPOS="897"/>
							<String ID="string_98" HPOS="920" VPOS="1059" WIDTH="30" HEIGHT="5" WC="0.29" CONTENT="st"/><SP WIDTH="21" VPOS="1059" HPOS="950"/>
							<String ID="string_99" HPOS="971" VPOS="1040" WIDTH="105" HEIGHT="32" WC="0.91" CONTENT="35,116:"/><SP WIDTH="12" VPOS="1040" HPOS="1076"/>
							<String ID="string_100" HPOS="1088" VPOS="1041" WIDTH="34" HEIGHT="25" WC="0.96" CONTENT="66"/>
						</TextLine>
						<TextLine ID="line_19" HPOS="332" VPOS="1072" WIDTH="621" HEIGHT="35">
							<String ID="string_101" HPOS="332" VPOS="1072" WIDTH="195" HEIGHT="26" WC="0.89" CONTENT="Provisoriskt"/><SP WIDTH="19" VPOS="1072" HPOS="527"/>
							<String ID="string_102" HPOS="546" VPOS="1072" WIDTH="216" HEIGHT="34" WC="0.90" CONTENT="dyrortstillägg"/><SP WIDTH="19" VPOS="1072" HPOS="762"/>
							<String ID="string_103" HPOS="781" VPOS="1075" WIDTH="43" HEIGHT="25" WC="0.92" CONTENT="till"/><SP WIDTH="15" VPOS="1075" HPOS="824"/>
							<String ID="string_104" HPOS="839" VPOS="1075" WIDTH="114" HEIGHT="32" WC="0.92" CONTENT="tjänste-"/>
						</TextLine>
					</TextBlock>
					<TextBlock ID="block_8" HPOS="332" VPOS="1111" WIDTH="790" HEIGHT="68">
						<TextLine ID="line_20" HPOS="368" VPOS="1111" WIDTH="754" HEIGHT="32">
							<String ID="string_105" HPOS="368" VPOS="1111" WIDTH="65" HEIGHT="22" WC="0.59" CONTENT="MÄN"/><SP WIDTH="31" VPOS="1111" HPOS="433"/>
							<String ID="string_106" HPOS="464" VPOS="1128" WIDTH="486" HEIGHT="8" WC="0.0" CONTENT="sosse"/><SP WIDTH="-328" VPOS="1128" HPOS="950"/>
							<String ID="string_107" HPOS="622" VPOS="1104" WIDTH="96" HEIGHT="41" WC="0.0" CONTENT="rsses"/><SP WIDTH="15" VPOS="1104" HPOS="718"/>
							<String ID="string_108" HPOS="733" VPOS="1104" WIDTH="67" HEIGHT="41" WC="0.28" CONTENT="ses"/><SP WIDTH="15" VPOS="1104" HPOS="800"/>
							<String ID="string_109" HPOS="815" VPOS="1104" WIDTH="36" HEIGHT="41" WC="0.22" CONTENT="ss"/><SP WIDTH="15" VPOS="1104" HPOS="851"/>
							<String ID="string_110" HPOS="866" VPOS="1104" WIDTH="88" HEIGHT="41" WC="0.0" CONTENT="ses"/><SP WIDTH="36" VPOS="1104" HPOS="954"/>
							<String ID="string_111" HPOS="990" VPOS="1112" WIDTH="87" HEIGHT="31" WC="0.92" CONTENT="2,301:"/><SP WIDTH="12" VPOS="1112" HPOS="1077"/>
							<String ID="string_112" HPOS="1089" VPOS="1112" WIDTH="33" HEIGHT="26" WC="0.96" CONTENT="85"/>
						</TextLine>
						<TextLine ID="line_21" HPOS="332" VPOS="1143" WIDTH="620" HEIGHT="36">
							<String ID="string_113" HPOS="332" VPOS="1143" WIDTH="181" HEIGHT="26" WC="0.91" CONTENT="Provisorisk"/><SP WIDTH="27" VPOS="1143" HPOS="513"/>
							<String ID="string_114" HPOS="540" VPOS="1144" WIDTH="351" HEIGHT="35" WC="0.90" CONTENT="avlöningsförstärkning"/><SP WIDTH="19" VPOS="1144" HPOS="891"/>
							<String ID="string_115" HPOS="910" VPOS="1147" WIDTH="42" HEIGHT="25" WC="0.96" CONTENT="till"/>
						</TextLine>
					</TextBlock>
					<TextBlock ID="block_9" HPOS="333" VPOS="1179" WIDTH="790" HEIGHT="71">
						<TextLine ID="line_22" HPOS="369" VPOS="1179" WIDTH="754" HEIGHT="32">
							<String ID="string_116" HPOS="369" VPOS="1179" WIDTH="175" HEIGHT="32" WC="0.92" CONTENT="tjänstemän"/><SP WIDTH="27" VPOS="1179" HPOS="544"/>
							<String ID="string_117" HPOS="571" VPOS="1200" WIDTH="379" HEIGHT="7" WC="0.55" CONTENT="..............."/><SP WIDTH="66" VPOS="1200" HPOS="950"/>
							<String ID="string_118" HPOS="1016" VPOS="1183" WIDTH="60" HEIGHT="26" WC="0.95" CONTENT="680:"/><SP WIDTH="12" VPOS="1183" HPOS="1076"/>
							<String ID="string_119" HPOS="1088" VPOS="1183" WIDTH="35" HEIGHT="26" WC="0.95" CONTENT="30"/>
						</TextLine>
						<TextLine ID="line_23" HPOS="333" VPOS="1215" WIDTH="789" HEIGHT="35">
							<String ID="string_120" HPOS="333" VPOS="1215" WIDTH="218" HEIGHT="33" WC="0.91" CONTENT="Dyrtidstillägg"/><SP WIDTH="20" VPOS="1215" HPOS="551"/>
							<String ID="string_121" HPOS="571" VPOS="1216" WIDTH="42" HEIGHT="25" WC="0.96" CONTENT="till"/><SP WIDTH="20" VPOS="1216" HPOS="613"/>
							<String ID="string_122" HPOS="633" VPOS="1217" WIDTH="194" HEIGHT="32" WC="0.84" CONTENT="tjänstemän."/><SP WIDTH="22" VPOS="1217" HPOS="827"/>
							<String ID="string_123" HPOS="849" VPOS="1238" WIDTH="4" HEIGHT="4" WC="0.75" CONTENT="."/><SP WIDTH="40" VPOS="1238" HPOS="853"/>
							<String ID="string_124" HPOS="893" VPOS="1239" WIDTH="57" HEIGHT="4" WC="0.75" CONTENT="..."/><SP WIDTH="41" VPOS="1239" HPOS="950"/>
							<String ID="string_125" HPOS="991" VPOS="1219" WIDTH="131" HEIGHT="31" WC="0.82" CONTENT="7,104:—"/>
						</TextLine>
					</TextBlock>
					<TextBlock ID="block_10" HPOS="973" VPOS="1272" WIDTH="149" HEIGHT="31">
						<TextLine ID="line_24" HPOS="973" VPOS="1272" WIDTH="149" HEIGHT="31">
							<String ID="string_126" HPOS="973" VPOS="1272" WIDTH="104" HEIGHT="31" WC="0.92" CONTENT="72,382:"/><SP WIDTH="12" VPOS="1272" HPOS="1077"/>
							<String ID="string_127" HPOS="1089" VPOS="1273" WIDTH="33" HEIGHT="25" WC="0.96" CONTENT="99"/>
						</TextLine>
					</TextBlock>
				</ComposedBlock>
				<ComposedBlock ID="cblock_11" HPOS="333" VPOS="1315" WIDTH="1460" HEIGHT="163">
					<TextBlock ID="block_11" HPOS="333" VPOS="1315" WIDTH="1460" HEIGHT="163">
						<TextLine ID="line_25" HPOS="570" VPOS="1315" WIDTH="317" HEIGHT="32">
							<String ID="string_128" HPOS="570" VPOS="1315" WIDTH="55" HEIGHT="25" WC="0.96" CONTENT="För"/><SP WIDTH="19" VPOS="1315" HPOS="625"/>
							<String ID="string_129" HPOS="644" VPOS="1316" WIDTH="243" HEIGHT="31" WC="0.96" CONTENT="pappersbruket:"/>
						</TextLine>
						<TextLine ID="line_26" HPOS="333" VPOS="1358" WIDTH="789" HEIGHT="37">
							<String ID="string_130" HPOS="333" VPOS="1358" WIDTH="103" HEIGHT="32" WC="0.96" CONTENT="Förlag"/><SP WIDTH="22" VPOS="1358" HPOS="436"/>
							<String ID="string_131" HPOS="458" VPOS="1359" WIDTH="45" HEIGHT="25" WC="0.96" CONTENT="för"/><SP WIDTH="19" VPOS="1359" HPOS="503"/>
							<String ID="string_132" HPOS="522" VPOS="1359" WIDTH="122" HEIGHT="32" WC="0.96" CONTENT="löpande"/><SP WIDTH="19" VPOS="1359" HPOS="644"/>
							<String ID="string_133" HPOS="663" VPOS="1360" WIDTH="120" HEIGHT="32" WC="0.96" CONTENT="utgifter"/><SP WIDTH="18" VPOS="1360" HPOS="783"/>
							<String ID="string_134" HPOS="801" VPOS="1361" WIDTH="45" HEIGHT="25" WC="0.97" CONTENT="för"/><SP WIDTH="13" VPOS="1361" HPOS="846"/>
							<String ID="string_135" HPOS="859" VPOS="1361" WIDTH="109" HEIGHT="26" WC="0.93" CONTENT="Tumba"/><SP WIDTH="20" VPOS="1361" HPOS="968"/>
							<String ID="string_136" HPOS="988" VPOS="1370" WIDTH="134" HEIGHT="25" WC="0.91" CONTENT="pappers-"/>
						</TextLine>
						<TextLine ID="line_27" HPOS="368" VPOS="1394" WIDTH="1192" HEIGHT="39">
							<String ID="string_137" HPOS="368" VPOS="1394" WIDTH="73" HEIGHT="25" WC="0.96" CONTENT="bruk"/><SP WIDTH="13" VPOS="1394" HPOS="441"/>
							<String ID="string_138" HPOS="454" VPOS="1396" WIDTH="101" HEIGHT="24" WC="0.96" CONTENT="utöver"/><SP WIDTH="13" VPOS="1396" HPOS="555"/>
							<String ID="string_139" HPOS="568" VPOS="1402" WIDTH="35" HEIGHT="18" WC="0.96" CONTENT="av"/><SP WIDTH="14" VPOS="1402" HPOS="603"/>
							<String ID="string_140" HPOS="617" VPOS="1395" WIDTH="103" HEIGHT="26" WC="0.93" CONTENT="bruket"/><SP WIDTH="18" VPOS="1395" HPOS="720"/>
							<String ID="string_141" HPOS="738" VPOS="1396" WIDTH="162" HEIGHT="33" WC="0.92" CONTENT="gottgjorda"/><SP WIDTH="19" VPOS="1396" HPOS="900"/>
							<String ID="string_142" HPOS="919" VPOS="1397" WIDTH="175" HEIGHT="33" WC="0.33" CONTENT="belopp..."/><SP WIDTH="23" VPOS="1397" HPOS="1094"/>
							<String ID="string_143" HPOS="1117" VPOS="1418" WIDTH="4" HEIGHT="5" WC="0.33" CONTENT=".!"/><SP WIDTH="64" VPOS="1418" HPOS="1121"/>
							<String ID="string_144" HPOS="1185" VPOS="1401" WIDTH="161" HEIGHT="32" WC="0.44" CONTENT="497,349|02]"/><SP WIDTH="55" VPOS="1401" HPOS="1346"/>
							<String ID="string_145" HPOS="1401" VPOS="1401" WIDTH="159" HEIGHT="32" WC="0.38" CONTENT="549,764|35"/>
						</TextLine>
						<TextLine ID="line_28" HPOS="333" VPOS="1430" WIDTH="1460" HEIGHT="48">
							<String ID="string_146" HPOS="333" VPOS="1430" WIDTH="132" HEIGHT="25" WC="0.96" CONTENT="Kontroll"/><SP WIDTH="19" VPOS="1430" HPOS="465"/>
							<String ID="string_147" HPOS="484" VPOS="1430" WIDTH="48" HEIGHT="26" WC="0.93" CONTENT="vid"/><SP WIDTH="20" VPOS="1430" HPOS="532"/>
							<String ID="string_148" HPOS="552" VPOS="1431" WIDTH="430" HEIGHT="34" WC="0.90" CONTENT="sedelpapperstillverkningen"/><SP WIDTH="27" VPOS="1431" HPOS="982"/>
							<String ID="string_149" HPOS="1009" VPOS="1453" WIDTH="112" HEIGHT="5" WC="0.85" CONTENT="....."/><SP WIDTH="101" VPOS="1453" HPOS="1121"/>
							<String ID="string_150" HPOS="1222" VPOS="1437" WIDTH="125" HEIGHT="31" WC="0.48" CONTENT="5,260160"/><SP WIDTH="88" VPOS="1437" HPOS="1347"/>
							<String ID="string_151" HPOS="1435" VPOS="1437" WIDTH="126" HEIGHT="31" WC="0.49" CONTENT="4,190110]"/><SP WIDTH="46" VPOS="1437" HPOS="1561"/>
							<String ID="string_152" HPOS="1607" VPOS="1446" WIDTH="186" HEIGHT="32" WC="0.39" CONTENT="1,296,556|68"/>
						</TextLine>
					</TextBlock>
				</ComposedBlock>
				<ComposedBlock ID="cblock_12" HPOS="368" VPOS="1478" WIDTH="754" HEIGHT="69">
					<TextBlock ID="block_12" HPOS="368" VPOS="1478" WIDTH="754" HEIGHT="69">
						<TextLine ID="line_29" HPOS="368" VPOS="1478" WIDTH="754" HEIGHT="41">
							<String ID="string_153" HPOS="368" VPOS="1478" WIDTH="105" HEIGHT="37" WC="0.96" CONTENT="Övriga"/><SP WIDTH="19" VPOS="1478" HPOS="473"/>
							<String ID="string_154" HPOS="492" VPOS="1484" WIDTH="119" HEIGHT="33" WC="0.96" CONTENT="utgifter"/><SP WIDTH="19" VPOS="1484" HPOS="611"/>
							<String ID="string_155" HPOS="630" VPOS="1485" WIDTH="43" HEIGHT="25" WC="0.96" CONTENT="för"/><SP WIDTH="19" VPOS="1485" HPOS="673"/>
							<String ID="string_156" HPOS="692" VPOS="1485" WIDTH="107" HEIGHT="26" WC="0.96" CONTENT="bruket"/><SP WIDTH="18" VPOS="1485" HPOS="799"/>
							<String ID="string_157" HPOS="817" VPOS="1486" WIDTH="91" HEIGHT="26" WC="0.96" CONTENT="under"/><SP WIDTH="19" VPOS="1486" HPOS="908"/>
							<String ID="string_158" HPOS="927" VPOS="1486" WIDTH="31" HEIGHT="26" WC="0.96" CONTENT="år"/><SP WIDTH="20" VPOS="1486" HPOS="958"/>
							<String ID="string_159" HPOS="978" VPOS="1486" WIDTH="79" HEIGHT="33" WC="0.91" CONTENT="1937,"/><SP WIDTH="20" VPOS="1486" HPOS="1057"/>
							<String ID="string_160" HPOS="1077" VPOS="1487" WIDTH="45" HEIGHT="26" WC="0.89" CONTENT="be-"/>
						</TextLine>
						<TextLine ID="line_30" HPOS="403" VPOS="1519" WIDTH="430" HEIGHT="28">
							<String ID="string_161" HPOS="403" VPOS="1519" WIDTH="110" HEIGHT="26" WC="0.92" CONTENT="stridda"/><SP WIDTH="19" VPOS="1519" HPOS="513"/>
							<String ID="string_162" HPOS="532" VPOS="1528" WIDTH="36" HEIGHT="18" WC="0.96" CONTENT="av"/><SP WIDTH="18" VPOS="1528" HPOS="568"/>
							<String ID="string_163" HPOS="586" VPOS="1520" WIDTH="247" HEIGHT="27" WC="0.96" CONTENT="huvudkontoret:"/>
						</TextLine>
					</TextBlock>
				</ComposedBlock>
				<GraphicalElement ID="cblock_13" HPOS="1306" VPOS="941" WIDTH="2" HEIGHT="650"></GraphicalElement >
				<GraphicalElement ID="cblock_14" HPOS="1136" VPOS="1184" WIDTH="2" HEIGHT="459"></GraphicalElement >
				<GraphicalElement ID="cblock_15" HPOS="1564" VPOS="1187" WIDTH="3" HEIGHT="461"></GraphicalElement >
				<ComposedBlock ID="cblock_16" HPOS="332" VPOS="1564" WIDTH="1191" HEIGHT="174">
					<TextBlock ID="block_13" HPOS="332" VPOS="1564" WIDTH="1191" HEIGHT="174">
						<TextLine ID="line_31" HPOS="333" VPOS="1564" WIDTH="975" HEIGHT="39">
							<String ID="string_164" HPOS="333" VPOS="1564" WIDTH="114" HEIGHT="25" WC="0.96" CONTENT="Arvode"/><SP WIDTH="21" VPOS="1564" HPOS="447"/>
							<String ID="string_165" HPOS="468" VPOS="1564" WIDTH="43" HEIGHT="25" WC="0.96" CONTENT="till"/><SP WIDTH="19" VPOS="1564" HPOS="511"/>
							<String ID="string_166" HPOS="530" VPOS="1564" WIDTH="177" HEIGHT="27" WC="0.92" CONTENT="förvaltaren"/><SP WIDTH="23" VPOS="1564" HPOS="707"/>
							<String ID="string_167" HPOS="730" VPOS="1585" WIDTH="5" HEIGHT="5" WC="0.55" CONTENT="."/><SP WIDTH="23" VPOS="1585" HPOS="735"/>
							<String ID="string_168" HPOS="758" VPOS="1586" WIDTH="191" HEIGHT="5" WC="0.55" CONTENT="........"/><SP WIDTH="22" VPOS="1586" HPOS="949"/>
							<String ID="string_169" HPOS="971" VPOS="1567" WIDTH="106" HEIGHT="31" WC="0.90" CONTENT="11,580:"/><SP WIDTH="13" VPOS="1567" HPOS="1077"/>
							<String ID="string_170" HPOS="1090" VPOS="1581" WIDTH="31" HEIGHT="3" WC="0.89" CONTENT="—"/><SP WIDTH="185" VPOS="1581" HPOS="1121"/>
							<String ID="string_171" HPOS="1306" VPOS="1599" WIDTH="2" HEIGHT="4" WC="0.90" CONTENT="|"/>
						</TextLine>
						<TextLine ID="line_32" HPOS="333" VPOS="1600" WIDTH="1190" HEIGHT="34">
							<String ID="string_172" HPOS="333" VPOS="1600" WIDTH="161" HEIGHT="32" WC="0.90" CONTENT="Lönetilläg"/><SP WIDTH="20" VPOS="1600" HPOS="494"/>
							<String ID="string_173" HPOS="514" VPOS="1600" WIDTH="42" HEIGHT="25" WC="0.60" CONTENT="till"/><SP WIDTH="59" VPOS="1600" HPOS="556"/>
							<String ID="string_174" HPOS="615" VPOS="1609" WIDTH="9" HEIGHT="13" WC="0.12" CONTENT="oo»"/><SP WIDTH="81" VPOS="1609" HPOS="624"/>
							<String ID="string_175" HPOS="705" VPOS="1621" WIDTH="246" HEIGHT="6" WC="0.0" CONTENT="ooocccco0c0oo.."/><SP WIDTH="39" VPOS="1621" HPOS="951"/>
							<String ID="string_176" HPOS="990" VPOS="1603" WIDTH="88" HEIGHT="31" WC="0.91" CONTENT="2,000:"/><SP WIDTH="23" VPOS="1603" HPOS="1078"/>
							<String ID="string_177" HPOS="1101" VPOS="1617" WIDTH="21" HEIGHT="2" WC="0.92" CONTENT="—"/><SP WIDTH="184" VPOS="1617" HPOS="1122"/>
							<String ID="string_178" HPOS="1306" VPOS="1615" WIDTH="2" HEIGHT="3" WC="0.76" CONTENT="i"/><SP WIDTH="213" VPOS="1615" HPOS="1308"/>
							<String ID="string_179" HPOS="1521" VPOS="1604" WIDTH="2" HEIGHT="10" WC="0.39" CONTENT="|"/>
						</TextLine>
						<TextLine ID="line_33" HPOS="332" VPOS="1635" WIDTH="789" HEIGHT="29">
							<String ID="string_180" HPOS="332" VPOS="1635" WIDTH="227" HEIGHT="26" WC="0.89" CONTENT="Löneförmåner"/><SP WIDTH="19" VPOS="1635" HPOS="559"/>
							<String ID="string_181" HPOS="578" VPOS="1636" WIDTH="42" HEIGHT="25" WC="0.96" CONTENT="till"/><SP WIDTH="19" VPOS="1636" HPOS="620"/>
							<String ID="string_182" HPOS="639" VPOS="1637" WIDTH="177" HEIGHT="26" WC="0.93" CONTENT="skolläraren"/><SP WIDTH="24" VPOS="1637" HPOS="816"/>
							<String ID="string_183" HPOS="840" VPOS="1658" WIDTH="110" HEIGHT="5" WC="0.71" CONTENT="....."/><SP WIDTH="67" VPOS="1658" HPOS="950"/>
							<String ID="string_184" HPOS="1017" VPOS="1639" WIDTH="60" HEIGHT="25" WC="0.92" CONTENT="800:"/><SP WIDTH="13" VPOS="1639" HPOS="1077"/>
							<String ID="string_185" HPOS="1090" VPOS="1652" WIDTH="31" HEIGHT="4" WC="0.87" CONTENT="—"/>
						</TextLine>
						<TextLine ID="line_34" HPOS="332" VPOS="1671" WIDTH="622" HEIGHT="29">
							<String ID="string_186" HPOS="332" VPOS="1671" WIDTH="165" HEIGHT="26" WC="0.91" CONTENT="Läkarvård"/><SP WIDTH="31" VPOS="1671" HPOS="497"/>
							<String ID="string_187" HPOS="528" VPOS="1672" WIDTH="54" HEIGHT="25" WC="0.96" CONTENT="och"/><SP WIDTH="30" VPOS="1672" HPOS="582"/>
							<String ID="string_188" HPOS="612" VPOS="1673" WIDTH="161" HEIGHT="26" WC="0.95" CONTENT="läkemedel"/><SP WIDTH="33" VPOS="1673" HPOS="773"/>
							<String ID="string_189" HPOS="806" VPOS="1674" WIDTH="43" HEIGHT="25" WC="0.96" CONTENT="till"/><SP WIDTH="28" VPOS="1674" HPOS="849"/>
							<String ID="string_190" HPOS="877" VPOS="1675" WIDTH="77" HEIGHT="25" WC="0.96" CONTENT="vissa"/>
						</TextLine>
						<TextLine ID="line_35" HPOS="370" VPOS="1706" WIDTH="754" HEIGHT="32">
							<String ID="string_191" HPOS="370" VPOS="1706" WIDTH="175" HEIGHT="32" WC="0.91" CONTENT="tjänstemän"/><SP WIDTH="27" VPOS="1706" HPOS="545"/>
							<String ID="string_192" HPOS="572" VPOS="1727" WIDTH="379" HEIGHT="7" WC="0.0" CONTENT=".......s...s.os.s..."/><SP WIDTH="67" VPOS="1727" HPOS="951"/>
							<String ID="string_193" HPOS="1018" VPOS="1710" WIDTH="59" HEIGHT="26" WC="0.95" CONTENT="191:"/><SP WIDTH="13" VPOS="1710" HPOS="1077"/>
							<String ID="string_194" HPOS="1090" VPOS="1710" WIDTH="34" HEIGHT="26" WC="0.95" CONTENT="70"/>
						</TextLine>
					</TextBlock>
				</ComposedBlock>
				<ComposedBlock ID="cblock_17" HPOS="333" VPOS="1742" WIDTH="790" HEIGHT="72">
					<TextBlock ID="block_14" HPOS="333" VPOS="1742" WIDTH="790" HEIGHT="72">
						<TextLine ID="line_36" HPOS="333" VPOS="1742" WIDTH="790" HEIGHT="35">
							<String ID="string_195" HPOS="333" VPOS="1742" WIDTH="447" HEIGHT="33" WC="0.90" CONTENT="Avlöningartillicke-ordinarie"/><SP WIDTH="9" VPOS="1742" HPOS="780"/>
							<String ID="string_196" HPOS="789" VPOS="1745" WIDTH="175" HEIGHT="32" WC="0.93" CONTENT="tjänstemän"/><SP WIDTH="8" VPOS="1745" HPOS="964"/>
							<String ID="string_197" HPOS="972" VPOS="1746" WIDTH="105" HEIGHT="31" WC="0.91" CONTENT="20,529:"/><SP WIDTH="13" VPOS="1746" HPOS="1077"/>
							<String ID="string_198" HPOS="1090" VPOS="1760" WIDTH="33" HEIGHT="2" WC="0.91" CONTENT="—"/>
						</TextLine>
						<TextLine ID="line_37" HPOS="333" VPOS="1778" WIDTH="620" HEIGHT="36">
							<String ID="string_199" HPOS="333" VPOS="1778" WIDTH="180" HEIGHT="26" WC="0.91" CONTENT="Provisorisk"/><SP WIDTH="24" VPOS="1778" HPOS="513"/>
							<String ID="string_200" HPOS="537" VPOS="1779" WIDTH="351" HEIGHT="35" WC="0.92" CONTENT="avlöningsförstärkning"/><SP WIDTH="23" VPOS="1779" HPOS="888"/>
							<String ID="string_201" HPOS="911" VPOS="1782" WIDTH="42" HEIGHT="25" WC="0.96" CONTENT="till"/>
						</TextLine>
					</TextBlock>
				</ComposedBlock>
				<GraphicalElement ID="cblock_18" HPOS="1521" VPOS="889" WIDTH="2" HEIGHT="996"></GraphicalElement >
				<GraphicalElement ID="cblock_19" HPOS="1141" VPOS="1944" WIDTH="604" HEIGHT="2"></GraphicalElement >
				<GraphicalElement ID="cblock_20" HPOS="1751" VPOS="425" WIDTH="4" HEIGHT="2106"></GraphicalElement >
				<GraphicalElement ID="cblock_21" HPOS="1349" VPOS="285" WIDTH="5" HEIGHT="2271"></GraphicalElement >
				<GraphicalElement ID="cblock_22" HPOS="1134" VPOS="1851" WIDTH="5" HEIGHT="704"></GraphicalElement >
				<GraphicalElement ID="cblock_23" HPOS="1563" VPOS="1874" WIDTH="5" HEIGHT="682"></GraphicalElement >
				<ComposedBlock ID="cblock_24" HPOS="331" VPOS="1813" WIDTH="1461" HEIGHT="742">
					<TextBlock ID="block_15" HPOS="331" VPOS="1813" WIDTH="1461" HEIGHT="742">
						<TextLine ID="line_38" HPOS="369" VPOS="1813" WIDTH="753" HEIGHT="32">
							<String ID="string_202" HPOS="369" VPOS="1813" WIDTH="175" HEIGHT="32" WC="0.92" CONTENT="tjänstemän"/><SP WIDTH="28" VPOS="1813" HPOS="544"/>
							<String ID="string_203" HPOS="572" VPOS="1835" WIDTH="379" HEIGHT="7" WC="0.88" CONTENT="..............."/><SP WIDTH="66" VPOS="1835" HPOS="951"/>
							<String ID="string_204" HPOS="1017" VPOS="1817" WIDTH="60" HEIGHT="26" WC="0.93" CONTENT="264:"/><SP WIDTH="16" VPOS="1817" HPOS="1077"/>
							<String ID="string_205" HPOS="1093" VPOS="1831" WIDTH="29" HEIGHT="3" WC="0.89" CONTENT="—"/>
						</TextLine>
						<TextLine ID="line_39" HPOS="333" VPOS="1849" WIDTH="788" HEIGHT="36">
							<String ID="string_206" HPOS="333" VPOS="1849" WIDTH="218" HEIGHT="34" WC="0.91" CONTENT="Dyrtidstillägg"/><SP WIDTH="18" VPOS="1849" HPOS="551"/>
							<String ID="string_207" HPOS="569" VPOS="1851" WIDTH="42" HEIGHT="25" WC="0.95" CONTENT="till"/><SP WIDTH="19" VPOS="1851" HPOS="611"/>
							<String ID="string_208" HPOS="630" VPOS="1852" WIDTH="177" HEIGHT="32" WC="0.87" CONTENT="tjänstemän"/><SP WIDTH="34" VPOS="1852" HPOS="807"/>
							<String ID="string_209" HPOS="841" VPOS="1872" WIDTH="111" HEIGHT="5" WC="0.87" CONTENT="....."/><SP WIDTH="38" VPOS="1872" HPOS="952"/>
							<String ID="string_210" HPOS="990" VPOS="1853" WIDTH="87" HEIGHT="32" WC="0.84" CONTENT="3,864:"/><SP WIDTH="13" VPOS="1853" HPOS="1077"/>
							<String ID="string_211" HPOS="1090" VPOS="1867" WIDTH="31" HEIGHT="3" WC="0.90" CONTENT="—"/>
						</TextLine>
						<TextLine ID="line_40" HPOS="971" VPOS="1906" WIDTH="152" HEIGHT="32">
							<String ID="string_212" HPOS="971" VPOS="1906" WIDTH="106" HEIGHT="32" WC="0.90" CONTENT="39,228:"/><SP WIDTH="13" VPOS="1906" HPOS="1077"/>
							<String ID="string_213" HPOS="1090" VPOS="1907" WIDTH="33" HEIGHT="26" WC="0.96" CONTENT="70"/>
						</TextLine>
						<TextLine ID="line_41" HPOS="1159" VPOS="1961" WIDTH="632" HEIGHT="33">
							<String ID="string_214" HPOS="1159" VPOS="1961" WIDTH="187" HEIGHT="32" WC="0.33" CONTENT="6,330,649/25"/><SP WIDTH="259" VPOS="1961" HPOS="1346"/>
							<String ID="string_215" HPOS="1605" VPOS="1961" WIDTH="80" HEIGHT="33" WC="0.92" CONTENT="6,424"/><SP WIDTH="15" VPOS="1961" HPOS="1685"/>
							<String ID="string_216" HPOS="1700" VPOS="1962" WIDTH="91" HEIGHT="25" WC="0.76" CONTENT="870141"/>
						</TextLine>
						<TextLine ID="line_42" HPOS="334" VPOS="2001" WIDTH="1458" HEIGHT="37">
							<String ID="string_217" HPOS="334" VPOS="2002" WIDTH="93" HEIGHT="31" WC="0.96" CONTENT="Saldo,"/><SP WIDTH="19" VPOS="2002" HPOS="427"/>
							<String ID="string_218" HPOS="446" VPOS="2003" WIDTH="78" HEIGHT="25" WC="0.96" CONTENT="vinst"/><SP WIDTH="17" VPOS="2003" HPOS="524"/>
							<String ID="string_219" HPOS="541" VPOS="2001" WIDTH="88" HEIGHT="33" WC="0.93" CONTENT="(utom"/><SP WIDTH="21" VPOS="2001" HPOS="629"/>
							<String ID="string_220" HPOS="650" VPOS="2003" WIDTH="16" HEIGHT="26" WC="0.90" CONTENT="å"/><SP WIDTH="18" VPOS="2003" HPOS="666"/>
							<String ID="string_221" HPOS="684" VPOS="2004" WIDTH="387" HEIGHT="33" WC="0.90" CONTENT="avbetalningslånefonden)"/><SP WIDTH="17" VPOS="2004" HPOS="1071"/>
							<String ID="string_222" HPOS="1088" VPOS="2025" WIDTH="4" HEIGHT="5" WC="0.90" CONTENT="."/><SP WIDTH="23" VPOS="2025" HPOS="1092"/>
							<String ID="string_223" HPOS="1115" VPOS="2026" WIDTH="4" HEIGHT="4" WC="0.4" CONTENT=".&#39;|"/><SP WIDTH="40" VPOS="2026" HPOS="1119"/>
							<String ID="string_224" HPOS="1159" VPOS="2005" WIDTH="187" HEIGHT="32" WC="0.38" CONTENT="1,634,111/|38"/><SP WIDTH="259" VPOS="2005" HPOS="1346"/>
							<String ID="string_225" HPOS="1605" VPOS="2006" WIDTH="187" HEIGHT="32" WC="0.62" CONTENT="2,688,211/06"/>
						</TextLine>
						<TextLine ID="line_43" HPOS="1004" VPOS="2058" WIDTH="787" HEIGHT="33">
							<String ID="string_226" HPOS="1004" VPOS="2058" WIDTH="118" HEIGHT="26" WC="0.26" CONTENT="Summa"/><SP WIDTH="-2" VPOS="2058" HPOS="1122"/>
							<String ID="string_227" HPOS="1120" VPOS="2054" WIDTH="14" HEIGHT="42" WC="0.26" CONTENT="|"/><SP WIDTH="25" VPOS="2054" HPOS="1134"/>
							<String ID="string_228" HPOS="1159" VPOS="2059" WIDTH="186" HEIGHT="32" WC="0.59" CONTENT="7,964,760/63"/><SP WIDTH="260" VPOS="2059" HPOS="1345"/>
							<String ID="string_229" HPOS="1605" VPOS="2059" WIDTH="186" HEIGHT="32" WC="0.71" CONTENT="9,113,081147"/>
						</TextLine>
						<TextLine ID="line_44" HPOS="494" VPOS="2214" WIDTH="477" HEIGHT="35">
							<String ID="string_230" HPOS="494" VPOS="2214" WIDTH="477" HEIGHT="35" WC="0.90" CONTENT="Avbetalningslånefondens"/>
						</TextLine>
						<TextLine ID="line_45" HPOS="656" VPOS="2297" WIDTH="151" HEIGHT="27">
							<String ID="string_231" HPOS="656" VPOS="2297" WIDTH="151" HEIGHT="27" WC="0.48" CONTENT="DEBET."/>
						</TextLine>
						<TextLine ID="line_46" HPOS="331" VPOS="2358" WIDTH="1460" HEIGHT="35">
							<String ID="string_232" HPOS="331" VPOS="2358" WIDTH="83" HEIGHT="26" WC="0.95" CONTENT="Inom"/><SP WIDTH="19" VPOS="2358" HPOS="414"/>
							<String ID="string_233" HPOS="433" VPOS="2358" WIDTH="90" HEIGHT="33" WC="0.95" CONTENT="linjen"/><SP WIDTH="18" VPOS="2358" HPOS="523"/>
							<String ID="string_234" HPOS="541" VPOS="2359" WIDTH="82" HEIGHT="26" WC="0.96" CONTENT="förda"/><SP WIDTH="18" VPOS="2359" HPOS="623"/>
							<String ID="string_235" HPOS="641" VPOS="2360" WIDTH="48" HEIGHT="25" WC="0.92" CONTENT="lån"/><SP WIDTH="25" VPOS="2360" HPOS="689"/>
							<String ID="string_236" HPOS="714" VPOS="2380" WIDTH="407" HEIGHT="6" WC="0.0" CONTENT="....sosssococs.co..."/><SP WIDTH="100" VPOS="2380" HPOS="1121"/>
							<String ID="string_237" HPOS="1221" VPOS="2362" WIDTH="125" HEIGHT="31" WC="0.17" CONTENT="3,500:74"/><SP WIDTH="322" VPOS="2362" HPOS="1346"/>
							<String ID="string_238" HPOS="1668" VPOS="2361" WIDTH="123" HEIGHT="32" WC="0.56" CONTENT="2,350j—"/>
						</TextLine>
						<TextLine ID="line_47" HPOS="333" VPOS="2394" WIDTH="1459" HEIGHT="35">
							<String ID="string_239" HPOS="333" VPOS="2394" WIDTH="92" HEIGHT="32" WC="0.94" CONTENT="Saldo,"/><SP WIDTH="20" VPOS="2394" HPOS="425"/>
							<String ID="string_240" HPOS="445" VPOS="2395" WIDTH="77" HEIGHT="25" WC="0.61" CONTENT="vinst"/><SP WIDTH="31" VPOS="2395" HPOS="522"/>
							<String ID="string_241" HPOS="553" VPOS="2415" WIDTH="568" HEIGHT="7" WC="0.0" CONTENT=".sososesos"/><SP WIDTH="-354" VPOS="2415" HPOS="1121"/>
							<String ID="string_242" HPOS="767" VPOS="2390" WIDTH="69" HEIGHT="42" WC="0.0" CONTENT="ss"/><SP WIDTH="12" VPOS="2390" HPOS="836"/>
							<String ID="string_243" HPOS="848" VPOS="2390" WIDTH="93" HEIGHT="42" WC="0.0" CONTENT="ses"/><SP WIDTH="12" VPOS="2390" HPOS="941"/>
							<String ID="string_244" HPOS="953" VPOS="2390" WIDTH="41" HEIGHT="42" WC="0.30" CONTENT="ss"/><SP WIDTH="12" VPOS="2390" HPOS="994"/>
							<String ID="string_245" HPOS="1006" VPOS="2390" WIDTH="14" HEIGHT="42" WC="0.31" CONTENT="sr"/><SP WIDTH="15" VPOS="2390" HPOS="1020"/>
							<String ID="string_246" HPOS="1035" VPOS="2390" WIDTH="90" HEIGHT="42" WC="0.12" CONTENT="resa"/><SP WIDTH="34" VPOS="2390" HPOS="1125"/>
							<String ID="string_247" HPOS="1159" VPOS="2398" WIDTH="187" HEIGHT="31" WC="0.46" CONTENT="1,116,914/43"/><SP WIDTH="260" VPOS="2398" HPOS="1346"/>
							<String ID="string_248" HPOS="1606" VPOS="2398" WIDTH="186" HEIGHT="31" WC="0.29" CONTENT="1,200,796158"/>
						</TextLine>
						<TextLine ID="line_48" HPOS="1004" VPOS="2460" WIDTH="788" HEIGHT="31">
							<String ID="string_249" HPOS="1004" VPOS="2460" WIDTH="118" HEIGHT="25" WC="0.96" CONTENT="Summa"/><SP WIDTH="9" VPOS="2460" HPOS="1122"/>
							<String ID="string_250" HPOS="1131" VPOS="2455" WIDTH="14" HEIGHT="42" WC="0.78" CONTENT="|"/><SP WIDTH="14" VPOS="2455" HPOS="1145"/>
							<String ID="string_251" HPOS="1159" VPOS="2460" WIDTH="185" HEIGHT="31" WC="0.69" CONTENT="1,120,415/17"/><SP WIDTH="261" VPOS="2460" HPOS="1344"/>
							<String ID="string_252" HPOS="1605" VPOS="2460" WIDTH="187" HEIGHT="31" WC="0.80" CONTENT="1,203,146/58"/>
						</TextLine>
						<TextLine ID="line_49" HPOS="333" VPOS="2517" WIDTH="1459" HEIGHT="38">
							<String ID="string_253" HPOS="333" VPOS="2517" WIDTH="238" HEIGHT="29" WC="0.96" CONTENT="Riksbankens"/><SP WIDTH="10" VPOS="2517" HPOS="571"/>
							<String ID="string_254" HPOS="581" VPOS="2519" WIDTH="78" HEIGHT="27" WC="0.96" CONTENT="hela"/><SP WIDTH="9" VPOS="2519" HPOS="659"/>
							<String ID="string_255" HPOS="668" VPOS="2519" WIDTH="94" HEIGHT="27" WC="0.96" CONTENT="vinst"/><SP WIDTH="11" VPOS="2519" HPOS="762"/>
							<String ID="string_256" HPOS="773" VPOS="2519" WIDTH="102" HEIGHT="34" WC="0.96" CONTENT="utgör"/><SP WIDTH="10" VPOS="2519" HPOS="875"/>
							<String ID="string_257" HPOS="885" VPOS="2519" WIDTH="103" HEIGHT="28" WC="0.96" CONTENT="alltså"/><SP WIDTH="10" VPOS="2519" HPOS="988"/>
							<String ID="string_258" HPOS="998" VPOS="2520" WIDTH="133" HEIGHT="28" WC="0.57" CONTENT="Kronor]"/><SP WIDTH="26" VPOS="2520" HPOS="1131"/>
							<String ID="string_259" HPOS="1157" VPOS="2521" WIDTH="188" HEIGHT="33" WC="0.71" CONTENT="2,751,025/81"/><SP WIDTH="258" VPOS="2521" HPOS="1345"/>
							<String ID="string_260" HPOS="1603" VPOS="2521" WIDTH="189" HEIGHT="34" WC="0.28" CONTENT="3,889,007/64"/>
						</TextLine>
					</TextBlock>
				</ComposedBlock>
				<GraphicalElement ID="cblock_25" HPOS="1304" VPOS="1959" WIDTH="5" HEIGHT="597"></GraphicalElement >
				<GraphicalElement ID="cblock_26" HPOS="1520" VPOS="2048" WIDTH="2" HEIGHT="507"></GraphicalElement >
			</PrintSpace>
		</Page>
	</Layout>
</alto>
