1884 2828
345 158 40 31 14
725 162 293 33 Statsutskottets
1038 163 188 34 utlåtande
1248 166 54 32 Nr
1329 166 52 31 48.

735 237 38 39 a)
796 239 57 32 till
873 239 128 39 bidrag
1023 242 57 32 till
1099 242 286 37 driftkostnader
1407 245 13 31 i
1441 245 122 37 övrigt
1584 246 61 32 vid
1664 248 137 32 statens

695 290 388 39 uppfostringsanstalt
1098 294 58 37 för
1172 295 199 32 sinnesslöa
1386 305 126 28 gossar
1526 296 108 38 23,000
1651 298 149 38 kronor;

735 344 96 30 samt

736 392 37 38 b)
797 394 56 32 till
876 394 128 39 bidrag
1027 396 56 32 till
1103 396 286 37 driftkostnader
1407 399 13 31 i
1439 400 123 37 övrigt
1581 400 62 32 vid
1662 403 138 31 statens

694 445 388 38 uppfostringsanstalt
1103 448 57 36 för
1181 449 198 32 sinnesslöa
1398 449 133 37 flickor
1548 451 88 37 7,000
1654 452 143 33 kronor.

342 545 205 33 Stockholm
563 547 69 33 den
650 548 39 31 16
709 558 99 23 mars
828 549 86 32 1934.

781 652 53 33 På
855 654 284 32 statsutskottets
1159 657 156 35 vägnar:

809 756 191 34 ANDERS
1019 758 268 33 ANDERSON.

331 1066 52 24 Vid
402 1066 179 26 förestående
599 1067 116 25 ärendes
734 1068 228 32 slutbehandling
982 1070 77 24 inom
1079 1071 140 24 utskottet
1237 1072 72 24 hava
1328 1073 134 24 närvarit:

336 1115 61 27 från
416 1119 112 24 första
547 1120 209 25 kammaren:
788 1121 95 24 herrar
904 1122 135 31 Hamrin,
1067 1123 148 30 Lindblad,
1244 1125 148 31 Bergqvist,
1421 1126 70 31 Olof
1505 1126 108 31 Olsson,
1631 1127 140 25 Svensson
1790 1129 9 23 i

294 1160 220 33 Kompersmåla,
535 1164 85 24 Oscar
639 1165 110 29 Olsson,
768 1165 102 32 Bagge,
888 1166 135 32 Asplund,
1042 1167 117 24 friherre
1179 1168 146 32 Lagerfelt,
1345 1169 104 32 Thelin,
1468 1170 96 25 Petrén
1584 1170 53 25 och
1658 1171 113 25 Nilsson
1791 1172 10 24 i

293 1205 197 32 Fredriksfält;
509 1209 73 22 samt

337 1255 61 27 från
417 1259 106 24 andra
543 1260 208 25 kammaren:
785 1261 97 25 herrar
908 1263 144 24 Anderson
1076 1264 9 23 i
1116 1260 128 33 Råstock,
1274 1265 160 32 Holmgren,
1461 1267 133 30 Jansson,
1623 1267 139 25 Svensson
1790 1269 10 23 i

293 1301 133 30 Grönvik,
454 1303 113 25 Nilsson
598 1304 9 24 i
640 1303 107 33 Hörby,
778 1305 116 29 Norsell,
921 1306 154 31 Skoglund,
1104 1308 161 30 Högström,
1293 1309 135 29 Aronson,
1455 1310 137 31 Isacsson,
1623 1310 103 32 Weijne
1746 1311 52 25 och

293 1346 174 25 Danielsson.

824 1692 447 41 Reservationer:

330 1800 62 32 vid
413 1801 117 37 punkt
553 1802 70 38 1:o)
650 1801 254 40 (fångvården)

330 1870 74 33 dels
430 1881 47 21 av
503 1871 127 32 herrar
656 1873 189 38 Lindblad,
872 1873 81 39 Olof
980 1875 136 37 Olsson,
1144 1876 113 33 Oscar
1283 1877 135 37 Olsson,
1445 1878 176 39 Asplund,
1650 1881 142 36 Petrén,

289 1920 187 34 Anderson
499 1923 13 31 i
534 1923 165 38 Råstock,
723 1925 150 38 Norsell,
896 1927 195 38 Högström
1113 1928 64 32 och
1201 1929 172 38 Isacsson,
1397 1930 99 33 vilka
1519 1933 117 31 ansett
1659 1933 55 31 att
1738 1934 54 30 ut-

288 1972 150 35 skottets
458 1975 171 36 yttrande
652 1976 64 32 och
740 1977 135 37 förslag
898 1978 80 33 bort
1000 1979 94 33 hava
1118 1980 160 37 följande
1302 1981 147 37 lydelse:

330 2033 143 33 »Såsom
497 2037 145 31 nämnts
666 2056 42 4 —
732 2056 42 5 —
799 2057 41 4 —
865 2040 464 35 gemensamhetsverkstad.

329 2083 18 32 I
365 2085 106 38 fråga
490 2095 58 23 om
564 2087 69 32 den
651 2087 207 39 föreslagna
875 2090 299 40 uppflyttningen
1196 2093 12 31 i
1228 2093 172 38 lönegrad
1418 2105 47 22 av
1482 2095 70 32 den
1572 2096 217 32 förstnämn-

287 2136 48 33 da
354 2136 251 40 befattningen
626 2139 76 37 har,
724 2141 117 32 såsom
862 2152 45 22 av
927 2143 395 38 statsrådsprotokollet
1342 2146 173 38 framgår,
1537 2148 184 32 allmänna
1741 2148 48 32 ci-

289 2187 343 41 vilförvaltningens
654 2191 234 34 lönenämnds
913 2193 107 33 flesta
1043 2195 195 33 ledamöter
1264 2216 41 4 —
1328 2198 169 38 samtliga
1520 2201 99 30 utom
1642 2210 44 22 en
1710 2219 42 5 —
1775 2201 12 31 i

287 2238 181 35 infordrat
503 2242 186 33 utlåtande
717 2244 212 38 framhållit,
957 2248 56 30 att
1038 2246 406 38 jordbruksassistenten
1471 2250 64 33 vid
1559 2247 229 46 Mariestads-

289 2291 176 38 fängelset
482 2294 82 32 med
581 2294 140 38 hänsyn
741 2296 58 31 till
817 2296 59 33 det
894 2297 80 32 med
993 2298 90 32 hans
1102 2299 206 39 befattning
1329 2301 168 33 förenade
1517 2305 169 31 ansvaret
1705 2314 82 28 syn-

288 2344 52 31 tes
366 2344 93 33 hava
484 2356 44 21 en
551 2346 13 32 i
590 2346 226 33 förhållande
841 2348 55 32 till
922 2350 253 33 motsvarande
1199 2351 249 39 befattningar
1472 2354 62 32 vid
1558 2354 229 39 Svartsjöan-

287 2394 130 33 stalten
438 2396 44 37 (B
502 2396 66 38 18),
589 2399 134 32 statens
742 2399 388 39 uppfostringsanstalt
1161 2403 7 31 å
1187 2402 101 33 Bona
1311 2403 41 37 (B
1372 2404 52 38 18)
1444 2406 65 31 och
1528 2407 134 32 statens
1680 2408 106 32 vård-

287 2447 133 33 anstalt
441 2448 58 32 för
520 2449 232 33 alkoholister
771 2451 63 32 vid
853 2451 197 39 Venngarn
1071 2452 41 38 (B
1132 2453 52 38 17)
1207 2455 61 32 väl
1288 2455 60 38 låg
1371 2457 264 39 löneställning.
1676 2459 110 32 Löne-
