2204 2626
433 149 17 30 6
911 145 228 41 Laqutskottets
1163 143 161 31 memorial
1351 143 50 31 Nr
1423 142 54 31 38.

528 236 77 35 Den
639 239 72 32 rätt
737 235 57 36 till
823 233 203 44 underhåll,
1056 245 77 23 som
1163 245 48 22 nu
1241 238 40 28 är
1309 232 100 47 sagd,
1440 230 163 49 upphöre
1631 229 30 46 ej
1692 229 75 36 förr
1795 236 46 29 än
1871 229 127 35 barnet

392 288 85 49 fyllt
518 285 141 37 femton
701 288 54 40 år;
796 284 32 47 ej
861 284 116 36 heller
1004 296 127 23 senare
1159 289 45 29 än
1233 282 62 36 det
1323 280 87 50 fyllt
1437 281 151 36 aderton
1616 282 49 41 år,
1691 279 70 37 där
1789 281 32 47 ej
1851 280 147 36 barnets

392 339 110 47 anlag
533 336 67 36 och
620 335 363 48 omständigheterna
1002 335 11 33 i
1033 334 120 47 övrigt
1172 331 201 44 föranleda,
1394 337 52 30 att
1464 332 129 36 barnet
1611 329 66 36 bör
1696 329 133 37 erhålla
1852 329 145 37 fortsatt

393 388 228 47 utbildning.

1156 454 21 32 4
1205 449 34 45 8.

528 540 14 35 I
583 539 203 36 kostnaden
829 538 55 35 för
926 538 147 35 barnets
1114 535 194 36 underhåll
1342 540 81 42 tage
1451 547 43 22 en
1522 546 63 23 var
1612 546 42 23 av
1682 531 228 36 föräldrarna
1942 532 56 35 del

393 590 95 36 efter
515 592 56 35 sin
600 589 174 48 förmåga.
1799 585 5 6 |

528 640 115 37 Fader
682 641 91 35 eller
813 639 137 44 moder,
992 651 79 23 som
1112 637 31 47 ej
1174 636 66 36 har
1268 634 208 38 vårdnaden
1506 646 59 22 om
1594 633 137 37 barnet,
1761 632 93 35 skall
1883 632 115 36 betala

395 691 358 47 underhållsbidrag.

1157 757 20 33 5
1206 753 34 44 8.

529 844 139 35 Fadern
697 856 83 22 vare
809 842 148 49 skyldig
984 846 64 38 att,
1077 840 93 36 efter
1197 845 40 43 ty
1265 838 84 36 med
1377 838 141 47 hänsyn
1548 837 57 34 till
1634 836 88 35 hans
1743 835 66 36 och
1832 836 168 35 moderns

395 896 133 35 villkor
568 897 59 32 må
665 906 104 23 anses
801 893 146 46 skäligt,
976 891 154 48 bidraga
1156 890 57 35 till
1240 889 139 36 hennes
1408 887 194 36 underhåll
1632 886 115 36 under
1776 899 65 22 sex
1870 887 131 34 veckor

394 946 78 35 före
512 945 68 35 och
621 957 65 23 sex
722 945 132 34 veckor
880 942 91 37 efter
999 942 250 35 nedkomsten.
1308 939 71 35 Vid
1407 938 233 36 beräknande
1667 950 43 22 av
1739 937 101 35 detta
1868 936 132 36 under-

395 995 226 48 hållsbidrag
661 995 91 36 skall
794 994 143 49 hänsyn
979 999 102 42 tagas
1121 992 136 46 jämväl
1299 991 57 35 till
1399 989 43 35 de
1481 988 178 37 särskilda
1686 988 208 43 kostnader,
1923 1000 77 23 som

394 1047 148 35 orsakas
583 1059 42 22 av
664 1045 286 48 förlossningen.
1004 1042 146 37 Medför
1182 1041 254 46 havandeskap
1464 1040 90 35 eller
1581 1040 152 45 amning
1761 1039 91 34 eller
1878 1051 122 22 annan

394 1097 88 36 vård
509 1110 61 22 om
600 1097 127 35 barnet
755 1100 165 31 avsevärt
944 1094 131 36 hinder
1092 1094 13 35 i
1124 1092 172 36 moderns
1314 1089 404 43 förvärvsverksamhet,
1740 1090 92 34 eller
1850 1088 153 47 ådrager

395 1149 73 35 hon
497 1148 57 48 sig
579 1147 174 47 sjukdom
780 1159 134 35 genom
942 1144 295 48 havandeskapet
1265 1143 89 35 eller
1378 1140 251 44 nedkomsten,
1650 1142 57 33 må
1726 1139 129 35 fadern
1877 1139 125 35 kunna

395 1198 194 49 förpliktas
620 1202 54 31 att
700 1197 155 46 bidraga
882 1196 57 36 till
968 1197 138 34 hennes
1134 1192 192 37 underhåll
1357 1191 116 36 under
1501 1192 126 47 längre
1653 1190 54 36 tid
1735 1197 45 28 än
1811 1203 50 21 nu
1890 1195 110 42 sagts,

396 1249 92 35 dock
527 1249 107 47 högst
675 1247 118 36 under
825 1246 78 49 fyra
935 1245 172 37 månader
1133 1244 78 36 före
1238 1243 67 36 och
1335 1244 61 35 nio
1426 1241 174 36 månader
1628 1240 92 37 efter
1750 1240 251 36 nedkomsten.

1159 1357 18 33 6
1207 1353 32 45 $.

529 1433 58 37 Är
615 1435 138 43 barnet,
783 1433 112 37 sedan
923 1433 80 35 dess
1030 1436 75 32 rätt
1133 1432 55 35 till
1220 1430 192 36 underhåll
1440 1430 117 47 enligt
1586 1430 20 33 3
1626 1426 22 45 &
1673 1427 172 49 upphört,
1875 1428 10 33 i
1910 1426 93 48 följd

396 1498 42 23 av
479 1485 170 46 sjukdom
691 1485 90 35 eller
821 1496 119 23 annan
977 1482 105 49 dylik
1109 1481 105 36 orsak
1243 1494 43 22 ur
1313 1479 107 37 stånd
1448 1485 53 30 att
1527 1478 90 47 själv
1645 1477 156 48 försörja
1828 1479 65 45 sig,
1922 1489 82 23 vare

397 1535 228 37 föräldrarna
664 1536 12 35 i
717 1537 84 34 mån
830 1547 43 23 av
899 1533 165 48 förmåga
1092 1532 169 49 skyldiga
1288 1536 54 31 att
1369 1532 81 46 giva
1477 1530 129 35 barnet
1633 1530 135 46 skäligt
1795 1527 205 36 underhåll.

504 1586 201 36 Enahanda
734 1583 429 50 underhållsskyldighet
1190 1583 119 47 åligge
1339 1582 128 35 barnet
1495 1585 98 31 emot
1620 1579 104 36 fader
1751 1579 89 35 eller
1867 1578 135 44 moder,

397 1653 77 22 som
503 1650 45 24 av
576 1636 172 49 sjukdom
777 1636 90 35 eller
894 1647 119 24 annan
1042 1634 104 49 dylik
1174 1634 105 35 orsak
1307 1640 40 27 är
1376 1645 42 21 ur
1445 1631 106 36 stånd
1584 1636 52 30 att
1655 1630 91 47 själv
1766 1628 154 47 försörja
1938 1630 66 45 sig.

1164 1742 82 44 78.

534 1822 354 45 Underhållsbidrag
915 1824 57 33 må
1000 1822 220 35 bestämmas
1248 1820 58 34 till
1334 1819 94 35 olika
1458 1817 134 48 belopp
1621 1816 56 36 för
1709 1815 179 36 särskilda
1907 1815 101 35 delar

399 1890 42 22 av
469 1873 330 38 underhållstiden.

1163 1932 20 33 8
1211 1928 34 44 8.

536 2010 196 47 Betalning
772 2022 43 22 av
855 2006 343 47 underhållsbidrag
1233 2005 104 40 skall,
1378 2003 64 36 där
1474 2004 31 47 ej
1541 2006 44 45 på
1612 2002 120 49 grund
1760 2015 43 22 av
1832 2000 172 36 särskilda

400 2060 316 48 omständigheter
743 2058 233 37 annorlunda
1003 2057 231 41 bestämmes,
1263 2056 165 46 erläggas
1455 2055 12 33 i
1500 2052 156 37 förskott
1678 2052 59 36 för
1756 2051 252 37 kalendermå-

401 2112 84 35 nad.
541 2109 382 47 Förskottsbetalning
951 2113 127 30 utöver
1105 2106 70 36 vad
1198 2119 50 23 nu
1268 2105 162 47 stadgats
1450 2105 89 35 eller
1558 2104 144 35 särskilt
1721 2103 110 35 blivit
1850 2102 158 35 bestämt

402 2161 143 37 medför
584 2162 32 47 ej
659 2160 171 36 befrielse
871 2164 52 31 att
963 2157 107 49 gälda
1104 2155 344 47 underhållsbidrag
1475 2154 58 36 för
1561 2154 68 36 den
1660 2153 63 44 tid,
1753 2153 111 36 sådan
1895 2152 112 35 betal-

403 2214 91 47 ning
520 2225 111 23 avser.
