1906 2838
256 150 39 29 10
541 149 415 29 Konstitutionsutskottets
973 148 163 30 memorial
1157 148 47 29 Nr
1223 150 46 27 12.
1311 147 153 35 (Bilaga.)

259 244 159 39 Förslag:

304 295 55 33 Då
379 296 168 38 företaget
567 307 99 26 synes
686 295 164 33 beräknas
871 295 111 32 kunna
1004 295 162 32 fortsätta
1186 294 50 32 sin
1255 293 215 33 verksamhet
1488 293 88 33 efter
1596 305 45 20 nu
1662 292 104 33 skedd

262 337 167 39 sanering,
453 338 113 32 därest
587 337 257 38 rörelsekapital
865 337 156 37 tillföres,
1046 336 56 32 får
1123 337 68 38 jag,
1215 336 73 33 med
1311 336 132 38 hänsyn
1466 336 54 31 till
1544 336 63 32 den
1630 335 138 33 relativt

262 384 91 29 stora
376 380 299 32 arbetarstammen
697 398 44 4 —
762 380 42 32 36
827 391 76 20 man
926 398 44 4 —
992 379 139 32 förorda
1153 382 49 29 ett
1223 379 56 31 lån
1303 379 20 31 å
1346 377 51 34 kr.
1423 379 181 37 15,000:—
1627 381 139 29 amorte-

262 422 106 39 rings-
388 422 60 32 och
466 422 177 32 räntefritt
660 422 13 32 i
691 422 17 31 2
728 422 47 38 år,
795 421 148 33 därefter
963 421 131 38 10-årig
1113 421 203 38 amortering
1335 421 60 32 och
1415 422 17 31 5
1451 422 21 33 4
1490 423 109 30 ränta.

263 489 178 33 Säkerhet:

305 535 396 66 Fastighetsinteckning
722 540 20 31 å
762 539 51 48 kr.
836 535 117 56 15,000
963 551 53 20 :—
1036 539 74 32 med
1131 539 98 32 bästa
1249 542 70 29 rätt
1339 538 13 32 i
1374 539 41 32 66
1436 543 55 27 öre
1514 535 96 42 18/0
1631 537 135 49 pennin-

261 594 62 27 gar
341 582 61 48 och
422 583 39 31 22
482 587 54 28 öre
555 581 50 32 4”
607 579 67 42 [100
692 581 186 49 penningar
897 582 11 31 i
927 581 167 38 Björknäs
1114 593 39 20 nr
1174 582 16 31 1
1216 579 83 41 (1"")
1325 586 86 28 samt
1431 582 40 30 41
1493 585 56 28 öre
1568 581 41 32 23
1630 580 136 39 pennin-

261 636 62 27 gar
343 625 12 31 i
377 624 181 39 Kappstad
580 636 42 20 nr
643 626 17 30 1
688 623 83 53 (17)
797 624 11 32 i
830 620 101 37 Östra
952 623 183 39 Fågelviks
1159 623 119 33 socken
1301 635 43 20 av
1366 622 204 35 Värmlands
1593 622 67 39 län,
1684 626 83 29 tax.-

260 667 103 33 värde
384 667 51 33 kr.
458 668 118 37 22,200
602 665 104 40 (1931
728 667 54 32 års
805 666 285 39 skogsvärdering
1111 666 51 32 kr.
1186 667 133 37 28,100:
1333 684 53 14 —.
1429 665 108 39 Ingen
1559 645 209 63 avverkning

259 709 62 33 har
341 709 102 33 sedan
462 693 60 54 ägt
542 706 107 42 rum),
670 711 87 30 samt
774 707 125 39 borgen
918 720 42 20 av
981 708 218 38 disponenten
1219 692 82 47 Ivar
1319 706 158 40 Tjerneld
1503 705 87 41 (tax.
1613 708 85 31 1934
1718 706 51 32 kr.

259 750 296 41 10,690—9,110).

260 818 149 34 Särskilt
429 819 123 33 villkor
573 819 55 33 för
648 819 105 32 lånet:

305 874 52 29 att
383 882 45 20 nu
454 869 212 34 existerande
692 869 92 32 avtal
811 869 121 32 mellan
960 868 183 34 Skattkärr
1170 868 60 33 och
1258 868 134 33 Alsters
1421 867 179 53 tegelbruk
1627 866 140 49 omedel-

261 913 77 33 bart
358 912 107 52 under
487 911 202 33 medverkan
712 924 42 20 av
775 911 204 33 Värmlands
1002 911 169 32 Enskilda
1193 910 97 32 Bank
1314 906 179 60 revideras,
1517 911 38 31 så
1579 914 53 29 att
1653 910 12 32 il
1688 909 79 38 möj-

260 955 122 39 ligaste
408 955 76 32 mån
509 954 122 33 rättvis
657 954 178 38 kvotering
860 965 42 21 av
927 953 235 32 inkommande
1187 953 95 32 order
1307 953 108 32 ernås.
1467 933 197 62 Eventuellt
1689 955 78 35 nytt

260 997 93 33 avtal
374 996 60 33 bör
455 997 54 32 för
530 996 245 39 godkännande
796 996 159 33 insändas
979 996 72 32 före
1073 996 108 31 lånets
1204 995 258 39 utanordning.»

303 1064 19 33 I
346 1065 160 38 yttrande
530 1064 64 33 den
619 1065 40 31 21
686 1064 138 38 augusti
849 1064 85 32 1934
958 1063 201 33 hemställde
1183 1062 360 39 kommerskollegium,
1571 1065 52 29 att
1648 1061 117 33 ansök-

260 1115 123 39 ningen
404 1115 73 33 icke
498 1116 103 32 måtte
624 1115 175 32 föranleda
820 1115 109 38 någon
950 1114 122 39 åtgärd
1093 1114 105 32 under
1220 1114 200 32 anförande:

305 1174 315 39 »Sökandebolaget
640 1186 99 27 synes
761 1174 72 32 icke
854 1173 162 39 uppfylla
1039 1173 40 33 de
1101 1173 295 38 förutsättningar,
1419 1172 105 33 under
1545 1172 95 33 vilka
1663 1172 107 38 enligt

261 1217 158 39 gällande
437 1216 249 33 bestämmelser
704 1217 54 31 lån
776 1217 54 31 må
846 1216 168 32 utlämnas
1033 1228 43 20 av
1095 1216 40 32 de
1152 1215 115 38 medel,
1287 1227 70 20 som
1375 1216 20 31 å
1413 1215 184 32 riksstaten
1616 1214 54 33 för
1688 1213 81 33 bud-

262 1260 131 38 getåret
414 1255 184 43 1934/1935
621 1259 150 32 anvisats
794 1259 54 31 för
868 1258 57 32 lån
946 1258 60 32 och
1028 1257 234 33 subventioner
1282 1257 56 32 till
1359 1257 191 38 främjande
1572 1269 43 20 av
1637 1256 131 33 enskild

262 1302 275 38 företagsamhet.
580 1300 150 34 Särskilt
749 1301 95 32 torde
865 1301 184 38 företagets
1072 1299 209 39 svårigheter
1303 1300 12 31 i
1335 1299 169 39 väsentlig
1526 1300 79 31 mån
1626 1298 77 33 bero
1725 1298 44 39 på

261 1344 106 33 andra
387 1343 287 39 omständigheter
695 1348 42 27 än
758 1342 320 39 konjunkturerna.»

305 1411 74 33 Den
401 1413 17 30 1
440 1411 137 33 oktober
598 1412 86 31 1934
704 1410 169 33 träffades
894 1413 78 35 nytt
991 1410 94 32 avtal
1105 1410 122 32 mellan
1249 1409 284 39 sökandebolaget
1552 1409 61 32 och
1635 1408 133 33 Alsters

262 1462 186 40 tegelbruk,
469 1461 108 34 vilket
596 1462 157 32 insändes
775 1461 54 32 till
850 1461 378 38 socialdepartementet.

307 1538 130 39 Kungl.
457 1538 104 38 Maj:t
584 1536 61 41 (26
666 1537 68 33 okt.
758 1536 101 41 1934)
885 1537 167 38 beviljade
1071 1537 137 38 bolaget
1226 1536 54 33 till
1301 1536 236 38 förstärkning
1558 1548 43 21 av
1623 1535 75 33 dess
1720 1539 48 27 rö-

263 1589 220 39 relsekapital
504 1592 49 29 ett
573 1589 58 32 lån
653 1589 20 31 å
696 1589 117 38 15,000
835 1588 52 32 kr.
910 1589 44 38 på
978 1589 38 31 12
1041 1588 47 39 år,
1112 1600 105 20 varav
1240 1588 38 32 de
1302 1589 17 30 2
1345 1587 109 33 första
1475 1588 79 31 åren
1578 1591 108 28 ränte-
1710 1587 60 32 och

262 1640 304 39 amorteringsfria.
607 1639 178 33 Säkerhet:
824 1639 201 39 Inteckning
1046 1639 12 31 i
1079 1642 50 29 tre
1150 1650 43 21 av
1212 1638 151 39 bolagets
1386 1638 202 39 fastigheter
1609 1638 20 32 å
1652 1638 117 39 15,000

261 1691 50 32 kr.
331 1691 74 32 med
424 1691 99 33 bästa
546 1680 217 52 förmånsrätt
782 1693 87 30 samt
887 1690 123 38 borgen
1031 1702 42 20 av
1094 1690 217 38 disponenten
1330 1689 81 32 Ivar
1432 1689 167 38 Tjerneld.

511 1816 38 41 4)
579 1817 171 32 Tekniska
769 1816 226 39 aktiebolaget
1016 1816 255 40 Nordstjernan,
1293 1816 217 33 Söderhamn.

307 1893 152 39 Bolaget,
485 1904 69 21 som
578 1892 202 33 tillverkade
803 1892 71 32 tvål
898 1892 60 32 och
982 1891 157 33 tekniska
1163 1895 168 35 preparat,
1357 1891 139 33 ansökte
1520 1903 52 21 om
1597 1895 49 29 ett
1669 1892 56 32 lån
1750 1903 20 20 å

264 1945 117 38 18,000
397 1943 51 33 kr.

639 2010 158 39 Bolagets
821 2010 306 38 balansräkningar
1155 2011 233 31 1931—1934:

299 2074 195 42 Tillgångar.
1305 2075 15 30 1
1345 2073 67 42 jan.
1439 2074 78 31 1931
1533 2075 38 30 31
1596 2073 69 31 dec.
1693 2074 78 30 1931

258 2125 208 42 Fastigheter
506 2151 6 5 .
572 2150 109 7 sco
716 2150 547 7 ss
1169 2121 20 50 es
1210 2121 57 50 es
1338 2126 125 36 60,000:
1478 2143 42 4 —
1592 2125 126 36 —60,000:
1733 2142 42 3 —

259 2167 206 32 Inventarier
487 2167 61 31 och
571 2167 165 31 maskiner
760 2192 4 6 .
801 2192 5 6 .
851 2192 38 6 ..
930 2163 84 47 oc...
1049 2192 215 6 os...
1215 2163 54 47 cc
1360 2167 103 37 9,837:
1479 2167 38 30 67
1594 2167 124 36 10,608:
1736 2167 38 29 15

258 2209 230 42 Avräkningar
509 2234 4 6 .
553 2235 3 5 .
598 2234 42 7 co
677 2205 88 51 sees
800 2205 131 51 ess
1050 2234 48 6 rs
1134 2234 48 6 se
1217 2234 47 6 rs
1339 2209 124 37 47,666:
1500 2209 17 30 77.
1550 2204 20 50 —
1593 2209 125 36 50,306:
1734 2208 39 31 75

260 2251 104 31 VarOre
424 2276 48 7 so
507 2276 174 7 rer
781 2276 148 6 rr
965 2276 89 6 rr
1171 2247 17 50 rs
1215 2276 48 6 er
1339 2251 177 37 48,212:91
1550 2245 20 50 =
1592 2249 181 42 42,542:160

259 2293 220 32 Främmande
501 2296 153 39 accepter
678 2318 4 6 .
720 2318 4 6 .
768 2318 80 7 ...
892 2289 122 51 ...cs
1051 2318 47 6 cc
1134 2318 47 6 cc
1216 2317 48 7 v-
1667 2293 50 30 60:
1734 2293 39 29 60

260 2335 107 31 Kassa.
429 2360 2 7 .
473 2331 24 47 cc.
511 2361 3 6 .
552 2360 46 7 so
634 2331 25 47 os
676 2331 12 47 rm
717 2331 59 47 ser
805 2360 42 6 or
887 2360 43 6 sr
972 2360 41 6 sr
1072 2331 39 47 or
1172 2359 91 7 sa
1414 2335 49 30 69:
1480 2335 38 29 16
1668 2343 49 30 93:
1733 2342 38 30 81

1211 2402 57 31 Kr.
1320 2403 197 37 165,786:51
1573 2395 200 44 163,611:
1729 2391 46 55 91

259 2452 126 33 Ställda
407 2456 127 38 panter:
560 2452 58 32 Kr.
646 2454 143 36 165,000:
805 2471 41 4 —
