1932 2840
279 132 39 31 56
671 134 416 32 Konstitutionsutskottets
1101 138 162 30 memorial
1280 139 48 28 Nr
1346 142 46 26 12.

328 217 69 33 Vid
422 218 126 39 Kungl.
574 219 118 39 Maj:ts
716 220 111 34 beslut
848 221 105 33 under
975 223 37 31 år
1038 224 84 31 1934
1144 224 140 33 rörande
1307 225 210 34 kommuners
1542 231 69 29 rätt
1633 231 51 29 att
1704 240 83 27 upp-

282 271 83 35 laga
387 268 55 32 lån
463 269 81 32 eller
562 269 116 33 ikläda
701 271 52 38 sig
773 270 126 40 borgen
921 284 102 26 synas
1043 273 12 32 i
1077 277 84 29 stort
1182 277 65 29 sett
1267 287 128 20 samma
1416 277 167 38 principer
1602 278 43 32 ha
1664 279 122 32 tilläm-

282 321 88 36 pats,
395 331 67 20 som
485 320 104 32 under
609 325 149 28 närmast
781 321 202 39 föregående
1004 324 47 31 år.
1096 324 133 33 Endast
1246 325 13 32 i
1278 326 259 39 undantagsfall
1559 328 44 32 ha
1623 328 56 32 lån
1699 329 88 32 med-

281 370 105 38 givits
412 371 53 32 för
489 372 166 39 ändamål,
680 385 114 20 varom
818 373 74 32 icke
917 374 66 32 kan
1009 380 110 34 sägas,
1147 380 50 28 att
1219 377 195 38 härigenom
1440 378 229 39 framskapats
1696 392 91 20 mera

280 421 183 38 varaktiga
480 422 135 32 värden.
650 423 202 33 Avvikelser
871 424 77 32 från
968 426 106 32 denna
1093 426 130 39 princip
1243 427 44 33 ha
1307 428 214 33 förekommit
1540 429 12 32 i
1572 430 39 32 de
1631 430 73 39 fall,
1725 431 61 31 där

281 470 159 33 kommun
464 471 61 32 har
548 472 78 33 haft
648 476 51 29 att
723 473 123 39 dragas
872 475 74 31 med
972 478 69 29 stor
1064 476 220 33 arbetslöshet
1308 478 61 32 och
1396 478 38 32 de
1457 478 213 34 kommunala
1696 481 90 32 skat-

281 524 96 29 terna
400 522 90 32 varit
513 522 99 39 höga.
661 523 304 39 Nödvändigheten
992 538 43 20 av
1061 526 119 38 dylika
1204 527 175 40 undantag
1402 529 163 33 erkännes
1591 531 126 38 jämväl
1745 544 42 20 av

280 572 176 39 utskottet,
481 585 69 21 som
575 574 212 33 framhåller:
836 575 78 33 ”Det
937 576 66 32 kan
1029 578 83 31 dock
1137 578 73 32 icke
1235 579 169 39 förnekas,
1432 584 50 28 att
1505 581 177 39 undantag
1706 582 79 32 från

282 621 108 33 denna
409 623 90 37 regel
515 624 12 31 i
547 624 88 32 flera
654 624 64 32 fall
735 624 67 33 kan
822 638 84 20 vara
924 626 148 41 befogat,
1093 627 42 33 då
1152 639 39 21 en
1209 628 158 33 kommun
1385 649 45 4 —
1446 631 202 38 exempelvis
1668 644 118 26 genom

279 672 250 39 nedläggandet
547 686 42 20 av
607 674 87 32 inom
715 675 199 33 kommunen
934 676 157 33 bedriven
1111 679 146 32 industri
1273 699 46 3 —
1335 680 140 33 kommit
1493 681 12 31 i
1525 693 39 20 en
1585 683 76 31 svår
1682 683 103 32 situa-

280 722 71 32 tion
377 722 216 34 beträffande
619 725 230 40 arbetslöshet,
876 727 191 38 fattigvård
1093 740 42 20 m.
1162 741 42 20 m.
1242 730 19 32 I
1288 730 127 34 sådana
1442 731 74 39 fall,
1545 732 60 32 där
1631 733 40 32 de
1694 733 90 32 kom-

280 775 135 32 munala
437 775 276 33 skattebördorna
736 777 110 33 skulle
867 778 92 33 bliva
981 779 151 39 olidliga,
1155 780 66 32 kan
1245 781 56 32 det
1323 794 96 20 anses
1443 782 127 39 skäligt
1593 787 50 28 att
1666 796 118 26 genom

279 825 279 39 amorteringslån
580 826 129 34 fördela
732 833 83 27 även
837 840 39 21 en
899 829 98 38 dylik
1017 830 142 38 löpande
1180 832 109 38 utgift
1311 833 43 37 på
1377 832 86 33 flera
1485 833 58 32 år.

324 875 19 31 I
362 875 158 38 samtliga
542 876 39 32 de
600 888 43 21 av
661 877 166 33 utskottet
848 879 177 33 anmärkta
1044 880 106 33 fallen
1170 881 44 32 ha
1234 881 39 33 de
1292 882 106 33 hörda
1418 884 279 38 myndigheterna
1717 886 67 31 till-

280 924 115 38 styrkt
411 925 114 33 lånens
542 926 199 40 beviljande,
761 928 85 33 dock
862 929 74 32 med
954 930 175 39 undantag
1147 931 53 32 för
1218 932 55 33 det
1291 933 105 32 under
1413 932 36 41 a)
1470 934 206 33 antecknade
1693 940 92 27 ären-

280 975 64 38 det,
375 976 61 32 där
465 977 292 34 stadsförbundets
788 979 178 33 finansråd
996 981 159 38 avstyrkt
1181 994 74 20 men
1283 983 405 34 överståthållarämbetet
1717 986 67 32 till-

278 1025 116 38 styrkt
416 1026 236 34 låneansökan.

321 1077 19 31 I
360 1077 39 33 de
419 1077 73 40 fall,
514 1079 60 32 där
594 1079 128 39 Kungl.
742 1081 104 37 Maj:t
864 1082 163 39 medgivit
1045 1082 156 33 kommun
1222 1087 68 29 rätt
1310 1088 52 28 att
1380 1089 153 35 upptaga
1553 1086 56 32 lån
1629 1090 82 28 utan
1732 1090 52 28 att

278 1125 247 40 skattetrycket
545 1129 91 32 varit
658 1130 215 39 synnerligen
896 1131 91 39 högt,
1012 1132 44 32 ha
1080 1133 105 32 andra
1207 1134 284 39 omständigheter
1516 1136 174 39 förelegat,
1716 1149 68 20 som

278 1177 180 33 motiverat
484 1182 48 29 ett
559 1179 102 32 bifall
687 1180 53 32 till
769 1181 282 39 ansökningarna.
1103 1184 19 32 I
1147 1183 85 34 intet
1260 1196 43 20 av
1331 1185 96 33 dessa
1456 1185 64 32 fall
1548 1198 100 26 synes
1674 1188 110 38 någon

277 1228 194 39 äventyrlig
494 1228 199 40 lånepolitik
714 1242 83 21 vara
817 1231 114 33 inledd
955 1232 80 32 eller
1056 1233 191 39 utvecklad,
1270 1234 62 32 och
1355 1236 314 38 amorteringstiden
1691 1238 61 32 har
1773 1238 12 31 i

277 1278 92 37 regel
392 1278 185 34 fastställts
601 1280 54 32 till
679 1282 84 31 3—8
789 1282 48 31 år.
883 1282 19 32 I
928 1282 39 32 de
992 1282 74 39 fall,
1098 1283 36 32 då
1143 1275 130 47 längre
1296 1286 273 38 amorteringstid
1591 1287 192 39 medgivits,

277 1328 45 32 ha
349 1328 98 33 lånen
473 1333 110 29 avsett
611 1333 52 29 att
689 1331 101 32 täcka
814 1332 147 38 utgifter
989 1332 53 33 för
1070 1345 90 21 mera
1184 1334 183 39 varaktiga
1393 1336 135 39 värden,
1557 1337 90 38 eller,
1674 1338 109 32 såsom

277 1377 100 33 fallet
398 1383 38 28 är
458 1380 75 32 med
555 1380 56 33 det
634 1392 42 21 av
701 1380 211 34 Stockholms
935 1383 75 32 stad
1032 1387 176 35 upptagna
1231 1385 100 39 lånet,
1354 1386 62 32 där
1435 1386 100 39 fråga
1556 1399 61 20 var
1640 1400 51 20 om
1715 1391 68 30 täc-

276 1428 126 33 kandet
425 1442 42 20 av
487 1442 40 20 en
550 1430 100 33 skuld
672 1443 68 20 som
761 1432 108 33 åvilat
890 1433 116 32 staden
1028 1434 102 32 sedan
1152 1435 38 31 år
1214 1436 95 41 1866,
1332 1448 91 20 mera
1444 1437 90 33 varit
1556 1442 50 29 att
1626 1438 157 33 betrakta

276 1490 70 21 som
369 1491 40 20 en
430 1479 236 41 konvertering
689 1486 42 28 än
753 1494 69 20 som
845 1495 47 26 ny
913 1484 197 39 upplåning.

322 1529 174 34 Utskottet
523 1531 180 40 medgiver,
735 1536 51 29 att
814 1533 256 34 kommunernas
1100 1538 68 29 rätt
1198 1539 51 29 att
1276 1540 154 35 upptaga
1457 1537 56 32 lån
1544 1543 37 27 är
1611 1551 90 20 mera
1728 1539 53 32 be-

275 1581 149 38 gränsad
445 1586 40 28 än
504 1583 67 31 vad
590 1583 145 39 tidigare
753 1584 92 32 varit
865 1585 107 39 fallet,
994 1586 60 32 och
1074 1586 98 32 anför
1192 1587 115 33 härom
1328 1588 164 38 följande:
1515 1588 183 34 ”Utskottet
1719 1590 63 32 har

275 1629 74 34 icke
375 1630 165 40 förbisett,
565 1636 52 29 att
641 1632 55 33 lån
722 1633 147 39 tidigare
896 1635 179 38 medgivits
1102 1636 54 32 för
1181 1636 159 33 liknande
1367 1638 165 39 ändamål,
1562 1651 68 21 som
1656 1640 61 32 här
1744 1645 38 28 är

274 1679 126 40 ifråga,
422 1682 80 32 eller
521 1685 52 29 att
593 1684 115 37 praxis
729 1695 69 21 mer
819 1685 61 31 och
898 1696 70 21 mer
986 1685 111 39 börjat
1116 1690 51 29 att
1185 1688 43 37 gå
1247 1687 12 32 i
1281 1688 63 31 den
1366 1700 42 21 av
1427 1689 166 33 utskottet
1613 1690 61 32 här
1695 1691 85 32 före-

273 1732 124 33 trädda
418 1732 214 40 riktningen.”
674 1734 66 33 Det
761 1740 37 27 är
820 1736 142 33 sålunda
984 1737 73 33 icke
1079 1743 68 28 mot
1167 1750 39 20 en
1229 1738 135 40 skadlig
1386 1740 148 39 tendens,
1558 1753 69 20 som
1649 1741 129 33 utskot-

275 1786 48 29 tet
343 1783 185 40 anmärker,
551 1788 82 29 utan
655 1789 67 29 mot
743 1790 52 28 att
814 1787 174 39 undantag
1009 1788 179 38 medgivits
1210 1789 78 32 från
1311 1790 62 32 den
1394 1791 142 39 princip,
1559 1804 69 20 som
1649 1792 129 33 utskot-

274 1836 47 29 tet
341 1833 114 32 funnit
472 1845 82 21 vara
572 1834 106 39 riktig
697 1835 60 32 och
777 1835 185 40 tillämplig
978 1837 11 32 i
1008 1832 39 38 de
1069 1835 232 42 föreliggande
1315 1840 116 33 fallen.
1450 1841 46 32 Vi
1508 1842 44 32 ha
1564 1842 74 32 icke
1651 1843 130 32 kunnat

274 1883 136 32 ansluta
433 1895 52 21 oss
511 1884 55 32 till
593 1885 108 33 denna
722 1886 184 33 utskottets
931 1888 234 39 uppfattning.
1214 1889 64 34 Att
1303 1891 179 39 uppdraga
1507 1891 63 33 allt
1596 1892 53 33 för
1676 1898 105 28 snäva

273 1937 141 33 gränser
440 1934 54 32 för
518 1934 129 39 Kungl.
673 1936 120 38 Maj:ts
818 1937 190 33 handlande
1034 1943 167 34 gentemot
1227 1940 223 34 lånesökande
1476 1942 195 33 kommuner
1696 1942 82 33 kun-

274 1995 44 20 na
347 1984 34 32 vi
407 1984 74 33 icke
510 1984 97 34 finna
633 1998 80 20 vare
742 1987 54 38 sig
821 1987 160 39 lämpligt
1006 1989 80 32 eller
1114 1990 226 39 erforderligt.
1392 1992 45 32 Vi
1464 1992 44 32 ha
1536 1993 142 33 sålunda
1705 1994 74 32 icke

273 2033 131 34 kunnat
434 2035 134 32 biträda
599 2036 264 39 anmärkningen
895 2042 68 29 mot
993 2039 245 39 föredragande
1270 2041 375 44 departementschefen,
1679 2048 100 28 stats-

273 2084 96 33 rådet
385 2085 205 38 Wigforss.»
