1910 2846
519 136 414 30 Konstitutionsutskottets
951 135 161 30 memorral
1130 135 47 28 Nr
1194 137 45 26 12.
1595 133 40 32 85

127 223 223 39 flygförband
372 227 134 29 snarast
525 222 233 39 anskaffades,
781 227 83 28 även
888 234 52 20 om
962 222 56 32 det
1039 222 73 32 icke
1133 233 77 21 vore
1232 222 36 32 så
1289 221 172 39 effektivt,
1488 233 68 20 som
1580 221 55 32 det

127 275 107 32 skulle
257 274 115 33 kunna
395 274 102 38 bliva,
521 286 51 20 om
595 273 119 33 endast
737 273 158 39 militära,
922 273 156 32 tekniska
1100 273 61 32 och
1185 272 215 33 ekonomiska
1426 271 210 39 synpunkter

127 326 94 38 finge
244 337 82 21 vara
350 324 260 33 bestämmande.
660 324 131 32 Härvid
815 324 101 32 borde
942 328 84 28 även
1050 323 150 39 beaktas,
1227 326 50 29 att
1302 323 11 32 i
1342 322 190 33 dåvarande
1559 322 77 38 läge

128 377 55 32 det
200 376 76 39 låge
296 380 69 29 stor
387 376 77 32 fara
482 376 11 32 i
512 379 48 29 ett
579 375 159 39 dröjsmål
758 375 74 32 med
852 374 276 39 anskaffningen.

173 427 358 33 Generalstabschefen
549 426 141 33 anförde
708 426 12 32 i
739 426 136 38 avgivet
891 426 169 38 yttrande,
1079 428 51 30 att
1150 437 41 20 av
1210 424 303 39 förhandlingarna
1533 424 101 32 fram-

127 479 100 38 ginge
253 481 50 29 att
326 478 195 38 flygplanet
543 490 42 20 av
608 481 62 35 typ
695 477 28 32 B
744 489 78 20 vore
847 477 55 32 det
925 489 41 20 av
989 480 61 35 typ
1075 476 33 32 A
1131 476 184 38 väsentligt
1337 475 217 38 underlägset
1576 474 60 33 och

128 530 174 38 samtidigt
320 529 122 39 dyrare
462 532 86 29 samt
565 532 51 29 att
635 528 305 38 serietillverkning
957 540 41 20 av
1015 531 61 35 typ
1095 528 28 32 B
1142 527 73 32 icke
1233 527 111 32 kunde
1361 526 165 33 beräknas
1545 525 90 33 kom-

129 593 53 20 ma
207 581 54 32 till
289 580 98 33 stånd
414 580 115 33 förrän
553 580 103 32 våren
684 580 83 32 1936
796 579 119 32 medan
939 578 233 33 motsvarande
1197 577 220 39 tillverkning
1444 589 41 20 av
1513 580 61 35 typ
1604 576 32 32 A

128 631 108 33 skulle
257 631 130 32 kunnat
408 631 213 38 igångsättas
645 630 101 32 redan
767 630 11 32 i
802 630 102 32 slutet
927 642 42 20 av
991 630 37 32 år
1051 630 95 31 1934.
1194 629 48 32 Ur
1266 627 370 39 försvarsberedskaps-

128 682 174 39 synpunkt
324 682 125 38 ansåge
474 682 52 38 sig
550 680 350 40 generalstabschefen
924 680 220 39 fördenskull,
1169 679 139 33 särskilt
1329 679 75 32 med
1429 678 131 38 hänsyn
1583 677 55 33 till

129 734 62 32 den
216 745 77 20 sena
315 732 171 39 tidpunkt,
512 733 41 31 då
579 731 305 38 serietillverkning
906 731 111 32 kunde
1038 731 223 38 igångsättas,
1284 729 73 33 icke
1382 729 113 32 kunna
1519 729 118 32 under-

129 784 70 32 låta
220 787 50 29 att
292 783 184 33 framhålla
501 783 38 32 de
562 782 181 39 allvarliga
766 782 114 38 vådor,
908 794 69 20 som
1000 793 77 21 vore
1100 780 225 39 förknippade
1349 780 74 32 med
1449 779 55 33 det
1526 781 112 30 senast

130 835 193 38 framlagda
352 834 165 39 förslaget
544 846 51 20 om
623 833 225 38 anskaffning
876 845 42 20 av
948 831 423 40 fjärrspaningsflygplan.
1422 831 19 32 TI
1469 830 55 33 det
1550 830 86 38 läge,

130 898 69 20 som
222 886 123 38 frågan
369 898 52 20 om
444 884 405 40 flygplansanskaffning
872 883 122 39 iråkat,
1019 883 80 32 ville
1121 881 349 40 generalstabschefen
1492 880 145 33 emeller-

130 937 49 32 tid
198 937 72 32 icke
292 939 160 30 motsätta
474 936 52 39 sig
545 935 263 39 flygstyrelsens
831 934 141 39 förslag.

174 987 325 33 Marinstabschefen
525 986 141 33 anförde
692 986 12 31 1
728 986 135 38 avgivet
888 985 168 38 yttrande,
1083 988 50 29 att
1157 984 67 33 han
1248 983 58 33 vid
1334 983 145 39 tidigare
1505 982 133 33 samråd

129 1039 60 32 och
208 1039 12 32 i
240 1038 146 39 tidigare
407 1037 181 39 yttranden
609 1037 152 32 förordat
781 1036 229 32 anskaffande
1033 1048 42 20 av
1095 1035 120 38 bomb-,
1237 1034 130 39 torped-
1391 1034 61 32 och
1475 1033 163 39 fjärrspa-

130 1089 180 39 ningsplan
336 1101 43 20 av
404 1092 62 35 typ
492 1089 41 38 A,
558 1088 108 33 vilket
690 1087 79 39 plan
793 1086 218 33 beträffande
1036 1086 94 32 såväl
1155 1085 218 38 bärförmåga
1397 1097 70 20 som
1493 1083 145 33 aktions-

130 1141 92 32 radie
240 1160 44 3 —
300 1140 71 37 just
390 1140 39 32 de
449 1139 216 39 egenskaper,
685 1150 68 20 som
771 1150 77 20 vore
866 1137 191 38 väsentliga
1075 1137 54 32 för
1147 1140 48 29 ett
1214 1136 80 39 plan
1314 1147 42 21 av
1376 1134 262 39 ifrågavarande

131 1191 74 39 slag
227 1210 45 4 —
293 1202 78 21 vore
396 1190 188 38 överlägset
609 1190 56 32 det
687 1188 159 39 flygplan
870 1200 42 20 av
936 1191 62 35 typ
1022 1188 38 38 B,
1086 1199 69 20 som
1180 1186 245 39 flygstyrelsen
1449 1186 12 31 i
1487 1185 86 37 följd
1597 1197 42 20 av

131 1242 127 38 Kungl.
283 1242 120 38 Maj:ts
427 1241 110 32 beslut
561 1240 147 38 föreslog
731 1239 54 33 till
811 1239 236 38 anskaffning.
1096 1236 325 34 Marinstabschefen
1447 1236 85 32 hade
1555 1247 83 27 upp-

131 1293 121 39 repade
278 1293 128 38 gånger
431 1291 189 33 framhållit
644 1290 291 38 nödvändigheten
961 1301 41 20 av
1027 1293 51 29 att
1103 1289 62 32 den
1192 1288 225 38 anskaffning
1443 1299 41 20 av
1508 1286 130 39 torped-

132 1344 169 38 flygplan,
331 1355 69 21 som
427 1343 199 32 förutsattes
655 1342 11 31 i
694 1342 82 32 1925
806 1342 54 31 års
888 1340 304 38 försvarsordning,
1221 1338 106 33 delvis
1357 1350 69 21 som
1452 1337 188 38 ersättning

131 1395 53 32 för
204 1395 116 38 jagare
341 1394 12 32 i
375 1393 217 38 kustflottan,
616 1396 133 29 snarast
769 1392 104 32 måtte
894 1391 134 32 komma
1050 1390 55 33 fill
1129 1390 107 32 stånd.
1284 1386 102 36 Ännu
1408 1389 86 32 efter
1515 1388 47 32 tio
1585 1388 55 32 års

132 1446 133 38 förlopp
288 1445 121 32 funnes
431 1444 194 32 överhuvud
646 1446 94 35 taget
762 1442 74 32 icke
857 1446 47 29 ett
926 1442 85 32 enda
1035 1441 209 32 användbart
1267 1439 209 40 torpedplan,
1501 1439 60 32 och
1586 1438 55 32 det

136 1495 345 40 fjärrspaningsplan,
507 1507 68 20 som
599 1494 183 38 föresloges
805 1493 55 33 till
895 1492 235 40 anskaffning,
1159 1491 110 38 fyllde
1291 1511 45 4 —
1360 1490 105 32 ehuru
1502 1489 64 39 det,
1590 1492 52 29 ut-

133 1551 109 28 rustat
261 1546 74 32 med
357 1546 163 38 flottörer,
541 1557 77 20 vore
638 1545 11 31 i
672 1544 97 32 stånd
792 1547 50 29 att
863 1543 153 32 medföra
1035 1542 116 38 torped
1172 1562 44 3 —
1234 1541 73 32 icke
1328 1540 222 39 uppgifterna
1573 1551 67 21 som

132 1601 48 29 ett
200 1598 53 32 för
273 1596 208 33 kustflottan
501 1596 159 38 lämpligt
680 1594 208 40 torpedplan,
911 1597 49 29 ett
982 1592 220 39 förhållande,
1228 1604 68 20 som
1319 1590 323 33 marinstabschefen

132 1648 198 33 betraktade
357 1648 110 32 såsom
496 1647 53 32 för
577 1646 258 33 riksförsvarets
862 1644 212 33 effektivitet
1100 1643 199 38 betänkligt.
1352 1642 69 33 Det
1449 1641 193 38 föreslagna

134 1699 193 39 flygplanet
347 1698 122 33 ställde
490 1698 52 38 sig
560 1696 210 39 väsentligen
792 1696 121 38 dyrare
936 1700 42 27 än
998 1698 61 35 typ
1080 1694 44 32 A.
1147 1692 298 39 Seriebeställning
1466 1704 41 20 av
1529 1695 61 35 typ
1613 1691 29 32 B

133 1750 110 32 kunde
267 1749 73 33 icke
363 1749 158 39 påbörjas
545 1748 115 32 förrän
684 1747 142 38 tidigast
851 1757 185 21 sommaren
1060 1745 94 38 1936,
1179 1748 49 29 ett
1250 1743 222 38 förhållande,
1497 1754 68 21 som
1589 1742 54 32 för

133 1800 336 39 krigsberedskapen,
487 1800 29 38 ej
536 1799 103 32 minst
656 1798 73 32 med
747 1798 131 37 hänsyn
898 1797 54 32 till
971 1795 336 40 flygplanbeståndet
1327 1793 193 33 överhuvud
1538 1795 103 36 taget,

134 1864 77 20 vore
235 1851 186 38 allvarligt.
466 1850 76 32 Med
565 1850 133 37 hänsyn
723 1848 125 38 därtill,
873 1851 50 29 att
948 1847 128 38 Kungl.
1100 1846 102 38 Maj:t
1226 1845 62 32 den
1314 1846 40 31 10
1380 1856 73 21 nov.
1478 1845 83 31 1933
1588 1855 54 20 an-

136 1902 90 33 visat
250 1903 141 36 440,000
417 1901 121 32 kronor
563 1901 54 32 till
643 1899 229 33 anskaffande
899 1911 42 20 av
967 1899 58 31 två
1052 1897 129 38 torped-
1208 1897 60 32 och
1298 1894 344 40 fjärrspaningsplan,

138 1956 114 35 syntes
269 1953 62 31 den
347 1957 113 28 senast
476 1951 193 38 föreslagna
685 1950 267 37 anskaffningen
969 1948 160 32 innebära
1146 1947 74 32 icke
1235 1947 87 32 blott
1339 1946 191 37 väsentliga
1546 1945 98 32 brist-

138 2003 195 38 fälligheter
346 2002 140 38 jämfört
500 2002 74 32 med
587 2000 225 38 anskaffning
826 2012 42 20 av
880 2003 63 34 typ
958 1999 43 38 A,
1015 2002 82 28 utan
1116 2003 82 27 även
1216 2001 48 29 ett
1283 2001 118 33 avsteg
1421 1996 76 32 från
1517 1995 128 38 Kungl.

135 2054 118 38 Maj:ts
275 2052 158 33 ändamål
454 2052 72 32 med
549 2050 276 38 anskaffningen,
848 2049 114 32 vilken
983 2049 93 32 torde
1098 2048 88 32 hava
1207 2050 109 30 avsett
1338 2046 155 39 fullgoda
1514 2045 129 39 torped-

139 2105 90 38 plan.
267 2103 54 33 Då
342 2104 55 32 det
420 2103 184 32 emellertid
627 2114 98 27 synes
749 2100 324 33 marinstabschefen
1094 2111 82 20 vara
1198 2111 41 20 av
1260 2098 84 38 vikt,
1368 2101 51 29 att
1441 2097 170 39 flygplan,
1635 2096 11 32 i

133 2155 97 31 stånd
256 2158 50 28 att
330 2153 193 32 överhuvud
548 2155 95 35 taget
667 2152 74 32 föra
763 2151 127 39 torped,
915 2150 234 37 anskaffades,
1175 2149 169 38 nödgades
1369 2148 66 32 han
1459 2146 183 34 emellertid

136 2207 43 37 på
205 2205 109 39 grund
345 2217 42 20 av
416 2204 55 32 det
499 2204 84 38 läge,
612 2203 12 31 i
653 2202 107 33 vilket
789 2202 108 32 denna
927 2200 346 38 anskaffningsfråga
1302 2199 109 38 råkat,
1441 2199 96 32 avstå
1567 2198 76 32 från

135 2259 50 29 att
207 2255 165 38 avstyrka
392 2254 263 38 flygstyrelsens
678 2252 232 38 föreliggande
930 2251 141 38 förslag.

180 2303 150 35 Ärendet
352 2305 174 37 föredrogs
547 2304 12 31 i
579 2303 128 38 konselj
730 2303 60 31 den
813 2304 39 30 12
875 2301 136 33 oktober
1035 2302 93 38 1934,
1151 2300 118 32 varvid
1290 2299 129 38 Kungl.
1443 2299 101 37 Maj:t
1564 2298 80 32 läm-

141 2356 83 32 nade
251 2355 245 38 flygstyrelsen
520 2353 271 39 bemyndigande
814 2356 50 29 att
888 2352 90 32 sluta
1002 2351 92 32 avtal
1122 2351 72 31 med
1220 2350 62 32 den
1306 2349 263 38 ifrågavarande
1594 2360 52 20 en-

137 2406 117 39 gelska
279 2405 125 32 firman
429 2404 139 32 rörande
593 2403 224 37 anskaffning
842 2414 42 20 av
907 2402 58 31 två
990 2400 274 39 fjärrspanings-,
1291 2399 110 32 bomb-
1428 2399 60 32 och
1515 2398 130 39 torped-

138 2456 159 39 flygplan
320 2459 82 29 utan
430 2458 141 29 motorer
597 2457 87 29 samt
709 2453 10 32 i
745 2453 100 37 fråga
871 2464 50 20 om
950 2451 102 33 licens
1078 2451 53 32 för
1157 2450 220 38 tillverkning
1401 2449 12 32 1
1440 2449 137 38 Sverige
1605 2461 41 20 av

137 2507 69 32 tolv
231 2506 118 39 dylika
373 2505 171 39 flygplan.
