1904 2846
424 144 415 30 Konstitutionsutskottets
859 144 162 29 memorial
1040 144 48 29 Nr
1109 146 45 27 12.
1192 146 146 35 (Bilaga.)
1585 143 39 31 93

160 231 211 39 Ställningen
392 231 62 32 den
474 232 40 31 31
536 231 69 32 dec.
628 232 83 31 1933
731 242 61 20 var
814 230 164 39 följande:

108 298 67 32 »An
197 297 172 40 Fastighet
397 297 27 30 &
439 295 175 32 Maskiner.
648 297 122 36 18,066:
786 297 38 29 81
912 295 62 31 Per
997 295 100 31 Lån.
1135 321 5 5 .
1177 321 4 4 .
1218 320 47 5 so
1302 320 88 5 cc.
1432 295 123 36 16,138:
1570 295 41 30 89

198 338 207 33 Inventarier
440 363 6 6 .
482 364 6 5 .
525 363 4 5 .
567 364 5 4 .
609 363 5 5 .
669 338 157 37 1,129:39
995 337 76 31 Div.
1097 337 174 31 Debitorer
1302 362 5 5 .
1345 362 4 5 .
1386 362 5 5 .
1453 337 158 36 -1,028:93

198 381 103 41 Lager
324 391 42 20 av
389 382 134 29 råvaror
567 406 5 5 .
609 406 5 5 .
668 381 103 36 6,612:
787 381 39 30 79
996 379 177 41 Accepters
1195 379 103 31 konto
1345 404 4 5 .
1386 404 5 5 .
1453 379 159 36 :1,683:55

199 423 233 40 Banktillgodo
463 422 27 31 &
509 422 108 31 Kassa
701 423 70 30 226:
788 423 39 29 64
1040 421 138 41 Kapital
1202 421 113 31 Konto

199 465 77 32 Hel-
298 466 27 30 &
349 464 172 32 Halvfabr.
568 490 5 5 .
610 490 5 4 .
671 465 100 36 1,801:
787 482 41 4 —
997 463 263 42 Aktiekapitalet
1302 488 6 5 .
1345 488 4 5 .
1386 488 5 5 .
1433 464 123 36 10,500:
1571 481 42 4 —

198 508 75 31 Div.
299 507 192 31 Kreditorer
525 532 4 5 .
567 532 5 5 .
609 532 5 5 .
700 507 70 30 473:
786 507 40 30 80
995 505 301 43 Förnyelsefonden
1344 531 5 4 .
1386 530 5 5 .
1454 505 157 37 1,529:56

199 558 97 31 Vinst
331 558 27 30 &
381 557 133 31 Förlust
538 558 80 30 1932

198 599 202 32 Balanserad
422 599 118 31 förlust
568 625 5 4 .
610 625 6 5 .
670 600 102 36 2,254:
788 600 38 29 41
1357 606 58 31 Kr.
1430 607 125 36 30,810:
1571 606 55 30 93»

199 642 96 31 Vinst
320 642 22 30 &
358 641 132 31 Förlust
502 641 114 31 Konto

198 684 132 31 Förlust
352 684 104 30 under
478 684 72 30 året
570 708 3 6 .
610 708 5 5 .
671 684 100 35 1,375:
788 684 39 30 48

160 763 67 32 Till
255 762 369 38 socialdepartementet
650 761 112 32 inkom
789 761 150 38 följande
968 761 177 33 skrivelse:

115 823 112 31 »Betr.
247 822 75 32 AB.
341 821 167 38 Träslöjd,
529 817 91 42 Äng,
640 820 92 33 invid
751 821 136 38 Nässjö.

161 864 76 33 Som
261 864 166 38 framgått
449 875 42 20 av
513 863 290 38 tidningspressen
825 863 62 32 har
909 863 90 32 rubr.
1022 863 103 32 firma
1149 862 143 33 anhållit
1316 862 69 32 dels
1409 874 52 20 om
1485 861 139 33 subven-

113 908 70 32 tion
205 908 20 31 å
249 907 50 32 kr.
326 907 167 37 7,000:—
518 906 71 32 dels
613 917 51 20 om
689 905 144 32 statslån
856 906 20 31 å
901 905 50 32 kr.
980 906 191 37 10,000:-—
1193 905 12 32 i
1231 905 61 32 och
1316 905 54 31 för
1395 904 51 32 sin
1473 903 150 33 tillverk-

115 950 82 37 ning
218 961 41 20 av
279 949 264 32 tvättklämmor.

159 992 162 32 Häremot
343 991 37 32 få
402 991 34 32 vi
458 991 174 31 vördsamt
654 990 120 32 anföra
797 990 165 38 följande:
986 990 55 32 Då
1065 1001 69 21 som
1156 989 125 33 bekant
1304 989 105 39 priset
1431 989 44 38 på
1499 988 123 33 omfrå-

112 1034 87 39 gade
221 1033 121 33 artikel
363 1038 37 27 är
421 1033 188 38 onaturligt
629 1032 73 39 lågt
722 1033 53 31 till
798 1032 87 38 följd
907 1044 42 20 av
970 1032 63 32 allt
1054 1036 105 28 större
1182 1032 207 38 svårigheter
1410 1031 75 32 med
1507 1042 115 27 expor-

114 1082 55 27 ten
193 1088 116 26 genom
334 1075 101 39 höjda
459 1075 104 32 tullar
588 1078 62 29 etc.
674 1075 60 32 och
760 1075 62 32 den
848 1075 136 32 därmed
1009 1074 63 33 allt
1097 1078 105 28 större
1226 1074 249 32 konkurrensen
1500 1073 124 32 mellan

115 1118 195 33 fabrikerna
330 1118 61 32 här
410 1118 12 31 i
441 1117 125 39 landet,
588 1117 183 38 föreligger
791 1117 71 32 risk
883 1117 53 32 för
956 1120 60 35 att,
1045 1117 4 31 i
1068 1116 160 33 händelse
1249 1116 62 32 den
1333 1116 216 32 framställda
1570 1114 52 33 be-

113 1166 106 34 gäran
238 1172 52 21 om
307 1160 182 32 understöd
507 1159 154 39 beviljas,
682 1160 96 31 dessa
797 1159 106 32 medel
922 1159 173 32 användas
1114 1159 12 31 i
1145 1158 303 39 konkurrenssyfte
1468 1158 61 32 och
1549 1158 74 31 där-

115 1203 72 33 med
210 1203 66 32 kan
300 1202 177 32 förorsaka
499 1202 222 32 arbetslöshet
742 1202 60 32 hos
825 1201 106 33 andra
953 1201 196 32 tillverkare
1172 1201 12 31 i
1207 1201 106 32 denna
1336 1200 133 34 artikel.

160 1245 160 38 Kungsör
343 1245 62 31 den
428 1246 17 31 9
471 1244 151 32 februari
647 1244 94 32 1934.

310 1304 177 38 Kungsörs
508 1303 215 32 Träindustri
743 1303 88 32 Axel
851 1303 194 32 Andersson
1065 1303 27 32 &
1112 1302 56 33 Co.
1189 1301 237 39 Aktiebolag.»

159 1380 73 32 Den
253 1382 39 30 10
312 1379 85 32 febr.
419 1380 84 31 1934
523 1378 156 39 härjades
699 1379 157 32 fabriken
875 1391 42 20 av
936 1378 172 32 eldsvåda.

158 1441 19 33 I
195 1439 157 39 yttrande
374 1439 62 32 den
458 1440 38 31 15
516 1450 90 20 mars
628 1439 84 31 1934
733 1437 199 33 hemställde
953 1437 351 38 kommerskollegium
1324 1440 51 28 att
1395 1436 230 38 ansökningen

113 1490 73 33 icke
205 1490 53 32 för
279 1489 209 33 närvarande
510 1489 104 31 måtte
635 1488 176 32 föranleda
830 1488 109 38 någon
961 1488 123 38 åtgärd
1103 1487 106 32 under
1230 1487 199 32 anförande:

161 1549 39 32 »I
221 1548 148 39 enlighet
389 1548 74 32 med
483 1547 112 32 beslut
616 1547 62 32 den
699 1548 40 31 24
761 1547 150 32 februari
935 1548 85 31 1934
1040 1547 62 32 har
1123 1546 349 39 kommerskollegium
1494 1545 130 32 medde-

115 1592 50 32 lat
185 1590 291 38 sökandebolaget,
497 1590 11 31 i
528 1589 183 39 anledning
730 1601 42 20 av
792 1601 39 20 en
853 1589 256 38 framställning
1130 1589 77 32 från
1228 1589 133 38 bolaget
1381 1600 51 20 om
1453 1587 171 33 utbekom-

115 1634 117 32 mande
265 1645 42 20 av
338 1631 482 39 brandförsäkringsbeloppet
851 1632 54 32 för
935 1631 153 39 bolagets
1121 1631 194 32 nedbrunna
1348 1629 274 39 fabriksanlägg-

115 1676 91 38 ning,
229 1679 51 29 att
299 1675 183 38 kollegium
503 1674 173 39 medgivit,
698 1678 51 28 att
770 1674 156 39 beloppet
947 1674 95 38 finge
1064 1674 54 32 för
1139 1673 151 39 bolagets
1313 1673 144 38 räkning
1479 1673 145 32 insättas

115 1720 20 31 å
157 1719 100 31 konto
279 1718 12 31 i
312 1717 228 38 aktiebolaget
564 1716 186 39 Göteborgs
772 1717 108 32 banks
903 1716 321 38 avdelningskontor
1246 1716 12 32 i
1281 1716 124 38 Nässjö
1427 1715 107 32 under
1557 1714 67 33 för-

114 1760 121 39 behåll,
257 1764 51 28 att
327 1772 39 20 en
386 1771 128 20 summa
535 1771 42 20 av
598 1760 96 37 8,700
714 1759 132 38 kronor,
866 1759 190 32 tillsvidare
1076 1758 90 32 intill
1188 1758 75 32 dess
1284 1758 208 32 annorlunda
1512 1757 113 32 kunde

115 1803 92 31 bliva
233 1814 43 20 av
300 1802 183 38 kollegium
508 1802 155 37 bestämt,
690 1813 42 20 av
758 1801 132 32 banken
915 1801 184 32 innehölles
1127 1801 108 32 såsom
1263 1800 155 32 säkerhet
1445 1800 53 32 för
1526 1803 98 28 stats-

115 1845 133 32 verkets
271 1844 139 32 fordran
433 1845 19 31 å
474 1845 58 31 två
554 1844 36 32 åt
612 1843 135 39 bolaget
768 1843 146 38 tidigare
937 1843 164 38 lämnade,
1127 1855 41 20 av
1191 1842 234 39 inteckningar
1449 1841 176 39 skyddade

116 1887 302 37 försträckningar,
439 1886 170 38 nämligen
631 1886 70 32 dels
721 1885 241 32 hantverkslån
982 1897 39 19 nr
1042 1886 64 31 476
1128 1885 60 32 och
1208 1885 70 32 dels
1299 1885 56 31 lån
1376 1885 78 31 från
1474 1884 150 32 lånefon-

116 1930 62 31 den
202 1929 53 32 för
278 1928 200 33 ackordslån
501 1928 61 32 och
586 1928 187 37 förlagslån
798 1928 36 31 åt
856 1927 224 32 hantverkare
1104 1939 39 19 nr
1168 1928 73 31 101.
1286 1923 34 35 Å
1344 1926 55 33 det
1423 1926 93 32 förra
1540 1927 84 31 åter-

116 1972 71 31 står
205 1971 136 38 oguldet
361 1970 11 32 i
393 1970 131 38 kapital
546 1970 96 37 5,700
663 1970 131 37 kronor,
816 1970 20 31 å
856 1969 55 32 det
932 1980 115 21 senare
1070 1970 96 36 3,000
1187 1969 131 32 kronor.

159 2012 317 38 Kommerskollegii
496 2012 115 32 avsikt
633 2016 37 27 är
691 2015 50 28 att
763 2011 70 32 låta
855 2011 134 38 bolaget
1010 2011 37 31 få
1068 2010 147 38 tillgång
1235 2010 54 32 till
1312 2010 74 32 hela
1409 2010 107 38 sagda
1538 2010 88 32 låne-

116 2056 120 37 belopp
268 2056 96 37 8,700
397 2054 131 39 kronor,
562 2053 102 33 sedan
698 2053 386 38 fabriksanläggningen
1117 2053 186 32 återställts
1334 2052 11 32 i
1379 2050 246 40 driftsdugligt

116 2098 105 38 skick,
246 2098 36 31 så
305 2097 104 32 framt
432 2096 72 33 icke
528 2096 169 32 särskilda
719 2096 286 38 omständigheter
1028 2095 148 32 inträffa
1199 2107 42 20 av
1264 2098 99 29 natur
1386 2098 51 29 att
1459 2106 41 20 ur
1524 2098 100 29 stats-

116 2140 132 32 verkets
273 2138 174 39 synpunkt
469 2143 82 33 göra
576 2138 122 32 sådant
721 2138 202 38 förfogande
948 2143 77 27 över
1048 2137 207 32 lånemedlen
1280 2137 189 38 olämpligt.

161 2182 55 31 Av
239 2181 247 38 handlingarna
510 2181 164 37 framgår,
698 2184 51 28 att
773 2180 62 32 den
858 2180 135 38 bolaget
1016 2179 205 32 tillerkända
1245 2179 224 32 brandstoden
1495 2179 130 32 lämnar

115 2223 66 39 god
205 2223 146 38 tillgång
374 2223 53 32 till
449 2223 106 32 medel
580 2223 53 31 för
656 2222 270 32 iståndsättande
950 2234 42 20 av
1017 2221 156 32 fabriken
1197 2221 61 32 och
1281 2221 53 32 till
1357 2221 190 38 ersättning
1572 2221 53 31 för

116 2265 266 39 lagerförluster.
423 2265 53 31 En
496 2264 206 38 utvidgning
723 2276 41 20 av
787 2264 251 38 anläggningen
1061 2263 73 32 med
1156 2263 182 32 understöd
1360 2275 42 19 av
1424 2263 200 38 ytterligare

114 2307 182 32 lånemedel
315 2307 77 31 från
412 2307 55 31 det
484 2306 171 31 allmänna
675 2317 98 26 synes
795 2305 194 38 Kollegium
1008 2305 73 31 icke
1100 2305 53 31 för
1172 2304 207 32 närvarande
1398 2304 82 33 böra
1497 2305 128 38 ifråga-

115 2350 142 37 komma,
279 2349 42 31 då
342 2349 184 37 företagets
546 2348 180 31 lånebörda
746 2347 103 32 redan
868 2359 44 20 nu
932 2347 93 31 torde
1046 2358 82 20 vara
1148 2346 11 31 i
1180 2347 121 38 högsta
1320 2346 93 39 laget
1432 2347 60 31 och
1515 2350 109 29 staten

119 2392 55 31 två
201 2391 127 38 gånger
355 2390 140 38 beviljat
523 2389 210 32 ekonomiskt
761 2389 74 32 stöd
864 2401 117 26 genom
1009 2389 88 31 lån.»
