1900 2846
408 138 414 30 Konstitutionsutskottets
840 136 161 29 memorial
1022 136 48 29 Nr
1090 137 45 27 12.
1178 134 153 35 (Bilaga.)
1579 132 37 31 61

157 228 123 31 Aktier
298 231 138 34 utgöras
455 238 42 20 av
517 227 40 31 50
577 229 42 30 st.
638 225 11 32 i
669 224 205 39 Sydbanken
894 224 19 31 å
933 225 56 31 30:
1002 243 45 4 —
1065 222 52 32 kr.

153 269 209 39 Varulagrzret
380 269 111 32 består
509 268 107 38 enligt
635 267 175 32 företedda
828 265 327 38 inventeringslistor
1177 276 42 20 av

156 311 151 39 Färdiga
325 323 99 20 varor
445 310 53 33 för
517 311 52 32 kr.
593 307 186 41 98,551:25
801 309 124 31 invent.
947 308 54 31 till
1022 307 154 33 material
1198 304 36 35 +
1258 305 168 33 arbetslön
1446 307 83 30 utan
1552 303 67 32 alla

111 355 137 39 pålägg.

157 397 109 33 Varor
285 397 11 32 i
317 396 113 33 arbete
451 396 53 32 för
523 395 50 33 kr.
595 395 133 38 26,707:
743 395 40 31 45
805 393 124 32 invent.
950 392 54 32 till
1025 391 154 33 material
1201 387 36 37 +
1260 389 168 34 arbetslön
1447 392 83 29 utan
1552 387 68 33 alla

112 440 137 39 pålägg.

157 481 210 33 Råmaterial
385 481 53 32 för
454 480 51 34 kr.
523 481 134 37 34,916:
673 481 40 31 10
731 479 126 32 invent.
874 477 54 33 till
945 476 204 39 inköpspris.

156 524 164 32 Butikens
340 524 94 38 lager
454 523 53 32 för
525 522 51 32 kr.
596 523 111 37 7,180:
723 522 40 31 16
782 521 124 31 invent.
926 520 54 32 till
999 517 36 41 "/;
1057 531 42 20 av
1122 518 204 33 saluvärdet.

158 566 138 33 Summa
316 565 331 38 inventeringsvärde
669 564 211 37 167,354:96
902 562 138 34 bokfört
1059 561 57 33 vid
1135 561 171 32 bokslutet
1328 560 13 32 i
1360 560 50 32 kr.
1431 559 191 38 45,160:—

157 609 211 32 Inventarier
386 608 60 32 och
464 607 169 33 maskiner
651 607 112 32 består
782 605 106 39 enligt
908 604 175 33 företedda
1101 602 327 40 inventeringslistor
1448 614 41 20 av

157 652 174 34 Maskiner
356 651 54 32 för
433 650 51 32 kr.
510 650 177 39 7,528:33,
712 648 159 38 Verktyg
897 648 53 32 för
975 647 50 32 kr.
1055 647 177 38 2,207:71,
1258 645 208 33 Instrument
1492 644 53 32 för
1570 643 51 32 kr.

114 695 111 37 9,788:
240 695 52 37 84,
335 690 127 41 Övriga
500 692 204 32 inventarier
745 691 54 32 för
840 691 51 31 kr.
935 690 199 38 13,105:85.
1189 686 339 39 Inventeringsvärde
1571 686 51 31 kr.

115 738 133 37 32,630:
264 738 51 37 73,
332 736 95 32 vilka
442 736 12 31 i
471 734 171 34 bokslutet
657 733 179 39 upptagits
854 733 54 32 till
924 733 51 33 kr.
994 732 200 37 26,895:—.

160 779 171 33 Maskiner
356 779 60 32 och
438 777 203 33 inventarier
663 788 79 20 voro
766 777 37 31 så
827 779 73 34 gott
924 787 69 20 som
1017 786 67 26 nya
1108 773 61 33 och
1193 773 103 32 redan
1319 771 302 38 inventeringsvär-

115 822 56 32 det
191 822 94 32 torde
304 833 85 20 vara
408 821 73 38 lågt
501 820 61 32 och
583 819 83 33 fullt
686 818 244 38 betryggande.
974 817 181 32 Dessutom
1176 815 63 32 har
1263 815 87 32 efter
1373 814 171 33 bokslutet
1566 825 56 20 an-

114 864 153 33 skaffats
284 863 169 33 maskiner
470 863 60 32 och
546 863 202 31 instrument
765 861 53 32 för
837 861 74 37 lågt
928 860 122 32 räknat
1066 859 51 32 kr.
1136 859 111 37 6,000:
1260 877 54 13 —.

114 949 21 32 b
160 906 156 33 Banklån
337 906 51 34 kr.
410 905 190 39 25,000:—
620 905 12 31 i
653 902 311 40 Upplandsbanken
989 905 68 29 mot
1079 901 108 32 första
1212 899 327 39 förlagsinteckning
1564 898 60 32 och

138 961 112 26 orgen.

161 991 113 33 Under
293 992 38 31 år
351 991 84 32 1933
453 989 210 33 utbetalades
682 989 12 31 i
713 988 174 38 avlöning:
909 987 54 32 till
982 987 203 38 tjänstemän
1204 986 51 31 kr.
1276 985 199 38 84,156:58,
1496 983 54 33 till
1573 995 50 20 ar-

116 1034 111 32 betare
250 1034 50 31 kr.
323 1033 199 38 99,039:62.

160 1075 247 38 Inneliggande
430 1075 95 32 order
545 1074 58 32 vid
623 1073 136 33 besöket
779 1072 152 39 uppgick
951 1071 54 33 till
1028 1083 55 20 c:a
1103 1071 51 31 kr.
1178 1071 191 37 70,000:—
1390 1081 73 20 men
1485 1068 140 32 resande

118 1118 107 33 skulle
243 1118 96 37 börja
358 1118 60 32 sitt
437 1117 110 32 arbete
567 1116 88 32 först
672 1116 12 31 i
701 1116 64 37 juli
784 1115 133 32 månad.

161 1159 487 39 Avsättningsmöjligheterna
673 1157 136 39 mycket
834 1157 88 38 goda
945 1156 60 32 och
1031 1155 131 38 förelåg
1186 1154 191 39 egentligen
1404 1153 119 33 endast
1546 1153 78 32 kon-

118 1203 140 32 kurrens
281 1202 90 32 inom
394 1202 114 32 landet
531 1202 74 31 med
631 1200 183 33 utländska
839 1199 161 32 fabriker.
1050 1198 67 32 För
1141 1197 138 38 samtlig
1304 1196 153 33 inhemsk
1480 1195 144 39 produk-

117 1245 69 32 tion
210 1245 101 32 fanns
336 1244 168 38 nämligen
528 1243 66 32 full
619 1243 206 37 avsättning.
874 1241 94 32 Goda
992 1240 145 33 utsikter
1162 1239 197 33 förefunnos
1385 1243 82 28 även
1494 1238 53 32 för
1572 1249 52 20 ex-

118 1292 76 34 port
211 1299 43 20 av
272 1287 277 38 radioapparater
568 1285 140 33 särskilt
728 1285 54 32 till
803 1283 147 39 Spanien
969 1284 61 32 och
1049 1282 169 39 England.
1262 1281 56 32 Av
1340 1281 286 38 cykelmotorerna

118 1329 236 39 exporterades
375 1334 83 27 även
478 1329 30 38 ej
530 1328 190 38 obetydligt
739 1327 56 32 till
815 1326 186 38 Danmark,
1023 1325 146 33 Finland
1191 1325 61 32 och
1274 1324 155 32 Estland.

163 1372 159 38 Bolagets
349 1371 155 33 framtid:
532 1370 77 33 Som
634 1374 47 28 ett
706 1369 142 33 allmänt
873 1369 147 32 omdöme
1047 1380 52 20 om
1125 1367 135 38 bolaget
1287 1366 117 39 gäller,
1431 1369 51 29 att
1508 1365 55 32 det
1589 1370 37 27 är

121 1414 215 39 synnerligen
358 1415 56 31 väl
437 1414 91 32 skött
549 1413 61 32 och
633 1412 206 38 ställningen
861 1412 44 38 på
930 1410 109 39 grund
1064 1422 42 20 av
1130 1410 38 32 de
1192 1412 126 36 ytterst
1344 1408 177 38 försiktigt
1543 1419 83 27 upp-

119 1461 103 34 tagna
246 1457 231 37 tillgångarna
498 1455 171 38 betydligt
689 1454 110 32 bättre
823 1459 42 26 än
888 1465 70 20 som
981 1453 153 37 framgår
1157 1464 42 20 av
1221 1451 317 37 balansräkningen.

164 1496 135 41 Ökning
318 1511 43 20 av
380 1497 259 39 aktiekapitalet
657 1496 77 32 från
752 1496 51 32 kr.
823 1497 118 36 50,000
960 1495 54 32 till
1032 1495 50 31 kr.
1103 1494 139 38 150,000
1262 1506 61 20 var
1344 1493 58 32 vid
1420 1493 135 32 besöket
1573 1492 53 32 be-

120 1542 113 33 slutad
256 1542 61 32 och
340 1541 159 37 teckning
522 1539 131 37 förelåg
677 1538 103 32 redan
804 1539 19 31 å
847 1538 50 33 kr.
925 1538 129 37 37,000.
1101 1537 57 31 Av
1183 1536 41 32 de
1247 1548 68 25 nya
1340 1535 153 32 aktierna
1519 1534 107 33 skulle

121 1585 117 37 50,000
261 1596 83 19 vara
367 1585 85 30 stam
474 1582 60 32 och
560 1581 117 38 50,000
700 1580 172 38 preferens
896 1580 74 31 med
997 1580 18 31 8
1039 1581 21 31 Zz
1082 1578 231 33 ackumulativ
1336 1578 186 37 utdelning.
1568 1576 58 32 Vi-

120 1626 76 33 dare
220 1627 62 31 har
303 1626 135 38 bolaget
461 1637 42 21 av
526 1624 210 34 Stockholms
761 1623 258 39 Hamnstyrelse
1043 1622 134 38 förhyrt
1201 1621 91 33 Ford
1316 1621 107 32 Motor
1448 1620 72 33 C:is
1544 1620 25 32 f.
1595 1620 30 32 d.

121 1670 127 32 lokaler
272 1670 11 31 i
310 1669 230 38 Stadsgården
565 1669 54 31 för
643 1680 39 20 en
707 1668 88 38 årlig
819 1668 87 37 hyra
932 1679 41 19 av
997 1666 51 32 kr.
1076 1666 105 37 6,000,
1207 1664 95 32 vilka
1326 1664 136 38 bolaget
1490 1675 44 20 nu
1559 1663 69 31 höll

119 1712 42 38 på
184 1716 51 29 att
258 1712 117 31 inreda
398 1711 54 32 för
476 1714 51 29 att
550 1711 105 31 under
678 1709 347 33 sommarmånaderna
1048 1707 186 38 överflytta
1256 1707 76 32 hela
1358 1706 50 32 sin
1433 1718 44 20 nu
1499 1706 12 31 i
1533 1705 92 33 ”Cen-

119 1754 97 32 trum'
242 1754 57 32 vid
327 1755 227 37 Kungsgatan
580 1753 161 32 bedrivna
766 1752 132 32 rörelse.
946 1751 51 32 De
1023 1750 193 32 nuvarande
1242 1753 124 34 ytterst
1391 1749 122 37 trånga
1535 1747 90 33 loka-

119 1797 92 33 lerna
232 1797 13 32 i
268 1797 180 32 ”Centrum”
472 1797 107 37 draga
598 1808 40 20 en
660 1796 144 37 årshyra
825 1807 41 20 av
888 1794 50 32 kr.
961 1795 128 36 10,000.

167 1840 66 33 Det
248 1840 122 39 belopp
389 1852 68 20 som
475 1851 96 21 avses
589 1839 74 32 med
682 1839 107 31 denna
806 1837 226 32 låneansökan
1051 1841 37 27 är
1106 1836 50 34 kr,
1178 1836 155 35 175,000:
1346 1855 54 11 —

166 1883 143 37 Bolaget
332 1882 61 32 har
416 1882 101 32 redan
540 1885 49 29 ett
610 1881 56 32 lån
689 1882 19 30 å
730 1880 52 34 kr.
807 1881 191 36 25,000:-—
1022 1879 11 31 i
1057 1877 312 39 Upplandsbanken
1394 1880 66 28 mot
1485 1875 143 38 förligs-

123 1925 196 38 inteckning
339 1924 166 32 förstärkt
525 1923 74 32 med
619 1923 134 37 borgen.

167 1966 310 39 Upplandsbanken
494 1965 154 38 erbjuder
668 1964 51 38 sig
737 1968 51 29 att
805 1966 159 35 övertaga
983 1963 40 31 de
1039 1962 87 32 båda
1146 1962 118 37 övriga
1281 1961 188 32 bankernas
1488 1971 141 27 engage-

123 2014 90 28 ment
233 2012 89 29 samt
342 2008 121 38 släppa
483 2012 138 33 spärren
643 2008 19 31 å
682 2005 332 39 kapitalräkningen,
1038 2008 68 28 mot
1127 2008 50 28 att
1200 2003 132 33 banken
1354 2003 93 38 finge
1469 2015 40 19 en
1532 2003 97 31 2:dra

124 2050 327 39 förlagsinteckning
468 2050 19 31 å
507 2050 49 32 kr.
576 2050 132 37 50,000:
721 2068 54 12 —.

169 2093 207 38 Härigenom
397 2092 108 33 skulle
522 2092 134 38 bolaget
676 2091 36 32 få
730 2091 54 31 till
803 2090 51 32 sin
876 2089 198 39 disposition
1093 2101 55 20 e:a
1166 2089 191 37 44,000:—
1374 2087 132 33 kronor.

169 2136 78 32 Kan
273 2135 117 32 därtill
416 2135 61 32 den
501 2134 174 32 beslutade
701 2133 248 37 nyteckningen
976 2131 212 38 genomföras
1217 2130 109 32 skulle
1355 2130 197 38 ytterligare
1579 2129 51 32 kr.

126 2178 138 37 100,000
284 2177 110 32 friska
412 2188 127 27 pengar
556 2176 148 32 tillföras
722 2175 134 37 bolaget
875 2174 80 32 eller
972 2174 224 32 tillsammans
1216 2173 50 31 kr.
1291 2173 149 37 144,000.

169 2220 53 32 Då
249 2232 43 20 av
319 2220 55 31 det
399 2231 84 20 ovan
510 2218 107 38 sagda
645 2217 93 33 torde
766 2217 145 37 framgå,
940 2219 51 29 att
1016 2215 135 38 bolaget
1178 2215 74 32 icke
1280 2214 153 32 befinner
1462 2214 53 37 sig
1544 2213 12 32 1
1584 2216 49 30 ett

126 2262 120 32 sådant
264 2262 86 37 läge,
371 2264 50 29 att
440 2261 72 31 dess
533 2260 161 32 fortsatta
711 2259 215 32 verksamhet
946 2261 190 34 äventyras,
1157 2269 51 19 om
1232 2261 109 27 staten
1362 2256 29 37 ej
1410 2256 114 32 träder
1544 2255 86 33 stöd-

125 2304 99 36 jande
242 2303 152 37 emellan,
415 2314 98 26 synes
535 2302 70 37 mig
625 2302 168 36 företaget
812 2300 74 32 icke
907 2299 163 38 uppfylla
1091 2299 157 37 gällande
1272 2298 285 37 förutsättningar
1579 2297 53 32 för

126 2345 193 32 erhållande
347 2356 42 20 av
415 2344 55 31 lån
497 2356 40 20 ur
567 2343 153 37 anslaget
747 2343 54 31 till
830 2341 189 38 främjande
1049 2353 41 20 av
1119 2340 131 32 enskild
1280 2340 263 37 företagsamhet
1572 2339 60 32 och

127 2387 141 32 föreslår
287 2386 117 33 därför
425 2386 150 37 avslag.»

170 2444 361 38 Kommerskollegium
553 2443 176 38 avstyrkte
751 2441 296 38 framställningen
1070 2440 105 33 under
1197 2440 199 32 anförande:
