1910 2838
259 133 19 29 6
649 135 416 31 Konstitutionsutskottets
1085 137 162 31 memorial
1266 138 48 29 Nr
1333 141 46 27 12.

307 218 259 33 Vederbörande
593 219 120 33 ombud
741 220 63 32 har
831 220 176 34 förordnat
1033 234 53 20 om
1113 223 205 39 indragning
1345 225 135 38 jämlikt
1508 225 18 40 8
1555 228 21 30 4
1604 238 97 21 mom.
1731 228 40 31 12

262 268 466 41 tryckfrihetsförordningen
755 271 217 34 beträffande
1002 272 92 33 detta
1122 285 150 22 nummer
1300 286 43 21 av
1371 275 311 41 »Stormklockan»,
1712 278 61 32 och

260 319 90 33 efter
374 320 165 39 prövning
563 321 62 32 har
649 321 423 38 tryckfrihetskommittén
1098 324 115 32 funnit
1238 324 242 35 förordnandet
1506 327 94 32 skola
1626 332 66 34 äga
1717 328 54 32 be-

262 370 110 32 stånd.

304 420 172 33 Missbruk
495 433 43 20 av
556 421 249 38 tryckfriheten
825 422 183 40 föreligger
1030 424 107 39 enligt
1156 426 19 39 8
1196 428 18 31 3
1235 438 98 21 mom.
1355 429 38 31 12
1416 427 355 38 tryckfrihetsförord-

261 470 125 39 ningen
405 471 58 32 vid
484 471 232 34 meddelandet
737 485 43 20 av
801 473 198 39 lögnaktiga
1020 475 178 38 uppgifter
1219 476 61 32 och
1301 477 153 39 vrängda
1476 478 295 40 framställningar

261 520 55 33 till
335 521 242 34 allmänhetens
598 522 203 33 förvillande
823 524 60 32 och
902 524 207 34 förledande.

307 571 54 32 Då
388 572 12 31 i
428 572 222 33 förevarande
680 573 106 33 skrift
811 593 46 4 —
883 575 75 32 med
985 576 191 38 uppenbart
1204 577 94 38 syfte
1327 581 51 29 att
1406 579 179 38 uppväcka
1613 580 61 33 hat
1702 583 70 29 mot

262 621 127 33 befälet
402 641 44 4 —
460 622 207 34 officerarna
681 624 58 32 vid
754 624 233 39 krigsmakten
1001 626 173 39 beskyllas
1191 627 54 32 för
1260 628 227 33 »nonchalans
1503 630 60 32 och
1579 630 191 39 godtycke»

261 676 70 29 mot
351 673 199 39 manskapet
571 677 87 29 samt
681 674 54 32 för
757 678 52 29 att
829 676 29 38 ej
880 675 64 39 bry
966 676 53 39 sig
1041 681 69 29 »ett
1132 677 80 39 dyft
1233 690 51 20 om
1309 678 168 34 huruvida
1498 680 200 39 manskapet
1718 685 52 29 ut-

260 722 111 39 spisas
390 723 73 32 med
481 724 168 39 ordentlig
666 728 80 36 mat,
767 725 157 33 svinföda
942 726 81 32 eller
1041 739 52 20 om
1113 728 38 32 de
1170 729 194 32 överhuvud
1383 733 95 35 taget
1497 730 54 32 får
1570 731 110 38 någon
1699 735 72 29 mat

258 771 98 39 alls»,
380 773 185 33 innefattas
587 775 74 31 häri
684 775 221 39 förbrytelser
926 777 137 38 jämlikt
1094 777 9 40 $
1129 780 19 31 3
1171 791 96 20 mom.
1292 780 40 31 12
1355 780 414 39 tryckfrihetsförordnin-

260 835 76 27 gen.

303 906 51 34 Nr
374 908 74 40 463,
470 908 65 33 483
556 910 60 31 och
636 910 64 31 514
725 912 12 30 i
759 910 412 39 justitiedepartementets
1191 913 156 33 diarium.
1384 914 144 33 Chefens
1551 915 54 33 för
1625 916 145 38 justitie-

258 957 263 39 departementet
548 959 121 33 ombud
693 960 12 32 i
732 960 222 40 Karlskrona,
982 958 185 37 Östersund
1193 964 60 32 och
1281 963 132 34 Skövde
1439 965 87 33 hava
1551 966 13 31 i
1590 966 180 33 skrivelser

258 1008 189 38 respektive
473 1009 63 32 den
559 1011 29 37 5,
614 1011 38 30 12
678 1011 60 31 och
762 1012 41 31 28
827 1012 175 32 november
1025 1014 86 31 1934
1133 1014 137 38 anmält,
1296 1017 51 30 att
1371 1015 39 32 de
1433 1016 45 38 på
1500 1016 201 33 hemställan
1727 1029 43 20 av

257 1058 188 39 respektive
466 1060 248 33 befälhavande
737 1061 162 33 amiralen
923 1062 18 32 i
958 1062 221 41 Karlskrona,
1203 1064 119 33 chefen
1345 1065 55 32 för
1421 1065 129 39 Kungl.
1573 1066 195 34 Jämtlands

258 1109 373 39 fältjägareregemente
652 1111 59 32 och
736 1112 118 32 chefen
879 1112 54 32 för
955 1113 128 39 Kungl.
1107 1113 211 40 Skaraborgs
1341 1120 186 34 regemente
1547 1117 137 38 jämlikt
1707 1117 19 40 8
1748 1119 21 31 4

258 1160 78 32 12:0
352 1160 467 41 tryckfrihetsförordningen
836 1163 175 33 förordnat
1027 1176 52 20 om
1095 1164 205 40 indragning
1317 1177 41 21 av
1375 1178 39 20 en
1430 1167 38 32 så
1484 1166 145 39 lydande
1647 1168 121 33 skrift:

301 1235 117 33 »Blint
438 1236 148 38 verktyg
606 1256 45 3 —
673 1237 81 32 eller
776 1237 109 33 vaken
907 1238 236 39 klasskämpe?

300 1277 56 33 Du
372 1283 79 28 övas
468 1279 13 32 i
497 1279 265 33 militärmakten
780 1280 54 32 för
851 1284 51 29 att
919 1281 62 32 den
999 1282 143 32 svenska
1159 1282 259 38 borgarklassen
1437 1283 61 32 vill
1519 1284 37 33 få
1575 1285 191 33 soldaterna

257 1320 121 39 lydiga
398 1322 60 31 och
480 1322 101 32 säkra
601 1322 13 32 i
634 1322 157 38 tjänsten,
814 1323 42 32 då
878 1323 61 32 den
962 1324 142 33 behöver
1126 1325 74 32 dem
1221 1326 54 31 till
1297 1326 74 32 sina
1392 1327 177 39 rövarkrig
1591 1328 61 32 och
1673 1329 94 32 mord

256 1364 46 38 på
322 1364 162 32 arbetare.
527 1364 133 33 Endast
680 1366 13 31 i
713 1365 278 39 kapitalisternas
1013 1367 140 33 intresse
1174 1380 189 21 excerseras
1386 1369 54 33 du.

302 1405 127 33 Därför
449 1407 40 32 de
509 1407 158 39 ständiga
687 1408 113 32 åtalen
820 1413 68 28 mot
907 1409 317 41 arbetartidningar,
1247 1411 43 32 då
1311 1411 98 33 dessa
1431 1412 87 33 talat
1538 1413 53 32 för
1611 1414 156 33 manska-

255 1452 76 35 pets
352 1449 174 33 intressen.
568 1449 128 33 Därför
716 1451 204 38 åtgärderna
942 1452 78 32 från
1042 1453 213 38 regeringens
1278 1454 74 32 sida
1374 1455 54 32 för
1449 1459 52 28 att
1520 1456 121 33 hindra
1664 1457 102 32 Kom-

255 1491 204 33 munistiska
490 1492 132 33 Partiet
656 1493 60 32 och
750 1494 358 38 Ungdomsförbundet
1142 1500 52 28 att
1229 1497 76 32 föra
1340 1509 39 20 en
1416 1498 349 40 upplysningspropa-

255 1534 114 38 ganda
398 1534 102 33 bland
528 1535 209 40 manskapet.
792 1536 128 33 Därför
948 1538 62 32 den
1039 1538 106 33 ökade
1173 1540 355 38 nationalpatriotiska
1557 1543 209 38 agitationen

254 1576 56 33 för
337 1577 133 33 försvar
496 1590 43 20 av
566 1578 251 41 ”folkhemmet',
845 1580 222 33 fosterlandet
1095 1581 147 39 Sverige.

300 1620 252 33 Fosterlandets
573 1621 162 33 härskare
757 1623 63 31 har
841 1626 72 35 gett
934 1635 35 21 er
994 1623 193 39 fattigdom.
1233 1625 102 33 Lant-
1359 1627 60 31 och
1443 1627 321 40 skogsarbetarung-

256 1662 118 32 domen
401 1663 61 32 har
490 1663 41 32 de
558 1664 91 32 dömt
676 1665 55 32 till
759 1665 166 39 ohygglig
954 1667 196 38 utsugning.
1204 1667 344 39 Småjordbrukarnas
1579 1675 95 28 söner
1702 1671 63 32 har

256 1704 41 33 de
316 1708 73 35 gett
407 1706 58 32 slit
484 1706 60 32 och
564 1706 73 39 släp
657 1708 44 37 på
720 1719 40 20 en
780 1708 94 39 gård,
896 1709 60 31 där
975 1709 132 32 banken
1127 1714 79 34 äger
1227 1711 63 31 allt
1311 1711 60 32 och
1392 1712 34 31 ni
1447 1712 108 38 själva
1575 1712 95 33 intet.
1714 1713 52 33 De

256 1747 186 34 arbetslösa
462 1749 62 31 har
545 1749 39 32 de
604 1749 81 33 bara
707 1750 125 32 skänkt
852 1763 39 20 en
913 1751 135 33 tröstlös
1069 1752 135 33 tillvaro
1225 1753 75 32 med
1321 1754 133 32 ändlöst
1475 1755 117 38 spring
1613 1756 44 38 på
1680 1755 85 34 AK-

254 1790 123 38 byråer
398 1791 53 32 för
473 1795 52 28 att
547 1791 37 32 få
605 1795 49 29 ett
673 1792 134 39 knappt
827 1793 191 34 understöd.

300 1834 234 32 Fosterlandet
559 1838 38 29 är
621 1835 277 38 kapitalisternas
922 1837 176 38 egendom!

302 1874 77 33 Slut
404 1876 58 38 dig
488 1876 94 38 enigt
609 1888 149 21 samman
787 1878 74 32 med
889 1878 78 32 dina
993 1879 180 39 kamrater,
1201 1880 54 31 för
1282 1883 52 29 att
1360 1880 179 39 tillkämpa
1565 1882 111 32 bättre
1703 1882 61 32 och

254 1929 71 20 mer
351 1918 319 39 människovärdiga
698 1920 250 32 förhållanden!
1000 1921 96 32 Kräv
1123 1922 140 38 höjning
1292 1934 43 20 av
1364 1923 268 39 dagavlöningen
1660 1924 54 32 till
1744 1925 17 31 1

254 1960 120 32 krona!
417 1961 129 32 Fordra
566 1962 84 31 sund
668 1962 61 32 och
747 1963 148 32 närande
914 1967 69 28 mat
1001 1964 154 32 överallt!
1199 1965 136 38 Kämpa
1355 1965 54 32 för
1428 1966 40 31 de
1487 1966 276 33 stamanställdas

254 2002 165 33 intressen
448 2003 60 32 och
537 2003 54 32 för
619 2004 98 32 enhet
747 2005 123 32 mellan
897 2005 228 39 värnpliktigt
1153 2007 61 31 och
1243 2008 230 31 stamanställt
1501 2008 163 39 manskap
1695 2012 69 29 mot

254 2044 328 40 officersgodtycket
608 2047 60 31 och
695 2046 365 40 kadaverdisciplinen!

298 2087 68 32 För
385 2088 233 33 aktionsenhet
637 2089 123 32 mellan
780 2090 161 39 arbetare,
963 2090 146 33 soldater
1129 2091 60 32 och
1211 2091 176 33 flottister!

298 2130 76 32 Ned
397 2131 73 32 med
495 2131 278 38 kapitalisternas
798 2132 177 39 rövarkrig
999 2134 61 31 och
1083 2134 202 40 militarism,
1312 2134 53 32 för
1390 2134 133 33 försvar
1548 2148 42 20 av
1614 2135 148 33 arbetar-

252 2172 153 34 klassens
426 2174 85 32 enda
534 2174 196 39 fosterland,
754 2174 272 39 Sovjetunionen!

297 2215 68 32 För
391 2220 48 29 ett
463 2216 221 34 socialistiskt
710 2217 154 39 Sverige!

251 2284 159 39 Sveriges
431 2285 294 34 Kommunistiska
748 2287 106 33 Parti.
909 2287 158 39 Sveriges
1089 2288 295 33 Kommunistiska
1407 2289 353 39 Ungdomsförbund.»

298 2394 436 39 Tryckfrihetskommittén
757 2396 62 33 har
843 2397 113 32 funnit
979 2397 40 32 de
1042 2398 193 32 meddelade
1259 2398 269 33 förordnandena
1551 2411 51 20 om
1626 2399 136 39 indrag-

253 2444 83 39 ning
360 2444 80 33 böra
466 2450 66 34 äga
557 2446 151 34 bestånd.
