2216 2630
458 160 118 32 Andra
602 161 203 32 kammarens
829 164 116 40 tredje
970 163 168 42 tillfälliga
1162 166 134 31 utskotts
1318 166 166 32 utlåtande
1507 167 53 31 Nr
1578 170 29 29 1.
1827 171 20 30 3

231 250 206 39 emellertid
479 252 113 34 andra
635 252 232 37 kammarens
909 254 143 36 utskott
1080 255 187 49 därjämte,
1298 257 111 35 bland
1437 261 122 41 annat,
1591 262 54 32 att
1673 262 54 33 ett
1755 263 91 33 stort

232 304 101 36 antal
376 317 44 23 av
462 305 44 35 de
548 305 376 48 befattningshavare,
966 321 122 23 varom
1117 309 13 35 i
1160 310 185 36 motionen
1375 323 84 23 vore
1488 311 114 47 fråga,
1633 318 100 30 ännu
1761 313 83 36 icke

234 358 122 35 kunde
400 371 104 23 anses
546 359 13 35 i
603 359 231 37 ekonomiskt
875 362 209 36 hänseende
1122 363 126 47 intaga
1276 365 72 34 den
1377 365 188 47 ställning,
1595 378 75 23 som
1701 368 143 35 omfatt-

233 412 136 46 ningen
398 413 65 35 och
492 412 129 36 vikten
650 426 44 23 av
723 415 60 35 det
812 415 135 44 arbete,
980 416 116 36 vilket
1124 430 44 22 av
1197 419 79 34 dem
1308 419 56 35 för
1383 420 60 34 det
1463 419 201 36 allmännas
1685 421 159 47 räkning

231 466 175 44 utfördes,
439 466 168 47 skäligen
636 467 113 35 borde
778 467 159 48 betinga.

339 520 18 34 I
387 519 163 47 enlighet
581 521 81 35 med
691 522 208 36 utskottens
928 523 216 36 hemställan
1174 525 146 47 avslogo
1349 525 217 47 riksdagens
1596 527 116 47 bägge
1741 528 101 35 kam-

231 585 58 22 rar
318 573 44 35 de
392 573 278 47 ifrågavarande
700 575 236 36 motionerna.

340 627 138 35 Genom
520 628 137 46 Kungl.
687 628 126 48 Maj:ts
843 630 120 35 beslut
991 631 70 34 den
1093 633 47 33 24
1171 632 146 46 augusti
1349 635 100 32 1920
1479 633 173 36 tillsattes
1681 635 162 37 därefter

231 692 44 22 en
305 680 189 36 kommitté
526 703 46 3 —
604 684 102 33 1920
737 684 60 34 års
818 685 258 43 postkommitté
1106 706 47 4 —
1185 686 81 35 med
1294 687 178 46 uppdrag,
1504 687 110 36 bland
1643 692 122 39 annat,
1788 694 54 31 att

229 733 197 37 verkställa
453 735 199 47 utredning
680 737 67 34 och
777 737 130 46 avgiva
935 738 136 47 förslag
1099 739 234 36 beträffande
1362 740 478 46 poststationsföreståndar-

230 799 66 23 nas
339 788 253 47 anställnings-
634 790 68 34 och
744 790 456 47 avlöningsförhållanden.
1258 793 168 36 Nämnda
1454 794 191 36 kommitté
1675 797 67 34 har
1770 798 71 34 den

234 844 45 31 10
309 841 153 38 oktober
494 845 98 32 1921
626 843 140 47 avgivit
792 844 190 36 utlåtande
1011 846 13 34 i
1053 846 153 36 berörda
1234 847 236 36 hänseenden
1495 848 232 37 beträffande
1746 851 91 35 lant-

229 895 536 45 poststationsföreståndarnas
808 897 185 48 ställning.
1051 900 19 34 I
1098 900 99 35 detta
1225 901 189 36 utlåtande
1442 902 67 34 har
1537 902 219 37 kommittén
1785 908 54 31 ut-

227 949 89 37 talat
346 949 57 47 sig
431 949 55 36 för
515 950 263 47 lämpligheten
807 964 45 23 av
881 956 54 31 att
962 952 13 34 i
1005 953 44 35 de
1078 954 75 42 fall,
1185 955 45 34 då
1258 955 211 35 nuvarande
1498 956 341 46 lantpoststationer

226 1003 173 35 omdanas
428 1002 56 36 till
513 1004 337 46 postexpeditioner
881 1027 46 3 —
962 1007 216 35 kommittén
1207 1007 122 36 finner
1358 1011 45 43 på
1431 1010 121 45 grund
1572 1022 44 23 av
1636 1011 201 36 verkställd

227 1055 345 49 förundersökning,
619 1062 53 31 att
708 1059 101 35 detta
836 1060 119 35 under
984 1060 71 35 den
1083 1065 182 32 närmaste
1295 1061 103 36 tiden
1426 1062 74 35 kan
1528 1064 134 35 tänkas
1691 1065 146 36 komma

226 1114 53 30 att
321 1115 66 42 äga
431 1123 78 22 rum
539 1111 13 34 i
581 1112 107 47 högst
717 1114 52 33 ett
798 1113 196 35 hundratal
1023 1114 64 35 fall
1116 1137 48 3 —
1195 1115 58 35 till
1281 1116 45 35 de
1354 1128 72 35 nya
1455 1116 184 37 ordinarie
1669 1119 168 36 stations-

228 1164 359 48 mästaretjänsterna
625 1166 119 35 skulle
773 1166 93 36 efter
894 1167 74 35 viss
996 1168 212 47 utbildning
1236 1169 126 36 kunna
1391 1170 186 36 befordras
1607 1172 59 35 väl
1695 1173 141 36 merite-

226 1218 85 33 rade
342 1218 497 45 poststationsföreståndare.

333 1271 224 35 Kommittén
599 1271 155 48 föreslog
789 1273 125 35 vidare
944 1286 45 22 en
1017 1274 178 47 utvidgad
1224 1277 235 46 användning
1488 1290 44 22 av
1562 1278 70 35 den
1662 1281 39 32 år
1734 1282 98 32 1919

225 1323 144 42 införda
412 1337 72 34 nya
525 1325 147 36 klassen
715 1338 44 23 av
792 1327 270 45 postanstalter,
1094 1329 34 34 d.
1159 1341 33 23 v.
1224 1341 27 23 s.
1283 1329 346 47 postexpeditioner,
1661 1344 44 24 av
1735 1333 99 35 vilka

225 1376 131 36 dittills
399 1379 129 34 endast
569 1382 207 43 upprättats
806 1383 52 32 ett
887 1380 88 35 fåtal
1005 1393 26 23 s.
1063 1382 36 34 k.
1131 1383 336 46 postexpeditioner
1495 1396 45 23 av
1569 1385 100 35 klass
1702 1389 17 32 1
1752 1388 81 34 med

225 1430 135 47 manlig
389 1431 309 37 stationsmästare
727 1445 76 23 som
834 1433 260 37 föreståndare.
1153 1436 126 47 Enligt
1308 1437 173 47 förslaget
1509 1438 118 36 skulle
1646 1452 49 22 nu
1716 1443 115 33 såsom

223 1483 182 37 ordinarie
434 1485 154 47 tjänster
617 1489 19 32 å
666 1487 230 46 postverkets
925 1491 73 32 stat
1026 1494 90 31 även
1136 1490 174 46 uppföras
1336 1491 179 44 kvinnliga
1532 1494 301 36 stationsmästare

223 1540 114 33 såsom
383 1539 246 35 föreståndare
672 1540 57 35 för
770 1543 271 45 nyupprättade
1076 1543 140 35 mindre
1246 1545 335 46 postexpeditioner
1612 1568 47 3 —
1690 1551 143 42 postex-

223 1591 204 45 peditioner
457 1605 43 22 av
529 1592 99 36 klass
661 1597 20 31 2
713 1595 66 34 och
808 1594 98 35 klass
938 1598 33 32 3.

330 1639 111 41 Detta
483 1646 136 46 förslag
661 1652 156 42 upptogs
861 1661 44 22 av
943 1649 135 46 Kungl.
1109 1650 107 47 Maj:t
1245 1652 66 34 och
1341 1651 193 36 framlades
1563 1652 14 35 i
1606 1654 225 45 proposition

222 1698 56 44 (nr
311 1698 86 45 195)
427 1698 54 36 till
507 1702 99 32 1922
628 1703 58 32 års
705 1700 161 47 riksdag.
912 1702 278 46 Propositionen
1211 1716 96 23 vann
1326 1705 217 46 riksdagens
1565 1706 113 45 bifall,
1701 1708 66 34 och
1787 1709 44 34 de

221 1763 71 34 nya
321 1752 179 35 ordinarie
530 1753 310 47 befattningarna,
873 1754 99 35 vilka
1000 1756 200 35 emellertid
1230 1757 142 35 komma
1401 1763 53 30 att
1482 1763 190 42 upprättas
1702 1762 128 34 endast

220 1802 12 35 i
275 1805 202 45 begränsad
520 1806 235 48 omfattning,
791 1812 59 30 äro
879 1809 182 45 uppförda
1090 1812 20 32 å
1139 1811 229 44 postverkets
1398 1815 71 32 stat
1498 1813 82 34 från
1609 1814 70 34 den
1713 1817 17 32 1
1759 1814 70 48 juli

224 1859 110 33 1922.
393 1858 222 47 Härigenom
647 1861 66 35 har
741 1861 153 35 sålunda
923 1874 150 23 numera
1102 1863 191 48 möjlighet
1321 1864 56 36 till
1402 1865 181 36 ordinarie
1606 1868 224 47 anställning

221 1911 134 35 beretts
399 1918 91 29 även
534 1913 55 35 för
633 1914 96 36 vissa
763 1914 191 48 kvinnliga
984 1917 487 45 poststationsföreståndare
1501 1921 80 33 med
1612 1920 67 35 full
1708 1922 121 46 daglig

218 1964 259 48 tjänstgöring.

330 2019 9 32 I
373 2019 198 47 anledning
601 2032 43 22 av
675 2022 69 33 den
773 2023 158 33 nämnda
961 2023 274 45 propositionen
1264 2024 61 35 vid
1360 2027 97 32 1922
1480 2028 58 32 års
1558 2026 148 47 riksdag
1723 2028 104 35 väck-

219 2073 53 32 tes
302 2083 42 22 av
375 2072 84 35 herr
487 2073 156 34 Paulsen
672 2074 12 33 i
714 2075 113 34 andra
859 2075 210 35 kammaren
1098 2088 45 22 en
1173 2077 148 43 motion,
1352 2091 43 21 nr
1426 2081 87 41 265,
1544 2080 139 45 gående
1712 2084 40 31 ut
1781 2084 46 43 på

218 2124 76 34 dels
337 2128 53 31 att
433 2126 293 45 postexpedition
769 2139 43 22 av
847 2127 98 35 klass
980 2130 15 31 1
1030 2128 116 35 skulle
1175 2129 154 35 inrättas
1358 2133 46 44 på
1433 2132 43 33 de
1505 2132 146 45 platser,
1684 2134 64 33 där
1776 2147 49 21 nu

218 2177 134 47 manlig
395 2179 488 45 poststationsföreståndare
928 2182 78 34 med
1050 2182 67 34 full
1160 2183 281 47 sysselsättning
1472 2185 79 34 med
1581 2187 245 45 postgöromål

217 2231 126 41 finnes,
375 2235 53 31 att
456 2231 55 35 till
541 2232 311 36 stationsmästare
881 2233 61 35 vid
972 2234 103 47 dylik
1104 2236 292 45 postexpedition
1417 2239 56 33 må
1493 2237 126 36 kunna
1639 2239 186 36 befordras

218 2284 135 46 manlig
383 2285 499 45 poststationsföreståndare,
914 2300 73 22 som
1019 2287 168 37 innehaft
1216 2290 110 34 sådan
1357 2290 206 48 befattning
1592 2292 9 34 i
1634 2292 110 36 minst
1773 2293 51 35 tio
