2216 2677
399 131 19 30 4
611 129 119 33 Andra
755 130 202 33 kammarens
980 131 102 40 tredje
1108 130 168 42 tillfälliga
1299 132 136 32 utskotts
1457 132 166 33 utlåtande
1646 131 54 33 Nr
1723 135 52 30 10.

505 223 134 36 Härtill
669 225 113 34 måste
811 224 200 36 emellertid
1041 230 91 30 även
1161 225 124 47 läggas
1314 229 116 32 ränte-
1450 225 68 36 och
1538 225 457 38 underhållskostnaderna

398 278 55 36 för
481 278 60 36 det
570 278 155 36 avsedda
754 278 232 48 kolupplaget
1015 280 82 35 med
1129 278 218 38 tillhörande
1367 280 186 45 kolfickor,
1579 279 115 37 vilket
1713 283 114 34 såsom
1848 285 145 33 nämnts

398 332 204 48 föreslagits
639 335 39 33 så
710 334 187 44 anordnat,
930 337 52 33 att
1011 334 190 36 stenkolen
1229 337 88 33 utan
1348 335 160 47 egentlig
1536 335 156 35 kostnad
1721 336 125 36 kunna
1874 336 119 37 direkt

398 390 151 33 tömmas
578 388 13 34 i
619 388 128 35 tender
776 388 86 35 eller
890 389 168 46 kolvagn.
1117 389 81 35 Den
1228 390 55 34 för
1311 390 173 47 upplaget
1513 391 156 34 avsedda
1689 391 141 46 platsen
1849 395 144 44 utgöres

397 455 44 24 av
461 446 52 32 ett
532 442 214 47 bergsparti,
769 455 74 23 som
864 443 129 36 sluttar
1014 445 36 34 åt
1069 443 96 36 olika
1185 444 96 35 sidor
1301 445 66 35 och
1388 444 121 36 därför
1525 444 73 36 kan
1612 444 66 36 lätt
1693 458 72 35 nog
1780 449 142 44 apteras
1937 446 57 36 för

398 498 60 35 det
486 497 156 36 avsedda
671 498 212 35 ändamålet.
940 498 213 36 Kostnaden
1181 498 134 45 härför,
1347 499 184 36 inklusive
1561 499 126 36 värdet
1717 512 43 24 av
1785 501 69 35 den
1875 504 119 33 staten

396 552 91 49 själv
529 551 185 48 tillhöriga
756 552 150 35 marken
936 557 91 31 samt
1055 553 181 36 inklusive
1265 553 141 36 diverse
1435 553 338 48 spårförändringar
1801 556 68 34 och
1898 558 96 45 spår-

398 606 263 48 anläggningar
688 619 46 23 m.
766 619 59 32 m.,
857 608 103 34 torde
988 607 158 47 rikligen
1176 608 96 35 föras
1300 608 13 35 i
1341 608 169 48 räkning,
1542 621 55 23 om
1627 609 125 35 härför
1780 609 148 48 angives
1948 623 46 23 en

396 673 138 24 summa
563 674 43 23 av
634 661 14 36 i
675 665 85 32 runt
789 662 49 35 tal
872 665 16 31 1
921 662 127 48 miljon
1076 662 133 36 kronor
1237 664 67 35 och
1332 676 55 22 om
1418 667 128 31 räntan
1572 664 67 35 och
1659 665 228 35 underhållet
1906 666 88 34 härå

395 715 180 35 beräknas
618 715 93 35 efter
752 728 46 22 en
841 718 38 31 så
920 716 72 46 hög
1032 717 159 34 räntefot
1234 729 74 22 som
1345 720 20 31 6
1386 717 58 46 95,
1475 719 252 33 motsvarande
1757 722 51 31 ett
1837 719 156 34 tillskott

395 768 57 37 till
495 769 69 35 den
606 781 86 36 nyss
727 769 208 36 beräknade
966 769 260 37 årskostnaden
1255 783 45 24 av
1328 770 83 36 icke
1440 770 141 36 mindre
1610 777 46 29 än
1687 774 141 42 60,000
1859 772 134 36 kronor

394 836 65 35 per
487 836 49 23 år.

502 878 274 47 Sammanlagda
818 878 262 36 årskostnaden
1122 879 116 35 skulle
1281 880 113 44 alltså,
1431 880 87 46 högt
1545 879 141 46 räknat,
1718 880 125 35 kunna
1872 882 120 34 anslås

394 932 57 36 till
482 935 141 41 72,500
646 936 37 40 +
709 935 140 42 60,000
871 951 42 11 =
932 934 169 42 132,500
1129 935 138 35 kronor.

502 987 192 46 Borttagas
737 987 545 48 koltagningsanläggningarna
1315 988 62 36 vid
1410 1000 108 24 norra
1546 988 181 36 stationen
1755 990 66 34 och
1850 989 139 36 Tomte-

394 1042 103 44 boda,
538 1044 39 33 så
604 1041 202 36 tillkomma
834 1042 194 35 härutöver
1055 1042 86 47 inga
1170 1055 74 23 som
1273 1043 94 35 helst
1395 1043 198 36 kostnader
1621 1044 81 34 med
1730 1044 188 47 undantag
1946 1057 45 23 av

394 1099 72 32 den
494 1096 105 47 ringa
628 1096 366 47 tidsförbrukningen
1023 1109 45 22 m.
1100 1110 45 21 m.
1177 1097 56 35 för
1261 1097 245 36 lokomotiven
1535 1101 52 31 att
1616 1098 162 46 förflytta
1799 1098 54 47 sig
1873 1111 117 22 exer-

394 1149 115 47 pelvis
552 1150 80 35 från
674 1150 220 36 Tomteboda
927 1150 56 36 till
1012 1151 69 35 den
1110 1164 73 34 nya
1211 1151 381 47 koltagningsplatsen
1620 1151 62 36 vid
1710 1152 186 36 Frösunda
1924 1153 66 35 och

394 1206 88 42 åter,
527 1204 125 35 vilken
693 1203 203 36 tidsförlust
938 1204 163 47 återigen
1142 1204 158 48 rikligen
1336 1208 182 44 motväges
1548 1217 45 24 av
1622 1218 44 22 en
1695 1206 86 35 vida
1809 1206 181 47 hastigare

392 1258 203 46 inlastning
635 1258 13 34 1
676 1259 163 34 tendern.
897 1258 134 35 Likaså
1060 1259 167 35 bortfalla
1255 1259 154 47 givetvis
1438 1260 44 34 de
1510 1260 208 35 nuvarande
1748 1260 243 36 kostnaderna

393 1312 56 36 för
477 1315 184 44 transport
689 1325 44 22 av
762 1312 107 35 kolen
898 1313 81 34 från
1008 1313 274 35 Värtahamnen
1297 1313 57 35 till
1373 1313 220 35 Tomteboda
1614 1315 68 34 och
1702 1316 110 45 något
1832 1314 159 48 ängsligt

393 1366 256 47 hopsamlande
691 1379 44 22 av
777 1366 198 47 kolvagnar
1018 1367 54 35 för
1114 1368 270 35 statsbanornas
1427 1371 80 44 eget
1541 1368 228 36 trafikbehov
1797 1368 13 35 i
1839 1369 67 35 och
1936 1369 54 35 för

392 1421 166 35 mötande
601 1433 44 24 av
687 1433 45 23 en
774 1420 54 36 till
872 1421 155 35 hamnen
1069 1422 133 35 väntad
1230 1422 194 47 kolångare
1453 1422 118 35 skulle
1601 1422 55 36 för
1684 1421 196 37 framtiden
1908 1422 81 37 icke

392 1474 143 36 komma
564 1478 53 32 att
645 1475 190 35 erfordras.
893 1476 295 46 Koltransporter
1217 1476 80 35 från
1327 1477 60 34 det
1414 1488 73 36 nya
1515 1476 173 47 upplaget
1717 1476 56 36 till
1802 1477 43 34 de
1865 1477 124 48 längre

391 1529 91 44 bort,
513 1529 134 35 utefter
676 1529 310 48 statsbanelinjen,
1013 1530 152 47 belägna
1185 1530 456 47 koltagningsstationerna
1661 1531 127 35 kunna
1807 1532 183 46 nämligen

391 1586 90 33 utan
516 1587 102 31 extra
646 1583 191 47 lastnings-
867 1586 65 33 och
960 1583 377 47 lossningskostnader
1365 1584 13 35 i
1407 1584 118 35 stället
1555 1585 181 46 företagas
1764 1585 13 35 i
1805 1585 88 47 lugn
1922 1587 67 34 och

390 1650 40 22 ro
459 1640 46 43 på
533 1637 105 44 tider,
668 1637 100 35 vilka
796 1638 126 35 kunna
951 1650 169 34 avpassas
1149 1638 93 35 efter
1270 1651 44 22 en
1344 1638 153 36 bekväm
1526 1639 153 47 tillgång
1708 1642 46 43 på
1779 1640 207 47 kolvagnar,

391 1703 74 23 som
496 1691 103 35 alltså
627 1691 82 35 icke
737 1691 13 35 i
778 1692 142 34 onödan
949 1691 141 36 behöva
1118 1696 100 43 tagas
1247 1705 43 22 ur
1310 1692 133 36 bruket
1463 1694 82 33 från
1565 1694 69 34 den
1655 1693 144 47 vanliga
1819 1693 167 36 trafiken.

497 1745 138 35 Härtill
664 1745 173 45 kommer,
860 1749 52 32 att
932 1746 70 34 den
1022 1747 209 34 nuvarande
1251 1746 363 47 kolupplagsplatsen
1634 1746 61 36 vid
1715 1747 274 36 Värtahamnen

388 1799 82 35 icke
499 1799 127 46 längre
655 1800 117 34 skulle
805 1800 140 35 behöva
973 1805 102 41 tagas
1104 1800 12 34 i
1145 1800 158 46 anspråk
1332 1801 55 35 för
1415 1806 136 29 statens
1576 1801 213 47 järnvägars
1818 1801 167 47 räkning.

390 1853 105 35 Såväl
523 1853 298 47 upplagsplatsen
850 1866 74 22 som
954 1854 44 35 de
1027 1854 225 35 härvarande
1281 1857 135 33 statens
1441 1854 198 48 järnvägar
1664 1854 219 37 tillhörande
1902 1856 86 35 loss-

388 1906 122 48 nings-
552 1908 68 34 och
662 1906 361 48 lastningskranarna
1065 1908 103 36 bleve
1197 1908 121 36 därför
1347 1908 205 47 disponibla
1581 1908 55 36 för
1664 1909 113 35 andra
1806 1910 177 44 ändamål,

389 1961 110 35 bland
541 1961 100 35 vilka
678 1961 147 35 särskilt
855 1964 57 32 må
940 1962 148 44 erinras,
1121 1966 52 31 att
1202 1963 61 34 det
1291 1963 56 34 för
1376 1963 226 34 Stockholms
1630 1964 82 34 stad
1741 1963 110 35 sedan
1879 1964 108 46 länge

388 2014 95 36 varit
511 2018 52 32 ett
592 2016 186 34 önskemål
807 2018 52 32 att
887 2016 132 34 bereda
1047 2016 228 47 möjligheter
1303 2017 55 34 för
1380 2016 358 48 malmutskeppning
1758 2022 84 30 över
1861 2018 127 34 Värta-

388 2069 168 45 hamnen,
597 2072 51 33 ett
683 2069 184 36 önskemål
909 2082 56 23 om
996 2082 81 23 vars
1105 2069 242 37 realiserande
1377 2073 53 33 ett
1458 2070 55 36 för
1541 2071 93 35 båda
1662 2076 170 41 parterna
1861 2071 126 36 fördel-

388 2123 118 47 aktigt
536 2124 95 35 avtal
661 2124 104 35 alltså
785 2124 116 35 skulle
922 2124 124 35 kunna
1065 2130 180 41 uppgöras
1266 2125 132 35 mellan
1420 2127 118 33 staten
1558 2125 65 35 och
1645 2125 227 36 Stockholms
1894 2126 90 35 stad.

496 2177 124 35 Under
649 2178 133 35 sådana
810 2178 251 35 förhållanden
1091 2184 38 29 är
1158 2179 61 34 det
1245 2178 146 48 tydligt,
1419 2182 53 32 att
1492 2179 71 35 den
1583 2179 141 35 direkta
1744 2179 242 48 besparingen

385 2230 15 35 1
441 2231 276 36 årsomkostnad
746 2254 47 3 —
823 2233 175 44 nämligen
1037 2232 94 43 från
1172 2234 170 43 250,000
1388 2234 129 35 kronor
1559 2233 51 35 till
1652 2235 168 42 132,500
1849 2235 134 42 kronor,

386 2287 33 34 d.
450 2298 29 23 v.
512 2297 26 24 s.
569 2287 77 34 med
672 2287 165 43 117,500
865 2288 127 34 kronor
1023 2308 46 4 —
1099 2287 81 35 icke
1209 2290 46 43 på
1282 2288 102 46 långt
1412 2293 66 29 när
1505 2293 269 41 representerar
1801 2288 81 35 hela
1916 2288 68 35 den
