1900 2808
271 122 41 30 10
642 130 392 36 Bevillningsutskottets
1060 132 217 32 betänkande
1303 145 41 20 nr
1368 134 48 31 39.

271 207 42 29 de
336 207 222 39 likalydande
581 208 218 31 motionerna
821 210 29 29 I:
868 210 60 30 255
951 211 64 29 och
1038 212 45 29 II:
1100 211 73 35 320,
1195 212 52 30 till
1270 213 68 30 den
1360 215 54 29 del
1436 215 220 31 motionerna
1677 217 96 29 inne-

274 256 90 29 fatta
387 256 155 38 yrkande
566 266 57 20 om
647 257 117 40 avslag
787 258 20 30 å
829 259 262 40 propositionen
1116 270 42 20 nr
1182 261 39 30 72
1244 262 11 29 i
1276 262 66 29 här
1366 264 148 38 angivna
1539 264 234 35 hänseenden,

270 306 76 30 dels
366 308 64 29 ock
450 308 41 29 de
512 308 223 40 likalydande
755 311 219 30 motionerna
995 312 29 29 I:
1041 312 64 30 252
1126 314 63 29 och
1211 314 45 29 II:
1273 314 75 30 317.

316 407 74 29 Vad
414 407 86 30 först
524 408 108 37 angår
656 409 122 38 frågan
802 420 58 19 om
885 410 220 39 förlängning
1129 422 41 20 av
1195 413 267 37 giltighetstiden
1487 415 56 29 för
1567 416 206 37 pappersbe-

271 458 224 40 skattningen
519 459 56 30 för
599 459 95 30 tiden
718 461 65 29 den
811 462 14 28 1
851 462 66 38 juli
943 462 198 31 1949—den
1164 464 41 29 30
1228 465 81 38 juni
1336 466 82 29 1950
1442 466 59 30 vill
1526 468 171 29 utskottet
1721 476 52 20 er-

269 507 78 30 inra
371 517 56 20 om
449 510 48 27 att
520 509 113 30 denna
656 510 221 38 beskattning
899 528 40 4 —
960 512 118 30 vilken
1102 514 241 36 genomfördes
1367 515 57 30 vid
1449 516 79 30 1948
1551 517 57 30 års
1632 517 140 38 riksdag

267 575 42 4 —
327 559 115 39 ingick
461 560 117 29 såsom
597 563 48 28 ett
663 561 54 30 led
735 562 11 29 i
764 571 43 20 en
827 563 87 29 serie
932 564 44 29 då
993 564 180 31 beslutade
1193 566 233 40 skärpningar
1445 568 44 39 på
1508 568 67 29 den
1595 568 175 30 indirekta

268 609 288 40 beskattningens
578 612 141 29 område
740 613 10 28 i
773 613 91 39 syfte
885 615 49 28 att
955 614 265 32 överbalansera
1241 616 184 40 budgeten.

313 658 262 39 Föredragande
595 661 376 37 departementschefen
989 663 64 30 har
1073 664 11 29 i
1103 665 261 37 propositionen
1384 676 40 20 nr
1444 667 37 30 72
1503 668 200 35 framhållit,
1723 670 49 28 att

267 708 265 39 beskattningen
565 711 11 28 i
610 711 94 38 fråga
736 730 42 3 —
809 713 126 30 liksom
966 714 119 41 övriga
1117 716 56 30 vid
1208 716 84 30 1948
1324 718 58 29 års
1414 718 143 40 riksdag
1589 719 179 31 beslutade

268 760 351 41 skatteskärpningar
645 780 44 3 —
714 763 106 30 borde
858 765 233 31 oförändrade
1130 767 170 31 fortbestå
1329 769 109 29 under
1476 770 294 30 nästkommande

266 809 178 38 budgetår.
470 811 78 30 Med
575 811 136 38 hänsyn
737 813 54 30 till
818 814 57 30 det
902 815 173 30 allmänna
1103 816 226 31 ekonomiska
1358 819 88 36 läget
1472 819 117 30 kunde
1617 816 153 46 departe-

264 860 238 31 mentschefen
528 861 147 31 sålunda
700 864 132 30 varken
858 864 140 31 förorda
1024 867 49 28 att
1099 868 286 36 pappersskatten
1410 869 174 38 borttoges
1612 870 82 30 eller
1720 873 49 28 att

267 911 232 31 skattesatsen
523 914 153 31 sänktes.

311 961 53 29 Av
386 962 261 37 propositionen
669 973 40 20 nr
733 964 55 30 181
814 965 174 38 angående
1010 967 266 39 komplettering
1298 978 43 20 av
1363 969 328 40 riksstatsförslaget
1714 971 56 30 för

264 1011 204 40 budgetåret
492 1013 161 36 1949/50,
675 1024 45 21 m.
743 1025 45 20 m.
812 1016 164 40 framgår,
999 1019 51 29 att
1073 1020 227 30 statsverkets
1322 1020 194 31 inkomster
1539 1031 42 21 av
1603 1019 165 48 pappers-

269 1061 140 30 skatten
427 1063 111 29 under
555 1064 107 38 sagda
679 1064 170 40 budgetår
867 1065 171 31 beräknas
1057 1067 53 30 till
1130 1068 40 29 50
1188 1068 166 40 miljoner
1372 1070 139 29 kronor.

311 1112 13 28 I
342 1112 91 30 vissa
450 1122 42 21 av
507 1114 42 29 de
567 1123 48 20 nu
632 1115 237 40 föreliggande
885 1117 219 31 motionerna
1122 1119 126 30 liksom
1265 1120 10 29 i
1292 1120 68 30 den
1376 1120 52 30 till
1445 1122 170 30 utskottet
1631 1123 139 39 ingivna

265 1162 150 30 skriften
441 1173 42 20 av
511 1164 155 31 Svenska
693 1167 465 39 pappersbruksföreningen
1183 1169 64 30 har
1275 1170 110 37 gjorts
1414 1171 167 37 gällande,
1610 1174 49 28 att
1687 1181 82 29 pap-

263 1213 347 39 persbeskattningen
630 1225 81 21 vore
733 1216 146 31 förenad
898 1218 77 30 med
996 1219 38 29 så
1054 1219 179 38 allvarliga
1254 1220 219 37 olägenheter
1493 1223 49 29 att
1564 1222 113 38 någon
1699 1222 70 31 för-

263 1263 166 38 längning
450 1274 41 20 av
513 1265 115 30 denna
650 1266 220 39 beskattning
892 1268 73 30 icke
987 1269 107 30 borde
1116 1269 263 38 ifrågakomma.

309 1314 174 31 Utskottet
507 1316 66 30 har
597 1317 95 30 förut
717 1318 115 30 denna
856 1319 67 39 dag
945 1320 128 39 avgivit
1098 1321 220 31 betänkande
1343 1332 42 20 nr
1410 1323 41 30 38
1475 1324 10 29 i
1511 1324 189 40 anledning
1724 1335 43 21 av

262 1364 46 30 bl.
331 1374 30 20 a.
384 1365 123 40 Kungl.
530 1366 126 40 Maj:ts
677 1369 218 39 proposition
916 1378 41 21 nr
978 1369 41 31 24
1041 1371 81 30 med
1144 1372 130 40 förslag
1296 1373 54 29 till
1372 1374 207 40 förordning
1601 1384 56 21 om
1680 1376 88 29 fort-

262 1417 70 28 satt
357 1416 155 39 giltighet
535 1427 44 20 av
602 1418 252 40 förordningen
877 1420 65 30 den
966 1420 19 30 8
1007 1421 81 39 juni
1115 1422 81 30 1923
1225 1422 60 34 (nr
1311 1423 78 34 155)
1418 1425 179 39 angående
1621 1427 146 29 omsätt-

262 1466 120 39 nings-
407 1467 63 29 och
497 1468 359 40 utskänkningsskatt
882 1470 21 30 å
928 1470 247 41 spritdrycker.
1202 1473 12 29 I
1242 1474 107 38 sagda
1376 1474 220 31 betänkande
1623 1476 63 30 har
1713 1478 54 27 ut-

262 1516 131 30 skottet
419 1517 73 30 icke
518 1518 124 30 enbart
667 1519 189 33 behandlat
882 1521 123 39 frågan
1030 1531 58 21 om
1114 1522 225 41 förlängning
1362 1534 43 21 av
1429 1525 269 41 beskattningen
1723 1537 44 21 av

261 1565 235 38 spritdrycker
524 1569 84 28 utan
636 1569 86 29 även
747 1569 85 38 tagit
861 1570 162 39 ställning
1048 1572 54 29 till
1130 1573 56 30 det
1213 1583 96 21 mera
1338 1574 285 33 vittomfattande
1652 1577 114 41 Spörs-

261 1615 106 31 målet
393 1626 56 20 om
474 1616 242 33 bibehållande
742 1620 111 30 under
879 1621 284 32 nästkommande
1188 1623 169 38 budgetår
1382 1634 42 21 av
1450 1626 41 30 de
1517 1626 59 30 vid
1604 1626 79 31 1948
1708 1628 57 29 års

260 1667 145 40 riksdag
424 1668 180 31 beslutade
627 1671 280 40 skärpningarna
928 1673 44 39 på
992 1673 67 30 den
1082 1674 175 31 indirekta
1278 1676 289 41 beskattningens
1589 1679 142 30 område
1753 1679 11 29 i

261 1716 93 39 syfte
370 1718 49 29 att
435 1718 268 31 överbalansera
717 1720 190 39 budgeten,
926 1722 88 30 dock
1030 1723 65 30 har
1111 1724 169 31 utskottet
1296 1726 122 30 därvid
1435 1727 182 35 förklarat,
1633 1730 52 28 att
1700 1729 67 29 den

260 1767 11 29 i
300 1769 263 39 propositionen
593 1780 42 20 nr
665 1771 39 30 72
732 1773 127 30 väckta
887 1773 123 39 frågan
1039 1784 57 20 om
1126 1775 141 31 fortsatt
1298 1776 156 40 giltighet
1484 1787 42 21 av
1555 1778 210 41 pappersbe-

261 1819 224 40 skattningen
506 1820 114 30 skulle
640 1821 192 32 behandlas
851 1823 11 29 i
882 1824 48 29 ett
950 1824 142 31 särskilt
1112 1825 231 32 betänkande.

305 1868 14 29 I
340 1870 234 35 nyssnämnda
593 1871 216 31 betänkande
829 1882 42 19 nr
889 1872 40 30 38
946 1873 63 30 har
1028 1875 166 31 utskottet
1213 1876 117 30 anfört
1350 1879 48 28 att
1416 1895 41 3 —
1475 1877 104 31 såvitt
1598 1878 166 30 utskottet

256 1917 139 31 kunnat
416 1918 99 32 finna
534 1938 45 3 —
600 1921 110 29 under
731 1922 97 29 tiden
850 1923 87 30 efter
958 1924 418 41 skatteskärpningarnas
1395 1928 272 38 genomförande
1689 1930 75 29 icke

257 1967 126 30 inträtt
410 1969 107 30 sådan
544 1971 207 40 förändring
775 1973 12 29 i
814 1973 58 30 det
899 1973 177 31 allmänna
1103 1976 229 31 ekonomiska
1359 1977 99 38 läget,
1485 1981 50 27 att
1562 1980 56 29 det
1647 1980 117 29 kunde

257 2028 103 21 anses
380 2019 178 39 tillrådligt
578 2023 49 28 att
647 2022 54 29 tör
719 2022 202 38 budgetåret
942 2024 142 36 1949/50
1103 2026 96 29 avstå
1219 2026 80 30 från
1318 2027 67 30 den
1404 2028 262 32 stabiliserande
1687 2029 76 30 fak-

257 2071 56 28 tor
338 2080 74 20 som
435 2080 40 21 en
499 2073 306 39 överbalansering
829 2084 42 21 av
894 2075 170 39 budgeten
1088 2077 154 30 innebär.
1268 2078 117 30 Under
1408 2079 213 40 hänvisning
1643 2080 118 31 härtill

257 2119 65 30 har
348 2121 163 30 utskottet
537 2121 12 29 i
575 2131 131 21 samma
731 2123 217 32 betänkande
972 2125 178 38 tillstyrkt,
1176 2129 48 28 att
1249 2128 67 29 den
1342 2129 140 37 skärpta
1507 2129 173 31 indirekta
1705 2130 57 31 be-

257 2171 191 40 skattning,
467 2182 119 21 varom
604 2174 10 29 i
632 2174 235 31 betänkandet
885 2185 78 21 vore
981 2177 110 39 fråga,
1110 2178 128 31 erhölle
1257 2179 157 40 giltighet
1432 2182 86 29 även
1536 2182 112 29 under
1667 2182 94 29 näst-

256 2220 156 37 följande
435 2222 176 38 budgetår.

302 2272 76 30 Vad
402 2274 169 31 utskottet
597 2275 147 30 sålunda
768 2276 119 31 anfört
911 2277 11 29 i
945 2277 235 32 betänkandet
1204 2289 42 20 nr
1271 2280 41 30 38
1338 2282 147 29 rörande
1510 2282 251 39 angelägenhe-

255 2323 59 28 ten
338 2331 42 20 av
402 2324 47 28 att
471 2324 83 29 ernå
576 2333 44 21 en
642 2325 303 39 överbalansering
967 2336 42 21 av
1031 2328 171 37 budgeten
1225 2330 38 29 är
1285 2331 106 37 enligt
1415 2332 183 30 utskottets
1621 2329 140 46 mening

255 2371 198 39 tillämpligt
482 2374 131 36 jämväl
644 2374 102 31 såvitt
775 2376 108 38 angår
914 2376 121 39 frågan
1065 2388 57 20 om
1152 2379 241 32 bibehållande
1424 2382 109 29 under
1562 2383 198 37 ytterligare

255 2424 48 28 ett
326 2422 39 30 år
388 2433 41 20 av
451 2425 424 39 pappersbeskattningen.
900 2427 171 31 Utskottet
1094 2429 60 30 vill
1176 2430 124 30 härvid
1325 2432 239 37 understryka,
1588 2435 49 28 att
1661 2435 99 28 stats-
