1890 2782
266 203 40 30 38
602 200 286 30 Statsutskottets
917 197 178 30 utlåtande
1123 206 43 19 nr
1193 196 41 30 50
1261 195 39 29 år
1328 195 84 29 1959

310 282 165 39 Anslaget
493 283 37 28 är
547 281 11 29 i
575 280 160 40 gällande
753 279 146 29 riksstat
916 277 144 40 uppfört
1078 276 79 29 med
1175 276 18 29 3
1208 275 63 29 004
1285 274 62 31 000
1366 275 140 28 kronor.

310 336 49 29 På
383 335 169 39 grundval
577 343 42 21 av
643 335 48 28 ett
716 343 41 20 av
783 331 83 30 1949
890 332 58 29 års
972 328 390 40 utlänningskommitté
1386 327 134 39 avgivet
1545 325 131 39 förslag
1701 325 53 28 rö-

265 388 107 30 rande
398 389 66 28 den
488 387 155 29 centrala
669 383 473 40 utlänningsmyndighetens
1167 380 238 41 organisation
1430 379 171 30 framlade
1627 377 126 39 Kungl.

266 441 106 39 Maj:t
395 442 11 29 i
429 440 218 40 proposition
670 449 42 21 nr
737 438 162 36 147/1952
923 437 45 39 på
991 435 248 39 föredragning
1263 444 42 20 av
1327 433 199 30 dåvarande
1550 431 125 30 chefen
1700 430 54 29 för

265 494 412 39 inrikesdepartementet
703 492 129 38 förslag
859 491 52 29 till
936 488 299 40 omorganisation
1261 497 41 20 av
1328 480 427 49 utlänningskommissio-

267 557 77 20 nen.
366 547 177 39 Förslaget
563 545 202 40 godkändes
785 554 41 20 av
846 544 187 38 riksdagen
1053 543 64 29 och
1138 542 67 29 den
1226 550 67 30 nya
1312 539 283 39 organisationen
1616 545 139 32 genom-

268 601 117 30 fördes
406 600 42 29 fr.
463 609 29 21 o.
506 609 45 20 m.
573 600 68 29 den
664 599 14 28 1
701 598 141 39 januari
865 596 93 30 1953.
981 596 130 29 Genom
1133 597 50 27 att
1204 594 111 29 under
1335 593 39 29 år
1397 591 82 31 1954
1501 590 255 41 uppehållstill-

269 653 262 39 ståndstvånget
556 652 54 30 för
635 651 145 34 danska,
805 650 119 29 finska
947 650 64 29 och
1036 648 131 30 norska
1190 647 226 38 medborgare
1441 645 171 39 slopades,
1637 643 118 30 kunde

269 707 131 29 antalet
414 706 345 38 befattningshavare
775 705 64 29 hos
855 702 277 30 kommissionen
1147 700 153 30 därefter
1315 699 158 30 minskas
1489 699 80 29 med
1585 699 48 28 ett
1650 695 106 31 50-tal

268 769 175 30 personer.
466 759 75 29 Den
564 759 14 28 1
603 758 71 39 maj
702 757 82 30 1958
806 757 65 29 har
893 754 364 31 överenskommelsen
1278 752 130 30 mellan
1430 752 40 29 de
1494 751 168 29 nordiska
1683 750 74 28 län-

268 813 108 29 derna
401 822 57 20 om
483 811 249 40 upphävandet
757 820 41 20 av
823 808 282 41 passkontrollen
1130 808 58 29 vid
1213 807 41 29 de
1280 804 260 30 internordiska
1565 804 191 39 gränserna

269 867 84 29 trätt
375 867 11 28 i
408 865 105 30 kraft.
536 865 124 29 Denna
682 862 337 31 överenskommelse
1042 862 64 28 och
1130 861 41 29 de
1194 860 10 29 i
1227 859 202 38 anslutning
1452 857 117 30 därtill
1591 857 166 37 vidtagna

270 918 469 39 författningsändringarna
761 917 65 28 har
849 915 153 30 medfört
1025 924 43 20 en
1092 915 11 28 i
1126 913 95 29 vissa
1244 912 194 30 avseenden
1462 908 295 41 genomgripande

270 972 221 39 omläggning
507 981 41 20 av
562 971 58 29 det
635 971 75 29 inre
725 969 423 38 övervakningssystemet
1164 967 54 29 för
1234 963 422 40 utlänningskontrollens
1673 970 85 31 upp-

269 1025 245 30 rätthållande.
540 1024 49 30 De
615 1022 257 39 förändringar,
900 1031 75 20 som
999 1020 218 30 härutinnan
1241 1020 57 38 ägt
1322 1027 90 25 rum,
1439 1016 188 31 motiverar
1652 1015 107 38 enligt

271 1077 405 40 departementschefens
694 1076 139 38 mening
852 1077 51 27 att
922 1074 124 39 frågan
1063 1083 57 20 om
1138 1072 147 30 berörda
1303 1071 287 38 kontrollsystem
1608 1070 65 28 och
1692 1068 67 29 den

271 1131 247 39 organisation,
541 1139 74 21 som
637 1129 177 30 erfordras
836 1129 55 29 för
911 1128 113 29 denna
1046 1126 173 30 kontrolis
1241 1124 183 34 utövande,
1446 1132 47 20 nu
1515 1124 170 38 upptages
1707 1120 52 30 till

272 1186 161 28 närmare
448 1183 188 39 utredning
650 1183 64 29 och
729 1182 181 40 prövning.
925 1180 131 30 Härvid
1070 1180 63 29 bör
1147 1180 11 28 i
1173 1179 111 29 första
1298 1179 95 28 hand
1408 1176 228 33 undersökas,
1652 1176 108 28 huru-

270 1237 80 30 vida
375 1237 76 30 icke
477 1237 115 29 denna
618 1237 10 29 i
656 1237 65 28 och
748 1235 54 30 för
829 1235 51 38 sig
906 1232 350 31 kostnadskrävande
1282 1229 381 31 kontrollverksamhet
1688 1228 72 28 kan

272 1291 199 39 ytterligare
489 1289 288 30 decentraliseras
795 1288 82 29 eller
896 1287 101 39 eljest
1016 1285 240 39 förenklingar
1275 1284 263 30 åstadkommas
1556 1282 11 29 i
1586 1282 99 38 fråga
1703 1289 57 21 om

271 1343 217 30 kontrollens
513 1342 273 39 genomförande
811 1342 10 29 i
847 1340 90 39 syfte
962 1342 50 28 att
1036 1339 193 38 nedbringa
1252 1337 238 30 kostnaderna
1514 1335 55 30 för
1593 1334 169 30 kommis-

274 1396 139 30 sionens
433 1396 234 30 verksamhet.
689 1395 108 29 Dessa
818 1393 190 30 kostnader
1029 1394 38 28 är
1090 1392 71 29 f.n.
1183 1401 42 20 av
1247 1391 109 29 sådan
1378 1387 311 39 storleksordning,
1711 1388 50 28 att

273 1450 57 31 det
347 1450 166 29 framstår
532 1459 74 20 som
624 1448 189 39 angeläget,
832 1449 50 28 att
898 1447 97 38 varje
1014 1446 183 38 möjlighet
1215 1445 51 29 till
1283 1443 234 39 begränsning
1536 1451 42 21 av
1594 1440 168 30 kommis-

274 1503 139 29 sionens
433 1501 295 40 arbetsuppgifter
746 1501 246 38 tillvaratages.
1012 1499 65 29 Det
1096 1500 38 28 är
1153 1495 405 42 departementschefens
1578 1494 114 30 avsikt
1712 1494 50 28 att

274 1556 208 29 föranstalta
502 1565 56 20 om
578 1565 43 19 en
641 1554 186 39 utredning
846 1555 11 28 i
878 1562 47 20 nu
943 1552 148 30 berörda
1110 1551 235 30 hänseenden.

318 1613 226 30 Beträffande
567 1612 279 30 medelsbehovet
869 1611 110 29 under
1002 1609 228 30 förevarande
1253 1608 120 39 anslag
1394 1607 55 29 för
1471 1607 102 28 nästa
1594 1604 169 39 budgetår

275 1667 160 30 förordas
454 1668 49 28 att
522 1666 67 30 den
607 1667 98 28 extra
724 1673 203 26 amanuens,
949 1673 73 20 som
1041 1662 170 39 tillfälligt
1230 1661 161 30 anställts
1409 1660 56 29 vid
1484 1658 278 31 kommissionen

274 1720 11 29 i
307 1720 170 29 samband
498 1720 79 29 med
599 1718 309 39 hjälpaktionerna
932 1717 54 29 för
1008 1717 41 29 de
1072 1715 175 39 ungerska
1270 1714 250 39 flyktingarna,
1544 1712 55 29 får
1620 1710 143 30 kvarstå

274 1773 132 39 jämväl
430 1772 110 30 under
564 1773 101 28 nästa
689 1771 179 39 budgetår,
893 1770 38 30 så
954 1770 100 38 länge
1078 1769 157 38 tjänsten
1258 1768 126 39 prövas
1408 1765 280 39 oundgängligen
1713 1772 51 20 er-

276 1826 176 39 forderlig.

319 1883 275 39 Anslagsposten
614 1882 53 30 till
689 1882 151 29 arvoden
861 1881 35 29 åt
917 1879 221 34 ordförande,
1160 1879 72 29 vice
1253 1877 212 30 ordförande
1486 1876 65 29 och
1572 1875 192 29 ledamöter

277 1945 100 21 anses
407 1937 11 28 i
446 1936 151 38 enlighet
627 1935 79 29 med
735 1933 295 30 kommissionens
1061 1932 131 39 förslag
1220 1932 122 28 kunna
1371 1930 158 29 minskas
1558 1928 80 30 med
1670 1926 94 30 19000

276 1990 140 29 kronor.

321 2044 78 29 Med
423 2044 138 38 hänsyn
586 2042 53 30 till
664 2042 57 29 det
746 2041 149 30 anförda
920 2040 64 29 och
1010 2039 78 30 med
1113 2037 195 31 beaktande
1335 2046 42 20 av
1401 2037 56 28 det
1483 2035 111 29 ökade
1619 2033 147 30 medels-

276 2097 146 29 behovet
444 2096 44 40 på
511 2096 113 38 grund
649 2104 42 20 av
713 2092 462 40 löneklassuppflyttningar
1198 2091 64 29 och
1286 2088 269 40 kompensation
1579 2088 55 29 för
1657 2086 109 39 höjda

278 2148 392 41 folkpensionsavgifter
690 2147 173 30 beräknas
884 2146 156 38 anslaget
1061 2145 52 30 till
1134 2144 19 30 3
1168 2144 62 29 045
1246 2143 62 30 000
1329 2143 131 29 kronor
1480 2141 107 39 enligt
1609 2139 157 40 följande

278 2202 212 39 fördelning:
511 2201 194 39 ersättning
724 2201 52 29 till
795 2199 237 30 ordföranden
1051 2198 55 29 för
1124 2197 149 29 mistade
1293 2195 364 39 avlöningsförmåner
1675 2193 92 30 oför-

279 2257 125 29 ändrat
421 2256 40 29 36
476 2255 62 30 000
554 2255 143 33 kronor,
715 2253 151 30 arvoden
883 2252 36 30 åt
936 2251 222 34 ordförande,
1175 2251 72 28 vice
1264 2249 211 30 ordförande
1493 2248 64 29 och
1575 2247 192 29 ledamöter

278 2309 40 29 23
333 2308 62 30 000
427 2308 58 33 (—
500 2307 112 34 1000)
641 2307 141 33 kronor,
807 2304 235 39 ersättningar
1067 2304 52 29 till
1145 2313 41 20 av
1210 2302 276 30 kommissionen
1511 2300 153 30 anlitade
1691 2299 77 29 sak-

278 2362 157 39 kunniga
455 2361 207 29 oförändrat
683 2360 18 29 2
716 2360 62 29 000
800 2359 141 33 kronor,
964 2358 153 29 arvoden
1137 2357 53 29 till
1212 2356 190 29 ledamöter
1423 2355 64 29 och
1511 2354 224 39 suppleanter
1756 2352 12 28 i

279 2414 384 39 utlänningsnämnden
683 2412 205 30 oförändrat
910 2411 37 30 10
962 2411 63 29 000
1044 2411 142 32 kronor,
1206 2409 203 38 avlöningar
1428 2408 52 28 till
1500 2405 268 31 icke-ordinarie

280 2468 162 40 personal
476 2467 95 30 2548
586 2467 63 29 000
689 2466 46 33 (+
750 2465 135 33 20000)
924 2465 141 33 kronor,
1099 2463 122 39 rörligt
1254 2462 119 38 tillägg
1407 2460 140 30 408000
1588 2458 80 34 (+4
1683 2457 80 34 000)

277 2522 132 28 kronor
429 2521 63 29 och
512 2518 272 40 kompensation
804 2518 54 30 för
878 2517 109 39 höjda
1007 2514 392 41 folkpensionsavgifter
1423 2513 38 29 18
1476 2513 62 30 000
1566 2512 45 33 (+
1629 2512 39 29 218
1683 2511 80 33 000)

279 2575 141 30 kronor.
