1878 2782
248 176 19 29 8
585 175 285 30 Statsutskottets
899 174 179 30 utlåtande
1106 184 43 19 nr
1176 175 41 29 50
1244 175 39 28 år
1312 175 85 29 1959

1060 253 264 40 Avlöningsstat

560 318 27 28 1.
625 317 211 39 Avlöningar
853 317 51 29 till
921 317 355 38 landshövdingarna,
1293 315 204 40 förslagsvis
1546 315 94 30 1025
1656 315 64 30 000

559 371 29 29 2.
625 370 212 39 Avlöningar
853 370 52 29 till
921 370 117 39 övriga
1053 370 219 39 tjänstemän
1286 370 20 29 å
1322 369 175 30 ordinarie

626 425 79 32 stat,
734 422 204 40 förslagsvis
1523 422 41 30 29
1579 422 62 29 005
1657 421 63 30 000

558 476 30 30 3.
625 477 212 38 Avlöningar
861 476 52 30 till
938 476 218 39 tjänstemän
1180 476 20 29 å
1224 444 273 75 övergångsstat,

624 529 203 39 förslagsvis
1580 528 63 30 219
1658 528 63 30 000

559 582 30 30 4.
626 583 160 29 Arvoden
806 583 64 29 och
891 583 173 29 särskilda
1083 583 246 38 ersättningar,
1350 583 150 29 bestäm-

626 636 44 30 da
690 646 42 20 av
749 636 126 39 Kungl.
895 636 120 39 Maj:t:

627 690 36 33 a)
694 690 202 39 Ersättning
910 689 53 30 till
979 689 222 39 sakkunniga
1216 689 55 30 för
1284 689 50 29 bi-

694 743 96 29 träde
808 743 57 29 vid
882 742 228 40 utredningar
1127 752 46 19 m.
1190 752 57 24 m.,
1263 742 71 39 för-

693 796 145 39 slagsvis
1382 795 38 29 61
1437 795 63 30 000

626 849 39 34 b)
695 849 203 39 Ersättning
916 849 52 30 till
986 849 348 33 militärassistenter,

691 902 203 40 förslagsvis
1338 901 63 30 210
1416 901 62 30 000

627 957 34 33 c)
692 956 203 39 Ersättning
920 956 52 29 till
997 924 179 76 Lrlsvasten
1183 956 29 28 in
1225 955 110 40 ssd

694 1009 62 34 fer,
778 1009 204 39 förslagsvis
1385 1008 37 29 17
1438 1008 63 30 000

629 1063 39 33 d)
699 1063 202 38 Ersättning
932 1063 53 29 till
1015 1061 320 41 vägtrafikombud,

695 1115 203 40 förslagsvis
1364 1115 60 29 107
1439 1114 63 30 000

629 1169 35 34 e)
694 1169 134 29 Arvode
852 1169 52 29 till
928 1168 315 34 civilbefälhavare,
1266 1169 72 38 för-

695 1222 145 39 slagsvis
1399 1221 115 30 15000
1585 1221 63 29 410
1664 1221 63 29 000

563 1289 30 30 5.
630 1289 212 39 Avlöningar
860 1289 52 29 till
930 1289 95 39 övrig
1043 1289 269 29 icke-ordinarie
1330 1288 173 40 personal,

629 1342 204 39 förslagsvis
1532 1341 37 29 17
1585 1341 63 30 025
1663 1340 64 30 000

564 1396 30 29 6.
632 1396 178 30 Särskilda
825 1395 260 30 löneförmåner
1101 1395 51 30 till
1168 1395 175 30 ordinarie
1359 1395 146 39 tjänste-

632 1450 83 28 män
758 1449 436 40 (representationsbidrag
1231 1449 52 29 till
1320 1448 187 30 landshöv-

632 1501 203 39 dingarna),
860 1502 204 39 förslagsvis
1590 1500 64 30 438
1669 1500 63 30 000

567 1555 28 29 7.
632 1555 134 39 Rörligt
784 1555 129 39 tillägg,
931 1555 204 39 förslagsvis
1555 1553 16 30 7
1589 1554 62 29 114
1665 1553 64 30 000

565 1608 29 29 8.
632 1608 276 40 Kompensation
935 1608 56 30 för
1016 1608 109 40 höjda
1153 1607 353 41 folkpensionsavgif-

631 1663 62 33 ter,
709 1661 204 40 förslagsvis
1586 1660 64 30 329
1664 1660 63 30 000

1214 1733 144 29 Summa
1375 1733 130 28 kronor
1530 1732 40 29 55
1586 1732 63 29 565
1665 1731 79 34 000;

610 1805 34 32 ce)
674 1804 53 29 till
742 1804 323 38 Länsstyrelserna:
1082 1803 214 39 Avlöningar
1312 1803 54 30 för
1381 1803 205 39 budgetåret
1604 1801 142 37 1959/60

566 1856 121 30 anvisa
708 1858 48 28 ett
778 1857 271 39 förslagsanslag
1070 1866 42 21 av
1133 1857 40 29 55
1189 1857 62 29 565
1266 1856 63 30 000
1350 1857 141 28 kronor.

301 1988 77 34 4:0)
405 1988 317 35 Länsstyrelserna:
746 1989 171 35 Sjukvård
940 1999 43 20 m.
1006 1999 43 19 m.
1072 1990 13 29 I
1108 1989 153 39 enlighet
1283 1989 79 29 med
1385 1989 126 39 Kungl.
1534 1988 125 39 Maj:ts
1683 1988 69 29 för-

259 2042 71 39 slag
357 2041 131 41 (punkt
510 2042 71 34 140,
603 2052 25 20 s.
649 2042 96 35 388),
765 2043 107 29 vilket
892 2043 145 29 innebär
1058 2052 42 20 en
1121 2043 79 29 med
1221 2043 18 29 5
1255 2043 62 29 000
1338 2043 131 29 kronor
1489 2042 92 30 ökad
1601 2041 148 30 medels-

259 2095 195 40 anvisning,
473 2095 202 30 hemställer
693 2096 180 34 utskottet,

613 2151 51 28 att
681 2150 187 38 riksdagen
885 2149 58 30 må
959 2150 52 29 till
1029 2148 324 40 Länsstyrelserna:
1371 2148 178 40 Sjukvård
1566 2158 45 20 m.
1630 2158 45 19 m.
1695 2148 55 29 för

567 2203 205 39 budgetåret
809 2203 140 36 1959/60
984 2203 121 29 anvisa
1139 2205 49 27 ett
1222 2202 273 39 förslagsanslag
1529 2211 43 20 av
1608 2202 61 30 155
1684 2201 64 30 000

567 2256 142 29 kronor.

304 2388 76 34 5:0)
407 2388 317 35 Länsstyrelserna:
745 2388 327 35 Reseersättningar.
1091 2388 13 29 I
1124 2388 153 39 enlighet
1295 2388 79 29 med
1393 2388 126 38 Kungl.
1539 2387 126 39 Maj:ts
1685 2387 69 29 för-

261 2442 71 39 slag
364 2441 131 40 (punkt
524 2441 71 34 141,
623 2450 26 21 s.
675 2441 96 34 389),
797 2442 108 29 vilket
930 2441 145 30 innebär
1101 2451 43 20 en
1170 2441 224 40 uppräkning
1420 2450 42 20 av
1488 2440 157 39 anslaget
1671 2440 79 29 med

259 2494 62 30 240
336 2494 63 30 000
420 2495 130 29 kronor
571 2495 80 29 med
671 2495 138 39 hänsyn
829 2495 52 29 till
904 2494 310 39 länsstyrelsernas
1234 2494 235 39 beräkningar
1491 2495 91 28 samt
1603 2493 147 30 medels-
