1874 2786
490 173 287 32 Statsutskottets
805 177 181 30 utlåtande
1013 188 43 19 nr
1082 180 42 28 50
1151 179 38 29 år
1218 181 85 28 1959
1603 183 41 29 33

154 249 175 30 träffande
352 251 131 30 sådana
505 252 215 32 förbättrade
740 254 127 31 villkor
887 256 35 29 åt
942 257 309 39 polispersonalen,
1273 262 50 27 att
1345 269 43 20 en
1408 261 236 30 tillfredsstäl-

152 302 101 29 lande
276 303 221 41 rekrytering
522 314 42 21 av
588 307 101 38 yrket
715 308 69 29 kan
811 309 61 29 ske
897 310 65 28 och
989 311 178 40 samtidigt
1192 312 67 29 den
1286 313 154 39 alltjämt
1465 315 178 39 pågående

150 355 136 39 flykten
313 356 81 30 från
421 357 250 40 polistjänsten
697 360 135 39 hejdas.

195 408 228 32 Beträffande
445 412 41 29 de
507 411 86 35 skäl,
616 412 261 32 motionärerna
897 415 119 31 anfört
1037 417 50 29 till
1111 418 77 30 stöd
1210 418 55 30 för
1288 418 59 31 sitt
1367 420 167 38 yrkande,
1558 421 85 29 hän-

148 462 93 29 visas
263 463 52 29 till
338 464 179 30 motionen
539 465 28 30 I:
585 465 74 30 269.

195 568 176 31 Utskottet
394 571 65 29 har
481 571 71 30 inte
577 572 120 30 funnit
721 574 190 40 anledning
934 575 53 29 till
1011 576 141 30 erinran
1176 580 73 27 mot
1272 578 126 40 Kungl.
1424 580 123 39 Maj:ts
1574 580 69 30 för-

150 621 72 39 slag
245 622 10 29 i
278 622 100 40 fråga
402 633 57 20 om
483 625 382 41 anslagsberäkningen
889 629 112 29 under
1024 630 115 29 denna
1162 627 124 47 punkt.

192 674 280 32 Vidkommande
494 678 174 38 yrkandet
689 680 10 28 i
721 679 230 32 förevarande
974 682 171 30 motioner
1168 683 57 30 vill
1250 685 172 30 utskottet
1445 686 115 31 erinra
1583 697 57 20 om

147 729 51 27 att
224 727 126 40 Kungl.
380 729 106 39 Maj:t
514 738 126 30 genom
669 731 291 40 tilläggsdirektiv
988 735 67 28 den
1085 735 39 30 25
1154 737 88 38 april
1274 737 84 30 1958
1388 739 187 40 uppdragit
1604 741 35 29 åt

145 781 571 43 polisverksamhetsutredningen
740 788 50 27 att
813 787 10 28 i
849 787 170 31 samband
1042 790 78 29 med
1144 789 259 41 behandlingen
1427 801 41 21 av
1491 793 146 40 tidigare

146 834 51 28 till
220 834 205 32 densamma
447 837 245 31 överlämnade
716 839 118 39 frågor
856 841 190 30 verkställa
1067 843 187 40 utredning
1276 845 178 38 angående
1476 846 162 40 åtgärder

146 887 55 29 för
220 887 212 42 förbättring
451 899 42 21 av
512 891 263 40 rekryteringen
797 893 52 29 till
869 894 258 39 polisväsendet
1147 905 44 20 m.
1213 906 45 20 m.
1281 897 184 41 Samtidigt
1485 899 64 30 har
1569 900 69 29 till-

147 942 87 28 satts
252 950 43 20 en
312 942 189 40 utredning
518 944 149 30 rörande
687 945 364 32 arbetsförhållanden
1071 949 64 29 och
1154 949 245 31 arbetsvillkor
1418 952 96 29 inom
1533 949 105 47 polis-

144 994 284 38 organisationen
454 996 110 39 jämte
592 997 143 31 därmed
765 1000 346 40 sammanhängande
1140 1003 183 38 spörsmål.
1352 1004 53 30 Då
1433 1006 107 29 redan
1567 1006 69 29 till-

142 1046 138 31 kallade
305 1049 228 39 utredningar
554 1068 45 2 —
623 1050 103 30 såvitt
750 1051 155 40 framgår
929 1062 42 21 av
994 1055 384 39 statsrådsprotokollet
1401 1057 55 30 för
1480 1060 154 29 nämnda

142 1100 67 39 dag
225 1117 45 4 —
286 1101 65 29 har
369 1102 41 29 de
430 1112 41 19 av
490 1103 260 30 motionärerna
769 1104 148 31 berörda
935 1106 164 39 frågorna
1121 1108 109 30 under
1249 1109 249 40 övervägande,
1517 1112 116 29 finner

143 1153 170 30 utskottet
329 1155 221 31 motionerna
564 1156 77 30 icke
657 1157 85 30 böra
758 1157 183 31 föranleda
957 1160 114 39 någon
1088 1161 121 39 åtgärd
1225 1162 81 30 från
1322 1163 207 40 riksdagens
1547 1165 85 30 sida.

143 1206 176 30 Utskottet
342 1209 182 38 avstyrker
547 1209 120 30 därför
691 1211 111 29 dessa.

187 1260 116 30 Under
328 1260 219 41 åberopande
573 1273 41 19 av
639 1264 57 29 det
721 1264 148 31 anförda
894 1265 202 31 hemställer
1122 1264 180 43 utskottet,

496 1316 24 29 I.
539 1317 51 28 att
609 1317 219 30 motionerna
847 1319 29 29 I:
894 1319 63 29 269
976 1320 63 29 och
1058 1320 45 29 II:
1120 1320 61 30 333
1200 1321 76 30 icke
1295 1323 58 29 må
1370 1322 182 32 föranleda
1572 1325 60 30 nå-

453 1376 66 31 gon
541 1369 207 40 riksdagens
771 1371 138 39 åtgärd;

495 1439 40 29 II.
555 1441 51 28 att
625 1440 186 40 riksdagen
831 1442 58 30 må
909 1443 50 28 till
977 1443 128 40 Bidrag
1126 1444 51 29 till
1193 1445 203 39 främjande
1415 1456 42 20 av
1476 1447 154 39 rekryte-

450 1492 121 38 ringen
591 1493 11 28 i
620 1493 91 30 vissa
729 1494 236 39 polisdistrikt
982 1495 55 30 för
1054 1497 205 39 budgetåret
1280 1499 140 30 1959/60
1440 1500 121 30 anvisa
1580 1503 49 27 ett

451 1545 274 41 förslagsanslag
743 1556 41 21 av
802 1548 40 29 50
858 1548 63 29 000
938 1549 140 34 kronor,
1097 1551 106 29 därav
1221 1551 40 29 37
1277 1552 62 29 500
1357 1553 131 30 kronor
1505 1556 50 27 att
1573 1564 57 20 av-

450 1598 129 30 räknas
604 1601 73 27 mot
703 1601 459 31 automobilskattemedlen.

181 1702 96 35 34:0)
304 1704 321 35 Länsstyrelsernas
643 1706 186 30 kostnader
845 1708 56 29 för
918 1708 268 37 fångtransport.
1205 1711 12 29 I
1235 1712 153 39 enlighet
1405 1714 79 29 med
1502 1710 126 49 Kungl.

137 1755 123 39 Maj:ts
281 1756 133 40 förslag
441 1757 129 40 (punkt
594 1759 72 34 170,
689 1769 25 20 s.
738 1759 62 30 443
822 1761 65 29 och
909 1761 95 35 444),
1027 1762 107 31 vilket
1154 1763 146 31 innebär
1321 1765 213 31 oförändrad
1557 1776 70 20 me-

135 1809 272 40 delsanvisning,
434 1811 202 30 hemställer
663 1813 181 34 utskottet,

491 1866 50 27 att
557 1864 188 40 riksdagen
761 1867 57 29 må
836 1867 52 28 till
904 1867 325 39 Länsstyrelsernas
1248 1870 191 30 kostnader
1454 1872 57 38 för
1525 1873 100 38 fång-

446 1917 178 39 transport
648 1917 55 30 för
727 1918 206 40 budgetåret
962 1920 139 33 1959/60
1128 1922 120 30 anvisa
1275 1925 49 27 ett
1350 1923 274 41 förslagsanslag

445 1978 41 21 av
509 1969 62 30 625
587 1969 63 30 000
673 1971 140 30 kronor.

724 2091 309 37 Brandväsendet

175 2172 96 33 35:0)
298 2172 135 30 Statens
454 2174 325 35 brandinspektion:
802 2176 222 35 Avlöningar.
1046 2178 11 28 I
1078 2178 152 39 enlighet
1250 2180 78 29 med
1352 2180 125 39 Kungl.
1499 2182 124 38 Maj:ts

134 2224 128 39 förslag
288 2225 131 38 (punkt
442 2226 70 34 187,
534 2237 25 19 s.
580 2226 63 29 449
665 2228 61 29 och
750 2227 96 35 450),
866 2229 108 29 vilket
994 2230 144 30 innebär
1159 2240 42 20 en
1221 2232 205 39 minskning
1446 2243 41 19 av
1507 2235 114 29 ansla-

131 2279 53 36 get
209 2279 75 28 med
310 2277 96 30 4800
431 2279 140 34 kronor,
597 2279 201 30 hemställer
823 2282 180 34 utskottet,

486 2333 50 27 att
560 2332 186 39 riksdagen
771 2334 57 29 må

486 2384 36 33 a)
558 2385 185 38 godkänna
774 2386 158 39 följande
963 2388 252 39 avlöningsstat
1246 2390 55 29 för
1332 2393 132 28 statens
1495 2393 126 29 brand-

441 2437 210 39 inspektion,
682 2440 49 27 att
760 2438 177 40 tillämpas
966 2440 71 29 tills
1066 2441 116 30 vidare
1212 2443 42 29 fr.
1283 2453 30 20 o.
1341 2454 44 19 m.
1415 2445 204 39 budgetåret

442 2490 155 30 1959/60:

129 2551 18 29 3
175 2546 19 50 —
216 2550 136 40 Bihang
372 2552 52 28 till
444 2551 204 40 riksdagens
668 2553 176 38 protokoll
865 2555 93 29 1959.
979 2556 19 28 6
1017 2556 99 29 saml.
1136 2557 49 29 Nr
1204 2558 41 29 50
