1874 2786
591 176 264 29 Statsutskottets
878 175 167 29 utlåtande
1068 184 37 19 nr
1125 176 28 27 4.
1578 170 41 31 35

785 263 169 44 Sjukvård.

166 335 87 41 61:0)
275 337 152 30 Marinen:
451 333 157 41 Sjukvård.
653 335 17 30 I
704 334 153 42 enlighet
880 333 79 32 med
981 333 125 41 Kungl.
1132 333 117 40 Maj:ts
1271 332 129 41 förslag
1423 331 121 42 (punkt
1568 332 49 37 77,

116 398 24 19 s.
164 387 67 40 97),
254 385 231 32 innebärande
508 385 205 31 oförändrad
734 384 322 40 medelsanvisning,
1080 382 197 32 hemställer
1298 382 177 38 utskottet,

411 439 49 27 att
478 434 180 41 riksdagen
675 437 52 28 må
745 434 53 31 till
814 436 171 31 Marinen:
1004 435 170 39 Sjukvård
1192 434 52 31 för
1259 432 205 40 budgetåret
1482 432 133 31 1950/51

367 489 118 31 anvisa
511 492 48 28 ett
585 488 267 42 förslagsanslag
877 500 40 19 av
942 488 61 32 600
1016 488 61 32 000
1101 487 133 32 kronor.

652 599 307 41 Reseersättningar
982 608 40 24 m.
1046 608 39 24 m.

167 668 86 42 62:0)
276 670 150 30 Marinen:
452 669 290 37 Reseersättningar
765 677 36 22 m.
826 676 37 24 m.
908 667 18 31 I
949 667 153 41 enlighet
1121 666 78 32 med
1215 666 126 42 Kungl.
1358 666 120 41 Maj:ts
1493 666 129 40 förslag

122 719 120 42 (punkt
268 720 48 36 78,
342 730 24 20 s.
393 719 67 41 97),
487 718 229 31 innebärande
742 729 42 20 en
808 717 283 42 anslagshöjning
1115 717 77 31 med
1217 712 135 36 200000
1375 716 134 37 kronor,
1534 715 87 32 hem-

117 771 117 32 ställer
255 771 177 37 utskottet,
456 781 72 21 som
548 770 58 31 vid
626 770 254 41 behandlingen
902 781 40 19 av
964 771 133 29 arméns
1118 768 239 31 motsvarande
1377 767 120 42 anslag
1517 769 106 40 yttrat

117 823 54 42 sig
192 823 12 31 i
226 822 186 42 anledning
433 834 40 19 av
495 822 118 31 väckta
634 822 168 31 motioner
825 832 54 20 om
902 821 191 41 ersättning
1113 820 55 32 till
1191 820 41 31 de
1255 819 229 42 värnpliktiga
1505 819 12 31 i
1541 830 80 21 sam-

116 875 93 35 band
224 874 77 32 med
319 873 442 42 inskrivningsförrättning
779 875 87 29 samt
885 884 54 20 om
958 872 117 31 utökat
1093 872 92 31 antal
1203 872 64 31 fria
1286 883 95 20 resor
1399 872 53 30 för
1469 871 42 31 de
1530 873 92 29 värn-

116 926 154 42 pliktiga,

411 980 49 28 att
480 977 180 41 riksdagen
679 979 53 28 må
750 976 53 31 till
821 976 170 31 Marinen:
1011 975 319 40 Reseersättningar
1348 986 41 20 m.
1409 986 41 20 m.
1472 976 52 30 för
1541 973 80 33 bud-

369 1031 129 39 getåret
521 1028 134 32 1950/51
679 1028 116 31 anvisa
819 1029 48 30 ett
889 1026 267 42 förslagsanslag
1177 1038 40 20 av
1241 1027 91 31 1500
1344 1026 61 32 000
1426 1026 133 32 kronor.

722 1138 167 42 Expenser
912 1147 38 24 m.
976 1146 40 25 m.

169 1207 85 41 63:0)
277 1208 152 31 Marinen:
459 1208 127 30 Bränsle
610 1216 36 22 m.
665 1215 35 23 m.
736 1206 18 31 I
782 1205 152 42 enlighet
957 1205 78 32 med
1058 1205 126 41 Kungl.
1209 1206 118 40 Maj:ts
1348 1205 129 40 förslag
1501 1204 121 41 (punkt

119 1259 49 37 79,
193 1269 24 20 s.
242 1258 38 31 97
306 1258 63 31 och
393 1257 67 41 98),
485 1268 72 20 som
580 1257 144 31 innebär
747 1268 41 19 en
812 1256 283 42 anslagshöjning
1118 1255 77 31 med
1220 1256 59 31 100
1292 1255 61 31 000
1376 1255 134 37 kronor,
1534 1254 87 31 hem-

118 1309 117 32 ställer
258 1309 176 37 utskottet,

412 1363 49 28 att
486 1360 180 41 riksdagen
691 1361 54 30 må
768 1359 54 31 till
846 1359 170 31 Marinen:
1041 1359 144 31 Bränsle
1208 1369 41 20 m.
1276 1369 41 20 m.
1345 1360 54 29 för
1421 1358 203 41 budgetåret

371 1412 132 31 1950/51
531 1411 117 31 anvisa
674 1413 48 29 ett
749 1410 266 41 förslagsanslag
1040 1421 41 20 av
1106 1410 17 31 3
1139 1409 133 32 100000
1297 1410 133 31 kronor.

168 1515 85 40 64:0)
277 1515 150 30 Marinen:
452 1514 125 31 Telefon
603 1522 37 22 m.
658 1522 36 22 m.
720 1514 152 30 Marinen:
897 1506 108 45 Övriga
1025 1521 153 30 expenser
1201 1521 36 22 m.
1255 1521 37 22 m.
1326 1512 18 30 I
1368 1511 154 41 enlighet
1544 1511 79 32 med

117 1564 127 42 Kungl.
263 1563 119 42 Maj:ts
401 1564 129 41 förslag
552 1563 203 42 (punkterna
773 1563 40 31 80
833 1563 63 30 och
914 1563 49 37 81,
983 1573 24 20 s.
1028 1562 39 31 98
1087 1562 62 31 och
1167 1559 66 43 99),
1252 1559 231 34 innebärande
1501 1561 121 32 beträf-

119 1616 102 31 fande
247 1616 235 31 förstnämnda
507 1615 118 41 anslag
650 1614 206 32 oförändrad
880 1614 314 41 medelsanvisning
1220 1614 62 31 och
1307 1613 216 32 beträffande
1549 1613 71 31 sist-

118 1667 145 31 nämnda
285 1667 119 41 anslag
423 1678 42 20 en
485 1666 282 42 anslagshöjning
784 1666 78 31 med
883 1666 40 31 25
935 1666 61 31 000
1015 1666 134 37 kronor,
1169 1665 199 32 hemställer
1387 1665 176 38 utskottet,

412 1720 50 30 att
484 1718 180 42 riksdagen
686 1720 53 29 må
761 1719 53 30 för
834 1718 203 41 budgetåret
1059 1717 134 32 1950/51
1217 1718 117 31 anvisa

413 1771 30 36 a)
472 1770 53 31 till
551 1770 170 31 Marinen:
748 1769 143 40 Telefon
917 1780 41 20 m.
986 1780 41 20 m.
1056 1771 47 29 ett
1131 1769 266 40 förslagsanslag
1424 1780 40 19 av
1490 1769 61 31 460
1562 1768 62 31 000

369 1822 137 36 kronor;

411 1873 35 39 b)
475 1872 53 31 till
549 1872 170 31 Marinen:
745 1871 121 39 Övriga
889 1881 164 30 expenser
1075 1881 40 21 m.
1140 1882 40 20 m.
1205 1873 47 29 ett
1276 1871 348 40 reservationsanslag

371 1936 40 19 av
435 1924 61 30 210
508 1923 61 31 000
591 1923 133 31 kronor.

761 2022 220 42 Mathållning.

170 2093 84 41 65:0)
278 2094 151 30 Marinen:
456 2090 206 41 Mathållning.
688 2093 16 30 I
728 2092 153 41 enlighet
903 2092 79 30 med
1004 2092 127 40 Kungl.
1155 2091 116 41 Maj:ts
1295 2092 128 39 förslag
1438 2091 121 41 (punkt
1574 2092 49 37 82,

120 2155 24 19 s.
166 2143 41 31 99
225 2143 61 30 och
308 2143 85 39 100),
414 2142 229 31 innebärande
664 2142 205 30 oförändrad
889 2141 321 40 medelsanvisning,
1231 2141 197 30 hemställer
1448 2141 175 37 utskottet,

414 2196 50 28 att
496 2193 179 41 riksdagen
706 2195 54 29 må
792 2193 53 31 till
877 2193 169 30 Marinen:
1078 2192 229 40 Mathållning
1340 2190 52 33 för
1423 2192 202 40 budgetåret

373 2245 130 30 1950/51
532 2245 116 30 anvisa
672 2246 47 28 ett
744 2244 265 39 förslagsanslag
1032 2256 39 18 av
1094 2244 93 30 8500
1197 2244 62 30 000
1281 2244 132 30 kronor.

631 2353 356 33 Intendenturmateriel
1012 2362 39 24 m.
1076 2362 38 24 m.

172 2423 84 39 66:0)
281 2423 150 30 Marinen:
456 2422 172 30 Beklädnad
654 2430 36 22 m.
709 2430 37 22 m.
774 2420 126 40 Kungl.
919 2421 98 40 Maj:t
1032 2421 61 30 har
1109 2420 176 41 föreslagit
1301 2420 183 41 riksdagen
1504 2420 124 41 (punkt

122 2472 49 36 83,
194 2483 24 20 s.
243 2472 59 31 100
325 2472 61 30 och
412 2472 71 35 101)
511 2474 46 27 att
583 2470 50 31 till
661 2471 252 40 ifrågavarande
937 2470 152 31 ändamål
1116 2471 51 29 för
1190 2470 198 39 budgetåret
1415 2470 129 30 1950/51
1572 2481 39 19 an

121 2523 73 30 visa
220 2525 47 28 ett
292 2523 348 37 reservationsanslag
666 2534 38 18 av
730 2523 92 30 4000
838 2523 57 27 000
920 2522 131 30 kronor.
