1868 2786
587 182 264 28 Statsutskottets
874 181 166 28 utlåtande
1064 190 37 18 nr
1118 181 30 27 i.
1582 175 40 28 45

173 259 67 30 För
265 256 205 42 likvidering
494 268 39 19 av
559 255 258 40 anskaffningar
842 256 51 29 stå
918 253 107 31 under
1049 253 201 41 budgetåret
1278 251 134 31 1949/50
1438 253 39 28 68
1492 251 58 30 000
1568 253 55 25 000

121 310 126 31 kronor
272 309 53 31 till
352 308 209 42 förfogande.
599 308 76 30 Vad
701 318 72 20 som
799 308 143 30 återstår
968 317 39 19 av
1034 305 92 31 detta
1152 304 126 41 belopp
1304 303 58 31 vid
1388 305 169 39 utgången
1583 313 39 18 av

120 362 202 42 budgetåret
356 361 135 31 1949/50
523 360 86 31 skall
642 360 10 30 i
685 359 134 42 princip
852 360 173 29 överföras
1059 357 53 31 till
1143 354 478 43 budgetutjämningsfonden.

121 414 68 31 För
212 414 202 41 budgetåret
441 412 132 32 1950/51
601 412 86 31 skall
713 413 166 39 upptagas
905 410 117 40 anslag
1048 410 53 30 till
1127 408 125 41 belopp
1279 418 71 20 som
1377 406 168 31 erfordras
1572 407 52 28 för

119 467 49 29 att
191 465 94 32 täcka
309 465 107 31 under
437 464 200 41 budgetåret
661 463 188 32 utfallande
870 462 153 31 likvider.

173 518 68 30 Det
272 519 36 30 är
338 517 198 41 uppenbart,
569 515 196 32 framhåller
795 514 383 42 departementschefen,
1212 514 48 29 att
1293 514 90 29 stora
1416 511 208 40 svårigheter

122 569 164 41 föreligga
323 571 48 28 att
407 580 46 19 nu
488 579 71 20 mer
594 567 98 31 exakt
728 567 146 30 beräkna
912 564 331 42 betalningsutfallet
1281 561 106 33 under
1423 563 200 40 budgetåret

122 620 145 32 1950/51.
297 620 385 42 Departementschefen
701 619 163 36 förordar,
885 620 48 29 att
953 617 152 40 anslaget
1126 617 52 30 för
1196 615 146 31 nämnda
1360 615 167 39 budgetår
1544 626 79 29 upp-

123 674 89 30 föres
238 673 77 31 med
341 672 111 31 10000
464 672 61 31 000
548 672 133 31 kronor.
717 670 81 31 Med
823 670 133 40 hänsyn
980 669 53 31 till
1059 667 223 32 osäkerheten
1307 667 12 31 i
1344 667 109 31 denna
1478 666 145 40 anslags-

120 724 189 41 beräkning
330 723 143 32 föreslår
494 722 374 43 departementschefen
890 720 198 37 emellertid,
1111 722 49 29 att
1182 721 111 29 såsom
1314 718 310 40 betalningsreserv

121 776 53 31 till
200 776 125 40 Kungl.
353 775 118 42 Maj:ts
497 774 209 42 disposition
729 773 153 32 behålles
908 775 49 29 ett
980 772 126 41 belopp
1132 783 54 20 om
1213 771 199 41 förslagsvis
1437 769 40 32 35
1489 770 61 30 000
1562 770 62 29 000

119 828 127 31 kronor
265 839 40 20 av
326 827 57 31 vid
402 829 170 39 utgången
593 838 39 19 av
651 826 203 41 budgetåret
877 825 135 31 1949/50
1033 823 232 41 föreliggande
1287 822 254 31 reservationer.

172 880 69 30 Vid
264 879 100 31 bifall
388 879 53 31 till
465 879 8 30 i
501 879 57 30 det
583 877 204 42 föregående
813 877 179 31 förordade
1019 876 128 41 förslag
1170 874 119 38 skulle,
1316 885 53 20 om
1393 874 132 39 hänsyn
1551 873 72 30 icke

120 933 95 38 tages
235 931 54 31 till
307 933 48 29 att
374 931 89 31 vissa
483 930 110 31 medel
613 930 174 31 överföras
806 929 53 31 till
877 926 480 43 budgetutjämningsfonden,
1377 925 57 31 vid
1453 927 171 39 utgången

121 994 40 19 av
186 982 201 41 budgetåret
416 982 133 31 1950/51
577 982 134 30 kvarstå
737 980 307 42 bemyndiganden,
1073 991 72 19 som
1171 979 73 31 icke
1270 978 114 31 täckas
1412 989 38 19 av
1477 976 146 41 anslags-

119 1034 119 32 medel,
262 1034 51 31 till
339 1036 47 28 ett
407 1034 126 40 belopp
556 1045 39 19 av
621 1033 74 34 (140
708 1033 61 30 590
782 1034 60 28 000
864 1053 15 2 —
884 1033 63 29 68
960 1033 61 30 000
1033 1032 61 30 000
1119 1051 26 2 —
1161 1032 38 29 10
1210 1031 62 30 000
1285 1026 60 35 000
1358 1030 50 31 =)
1437 1030 39 29 62
1489 1029 60 30 590
1561 1029 62 30 000

118 1085 134 32 kronor.

177 1187 181 31 Utskottet.
392 1187 17 30 I
433 1187 92 39 fråga
549 1197 52 20 om
626 1186 65 30 den
714 1184 285 42 budgettekniska
1024 1183 212 40 regleringen
1260 1194 39 19 av
1322 1181 298 40 anskaffningarna

121 1250 40 20 av
188 1239 54 31 till
270 1239 220 31 förevarande
518 1238 117 40 anslag
660 1237 175 41 hänförlig
860 1236 153 31 materiel
1041 1236 60 30 har
1128 1234 167 31 utskottet
1323 1235 111 29 ansett
1462 1233 52 40 sig
1540 1232 81 30 böra

120 1290 168 42 tillstyrka
311 1291 126 40 Kungl.
460 1290 118 41 Maj:ts
601 1290 128 39 förslag
749 1300 52 19 om
824 1291 49 28 att
895 1289 74 30 från
992 1288 62 30 och
1075 1287 76 31 med
1172 1286 202 41 budgetåret
1396 1285 133 31 1950/51
1552 1284 71 31 helt

120 1344 123 40 övergå
265 1343 54 30 till
340 1341 403 41 bemyndigandesystem
765 1340 216 31 beträffande
1005 1339 104 31 sådan
1132 1338 163 31 materiel.
1329 1338 18 30 I
1370 1337 92 31 detta
1485 1338 136 39 system,

120 1405 73 20 som
215 1394 108 31 under
344 1394 41 30 de
407 1395 134 29 senaste
562 1393 211 40 budgetåren
795 1392 103 31 redan
920 1392 124 30 införts
1067 1390 215 31 beträffande
1305 1388 257 41 anskaffningar
1583 1399 40 19 av

120 1446 213 40 tygmateriel
359 1446 49 30 för
429 1447 123 29 armén,
577 1444 286 41 fartvgsmateriel
886 1444 61 30 och
971 1442 235 41 flygmateriel,
1230 1443 123 38 övergå
1374 1439 180 41 befintliga
1578 1450 45 19 re-

119 1496 211 32 servationer
356 1496 107 31 under
489 1496 151 40 anslaget
667 1495 54 31 till
746 1494 306 42 bemyndiganden,
1081 1493 115 31 varvid
1224 1490 398 42 reservationsbeloppen

119 1548 11 30 i
155 1548 133 41 princip
314 1548 157 41 indragas
496 1547 53 31 till
572 1545 480 42 budgetutjämningsfonden.

171 1599 386 41 Departementschefen
582 1599 60 31 har
670 1599 53 30 för
748 1600 94 29 nästa
872 1598 167 40 budgetår
1066 1597 176 40 föreslagit
1269 1598 47 28 ett
1342 1594 280 41 beställningsbe-

120 1650 228 40 myndigande
375 1652 17 28 å
419 1650 39 29 30
485 1649 158 39 miljoner
669 1648 124 31 kronor
821 1648 61 30 och
910 1647 118 31 därvid
1055 1647 170 34 förutsatt,
1253 1647 49 29 att
1329 1656 40 19 en
1397 1644 222 41 omprövning

120 1702 109 31 skulle
255 1703 199 30 verkställas
480 1702 214 31 beträffande
722 1702 88 31 vilka
839 1701 265 40 anskaffningar,
1133 1711 71 19 som
1230 1701 11 30 i
1269 1700 105 31 första
1400 1699 91 32 hand
1516 1697 106 32 borde

119 1754 131 31 komma
278 1754 52 31 till
356 1754 108 33 stånd,
491 1756 159 29 ävensom
676 1756 47 28 att
748 1753 126 40 Kungl.
901 1753 100 40 Maj:t
1026 1752 109 31 skulle
1161 1754 59 38 äga
1248 1753 49 29 att
1322 1751 10 31 i
1358 1750 163 32 samband
1546 1750 76 31 med

119 1807 49 29 att
192 1805 309 42 dispositionsplan
527 1805 186 31 fastställes
738 1805 53 30 för
814 1805 55 30 det
894 1816 62 28 nya
983 1803 307 41 bemyndigandets
1315 1801 216 42 utnyttjande
1555 1801 68 31 vid-

120 1859 74 38 taga
220 1857 302 41 omdispositioner
545 1857 11 29 i
580 1857 94 38 fråga
698 1867 54 20 om
776 1856 92 31 äldre
891 1855 307 41 bemyndiganden,
1223 1865 54 20 om
1302 1854 90 30 detta
1418 1852 108 32 skulle
1551 1853 69 30 visa

122 1906 52 40 sig
195 1906 224 38 erforderligt.
453 1906 176 30 Utskottet
649 1905 61 30 har
732 1905 71 29 icke
829 1905 109 30 funnit
961 1903 184 41 anledning
1167 1903 49 30 till
1242 1903 134 30 erinran
1397 1903 160 30 häremot.

171 1959 68 30 Det
258 1959 125 40 anslag,
404 1970 70 20 som
494 1959 62 30 bör
574 1959 135 30 anvisas
729 1959 53 30 för
799 1959 201 39 budgetåret
1021 1958 128 30 1950/51
1175 1958 50 29 för
1244 1959 48 29 att
1310 1958 88 29 möta
1418 1956 204 40 betalnings-

119 2010 135 31 utfallet
278 2010 107 31 under
407 2022 122 19 samma
553 2010 175 39 budgetår,
752 2010 61 31 har
835 2009 373 41 departementschefen
1231 2008 163 31 beräknat
1417 2007 50 31 till
1494 2008 37 29 10
1553 2007 69 31 mil:

121 2062 97 38 joner
245 2062 132 30 kronor.
418 2062 176 31 Utskottet
624 2073 99 19 anser
752 2062 52 40 sig
832 2062 79 30 böra
943 2061 142 40 godtaga
1117 2060 106 31 denna
1255 2060 188 40 beräkning
1472 2059 61 31 och
1562 2059 60 30 har

119 2112 87 32 intet
226 2115 49 29 att
297 2113 107 31 erinra
427 2115 70 29 mot
518 2115 48 29 att
587 2115 112 29 såsom
720 2113 310 38 betalningsreserv
1053 2111 50 31 till
1127 2112 125 38 Kungl.
1274 2111 119 40 Maj:ts
1415 2111 204 40 disposition

119 2164 153 31 behålles
298 2167 48 28 ett
368 2164 125 41 belopp
519 2176 52 19 om
596 2165 39 29 35
660 2164 159 41 miljoner
843 2164 125 30 kronor
992 2175 39 18 av
1057 2164 53 30 vid
1137 2165 167 37 utgången
1331 2174 39 19 av
1395 2162 226 30 innevarande

118 2215 168 40 hudgetår
311 2215 231 40 föreliggande
566 2214 255 32 reservationer.

177 2265 222 40 Åberopande
418 2265 56 29 det
493 2264 141 30 anförda
655 2264 49 29 får
722 2263 175 33 utskottet,
917 2275 71 17 som
1009 2263 127 29 erinrar
1154 2274 50 18 om
1227 2264 61 29 vad
1308 2263 164 29 utskottet
1495 2262 51 30 vid
1567 2262 51 29 be-

120 2316 207 39 handlingen
350 2328 38 18 av
410 2317 131 28 arméns
562 2315 117 39 anslag
699 2314 50 30 till
773 2314 220 38 anskaffning
1013 2326 38 17 av
1074 2314 208 39 tygmateriel
1307 2325 39 18 m.
1370 2325 39 18 m.
1432 2314 112 29 anfört
1565 2324 51 18 om

125 2368 212 38 redogörelse
372 2368 48 29 för
453 2366 228 40 utnyttjandet
713 2377 38 18 av
782 2365 154 30 lämnade
970 2364 530 39 beställningsbemyndiganden,
1532 2365 74 29 hem

119 2419 109 31 ställa,
