1876 2828
415 123 402 40 Bevillningsutskottets
834 119 216 31 betänkande
1065 127 42 20 nr
1121 118 38 29 51
1177 117 39 30 år
1232 116 83 30 1968
1584 115 18 30 5

125 208 232 39 beräkningar
373 207 64 29 och
454 204 241 39 avsättningen
712 202 109 30 under
837 201 73 30 året
926 200 122 29 kunna
1063 197 116 41 uppgå
1194 196 52 30 till
1263 194 196 32 skillnaden
1475 193 128 30 mellan

126 263 93 29 detla
239 262 270 38 maximibelopp
530 259 65 30 och
616 258 40 30 de
678 257 145 39 avgifter
846 254 257 39 arbetsgivaren
1123 252 64 29 har
1209 252 49 29 att
1280 249 152 31 inbetala
1452 248 54 30 för
1529 248 75 29 sina

123 316 182 30 anställda.
326 314 267 31 Bestämmelser
613 311 177 40 angående
810 309 189 30 fondernas
1022 305 218 38 avskiljande
1262 304 65 30 och
1348 303 119 30 dessas
1490 301 115 30 säker-

127 370 169 30 ställande
317 369 61 30 bör
399 368 158 30 utfärdas
579 367 10 29 i
610 365 136 40 analogi
765 364 79 30 med
864 363 67 30 vad
953 371 73 21 som
1047 360 125 30 bittills
1193 359 83 40 gällt
1296 359 11 29 i
1327 358 99 38 fråga
1446 365 57 21 om
1523 364 81 31 pen-

127 424 334 37 sionsavsättningar
476 422 95 29 inom
586 422 74 38 eget
675 420 143 37 företag.

169 479 67 29 För
257 476 271 41 genomförande
548 484 41 20 av
606 483 43 21 en
670 473 108 30 sådan
797 471 147 39 ordning
963 470 89 30 talar
1072 468 125 30 främst
1217 465 157 41 följande
1394 463 211 39 omständig-

126 533 106 29 heter.
247 529 354 41 Förelagssparandet
617 528 111 39 spelar
743 526 54 30 för
811 523 217 32 närvarande
1042 532 42 21 en
1097 522 138 39 mycket
1251 522 70 28 stor
1335 520 65 29 roll
1414 518 65 30 och
1494 517 112 30 skulle

128 586 56 30 vid
203 586 66 29 den
287 585 196 38 föreslagna
501 581 289 39 fondbildningen
808 581 85 28 utan
910 578 104 30 tvivel
1032 576 170 41 påverkas
1220 575 11 29 i
1250 582 169 32 gynnsam
1438 571 166 39 riktning.

129 640 128 29 Genom
274 640 49 28 att
339 638 44 39 på
399 638 94 29 detta
510 637 67 29 sätt
593 635 131 38 främja
740 631 341 41 företagssparandet
1098 630 112 29 skulle
1226 637 83 20 man
1325 626 199 30 underlätta
1540 625 66 29 lös-

125 694 126 39 ningen
273 702 40 20 av
333 692 93 29 vissa
446 700 41 21 av
508 690 196 38 företagens
725 686 273 40 kreditproblem
1020 684 64 30 och
1106 683 110 39 skapa
1237 680 294 38 förutsättningar
1552 678 55 29 för

125 757 41 20 en
194 747 109 29 större
331 743 365 42 produktionsökning
723 741 80 30 med
831 740 106 30 därav
964 737 156 38 följande
1150 734 300 39 standardökning
1478 733 11 29 1
1519 741 89 20 sam-

129 801 115 29 hället.
261 800 66 29 För
344 799 41 29 de
402 797 173 31 anställda
591 796 112 30 skulle
719 804 42 20 en
776 793 143 40 frivillig
935 792 183 38 fondering
1134 790 95 30 inom
1246 789 178 38 företagen
1440 786 167 30 innebära

130 856 49 28 att
196 852 416 41 pensionsutfästelserna
630 849 137 40 gjordes
787 848 151 30 säkrare.
957 846 113 39 Högre
1088 843 252 40 avgiftsbelopp
1361 841 111 30 skulle
1490 840 117 29 finnas

130 909 144 32 avsatta,
293 906 176 39 samtidigt
488 914 73 20 som
580 904 65 30 den
663 902 110 31 ökade
790 900 258 42 produktionen
1067 898 111 31 skulle
1196 896 177 31 förstärka
1391 894 215 30 säkerheten.

129 962 191 38 Företagen
345 960 111 29 skulle
480 959 35 29 få
538 957 219 40 möjligheter
781 956 53 29 till
857 964 42 21 en
923 954 94 30 såväl
1040 953 54 29 för
1118 952 179 38 företagen
1321 949 111 37 själva
1456 957 74 21 som
1554 947 53 30 för

128 1015 183 30 samhället
333 1013 149 31 lönande
504 1010 359 39 resultatutjämning.
887 1008 48 30 På
959 1007 113 40 grund
1093 1006 110 29 härav
1226 1004 55 30 får
1304 1012 83 21 man
1411 1002 198 32 förutsätta,

129 1071 49 28 alt
195 1069 178 37 förelagen
392 1067 111 30 skulle
522 1066 99 29 finna
640 1065 56 29 det
714 1063 163 39 förenligt
895 1061 79 30 med
993 1061 76 31 sina
1084 1061 173 28 intressen
1277 1059 49 28 att
1345 1058 11 28 i
1376 1057 128 29 största
1522 1054 88 37 möj-

128 1123 68 39 liga
215 1121 244 39 utsträckning
480 1120 154 39 begagna
655 1118 114 29 rätten
791 1117 52 29 till
865 1115 142 39 frivillig
1030 1113 198 39 avsättning
1250 1111 52 30 till
1325 1118 85 32 egen
1431 1109 179 40 pensions-

128 1176 95 30 fond.
245 1176 74 29 Den
341 1173 231 39 övervältring
594 1182 41 19 av
656 1171 236 30 kostnaderna
914 1169 54 29 för
989 1167 233 41 pensionerna
1245 1174 74 21 som
1342 1164 235 30 förekommer
1600 1162 11 28 i

129 1229 202 30 nuvarande
348 1230 128 37 system
496 1228 37 28 är
552 1226 81 29 från
652 1225 94 30 såväl
765 1223 218 41 principiella
1002 1231 74 20 som
1096 1218 364 40 rättvisesynpunkter
1480 1217 11 29 i
1511 1216 100 39 högs-

131 1287 34 27 la
189 1283 84 39 grad
297 1280 356 31 otillfredsställande.

175 1338 65 28 Det
261 1336 197 38 föreslagna
480 1335 163 38 systemet
663 1333 70 29 kan
754 1332 29 39 ej
808 1330 221 40 genomföras
1049 1331 85 27 utan
1155 1327 196 38 utredning.
1372 1326 65 29 Det
1458 1325 37 29 är
1515 1324 44 29 bl.
1582 1333 28 20 a.

134 1391 178 39 angelägel
336 1391 50 27 att
410 1397 38 20 en
474 1387 176 30 realistisk
673 1385 193 39 beräkning
890 1383 79 30 med
991 1380 307 41 hänsynstagande
1321 1380 53 29 till
1398 1377 214 41 uppskattad

134 1444 185 39 dödlighet,
341 1439 443 43 produktionsutveckling,
804 1438 177 38 ränteläge
1002 1446 45 20 m.
1068 1445 45 20 m.
1136 1436 97 38 göres
1255 1433 176 40 angående
1453 1432 41 29 de
1513 1431 99 30 verk-

130 1499 68 38 liga
216 1495 281 41 genomsnittliga
517 1493 294 31 årskostnaderna
829 1492 54 29 för
903 1491 40 30 de
962 1490 134 30 utfästa
1112 1486 461 42 pensionsförpliktelserna.

783 1638 179 33 Utskottet

179 1739 218 29 Motionerna
412 1737 111 39 syftar
541 1736 49 29 till
606 1733 184 32 införande
807 1743 41 19 av
863 1742 42 20 en
919 1731 243 30 bestämmelse
1179 1739 41 20 av
1235 1727 169 32 innebörd
1420 1729 50 28 att
1486 1726 128 30 arbets-

136 1792 114 40 givare
268 1792 95 28 inom
384 1790 93 30 såväl
498 1790 109 29 slörre
627 1797 73 21 som
720 1787 135 29 mindre
874 1786 134 38 företag
1028 1784 88 30 skall
1136 1784 63 38 äga
1217 1783 69 29 rätt
1305 1784 50 27 att
1372 1799 45 2 —
1434 1781 120 29 utöver
1574 1779 40 30 de

137 1846 108 39 årliga
260 1845 194 39 avgifterna
469 1844 52 29 till
537 1843 85 29 ATP
637 1859 44 3 —
698 1840 191 31 skattefritt
906 1840 134 29 avsätta
1056 1837 111 30 medel
1183 1837 52 29 till
1252 1843 84 32 egen
1352 1829 262 49 pensionsfond.

181 1900 175 29 Utskottet
377 1898 177 38 avstyrkte
574 1896 99 29 bifall
694 1895 52 29 till
768 1903 133 21 samma
922 1890 309 41 motionsyrkande
1252 1890 96 29 förra
1369 1889 72 29 året
1462 1889 10 28 i
1495 1888 59 29 sitt
1575 1897 41 19 av

137 1953 186 39 riksdagen
342 1951 183 40 godkända
541 1948 220 31 betänkande
779 1957 40 20 nr
837 1947 51 30 57.
906 1945 129 31 Därvid
1054 1944 158 31 erinrade
1230 1943 169 30 utskottet
1416 1951 56 20 om
1490 1941 40 30 de
1548 1950 68 30 nya

137 2007 261 30 bestämmelser
415 2014 56 20 om
486 2001 373 42 pensionskostnaders
875 2000 211 38 behandling
1101 1999 11 29 i
1129 1996 312 32 skattehänseende
1458 2004 73 21 som
1548 1995 68 39 göl-

138 2062 49 28 ler
210 2061 42 28 fr.
268 2069 27 20 o.
311 2069 44 19 m.
380 2059 82 29 1969
487 2058 55 29 års
565 2057 156 38 taxering
744 2056 64 29 och
831 2064 74 21 som
927 2053 145 30 innebär
1096 2054 50 28 att
1169 2053 47 28 ett
1239 2051 133 38 företag
1393 2067 45 3 —
1459 2049 79 30 med
1562 2058 55 20 av-

139 2114 174 39 dragsrätt
332 2113 55 29 vid
410 2112 198 39 laxeringen
626 2128 44 2 —
687 2110 70 29 kan
777 2111 121 37 trygga
916 2107 146 40 pension
1081 2107 85 28 även
1186 2105 35 29 åt
1239 2103 306 39 huvuddelägaren
1566 2102 51 29 så-

139 2169 53 29 väl
215 2176 121 31 genom
360 2176 41 20 en
424 2165 150 30 särskild
597 2163 220 38 skuldföring
839 2163 11 28 i
871 2161 284 38 räkenskaperna
1179 2168 73 20 som
1275 2166 122 31 genom
1420 2156 198 39 avsättning

140 2232 41 19 av
205 2221 111 30 medel
342 2220 49 29 till
415 2218 325 41 pensionsstiftelse.
765 2216 175 30 Utskottet
964 2213 212 31 underströk
1200 2212 105 29 också
1330 2213 50 27 att
1404 2212 47 28 ett
1477 2210 141 30 svenskt

141 2276 142 37 förelag,
300 2283 73 20 som
389 2273 70 29 inte
476 2272 110 29 utfäst
602 2271 50 39 sig
667 2272 50 27 att
731 2270 114 29 betala
859 2268 184 40 pensioner
1058 2267 57 29 vid
1132 2266 99 30 sidan
1247 2275 41 19 av
1303 2265 95 33 ATP,
1415 2265 70 28 inte
1501 2263 117 29 kunde

140 2338 101 20 anses
263 2328 45 29 ha
330 2327 113 38 någon
465 2324 271 41 pensionsskuld
758 2324 120 28 utöver
901 2322 40 30 de
964 2320 336 39 författningsenligt
1323 2318 219 30 föreskrivna
1564 2327 55 19 av-

142 2382 149 39 gifterna
309 2381 54 29 för
382 2380 113 30 denna
512 2378 255 40 pensionering.
787 2376 129 30 Genom
936 2377 49 28 att
1003 2375 42 29 de
1062 2383 69 30 nya
1148 2373 157 39 reglerna
1323 2381 56 20 om
1399 2371 221 38 skuldföring

142 2446 40 20 av
201 2433 356 42 pensionskostnader
577 2432 64 29 och
662 2440 56 20 om
739 2430 197 38 avsättning
957 2429 51 29 till
1028 2427 314 41 pensionsstiftelse
1363 2426 188 29 utformats
1573 2425 46 33 så,

143 2491 49 29 att
218 2489 40 30 de
285 2488 117 30 kunde
433 2487 173 39 lillämpas
632 2485 106 29 också
762 2484 45 40 på
832 2481 402 40 beskattningsområdet
1261 2480 64 30 och
1352 2480 200 38 därigenom
1581 2479 39 29 de
