2217 2678
417 211 19 32 4
913 213 249 32 Statsutskottets
1191 211 167 33 Utlåtande
1383 211 61 32 N:o
1470 213 50 31 92.

375 296 106 46 sagts
522 291 127 38 kunde
691 305 91 24 vara
823 292 229 50 berättigad,
1098 292 79 38 dels
1207 292 70 37 ock
1306 296 77 33 mot
1410 290 155 51 bolaget
1592 290 13 37 i
1633 290 199 38 enahanda
1861 290 103 50 syfte

373 345 236 38 beträffande
637 345 89 36 land
755 344 69 38 och
852 350 131 33 vatten
1012 346 64 37 vid
1105 336 109 47 Önan
1242 345 85 37 med
1356 344 177 38 afseende
1563 347 20 34 å
1603 344 197 37 derstädes
1821 344 143 37 skatte-

376 399 117 49 köpta
522 411 165 36 qvarnar
716 398 69 36 och
814 401 124 47 sågar.

505 450 190 50 Slutligen
723 451 97 37 hade
845 452 144 48 jemväl
1017 452 95 37 tvist
1131 454 174 48 uppstått
1326 450 138 38 mellan
1484 450 146 37 kronan
1651 450 71 37 och
1742 450 85 50 Nya
1846 449 120 37 Troll-

373 504 107 37 hätte
522 504 243 49 kanalbolag,
808 504 185 38 huruvida
1036 505 191 49 åtskilliga
1254 503 252 38 kanalverket
1533 503 227 37 tillhörande
1789 503 180 37 hemman

374 557 70 37 och
471 556 236 50 lägenheter,
736 557 58 36 till
821 557 130 38 hvilka
978 558 118 37 bland
1125 563 116 32 annat
1261 558 73 36 den
1355 562 103 33 östra
1478 556 233 37 elfstranden
1731 556 126 50 lydde,
1878 569 90 24 vore

375 615 55 32 att
459 623 89 24 anse
579 612 122 35 såsom
731 609 175 50 bolagets
935 611 172 37 enskilda
1136 610 198 50 egendom,
1356 610 92 37 eller
1467 609 186 37 huruvida
1671 609 155 50 bolaget
1846 609 123 50 enligt

374 663 84 37 sina
486 663 220 50 privilegier
733 662 98 38 hade
861 663 221 51 skyldighet
1111 669 55 32 att
1195 664 94 37 efter
1319 663 222 50 åtnjutande
1570 662 147 51 årligen
1746 663 41 36 af
1804 663 163 47 150,000

375 716 143 35 kronor
547 716 41 35 af
612 715 269 37 kanalverkets
909 716 209 37 inkomster
1146 717 58 35 till
1231 717 146 35 kronan
1402 716 173 35 redovisa
1592 716 218 35 afkomsten
1825 715 144 48 jemväl

376 768 40 37 af
453 767 112 38 dessa
605 767 179 38 hemman
825 768 70 37 och
923 767 234 51 lägenheter.
1213 768 135 37 Denna
1375 767 102 49 tvist,
1508 780 79 24 som
1616 767 240 50 uppkommit
1883 766 85 37 med

375 820 209 50 anledning
626 821 40 36 af
704 834 47 24 en
793 821 86 37 utaf
916 822 242 49 Riksdagens
1187 824 39 34 år
1257 823 97 35 1895
1383 820 227 37 församlade
1638 820 189 37 revisorer
1855 819 113 50 gjord

376 873 255 48 anmärkning
658 872 12 37 i
699 873 178 38 afseende
906 877 21 34 å
955 874 387 37 rättsförhållandena
1371 873 139 37 mellan
1539 874 146 36 kronan
1714 873 69 36 och
1802 872 165 49 bolaget,

374 926 98 37 hade
501 926 41 37 af
568 926 104 37 såväl
699 926 249 38 förenämnda
976 927 216 37 häradsrätt
1221 940 81 23 som
1322 926 195 37 hofrätten
1537 925 163 51 afgjorts
1719 925 59 37 till
1797 925 173 49 bolagets

375 979 146 37 förmån
552 979 70 37 och
650 978 97 37 hade
776 993 51 22 nu
856 980 147 49 dragits
1031 979 120 38 under
1179 980 137 49 högsta
1344 978 233 38 domstolens
1604 978 196 50 pröfning.

503 1031 18 37 I
540 1032 109 49 fråga
668 1045 59 23 om
750 1037 116 32 sättet
884 1033 59 36 för
962 1032 310 38 vattenkraftens
1292 1032 66 37 vid
1377 1031 237 37 Trollhättan
1633 1030 336 51 tillgodogörande

374 1085 109 47 hade,
514 1087 123 34 såsom
667 1085 420 49 departementschefen
1116 1086 119 36 redan
1264 1085 147 49 antydt,
1440 1085 91 36 flera
1560 1084 98 37 olika
1685 1084 146 49 förslag
1854 1084 116 36 fram-

375 1137 169 37 kommit.
602 1136 166 38 Sålunda
809 1137 97 37 hade
950 1138 184 38 särskilde
1165 1138 39 37 af
1230 1138 139 49 Kongl.
1399 1137 109 50 Maj:t
1537 1136 157 38 utsedde
1723 1136 247 49 komiterade,

375 1189 194 48 nemligen
596 1189 323 50 landshöfdingen
948 1191 40 35 L.
1020 1190 43 37 V.
1094 1190 212 49 Lothigius,
1336 1190 170 49 majoren
1535 1189 64 37 vid
1619 1194 91 44 väg-
1731 1190 70 35 och
1820 1193 150 32 vatten-

375 1241 326 50 byggnadskåren
743 1242 45 37 V.
832 1242 156 49 Gagner
1029 1243 71 36 och
1140 1242 366 50 yrkesinspektören
1541 1241 44 37 G.
1616 1241 93 48 Uhr,
1740 1241 73 37 den
1844 1243 17 34 7
1893 1241 75 49 maj

379 1295 98 36 1894
519 1294 154 49 afgifvit
713 1295 197 37 utlåtande
939 1296 70 36 och
1037 1295 147 49 förslag
1210 1295 13 36 i
1251 1295 209 48 anledning
1488 1294 41 37 af
1553 1294 113 36 väckt
1693 1295 108 46 fråga
1829 1294 141 47 derom,

376 1346 188 37 huruvida
605 1352 98 31 samt
742 1350 49 47 på
831 1348 102 36 hvad
975 1352 77 33 sätt
1089 1348 69 36 och
1187 1347 120 37 under
1335 1347 131 37 hvilka
1493 1346 126 37 vilkor
1648 1347 45 36 de
1720 1347 12 35 i
1761 1346 210 37 Trollhätte

377 1404 202 32 strömmar
625 1399 176 50 belägna,
844 1400 147 37 kronan
1032 1400 196 50 tillhöriga
1269 1399 148 38 holmar
1460 1399 69 37 och
1573 1405 64 31 öar
1679 1404 97 32 samt
1804 1399 167 37 kronans

376 1452 186 50 möjligen
603 1452 61 37 vid
708 1452 239 38 Trollhättan
989 1453 148 50 egande
1179 1453 126 49 öfriga
1341 1452 225 50 lägenheter
1596 1452 71 37 och
1695 1452 277 50 odisponerade

377 1505 108 36 mark
513 1504 121 37 skulle
663 1505 129 37 kunna
819 1511 113 42 göras
960 1505 391 50 inkomstbringande.
1407 1504 66 38 Uti
1506 1505 105 36 detta
1631 1504 66 37 sitt
1716 1504 145 49 förslag
1876 1504 97 37 hade

376 1557 236 37 komiterade
653 1559 128 47 utgått
822 1558 84 36 från
948 1558 72 37 den
1061 1558 290 49 förutsättning,
1395 1562 54 32 att
1483 1563 115 31 öarna
1628 1556 158 51 Spikön,
1817 1556 155 48 Gullön,

378 1609 109 38 Stora
528 1609 157 50 Toppön
714 1610 71 36 och
813 1610 96 37 Lilla
937 1611 159 50 Toppön
1124 1610 176 37 tillhörde
1329 1610 147 37 kronan
1506 1610 69 37 och
1605 1614 55 33 att
1689 1609 110 37 alltså
1827 1609 146 37 kronan

377 1662 119 49 enligt
523 1662 131 49 kongl.
685 1663 277 49 förordningen
992 1664 73 36 den
1094 1665 48 35 30
1172 1663 201 37 december
1404 1665 98 34 1880
1532 1662 200 49 angående
1748 1661 225 51 jordegares

375 1720 79 31 rätt
495 1714 107 37 öfver
642 1719 147 32 vattnet
816 1718 20 33 å
864 1716 95 36 hans
1000 1716 127 48 grund
1166 1715 96 48 egde
1290 1715 259 50 tillgodogöra
1579 1715 59 49 sig
1666 1719 151 32 vattnet
1844 1715 130 37 utmed

377 1767 71 37 och
489 1766 139 37 mellan
661 1768 167 36 nämnda
856 1773 83 41 öar;
971 1768 69 37 och
1067 1768 97 37 hade
1193 1767 235 38 komiterade
1456 1767 192 48 hemstält,
1680 1772 54 31 att
1762 1767 145 37 kronan
1937 1767 41 37 af

379 1820 74 36 den
480 1819 147 36 kronan
655 1822 124 34 såsom
810 1833 112 36 egare
951 1820 56 37 till
1038 1826 115 31 öarna
1181 1820 288 36 tillkommande
1498 1819 238 37 vattenkraft
1756 1819 122 37 skulle
1897 1819 75 37 till-

377 1871 197 50 godogöra
616 1871 62 50 sig
720 1873 137 47 20,000
901 1873 179 37 effektiva
1118 1872 233 37 hästkrafter
1379 1885 140 37 genom
1547 1875 66 33 två
1641 1871 185 37 särskilda
1856 1871 116 37 krafti-

377 1924 463 50 upptagningsstationer,
884 1926 72 36 den
998 1939 70 23 ena
1097 1928 21 34 å
1146 1925 160 37 Gullöns
1349 1938 111 23 norra
1498 1925 80 36 sida
1607 1924 70 37 och
1705 1924 75 37 den
1809 1925 116 36 andra
1953 1927 21 33 å

380 1976 158 50 Spikön,
580 1976 190 37 hvardera
811 1977 194 38 beräknad
1047 1983 56 31 att
1143 1982 135 44 uttaga
1322 1979 136 47 10,000
1487 1977 242 37 hästkrafter.
1786 1976 54 37 Af
1864 1977 110 36 dessa

378 2029 184 37 stationer
604 2028 122 37 skulle
768 2029 73 37 den
870 2034 20 33 å
919 2030 140 37 Gullön
1100 2030 96 37 först
1223 2030 157 46 utföras,
1411 2043 86 23 men
1527 2043 47 23 en
1601 2030 60 36 för
1689 2029 97 36 båda
1815 2029 158 49 anlägg-

378 2082 189 48 ningarna
608 2094 223 37 gemensam
872 2083 135 37 tunnel
1050 2082 121 38 skulle
1215 2082 185 50 anläggas
1429 2082 122 37 under
1580 2081 142 38 Gullön
1751 2081 70 37 och
1849 2082 124 49 Topp-

379 2140 113 31 öarna
520 2134 95 37 fram
643 2134 59 36 till
730 2134 116 38 nedre
875 2136 126 37 ändan
1030 2136 41 37 af
1096 2135 111 38 Stora
1234 2135 159 50 Toppön
1422 2135 86 37 med
1537 2134 142 37 sådana
1704 2134 268 48 dimensioner,

379 2191 55 33 att
462 2186 73 38 den
564 2186 196 38 förmådde
788 2193 170 45 upptaga
987 2188 206 37 drifvatten
1220 2188 61 36 för
1308 2188 99 37 båda
1426 2187 351 50 anläggningarnas
1797 2192 173 31 motorer.

378 2239 158 37 Kronan
577 2239 97 37 hade
717 2239 176 50 derefter,
931 2241 154 48 jemlikt
1114 2240 211 49 stadgande
1354 2241 12 36 i
1397 2242 46 35 10
1472 2240 20 50 &
1522 2240 39 36 af
1587 2240 282 35 ofvannämnda
1896 2239 76 37 för-

379 2292 177 49 ordning,
585 2292 69 36 hos
684 2292 304 39 domhafvanden
1016 2294 12 36 i
1056 2293 106 38 Väne
1190 2293 119 36 härad
1337 2294 104 50 gjort
1469 2292 216 49 ansökning
1713 2305 60 23 om
1801 2292 172 37 tillstånd

380 2349 55 32 att
463 2344 58 37 för
540 2344 240 49 anläggning
800 2346 69 37 och
888 2345 333 50 tillgodogörande
1243 2345 40 36 af
1298 2344 475 50 kraftuttagningsstation
1794 2347 20 34 å
1835 2343 138 37 Gullön
