1906 2822
37 935 108 33 Ökning
164 947 35 17 av

35 977 102 22 fonden
156 977 43 22 för

61 1013 102 21 rederi-

36 1046 153 26 näringens

33 1081 165 22 understöd-

68 1116 93 25 jande.

239 158 20 31 é
718 162 229 29 Statsutskottets
968 164 148 28 utlåtande
1137 165 49 27 Nr
1208 162 47 31 19.

912 425 62 40 Nr
1006 425 62 41 19.

582 535 124 28 Ankom
730 535 49 28 till
803 536 187 36 riksdagens
1014 536 106 28 kansli
1143 537 62 27 den
1230 538 16 26 7
1270 537 140 28 februari
1436 539 79 28 1928
1539 540 40 27 kl.
1606 540 16 27 2
1646 548 25 19 e.
1696 549 41 19 m.

554 627 193 36 Utlåtande
788 628 14 35 i
839 628 194 50 anledning
1067 642 44 23 av
1151 630 136 48 Kungl.
1319 630 128 49 Maj:ts
1486 631 14 36 i
1539 632 198 36 statsverks-

641 680 268 48 propositionen
934 681 135 49 gjorda
1090 682 325 50 framställningar
1442 695 55 24 om
1525 685 128 49 anslag
1682 685 57 36 till

649 732 269 50 kapitalökning
962 735 115 34 under
1122 734 416 49 handelsdepartementet
1571 736 114 49 jämte
1724 737 15 36 i

648 788 116 32 ämnet
792 785 125 36 väckta
944 787 180 35 motioner.

1498 840 69 44 (4:e
1595 842 88 42 avd.)

289 939 62 40 1:o)
374 937 61 32 Uti
458 937 65 32 den
548 938 53 30 till
623 937 182 42 riksdagen
829 939 66 31 den
918 940 20 29 4
959 939 134 41 januari
1111 940 80 31 1928
1211 940 136 31 avlåtna
1361 941 262 41 propositionen
1639 944 97 40 angå-

235 988 86 31 ende
359 988 223 31 statsverkets
619 988 156 32 tillstånd
813 989 64 31 och
910 989 112 32 behov
1056 990 108 31 under
1197 990 203 42 budgetåret
1436 992 206 32 1928—1929
1675 993 62 31 har

234 1038 125 41 Kungl.
396 1039 105 41 Maj:t,
537 1038 108 32 under
678 1039 217 42 åberopande
929 1051 40 20 av
1003 1040 58 31 det
1094 1040 57 32 vid
1184 1041 263 41 propositionen
1481 1042 108 32 under
1617 1043 119 32 rubrik

237 1089 169 41 »Utgifter
428 1090 52 31 för
502 1089 266 42 kapitalökning,
793 1090 57 31 bil.
875 1091 37 31 5»
938 1091 121 42 fogade
1084 1091 378 42 statsrådsprotokollet
1485 1094 80 31 över
1579 1093 156 32 handels-

234 1140 149 31 ärenden
411 1140 52 32 för
484 1140 149 32 nämnda
656 1140 73 42 dag,
753 1141 178 42 föreslagit
952 1141 182 42 riksdagen
1158 1142 74 38 dels,
1256 1143 79 31 med
1358 1139 248 46 godkännande
1629 1155 40 20 av
1692 1145 43 31 de

233 1202 41 19 av
297 1191 376 41 departementschefen
696 1191 182 32 förordade
901 1192 194 41 grunderna
1117 1193 52 31 för
1191 1193 259 42 kapitalökning
1472 1194 53 32 för
1540 1194 126 32 fonden
1682 1195 53 31 för

232 1241 296 41 rederinäringens
551 1242 302 42 understödjande,
877 1245 19 29 å
918 1243 186 32 riksstaten
1120 1243 53 32 för
1187 1244 204 41 budgetåret
1408 1245 206 32 1928—1929
1630 1245 104 32 bland

233 1292 140 41 utgifter
405 1293 53 31 för
479 1293 259 41 kapitalökning
760 1293 119 32 anvisa
902 1296 48 29 ett
973 1294 350 42 reservationsanslag
1346 1306 41 20 av
1410 1296 166 38 2,500,000
1598 1296 135 39 kronor,

233 1344 65 31 dels
331 1344 54 31 ock
417 1343 164 42 medgiva,
612 1345 50 30 att
693 1346 98 29 ränta
824 1346 19 30 å
865 1345 66 38 lån,
956 1356 72 20 som
1052 1345 182 32 framdeles
1256 1345 144 42 beviljas
1423 1346 73 31 från
1519 1346 137 39 fonden,
1680 1349 54 29 må

232 1395 81 41 utgå
336 1394 86 32 efter
444 1405 42 20 en
510 1395 148 31 räntefot
680 1406 40 20 av
742 1395 67 31 fem
833 1397 151 40 procent.

284 1445 218 31 Beträffande
526 1445 226 42 utredningen
776 1446 11 31 1
811 1446 141 31 ärendet
974 1446 51 31 får
1047 1446 169 32 utskottet
1239 1447 143 32 hänvisa
1405 1447 52 32 till
1480 1447 63 32 sid.
1569 1448 102 32 1—15
1694 1459 40 21 av

231 1495 193 41 åberopade
447 1496 388 42 statsrådsprotokollet.

283 1572 18 31 I
329 1574 55 29 två
406 1572 218 42 likalydande
647 1573 178 39 motioner,
849 1574 119 31 väckta
990 1573 66 32 den
1081 1585 63 20 ena
1166 1574 92 32 inom
1283 1574 107 32 första
1406 1575 203 39 kammaren,
1627 1587 40 20 nr
1682 1577 50 38 61,

230 1634 40 20 av
293 1623 79 31 herr
396 1623 30 32 S.
457 1624 158 31 Stendahl
637 1635 41 20 m.
702 1624 31 31 fl.
757 1624 65 31 och
856 1624 66 32 den
956 1625 106 31 andra
1084 1624 93 32 inom
1201 1625 106 31 andra
1329 1626 203 39 kammaren,
1556 1638 41 20 nr
1619 1627 49 39 95,
1693 1638 40 20 av

229 1673 79 32 herr
342 1673 39 32 A.
411 1674 103 32 Thore
537 1686 41 19 m.
602 1675 43 38 £l.,
669 1675 61 31 har
763 1675 203 38 hemställts,
991 1677 49 30 att
1073 1676 192 41 riksdagen,
1289 1676 110 32 under
1422 1677 176 32 uttalande
1620 1688 41 20 av
1683 1679 51 30 att

229 1724 102 42 ingen
354 1724 143 42 höjning
519 1736 40 20 av
582 1727 214 30 räntesatsen
820 1728 19 29 å
861 1726 56 31 lån
940 1726 72 31 från
1036 1726 320 32 rederilånefonden
1372 1739 46 19 nu
1435 1727 63 32 bör
1513 1728 218 39 förekomma,

229 1774 162 39 beslutar,
416 1777 49 29 att
487 1775 53 32 för
562 1776 259 41 kapitalökning
843 1777 53 30 för
917 1776 127 32 fonden
1058 1777 53 31 till
1127 1777 296 42 rederinäringens
1439 1778 292 42 understödjande

228 1827 20 29 å
267 1826 185 31 riksstaten
468 1826 53 32 för
536 1826 202 42 budgetåret
755 1828 208 31 1928—1929
979 1827 104 32 bland
1100 1828 140 41 utgifter
1254 1828 53 32 för
1322 1828 259 43 kapitalökning
1596 1829 135 32 anvisas

228 1877 49 30 ett
299 1876 127 41 belopp
450 1888 40 20 av
512 1877 73 41 fyra
608 1877 158 41 miljoner
788 1878 136 31 kronor.

280 1926 18 32 I
331 1927 94 42 fråga
458 1938 54 21 om
548 1927 41 32 de
617 1928 82 38 skäl,
723 1928 254 32 motionärerna
1000 1929 113 31 anfört
1135 1929 52 32 till
1211 1929 78 32 stöd
1312 1930 53 31 för
1387 1930 342 42 framställningarna,

227 1977 51 32 får
299 1978 170 31 utskottet
492 1978 142 32 hänvisa
656 1979 52 31 till
732 1979 222 32 motionerna.

280 2072 18 31 I
332 2072 164 32 skrivelse
530 2072 66 32 den
632 2074 16 30 7
683 2073 144 32 oktober
852 2074 78 31 1927
955 2074 61 31 har
1039 2074 330 41 kommerskollegium,
1394 2076 109 30 under
1525 2075 206 43 hänvisning

229 2123 50 31 till
313 2123 187 31 verkställd
533 2123 184 42 utredning
750 2124 64 31 och
843 2124 77 32 med
943 2124 218 42 åberopande
1184 2136 40 20 av
1246 2125 337 33 rederilånefondens
1607 2138 122 30 genom

228 2174 290 41 penningvärdets
551 2175 59 30 fall
643 2175 178 31 minskade
856 2175 209 38 effektivitet,
1091 2176 58 31 det
1182 2176 171 31 allmänna
1386 2177 221 32 ekonomiska
1639 2178 91 41 läget

227 2224 92 32 inom
355 2225 305 42 sjöfartsnäringen
694 2226 64 31 och
792 2226 148 31 behovet
963 2237 39 20 av
1026 2237 41 20 en
1091 2226 198 42 fortgående
1313 2227 273 42 modernisering
1608 2239 40 20 av
1671 2228 58 32 det

228 2275 144 31 svenska
395 2276 321 41 fartygsbeståndet,
740 2276 185 39 hemställt,
950 2278 49 30 att
1019 2277 125 41 Kungl.
1162 2277 97 42 Maj:t
1274 2278 131 32 täcktes
1421 2279 137 41 vidtaga
1573 2278 157 42 åtgärder

226 2326 11 30 i
272 2326 88 41 syfte
394 2328 58 36 att,
476 2326 52 31 för
562 2329 48 29 ett
643 2327 181 31 förbättrat
858 2327 273 42 tillgodoseende
1164 2339 40 20 av
1227 2328 57 32 det
1308 2329 78 31 med
1409 2329 319 32 rederilånefonden

226 2376 149 32 avsedda
398 2376 201 40 ändamålet,
623 2378 227 41 åvägabringa
873 2389 42 20 en
938 2378 127 42 ökning
1085 2389 39 20 av
1140 2379 126 31 fonden
1282 2379 78 32 med
1376 2380 145 41 tillhopa
1536 2381 19 30 8
1571 2380 158 41 miljoner

226 2427 136 38 kronor,
386 2428 195 41 varigenom
615 2428 146 31 fondens
795 2429 181 41 tillgångar
1004 2429 110 31 skulle
1138 2429 212 43 uppbringas
1374 2431 71 31 från
1469 2431 195 33 nuvarande
1687 2432 41 32 20

226 2478 53 31 till
302 2478 40 31 28
365 2478 158 42 miljoner
545 2479 134 32 kronor.
