2275 2784
531 209 20 49 []
680 216 111 33 Andre
816 215 211 33 Kammarens
1055 214 183 42 Tillfälligo
1268 214 138 33 Uiskotts
1429 214 58 32 N:o
1516 216 13 29 I
1559 212 168 35 Utlåtonde
1748 214 61 33 N:o
1832 218 54 29 23.

643 297 65 42 Jag
736 306 100 25 anser
863 296 131 35 således
1022 297 61 34 och
1112 298 150 32 kommer
1290 296 93 33 alltid
1412 300 49 28 att
1488 305 81 23 anse
1598 299 58 38 att,
1684 295 105 33 ehuru
1806 296 279 44 församlingarne

494 350 27 42 ej
551 348 63 35 fått
640 350 107 33 ökade
776 349 185 43 utskylder,
990 349 111 34 häruti
1128 349 104 34 likväl
1259 349 105 41 ligger
1391 358 41 23 en
1461 348 170 41 orättvisa,
1660 357 69 23 som
1759 347 42 43 på
1822 348 122 43 många
1965 351 118 33 ställen

492 406 37 29 är
557 406 65 29 rätt
650 407 68 28 stor
745 402 61 33 och
835 411 69 24 som
933 402 70 33 helt
1030 403 113 32 säkert
1171 402 27 41 ej
1230 402 84 32 varit
1342 400 142 42 åsyftad,
1512 399 43 33 då
1578 400 116 32 Rikets
1712 400 151 43 Ständer,
1882 402 204 34 1853—1854

494 453 99 33 årens
635 454 146 41 riksdag,
822 454 9 32 i
872 452 270 43 underdånighet
1183 453 144 41 anhöllo,
1368 456 47 29 att
1443 450 257 43 ifrågavarande
1729 452 220 43 helgonskyld
1977 455 108 32 skulle

494 504 114 43 återgå
637 506 49 33 till
712 506 277 42 församlingarne,
1016 506 128 33 hvilket
1176 505 189 41 naturligen
1396 514 58 22 var
1480 504 142 40 rättvist,
1650 503 43 34 då
1721 505 41 31 all
1793 505 113 33 valuta
1934 505 50 34 för
2010 507 75 32 den-

494 567 128 25 samma
651 559 202 40 längesedan
882 558 87 32 hade
997 558 153 41 upphört.

646 611 56 32 Att
729 620 63 32 nya
822 609 169 42 klagomål
1019 610 62 32 och
1109 619 66 32 nya
1202 608 245 41 förvecklingar
1474 617 117 31 genom
1621 608 62 32 den
1714 608 188 42 föreslagna
1923 609 160 42 åtgärden

495 662 109 33 skulle
647 662 133 42 uppstå,
820 663 66 31 kan
924 663 59 41 jag
1023 662 68 33 lika
1131 662 73 32 litet
1230 661 85 33 fatta
1343 669 70 24 som
1441 659 171 33 Utskottet
1639 661 131 32 kunnat
1799 661 157 41 uppgifva
1984 661 101 42 något

495 715 71 32 skäl
596 714 122 41 dertill,
746 713 110 34 såvidt
883 714 28 41 ej
940 714 136 33 dermed
1104 713 137 42 åsyftas,
1269 716 49 29 att
1337 712 40 33 de
1392 712 235 40 församlingar
1642 711 106 33 blefve
1763 713 193 42 missnöjda,
1971 714 114 32 hvilka

493 776 46 24 nu
580 767 199 41 obehörigen
822 765 100 34 hafva
963 776 40 23 en
1032 766 104 33 fördel
1164 764 43 42 på
1236 765 123 32 andras
1387 764 203 41 bekostnad;
1618 763 60 33 och
1707 768 49 29 att
1783 775 38 22 en
1854 765 131 33 rättelse
2014 766 70 33 här-

494 819 142 32 utinnan
679 819 109 31 skulle
829 818 163 32 innefatta
1036 828 39 22 en
1114 817 191 40 kränkning
1333 817 9 30 i
1370 815 109 40 någon
1510 816 36 31 af
1570 816 98 31 dessa
1696 815 252 41 församlingars
1977 818 108 39 rättig-

493 870 95 32 heter
625 874 36 28 är
695 870 188 32 detsamma
912 878 69 22 som
1012 873 49 28 att
1087 867 197 42 ifrågasätta
1312 868 281 32 statsmakternas
1622 867 296 42 grundlagsenliga
1945 872 66 29 rätt
2039 873 48 29 att

494 921 106 34 ändra
629 926 47 28 ett
701 922 121 39 beslut,
850 921 162 32 hvarutaf
1037 919 109 42 någon
1176 920 177 41 olägenhet
1382 919 78 32 eller
1488 918 101 41 något
1618 919 139 40 misstag
1785 919 160 41 uppstått.

644 972 51 34 Då
719 974 58 40 jag
804 972 49 33 till
881 972 81 32 fullo
992 973 195 31 instämmer
1214 972 9 31 i
1252 971 188 33 Utskottets
1467 972 142 35 önskan,
1644 973 48 29 att
1721 971 62 31 alla
1814 971 235 41 församlingar
2076 973 9 30 i

494 1023 123 43 Skåne,
658 1024 148 33 Halland
847 1024 61 32 och
950 1024 161 40 Blekinge
1141 1022 51 33 må
1222 1022 128 33 erhålla
1380 1022 157 41 rättighet
1564 1026 48 28 att
1643 1021 123 41 förfoga
1795 1022 90 33 öfver
1912 1023 50 32 sin
1991 1023 94 33 kloc-

491 1077 318 41 karehelgonskyld,
836 1075 127 33 hvilket
991 1076 101 32 likväl
1122 1079 36 29 är
1186 1085 39 22 en
1254 1073 94 41 fråga
1376 1073 49 33 för
1453 1074 58 40 sig,
1541 1083 68 22 som
1638 1091 40 5 —
1706 1073 96 33 äfven
1823 1074 62 33 den
1911 1093 27 5 —
1957 1075 128 32 kanske

493 1131 104 29 mötes
639 1128 36 32 af
703 1127 276 40 betänkligheter,
1007 1129 67 30 kan
1100 1127 57 40 jag
1185 1126 147 33 deremot
1360 1126 73 32 icke
1462 1125 72 32 med
1563 1124 170 34 Utskottet
1760 1127 83 40 inse,
1872 1130 48 29 att
1948 1126 63 33 den
2040 1136 44 22 nu

492 1178 258 42 ifrågavarande
780 1179 187 34 motionens
995 1178 184 33 bifallande
1208 1178 106 32 skulle
1344 1178 101 32 verka
1474 1176 145 41 skadligt
1647 1176 49 32 för
1723 1177 63 32 den
1816 1178 106 32 andra
1949 1177 136 40 frågans

493 1232 133 40 lösning
653 1232 62 32 och
743 1230 131 34 således
902 1231 72 31 icke
1003 1231 106 32 heller
1136 1228 134 34 hvarför
1297 1239 39 22 en
1366 1229 161 32 orättvisa
1555 1228 36 32 af
1616 1228 91 33 detta
1736 1228 72 32 skäl
1838 1229 85 32 skall
1948 1228 138 34 fortfara

493 1283 49 32 till
570 1293 41 23 en
640 1284 87 31 oviss
755 1282 143 33 framtid.

647 1333 51 33 Då
739 1344 44 22 nu
825 1333 281 40 församlingarne
1135 1331 136 33 återfått
1299 1331 262 41 helgonskylden
1591 1330 49 32 för
1669 1335 48 28 att
1745 1331 48 32 till
1822 1331 74 31 sina
1924 1340 86 30 egna
2040 1330 50 33 be-

496 1386 58 31 hof
591 1385 156 33 använda
788 1386 61 32 och
890 1383 43 33 då
973 1384 63 32 den
1080 1393 249 32 gemensamma
1364 1383 181 31 klockaren
1575 1383 52 32 väl
1656 1381 101 33 också
1786 1386 37 28 är
1849 1382 70 31 lika
1946 1380 141 41 behöfig

494 1436 50 33 för
584 1437 64 32 den
691 1447 63 23 ena
782 1436 238 41 församlingen
1050 1444 69 24 som
1148 1436 62 32 den
1241 1435 116 41 andra,
1386 1434 37 32 så
1450 1433 52 33 får
1525 1434 67 41 jag,
1620 1433 40 41 på
1691 1433 110 41 grund
1829 1432 35 33 af
1888 1433 99 33 dessa
2015 1434 72 31 skäl

496 1488 169 34 vördsamt
692 1489 187 43 hemställa,

893 1541 49 30 att
982 1538 191 41 Riksdagen
1214 1538 10 31 i
1252 1536 211 41 underdånig
1491 1537 174 32 skrifvelse
1695 1536 161 42 anhåller,
1884 1536 56 32 det
1967 1535 118 41 Kongl.

894 1589 96 41 Maj:t
1017 1591 129 31 täcktes
1173 1588 170 42 förordna,
1372 1592 48 29 att
1447 1588 64 33 den
1540 1587 73 33 från
1644 1588 254 33 stadsskolorna
1925 1588 10 32 i
1965 1586 122 38 Skåne,

895 1641 149 33 Halland
1085 1641 60 33 och
1186 1641 163 40 Blekinge
1390 1640 49 32 till
1481 1650 40 22 en
1556 1640 53 33 del
1636 1640 235 40 församlingar
1899 1638 188 34 återvunna

894 1692 219 42 helgonskyld
1155 1693 86 32 skall
1278 1692 42 41 på
1361 1691 55 33 det
1451 1695 67 29 sätt
1545 1691 209 42 disponeras,
1783 1695 57 36 att,
1869 1691 104 32 sedan
2002 1691 82 32 kloc:

895 1745 105 32 karen
1043 1743 134 34 erhållit
1210 1744 63 33 den
1303 1744 120 31 honom
1453 1753 44 21 nu
1527 1743 250 33 tillkommande
1807 1743 220 40 helgonskyld
2057 1742 34 32 af

895 1795 278 40 församlingarne
1201 1796 8 32 i
1239 1799 186 37 pastoratet
1452 1794 9 31 i
1489 1794 78 32 mån
1596 1794 83 33 efter
1706 1795 116 31 dessas
1838 1794 248 40 helgonskylds-

892 1847 128 40 bidrag,
1056 1847 115 40 hvarje
1198 1846 196 40 församling
1422 1844 50 33 får
1498 1846 156 32 använda
1682 1846 75 32 sina
1785 1845 183 33 öfverskott
1995 1844 96 33 deraf

894 1897 49 33 för
983 1899 74 31 sina
1098 1908 84 31 egna
1216 1898 102 33 behof
1342 1898 48 31 till
1420 1897 40 32 de
1488 1896 169 42 ändamål,
1686 1906 68 23 som
1785 1896 35 33 af
1845 1897 118 40 Kongl.
1993 1896 95 41 Maj:t

894 1949 103 33 redan
1038 1953 57 29 äro
1137 1949 190 34 fastställda
1369 1949 82 32 eller
1490 1948 176 33 framdeles
1708 1950 113 30 kunna
1866 1949 132 31 komma
2039 1952 48 26 att

894 2000 218 35 fastställas."

1106 2125 142 4 re
1287 2124 50 6 dd
1348 2123 91 7 EVAS
1447 2123 41 7 LR

1864 2278 87 28 ne
1989 2278 69 28 RAR

786 2293 203 61 Stockholm,
1014 2293 115 61 tryckt
1152 2294 63 51 hos
1244 2293 189 61 Pergström
1463 2314 26 31 &
1520 2288 177 70 Lindroth,
1724 2314 86 31 1871.
