1886 2825
454 190 118 29 Andra
587 189 244 41 lagutskottets
848 188 177 30 utlåtande
1040 196 42 20 nr
1098 187 36 29 11
1152 187 38 30 år
1207 186 83 30 1968
1598 188 17 29 5

137 273 95 28 lorad
257 273 271 29 arbetsinkomst
553 272 35 29 åt
614 281 172 30 personer,
813 280 73 20 som
912 273 53 27 tar
989 270 218 40 tjänstledigt
1231 269 79 29 från
1337 269 59 29 sitt
1419 268 116 30 arbete
1561 268 54 29 för

136 328 58 32 att,
221 326 73 30 ofta
319 326 78 29 med
423 327 87 29 sikte
536 327 42 39 på
605 328 46 27 ett
677 325 160 30 blivande
864 323 371 42 adoptivförhållande,
1262 324 154 38 mottaga
1442 324 47 28 ett
1517 322 99 39 späd-

135 380 87 29 barn
250 381 114 29 såsom
392 381 207 29 fosterbarn.
626 380 11 29 I
663 380 219 29 motionerna
908 379 106 40 yrkas
1043 380 49 28 att
1120 377 186 40 riksdagen
1334 377 10 29 i
1371 376 165 30 skrivelse
1564 376 52 29 till

136 435 124 38 Kungl.
286 435 104 38 Maj:t
414 435 85 29 skall
526 435 125 38 begära
676 436 49 28 att
750 433 263 40 synpunkterna
1037 433 10 28 i
1073 432 219 29 motionerna
1316 430 222 39 överbringas
1563 429 53 30 till

136 489 301 39 familjepolitiska
455 488 207 30 kommittén
679 488 54 29 för
749 487 204 30 beaktande.
971 486 258 30 Motionärerna
1245 484 164 41 påpekar,
1426 485 50 28 att
1494 484 123 29 foster-

136 543 171 29 föräldrar
332 543 70 28 inte
429 543 69 29 kan
522 542 36 29 få
585 542 112 39 någon
725 541 192 39 ersättning
945 540 79 30 från
1049 538 475 40 moderskapsförsäkringen
1552 537 64 29 och

136 606 118 20 menar
274 599 50 27 att
345 597 112 39 någon
478 597 90 29 form
590 606 41 20 av
650 596 208 39 vårdbidrag
876 595 61 30 bör
959 595 132 29 införas
1114 602 74 21 som
1208 592 192 39 ersättning
1421 591 52 30 till
1493 591 123 29 foster-

135 651 181 33 föräldrar,
342 660 73 19 som
439 650 53 29 för
516 652 49 28 att
587 650 107 29 vårda
716 650 122 29 barnet
862 649 115 29 avstår
1002 648 78 29 från
1102 646 314 30 förvärvsinkomst
1441 644 110 30 under
1575 644 41 29 de

134 714 58 20 sex
211 705 110 29 första
339 705 212 29 månaderna
570 714 42 19 av
627 704 140 29 barnets
785 703 133 29 levnad.

177 759 314 39 Familjepolitiska
520 758 207 29 kommittén
756 757 137 30 utreder
921 757 201 29 samhällets
1151 757 76 29 stöd
1252 756 34 30 åt
1313 756 302 39 barnfamiljerna.

135 813 213 29 Kommittén
374 813 87 29 skall
484 813 105 38 enligt
614 812 74 29 sina
714 811 149 30 direktiv
885 811 105 39 pröva
1013 811 88 29 bl.a.
1126 810 123 40 frågan
1272 819 56 20 om
1352 809 200 30 införandet
1574 818 42 21 av

134 869 47 27 ett
199 867 218 38 vårdbidrag.
438 866 214 30 Kommittén
671 867 38 28 är
726 866 118 29 vidare
862 865 229 29 oförhindrad
1111 866 49 28 att
1180 864 98 39 lägga
1296 864 92 29 fram
1408 863 131 39 förslag
1558 872 57 20 om

133 921 109 29 andra
262 921 111 39 inslag
395 921 9 28 i
425 920 261 39 familjestödet.

178 976 174 29 Utskottet
376 976 37 28 är
435 975 71 29 inte
529 975 108 29 berett
662 976 49 28 att
734 976 35 27 ta
792 973 164 39 ställning
979 973 11 29 i
1013 973 63 29 sak
1098 972 52 29 till
1172 971 277 30 motionärernas
1473 970 141 39 förslag.

134 1029 76 29 Med
231 1029 137 39 hänsyn
389 1028 52 30 till
465 1028 40 29 de
528 1028 186 39 uppgifter,
739 1037 74 19 som
836 1027 127 39 åligger
987 1024 302 41 familjepolitiska
1313 1024 219 35 kommittén,
1555 1024 59 29 vill

134 1083 167 30 utskottet
325 1083 70 29 inte
419 1083 165 29 motsätta
608 1082 50 39 sig
682 1084 50 27 att
754 1082 218 28 motionerna
996 1080 217 29 överlämnas
1235 1078 52 30 till
1312 1077 218 30 kommittén.
1555 1077 60 30 Ut-

133 1137 97 30 skote
249 1137 53 29 får
321 1137 118 29 därför
457 1136 194 34 hemställa,

441 1211 49 27 att
517 1208 186 39 riksdagen
728 1208 10 28 i
765 1207 187 38 anledning
977 1215 42 19 av
1042 1204 228 30 förevarande
1297 1204 180 34 motioner,
1507 1202 107 30 I:414

396 1263 64 29 och
479 1263 44 28 II:
541 1262 71 33 513,
633 1262 106 29 måtte
758 1261 10 28 i
789 1260 165 30 skrivelse
973 1260 51 28 till
1046 1259 123 38 Kungl.
1190 1257 105 39 Maj:t
1314 1257 139 30 anhålla
1473 1258 50 28 att
1541 1265 73 20 mo-

397 1317 157 29 tionerna
576 1316 217 29 överlämnas
817 1315 52 29 till
893 1312 302 40 familjepolitiska
1220 1311 218 30 kommittén.

176 1425 200 29 Stockholm
394 1425 66 28 den
477 1425 17 29 5
513 1434 91 20 mars
625 1425 81 29 1968

570 1506 45 29 På
634 1507 108 29 andra
761 1507 244 38 lagutskottets
1022 1507 145 39 vägnar:

708 1587 117 28 AXEL
851 1587 173 29 STRAND

463 1757 62 28 Vid
543 1757 93 29 detta
654 1757 144 29 ärendes
818 1757 209 39 behandling
1044 1757 65 29 har
1125 1757 156 29 närvarit

173 1826 79 30 från
284 1827 163 29 första
479 1828 220 29 kammaren:
723 1828 78 29 herr
825 1828 124 29 Strand
977 1828 64 34 (s),
1064 1828 56 29 fru
1142 1828 170 40 Carlqvist
1338 1829 64 33 (s),
1423 1828 81 29 herr
1525 1829 85 29 Lars

128 1873 150 29 Larsson
307 1873 64 33 (s),
396 1873 57 29 fru
476 1873 302 30 Hamrin-Thorell
809 1873 106 40 (fp)",
941 1874 120 29 herrar
1086 1874 173 39 Dahlberg
1289 1874 64 34 (s),
1380 1874 138 39 Kaijser
1548 1874 56 34 (h)

128 1918 64 29 och
208 1918 57 29 fru
280 1918 139 29 Nilsson
440 1918 94 39 (cp);

170 1962 80 30 från
269 1963 148 29 andra
436 1963 219 29 kammaren:
678 1963 79 29 herr
778 1963 229 30 Rimmerfors
1033 1963 87 40 (fp),
1141 1964 57 29 fru
1218 1964 181 29 Ekendahl
1426 1963 85 35 (s)>+,
1533 1965 76 28 her-

128 2017 55 19 rar
204 2008 215 29 Gustavsson
440 2008 9 28 i
472 2008 139 29 Alvesta
638 2009 90 38 (cp),
751 2008 229 30 Fredriksson
1008 2009 64 33 (s),
1097 2009 56 29 fru
1178 2009 172 29 Svensson
1378 2009 86 34 (s)>,
1488 2009 121 29 herrar

129 2052 162 30 Åkerlind
309 2053 70 33 (h),
395 2053 151 29 Jonsson
567 2053 71 38 (fp)
658 2054 64 28 och
738 2053 57 29 fru
811 2053 127 29 Skantz
958 2054 85 33 (s)+.

168 2135 15 17 x
205 2133 32 31 Ej
260 2134 181 23 närvarande
460 2134 47 23 vid
527 2133 179 24 utlåtandets
726 2133 153 32 justering.
