2190 2568
492 167 21 31 4
949 162 263 37 Stats-Utskottets:
1240 164 168 36 Memorial
1429 165 63 36 N:o
1518 166 52 35 96.

993 522 500 63 Förslag

1201 691 50 32 till

715 834 1031 84 Reglemente

1194 1025 49 30 för

936 1170 591 74 Riksgälds-kontoret.

1716 1341 227 32 (Fortsättning).

424 1471 66 31 2:0.
536 1471 121 31 Under
680 1471 251 32 innevarande
955 1473 151 39 riksdag
1128 1474 47 39 på
1200 1475 378 38 Riksgälds-kontoret
1591 1476 181 31 anvisade
1788 1477 250 38 statsutgifter.

1182 1552 19 38 $
1228 1554 49 29 29.

573 1613 112 33 Såsom
699 1614 183 43 brudgåfva
900 1616 48 32 till
962 1616 134 34 Hennes
1119 1618 121 41 Kongl.
1270 1619 131 41 Höghet
1422 1619 202 34 Prinsessan
1646 1621 124 33 Lovisa
1794 1621 149 42 Josefina
1966 1622 68 32 Eu-

421 1665 95 39 genia
552 1664 50 33 vid
638 1665 128 33 Hennes
806 1667 113 41 Kongl.
958 1668 144 42 Höghets
1135 1670 202 33 förestående
1364 1671 160 41 giftermål
1552 1673 71 32 med
1651 1674 88 32 Hans
1765 1675 113 40 Kongl.
1906 1674 129 41 Höghet

421 1715 220 42 Kronprinsen
669 1717 35 31 af
728 1718 173 38 Danmark,
930 1719 161 32 Christian
1119 1721 133 32 Fredrik
1283 1722 147 32 Wilbelm
1459 1723 83 39 Carl,
1562 1725 58 31 har
1638 1724 190 41 Riksdagen,
1848 1725 50 32 till
1916 1725 116 39 Kongl.

421 1765 104 41 Maj:ts
552 1766 201 41 disposition,
781 1770 41 38 på
849 1768 337 41 Riksgälds-kontoret
1212 1773 126 30 anvisat
1364 1776 48 27 ett
1439 1773 116 42 belopp
1582 1774 36 31 af
1641 1777 116 36 49,500
1770 1775 171 32 Riksdaler
1955 1774 78 41 Spe-

420 1816 47 30 cie
495 1816 71 31 med
594 1816 184 33 Etthundra
802 1818 260 33 nittioåttatusen
1090 1820 169 33 Riksdaler
1287 1822 177 42 Riksmynt,
1481 1827 49 28 att
1543 1824 103 32 under
1659 1825 214 32 innevarande
1893 1827 37 30 år
1944 1826 87 39 utgå.

1180 1907 20 39 8
1229 1907 50 30 30.

567 1966 15 31 I
608 1967 233 42 sammanhang
864 1968 72 32 med
963 1970 200 42 regleringen
1192 1972 36 31 af
1250 1974 178 39 utgifterna
1454 1974 102 32 under
1569 1975 226 32 Riks-statens
1810 1976 123 41 Fjerde
1944 1977 85 40 Huf-

415 2016 133 31 vudtitel
571 2016 94 31 hafva
691 2017 52 31 till
770 2019 159 38 utgående
957 2019 71 32 från
1052 2021 338 40 Riksgälds-kontoret
1416 2024 103 32 under
1545 2025 215 32 innevarande
1789 2027 36 31 år
1852 2026 104 33 blifvit
1981 2028 49 31 till

419 2064 114 41 Kongl.
562 2065 105 42 Maj:ts
692 2066 190 42 disposition
909 2069 167 33 anvisade:

570 2119 56 29 1:o.
681 2117 109 33 Sextio
818 2122 91 29 tusen
938 2119 170 34 Riksdaler
1133 2122 50 32 till
1210 2122 133 33 arbeten
1370 2124 51 32 vid
1452 2123 196 44 Carlsborgs
1670 2126 169 42 fästning;
1863 2128 58 33 och

566 2170 60 29 2:0.
681 2168 135 33 Femton
843 2173 94 29 tusen
965 2171 169 34 Riksdaler
1160 2173 49 32 till
1238 2175 200 40 uppförande
1465 2176 35 32 af
1524 2180 47 29 ett
1597 2179 36 30 så
1647 2177 122 33 kalladt
1782 2178 146 40 fredstak
1941 2181 89 32 öfver

413 2216 39 32 de
479 2220 20 30 å
531 2217 115 32 Vestra
668 2218 219 34 Hästholmen
915 2221 194 35 verkställda
1135 2223 144 41 arbeten,
1307 2235 68 22 som
1402 2227 115 31 sådant
1543 2227 156 33 erfordra.
