2228 2677
414 200 20 32 4
969 199 231 39 Lagutskottets
1227 197 171 39 Utlåtande,
1422 197 47 31 Nr
1496 198 49 30 34.

414 285 111 47 lagen
567 282 102 49 gällt,
714 287 38 31 är
793 281 61 37 väl
895 281 85 36 kort
1020 281 57 36 för
1116 282 53 34 att
1206 281 114 46 något
1346 279 186 36 bestämdt
1560 279 167 37 omdöme
1755 279 13 36 i
1796 280 134 35 sådant
1959 278 49 36 af-

415 339 137 37 seende
590 337 120 37 skulle
751 336 129 37 kunna
921 335 147 39 uttalas,
1129 335 18 36 I
1180 334 128 50 hvarje
1350 334 65 37 fall
1456 334 67 36 har
1551 334 183 37 utskottet
1761 334 83 37 icke
1873 333 95 38 varit
1995 332 15 36 i

417 394 111 37 stånd
557 395 53 34 att
638 393 84 35 med
749 391 154 48 ledning
933 391 39 36 af
996 391 99 36 hvad
1128 390 270 36 motionärerna
1428 390 122 36 anfört
1576 390 102 36 bilda
1698 389 57 48 sig
1775 402 46 23 en
1839 388 170 37 bestämd

415 448 152 47 mening
594 459 87 25 vare
711 446 57 48 sig
796 446 192 48 angående
1016 445 175 36 behofvet
1220 445 39 35 af
1284 445 72 35 den
1386 444 39 36 af
1451 445 82 35 dem
1554 445 191 49 påyrkade
1760 443 250 47 utredningen

416 504 90 35 eller
545 514 57 24 om
641 502 99 36 hvad
770 502 83 35 med
879 501 212 36 densamma
1120 500 89 35 eller
1239 500 62 35 det
1328 499 201 48 lagförslag
1559 500 44 35 de
1632 499 136 48 begära
1797 497 212 50 egentligen

418 558 121 36 skulle
569 556 149 49 åsyftas.

522 685 112 36 Hvad
662 683 162 37 härefter
853 685 115 45 angår
997 683 62 35 det
1088 682 39 36 af
1152 681 272 37 motionärerna
1452 683 119 35 under
1601 681 72 49 2:0)
1694 682 130 48 gjorda
1843 681 167 49 yrkande

418 751 58 24 om
516 738 292 47 undersökning,
853 737 13 35 i
908 737 99 36 hvad
1049 738 85 33 mån
1177 736 72 34 den
1291 735 255 36 Norrländska
1575 736 269 47 arrendelagen
1879 734 132 38 vunnit

416 793 238 47 tillämpning
696 792 79 44 och,
821 792 65 35 där
926 793 39 34 så
995 790 30 50 ej
1063 790 109 45 skett,
1204 802 56 23 om
1291 789 293 48 anledningarna
1614 789 134 46 därtill,
1780 792 95 34 samt
1904 801 107 25 even-

416 848 109 35 tuellt
552 846 163 48 behöflig
742 846 222 47 förbättring
992 845 13 35 i
1034 845 114 47 sagda
1176 844 73 47 lag,
1280 844 65 37 vill
1373 845 183 36 utskottet
1583 844 206 45 framhålla,
1815 847 63 42 att,
1902 844 110 36 äfven

418 915 69 31 om,
532 904 119 34 såsom
694 901 270 36 motionärerna
1006 898 212 45 framhållit,
1251 899 335 36 arrendekontrakt
1622 900 76 36 före
1727 900 130 47 lagens
1885 897 127 37 ikraft-

417 957 180 36 trädande
625 958 208 46 upprättats
862 955 13 36 i
903 967 77 24 mer
1009 954 89 36 eller
1125 953 143 36 mindre
1283 953 122 49 tydlig
1425 953 113 37 afsikt
1554 957 54 33 att
1626 954 244 47 undandraga
1892 965 120 24 arren-

419 1012 62 35 det
520 1011 82 35 från
642 1011 131 47 lagens
814 1008 247 49 tillämpning,
1093 1021 46 23 en
1158 1008 202 48 utredning
1382 1008 158 36 därom
1517 1004 22 58 1
1569 1009 95 49 syfte
1694 1011 54 33 att
1776 1009 100 47 gifva
1900 1009 111 46 lagen

418 1065 204 38 retroaktiv
665 1065 141 36 verkan
842 1064 84 36 icke
968 1064 97 35 lärer
1106 1063 128 35 kunna
1263 1063 217 48 tillstyrkas.
1529 1064 58 35 Då
1617 1063 268 48 arrendelagen
1913 1063 99 36 förra

420 1123 79 34 året
540 1132 66 25 var
646 1119 154 36 föremål
841 1118 56 37 för
938 1118 236 47 Riksdagens
1203 1117 240 48 behandling,
1473 1118 142 47 förelåg
1644 1120 52 34 ett
1725 1117 40 36 af
1788 1118 86 35 herr
1901 1116 111 37 Lind-

418 1176 123 45 hagen
569 1174 113 37 väckt
708 1174 138 46 förslag
875 1176 53 32 att
956 1172 101 47 gifva
1085 1172 110 47 lagen
1225 1184 45 23 en
1301 1172 73 36 viss
1402 1172 208 47 begränsad
1638 1172 205 37 retroaktiv
1857 1172 152 44 verkan,

421 1241 85 23 men
540 1229 102 35 detta
676 1227 138 48 förslag
841 1227 80 35 blef
947 1226 39 36 af
1010 1225 219 48 Riksdagen
1258 1226 167 47 afslaget.
1483 1225 69 37 Att
1579 1238 51 24 nu
1659 1225 152 48 vidtaga
1841 1226 130 47 åtgärd
1999 1225 13 36 i

420 1282 96 49 syfte
557 1285 54 33 att
651 1281 172 48 upprifva
866 1282 101 35 detta
1004 1281 123 35 beslut
1156 1292 110 36 synes
1294 1280 83 36 icke
1407 1280 171 47 skäligen
1606 1281 129 35 kunna
1763 1281 247 47 ifrågasättas.

420 1336 203 36 Bemärkas
652 1338 59 33 må
740 1335 80 45 ock,
853 1338 64 42 att,
948 1335 109 36 äfven
1086 1347 57 23 om
1173 1346 133 35 genom
1323 1335 98 36 vissa
1441 1335 230 47 åtgöranden
1690 1334 68 36 sist
1773 1334 240 37 omförmälda

419 1391 62 47 lag
509 1387 84 39 icke
622 1390 166 35 kommer
815 1389 58 36 till
901 1388 236 48 tillämpning
1161 1391 47 44 på
1238 1389 258 45 arrendeaftal,
1519 1400 76 25 som
1615 1391 210 45 upprättats
1845 1389 77 36 före
1940 1389 73 35 den

424 1448 16 32 1
474 1444 208 47 september
714 1446 112 43 1909,
860 1443 224 49 jordägaren
1112 1443 12 34 i
1153 1442 66 35 allt
1246 1442 66 36 fall
1340 1443 71 35 blir
1433 1443 152 36 bunden
1615 1443 40 36 af
1678 1444 111 46 lagen
1818 1443 194 47 angående

420 1498 154 48 uppsikt
616 1501 20 33 å
678 1498 98 37 vissa
813 1497 184 50 jordbruk
1037 1497 13 35 i
1083 1496 186 37 Norrland
1300 1497 68 36 och
1400 1497 174 45 Dalarne,
1606 1509 133 36 genom
1769 1496 155 38 hvilken
1952 1497 61 47 lag

416 1553 240 48 jordbrukets
699 1553 69 36 och
811 1552 308 48 åbyggnadernas
1147 1551 345 36 vidmakthållande
1520 1551 72 36 blir
1620 1552 272 36 underkastadt
1917 1551 97 49 jord-

418 1607 469 36 brukskommissionernas
932 1605 139 49 tillsyn.
1148 1605 236 36 <HSistnämnda
1429 1607 62 46 lag
1547 1606 96 36 skall
1688 1605 200 49 nämligen,
1938 1618 75 24 som

419 1661 141 36 bekant
588 1667 69 41 äga
700 1661 221 36 oinskränkt
962 1660 238 48 tillämpning
1241 1663 21 32 å
1291 1659 96 49 jord,
1419 1673 76 24 som
1530 1660 31 49 ej
1592 1661 277 36 utarrenderats
1900 1660 116 47 enligt

421 1716 73 35 den
546 1716 239 35 omförmälda
832 1715 285 47 arrendelagens
1173 1714 288 46 bestämmelser,
1514 1715 179 37 försåvidt
1745 1715 30 48 ej
1825 1715 103 47 fråga
1975 1720 40 30 är

421 1782 56 24 om
516 1769 187 48 fastighet,
748 1782 76 24 som
868 1781 132 35 genom
1049 1769 100 45 aftal,
1194 1768 180 48 ingånget
1415 1769 77 36 före
1534 1769 129 48 lagens
1705 1769 306 45 ikraftträdande,

421 1830 40 29 är
493 1823 57 36 till
579 1836 124 24 annan
731 1824 178 47 upplåten
946 1825 47 45 på
1036 1824 138 35 sådana
1217 1823 144 44 villkor,
1393 1827 54 33 att
1469 1824 187 36 brukaren
1684 1824 83 35 icke
1794 1824 14 35 1
1836 1824 177 36 händelse

421 1879 39 35 af
485 1877 245 48 fastighetens
759 1878 263 37 vanvårdande
1050 1878 76 35 kan
1154 1879 82 34 från
1264 1877 320 49 nyttjanderätten
1613 1877 140 50 skiljas.

526 2005 53 35 På
611 2005 121 46 grund
766 2004 39 35 af
828 2004 100 36 hvad
955 2004 182 36 utskottet
1165 2004 155 36 sålunda
1350 2003 131 45 anfört,
1511 2004 56 35 får
1595 2003 182 37 utskottet
1805 2004 207 42 hemställa,

956 2130 71 49 1:o)
1070 2133 53 33 att
1165 2131 62 35 det
1265 2131 119 36 under
1429 2130 71 48 1:0)
1543 2131 12 35 i
1596 2131 242 37 förevarande
1875 2131 139 36 motion

845 2184 129 50 gjorda
1006 2184 168 49 yrkande
1206 2184 84 37 icke
1320 2187 112 35 måtte
1461 2185 57 37 till
1546 2187 122 46 någon
1697 2185 237 50 Riksdagens
1965 2188 49 36 åt-

846 2240 91 48 gärd
961 2239 201 45 föranleda,
1193 2244 94 31 samt
