2225 2675
438 175 38 33 18
814 172 399 34 Konstitutionsutskottets
1236 171 162 34 utlåtande
1422 171 52 32 Nr
1496 172 30 32 3.

393 257 114 37 heten
552 256 41 36 af
630 268 174 37 gruppen
845 254 37 37 II
922 254 12 37 i
976 254 102 37 detta
1111 253 65 37 fall
1203 253 129 50 flyttar
1364 252 63 38 det
1454 251 253 38 automatiska
1736 251 164 37 strecket
1928 264 67 24 ner

394 309 119 37 under
554 308 29 38 C
625 311 47 48 på
713 308 115 37 listan
868 307 17 37 I
914 307 70 37 och
1012 306 174 37 beröfvar
1214 306 30 37 B
1272 305 94 37 hans
1395 305 124 50 skydd
1548 310 78 32 mot
1654 305 154 48 intrång
1837 303 83 38 från
1949 303 42 38 &.

522 362 83 37 Den
633 367 102 31 stora
762 359 311 51 begränsningen
1102 359 41 37 af
1167 359 142 37 antalet
1337 363 306 45 representanter
1670 371 69 36 ger
1767 356 127 38 därför
1917 356 76 38 för-

393 414 200 49 klaringen
634 413 57 37 till
733 419 54 31 att
829 413 187 47 metoden,
1050 417 68 32 när
1147 412 62 37 det
1237 411 119 50 gäller
1385 411 62 37 det
1475 411 193 36 moderata
1695 409 140 50 partiet
1861 410 13 36 i
1901 409 92 37 Jön-

393 468 164 50 köpings
586 472 112 42 östra,
729 466 63 37 det
820 465 192 38 moderata
1039 465 12 36 i
1080 465 152 36 Kalmar
1259 477 123 35 norra,
1412 464 63 37 det
1502 463 155 37 liberala
1684 463 12 36 i
1719 462 273 49 Hälsinglands

392 521 112 37 södra
545 519 69 38 och
654 510 332 57 Ångermanlands
1028 531 111 24 norra
1180 516 178 49 valkrets,
1400 517 147 36 lämnar
1575 521 54 32 ett
1660 515 136 49 riktigt
1823 515 169 37 resultat.

392 574 68 37 Att
501 573 73 37 den
614 573 79 36 inte
734 577 71 45 gör
833 572 63 36 det
923 571 12 37 i
963 571 155 37 Kalmar
1145 571 81 35 läns
1255 570 123 44 södra,
1408 583 61 23 om
1498 583 88 23 man
1613 569 209 48 begränsar
1850 568 60 49 sig
1937 567 57 37 till

392 627 45 37 de
479 626 42 37 af
544 625 129 38 Palme
711 625 155 37 anförda
895 624 186 47 sedlarna,
1110 623 67 37 har
1200 623 71 49 jag
1300 636 90 36 nyss
1417 622 109 48 visat,
1557 621 70 38 och
1656 634 60 24 om
1745 621 46 37 de
1818 620 84 37 icke
1931 634 64 23 an-

393 680 106 48 gifna
542 678 257 37 strösedlarna
840 676 261 38 åstadkomma
1128 689 48 23 en
1204 675 246 49 omkastning
1478 674 42 37 af
1543 674 272 47 valresultatet,
1844 673 151 37 bevisar

396 732 103 35 detta
539 729 304 50 uppenbarligen
883 729 214 48 ingenting,
1141 733 41 43 ty
1211 740 47 23 en
1285 726 345 36 tillfredsställande
1658 725 191 36 valmetod
1878 725 117 36 borde

392 782 179 50 gifvetvis
613 795 49 37 ge
703 787 53 32 ett
797 780 218 51 otvetydigt
1055 780 127 48 utslag
1223 779 57 37 till
1307 779 149 37 förmån
1484 778 58 37 för
1570 777 278 38 hufvudlistans
1878 777 116 36 andra

393 849 126 23 namn.
576 835 106 36 Inom
712 835 73 35 den
812 834 160 36 lib.-soc.
1002 846 175 36 gruppen
1204 833 12 35 i
1243 832 242 49 Jönköpings
1506 836 101 31 östra
1627 830 121 37 skulle
1767 829 228 49 visserligen

393 888 142 50 kapten
562 887 187 49 Liljedahl
776 886 49 36 ha
853 886 72 36 fått
952 885 99 37 afstå
1079 885 58 36 sin
1165 885 109 49 plats,
1304 898 85 23 men
1417 884 83 36 icke
1529 886 37 33 åt
1595 883 73 36 den
1687 882 156 37 liberala
1861 882 133 36 listans

395 941 117 36 andra
550 953 113 23 namn
694 938 207 38 Carlström
929 944 92 30 utan
1049 940 38 34 åt
1115 937 416 46 socialdemokraterna,
1562 948 81 24 som
1671 935 13 36 i
1712 938 40 34 så
1779 934 66 37 fall
1874 934 120 37 skulle

393 993 71 36 fått
492 992 59 37 sin
579 992 117 37 andra
723 1004 98 35 man,
850 990 220 49 Blomqvist,
1099 989 174 50 placerad
1302 989 85 36 med
1415 987 247 50 förbigående
1692 987 42 37 af
1749 987 108 37 deras
1877 986 118 37 första

393 1059 126 34 namn,
549 1044 215 49 Lundberg.
819 1043 17 37 I
863 1043 225 37 Värmlands
1118 1047 102 32 östra
1252 1042 120 36 skulle
1400 1041 126 47 också,
1556 1054 81 24 som
1666 1040 235 37 motionären
1928 1041 66 47 på-

392 1098 129 49 pekar,
551 1110 46 24 en
635 1096 245 48 omkastning
907 1096 49 36 ha
985 1101 66 43 ägt
1077 1108 95 33 rum,
1202 1108 85 23 men
1316 1094 66 36 där
1409 1094 80 46 har,
1519 1106 81 24 som
1629 1093 12 36 i
1670 1099 53 31 ett
1752 1097 115 32 annat
1895 1105 98 23 sam-

393 1150 195 48 manhang
628 1149 170 37 kommer
832 1153 54 32 att
914 1149 177 48 påpekas,
1122 1147 71 37 den
1221 1146 218 37 nuvarande
1467 1146 176 37 metoden
1672 1150 83 44 gett
1783 1144 63 37 det
1875 1144 119 48 enligt

393 1202 78 36 min
500 1202 156 47 mening
683 1201 181 48 riktigare
891 1200 207 36 resultatet.

521 1254 74 36 För
623 1258 55 31 att
707 1252 268 38 sammanfatta
1001 1252 196 37 resultatet
1224 1251 43 37 af
1291 1251 123 37 denna
1443 1250 255 51 granskning:

522 1306 83 37 Den
634 1306 41 36 af
699 1305 232 37 motionären
960 1304 218 49 föreslagna
1205 1304 274 48 förändringen
1507 1303 171 37 kommer
1707 1302 213 49 säkerligen
1940 1307 55 31 att

392 1359 13 36 i
433 1373 46 23 en
508 1358 60 37 del
597 1358 40 36 af
661 1358 45 36 de
735 1357 78 48 fall,
843 1358 67 35 där
938 1361 54 33 ett
1020 1356 91 37 fåtal
1138 1356 142 50 platser
1308 1356 107 36 skola
1442 1355 162 37 fördelas
1632 1354 102 37 inom
1763 1359 54 32 ett
1844 1354 152 36 relativt

393 1411 209 48 homogent
642 1410 98 49 parti
781 1409 169 37 medföra
983 1409 174 47 fördelar,
1187 1422 86 23 men
1302 1408 72 37 den
1402 1408 159 36 förlorar
1589 1407 195 49 betydelse
1811 1407 13 36 i
1852 1420 143 23 samma

393 1466 87 34 mån
522 1476 81 23 som
645 1463 103 36 detta
790 1462 102 36 antal
926 1462 90 36 ökas
1045 1461 71 37 och
1144 1474 68 36 ger
1240 1461 98 36 olika
1367 1460 230 49 skiftningar
1625 1459 103 36 inom
1755 1458 139 51 partiet
1922 1458 72 36 till-

395 1516 88 36 fälle
512 1514 57 37 till
597 1514 313 50 representation.
1135 1554 3 3 |

522 1567 134 37 Denna
683 1566 117 37 kritik
827 1566 80 47 har,
936 1566 147 50 hoppas
1109 1566 80 49 jag,
1218 1566 179 48 klarlagt,
1428 1570 55 31 att
1510 1565 214 37 revisionen
1754 1564 41 36 af
1817 1564 177 48 vallagen

393 1622 120 34 måste
555 1618 147 38 sträcka
744 1619 61 48 sig
845 1618 131 50 längre
1022 1624 47 31 än
1111 1618 58 37 till
1210 1618 197 36 införande
1437 1617 41 37 af
1502 1622 53 32 ett
1584 1617 243 37 automatiskt
1855 1615 137 38 streck.

394 1672 74 37 Vid
496 1671 123 37 denna
646 1671 165 36 revision
840 1673 57 34 stå
924 1671 38 36 vi
990 1671 12 36 i
1022 1684 46 23 en
1084 1670 189 50 betydligt
1301 1682 293 37 gynnsammare
1623 1669 183 48 ställning
1833 1673 48 32 än
1905 1671 90 33 våra

393 1724 265 49 föregångare:
689 1728 78 31 mot
796 1723 108 36 deras
934 1723 202 37 obevisade
1165 1724 233 45 antaganden
1428 1735 60 23 om
1517 1721 309 37 valmanskårens
1853 1720 142 50 psyko-

393 1776 79 49 logi
512 1780 42 32 är
595 1776 62 36 det
697 1789 157 23 numera
881 1775 152 49 möjligt
1075 1780 54 31 att
1156 1774 84 38 med
1269 1775 63 37 det
1360 1774 209 37 statistiska
1597 1774 180 47 material,
1808 1786 81 24 som
1918 1775 78 34 står

394 1842 62 22 oss
485 1827 56 37 till
568 1828 107 47 buds,
706 1827 117 48 draga
856 1827 183 48 tämligen
1055 1829 128 35 exakta
1211 1828 191 36 slutsatser
1428 1829 48 46 på
1504 1826 102 37 detta
1635 1826 162 36 område.
1853 1825 141 36 TIaktta-

393 1880 174 49 gelserna
607 1880 86 48 löpa
735 1892 169 24 samman
943 1880 13 35 i
997 1892 46 24 en
1083 1879 122 49 punkt
1246 1900 50 6 —
1337 1878 229 37 valmännen
1606 1878 160 36 tillmäta
1794 1879 201 44 ordningen

393 1932 139 37 mellan
577 1931 83 37 sina
703 1931 224 37 kandidater
968 1945 47 23 en
1062 1931 208 49 afgörande
1310 1931 82 36 roll.
1447 1930 116 37 Detta
1604 1935 40 32 är
1679 1931 44 49 ju
1760 1931 13 36 i
1800 1929 79 37 viss
1907 1931 88 34 mån

394 1984 143 49 ägnadt
565 1988 54 32 att
647 1984 168 47 förvåna,
845 1984 131 49 tycker
1004 1997 98 34 man,
1132 1989 41 44 ty
1201 1983 64 37 vid
1293 1983 321 49 majoritetsvalen
1642 1983 70 36 har
1739 1996 86 23 man
1848 1982 45 49 ju
1912 1981 82 37 icke

395 2039 127 47 spårat
562 2039 120 46 några
727 2036 140 36 sådana
912 2036 212 37 tendenser.
1179 2036 88 36 Men
1309 2035 63 37 det
1413 2040 40 31 är
1488 2035 82 49 just
1611 2048 47 23 en
1696 2034 41 37 af
1761 2034 234 37 olikheterna

394 2089 137 36 mellan
559 2088 323 49 majoritetsvalen
911 2088 69 36 och
1009 2088 44 37 de
1081 2087 295 50 proportionella
1403 2088 122 47 valen,
1569 2093 54 31 att
1658 2087 45 37 de
1732 2100 132 24 senare
1902 2085 92 37 nöd-

394 2140 159 49 vändigt
593 2140 134 49 tvinga
767 2140 96 37 fram
892 2140 339 49 ordningstanken.
1287 2140 74 37 Vid
1388 2139 323 49 majoritetsvalen
1739 2139 56 37 får
1817 2139 81 49 jag,
1927 2143 68 31 när

395 2193 62 36 det
497 2192 122 49 gäller
658 2192 62 36 val
762 2192 41 36 af
838 2192 89 36 flera
967 2205 192 36 personer,
1202 2193 11 35 i
1254 2192 104 48 regel
1387 2192 183 48 antingen
1598 2192 113 36 listan
1739 2192 12 35 i
1780 2191 58 36 sin
1866 2190 128 37 helhet

395 2244 91 37 eller
527 2244 113 37 också
675 2244 118 48 ingen
822 2244 41 36 af
887 2245 102 35 mina
1016 2244 224 37 kandidater
1267 2244 86 37 vald
1384 2265 50 6 —
1462 2249 54 31 att
1543 2244 210 37 bestämma
1781 2243 213 49 ordningen

395 2296 84 38 dem
508 2295 162 38 emellan
708 2302 40 31 är
775 2296 144 37 således
947 2310 46 23 en
1023 2296 232 49 fullkomligt
1284 2295 234 38 omotiverad
1547 2295 142 49 åtgärd.
1745 2295 88 37 Helt
1861 2309 134 23 annor-
