2213 2666
679 153 400 54 Konstitutionsutskottets
1101 155 163 33 utlåtande
1288 156 51 32 Nr
1362 156 28 31 3.
1754 154 41 32 33

986 270 21 51 $
1037 273 58 35 14.

371 352 81 37 Har
490 352 269 48 riksdagsman
797 351 223 36 annorledes
1049 355 49 31 än
1124 350 12 36 i
1166 351 20 35 9
1215 349 21 50 8
1265 355 89 43 sägs
1382 349 123 50 afgått
1531 349 83 36 före
1643 351 197 47 utgången

242 405 42 37 af
307 405 72 37 den
408 404 66 48 tid,
504 404 59 37 för
590 403 155 38 hvilken
772 403 77 37 han
877 403 126 37 blifvit
1030 402 99 48 vald,
1159 402 72 37 och
1259 401 94 38 skall
1381 402 149 49 platsen
1558 400 168 38 besättas
1754 401 86 37 från

242 458 73 36 den
343 457 178 46 valkrets,
550 468 81 24 som
659 460 119 32 utsett
806 456 72 36 den
907 456 205 48 afgångne,
1142 455 47 35 då
1216 454 95 36 skall
1334 454 236 48 Konungens
1588 453 251 48 befallnings-

242 509 191 37 hafvande
474 508 63 37 vid
579 507 177 49 offentlig
798 507 242 49 förrättning,
1083 519 80 24 som
1205 506 118 37 hålles
1364 508 41 34 så
1438 511 105 31 snart
1572 505 65 37 ske
1664 505 77 37 kan
1768 505 72 37 och

242 562 157 37 hvarom
427 561 273 36 underrättelse
728 561 116 36 minst
872 562 78 34 åtta
977 559 118 49 dagar
1122 559 102 37 förut
1244 557 191 38 meddelas
1455 571 139 36 genom
1615 557 135 49 anslag
1769 557 71 37 och

243 614 160 37 medelst
430 612 110 50 tryck
568 615 41 34 så
637 625 81 24 som
746 612 86 37 med
860 612 239 48 Konungens
1127 610 440 49 befallningshafvandes
1592 609 249 50 kungörelser

242 666 180 49 vanligen
458 665 173 47 förfares,
659 664 207 37 verkställa
892 678 53 36 ny
971 663 422 48 röstsammanräkning
1420 663 103 36 inom
1552 662 61 37 det
1641 662 111 49 parti,
1780 661 59 37 för

242 718 145 37 hvilket
428 717 73 37 den
543 717 193 49 afgångne
778 716 127 37 blifvit
946 716 100 48 vald,
1091 716 120 49 enligt
1252 715 46 37 de
1331 716 12 36 i
1372 716 21 35 9
1423 714 22 50 &
1474 714 157 50 angifna
1658 714 178 49 grunder.

243 771 94 47 Den,
379 770 114 37 hvars
534 783 115 23 namn
690 774 40 31 är
766 769 63 37 det
856 768 119 37 första
1003 769 12 35 i
1043 767 225 50 ordningen,
1297 767 125 37 denna
1449 769 42 35 så
1517 766 173 38 bestämd
1718 779 79 24 som
1827 767 12 36 i

245 824 18 33 7
294 822 21 49 &
344 824 21 34 2
395 835 112 23 mom.
538 827 103 43 sägs,
670 826 42 31 är
739 821 87 36 vald
853 821 13 35 i
894 820 73 37 den
996 820 212 48 afgångnes
1237 820 118 36 ställe.

371 874 108 37 Efter
506 872 406 50 sammanräkningens
941 872 213 37 afslutande
1183 872 106 37 skola
1308 871 239 38 valsedlarna
1566 873 78 35 åter
1663 871 175 49 inläggas

242 927 122 37 under
392 927 225 49 försegling.

742 1080 61 33 Om
828 1080 57 32 val
908 1080 57 31 till
990 1079 120 34 Andra
1133 1081 218 32 kammaren,

986 1197 47 33 47
1063 1194 31 49 8.

372 1282 73 36 Vid
487 1282 100 37 valet
629 1282 108 36 skola
769 1281 199 50 begagnas
996 1282 187 36 valsedlar
1212 1282 42 35 af
1278 1281 101 36 hvitt
1406 1292 143 38 papper
1577 1285 90 31 utan
1696 1279 142 37 känne-

243 1331 151 61 tecken.
883 1345 3 3 i

373 1389 34 33 ÅA
434 1386 169 37 valsedel
644 1389 61 33 må
746 1386 80 36 före
867 1399 162 23 namnen
1064 1390 162 32 utsättas
1253 1385 332 49 partibeteckning
1612 1384 229 50 (partinamn

244 1439 92 36 eller
377 1452 124 23 annan
541 1437 231 50 beteckning
798 1438 13 36 i
839 1438 68 36 ord
948 1438 59 36 för
1047 1438 78 36 viss
1164 1451 125 36 grupp
1319 1437 41 37 af
1382 1438 151 36 valmän
1563 1437 89 36 eller
1680 1437 58 36 för
1765 1437 76 36 viss

244 1485 380 59 meningsriktning).

374 1543 185 47 Namnen,
602 1542 129 36 hvilka
758 1545 61 34 må
847 1548 136 43 utgöra
1012 1543 116 48 högst
1155 1545 64 34 två
1246 1542 150 36 utöfver
1425 1542 62 36 det
1515 1542 101 35 antal
1645 1540 195 49 riksdags-

244 1599 88 31 män
374 1595 100 35 valet
515 1594 112 47 afser,
669 1594 106 36 skola
803 1598 21 32 å
851 1591 193 40 valsedeln
1072 1595 181 48 uppföras
1283 1594 12 35 i
1323 1607 47 23 en
1398 1593 106 48 följd,
1534 1593 62 36 det
1624 1606 71 23 ena
1722 1593 120 36 under

244 1646 63 37 det
348 1646 130 48 andra,
507 1646 12 36 i
548 1646 74 36 den
665 1646 176 49 ordning,
870 1646 13 36 i
910 1645 156 38 hvilken
1104 1646 73 37 den
1204 1645 175 50 väljande
1408 1657 111 25 anser
1548 1644 85 38 dem
1661 1644 90 38 böra
1778 1645 63 37 vid

244 1699 103 36 valet
386 1698 115 36 hafva
542 1698 190 37 företräde
773 1698 252 37 sinsemellan.
1081 1698 54 36 Af
1172 1711 164 23 namnen
1371 1711 108 23 anses
1509 1700 41 33 så
1578 1700 150 47 många,
1757 1697 85 36 från

243 1750 135 49 början
404 1750 174 48 räknadt,
608 1763 81 24 som
719 1756 191 31 motsvara
934 1750 142 37 antalet
1095 1750 279 49 riksdagsmän,
1395 1750 80 36 afse
1495 1749 137 49 själfva
1649 1749 193 49 riksdags-

244 1802 244 37 mannavalet
516 1801 70 38 och
615 1802 46 37 de
689 1802 125 50 öfriga
842 1802 159 37 allenast
1027 1804 61 35 val
1118 1802 41 37 af
1184 1802 246 37 efterträdare
1459 1805 38 34 åt
1525 1801 192 50 afgången
1744 1802 97 36 riks-

245 1855 199 48 dagsman.

375 1906 176 37 Valsedel
592 1907 69 36 bör
703 1907 191 37 innehålla
935 1907 125 49 tydlig
1099 1907 154 50 uppgift
1292 1910 49 46 på
1369 1907 73 36 den
1471 1907 90 37 eller
1590 1907 45 37 de
1662 1907 179 37 utseddas

243 1972 129 34 namn,
401 1958 81 37 titel
511 1959 89 36 eller
627 1959 94 50 yrke
750 1959 70 37 och
848 1959 164 37 hemvist
1040 1962 41 34 så
1109 1960 71 36 ock
1207 1959 72 37 den
1308 1958 230 51 beteckning
1561 1960 12 36 i
1601 1959 129 50 öfrigt,
1760 1972 82 24 som

243 2011 77 36 kan
360 2024 92 23 vara
493 2011 119 48 nödig
653 2011 59 37 för
754 2016 54 31 att
849 2011 87 36 fullt
977 2013 215 48 otvetydigt
1232 2011 187 48 utmärka,
1453 2012 114 36 hvem
1596 2012 89 36 eller
1713 2011 128 37 hvilka

246 2062 156 49 åsyftas.

994 2153 46 34 63
1069 2150 31 49 &.

374 2219 74 36 Vid
492 2219 280 50 förrättningen
813 2220 74 37 låte
928 2221 239 48 Konungens
1195 2220 423 48 befallningshafvande
1647 2220 80 37 föra
1755 2234 85 35 pro-

243 2271 130 48 tokoll,
403 2271 11 35 i
443 2271 148 36 hvilket
632 2272 205 36 antecknas
878 2278 105 31 utom
1026 2277 125 43 annat,
1194 2285 80 23 som
1315 2272 64 37 vid
1421 2272 280 50 förrättningen
1744 2272 98 38 före-
