<?xml version="1.0" encoding="UTF-8"?>
<alto xmlns="http://www.loc.gov/standards/alto/ns-v3#" xmlns:xlink="http://www.w3.org/1999/xlink" xmlns:xsi="http://www.w3.org/2001/XMLSchema-instance" xsi:schemaLocation="http://www.loc.gov/standards/alto/ns-v3# http://www.loc.gov/alto/v3/alto-3-0.xsd">
	<Description>
		<MeasurementUnit>pixel</MeasurementUnit>
		<sourceImageInformation>
			<fileName>/tmp/tess_mo_td24x_input.PNG</fileName>
		</sourceImageInformation>
		<OCRProcessing ID="OCR_0">
			<ocrProcessingStep>
				<processingSoftware>
					<softwareName>tesseract 5.3.0</softwareName>
				</processingSoftware>
			</ocrProcessingStep>
		</OCRProcessing>
	</Description>
	<Layout>
		<Page WIDTH="2239" HEIGHT="2666" PHYSICAL_IMG_NR="0" ID="page_0">
			<PrintSpace HPOS="0" VPOS="0" WIDTH="2239" HEIGHT="2666">
				<ComposedBlock ID="cblock_0" HPOS="692" VPOS="166" WIDTH="1107" HEIGHT="38">
					<TextBlock ID="block_0" HPOS="692" VPOS="166" WIDTH="1107" HEIGHT="38">
						<TextLine ID="line_0" HPOS="692" VPOS="166" WIDTH="1107" HEIGHT="38">
							<String ID="string_0" HPOS="692" VPOS="166" WIDTH="393" HEIGHT="34" WC="0.92" CONTENT="Konstitutionsutskottets"/><SP WIDTH="23" VPOS="166" HPOS="1085"/>
							<String ID="string_1" HPOS="1108" VPOS="168" WIDTH="163" HEIGHT="32" WC="0.96" CONTENT="utlåtande"/><SP WIDTH="22" VPOS="168" HPOS="1271"/>
							<String ID="string_2" HPOS="1293" VPOS="169" WIDTH="53" HEIGHT="31" WC="0.60" CONTENT="Nr"/><SP WIDTH="22" VPOS="169" HPOS="1346"/>
							<String ID="string_3" HPOS="1368" VPOS="170" WIDTH="29" HEIGHT="31" WC="0.93" CONTENT="3."/><SP WIDTH="385" VPOS="170" HPOS="1397"/>
							<String ID="string_4" HPOS="1782" VPOS="173" WIDTH="17" HEIGHT="31" WC="0.96" CONTENT="7"/>
						</TextLine>
					</TextBlock>
				</ComposedBlock>
				<ComposedBlock ID="cblock_1" HPOS="242" VPOS="243" WIDTH="1603" HEIGHT="2088">
					<TextBlock ID="block_1" HPOS="246" VPOS="243" WIDTH="1599" HEIGHT="260">
						<TextLine ID="line_1" HPOS="249" VPOS="243" WIDTH="1595" HEIGHT="57">
							<String ID="string_5" HPOS="249" VPOS="243" WIDTH="122" HEIGHT="37" WC="0.96" CONTENT="denna"/><SP WIDTH="41" VPOS="243" HPOS="371"/>
							<String ID="string_6" HPOS="412" VPOS="257" WIDTH="124" HEIGHT="37" WC="0.95" CONTENT="grupp"/><SP WIDTH="43" VPOS="257" HPOS="536"/>
							<String ID="string_7" HPOS="579" VPOS="245" WIDTH="118" HEIGHT="37" WC="0.96" CONTENT="sakna"/><SP WIDTH="37" VPOS="245" HPOS="697"/>
							<String ID="string_8" HPOS="734" VPOS="246" WIDTH="58" HEIGHT="37" WC="0.96" CONTENT="för"/><SP WIDTH="31" VPOS="246" HPOS="792"/>
							<String ID="string_9" HPOS="823" VPOS="248" WIDTH="116" HEIGHT="47" WC="0.96" CONTENT="öfrigt"/><SP WIDTH="29" VPOS="248" HPOS="939"/>
							<String ID="string_10" HPOS="968" VPOS="248" WIDTH="71" HEIGHT="36" WC="0.96" CONTENT="den"/><SP WIDTH="30" VPOS="248" HPOS="1039"/>
							<String ID="string_11" HPOS="1069" VPOS="248" WIDTH="271" HEIGHT="50" WC="0.95" CONTENT="samhörighet,"/><SP WIDTH="35" VPOS="248" HPOS="1340"/>
							<String ID="string_12" HPOS="1375" VPOS="262" WIDTH="80" HEIGHT="24" WC="0.93" CONTENT="som"/><SP WIDTH="28" VPOS="262" HPOS="1455"/>
							<String ID="string_13" HPOS="1483" VPOS="251" WIDTH="193" HEIGHT="36" WC="0.91" CONTENT="utmärkes"/><SP WIDTH="28" VPOS="251" HPOS="1676"/>
							<String ID="string_14" HPOS="1704" VPOS="264" WIDTH="140" HEIGHT="36" WC="0.96" CONTENT="genom"/>
						</TextLine>
						<TextLine ID="line_2" HPOS="246" VPOS="296" WIDTH="1599" HEIGHT="56">
							<String ID="string_15" HPOS="246" VPOS="296" WIDTH="394" HEIGHT="51" WC="0.91" CONTENT="partibeteckningen,"/><SP WIDTH="31" VPOS="296" HPOS="640"/>
							<String ID="string_16" HPOS="671" VPOS="299" WIDTH="71" HEIGHT="36" WC="0.96" CONTENT="och"/><SP WIDTH="28" VPOS="299" HPOS="742"/>
							<String ID="string_17" HPOS="770" VPOS="299" WIDTH="125" HEIGHT="49" WC="0.94" CONTENT="ligger"/><SP WIDTH="27" VPOS="299" HPOS="895"/>
							<String ID="string_18" HPOS="922" VPOS="300" WIDTH="82" HEIGHT="37" WC="0.93" CONTENT="häri"/><SP WIDTH="33" VPOS="300" HPOS="1004"/>
							<String ID="string_19" HPOS="1037" VPOS="300" WIDTH="281" HEIGHT="50" WC="0.92" CONTENT="otvifvelaktigt"/><SP WIDTH="29" VPOS="300" HPOS="1318"/>
							<String ID="string_20" HPOS="1347" VPOS="306" WIDTH="54" HEIGHT="32" WC="0.96" CONTENT="ett"/><SP WIDTH="28" VPOS="306" HPOS="1401"/>
							<String ID="string_21" HPOS="1429" VPOS="302" WIDTH="83" HEIGHT="37" WC="0.96" CONTENT="skäl"/><SP WIDTH="28" VPOS="302" HPOS="1512"/>
							<String ID="string_22" HPOS="1540" VPOS="308" WIDTH="54" HEIGHT="31" WC="0.96" CONTENT="att"/><SP WIDTH="28" VPOS="308" HPOS="1594"/>
							<String ID="string_23" HPOS="1622" VPOS="304" WIDTH="33" HEIGHT="48" WC="0.93" CONTENT="ej"/><SP WIDTH="31" VPOS="304" HPOS="1655"/>
							<String ID="string_24" HPOS="1686" VPOS="305" WIDTH="159" HEIGHT="37" WC="0.92" CONTENT="tillmäta"/>
						</TextLine>
						<TextLine ID="line_3" HPOS="248" VPOS="349" WIDTH="1596" HEIGHT="55">
							<String ID="string_25" HPOS="248" VPOS="349" WIDTH="331" HEIGHT="50" WC="0.93" CONTENT="ordningsföljden"/><SP WIDTH="34" VPOS="349" HPOS="579"/>
							<String ID="string_26" HPOS="613" VPOS="353" WIDTH="21" HEIGHT="33" WC="0.92" CONTENT="å"/><SP WIDTH="33" VPOS="353" HPOS="634"/>
							<String ID="string_27" HPOS="667" VPOS="351" WIDTH="239" HEIGHT="37" WC="0.96" CONTENT="valsedlarna"/><SP WIDTH="27" VPOS="351" HPOS="906"/>
							<String ID="string_28" HPOS="933" VPOS="353" WIDTH="102" HEIGHT="36" WC="0.96" CONTENT="inom"/><SP WIDTH="29" VPOS="353" HPOS="1035"/>
							<String ID="string_29" HPOS="1064" VPOS="353" WIDTH="72" HEIGHT="37" WC="0.95" CONTENT="den"/><SP WIDTH="27" VPOS="353" HPOS="1136"/>
							<String ID="string_30" HPOS="1163" VPOS="367" WIDTH="175" HEIGHT="37" WC="0.96" CONTENT="gruppen"/><SP WIDTH="29" VPOS="367" HPOS="1338"/>
							<String ID="string_31" HPOS="1367" VPOS="367" WIDTH="143" HEIGHT="24" WC="0.96" CONTENT="samma"/><SP WIDTH="27" VPOS="367" HPOS="1510"/>
							<String ID="string_32" HPOS="1537" VPOS="355" WIDTH="197" HEIGHT="49" WC="0.96" CONTENT="betydelse"/><SP WIDTH="28" VPOS="355" HPOS="1734"/>
							<String ID="string_33" HPOS="1762" VPOS="370" WIDTH="82" HEIGHT="23" WC="0.97" CONTENT="som"/>
						</TextLine>
						<TextLine ID="line_4" HPOS="247" VPOS="401" WIDTH="1598" HEIGHT="54">
							<String ID="string_34" HPOS="247" VPOS="401" WIDTH="103" HEIGHT="36" WC="0.96" CONTENT="inom"/><SP WIDTH="29" VPOS="401" HPOS="350"/>
							<String ID="string_35" HPOS="379" VPOS="402" WIDTH="236" HEIGHT="49" WC="0.96" CONTENT="partigrupp."/><SP WIDTH="56" VPOS="402" HPOS="615"/>
							<String ID="string_36" HPOS="671" VPOS="403" WIDTH="137" HEIGHT="49" WC="0.96" CONTENT="Någon"/><SP WIDTH="30" VPOS="403" HPOS="808"/>
							<String ID="string_37" HPOS="838" VPOS="404" WIDTH="164" HEIGHT="50" WC="0.96" CONTENT="ändring"/><SP WIDTH="27" VPOS="404" HPOS="1002"/>
							<String ID="string_38" HPOS="1029" VPOS="406" WIDTH="12" HEIGHT="36" WC="0.93" CONTENT="i"/><SP WIDTH="28" VPOS="406" HPOS="1041"/>
							<String ID="string_39" HPOS="1069" VPOS="406" WIDTH="197" HEIGHT="49" WC="0.91" CONTENT="vallagens"/><SP WIDTH="33" VPOS="406" HPOS="1266"/>
							<String ID="string_40" HPOS="1299" VPOS="406" WIDTH="263" HEIGHT="38" WC="0.96" CONTENT="bestämmelse"/><SP WIDTH="27" VPOS="406" HPOS="1562"/>
							<String ID="string_41" HPOS="1589" VPOS="409" WIDTH="163" HEIGHT="37" WC="0.96" CONTENT="rörande"/><SP WIDTH="21" VPOS="409" HPOS="1752"/>
							<String ID="string_42" HPOS="1773" VPOS="410" WIDTH="72" HEIGHT="36" WC="0.96" CONTENT="den"/>
						</TextLine>
						<TextLine ID="line_5" HPOS="248" VPOS="453" WIDTH="821" HEIGHT="50">
							<String ID="string_43" HPOS="248" VPOS="453" WIDTH="71" HEIGHT="35" WC="0.95" CONTENT="fria"/><SP WIDTH="28" VPOS="453" HPOS="319"/>
							<String ID="string_44" HPOS="347" VPOS="467" WIDTH="173" HEIGHT="36" WC="0.93" CONTENT="gruppen"/><SP WIDTH="29" VPOS="467" HPOS="520"/>
							<String ID="string_45" HPOS="549" VPOS="455" WIDTH="242" HEIGHT="48" WC="0.90" CONTENT="ifrågasättes"/><SP WIDTH="30" VPOS="455" HPOS="791"/>
							<String ID="string_46" HPOS="821" VPOS="456" WIDTH="127" HEIGHT="36" WC="0.96" CONTENT="därför"/><SP WIDTH="28" VPOS="456" HPOS="948"/>
							<String ID="string_47" HPOS="976" VPOS="458" WIDTH="93" HEIGHT="36" WC="0.96" CONTENT="icke."/>
						</TextLine>
					</TextBlock>
					<TextBlock ID="block_2" HPOS="244" VPOS="505" WIDTH="1601" HEIGHT="1098">
						<TextLine ID="line_6" HPOS="377" VPOS="505" WIDTH="1468" HEIGHT="57">
							<String ID="string_48" HPOS="377" VPOS="505" WIDTH="81" HEIGHT="37" WC="0.95" CONTENT="Den"/><SP WIDTH="36" VPOS="505" HPOS="458"/>
							<String ID="string_49" HPOS="494" VPOS="506" WIDTH="117" HEIGHT="37" WC="0.93" CONTENT="andra"/><SP WIDTH="23" VPOS="506" HPOS="611"/>
							<String ID="string_50" HPOS="634" VPOS="507" WIDTH="253" HEIGHT="51" WC="0.88" CONTENT="jämkningen"/><SP WIDTH="28" VPOS="507" HPOS="887"/>
							<String ID="string_51" HPOS="915" VPOS="509" WIDTH="13" HEIGHT="36" WC="0.93" CONTENT="i"/><SP WIDTH="27" VPOS="509" HPOS="928"/>
							<String ID="string_52" HPOS="955" VPOS="510" WIDTH="250" HEIGHT="47" WC="0.90" CONTENT="valmetoden,"/><SP WIDTH="31" VPOS="510" HPOS="1205"/>
							<String ID="string_53" HPOS="1236" VPOS="524" WIDTH="81" HEIGHT="23" WC="0.96" CONTENT="som"/><SP WIDTH="24" VPOS="524" HPOS="1317"/>
							<String ID="string_54" HPOS="1341" VPOS="511" WIDTH="71" HEIGHT="49" WC="0.96" CONTENT="jag"/><SP WIDTH="27" VPOS="511" HPOS="1412"/>
							<String ID="string_55" HPOS="1439" VPOS="511" WIDTH="254" HEIGHT="50" WC="0.96" CONTENT="ifrågasätter,"/><SP WIDTH="30" VPOS="511" HPOS="1693"/>
							<String ID="string_56" HPOS="1723" VPOS="513" WIDTH="122" HEIGHT="49" WC="0.96" CONTENT="gäller"/>
						</TextLine>
						<TextLine ID="line_7" HPOS="248" VPOS="558" WIDTH="1595" HEIGHT="57">
							<String ID="string_57" HPOS="248" VPOS="558" WIDTH="384" HEIGHT="50" WC="0.91" CONTENT="sammanräkningen"/><SP WIDTH="28" VPOS="558" HPOS="632"/>
							<String ID="string_58" HPOS="660" VPOS="560" WIDTH="58" HEIGHT="36" WC="0.96" CONTENT="för"/><SP WIDTH="27" VPOS="560" HPOS="718"/>
							<String ID="string_59" HPOS="745" VPOS="561" WIDTH="181" HEIGHT="36" WC="0.96" CONTENT="utseende"/><SP WIDTH="29" VPOS="561" HPOS="926"/>
							<String ID="string_60" HPOS="955" VPOS="562" WIDTH="40" HEIGHT="35" WC="0.96" CONTENT="af"/><SP WIDTH="25" VPOS="562" HPOS="995"/>
							<String ID="string_61" HPOS="1020" VPOS="562" WIDTH="244" HEIGHT="37" WC="0.96" CONTENT="efterträdare"/><SP WIDTH="28" VPOS="562" HPOS="1264"/>
							<String ID="string_62" HPOS="1292" VPOS="566" WIDTH="37" HEIGHT="33" WC="0.93" CONTENT="åt"/><SP WIDTH="29" VPOS="566" HPOS="1329"/>
							<String ID="string_63" HPOS="1358" VPOS="564" WIDTH="191" HEIGHT="48" WC="0.92" CONTENT="afgången"/><SP WIDTH="27" VPOS="564" HPOS="1549"/>
							<String ID="string_64" HPOS="1576" VPOS="565" WIDTH="267" HEIGHT="50" WC="0.96" CONTENT="riksdagsman"/>
						</TextLine>
						<TextLine ID="line_8" HPOS="248" VPOS="609" WIDTH="1595" HEIGHT="55">
							<String ID="string_65" HPOS="248" VPOS="609" WIDTH="89" HEIGHT="36" WC="0.96" CONTENT="eller"/><SP WIDTH="29" VPOS="609" HPOS="337"/>
							<String ID="string_66" HPOS="366" VPOS="610" WIDTH="326" HEIGHT="51" WC="0.96" CONTENT="stadsfullmäktig"/><SP WIDTH="28" VPOS="610" HPOS="692"/>
							<String ID="string_67" HPOS="720" VPOS="613" WIDTH="71" HEIGHT="36" WC="0.96" CONTENT="och"/><SP WIDTH="21" VPOS="613" HPOS="791"/>
							<String ID="string_68" HPOS="812" VPOS="613" WIDTH="41" HEIGHT="36" WC="0.95" CONTENT="af"/><SP WIDTH="15" VPOS="613" HPOS="853"/>
							<String ID="string_69" HPOS="868" VPOS="614" WIDTH="241" HEIGHT="49" WC="0.96" CONTENT="suppleanter"/><SP WIDTH="19" VPOS="614" HPOS="1109"/>
							<String ID="string_70" HPOS="1128" VPOS="615" WIDTH="58" HEIGHT="36" WC="0.93" CONTENT="för"/><SP WIDTH="18" VPOS="615" HPOS="1186"/>
							<String ID="string_71" HPOS="1204" VPOS="615" WIDTH="313" HEIGHT="49" WC="0.90" CONTENT="landstingsmän."/><SP WIDTH="48" VPOS="615" HPOS="1517"/>
							<String ID="string_72" HPOS="1565" VPOS="616" WIDTH="141" HEIGHT="37" WC="0.82" CONTENT="Härom"/><SP WIDTH="16" VPOS="616" HPOS="1706"/>
							<String ID="string_73" HPOS="1722" VPOS="618" WIDTH="121" HEIGHT="37" WC="0.96" CONTENT="finnas"/>
						</TextLine>
						<TextLine ID="line_9" HPOS="247" VPOS="662" WIDTH="1597" HEIGHT="55">
							<String ID="string_74" HPOS="247" VPOS="675" WIDTH="51" HEIGHT="22" WC="0.96" CONTENT="nu"/><SP WIDTH="28" VPOS="675" HPOS="298"/>
							<String ID="string_75" HPOS="326" VPOS="662" WIDTH="285" HEIGHT="38" WC="0.96" CONTENT="bestämmelser"/><SP WIDTH="27" VPOS="662" HPOS="611"/>
							<String ID="string_76" HPOS="638" VPOS="664" WIDTH="12" HEIGHT="36" WC="0.96" CONTENT="i"/><SP WIDTH="28" VPOS="664" HPOS="650"/>
							<String ID="string_77" HPOS="678" VPOS="665" WIDTH="177" HEIGHT="49" WC="0.95" CONTENT="vallagen"/><SP WIDTH="29" VPOS="665" HPOS="855"/>
							<String ID="string_78" HPOS="884" VPOS="664" WIDTH="45" HEIGHT="51" WC="0.96" CONTENT="$$"/><SP WIDTH="30" VPOS="664" HPOS="929"/>
							<String ID="string_79" HPOS="959" VPOS="668" WIDTH="33" HEIGHT="46" WC="0.96" CONTENT="9,"/><SP WIDTH="33" VPOS="668" HPOS="992"/>
							<String ID="string_80" HPOS="1025" VPOS="669" WIDTH="46" HEIGHT="34" WC="0.95" CONTENT="14"/><SP WIDTH="21" VPOS="669" HPOS="1071"/>
							<String ID="string_81" HPOS="1092" VPOS="667" WIDTH="69" HEIGHT="37" WC="0.95" CONTENT="och"/><SP WIDTH="25" VPOS="667" HPOS="1161"/>
							<String ID="string_82" HPOS="1186" VPOS="669" WIDTH="59" HEIGHT="46" WC="0.92" CONTENT="67,"/><SP WIDTH="21" VPOS="669" HPOS="1245"/>
							<String ID="string_83" HPOS="1266" VPOS="668" WIDTH="12" HEIGHT="36" WC="0.92" CONTENT="i"/><SP WIDTH="21" VPOS="668" HPOS="1278"/>
							<String ID="string_84" HPOS="1299" VPOS="667" WIDTH="273" HEIGHT="50" WC="0.96" CONTENT="förordningen"/><SP WIDTH="21" VPOS="667" HPOS="1572"/>
							<String ID="string_85" HPOS="1593" VPOS="682" WIDTH="60" HEIGHT="23" WC="0.92" CONTENT="om"/><SP WIDTH="20" VPOS="682" HPOS="1653"/>
							<String ID="string_86" HPOS="1673" VPOS="670" WIDTH="171" HEIGHT="38" WC="0.71" CONTENT="kommu-"/>
						</TextLine>
						<TextLine ID="line_10" HPOS="246" VPOS="715" WIDTH="1597" HEIGHT="54">
							<String ID="string_87" HPOS="246" VPOS="715" WIDTH="224" HEIGHT="48" WC="0.86" CONTENT="nalstyrelse"/><SP WIDTH="28" VPOS="715" HPOS="470"/>
							<String ID="string_88" HPOS="498" VPOS="715" WIDTH="12" HEIGHT="36" WC="0.96" CONTENT="i"/><SP WIDTH="29" VPOS="715" HPOS="510"/>
							<String ID="string_89" HPOS="539" VPOS="716" WIDTH="84" HEIGHT="36" WC="0.93" CONTENT="stad"/><SP WIDTH="29" VPOS="716" HPOS="623"/>
							<String ID="string_90" HPOS="652" VPOS="716" WIDTH="20" HEIGHT="49" WC="0.59" CONTENT="$"/><SP WIDTH="31" VPOS="716" HPOS="672"/>
							<String ID="string_91" HPOS="703" VPOS="719" WIDTH="58" HEIGHT="46" WC="0.96" CONTENT="28,"/><SP WIDTH="30" VPOS="719" HPOS="761"/>
							<String ID="string_92" HPOS="791" VPOS="718" WIDTH="11" HEIGHT="35" WC="0.80" CONTENT="1"/><SP WIDTH="20" VPOS="718" HPOS="802"/>
							<String ID="string_93" HPOS="822" VPOS="718" WIDTH="274" HEIGHT="49" WC="0.96" CONTENT="förordningen"/><SP WIDTH="20" VPOS="718" HPOS="1096"/>
							<String ID="string_94" HPOS="1116" VPOS="733" WIDTH="60" HEIGHT="23" WC="0.96" CONTENT="om"/><SP WIDTH="20" VPOS="733" HPOS="1176"/>
							<String ID="string_95" HPOS="1196" VPOS="720" WIDTH="377" HEIGHT="49" WC="0.96" CONTENT="kommunalstyrelse"/><SP WIDTH="19" VPOS="720" HPOS="1573"/>
							<String ID="string_96" HPOS="1592" VPOS="722" WIDTH="12" HEIGHT="35" WC="0.96" CONTENT="i"/><SP WIDTH="21" VPOS="722" HPOS="1604"/>
							<String ID="string_97" HPOS="1625" VPOS="721" WIDTH="218" HEIGHT="38" WC="0.95" CONTENT="Stockholm"/>
						</TextLine>
						<TextLine ID="line_11" HPOS="247" VPOS="765" WIDTH="1597" HEIGHT="56">
							<String ID="string_98" HPOS="247" VPOS="765" WIDTH="19" HEIGHT="50" WC="0.84" CONTENT="&amp;"/><SP WIDTH="31" VPOS="765" HPOS="266"/>
							<String ID="string_99" HPOS="297" VPOS="768" WIDTH="46" HEIGHT="35" WC="0.96" CONTENT="14"/><SP WIDTH="29" VPOS="768" HPOS="343"/>
							<String ID="string_100" HPOS="372" VPOS="773" WIDTH="98" HEIGHT="30" WC="0.96" CONTENT="samt"/><SP WIDTH="28" VPOS="773" HPOS="470"/>
							<String ID="string_101" HPOS="498" VPOS="768" WIDTH="12" HEIGHT="35" WC="0.96" CONTENT="i"/><SP WIDTH="29" VPOS="768" HPOS="510"/>
							<String ID="string_102" HPOS="539" VPOS="768" WIDTH="274" HEIGHT="50" WC="0.96" CONTENT="förordningen"/><SP WIDTH="28" VPOS="768" HPOS="813"/>
							<String ID="string_103" HPOS="841" VPOS="783" WIDTH="60" HEIGHT="23" WC="0.96" CONTENT="om"/><SP WIDTH="29" VPOS="783" HPOS="901"/>
							<String ID="string_104" HPOS="930" VPOS="771" WIDTH="196" HEIGHT="49" WC="0.93" CONTENT="landsting"/><SP WIDTH="28" VPOS="771" HPOS="1126"/>
							<String ID="string_105" HPOS="1154" VPOS="771" WIDTH="20" HEIGHT="50" WC="0.58" CONTENT="&amp;"/><SP WIDTH="29" VPOS="771" HPOS="1174"/>
							<String ID="string_106" HPOS="1203" VPOS="774" WIDTH="33" HEIGHT="34" WC="0.94" CONTENT="8."/><SP WIDTH="57" VPOS="774" HPOS="1236"/>
							<String ID="string_107" HPOS="1293" VPOS="772" WIDTH="119" HEIGHT="36" WC="0.95" CONTENT="Dessa"/><SP WIDTH="28" VPOS="772" HPOS="1412"/>
							<String ID="string_108" HPOS="1440" VPOS="772" WIDTH="280" HEIGHT="39" WC="0.93" CONTENT="bestämmelser"/><SP WIDTH="20" VPOS="772" HPOS="1720"/>
							<String ID="string_109" HPOS="1740" VPOS="775" WIDTH="104" HEIGHT="36" WC="0.92" CONTENT="hvila"/>
						</TextLine>
						<TextLine ID="line_12" HPOS="245" VPOS="819" WIDTH="1597" HEIGHT="54">
							<String ID="string_110" HPOS="245" VPOS="821" WIDTH="48" HEIGHT="46" WC="0.96" CONTENT="på"/><SP WIDTH="42" VPOS="821" HPOS="293"/>
							<String ID="string_111" HPOS="335" VPOS="819" WIDTH="72" HEIGHT="36" WC="0.92" CONTENT="den"/><SP WIDTH="42" VPOS="819" HPOS="407"/>
							<String ID="string_112" HPOS="449" VPOS="820" WIDTH="285" HEIGHT="50" WC="0.91" CONTENT="otvifvelaktigt"/><SP WIDTH="27" VPOS="820" HPOS="734"/>
							<String ID="string_113" HPOS="761" VPOS="821" WIDTH="142" HEIGHT="49" WC="0.96" CONTENT="riktiga"/><SP WIDTH="27" VPOS="821" HPOS="903"/>
							<String ID="string_114" HPOS="930" VPOS="823" WIDTH="125" HEIGHT="48" WC="0.96" CONTENT="tanke,"/><SP WIDTH="32" VPOS="823" HPOS="1055"/>
							<String ID="string_115" HPOS="1087" VPOS="829" WIDTH="53" HEIGHT="31" WC="0.96" CONTENT="att"/><SP WIDTH="29" VPOS="829" HPOS="1140"/>
							<String ID="string_116" HPOS="1169" VPOS="837" WIDTH="47" HEIGHT="23" WC="0.96" CONTENT="en"/><SP WIDTH="27" VPOS="837" HPOS="1216"/>
							<String ID="string_117" HPOS="1243" VPOS="829" WIDTH="273" HEIGHT="44" WC="0.95" CONTENT="representant,"/><SP WIDTH="31" VPOS="829" HPOS="1516"/>
							<String ID="string_118" HPOS="1547" VPOS="839" WIDTH="82" HEIGHT="22" WC="0.96" CONTENT="som"/><SP WIDTH="28" VPOS="839" HPOS="1629"/>
							<String ID="string_119" HPOS="1657" VPOS="827" WIDTH="82" HEIGHT="36" WC="0.96" CONTENT="icke"/><SP WIDTH="29" VPOS="827" HPOS="1739"/>
							<String ID="string_120" HPOS="1768" VPOS="828" WIDTH="74" HEIGHT="35" WC="0.96" CONTENT="kan"/>
						</TextLine>
						<TextLine ID="line_13" HPOS="247" VPOS="870" WIDTH="1595" HEIGHT="54">
							<String ID="string_121" HPOS="247" VPOS="870" WIDTH="166" HEIGHT="50" WC="0.95" CONTENT="fullgöra"/><SP WIDTH="28" VPOS="870" HPOS="413"/>
							<String ID="string_122" HPOS="441" VPOS="872" WIDTH="66" HEIGHT="36" WC="0.96" CONTENT="sitt"/><SP WIDTH="28" VPOS="872" HPOS="507"/>
							<String ID="string_123" HPOS="535" VPOS="873" WIDTH="186" HEIGHT="49" WC="0.96" CONTENT="uppdrag,"/><SP WIDTH="30" VPOS="873" HPOS="721"/>
							<String ID="string_124" HPOS="751" VPOS="873" WIDTH="68" HEIGHT="38" WC="0.96" CONTENT="bör"/><SP WIDTH="28" VPOS="873" HPOS="819"/>
							<String ID="string_125" HPOS="847" VPOS="879" WIDTH="160" HEIGHT="32" WC="0.96" CONTENT="ersättas"/><SP WIDTH="28" VPOS="879" HPOS="1007"/>
							<String ID="string_126" HPOS="1035" VPOS="888" WIDTH="139" HEIGHT="35" WC="0.96" CONTENT="genom"/><SP WIDTH="30" VPOS="888" HPOS="1174"/>
							<String ID="string_127" HPOS="1204" VPOS="890" WIDTH="46" HEIGHT="23" WC="0.96" CONTENT="en"/><SP WIDTH="29" VPOS="890" HPOS="1250"/>
							<String ID="string_128" HPOS="1279" VPOS="876" WIDTH="327" HEIGHT="48" WC="0.96" CONTENT="ställföreträdare,"/><SP WIDTH="31" VPOS="876" HPOS="1606"/>
							<String ID="string_129" HPOS="1637" VPOS="891" WIDTH="80" HEIGHT="24" WC="0.96" CONTENT="som"/><SP WIDTH="20" VPOS="891" HPOS="1717"/>
							<String ID="string_130" HPOS="1737" VPOS="885" WIDTH="105" HEIGHT="32" WC="0.95" CONTENT="utses"/>
						</TextLine>
						<TextLine ID="line_14" HPOS="246" VPOS="922" WIDTH="1596" HEIGHT="58">
							<String ID="string_131" HPOS="246" VPOS="922" WIDTH="83" HEIGHT="36" WC="0.96" CONTENT="från"/><SP WIDTH="28" VPOS="922" HPOS="329"/>
							<String ID="string_132" HPOS="357" VPOS="924" WIDTH="71" HEIGHT="36" WC="0.96" CONTENT="och"/><SP WIDTH="28" VPOS="924" HPOS="428"/>
							<String ID="string_133" HPOS="456" VPOS="937" WIDTH="138" HEIGHT="35" WC="0.96" CONTENT="genom"/><SP WIDTH="31" VPOS="937" HPOS="594"/>
							<String ID="string_134" HPOS="625" VPOS="926" WIDTH="45" HEIGHT="36" WC="0.96" CONTENT="de"/><SP WIDTH="27" VPOS="926" HPOS="670"/>
							<String ID="string_135" HPOS="697" VPOS="926" WIDTH="197" HEIGHT="48" WC="0.95" CONTENT="valsedlar,"/><SP WIDTH="31" VPOS="926" HPOS="894"/>
							<String ID="string_136" HPOS="925" VPOS="930" WIDTH="47" HEIGHT="46" WC="0.96" CONTENT="på"/><SP WIDTH="19" VPOS="930" HPOS="972"/>
							<String ID="string_137" HPOS="991" VPOS="928" WIDTH="128" HEIGHT="36" WC="0.93" CONTENT="hvilka"/><SP WIDTH="24" VPOS="928" HPOS="1119"/>
							<String ID="string_138" HPOS="1143" VPOS="933" WIDTH="330" HEIGHT="44" WC="0.92" CONTENT="representantens"/><SP WIDTH="21" VPOS="933" HPOS="1473"/>
							<String ID="string_139" HPOS="1494" VPOS="930" WIDTH="154" HEIGHT="36" WC="0.96" CONTENT="mandat"/><SP WIDTH="20" VPOS="930" HPOS="1648"/>
							<String ID="string_140" HPOS="1668" VPOS="936" WIDTH="40" HEIGHT="31" WC="0.93" CONTENT="är"/><SP WIDTH="19" VPOS="936" HPOS="1708"/>
							<String ID="string_141" HPOS="1727" VPOS="945" WIDTH="115" HEIGHT="35" WC="0.92" CONTENT="grun-"/>
						</TextLine>
						<TextLine ID="line_15" HPOS="246" VPOS="975" WIDTH="1596" HEIGHT="56">
							<String ID="string_142" HPOS="246" VPOS="975" WIDTH="99" HEIGHT="36" WC="0.92" CONTENT="dadt."/><SP WIDTH="57" VPOS="975" HPOS="345"/>
							<String ID="string_143" HPOS="402" VPOS="976" WIDTH="144" HEIGHT="37" WC="0.91" CONTENT="Endast"/><SP WIDTH="27" VPOS="976" HPOS="546"/>
							<String ID="string_144" HPOS="573" VPOS="979" WIDTH="48" HEIGHT="47" WC="0.95" CONTENT="på"/><SP WIDTH="29" VPOS="979" HPOS="621"/>
							<String ID="string_145" HPOS="650" VPOS="977" WIDTH="102" HEIGHT="37" WC="0.96" CONTENT="detta"/><SP WIDTH="28" VPOS="977" HPOS="752"/>
							<String ID="string_146" HPOS="780" VPOS="984" WIDTH="74" HEIGHT="31" WC="0.92" CONTENT="sätt"/><SP WIDTH="28" VPOS="984" HPOS="854"/>
							<String ID="string_147" HPOS="882" VPOS="979" WIDTH="223" HEIGHT="50" WC="0.89" CONTENT="betryggas,"/><SP WIDTH="26" VPOS="979" HPOS="1105"/>
							<String ID="string_148" HPOS="1131" VPOS="986" WIDTH="55" HEIGHT="31" WC="0.96" CONTENT="att"/><SP WIDTH="20" VPOS="986" HPOS="1186"/>
							<String ID="string_149" HPOS="1206" VPOS="981" WIDTH="74" HEIGHT="37" WC="0.96" CONTENT="den"/><SP WIDTH="19" VPOS="981" HPOS="1280"/>
							<String ID="string_150" HPOS="1299" VPOS="994" WIDTH="125" HEIGHT="37" WC="0.95" CONTENT="grupp"/><SP WIDTH="21" VPOS="994" HPOS="1424"/>
							<String ID="string_151" HPOS="1445" VPOS="981" WIDTH="89" HEIGHT="37" WC="0.95" CONTENT="eller"/><SP WIDTH="20" VPOS="981" HPOS="1534"/>
							<String ID="string_152" HPOS="1554" VPOS="982" WIDTH="165" HEIGHT="37" WC="0.96" CONTENT="fraktion"/><SP WIDTH="20" VPOS="982" HPOS="1719"/>
							<String ID="string_153" HPOS="1739" VPOS="984" WIDTH="103" HEIGHT="36" WC="0.96" CONTENT="inom"/>
						</TextLine>
						<TextLine ID="line_16" HPOS="246" VPOS="1030" WIDTH="1596" HEIGHT="53">
							<String ID="string_154" HPOS="246" VPOS="1040" WIDTH="46" HEIGHT="23" WC="0.96" CONTENT="en"/><SP WIDTH="42" VPOS="1040" HPOS="292"/>
							<String ID="string_155" HPOS="334" VPOS="1041" WIDTH="136" HEIGHT="37" WC="0.96" CONTENT="grupp,"/><SP WIDTH="43" VPOS="1041" HPOS="470"/>
							<String ID="string_156" HPOS="513" VPOS="1042" WIDTH="79" HEIGHT="23" WC="0.95" CONTENT="som"/><SP WIDTH="31" VPOS="1042" HPOS="592"/>
							<String ID="string_157" HPOS="623" VPOS="1030" WIDTH="99" HEIGHT="37" WC="0.95" CONTENT="varit"/><SP WIDTH="29" VPOS="1030" HPOS="722"/>
							<String ID="string_158" HPOS="751" VPOS="1031" WIDTH="168" HEIGHT="49" WC="0.96" CONTENT="speciellt"/><SP WIDTH="27" VPOS="1031" HPOS="919"/>
							<String ID="string_159" HPOS="946" VPOS="1033" WIDTH="284" HEIGHT="48" WC="0.96" CONTENT="representerad"/><SP WIDTH="29" VPOS="1033" HPOS="1230"/>
							<String ID="string_160" HPOS="1259" VPOS="1033" WIDTH="40" HEIGHT="36" WC="0.96" CONTENT="af"/><SP WIDTH="25" VPOS="1033" HPOS="1299"/>
							<String ID="string_161" HPOS="1324" VPOS="1033" WIDTH="72" HEIGHT="36" WC="0.93" CONTENT="den"/><SP WIDTH="30" VPOS="1033" HPOS="1396"/>
							<String ID="string_162" HPOS="1426" VPOS="1034" WIDTH="195" HEIGHT="49" WC="0.91" CONTENT="afgångne"/><SP WIDTH="29" VPOS="1034" HPOS="1621"/>
							<String ID="string_163" HPOS="1650" VPOS="1035" WIDTH="90" HEIGHT="37" WC="0.91" CONTENT="eller"/><SP WIDTH="28" VPOS="1035" HPOS="1740"/>
							<String ID="string_164" HPOS="1768" VPOS="1036" WIDTH="74" HEIGHT="37" WC="0.91" CONTENT="för-"/>
						</TextLine>
						<TextLine ID="line_17" HPOS="246" VPOS="1079" WIDTH="1597" HEIGHT="57">
							<String ID="string_165" HPOS="246" VPOS="1079" WIDTH="191" HEIGHT="48" WC="0.93" CONTENT="hindrade,"/><SP WIDTH="44" VPOS="1079" HPOS="437"/>
							<String ID="string_166" HPOS="481" VPOS="1080" WIDTH="205" HEIGHT="38" WC="0.91" CONTENT="bibehålles"/><SP WIDTH="29" VPOS="1080" HPOS="686"/>
							<String ID="string_167" HPOS="715" VPOS="1083" WIDTH="64" HEIGHT="35" WC="0.96" CONTENT="vid"/><SP WIDTH="30" VPOS="1083" HPOS="779"/>
							<String ID="string_168" HPOS="809" VPOS="1083" WIDTH="122" HEIGHT="36" WC="0.96" CONTENT="denna"/><SP WIDTH="29" VPOS="1083" HPOS="931"/>
							<String ID="string_169" HPOS="960" VPOS="1085" WIDTH="59" HEIGHT="35" WC="0.96" CONTENT="sin"/><SP WIDTH="27" VPOS="1085" HPOS="1019"/>
							<String ID="string_170" HPOS="1046" VPOS="1086" WIDTH="308" HEIGHT="47" WC="0.95" CONTENT="representation."/><SP WIDTH="56" VPOS="1086" HPOS="1354"/>
							<String ID="string_171" HPOS="1410" VPOS="1086" WIDTH="111" HEIGHT="36" WC="0.96" CONTENT="Hvad"/><SP WIDTH="29" VPOS="1086" HPOS="1521"/>
							<String ID="string_172" HPOS="1550" VPOS="1099" WIDTH="81" HEIGHT="24" WC="0.96" CONTENT="som"/><SP WIDTH="29" VPOS="1099" HPOS="1631"/>
							<String ID="string_173" HPOS="1660" VPOS="1088" WIDTH="87" HEIGHT="36" WC="0.96" CONTENT="med"/><SP WIDTH="28" VPOS="1088" HPOS="1747"/>
							<String ID="string_174" HPOS="1775" VPOS="1089" WIDTH="68" HEIGHT="47" WC="0.96" CONTENT="fog"/>
						</TextLine>
						<TextLine ID="line_18" HPOS="245" VPOS="1133" WIDTH="1598" HEIGHT="50">
							<String ID="string_175" HPOS="245" VPOS="1136" WIDTH="40" HEIGHT="30" WC="0.96" CONTENT="är"/><SP WIDTH="28" VPOS="1136" HPOS="285"/>
							<String ID="string_176" HPOS="313" VPOS="1136" WIDTH="54" HEIGHT="32" WC="0.96" CONTENT="att"/><SP WIDTH="28" VPOS="1136" HPOS="367"/>
							<String ID="string_177" HPOS="395" VPOS="1133" WIDTH="180" HEIGHT="36" WC="0.96" CONTENT="anmärka"/><SP WIDTH="19" VPOS="1133" HPOS="575"/>
							<String ID="string_178" HPOS="594" VPOS="1140" WIDTH="79" HEIGHT="30" WC="0.96" CONTENT="mot"/><SP WIDTH="20" VPOS="1140" HPOS="673"/>
							<String ID="string_179" HPOS="693" VPOS="1134" WIDTH="45" HEIGHT="37" WC="0.95" CONTENT="de"/><SP WIDTH="20" VPOS="1134" HPOS="738"/>
							<String ID="string_180" HPOS="758" VPOS="1135" WIDTH="11" HEIGHT="36" WC="0.95" CONTENT="i"/><SP WIDTH="20" VPOS="1135" HPOS="769"/>
							<String ID="string_181" HPOS="789" VPOS="1135" WIDTH="290" HEIGHT="48" WC="0.96" CONTENT="ifrågavarande"/><SP WIDTH="19" VPOS="1135" HPOS="1079"/>
							<String ID="string_182" HPOS="1098" VPOS="1137" WIDTH="214" HEIGHT="37" WC="0.95" CONTENT="hänseende"/><SP WIDTH="15" VPOS="1137" HPOS="1312"/>
							<String ID="string_183" HPOS="1327" VPOS="1137" WIDTH="216" HEIGHT="38" WC="0.96" CONTENT="meddelade"/><SP WIDTH="15" VPOS="1137" HPOS="1543"/>
							<String ID="string_184" HPOS="1558" VPOS="1138" WIDTH="285" HEIGHT="39" WC="0.96" CONTENT="bestämmelser"/>
						</TextLine>
						<TextLine ID="line_19" HPOS="244" VPOS="1185" WIDTH="1598" HEIGHT="54">
							<String ID="string_185" HPOS="244" VPOS="1188" WIDTH="52" HEIGHT="43" WC="0.96" CONTENT="är,"/><SP WIDTH="42" VPOS="1188" HPOS="296"/>
							<String ID="string_186" HPOS="338" VPOS="1190" WIDTH="54" HEIGHT="30" WC="0.95" CONTENT="att"/><SP WIDTH="41" VPOS="1190" HPOS="392"/>
							<String ID="string_187" HPOS="433" VPOS="1185" WIDTH="64" HEIGHT="36" WC="0.96" CONTENT="vid"/><SP WIDTH="39" VPOS="1185" HPOS="497"/>
							<String ID="string_188" HPOS="536" VPOS="1185" WIDTH="72" HEIGHT="37" WC="0.92" CONTENT="den"/><SP WIDTH="43" VPOS="1185" HPOS="608"/>
							<String ID="string_189" HPOS="651" VPOS="1187" WIDTH="250" HEIGHT="49" WC="0.90" CONTENT="supplerande"/><SP WIDTH="42" VPOS="1187" HPOS="901"/>
							<String ID="string_190" HPOS="943" VPOS="1189" WIDTH="383" HEIGHT="50" WC="0.92" CONTENT="sammanräkningen"/><SP WIDTH="34" VPOS="1189" HPOS="1326"/>
							<String ID="string_191" HPOS="1360" VPOS="1190" WIDTH="71" HEIGHT="36" WC="0.96" CONTENT="alla"/><SP WIDTH="28" VPOS="1190" HPOS="1431"/>
							<String ID="string_192" HPOS="1459" VPOS="1190" WIDTH="133" HEIGHT="37" WC="0.96" CONTENT="dittills"/><SP WIDTH="29" VPOS="1190" HPOS="1592"/>
							<String ID="string_193" HPOS="1621" VPOS="1192" WIDTH="82" HEIGHT="36" WC="0.95" CONTENT="icke"/><SP WIDTH="29" VPOS="1192" HPOS="1703"/>
							<String ID="string_194" HPOS="1732" VPOS="1193" WIDTH="110" HEIGHT="36" WC="0.96" CONTENT="valda"/>
						</TextLine>
						<TextLine ID="line_20" HPOS="246" VPOS="1237" WIDTH="1592" HEIGHT="57">
							<String ID="string_195" HPOS="246" VPOS="1248" WIDTH="112" HEIGHT="24" WC="0.93" CONTENT="namn"/><SP WIDTH="30" VPOS="1248" HPOS="358"/>
							<String ID="string_196" HPOS="388" VPOS="1240" WIDTH="21" HEIGHT="33" WC="0.92" CONTENT="å"/><SP WIDTH="28" VPOS="1240" HPOS="409"/>
							<String ID="string_197" HPOS="437" VPOS="1237" WIDTH="46" HEIGHT="36" WC="0.96" CONTENT="de"/><SP WIDTH="24" VPOS="1237" HPOS="483"/>
							<String ID="string_198" HPOS="507" VPOS="1237" WIDTH="288" HEIGHT="49" WC="0.96" CONTENT="ifrågavarande"/><SP WIDTH="27" VPOS="1237" HPOS="795"/>
							<String ID="string_199" HPOS="822" VPOS="1240" WIDTH="239" HEIGHT="37" WC="0.96" CONTENT="valsedlarna"/><SP WIDTH="28" VPOS="1240" HPOS="1061"/>
							<String ID="string_200" HPOS="1089" VPOS="1242" WIDTH="108" HEIGHT="36" WC="0.93" CONTENT="skola"/><SP WIDTH="27" VPOS="1242" HPOS="1197"/>
							<String ID="string_201" HPOS="1224" VPOS="1242" WIDTH="197" HEIGHT="48" WC="0.91" CONTENT="medtagas"/><SP WIDTH="21" VPOS="1242" HPOS="1421"/>
							<String ID="string_202" HPOS="1442" VPOS="1242" WIDTH="69" HEIGHT="37" WC="0.96" CONTENT="och"/><SP WIDTH="20" VPOS="1242" HPOS="1511"/>
							<String ID="string_203" HPOS="1531" VPOS="1248" WIDTH="64" HEIGHT="31" WC="0.96" CONTENT="äro"/><SP WIDTH="21" VPOS="1248" HPOS="1595"/>
							<String ID="string_204" HPOS="1616" VPOS="1244" WIDTH="222" HEIGHT="50" WC="0.96" CONTENT="likvärdiga."/>
						</TextLine>
						<TextLine ID="line_21" HPOS="246" VPOS="1287" WIDTH="1596" HEIGHT="57">
							<String ID="string_205" HPOS="246" VPOS="1287" WIDTH="70" HEIGHT="37" WC="0.96" CONTENT="Det"/><SP WIDTH="27" VPOS="1287" HPOS="316"/>
							<String ID="string_206" HPOS="343" VPOS="1288" WIDTH="121" HEIGHT="37" WC="0.96" CONTENT="finnes"/><SP WIDTH="29" VPOS="1288" HPOS="464"/>
							<String ID="string_207" HPOS="493" VPOS="1289" WIDTH="144" HEIGHT="38" WC="0.95" CONTENT="således"/><SP WIDTH="29" VPOS="1289" HPOS="637"/>
							<String ID="string_208" HPOS="666" VPOS="1291" WIDTH="116" HEIGHT="49" WC="0.96" CONTENT="ingen"/><SP WIDTH="28" VPOS="1291" HPOS="782"/>
							<String ID="string_209" HPOS="810" VPOS="1292" WIDTH="199" HEIGHT="49" WC="0.95" CONTENT="möjlighet"/><SP WIDTH="20" VPOS="1292" HPOS="1009"/>
							<String ID="string_210" HPOS="1029" VPOS="1293" WIDTH="57" HEIGHT="36" WC="0.93" CONTENT="för"/><SP WIDTH="19" VPOS="1293" HPOS="1086"/>
							<String ID="string_211" HPOS="1105" VPOS="1294" WIDTH="226" HEIGHT="36" WC="0.92" CONTENT="valmännen"/><SP WIDTH="21" VPOS="1294" HPOS="1331"/>
							<String ID="string_212" HPOS="1352" VPOS="1299" WIDTH="54" HEIGHT="31" WC="0.96" CONTENT="att"/><SP WIDTH="20" VPOS="1299" HPOS="1406"/>
							<String ID="string_213" HPOS="1426" VPOS="1294" WIDTH="84" HEIGHT="37" WC="0.93" CONTENT="med"/><SP WIDTH="21" VPOS="1294" HPOS="1510"/>
							<String ID="string_214" HPOS="1531" VPOS="1296" WIDTH="149" HEIGHT="48" WC="0.92" CONTENT="åsyftad"/><SP WIDTH="19" VPOS="1296" HPOS="1680"/>
							<String ID="string_215" HPOS="1699" VPOS="1297" WIDTH="143" HEIGHT="36" WC="0.96" CONTENT="verkan"/>
						</TextLine>
						<TextLine ID="line_22" HPOS="246" VPOS="1340" WIDTH="1595" HEIGHT="55">
							<String ID="string_216" HPOS="246" VPOS="1341" WIDTH="20" HEIGHT="34" WC="0.92" CONTENT="å"/><SP WIDTH="40" VPOS="1341" HPOS="266"/>
							<String ID="string_217" HPOS="306" VPOS="1340" WIDTH="238" HEIGHT="38" WC="0.93" CONTENT="valsedlarna"/><SP WIDTH="41" VPOS="1340" HPOS="544"/>
							<String ID="string_218" HPOS="585" VPOS="1343" WIDTH="166" HEIGHT="49" WC="0.91" CONTENT="angifva,"/><SP WIDTH="28" VPOS="1343" HPOS="751"/>
							<String ID="string_219" HPOS="779" VPOS="1344" WIDTH="13" HEIGHT="36" WC="0.96" CONTENT="i"/><SP WIDTH="28" VPOS="1344" HPOS="792"/>
							<String ID="string_220" HPOS="820" VPOS="1344" WIDTH="153" HEIGHT="37" WC="0.96" CONTENT="hvilken"/><SP WIDTH="41" VPOS="1344" HPOS="973"/>
							<String ID="string_221" HPOS="1014" VPOS="1345" WIDTH="165" HEIGHT="50" WC="0.96" CONTENT="ordning"/><SP WIDTH="38" VPOS="1345" HPOS="1179"/>
							<String ID="string_222" HPOS="1217" VPOS="1346" WIDTH="45" HEIGHT="37" WC="0.93" CONTENT="de"/><SP WIDTH="28" VPOS="1346" HPOS="1262"/>
							<String ID="string_223" HPOS="1290" VPOS="1346" WIDTH="90" HEIGHT="49" WC="0.96" CONTENT="vilja"/><SP WIDTH="30" VPOS="1346" HPOS="1380"/>
							<String ID="string_224" HPOS="1410" VPOS="1352" WIDTH="53" HEIGHT="31" WC="0.96" CONTENT="att"/><SP WIDTH="28" VPOS="1352" HPOS="1463"/>
							<String ID="string_225" HPOS="1491" VPOS="1348" WIDTH="210" HEIGHT="36" WC="0.92" CONTENT="eventuella"/><SP WIDTH="28" VPOS="1348" HPOS="1701"/>
							<String ID="string_226" HPOS="1729" VPOS="1348" WIDTH="112" HEIGHT="37" WC="0.92" CONTENT="efter-"/>
						</TextLine>
						<TextLine ID="line_23" HPOS="244" VPOS="1392" WIDTH="1598" HEIGHT="58">
							<String ID="string_227" HPOS="244" VPOS="1392" WIDTH="151" HEIGHT="37" WC="0.92" CONTENT="trädare"/><SP WIDTH="37" VPOS="1392" HPOS="395"/>
							<String ID="string_228" HPOS="432" VPOS="1394" WIDTH="106" HEIGHT="36" WC="0.96" CONTENT="skola"/><SP WIDTH="41" VPOS="1394" HPOS="538"/>
							<String ID="string_229" HPOS="579" VPOS="1398" WIDTH="51" HEIGHT="45" WC="0.96" CONTENT="gå"/><SP WIDTH="27" VPOS="1398" HPOS="630"/>
							<String ID="string_230" HPOS="657" VPOS="1396" WIDTH="49" HEIGHT="35" WC="0.90" CONTENT="in."/><SP WIDTH="56" VPOS="1396" HPOS="706"/>
							<String ID="string_231" HPOS="762" VPOS="1396" WIDTH="274" HEIGHT="50" WC="0.90" CONTENT="Dekapitering"/><SP WIDTH="40" VPOS="1396" HPOS="1036"/>
							<String ID="string_232" HPOS="1076" VPOS="1399" WIDTH="105" HEIGHT="36" WC="0.95" CONTENT="torde"/><SP WIDTH="42" VPOS="1399" HPOS="1181"/>
							<String ID="string_233" HPOS="1223" VPOS="1398" WIDTH="126" HEIGHT="37" WC="0.95" CONTENT="därför"/><SP WIDTH="41" VPOS="1398" HPOS="1349"/>
							<String ID="string_234" HPOS="1390" VPOS="1399" WIDTH="117" HEIGHT="36" WC="0.96" CONTENT="blifva"/><SP WIDTH="40" VPOS="1399" HPOS="1507"/>
							<String ID="string_235" HPOS="1547" VPOS="1412" WIDTH="47" HEIGHT="23" WC="0.96" CONTENT="en"/><SP WIDTH="28" VPOS="1412" HPOS="1594"/>
							<String ID="string_236" HPOS="1622" VPOS="1400" WIDTH="32" HEIGHT="49" WC="0.95" CONTENT="ej"/><SP WIDTH="32" VPOS="1400" HPOS="1654"/>
							<String ID="string_237" HPOS="1686" VPOS="1402" WIDTH="156" HEIGHT="48" WC="0.96" CONTENT="ovanlig"/>
						</TextLine>
						<TextLine ID="line_24" HPOS="245" VPOS="1444" WIDTH="1595" HEIGHT="57">
							<String ID="string_238" HPOS="245" VPOS="1444" WIDTH="199" HEIGHT="37" WC="0.96" CONTENT="företeelse"/><SP WIDTH="28" VPOS="1444" HPOS="444"/>
							<String ID="string_239" HPOS="472" VPOS="1446" WIDTH="63" HEIGHT="36" WC="0.93" CONTENT="vid"/><SP WIDTH="29" VPOS="1446" HPOS="535"/>
							<String ID="string_240" HPOS="564" VPOS="1448" WIDTH="382" HEIGHT="49" WC="0.92" CONTENT="sammanräkningar"/><SP WIDTH="19" VPOS="1448" HPOS="946"/>
							<String ID="string_241" HPOS="965" VPOS="1449" WIDTH="59" HEIGHT="36" WC="0.96" CONTENT="för"/><SP WIDTH="20" VPOS="1449" HPOS="1024"/>
							<String ID="string_242" HPOS="1044" VPOS="1450" WIDTH="244" HEIGHT="37" WC="0.96" CONTENT="efterträdare"/><SP WIDTH="19" VPOS="1450" HPOS="1288"/>
							<String ID="string_243" HPOS="1307" VPOS="1456" WIDTH="37" HEIGHT="30" WC="0.93" CONTENT="åt"/><SP WIDTH="20" VPOS="1456" HPOS="1344"/>
							<String ID="string_244" HPOS="1364" VPOS="1451" WIDTH="191" HEIGHT="49" WC="0.92" CONTENT="afgången"/><SP WIDTH="20" VPOS="1451" HPOS="1555"/>
							<String ID="string_245" HPOS="1575" VPOS="1452" WIDTH="265" HEIGHT="49" WC="0.96" CONTENT="riksdagsman"/>
						</TextLine>
						<TextLine ID="line_25" HPOS="246" VPOS="1495" WIDTH="1595" HEIGHT="57">
							<String ID="string_246" HPOS="246" VPOS="1495" WIDTH="90" HEIGHT="37" WC="0.95" CONTENT="eller"/><SP WIDTH="42" VPOS="1495" HPOS="336"/>
							<String ID="string_247" HPOS="378" VPOS="1497" WIDTH="338" HEIGHT="51" WC="0.95" CONTENT="stadsfullmäktig,"/><SP WIDTH="43" VPOS="1497" HPOS="716"/>
							<String ID="string_248" HPOS="759" VPOS="1500" WIDTH="135" HEIGHT="37" WC="0.96" CONTENT="liksom"/><SP WIDTH="44" VPOS="1500" HPOS="894"/>
							<String ID="string_249" HPOS="938" VPOS="1501" WIDTH="72" HEIGHT="37" WC="0.96" CONTENT="den"/><SP WIDTH="32" VPOS="1501" HPOS="1010"/>
							<String ID="string_250" HPOS="1042" VPOS="1502" WIDTH="12" HEIGHT="36" WC="0.93" CONTENT="i"/><SP WIDTH="27" VPOS="1502" HPOS="1054"/>
							<String ID="string_251" HPOS="1081" VPOS="1502" WIDTH="114" HEIGHT="49" WC="0.92" CONTENT="lifligt"/><SP WIDTH="42" VPOS="1502" HPOS="1195"/>
							<String ID="string_252" HPOS="1237" VPOS="1503" WIDTH="267" HEIGHT="49" WC="0.87" CONTENT="öfverklagadt"/><SP WIDTH="41" VPOS="1503" HPOS="1504"/>
							<String ID="string_253" HPOS="1545" VPOS="1504" WIDTH="156" HEIGHT="48" WC="0.92" CONTENT="omfång"/><SP WIDTH="42" VPOS="1504" HPOS="1701"/>
							<String ID="string_254" HPOS="1743" VPOS="1505" WIDTH="98" HEIGHT="37" WC="0.90" CONTENT="före-"/>
						</TextLine>
						<TextLine ID="line_26" HPOS="244" VPOS="1548" WIDTH="1020" HEIGHT="55">
							<String ID="string_255" HPOS="244" VPOS="1548" WIDTH="159" HEIGHT="37" WC="0.96" CONTENT="kommit"/><SP WIDTH="28" VPOS="1548" HPOS="403"/>
							<String ID="string_256" HPOS="431" VPOS="1550" WIDTH="64" HEIGHT="36" WC="0.91" CONTENT="vid"/><SP WIDTH="29" VPOS="1550" HPOS="495"/>
							<String ID="string_257" HPOS="524" VPOS="1552" WIDTH="313" HEIGHT="48" WC="0.91" CONTENT="suppleantvalen"/><SP WIDTH="28" VPOS="1552" HPOS="837"/>
							<String ID="string_258" HPOS="865" VPOS="1553" WIDTH="58" HEIGHT="37" WC="0.92" CONTENT="för"/><SP WIDTH="27" VPOS="1553" HPOS="923"/>
							<String ID="string_259" HPOS="950" VPOS="1554" WIDTH="314" HEIGHT="49" WC="0.90" CONTENT="landstingsmän."/>
						</TextLine>
					</TextBlock>
					<TextBlock ID="block_3" HPOS="242" VPOS="1601" WIDTH="1599" HEIGHT="629">
						<TextLine ID="line_27" HPOS="373" VPOS="1601" WIDTH="1468" HEIGHT="55">
							<String ID="string_260" HPOS="373" VPOS="1601" WIDTH="347" HEIGHT="38" WC="0.91" CONTENT="Missförhållandet"/><SP WIDTH="38" VPOS="1601" HPOS="720"/>
							<String ID="string_261" HPOS="758" VPOS="1618" WIDTH="114" HEIGHT="35" WC="0.96" CONTENT="synes"/><SP WIDTH="33" VPOS="1618" HPOS="872"/>
							<String ID="string_262" HPOS="905" VPOS="1606" WIDTH="80" HEIGHT="47" WC="0.96" CONTENT="mig"/><SP WIDTH="28" VPOS="1606" HPOS="985"/>
							<String ID="string_263" HPOS="1013" VPOS="1606" WIDTH="127" HEIGHT="36" WC="0.93" CONTENT="kunna"/><SP WIDTH="29" VPOS="1606" HPOS="1140"/>
							<String ID="string_264" HPOS="1169" VPOS="1606" WIDTH="187" HEIGHT="50" WC="0.92" CONTENT="afhjälpas"/><SP WIDTH="28" VPOS="1606" HPOS="1356"/>
							<String ID="string_265" HPOS="1384" VPOS="1620" WIDTH="140" HEIGHT="35" WC="0.96" CONTENT="genom"/><SP WIDTH="29" VPOS="1620" HPOS="1524"/>
							<String ID="string_266" HPOS="1553" VPOS="1608" WIDTH="204" HEIGHT="48" WC="0.95" CONTENT="föreskrift,"/><SP WIDTH="30" VPOS="1608" HPOS="1757"/>
							<String ID="string_267" HPOS="1787" VPOS="1614" WIDTH="54" HEIGHT="31" WC="0.96" CONTENT="att"/>
						</TextLine>
						<TextLine ID="line_28" HPOS="244" VPOS="1652" WIDTH="1597" HEIGHT="56">
							<String ID="string_268" HPOS="244" VPOS="1652" WIDTH="64" HEIGHT="36" WC="0.95" CONTENT="vid"/><SP WIDTH="43" VPOS="1652" HPOS="308"/>
							<String ID="string_269" HPOS="351" VPOS="1653" WIDTH="116" HEIGHT="37" WC="0.92" CONTENT="sådan"/><SP WIDTH="35" VPOS="1653" HPOS="467"/>
							<String ID="string_270" HPOS="502" VPOS="1655" WIDTH="253" HEIGHT="49" WC="0.90" CONTENT="supplerande"/><SP WIDTH="34" VPOS="1655" HPOS="755"/>
							<String ID="string_271" HPOS="789" VPOS="1658" WIDTH="345" HEIGHT="49" WC="0.89" CONTENT="sammanräkning,"/><SP WIDTH="30" VPOS="1658" HPOS="1134"/>
							<String ID="string_272" HPOS="1164" VPOS="1658" WIDTH="158" HEIGHT="37" WC="0.93" CONTENT="hvarom"/><SP WIDTH="29" VPOS="1658" HPOS="1322"/>
							<String ID="string_273" HPOS="1351" VPOS="1659" WIDTH="68" HEIGHT="37" WC="0.96" CONTENT="här"/><SP WIDTH="28" VPOS="1659" HPOS="1419"/>
							<String ID="string_274" HPOS="1447" VPOS="1663" WIDTH="41" HEIGHT="32" WC="0.96" CONTENT="är"/><SP WIDTH="29" VPOS="1663" HPOS="1488"/>
							<String ID="string_275" HPOS="1517" VPOS="1659" WIDTH="120" HEIGHT="49" WC="0.93" CONTENT="fråga,"/><SP WIDTH="29" VPOS="1659" HPOS="1637"/>
							<String ID="string_276" HPOS="1666" VPOS="1662" WIDTH="175" HEIGHT="36" WC="0.91" CONTENT="valsedels"/>
						</TextLine>
						<TextLine ID="line_29" HPOS="245" VPOS="1708" WIDTH="1593" HEIGHT="51">
							<String ID="string_277" HPOS="245" VPOS="1708" WIDTH="186" HEIGHT="34" WC="0.92" CONTENT="röstvärde"/><SP WIDTH="40" VPOS="1708" HPOS="431"/>
							<String ID="string_278" HPOS="471" VPOS="1708" WIDTH="96" HEIGHT="35" WC="0.96" CONTENT="skall"/><SP WIDTH="42" VPOS="1708" HPOS="567"/>
							<String ID="string_279" HPOS="609" VPOS="1710" WIDTH="285" HEIGHT="44" WC="0.93" CONTENT="tillgodoräknas"/><SP WIDTH="42" VPOS="1710" HPOS="894"/>
							<String ID="string_280" HPOS="936" VPOS="1711" WIDTH="153" HEIGHT="36" WC="0.88" CONTENT="allenast"/><SP WIDTH="41" VPOS="1711" HPOS="1089"/>
							<String ID="string_281" HPOS="1130" VPOS="1713" WIDTH="59" HEIGHT="35" WC="0.96" CONTENT="det"/><SP WIDTH="34" VPOS="1713" HPOS="1189"/>
							<String ID="string_282" HPOS="1223" VPOS="1712" WIDTH="126" HEIGHT="43" WC="0.93" CONTENT="första"/><SP WIDTH="34" VPOS="1712" HPOS="1349"/>
							<String ID="string_283" HPOS="1383" VPOS="1714" WIDTH="21" HEIGHT="33" WC="0.93" CONTENT="å"/><SP WIDTH="24" VPOS="1714" HPOS="1404"/>
							<String ID="string_284" HPOS="1428" VPOS="1713" WIDTH="183" HEIGHT="36" WC="0.96" CONTENT="valsedeln"/><SP WIDTH="29" VPOS="1713" HPOS="1611"/>
							<String ID="string_285" HPOS="1640" VPOS="1717" WIDTH="198" HEIGHT="42" WC="0.96" CONTENT="upptagna,"/>
						</TextLine>
						<TextLine ID="line_30" HPOS="245" VPOS="1758" WIDTH="1596" HEIGHT="55">
							<String ID="string_286" HPOS="245" VPOS="1758" WIDTH="130" HEIGHT="35" WC="0.96" CONTENT="dittills"/><SP WIDTH="40" VPOS="1758" HPOS="375"/>
							<String ID="string_287" HPOS="415" VPOS="1760" WIDTH="77" HEIGHT="35" WC="0.95" CONTENT="icke"/><SP WIDTH="40" VPOS="1760" HPOS="492"/>
							<String ID="string_288" HPOS="532" VPOS="1761" WIDTH="108" HEIGHT="34" WC="0.95" CONTENT="valda"/><SP WIDTH="36" VPOS="1761" HPOS="640"/>
							<String ID="string_289" HPOS="676" VPOS="1766" WIDTH="156" HEIGHT="32" WC="0.94" CONTENT="namnet."/><SP WIDTH="57" VPOS="1766" HPOS="832"/>
							<String ID="string_290" HPOS="889" VPOS="1761" WIDTH="59" HEIGHT="36" WC="0.95" CONTENT="En"/><SP WIDTH="28" VPOS="1761" HPOS="948"/>
							<String ID="string_291" HPOS="976" VPOS="1762" WIDTH="104" HEIGHT="48" WC="0.96" CONTENT="dylik"/><SP WIDTH="28" VPOS="1762" HPOS="1080"/>
							<String ID="string_292" HPOS="1108" VPOS="1764" WIDTH="103" HEIGHT="48" WC="0.96" CONTENT="regel"/><SP WIDTH="30" VPOS="1764" HPOS="1211"/>
							<String ID="string_293" HPOS="1241" VPOS="1777" WIDTH="112" HEIGHT="35" WC="0.96" CONTENT="synes"/><SP WIDTH="30" VPOS="1777" HPOS="1353"/>
							<String ID="string_294" HPOS="1383" VPOS="1764" WIDTH="79" HEIGHT="48" WC="0.96" CONTENT="mig"/><SP WIDTH="27" VPOS="1764" HPOS="1462"/>
							<String ID="string_295" HPOS="1489" VPOS="1766" WIDTH="58" HEIGHT="34" WC="0.95" CONTENT="stå"/><SP WIDTH="28" VPOS="1766" HPOS="1547"/>
							<String ID="string_296" HPOS="1575" VPOS="1764" WIDTH="12" HEIGHT="35" WC="0.96" CONTENT="i"/><SP WIDTH="28" VPOS="1764" HPOS="1587"/>
							<String ID="string_297" HPOS="1615" VPOS="1764" WIDTH="77" HEIGHT="49" WC="0.93" CONTENT="god"/><SP WIDTH="29" VPOS="1764" HPOS="1692"/>
							<String ID="string_298" HPOS="1721" VPOS="1765" WIDTH="120" HEIGHT="37" WC="0.91" CONTENT="öfver-"/>
						</TextLine>
						<TextLine ID="line_31" HPOS="244" VPOS="1811" WIDTH="1597" HEIGHT="54">
							<String ID="string_299" HPOS="244" VPOS="1811" WIDTH="281" HEIGHT="36" WC="0.89" CONTENT="ensstämmelse"/><SP WIDTH="42" VPOS="1811" HPOS="525"/>
							<String ID="string_300" HPOS="567" VPOS="1812" WIDTH="85" HEIGHT="36" WC="0.95" CONTENT="med"/><SP WIDTH="42" VPOS="1812" HPOS="652"/>
							<String ID="string_301" HPOS="694" VPOS="1812" WIDTH="63" HEIGHT="37" WC="0.96" CONTENT="det"/><SP WIDTH="41" VPOS="1812" HPOS="757"/>
							<String ID="string_302" HPOS="798" VPOS="1813" WIDTH="102" HEIGHT="37" WC="0.96" CONTENT="förut"/><SP WIDTH="36" VPOS="1813" HPOS="900"/>
							<String ID="string_303" HPOS="936" VPOS="1813" WIDTH="236" HEIGHT="38" WC="0.96" CONTENT="framställda"/><SP WIDTH="28" VPOS="1813" HPOS="1172"/>
							<String ID="string_304" HPOS="1200" VPOS="1815" WIDTH="181" HEIGHT="50" WC="0.96" CONTENT="förslaget"/><SP WIDTH="28" VPOS="1815" HPOS="1381"/>
							<String ID="string_305" HPOS="1409" VPOS="1828" WIDTH="60" HEIGHT="23" WC="0.95" CONTENT="om"/><SP WIDTH="30" VPOS="1828" HPOS="1469"/>
							<String ID="string_306" HPOS="1499" VPOS="1815" WIDTH="62" HEIGHT="37" WC="0.96" CONTENT="det"/><SP WIDTH="29" VPOS="1815" HPOS="1561"/>
							<String ID="string_307" HPOS="1590" VPOS="1817" WIDTH="251" HEIGHT="36" WC="0.96" CONTENT="automatiska"/>
						</TextLine>
						<TextLine ID="line_32" HPOS="244" VPOS="1861" WIDTH="1596" HEIGHT="57">
							<String ID="string_308" HPOS="244" VPOS="1861" WIDTH="174" HEIGHT="37" WC="0.95" CONTENT="strecket."/><SP WIDTH="56" VPOS="1861" HPOS="418"/>
							<String ID="string_309" HPOS="474" VPOS="1863" WIDTH="82" HEIGHT="36" WC="0.95" CONTENT="Den"/><SP WIDTH="28" VPOS="1863" HPOS="556"/>
							<String ID="string_310" HPOS="584" VPOS="1864" WIDTH="157" HEIGHT="37" WC="0.96" CONTENT="innebär"/><SP WIDTH="28" VPOS="1864" HPOS="741"/>
							<String ID="string_311" HPOS="769" VPOS="1865" WIDTH="59" HEIGHT="37" WC="0.96" CONTENT="för"/><SP WIDTH="20" VPOS="1865" HPOS="828"/>
							<String ID="string_312" HPOS="848" VPOS="1866" WIDTH="117" HEIGHT="48" WC="0.93" CONTENT="öfrigt"/><SP WIDTH="20" VPOS="1866" HPOS="965"/>
							<String ID="string_313" HPOS="985" VPOS="1866" WIDTH="159" HEIGHT="37" WC="0.92" CONTENT="allenast"/><SP WIDTH="20" VPOS="1866" HPOS="1144"/>
							<String ID="string_314" HPOS="1164" VPOS="1867" WIDTH="73" HEIGHT="47" WC="0.96" CONTENT="det,"/><SP WIDTH="22" VPOS="1867" HPOS="1237"/>
							<String ID="string_315" HPOS="1259" VPOS="1873" WIDTH="55" HEIGHT="31" WC="0.96" CONTENT="att"/><SP WIDTH="18" VPOS="1873" HPOS="1314"/>
							<String ID="string_316" HPOS="1332" VPOS="1873" WIDTH="260" HEIGHT="45" WC="0.96" CONTENT="representant"/><SP WIDTH="20" VPOS="1873" HPOS="1592"/>
							<String ID="string_317" HPOS="1612" VPOS="1868" WIDTH="96" HEIGHT="37" WC="0.96" CONTENT="skall"/><SP WIDTH="18" VPOS="1868" HPOS="1708"/>
							<String ID="string_318" HPOS="1726" VPOS="1869" WIDTH="114" HEIGHT="36" WC="0.96" CONTENT="hafva"/>
						</TextLine>
						<TextLine ID="line_33" HPOS="244" VPOS="1913" WIDTH="1596" HEIGHT="56">
							<String ID="string_319" HPOS="244" VPOS="1913" WIDTH="72" HEIGHT="36" WC="0.96" CONTENT="den"/><SP WIDTH="42" VPOS="1913" HPOS="316"/>
							<String ID="string_320" HPOS="358" VPOS="1919" WIDTH="193" HEIGHT="44" WC="0.93" CONTENT="ersättare,"/><SP WIDTH="43" VPOS="1919" HPOS="551"/>
							<String ID="string_321" HPOS="594" VPOS="1930" WIDTH="81" HEIGHT="22" WC="0.90" CONTENT="som"/><SP WIDTH="40" VPOS="1930" HPOS="675"/>
							<String ID="string_322" HPOS="715" VPOS="1918" WIDTH="240" HEIGHT="47" WC="0.84" CONTENT="pluraliteten"/><SP WIDTH="30" VPOS="1918" HPOS="955"/>
							<String ID="string_323" HPOS="985" VPOS="1919" WIDTH="40" HEIGHT="36" WC="0.95" CONTENT="af"/><SP WIDTH="28" VPOS="1919" HPOS="1025"/>
							<String ID="string_324" HPOS="1053" VPOS="1919" WIDTH="94" HEIGHT="36" WC="0.91" CONTENT="hans"/><SP WIDTH="28" VPOS="1919" HPOS="1147"/>
							<String ID="string_325" HPOS="1175" VPOS="1920" WIDTH="148" HEIGHT="36" WC="0.91" CONTENT="valmän"/><SP WIDTH="29" VPOS="1920" HPOS="1323"/>
							<String ID="string_326" HPOS="1352" VPOS="1920" WIDTH="100" HEIGHT="36" WC="0.96" CONTENT="helst"/><SP WIDTH="27" VPOS="1920" HPOS="1452"/>
							<String ID="string_327" HPOS="1479" VPOS="1920" WIDTH="92" HEIGHT="49" WC="0.95" CONTENT="vilja"/><SP WIDTH="27" VPOS="1920" HPOS="1571"/>
							<String ID="string_328" HPOS="1598" VPOS="1920" WIDTH="48" HEIGHT="36" WC="0.95" CONTENT="ha"/><SP WIDTH="27" VPOS="1920" HPOS="1646"/>
							<String ID="string_329" HPOS="1673" VPOS="1926" WIDTH="167" HEIGHT="31" WC="0.96" CONTENT="närmast"/>
						</TextLine>
						<TextLine ID="line_34" HPOS="244" VPOS="1965" WIDTH="1596" HEIGHT="55">
							<String ID="string_330" HPOS="244" VPOS="1965" WIDTH="95" HEIGHT="36" WC="0.96" CONTENT="efter"/><SP WIDTH="43" VPOS="1965" HPOS="339"/>
							<String ID="string_331" HPOS="382" VPOS="1966" WIDTH="74" HEIGHT="36" WC="0.96" CONTENT="den"/><SP WIDTH="41" VPOS="1966" HPOS="456"/>
							<String ID="string_332" HPOS="497" VPOS="1968" WIDTH="90" HEIGHT="36" WC="0.95" CONTENT="eller"/><SP WIDTH="41" VPOS="1968" HPOS="587"/>
							<String ID="string_333" HPOS="628" VPOS="1968" WIDTH="45" HEIGHT="37" WC="0.96" CONTENT="de"/><SP WIDTH="42" VPOS="1968" HPOS="673"/>
							<String ID="string_334" HPOS="715" VPOS="1969" WIDTH="102" HEIGHT="36" WC="0.95" CONTENT="förut"/><SP WIDTH="27" VPOS="1969" HPOS="817"/>
							<String ID="string_335" HPOS="844" VPOS="1970" WIDTH="121" HEIGHT="36" WC="0.93" CONTENT="valda."/><SP WIDTH="56" VPOS="1970" HPOS="965"/>
							<String ID="string_336" HPOS="1021" VPOS="1970" WIDTH="193" HEIGHT="38" WC="0.92" CONTENT="Namnens"/><SP WIDTH="30" VPOS="1970" HPOS="1214"/>
							<String ID="string_337" HPOS="1244" VPOS="1971" WIDTH="282" HEIGHT="49" WC="0.93" CONTENT="ordningsföljd"/><SP WIDTH="29" VPOS="1971" HPOS="1526"/>
							<String ID="string_338" HPOS="1555" VPOS="1975" WIDTH="20" HEIGHT="33" WC="0.92" CONTENT="å"/><SP WIDTH="28" VPOS="1975" HPOS="1575"/>
							<String ID="string_339" HPOS="1603" VPOS="1973" WIDTH="237" HEIGHT="36" WC="0.96" CONTENT="valsedlarna"/>
						</TextLine>
						<TextLine ID="line_35" HPOS="244" VPOS="2017" WIDTH="1595" HEIGHT="55">
							<String ID="string_340" HPOS="244" VPOS="2017" WIDTH="120" HEIGHT="37" WC="0.96" CONTENT="skulle"/><SP WIDTH="41" VPOS="2017" HPOS="364"/>
							<String ID="string_341" HPOS="405" VPOS="2018" WIDTH="221" HEIGHT="49" WC="0.96" CONTENT="härigenom"/><SP WIDTH="44" VPOS="2018" HPOS="626"/>
							<String ID="string_342" HPOS="670" VPOS="2021" WIDTH="139" HEIGHT="36" WC="0.88" CONTENT="erhålla"/><SP WIDTH="42" VPOS="2021" HPOS="809"/>
							<String ID="string_343" HPOS="851" VPOS="2027" WIDTH="53" HEIGHT="31" WC="0.96" CONTENT="ett"/><SP WIDTH="41" VPOS="2027" HPOS="904"/>
							<String ID="string_344" HPOS="945" VPOS="2022" WIDTH="208" HEIGHT="50" WC="0.96" CONTENT="inflytande"/><SP WIDTH="28" VPOS="2022" HPOS="1153"/>
							<String ID="string_345" HPOS="1181" VPOS="2024" WIDTH="63" HEIGHT="35" WC="0.93" CONTENT="vid"/><SP WIDTH="35" VPOS="2024" HPOS="1244"/>
							<String ID="string_346" HPOS="1279" VPOS="2023" WIDTH="366" HEIGHT="49" WC="0.90" CONTENT="efterträdarevalen,"/><SP WIDTH="29" VPOS="2023" HPOS="1645"/>
							<String ID="string_347" HPOS="1674" VPOS="2038" WIDTH="80" HEIGHT="23" WC="0.96" CONTENT="som"/><SP WIDTH="29" VPOS="2038" HPOS="1754"/>
							<String ID="string_348" HPOS="1783" VPOS="2026" WIDTH="56" HEIGHT="35" WC="0.95" CONTENT="till"/>
						</TextLine>
						<TextLine ID="line_36" HPOS="243" VPOS="2068" WIDTH="1596" HEIGHT="57">
							<String ID="string_349" HPOS="243" VPOS="2068" WIDTH="71" HEIGHT="37" WC="0.96" CONTENT="och"/><SP WIDTH="40" VPOS="2068" HPOS="314"/>
							<String ID="string_350" HPOS="354" VPOS="2070" WIDTH="86" HEIGHT="36" WC="0.96" CONTENT="med"/><SP WIDTH="41" VPOS="2070" HPOS="440"/>
							<String ID="string_351" HPOS="481" VPOS="2085" WIDTH="90" HEIGHT="23" WC="0.96" CONTENT="vore"/><SP WIDTH="34" VPOS="2085" HPOS="571"/>
							<String ID="string_352" HPOS="605" VPOS="2072" WIDTH="12" HEIGHT="36" WC="0.96" CONTENT="i"/><SP WIDTH="28" VPOS="2072" HPOS="617"/>
							<String ID="string_353" HPOS="645" VPOS="2073" WIDTH="77" HEIGHT="36" WC="0.96" CONTENT="viss"/><SP WIDTH="28" VPOS="2073" HPOS="722"/>
							<String ID="string_354" HPOS="750" VPOS="2076" WIDTH="88" HEIGHT="34" WC="0.96" CONTENT="mån"/><SP WIDTH="29" VPOS="2076" HPOS="838"/>
							<String ID="string_355" HPOS="867" VPOS="2074" WIDTH="167" HEIGHT="37" WC="0.95" CONTENT="starkare"/><SP WIDTH="28" VPOS="2074" HPOS="1034"/>
							<String ID="string_356" HPOS="1062" VPOS="2080" WIDTH="47" HEIGHT="31" WC="0.96" CONTENT="än"/><SP WIDTH="29" VPOS="2080" HPOS="1109"/>
							<String ID="string_357" HPOS="1138" VPOS="2076" WIDTH="63" HEIGHT="36" WC="0.93" CONTENT="vid"/><SP WIDTH="27" VPOS="2076" HPOS="1201"/>
							<String ID="string_358" HPOS="1228" VPOS="2076" WIDTH="382" HEIGHT="49" WC="0.92" CONTENT="representantvalen."/><SP WIDTH="57" VPOS="2076" HPOS="1610"/>
							<String ID="string_359" HPOS="1667" VPOS="2076" WIDTH="71" HEIGHT="37" WC="0.95" CONTENT="Om"/><SP WIDTH="29" VPOS="2076" HPOS="1738"/>
							<String ID="string_360" HPOS="1767" VPOS="2077" WIDTH="72" HEIGHT="36" WC="0.95" CONTENT="den"/>
						</TextLine>
						<TextLine ID="line_37" HPOS="243" VPOS="2121" WIDTH="1597" HEIGHT="56">
							<String ID="string_361" HPOS="243" VPOS="2121" WIDTH="216" HEIGHT="49" WC="0.96" CONTENT="föreslagna"/><SP WIDTH="45" VPOS="2121" HPOS="459"/>
							<String ID="string_362" HPOS="504" VPOS="2125" WIDTH="131" HEIGHT="47" WC="0.94" CONTENT="regeln"/><SP WIDTH="46" VPOS="2125" HPOS="635"/>
							<String ID="string_363" HPOS="681" VPOS="2138" WIDTH="108" HEIGHT="24" WC="0.95" CONTENT="anses"/><SP WIDTH="45" VPOS="2138" HPOS="789"/>
							<String ID="string_364" HPOS="834" VPOS="2126" WIDTH="127" HEIGHT="36" WC="0.92" CONTENT="kunna"/><SP WIDTH="40" VPOS="2126" HPOS="961"/>
							<String ID="string_365" HPOS="1001" VPOS="2127" WIDTH="200" HEIGHT="48" WC="0.90" CONTENT="godtagas,"/><SP WIDTH="42" VPOS="2127" HPOS="1201"/>
							<String ID="string_366" HPOS="1243" VPOS="2128" WIDTH="122" HEIGHT="36" WC="0.95" CONTENT="finnes"/><SP WIDTH="42" VPOS="2128" HPOS="1365"/>
							<String ID="string_367" HPOS="1407" VPOS="2128" WIDTH="298" HEIGHT="49" WC="0.96" CONTENT="uppenbarligen"/><SP WIDTH="40" VPOS="2128" HPOS="1705"/>
							<String ID="string_368" HPOS="1745" VPOS="2129" WIDTH="95" HEIGHT="36" WC="0.96" CONTENT="intet"/>
						</TextLine>
						<TextLine ID="line_38" HPOS="242" VPOS="2173" WIDTH="1370" HEIGHT="57">
							<String ID="string_369" HPOS="242" VPOS="2173" WIDTH="135" HEIGHT="37" WC="0.95" CONTENT="hinder"/><SP WIDTH="30" VPOS="2173" HPOS="377"/>
							<String ID="string_370" HPOS="407" VPOS="2180" WIDTH="55" HEIGHT="31" WC="0.95" CONTENT="att"/><SP WIDTH="28" VPOS="2180" HPOS="462"/>
							<String ID="string_371" HPOS="490" VPOS="2175" WIDTH="76" HEIGHT="36" WC="0.96" CONTENT="låta"/><SP WIDTH="29" VPOS="2175" HPOS="566"/>
							<String ID="string_372" HPOS="595" VPOS="2176" WIDTH="70" HEIGHT="37" WC="0.96" CONTENT="den"/><SP WIDTH="30" VPOS="2176" HPOS="665"/>
							<String ID="string_373" HPOS="695" VPOS="2177" WIDTH="100" HEIGHT="49" WC="0.96" CONTENT="gälla"/><SP WIDTH="29" VPOS="2177" HPOS="795"/>
							<String ID="string_374" HPOS="824" VPOS="2178" WIDTH="112" HEIGHT="36" WC="0.96" CONTENT="äfven"/><SP WIDTH="27" VPOS="2178" HPOS="936"/>
							<String ID="string_375" HPOS="963" VPOS="2179" WIDTH="235" HEIGHT="36" WC="0.96" CONTENT="beträffande"/><SP WIDTH="29" VPOS="2179" HPOS="1198"/>
							<String ID="string_376" HPOS="1227" VPOS="2180" WIDTH="72" HEIGHT="36" WC="0.96" CONTENT="den"/><SP WIDTH="29" VPOS="2180" HPOS="1299"/>
							<String ID="string_377" HPOS="1328" VPOS="2180" WIDTH="71" HEIGHT="36" WC="0.96" CONTENT="fria"/><SP WIDTH="29" VPOS="2180" HPOS="1399"/>
							<String ID="string_378" HPOS="1428" VPOS="2193" WIDTH="184" HEIGHT="37" WC="0.96" CONTENT="gruppen."/>
						</TextLine>
					</TextBlock>
					<TextBlock ID="block_4" HPOS="243" VPOS="2225" WIDTH="1597" HEIGHT="106">
						<TextLine ID="line_39" HPOS="373" VPOS="2225" WIDTH="1467" HEIGHT="56">
							<String ID="string_379" HPOS="373" VPOS="2225" WIDTH="71" HEIGHT="38" WC="0.95" CONTENT="Om"/><SP WIDTH="30" VPOS="2225" HPOS="444"/>
							<String ID="string_380" HPOS="474" VPOS="2227" WIDTH="45" HEIGHT="37" WC="0.96" CONTENT="de"/><SP WIDTH="28" VPOS="2227" HPOS="519"/>
							<String ID="string_381" HPOS="547" VPOS="2241" WIDTH="51" HEIGHT="23" WC="0.96" CONTENT="nu"/><SP WIDTH="29" VPOS="2241" HPOS="598"/>
							<String ID="string_382" HPOS="627" VPOS="2229" WIDTH="215" HEIGHT="49" WC="0.93" CONTENT="föreslagna"/><SP WIDTH="24" VPOS="2229" HPOS="842"/>
							<String ID="string_383" HPOS="866" VPOS="2230" WIDTH="296" HEIGHT="50" WC="0.92" CONTENT="jämkningarna"/><SP WIDTH="27" VPOS="2230" HPOS="1162"/>
							<String ID="string_384" HPOS="1189" VPOS="2232" WIDTH="117" HEIGHT="36" WC="0.90" CONTENT="varda"/><SP WIDTH="28" VPOS="2232" HPOS="1306"/>
							<String ID="string_385" HPOS="1334" VPOS="2232" WIDTH="258" HEIGHT="49" WC="0.96" CONTENT="genomförda,"/><SP WIDTH="29" VPOS="2232" HPOS="1592"/>
							<String ID="string_386" HPOS="1621" VPOS="2233" WIDTH="106" HEIGHT="36" WC="0.96" CONTENT="torde"/><SP WIDTH="24" VPOS="2233" HPOS="1727"/>
							<String ID="string_387" HPOS="1751" VPOS="2246" WIDTH="89" HEIGHT="23" WC="0.96" CONTENT="man"/>
						</TextLine>
						<TextLine ID="line_40" HPOS="243" VPOS="2280" WIDTH="1597" HEIGHT="51">
							<String ID="string_388" HPOS="243" VPOS="2280" WIDTH="123" HEIGHT="34" WC="0.96" CONTENT="såsom"/><SP WIDTH="42" VPOS="2280" HPOS="366"/>
							<String ID="string_389" HPOS="408" VPOS="2292" WIDTH="45" HEIGHT="23" WC="0.96" CONTENT="en"/><SP WIDTH="41" VPOS="2292" HPOS="453"/>
							<String ID="string_390" HPOS="494" VPOS="2280" WIDTH="142" HEIGHT="36" WC="0.95" CONTENT="verkan"/><SP WIDTH="42" VPOS="2280" HPOS="636"/>
							<String ID="string_391" HPOS="678" VPOS="2281" WIDTH="110" HEIGHT="36" WC="0.95" CONTENT="däraf"/><SP WIDTH="25" VPOS="2281" HPOS="788"/>
							<String ID="string_392" HPOS="813" VPOS="2282" WIDTH="127" HEIGHT="36" WC="0.93" CONTENT="kunna"/><SP WIDTH="27" VPOS="2282" HPOS="940"/>
							<String ID="string_393" HPOS="967" VPOS="2283" WIDTH="178" HEIGHT="48" WC="0.90" CONTENT="påräkna,"/><SP WIDTH="31" VPOS="2283" HPOS="1145"/>
							<String ID="string_394" HPOS="1176" VPOS="2289" WIDTH="55" HEIGHT="31" WC="0.96" CONTENT="att"/><SP WIDTH="27" VPOS="2289" HPOS="1231"/>
							<String ID="string_395" HPOS="1258" VPOS="2284" WIDTH="237" HEIGHT="37" WC="0.96" CONTENT="valsedlarna"/><SP WIDTH="29" VPOS="2284" HPOS="1495"/>
							<String ID="string_396" HPOS="1524" VPOS="2284" WIDTH="161" HEIGHT="38" WC="0.96" CONTENT="därefter"/><SP WIDTH="28" VPOS="2284" HPOS="1685"/>
							<String ID="string_397" HPOS="1713" VPOS="2285" WIDTH="127" HEIGHT="37" WC="0.95" CONTENT="städse"/>
						</TextLine>
					</TextBlock>
				</ComposedBlock>
			</PrintSpace>
		</Page>
	</Layout>
</alto>
