2201 2667
454 161 42 32 74
848 161 398 33 Konstitutionsutskottets
1268 162 163 32 utlåtande
1454 161 53 33 Nr
1529 163 30 31 3.

411 254 76 37 gen
515 241 83 37 från
625 241 91 38 flera
743 255 178 38 grupper,
951 246 60 33 må
1039 242 63 37 vid
1131 242 72 37 den
1231 257 75 36 nya
1334 243 382 49 sammanräkningen
1744 243 32 50 ej
1807 244 196 50 medtagas

411 294 116 37 andra
554 295 186 36 valsedlar
768 301 48 30 än
844 296 57 46 de,
931 309 78 23 som
1040 295 149 37 tillhöra
1217 295 72 37 den
1316 309 138 37 grupp,
1484 296 81 37 från
1593 296 153 37 hvilken
1768 310 84 23 rum
1878 298 12 35 i
1918 298 85 36 ord-

411 348 143 49 ningen
581 348 96 37 först
705 347 176 38 tilldelats
909 348 150 37 honom.

540 400 74 38 Vid
643 401 71 37 den
742 414 75 37 nya
845 401 385 50 sammanräkningen
1254 407 109 44 tages
1383 401 148 51 hänsyn
1550 402 96 37 blott
1665 402 56 36 till
1741 402 46 38 de
1805 402 196 49 valsedlar,

410 453 130 38 hvilka
580 459 170 45 upptaga
787 454 71 37 den
887 455 214 48 afgångnes
1129 468 116 24 namn
1273 455 58 36 för
1359 455 138 48 själfva
1526 454 331 50 fullmäktigvalet.
1913 455 89 37 Val-

411 506 100 37 sedel
542 506 186 37 beräknas
761 511 73 44 äga
862 507 65 36 sitt
954 508 270 48 ursprungliga
1250 507 208 49 röstvärde,
1488 508 70 36 och
1587 508 102 36 detta
1718 508 105 49 skall,
1853 511 48 47 på
1929 513 74 35 sätt

410 560 12 35 i
450 558 20 51 I
502 561 43 34 11
576 573 112 23 mom.
719 561 21 35 2
770 565 100 44 sägs,
900 560 78 36 helt
1005 560 89 37 eller
1122 559 119 38 delvis
1269 560 298 50 tillgodoräknas
1597 561 70 36 alla
1695 560 101 37 förut
1825 562 32 49 ej
1879 562 122 47 valda,

410 612 148 37 hvilkas
600 626 115 23 namn
756 612 232 38 förekomma
1017 615 20 34 å
1067 613 136 37 sedeln.
1261 613 94 48 Den,
1393 613 113 37 hvars
1542 627 115 23 namn
1685 618 40 32 är
1753 614 63 37 det
1846 614 117 37 första
1990 615 13 37 i

410 665 223 49 ordningen,
677 665 121 38 denna
835 668 40 34 så
907 665 171 37 bestämd
1106 679 80 23 som
1215 666 12 36 i
1254 665 20 50 $
1306 669 43 33 11
1381 680 111 22 mom.
1525 669 19 33 2
1574 671 100 44 sägs,
1703 667 147 37 inträde
1879 670 123 34 såsom

409 717 166 37 ledamot
602 718 12 34 i
643 716 72 37 den
757 717 212 48 afgångnes
1011 717 107 36 ställe
1159 718 120 35 under
1320 718 213 36 återstoden
1573 719 41 34 af
1652 718 71 35 den
1764 719 57 35 för
1861 719 141 35 honom

410 768 195 38 bestämda
631 768 346 51 tjänstgöringstid.
1146 767 4 5 |

540 821 122 49 Afgår
698 822 145 49 jämväl
884 821 156 37 sålunda
1075 822 137 37 utsedd
1246 823 164 36 ledamot
1439 823 78 36 före
1546 823 72 36 den
1645 822 195 37 bestämda
1869 824 134 47 tjänst-

411 873 285 50 göringstidens
724 877 160 46 utgång,
914 874 157 36 förfares
1099 877 48 46 på
1175 875 197 36 enahanda
1400 880 89 40 sätt;
1520 875 71 36 och
1620 875 94 36 skall
1742 876 63 35 vid
1835 876 72 35 den
1926 889 77 35 nya

408 927 467 48 röstsammanräkningen
918 929 123 34 såsom
1076 926 101 37 förut
1204 927 149 49 hänsyn
1381 932 111 44 tagas
1520 928 97 37 blott
1646 927 57 37 till
1731 928 45 36 de
1804 928 197 47 valsedlar,

409 978 129 37 hvilka
578 985 169 43 upptaga
788 980 72 36 den
898 979 93 36 först
1026 979 212 49 afgångnes
1270 994 114 22 namn
1421 980 58 36 för
1508 980 136 49 själfva
1673 980 327 50 fullmäktigvalet.

540 1031 138 37 Mellan
706 1032 76 36 lika
809 1032 133 37 rösttal
971 1032 129 49 skiljer
1126 1032 127 37 lotten.

539 1084 108 37 Efter
676 1084 403 49 sammanräkningens
1109 1084 211 37 afslutande
1344 1085 105 37 skola
1469 1085 238 37 valsedlarna
1728 1088 80 34 åter
1827 1086 175 49 inläggas

410 1136 120 38 under
558 1136 219 50 försegling.

538 1191 113 33 Mom.
682 1191 33 34 3.
773 1188 138 37 Finnes
945 1189 11 35 i
990 1188 75 48 fall,
1108 1202 80 23 som
1222 1190 11 35 i
1262 1203 112 22 mom.
1407 1192 20 33 2
1457 1191 113 46 afses,
1600 1193 20 32 å
1648 1191 66 35 där
1754 1191 250 36 omförmälda

410 1240 184 37 valsedlar
636 1241 82 36 icke
758 1254 112 23 namn
899 1244 20 35 å
947 1243 138 47 någon,
1129 1255 80 23 som
1252 1241 73 37 kan
1366 1242 147 37 inträda
1547 1245 122 34 såsom
1698 1243 163 37 ledamot
1889 1244 12 35 i
1929 1243 73 36 den

410 1293 213 49 afgångnes
665 1293 118 48 ställe,
821 1294 95 36 skall
956 1293 147 49 platsen
1144 1297 56 33 stå
1241 1293 147 37 obesatt
1420 1295 98 36 intill
1546 1298 196 46 utgången
1771 1296 40 36 af
1836 1295 70 36 den
1935 1295 66 47 tid,

411 1345 58 36 för
497 1345 153 36 hvilken
681 1345 71 36 den
780 1345 192 49 afgångne
1001 1345 126 36 blifvit
1155 1346 95 36 vald.

537 1554 85 36 Med
652 1555 83 36 stöd
765 1555 39 36 af
829 1555 98 35 hvad
957 1554 156 37 sålunda
1143 1555 82 36 från
1254 1555 79 36 min
1358 1556 80 36 sida
1459 1557 214 50 föreslagits
1692 1557 68 36 har
1774 1557 70 48 jag
1867 1562 134 42 ansett,

406 1610 56 32 att
505 1606 184 38 utskottet
715 1629 50 4 —
794 1607 84 37 med
920 1606 144 37 hvilket
1095 1607 71 49 jag
1193 1607 11 36 i
1234 1608 116 49 öfrigt
1383 1608 220 38 instämmer
1630 1632 49 3 —
1709 1609 83 37 bort
1826 1609 177 37 särskildt

406 1659 200 35 framhålla
646 1663 122 33 såsom
810 1665 55 30 ett
893 1659 202 44 önskemål,
1126 1664 54 31 att
1209 1673 45 23 en
1283 1660 164 37 revision
1475 1661 41 36 af
1539 1662 239 37 valmetoden
1806 1664 114 34 måtte
1954 1667 50 43 gå

405 1711 11 35 1
446 1710 73 37 den
549 1711 184 49 riktning,
763 1725 79 23 som
873 1711 40 36 af
938 1712 79 48 mig
1044 1712 67 35 här
1140 1711 114 36 ofvan
1282 1712 225 49 föreslagits.

650 2337 217 48 STOCKHOLM,
887 2355 100 24 ISAAC
1006 2339 147 41 MARCUS'
1175 2339 487 47 BOKTRYCKERI-AKTIEBOLAG,
1683 2340 77 43 1912,
