2164 2622
417 168 18 30 2
638 168 238 32 Sammansatta
899 170 64 40 lag-
988 169 54 31 och
1059 169 336 36 jordbruksutskottets
1420 169 164 32 utlåtande
1607 171 52 31 Nr
1682 172 30 30 1.

372 244 70 36 och
469 244 216 37 Jämtlands
713 246 63 35 län
808 245 158 49 belägen
991 246 99 47 jord,
1120 260 79 23 som
1229 247 128 36 tillhör
1384 248 146 36 kronan
1560 249 69 35 och
1656 248 82 37 icke
1766 249 207 40 innehaves

371 296 119 36 under
518 296 155 49 ständig
701 297 306 48 besittningsrätt
1036 297 89 37 eller
1150 303 39 31 är
1208 299 182 48 anslagen
1411 299 56 36 till
1487 300 170 48 boställe,
1678 301 107 36 skola
1804 302 172 48 följande

370 347 281 37 bestämmelser
678 349 117 46 gälla:

1130 473 17 33 1
1169 470 40 49 8.

499 554 224 48 Inmutning
766 568 45 22 av
848 555 473 50 järnmalmsfyndigheter
1362 559 60 33 må
1460 558 67 35 ske
1557 559 131 36 endast
1718 559 58 36 för
1804 559 169 38 kronans

368 605 176 48 räkning.

1127 694 81 48 28.

497 760 84 36 Med
626 761 183 36 avseende
838 765 20 33 å
885 761 228 49 inmutning,
1156 775 80 23 som
1273 776 45 22 av
1348 776 125 23 annan
1502 768 48 31 än
1578 764 143 36 kronan
1749 766 222 37 verkställes

369 815 20 32 å
417 811 311 50 inmutningsbar
755 813 201 49 fyndighet
983 827 47 22 av
1059 819 114 30 annat
1202 815 84 47 slag
1313 819 48 31 än
1388 816 12 35 i
1431 817 18 34 1
1480 814 21 50 $
1531 820 100 44 sägs,
1653 822 97 31 samt
1769 817 45 36 de
1833 818 133 48 rättig-

367 863 105 36 heter
500 864 71 35 och
601 864 261 49 förpliktelser,
892 878 80 23 som
1004 865 116 36 därav
1149 865 225 48 föranledas,
1404 866 107 37 skola
1540 867 285 38 föreskrifterna
1852 869 12 36 i
1892 872 74 33 3—

370 917 44 33 12
444 914 44 49 $$
517 915 69 36 här
614 916 122 36 nedan
760 916 122 48 jämte
910 917 331 36 bestämmelserna
1269 918 12 34 i
1301 918 288 48 gruvestadgan
1609 919 70 36 den
1703 922 44 34 16
1769 921 74 48 maj
1868 923 97 34 1884

366 966 113 36 lända
516 967 56 35 till
609 967 258 48 efterrättelse,
902 968 45 36 de
976 968 236 36 sistnämnda
1240 969 12 35 i
1280 969 74 36 den
1382 972 88 34 mån
1500 970 46 36 de
1575 975 63 31 äro
1667 971 186 49 förenliga
1881 973 83 35 med

367 1018 123 35 denna
531 1018 65 49 lag
636 1019 71 36 och
735 1020 12 34 i
776 1020 264 36 motsvarande
1082 1020 255 49 tillämpning,
1368 1021 66 36 där
1462 1021 117 37 sådan
1610 1036 44 22 av
1682 1023 283 37 förhållandena

366 1069 182 48 påkallas.

495 1224 17 36 I
541 1225 197 46 mutsedel,
781 1239 80 23 som
903 1227 171 36 utfärdas
1116 1228 58 36 för
1215 1227 230 49 inmutning,
1475 1241 131 23 varom
1636 1229 10 35 i
1676 1231 20 33 2
1726 1228 21 49 &
1775 1230 192 45 förmäles,

366 1276 95 35 skall
503 1276 151 37 erinran
696 1282 115 43 göras
845 1290 59 23 om
934 1283 57 31 att
1019 1279 237 36 inmutarens
1284 1284 75 31 rätt
1386 1284 41 31 är
1455 1279 214 48 begränsad
1698 1293 138 36 genom
1866 1282 105 35 stad-

365 1328 175 47 gandena
568 1328 11 35 i
609 1328 121 36 denna
758 1329 76 47 lag.

1122 1453 21 33 4
1161 1450 43 49 8.

493 1533 206 47 Inmutare,
742 1547 128 23 varom
900 1536 11 34 i
940 1538 21 32 2
991 1535 20 49 8
1042 1536 187 46 förmäles,
1272 1537 95 35 skall
1407 1551 91 22 vara
1535 1538 253 37 underkastad
1817 1540 44 35 de
1889 1540 74 36 för-

364 1584 163 37 ändrade
556 1585 292 46 bestämmelser,
878 1599 81 23 som
987 1599 139 36 genom
1146 1601 51 35 ny
1217 1588 245 49 lagstiftning
1481 1589 131 36 kunna
1631 1589 100 37 bliva
1752 1591 212 36 fastställda

364 1636 70 36 och
463 1636 97 36 hava
590 1636 185 37 avseende
803 1639 21 33 å
843 1642 122 32 rätten
986 1644 54 30 att
1060 1639 125 48 nyttja
1204 1639 73 36 den
1297 1653 137 35 genom
1455 1640 269 49 inmutningen
1744 1643 219 48 uppkomna

365 1688 388 48 gruvanläggningen
792 1689 88 36 eller
915 1690 261 47 gruvdriftens
1210 1690 231 38 bedrivande
1469 1694 21 33 å
1520 1692 234 46 densamma;
1784 1694 95 36 dock
1909 1700 54 30 att

363 1740 232 35 inmutarens
639 1740 219 49 skyldighet
885 1741 12 35 i
925 1741 165 36 nämnda
1131 1742 214 37 hänseende
1386 1743 82 37 icke
1510 1743 97 37 skall
1648 1745 148 36 inträda
1838 1745 124 37 förrän

364 1791 111 48 tjugu
505 1793 40 33 år
572 1791 160 36 förflutit
760 1792 81 35 från
870 1792 230 37 mutsedelns
1128 1794 235 36 utfärdande.
1419 1795 76 36 För
1523 1795 73 36 den
1624 1796 178 37 händelse
1825 1811 135 35 genom

364 1842 178 36 blivande
579 1842 248 49 lagstiftning
853 1849 74 31 rätt
956 1850 56 30 att
1039 1844 176 37 bearbeta
1244 1846 365 49 mineralfyndighet
1637 1853 112 43 göres
1777 1848 186 37 beroende

364 1907 46 21 av
453 1894 153 36 särskilt
648 1894 168 39 tillstånd
858 1902 95 29 samt
985 1896 231 49 upptäckare
1244 1910 47 23 av
1322 1898 203 49 fyndighet
1553 1899 194 48 medgives
1778 1900 187 37 företräde

361 1945 56 35 till
460 1946 217 36 erhållande
720 1960 46 22 av
807 1947 120 48 dylikt
960 1947 182 48 tillstånd,
1172 1949 97 36 skall
1297 1949 115 36 sådan
1441 1950 284 37 företrädesrätt
1753 1951 208 37 tillkomma

361 1996 214 37 inmutaren
617 1998 58 35 för
716 1997 71 37 den
830 2012 136 34 genom
1008 1999 264 50 inmutningen
1312 2001 220 49 uppkomna
1560 2003 400 48 gruvanläggningen.

492 2048 134 37 Därest
659 2049 119 49 enligt
805 2063 52 35 ny
885 2050 248 49 lagstiftning
1161 2052 294 48 företrädesrätt,
1485 2066 131 23 varom
1645 2067 98 23 ovan
1772 2055 188 45 förmäles,

362 2100 82 36 icke
481 2100 121 36 skulle
639 2101 209 36 tillkomma
884 2102 232 49 upptäckare
1146 2117 45 22 av
1232 2104 364 49 mineralfyndighet
1625 2111 97 30 samt
1749 2106 212 36 inmutaren

361 2165 47 22 av
436 2152 117 36 sådan
584 2152 208 49 anledning
819 2153 120 37 skulle
967 2156 50 46 gå
1038 2154 176 49 förlustig
1233 2160 123 32 rätten
1375 2156 57 36 till
1452 2170 163 35 gruvan,
1636 2156 94 37 skall
1749 2157 211 36 inmutaren

361 2216 91 23 vara
494 2203 211 49 berättigad
748 2205 55 35 till
845 2206 212 48 ersättning
1091 2206 58 36 för
1175 2207 132 36 värdet
1337 2210 20 33 å
1385 2207 227 50 byggnader
1640 2209 69 36 och
1738 2210 131 48 övriga
1897 2223 64 22 an-

362 2255 244 48 läggningar,
636 2269 80 22 som
747 2262 62 30 äro
839 2257 245 49 erforderliga
1112 2258 58 36 för
1198 2259 71 36 den
1299 2259 174 37 fortsatta
1501 2260 251 48 gruvdriften,
1781 2266 178 31 ävensom
