2168 2628
452 206 238 30 Sanumansatta
714 206 65 41 lug-
804 205 54 31 och
875 206 335 35 jordbruksutskottets
1233 204 164 33 utlåtande
1421 206 51 30 Nr
1500 207 24 29 I.
1731 206 19 30 3

193 283 57 35 för
292 284 210 36 kostnaden
546 285 57 34 för
644 283 292 48 blottläggning
977 284 69 36 och
1088 284 222 47 tillredning
1339 298 47 22 av
1415 284 378 48 mineraltillgångar,

192 334 101 37 vilka
334 335 62 36 vid
440 335 94 36 hans
575 335 229 36 avträdande
833 349 48 21 av
909 349 148 34 gruvan
1085 336 107 47 ligga
1220 335 147 48 färdiga
1396 335 56 36 till
1482 336 195 48 brytning.
1736 336 59 34 In-

193 391 175 31 mutaren
397 387 94 35 skall
521 399 89 23 vara
638 386 255 36 underkastad
923 386 71 36 vad
1024 387 71 35 den
1124 400 74 34 nya
1227 387 293 47 lagstiftningen
1547 387 74 35 kan
1642 387 153 36 komm

193 443 55 30 att
290 438 134 48 stadga
465 437 195 49 angående
702 442 122 42 sättet,
869 438 94 35 huru
1003 438 104 48 dylik
1136 438 213 47 ersättning
1378 439 7 34 i
1417 438 181 36 händelse
1628 452 45 22 av
1701 438 93 36 tvist

193 489 95 35 skall
318 489 216 35 fastställas.

951 609 20 34 5
995 584 37 77 8.

322 693 78 36 När
438 693 222 49 inmutning
696 694 101 36 skett
831 694 121 47 enligt
981 697 20 32 2
1031 693 33 49 8,
1094 698 90 43 äger
1212 694 212 35 inmutaren
1454 693 236 36 uteslutande
1719 698 76 31 rätt

190 750 59 30 att
284 745 102 36 inom
421 745 62 36 det
515 745 192 37 inmutade
736 745 170 37 området
934 745 89 36 eller
1051 745 157 36 utmålet
1236 744 174 37 bearbeta
1439 745 69 36 och
1536 745 258 48 tillgodogöra

186 797 67 48 sig
281 797 103 35 såväl
413 795 82 37 den
514 797 192 36 inmutade
726 797 415 48 mineralfyndigheten
1162 809 81 23 som
1264 801 96 31 även
1381 797 117 35 andra
1518 797 121 48 enligt
1658 810 136 35 gruve-

190 848 166 47 stadgan
385 848 332 48 inmutningsbara
745 849 158 36 mineral
933 849 83 35 med
1045 848 197 48 undantag
1269 861 47 22 av
1339 848 216 47 järnmalm.

321 899 180 36 Förutom
544 900 45 35 de
631 900 169 47 mineral,
842 900 102 35 vilka
976 900 214 35 inmutaren
1219 899 94 36 efter
1340 899 72 35 vad
1441 913 50 22 nu
1520 904 40 30 är
1588 905 86 42 sagt
1703 904 91 44 äger

191 950 257 49 tillgodogöra
477 951 72 48 sig,
579 953 61 33 må
664 951 205 48 järnmalm
899 956 177 31 ävensom
1105 951 137 47 övriga
1271 950 243 36 mineraliska
1533 955 136 32 ämnen
1689 951 101 35 inom

189 1002 66 36 det
292 1002 194 36 inmutade
521 1003 169 35 området
718 1002 92 37 eller
839 1003 156 35 utmålet
1024 1006 95 32 även
1149 1015 46 22 av
1223 1002 138 35 honom
1393 1001 140 49 brytas,
1563 1002 11 35 i
1604 1002 71 36 den
1705 1005 87 33 mån

189 1053 136 36 sådant
353 1059 42 31 är
423 1053 238 49 erforderligt
688 1054 57 36 för
772 1054 264 48 gruvarbetets
1064 1053 325 49 ändamålsenliga
1412 1053 195 48 drivande,
1629 1054 70 36 och
1720 1060 73 43 äge

189 1105 215 36 inmutaren
446 1105 116 36 därav
604 1106 171 36 använda
815 1106 73 35 vad
926 1119 81 23 som
1036 1105 165 37 behöves
1231 1106 56 35 för
1315 1105 259 48 gruvdriftens
1603 1106 187 36 ändamål.

191 1156 139 37 Bruten
365 1157 216 48 järnmalm,
620 1170 81 23 som
730 1158 158 35 sålunda
916 1157 83 36 icke
1028 1157 204 48 användes,
1261 1160 60 32 må
1349 1157 212 36 inmutaren
1590 1158 81 36 icke
1699 1163 93 30 utan

187 1208 240 49 Konungens
457 1209 169 36 tillstånd
654 1209 158 36 behålla.
868 1209 131 36 Andra
1026 1210 138 36 brutna
1194 1209 169 47 mineral,
1393 1221 81 24 som
1494 1209 83 36 icke
1598 1209 194 36 användas

188 1259 59 36 för
288 1260 260 48 gruvdriftens
585 1260 186 47 ändamål,
815 1264 60 33 må
904 1261 215 36 inmutaren
1160 1260 158 47 behålla,
1353 1263 41 33 så
1422 1261 113 35 framt
1562 1260 46 37 de
1636 1261 82 36 icke
1747 1274 45 22 av

185 1311 161 47 kronan,
376 1317 79 31 mot
482 1312 232 48 erläggande
744 1326 45 22 av
818 1313 234 48 gottgörelse
1082 1312 58 36 för
1169 1311 219 49 brytnings-
1408 1312 70 36 och
1497 1312 294 48 uppfordrings-

188 1363 217 46 kostnader,
449 1363 197 36 avhämtas
688 1364 102 35 inom
833 1369 55 31 ett
930 1367 38 33 år
1008 1365 95 35 efter
1134 1363 218 48 tillsägelse.
1408 1363 169 49 Uppstår
1610 1364 92 35 tvist
1731 1377 61 23 om

186 1413 180 50 beloppet
394 1428 47 22 av
469 1414 117 36 sådan
614 1416 247 47 gottgörelse,
891 1415 94 36 skall
1015 1415 227 47 stadgandet
1270 1415 11 35 i
1310 1414 119 49 tredje
1463 1415 147 48 stycket
1639 1429 47 22 av
1715 1417 22 34 8
1768 1416 23 46 &

187 1466 287 49 gruvestadgan
501 1465 112 37 lända
641 1466 58 36 till
727 1467 258 36 efterrättelse.

319 1517 138 37 Därest
484 1517 186 49 brytning
698 1532 46 22 av
768 1518 206 49 järnmalm
1003 1519 101 35 visas
1132 1531 91 23 vara
1251 1518 221 48 erforderlig
1501 1518 58 36 för
1587 1518 205 49 gruvarbe-

187 1574 75 31 tets
304 1570 325 48 ändamålsenliga
670 1570 195 47 drivande,
907 1583 87 24 vare
1022 1570 212 36 inmutaren
1265 1570 213 48 berättigad
1507 1576 55 30 att
1591 1570 36 36 få
1656 1570 61 48 sig
1745 1584 47 22 av

187 1621 147 36 kronan
363 1622 149 35 anvisat
539 1622 176 48 lämpligt
743 1623 153 35 område
925 1622 11 36 1
964 1622 180 36 närheten
1174 1635 46 23 av
1248 1622 158 36 utmålet
1434 1622 57 36 för
1522 1627 53 31 att
1595 1622 196 36 användas

189 1673 56 35 till
274 1673 267 49 upplagsplats
574 1673 58 36 för
660 1673 118 36 sådan
808 1674 125 47 malm,
962 1674 57 36 till
1047 1674 72 36 den
1148 1673 60 37 del
1237 1673 222 37 densamma
1486 1673 85 37 icke
1600 1674 191 36 användes

187 1724 60 37 för
288 1725 259 47 gruvdriftens
583 1725 185 36 ändamål.
826 1726 217 48 Anvisning
1072 1739 46 22 av
1146 1725 122 49 dylikt
1296 1726 152 36 område
1476 1730 72 44 äge
1576 1726 215 36 inmutaren

187 1776 150 48 påkalla
365 1776 63 36 vid
457 1776 421 50 utmålsförrättningen
907 1777 89 36 eller
1024 1778 11 35 i
1065 1777 73 36 den
1172 1777 175 48 ordning,
1377 1790 80 23 som
1485 1777 13 36 i
1527 1779 48 34 35
1604 1776 20 50 8
1652 1789 139 37 gruve-

188 1828 164 48 stadgan
395 1833 99 42 sägs.
563 1828 74 36 För
679 1828 253 49 begagnande
973 1843 47 22 av
1057 1829 164 47 område,
1249 1842 132 23 varom
1410 1842 51 22 nu
1490 1833 41 32 är
1558 1829 120 48 fråga,
1703 1842 89 23 vare

185 1879 217 37 inmutaren
430 1880 82 36 icke
540 1879 155 49 skyldig
724 1886 55 30 att
807 1880 133 49 utgiva
968 1881 224 48 ersättning.

947 2004 20 34 6
988 2004 45 45 8.

316 2087 87 36 Med
444 2087 187 37 avseende
659 2090 21 34 å
708 2087 214 49 fyndighet,
961 2100 81 24 som
1070 2088 183 36 inmutats
1283 2088 120 48 enligt
1433 2090 20 33 2
1482 2087 32 49 $&,
1544 2092 71 44 äge
1644 2088 146 36 kronan

183 2139 154 36 anmäla
365 2139 61 48 sig
454 2138 56 37 till
538 2139 258 49 begagnande
825 2152 47 23 av
900 2140 58 35 sin
982 2139 319 48 jordägareandel
1329 2139 102 36 inom
1460 2140 76 35 fem
1565 2142 40 33 år
1625 2139 82 36 från
1727 2139 63 37 det

185 2190 161 37 avskrift
386 2204 48 22 av
467 2191 210 36 mutsedeln
710 2193 48 47 på
787 2191 125 49 grund
941 2204 48 23 av
1018 2190 243 37 föreskriften
1289 2191 12 36 i
1332 2193 45 34 13
1407 2190 20 50 &
1458 2193 18 33 1
1509 2204 110 24 mom.
1649 2204 140 35 gruve-

184 2242 166 49 stadgan
378 2242 113 37 blivit
515 2243 157 47 ingiven
700 2243 56 35 till
783 2243 237 49 Konungens
1049 2242 414 49 befallningshavande.

318 2294 76 37 Där
426 2294 146 37 kronan
608 2295 34 48 ej
672 2294 198 49 begagnar
891 2294 379 49 jordägareandelen,
1304 2294 96 37 skall
1432 2295 214 36 inmutaren
1681 2295 109 48 njuta
