1914 2796
507 144 398 33 Jordbruksutskottets
935 146 185 32 utlåtande
1147 148 53 30 Nr
1222 147 51 31 63.
1554 150 38 30 21

237 220 150 38 (Kungl.
409 221 130 38 Maj:ts
560 222 163 38 förslag.)
1081 225 215 35 (Utskottets
1316 226 162 38 förslag.)

843 276 38 31 39
904 275 27 36 $.

173 330 231 33 Försummar
425 334 290 35 väglottshavare
737 338 54 28 att
810 336 70 31 den
900 336 52 31 tid
973 338 102 30 mark
1096 341 40 27 är
1159 339 63 30 bar
1244 339 210 31 underhålla
1474 340 55 30 sin
1551 343 83 33 väg-

133 382 66 32 lott
231 384 13 30 i
274 383 142 37 laggillt
446 385 112 36 skick,
587 386 67 30 och
685 387 139 31 bättrar
856 387 71 31 han
957 389 33 35 ej
1019 389 259 36 ofördröjligen
1309 391 90 30 efter
1431 391 202 36 tillsägelse,

132 435 59 29 må
212 443 122 22 annan
354 435 291 36 väglottshavare
666 437 98 32 hålla
786 448 66 27 syn
872 447 126 27 genom
1020 441 60 29 två
1102 440 145 36 ojäviga
1267 443 93 34 män,
1382 452 45 20 av
1446 442 100 30 vilka
1564 441 68 32 den

131 493 64 22 ene
215 484 92 32 skall
327 496 89 21 vara
435 485 115 33 lands-
571 488 85 31 eller
674 488 222 38 stadsfiskal,
915 491 247 37 nämndeman,
1182 492 153 31 ledamot
1355 493 12 30 i
1387 492 245 37 ägodelnings-

130 536 75 30 rätt
223 536 86 32 eller
327 537 69 36 god
412 547 85 21 man
514 538 62 31 vid
593 539 222 32 lantmäteri-
838 541 85 31 eller
939 542 456 38 mätningsförrättningar.
1414 544 137 31 Varder
1569 544 65 31 vid

129 595 125 29 synen,
276 588 57 31 till
356 588 123 31 vilken
502 587 66 33 den
591 590 208 38 försumlige
823 592 13 30 i
858 593 67 35 god
948 593 53 30 tid
1022 593 125 37 kallas,
1170 594 134 31 bristen
1324 595 193 37 vitsordad,
1542 597 89 30 före-

130 637 104 37 lägge
255 641 245 33 synemännen
520 640 131 32 honom
674 641 74 32 viss
771 642 63 37 tid,
858 643 33 36 ej
916 643 142 32 kortare
1081 647 45 29 än
1150 646 76 30 åtta
1250 645 119 37 dagar,
1391 647 97 30 inom
1509 647 120 30 vilken

129 688 73 32 han
227 689 94 31 skall
350 690 95 32 hava
473 692 99 31 botat
600 693 145 36 bristen,
773 694 64 31 vid
864 697 150 35 äventyr
1042 697 52 30 att
1125 696 204 32 densamma
1355 697 102 36 eljest
1483 700 56 29 må
1570 708 59 20 av-

128 739 144 37 hjälpas
294 751 46 21 av
364 741 65 32 den
450 752 77 21 som
548 744 162 35 påkallat
734 754 121 27 synen.
898 746 120 31 Denne
1041 747 70 31 låte
1135 748 91 31 efter
1250 750 179 35 utgången
1452 759 46 21 av
1519 749 109 37 sagda

129 791 63 38 tid,
211 792 56 31 till
287 793 199 32 utrönande
506 804 46 21 av
570 795 180 33 huruvida
770 796 62 31 vid
852 807 110 27 synen
982 798 157 31 befunna
1159 800 130 31 brister
1308 800 104 31 blivit
1430 801 198 36 avhjälpta,

128 844 156 31 anställa
312 845 297 37 efterbesiktning
639 848 11 29 i
678 848 187 31 enahanda
893 849 150 36 ordning
1073 860 72 21 som
1175 861 56 20 om
1257 862 68 26 syn
1353 851 156 37 stadgas;
1541 852 85 31 dock

127 903 86 22 vare
259 894 113 31 sådan
416 896 205 37 besiktning
667 898 77 31 icke
771 899 174 37 behövlig,
970 899 119 33 därest
1114 901 69 31 den
1211 903 206 35 försumlige
1443 904 183 30 avlämnat

124 944 180 37 skriftligt
347 947 238 37 erkännande,
629 949 53 30 att
713 950 130 36 åtgärd
874 951 57 30 för
952 951 151 32 bristens
1126 953 240 36 avhjälpande
1389 954 32 36 ej
1444 950 181 46 vidtagits.

124 994 169 34 Därefter
314 998 102 36 njute
440 998 66 32 den
529 1009 73 21 som
627 1000 142 32 fordrar
792 1002 145 31 rättelse
960 1004 205 36 utmätning
1189 1004 62 31 hos
1272 1004 67 32 den
1362 1006 208 36 försumlige
1590 1007 34 35 ej

124 1048 141 32 mindre
289 1049 56 31 för
370 1049 197 33 kostnaden
595 1052 55 30 för
675 1061 114 27 synen
816 1053 73 36 och,
916 1053 64 31 där
1007 1055 296 37 efterbesiktning
1329 1057 93 31 varit
1451 1057 173 36 behövlig,

125 1099 57 31 för
203 1099 112 32 sådan
336 1100 204 38 besiktning
562 1105 47 28 än
630 1104 87 29 även
741 1104 55 30 för
817 1103 59 32 det
899 1104 133 37 belopp,
1053 1106 125 31 vartill
1200 1106 58 32 det
1281 1108 184 31 eftersatta
1488 1109 134 30 arbetet

122 1159 48 21 av
192 1153 246 33 synemännen
462 1153 239 35 uppskattats,
726 1157 91 29 samt
843 1165 86 22 vare
953 1156 129 36 pliktig
1109 1159 52 29 att
1185 1157 158 32 därefter
1367 1158 254 37 ofördröjligen

122 1201 201 37 ombesörja
348 1201 97 33 detta
469 1203 140 32 arbetes
633 1205 201 31 utförande.
880 1206 108 36 Nöjes
1014 1208 31 35 ej
1072 1207 65 32 den
1164 1208 109 32 andre
1297 1209 114 36 däråt,
1437 1211 186 30 instämme

124 1250 63 35 sitt
211 1253 151 32 klander
386 1255 57 31 till
471 1254 147 32 domstol
644 1256 97 31 inom
766 1258 53 30 tre
845 1258 170 31 månader
1040 1259 91 32 efter
1156 1261 249 36 utmätningen
1429 1262 84 30 eller
1538 1273 85 20 vare

123 1304 56 31 sin
199 1304 99 32 talan
319 1304 106 33 kvitt.

160 1355 78 31 Den
263 1366 74 21 som
363 1356 143 32 fordrar
528 1359 146 30 rättelse
699 1361 66 33 äge
789 1360 74 36 ock,
885 1360 120 32 därest
1030 1362 138 35 väglott
1192 1363 33 35 ej
1251 1363 254 37 ofördröjligen
1530 1366 90 29 efter

121 1406 194 37 tillsägelse
339 1408 149 37 bättras,
513 1408 92 36 själv
630 1410 82 31 böta
737 1410 166 37 befintlig
929 1412 89 30 brist
1044 1413 63 30 och
1132 1413 101 36 njute
1259 1414 106 31 sedan
1389 1425 45 20 av
1460 1415 64 31 den
1551 1417 69 30 för-

120 1457 152 37 svmlige
302 1459 185 36 betalning
518 1460 55 30 för
603 1460 70 31 vad
701 1462 202 35 väglottens
934 1463 219 31 försättande
1186 1466 11 29 i
1227 1465 138 36 laggillt
1397 1467 97 30 skick
1525 1468 96 30 visas

120 1507 162 38 skäligen
300 1508 96 32 hava
414 1509 129 31 kostat.

159 1558 81 33 Vad
262 1560 12 31 i
295 1560 114 32 andra
432 1561 138 36 stycket
590 1561 147 37 stadgas
759 1563 92 32 skall
875 1566 67 33 äga
964 1566 252 31 motsvarande
1238 1567 227 37 tillämpning
1489 1570 10 29 i
1522 1579 97 21 avse-

120 1610 87 32 ende
224 1613 22 29 å
263 1611 411 38 vinterväghållningen.

826 1700 38 30 40
887 1699 27 36 $.

156 1752 101 38 Vilja
280 1755 57 31 för
359 1756 249 32 övervakande
631 1768 46 20 av
699 1757 106 33 delad
828 1762 88 33 vägs
939 1760 185 32 underhåll
1151 1763 315 35 väglottshavarna
1493 1766 121 30 förena

117 1805 53 36 sig
199 1807 53 30 att
278 1807 154 31 anställa
460 1808 154 32 särskild
642 1809 303 39 tillsyningsman,
970 1812 125 31 stånde
1120 1813 81 31 dem
1228 1815 92 30 fritt.

156 1853 74 34 Äro
248 1857 323 36 väglottshavarna
591 1859 85 32 flera
697 1863 45 28 än
764 1861 81 36 fem,
867 1862 91 31 skall
978 1863 291 37 tillsyningsman
1291 1868 104 33 utses,
1417 1866 63 31 där
1499 1869 114 34 någon

116 1916 46 22 av
182 1907 323 36 väglottshavarna
524 1909 60 33 det
607 1909 151 33 fordrar.
800 1912 108 32 Bliva
927 1912 43 32 de
993 1914 31 35 ej
1045 1924 59 20 om
1124 1916 96 31 valet
1240 1926 90 26 ense,
1353 1917 88 31 skall
1464 1918 152 37 länssty-

116 1958 116 32 relsen
256 1960 46 36 på
331 1960 168 32 anmälan
526 1962 77 31 utse
630 1962 309 38 tillsyningsman;
968 1961 192 36 bestämme
1187 1967 75 36 ock,
1290 1967 63 32 där
1378 1970 38 30 så
1444 1966 172 44 påkallas,

114 2009 71 32 vad
201 2010 133 32 arvode
350 2011 66 32 bör
432 2011 199 33 tillkomma
648 2013 126 32 honom
793 2015 67 30 och
877 2015 93 32 huru
991 2015 58 33 det
1067 2017 62 31 bör
1146 2019 133 30 mellan
1296 2020 315 35 väglottshavarna

114 2060 56 31 till
191 2061 199 36 utgörande
414 2062 164 38 fördelas,
599 2064 66 32 allt
689 2065 90 31 efter
802 2067 40 35 ty
864 2066 132 37 skäligt
1019 2070 138 33 prövas.

154 2111 307 39 Tillsyningsman
506 2115 198 37 entledigas
753 2127 45 21 av
825 2118 330 38 väglottshavarna,
1183 2121 121 31 såvida
1336 2122 40 31 de
1402 2122 122 32 därom
1553 2127 62 28 äro

112 2172 91 22 ense.
247 2163 18 32 I
289 2167 113 30 annat
428 2165 65 32 fall
516 2167 59 30 må
602 2167 129 36 frågan
757 2178 46 21 av
828 2179 42 20 en
895 2180 66 20 var
985 2170 239 33 underställas
1249 2174 176 36 prövning
1450 2184 45 21 av
1520 2175 91 31 läns-

111 2215 186 37 styrelsen,
317 2226 77 21 som
416 2216 190 33 förordnar
628 2218 89 32 efter
740 2220 360 37 omständigheterna.

152 2266 76 32 Där
246 2267 57 31 till
324 2265 92 39 följd
433 2279 48 21 av
501 2269 70 31 vad
592 2269 151 33 sålunda
762 2273 41 29 är
824 2271 142 38 stadgat
987 2273 124 37 tillsyn
1133 2276 18 29 å
1172 2278 88 34 vägs
1280 2276 184 32 underhåll
1487 2280 125 29 utövas

111 2326 45 21 av
177 2317 155 32 särskild
351 2328 139 28 person,
512 2320 91 31 skall
624 2320 71 32 vad
715 2322 13 30 i
750 2322 104 36 fråga
877 2333 56 21 om
954 2324 167 36 åtgärder
1141 2327 72 30 mot
1237 2327 184 37 försumlig
1441 2329 169 36 väglotts-

110 2367 135 33 havare
270 2370 110 36 enligt
405 2371 38 30 39
468 2369 18 37 $
510 2371 112 36 gäller
647 2382 56 20 om
728 2383 119 21 annan
872 2375 289 35 väglottshavare
1188 2378 9 30 i
1222 2378 118 32 stället
1365 2382 64 33 äga
1457 2381 153 35 tillämp-

108 2419 88 36 ning
224 2421 20 29 å
272 2420 372 38 tillsyningsmannen.
