1912 2798
499 145 399 34 Jordbruksutskottets
925 148 188 33 utlåtande
1140 152 52 30 Nr
1216 155 50 27 63.
1548 156 38 30 23

231 220 149 38 (Kungl.
403 221 130 37 Maj:ts
553 223 164 37 förslag.)
1074 228 215 35 (Utskottets
1309 231 162 37 förslag.)

168 270 77 32 Var
265 272 21 30 å
307 271 123 32 landet
448 273 71 32 den
538 275 18 29 1
577 274 146 36 januari
744 276 74 31 1908
835 275 94 33 eller
949 280 41 29 är
1010 278 13 31 i
1043 280 80 30 stad
1145 280 67 32 den
1232 282 18 29 1
1270 281 145 36 Januari
1436 284 77 31 1927
1535 285 94 36 skyl-

128 322 170 36 digheten
318 325 54 29 att
393 325 214 31 underhålla
628 328 72 34 väg
720 337 126 25 genom
865 328 83 32 dom
968 329 86 32 eller
1075 330 101 37 eljest
1198 332 132 32 mellan
1351 335 61 30 två
1432 335 85 31 eller
1537 336 92 31 flera

127 374 215 35 egendomar
360 376 173 37 fördelad,
551 379 102 33 göres
671 378 12 30 i
701 379 107 35 fråga
823 389 57 21 om
897 380 268 38 fördelningens
1184 384 167 36 giltighet
1367 385 33 36 ej
1419 396 124 26 genom
1562 388 67 31 den

126 434 73 27 nya
218 425 106 36 lagen
342 427 170 37 ändring;
534 427 89 32 dock
640 431 58 29 må
717 429 230 34 beträffande
965 433 112 31 sådan
1095 436 82 35 väg,
1196 436 94 31 ändå
1308 438 53 29 att
1381 438 158 32 ändrade
1558 440 70 30 för-

125 476 205 37 hållanden,
353 487 75 21 som
451 479 12 30 i
486 479 39 30 31
548 477 17 38 $
587 490 113 26 avses,
723 481 77 31 icke
822 481 140 37 inträtt,
984 494 43 20 en
1049 495 65 21 var
1138 486 174 36 sakägare
1335 488 12 30 i
1369 489 157 35 enlighet
1547 492 81 31 med

127 527 117 31 denna
260 527 62 36 lag
338 529 146 35 påkalla
502 540 50 26 ny
570 531 215 38 fördelning,
804 533 112 31 såvitt
932 536 115 33 angår
1064 538 72 33 väg
1151 537 12 30 i
1181 538 80 31 stad
1278 538 114 32 likväl
1411 540 89 32 först
1518 538 109 44 sedan

126 578 51 31 tio
196 580 41 29 år
257 579 162 32 förflutit
437 581 84 31 från
538 581 124 36 lagens
681 583 305 39 ikraftträdande;
1008 587 64 30 och
1089 588 94 30 skall
1203 589 129 32 därvid
1353 591 64 31 den
1438 592 98 31 äldre
1557 593 69 31 för-

127 629 191 36 delningen
340 631 165 36 upphöra
526 634 54 30 att
601 633 107 37 gälla,
729 637 68 28 när
819 636 67 31 den
907 647 73 26 nya
1003 639 130 30 vunnit
1154 639 84 36 laga
1260 641 108 32 kraft.

166 678 51 33 Är
234 681 62 32 vid
314 682 68 31 den
398 693 74 26 nya
487 683 124 36 lagens
627 685 294 33 ikraftträdande
937 698 125 25 genom
1079 690 81 31 dom
1175 691 85 31 eller
1276 692 102 36 eljest
1394 693 161 39 bestämt,
1572 698 55 29 att

125 734 72 33 väg
214 732 93 31 skall
326 733 139 36 byggas
483 734 87 31 eller
587 736 233 33 underhållas
839 743 51 25 av!
904 739 63 31 två
985 739 85 31 eller
1089 741 92 31 flera
1199 744 214 33 egendomar
1431 746 92 31 efter
1537 743 88 45 Vväg-

126 782 155 37 delning,
300 784 102 36 skall,
422 787 92 29 även
530 786 12 30 i
558 787 116 31 andra
691 787 67 31 fall
776 790 47 28 än
840 789 13 30 i
871 790 115 35 tredje
1002 791 64 30 och
1086 792 119 36 fjärde
1222 795 170 35 styckena
1410 799 91 28 samt
1520 798 12 30 i
1550 798 37 30 31
1606 797 18 37 $

124 835 92 35 sägs,
235 844 43 21 en
297 844 68 22 var
384 836 177 36 sakägare
581 839 69 34 äga
669 839 148 35 påkalla
836 840 223 38 förrättning
1076 843 113 36 enligt
1209 845 37 30 12
1267 844 18 37 $
1306 847 56 30 för
1381 849 180 36 prövning
1578 860 47 20 av

124 885 132 35 frågan
279 885 183 33 huruvida
487 889 395 36 väghållningsarbetet
905 893 94 31 skall
1023 894 226 34 fortfarande
1272 899 213 32 verkställas
1509 901 12 30 i
1545 911 79 21 ena-

122 936 120 32 handa
265 938 156 36 ordning
444 939 87 32 eller
553 941 142 32 utföras
718 946 218 31 gemensamt
960 944 12 30 i
995 945 159 36 enlighet
1177 948 79 31 med
1279 950 122 31 därom
1425 951 11 30 i
1462 952 65 31 den
1551 963 73 26 nya

121 986 107 37 lagen
249 988 112 36 givna
381 990 235 36 stadganden.

162 1038 78 31 Har
262 1040 77 31 före
360 1040 310 34 ikraftträdandet
689 1054 47 20 av
757 1044 115 32 denna
893 1046 61 35 lag
973 1047 252 37 skyldigheten
1246 1053 53 29 att
1320 1053 210 32 underhålla
1552 1058 73 33 väg

122 1089 107 31 blivit
248 1090 132 32 mellan
400 1093 62 30 två
480 1092 86 32 eller
586 1093 92 32 flera
696 1096 216 34 egendomar
931 1097 172 38 fördelad,
1123 1100 91 31 skall
1233 1103 79 30 med
1331 1106 172 30 avseende
1520 1107 21 30 å
1561 1107 62 36 dy-

121 1140 52 31 lik
195 1141 207 37 fördelning
441 1144 72 32 vad
552 1144 13 31 i
596 1145 119 31 39—42
736 1145 40 37 $$
797 1149 43 29 är
857 1148 144 36 stadgat
1021 1152 70 33 äga
1109 1153 252 32 motsvarande
1382 1151 240 47 tillämpning,

123 1191 89 31 dock
231 1193 64 37 att,
315 1193 65 31 där
398 1204 68 26 syn
484 1195 113 36 enligt
615 1196 38 30 29
673 1195 18 38 $
711 1197 12 30 i
742 1197 106 36 lagen
868 1199 67 31 den
953 1200 18 30 5
990 1200 69 36 juli
1079 1202 78 31 1907
1177 1205 62 34 ägt
1258 1215 89 26 rum,
1367 1207 69 31 vad
1453 1208 13 30 i
1486 1218 137 22 samma

120 1242 63 37 lag
198 1244 147 35 stadgas
361 1254 57 22 om
432 1247 75 30 rätt
524 1249 53 29 att
592 1248 93 31 efter
701 1249 112 31 sådan
828 1260 66 26 syn
911 1251 137 32 erhålla
1063 1255 210 36 utmätning
1290 1257 222 34 fortfarande
1529 1260 92 31 skall

120 1293 111 33 lända
252 1295 57 31 till
330 1296 248 33 efterrättelse.

562 1503 34 40 2)
620 1506 51 29 att
694 1505 40 31 de
758 1506 12 30 i
793 1509 115 29 ämnet
932 1509 121 31 väckta
1074 1511 222 38 motionerna,
1313 1515 11 29 i
1342 1514 63 31 den
1429 1518 81 29 mån
1534 1517 40 31 de
1590 1519 31 36 ej

518 1555 120 31 kunna
679 1567 98 21 anses
819 1559 182 32 besvarade
1042 1571 122 26 genom
1203 1565 178 32 utskottets
1418 1567 203 34 hemställan

518 1607 107 31 under
661 1607 34 41 1)
729 1609 64 31 här
827 1621 98 27 ovan,
961 1613 73 31 icke
1068 1615 106 31 måtte
1202 1616 172 33 föranleda
1402 1621 111 34 någon
1538 1622 83 31 riks-

518 1659 126 37 dagens
666 1662 131 35 åtgärd.

160 1749 196 33 Stockholm
380 1751 64 32 den
469 1753 40 31 17
533 1755 70 35 maj
628 1756 94 30 1926.

551 1848 52 32 På
623 1849 387 38 jordbruksutskottets
1029 1858 154 34 vägnar:

738 1945 37 32 O.
800 1946 202 33 NILSSON.

149 2189 53 23 Vid
222 2189 76 25 detta
318 2192 117 24 ärendes
455 2193 229 35 slutbehandling
703 2197 70 24 hava
793 2200 136 23 närvarit:

149 2238 59 27 från
228 2243 110 24 första
357 2244 208 27 kammaren:
585 2248 98 25 herrar
706 2250 158 31 Hellström,
884 2253 166 28 Sederholm,
1071 2255 96 27 Norin,
1187 2257 112 30 Boberg,
1319 2259 123 29 Lundell,
1462 2262 154 24 Andersson

112 2285 8 22 i
141 2285 176 33 Fältenborg,
338 2288 156 26 Andersson
514 2291 7 22 i
543 2288 88 27 Arbrå
650 2293 51 23 och
724 2294 143 25 Luterkort
886 2298 72 21 samt

156 2334 60 27 från
245 2338 105 25 andra
383 2340 209 27 kammaren:
620 2345 99 23 herrar
747 2347 111 24 Nilsson
878 2348 8 23 i
907 2345 98 35 Tånga,
1034 2351 159 24 Johansson
1223 2353 6 22 i
1260 2354 167 31 Uppmälby,
1458 2357 159 31 Carlström,

115 2380 161 32 Uddenberg
304 2383 7 23 i
341 2383 159 33 Karlskoga,
530 2387 131 25 Hedlund
689 2390 7 22 i
726 2390 91 28 Häste,
847 2391 94 30 Björk,
970 2393 144 25 Johanson
1136 2396 6 22 i
1166 2393 181 34 Hallagården
1376 2399 49 23 och
1455 2399 160 26 Månsson
1599 2387 20 44 i

113 2424 158 25 Erlandsro.
