1890 2810
538 156 290 36 Statsutskottets
850 156 181 35 utlåtande
1053 167 42 23 nr
1111 159 77 39 214.
1588 158 16 31 1

768 432 67 42 Nr
862 432 93 42 214.

680 596 106 26 Ankom
805 596 40 26 till
864 596 154 32 riksdagens
1036 595 86 27 kansli
1140 596 52 26 den
1213 597 31 24 18
1263 594 58 33 juni
1341 596 69 24 1943
1429 594 35 27 kl.
1486 596 32 24 12
1536 603 35 17 m.

350 737 182 36 Utlåtande
549 738 12 35 i
576 738 182 43 anledning
775 749 46 23 av
837 737 129 43 Kungl.
983 736 126 44 Maj:ts
1126 736 211 45 proposition
1353 736 175 43 angående
1546 747 60 23 an-

571 791 71 44 slag
654 792 54 42 för
722 791 202 43 budgetåret
939 792 89 40 1943
1030 789 67 45 /44
1111 790 50 35 till
1175 789 220 36 kommunala
1408 789 64 35 och
1485 787 122 37 enskil-

571 846 45 34 da
629 845 166 35 anstalter
807 845 53 43 för
873 843 341 45 yrkesundervisning
1229 855 47 23 m.
1289 855 49 25 m.

1376 896 71 43 (2:a
1466 895 93 43 avd.)

167 999 19 34 I
201 998 252 44 propositionen
469 1010 39 22 nr
525 1000 17 32 1
560 997 63 35 har
639 996 129 44 Kungl.
785 996 110 43 Maj:t
911 996 108 35 under
1035 995 143 35 åttonde
1194 994 219 36 huvudtiteln
1433 993 175 44 (punkter-

123 1065 44 22 na
187 1056 78 37 198,
283 1055 66 31 200
368 1051 64 34 och
450 1052 80 42 205)
551 1050 173 44 föreslagit
741 1050 180 43 riksdagen
938 1054 64 36 att,
1026 1050 5 34 i
1051 1049 150 35 avbidan
1219 1049 46 43 på
1285 1048 65 35 den
1368 1047 211 44 proposition
1598 1047 11 34 i

122 1110 127 37 ämnet,
267 1118 73 22 som
357 1105 115 34 kunde
489 1104 107 35 varda
613 1104 180 43 riksdagen
811 1103 162 43 förelagd,
991 1102 151 35 beräkna
1159 1101 53 36 för
1230 1102 202 43 budgetåret
1452 1100 155 44 1943/44

164 1160 71 34 dels
254 1159 53 35 till
326 1158 237 35 Kommunala
582 1158 65 34 och
666 1157 154 35 enskilda
839 1156 168 35 anstalter
1025 1155 54 35 för
1098 1154 360 45 yrkesundervisning:
1478 1154 133 34 Under-

117 1214 81 35 stöd
230 1214 38 33 åt
300 1212 225 34 kommunala
557 1211 168 35 anstalter
755 1210 55 34 för
840 1209 350 44 yrkesundervisning
1210 1213 54 30 ett
1283 1208 264 44 förslagsanslag
1566 1218 45 23 av

118 1270 181 37 3,000,000
319 1266 139 41 kronor;

164 1320 71 34 dels
255 1320 53 34 till
326 1318 238 36 Kommunala
584 1317 65 35 och
669 1317 155 35 enskilda
844 1316 168 36 anstaiter
1030 1316 55 34 för
1104 1314 358 45 yrkesundervisning:
1483 1314 129 43 Bidrag

118 1374 53 34 till
209 1372 201 35 inrättande
447 1384 46 22 av
530 1371 154 35 centrala
722 1370 298 35 verkstadsskolor
1047 1382 47 22 m.
1121 1381 48 23 m.
1196 1373 53 31 ett
1274 1367 265 44 förslagsanslag
1566 1378 46 23 av

120 1430 179 37 1,200,000
324 1426 138 40 kronor;

165 1480 71 34 dels
255 1479 53 34 till
327 1477 238 36 Kommunala
585 1477 64 35 och
669 1476 156 35 enskilda
844 1476 168 34 anstalter
1031 1475 53 34 för
1104 1474 358 45 yrkesundervisning:
1483 1473 130 42 Bidrag

120 1533 52 34 till
191 1532 127 35 driften
339 1543 44 22 av
402 1530 152 35 centrala
572 1529 299 35 verkstadsskolor
889 1533 54 30 ett
961 1528 265 43 förslagsanslag
1244 1540 45 22 av
1308 1530 146 37 875,000
1472 1527 140 39 kronor;

166 1586 71 34 dels
257 1586 53 33 till
328 1583 237 36 Kommunala
584 1583 66 34 och
667 1583 156 34 enskilda
842 1582 168 35 anstalter
1028 1581 55 34 för
1101 1580 358 44 yrkesundervisning:
1479 1579 133 35 Under-

120 1639 80 34 stöd
236 1640 38 33 åt
309 1637 297 35 verkstadsskolor
641 1635 54 36 för
730 1636 69 34 viss
836 1634 166 35 arbetslös
1026 1634 153 44 ungdom
1204 1638 53 30 ett
1280 1633 265 43 förslagsanslag
1568 1644 45 22 av

121 1695 148 38 650,000
289 1691 138 40 kronor;

167 1746 71 34 dels
256 1745 53 34 till
327 1743 238 36 Kommunala
583 1743 65 34 och
668 1742 154 35 enskilda
842 1741 166 35 anstalter
1025 1740 55 36 för
1098 1738 360 46 yrkesundervisning:
1479 1738 135 43 Stipen-

122 1799 71 34 dier
216 1800 38 33 åt
276 1798 110 34 elever
408 1798 59 34 vid
488 1796 228 35 kommunala
738 1795 65 35 och
825 1795 155 34 enskilda
1002 1794 167 34 anstalter
1191 1793 54 34 för
1267 1792 347 44 yrkesundervisning

121 1857 54 30 ett
195 1851 264 43 förslagsanslag
477 1862 45 22 av
542 1853 180 37 1,000,000
741 1849 139 40 kronor;

168 1905 71 34 dels
258 1904 53 34 till
330 1903 238 35 Kommunala
586 1902 66 34 och
671 1901 153 35 enskilda
843 1900 167 35 anstalter
1028 1899 54 34 för
1101 1898 357 44 yrkesundervisning:
1479 1897 135 43 Stipen-

124 1959 72 34 dier
225 1959 38 33 åt
291 1957 111 34 elever
429 1956 60 34 vid
516 1954 153 35 centrala
697 1953 299 35 verkstadsskolor
1023 1957 52 30 ett
1102 1951 265 44 förslagsanslag
1394 1964 45 21 av
1468 1954 146 37 600,000

122 2012 139 38 kronor;

169 2064 71 34 dels
258 2063 53 34 till
329 2061 238 36 Kommunala
587 2060 65 35 och
671 2060 153 35 enskilda
844 2059 166 35 anstalter
1028 2058 54 34 för
1101 2057 358 44 yrkesundervisning:
1480 2056 135 44 Stipen-

124 2118 71 34 dier
212 2118 37 33 åt
265 2117 110 33 elever
390 2115 59 34 vid
465 2113 297 35 verkstadsskolor
778 2112 53 35 för
847 2113 69 33 viss
933 2112 166 34 arbetslös
1116 2111 153 43 ungdom
1285 2115 52 29 ett
1353 2109 264 43 förslagsanslag

123 2182 46 22 av
191 2173 145 37 350,000
358 2169 139 39 kronor;

171 2223 71 34 dels
265 2222 64 34 ock
351 2222 52 33 till
425 2220 213 35 Utbildande
661 2232 45 22 av
728 2219 107 34 lärare
858 2219 62 34 vid
944 2217 389 43 yrkesundervisningen
1357 2221 52 29 ett
1431 2215 119 43 anslag
1573 2227 44 21 av

126 2279 123 36 30,000
268 2275 136 34 kronor.

175 2328 19 33 I
214 2326 251 44 propositionen
485 2337 38 21 nr
542 2329 65 30 255
629 2325 62 33 har
710 2324 129 42 Kungl.
859 2323 110 42 Maj:t
989 2323 199 38 sedermera,
1209 2322 106 33 under
1335 2321 215 42 åberopande
1572 2333 44 21 av

131 2381 107 42 bilagt
253 2380 122 42 utdrag
392 2391 43 21 av
453 2377 371 43 statsrådsprotokollet
840 2379 81 31 över
939 2374 358 35 ecklesiastikärenden
1316 2374 52 34 för
1386 2374 65 34 den
1472 2377 40 30 16
1533 2373 82 43 april

133 2438 99 36 1943,
250 2432 167 43 föreslagit
434 2431 180 42 riksdagen

169 2496 99 31 Bihang
289 2494 36 27 till
344 2493 142 32 riksdagens
505 2492 125 33 protokoll
650 2493 74 28 1948.
756 2496 15 22 6
790 2492 74 25 saml.
901 2492 40 24 Nr
960 2493 148 28 214—2165.
1568 2492 11 23 1
