2204 2626
657 149 363 42 Bevillningsutskottets
1043 147 195 32 betänkande
1263 145 51 32 Nr
1343 146 44 29 15.
1763 143 10 29 1

951 581 58 39 Nr
1039 579 61 40 15.

802 738 112 26 Ankom
933 737 43 26 till
995 736 168 35 riksdagens
1182 734 92 27 kansli
1294 734 52 26 den
1367 734 16 26 5
1403 743 72 16 mars
1497 733 68 26 1919
1584 732 37 27 kl.
1643 733 11 25 1
1677 742 21 16 e.
1720 742 35 16 m.

428 829 411 44 Bevillningsutskottets
876 826 235 44 betänkande,
1141 826 12 32 i
1183 824 196 43 anledning
1407 834 43 22 av
1478 823 104 33 väckt
1609 822 134 34 motion
1773 833 53 22 om

626 896 143 35 ändrad
811 894 134 44 lydelse
987 905 43 23 av
1066 894 49 34 55
1142 892 25 45 $
1195 894 25 33 2
1248 903 103 23 mom.
1381 892 13 33 i
1418 891 269 44 förordningen
1716 890 111 44 angå-

628 965 88 35 ende
738 963 231 44 försäljning
999 974 43 23 av
1070 962 226 44 rusdrycker.

428 1119 220 27 Närvarande:
678 1117 95 26 herrar
799 1116 141 31 Källman,
969 1114 100 36 Röing,
1098 1113 86 36 Wijk,
1212 1113 162 35 Lyckholm,
1402 1112 32 26 K.
1463 1112 33 26 A.
1525 1111 108 32 Nilson,
1653 1111 174 30 Bäckström,

673 1161 159 29 Forssman,
852 1159 102 31 Rosén,
969 1158 118 31 Boman,
1100 1156 196 32 Vennersten”,
1310 1156 88 33 Rune,
1413 1155 148 35 Bergman,
1574 1155 98 31 Neess,
1685 1155 143 31 Broman”,

674 1203 154 34 Westrup",
849 1201 156 32 Bökelund,
1024 1200 160 27 Johansson
1203 1202 8 24 i
1230 1200 149 31 Kullersta,
1399 1199 122 27 Jönsson
1541 1200 9 25 i
1566 1199 81 31 Boa",
1661 1198 168 36 Uddenberg

675 1247 50 27 och
744 1246 126 27 Viklund
889 1247 9 24 i
918 1245 117 28 Oviken.

498 1319 12 14 >=
529 1318 64 24 [Icke
613 1318 125 24 närvarit
757 1318 49 23 vid
822 1316 179 32 justeringen
1021 1324 34 16 av
1073 1315 197 24 betänkandet.

358 1407 17 35 I
416 1420 46 23 en
502 1407 102 35 inom
647 1404 118 37 andra
807 1404 220 35 kammaren
1055 1402 124 47 väckt,
1209 1401 58 36 till
1295 1400 421 48 bevillningsutskottet
1743 1399 85 36 hän-

229 1458 107 37 visad
365 1458 155 46 motion,
550 1471 44 22 nr
623 1458 60 45 53,
712 1456 68 36 har
809 1455 87 36 herr
923 1456 192 45 Nylander
1141 1452 204 48 hemställt,
1376 1458 54 30 att
1457 1451 205 49 riksdagen
1690 1451 58 36 för
1771 1451 57 36 sin

230 1511 60 35 del
331 1509 88 37 ville
460 1508 160 47 besluta,
650 1513 55 31 att
734 1506 229 50 stadgandet
991 1507 12 35 i
1034 1507 46 35 55
1109 1506 19 47 $
1157 1507 21 34 2
1208 1518 112 23 mom.
1350 1502 478 51 rusdrycksförsäljnings-

230 1561 271 49 förordningen
530 1560 121 37 skulle
678 1559 142 37 erhålla
848 1558 169 49 följande
1046 1557 164 36 ändrade
1238 1556 157 50 lydelse:

359 1613 74 36 Vid
475 1612 190 49 offentligt
706 1611 198 48 skådespel
947 1610 91 36 eller
1078 1609 168 47 varieté-,
1285 1608 141 36 cirkus-
1456 1608 89 35 eller
1573 1620 125 23 annan
1726 1606 104 49 dylik

231 1664 265 48 föreställning
524 1663 102 47 eller,
656 1663 86 36 med
773 1662 195 48 undantag
997 1675 46 22 av
1070 1661 167 46 konsert,
1266 1660 64 36 vid
1358 1659 128 37 vilken
1515 1658 238 37 uteslutande
1773 1664 57 29 ut-

230 1717 100 36 föres
372 1714 407 47 instrumentalmusik,
822 1713 105 48 varje
968 1726 128 23 annan
1124 1711 278 48 föreställning,
1431 1711 59 35 till
1517 1710 127 36 vilken
1673 1710 156 35 allmän-

231 1769 114 35 heten
386 1769 69 35 har
496 1767 177 47 tillträde,
703 1766 91 36 eller
821 1765 63 36 vid
915 1764 174 49 offentlig
1118 1763 336 48 danstillställning
1482 1765 60 33 må
1570 1761 261 48 utskänkning

233 1834 45 22 av
318 1819 257 50 spritdrycker
615 1818 83 37 icke
737 1818 66 36 ske
831 1817 11 36 i
871 1816 103 37 lokal
1017 1816 89 36 eller
1133 1818 21 33 å
1180 1816 112 48 plats,
1336 1814 167 37 därifrån
1543 1819 41 31 är
1623 1813 120 36 utsikt
1774 1813 57 36 till

231 1871 243 37 skådebanan
502 1871 90 36 eller
621 1883 123 23 annan
771 1869 111 49 plats,
912 1869 69 35 där
1001 1868 312 48 föreställningen
1334 1867 122 49 gives;
1479 1866 97 36 dock
1596 1868 60 33 må
1675 1865 156 36 Konun-

230 1936 97 36 gens
368 1921 418 50 befallningshavande,
829 1920 97 37 efter
968 1920 268 49 magistratens
1278 1919 91 36 eller
1396 1917 434 37 kommunalnämndens

232 1975 177 46 hörande,
452 1975 59 36 för
552 1973 152 37 särskilt
736 1973 147 35 tillfälle
912 1972 178 48 medgiva
1118 1971 195 47 undantag
1341 1971 83 35 från
1452 1969 64 36 det
1544 1969 157 36 sålunda
1728 1968 102 37 med-

233 2026 132 37 delade
393 2025 186 37 förbudet.

361 2077 240 37 Beträffande
643 2076 278 48 motiveringen
964 2076 58 35 för
1065 2075 103 36 detta
1205 2074 144 49 förslag
1378 2074 56 36 får
1462 2073 185 36 utskottet
1675 2073 157 35 hänvisa

234 2130 55 36 till
318 2129 204 37 motionen.

284 2303 122 42 Bikang
430 2303 49 31 till
502 2302 183 42 riksdagens
703 2301 158 42 protokoll
885 2302 94 31 1919.
1027 2302 21 30 7
1071 2301 88 31 saml.
1207 2301 41 30 14
1271 2299 80 41 häft.
1397 2299 63 39 (Nr
1485 2299 61 33 15)
1772 2298 13 28 1
