1888 2790
249 130 18 28 6
712 137 274 32 Statsutskottets
1012 139 178 32 utlåtande
1214 149 41 21 nr
1274 140 49 30 69.

298 214 428 40 Riksräkenskapsverket
752 217 64 29 har
840 217 117 30 vidare
983 219 114 28 ansett
1122 219 184 34 tveksamt,
1331 228 56 20 om
1412 221 114 28 staten
1551 220 55 29 för
1632 220 131 30 fonden

253 257 73 28 åter
346 256 61 30 bör
430 257 195 30 fastställas
646 268 41 19 av
706 259 187 38 riksdagen
915 260 82 29 eller
1017 269 57 19 om
1095 261 123 29 endast
1239 261 111 29 medel
1371 262 55 29 för
1447 263 168 38 täckning
1637 272 42 20 av
1700 272 63 20 un-

253 299 192 29 derskottet
468 299 84 30 böra
576 301 104 28 äskas
705 311 40 19 av
767 301 198 39 riksdagen.
991 302 52 29 Då
1064 303 68 33 det,
1155 303 78 29 med
1258 304 137 38 hänsyn
1418 304 52 29 till
1494 307 98 27 arten
1617 314 41 20 av
1680 305 83 30 luft-

253 341 228 30 fartsverkets
502 343 140 33 rörelse,
663 344 37 28 är
721 343 137 30 förenat
879 345 78 28 med
980 346 93 28 stora
1095 345 213 39 svårigheter
1327 348 49 27 att
1398 347 108 28 redan
1525 347 11 28 i
1556 348 207 29 statsverks-

253 384 262 38 propositionen
544 386 80 37 taga
653 385 218 39 ståndpunkt
899 386 52 29 till
982 386 376 31 driftkostnadsstaten
1386 388 55 29 för
1469 389 292 34 luftfartsverket,

252 425 61 29 bör
336 427 112 28 staten
467 426 108 38 enligt
594 427 74 29 min
690 428 141 38 mening
850 430 86 27 även
958 429 10 28 i
989 429 274 39 fortsättningen
1284 430 194 30 fastställas
1503 431 5 29 i
1529 441 135 20 samma
1685 433 78 28 ord-

252 468 84 38 ning
356 477 73 20 som
451 468 106 39 gäller
580 469 55 29 för
656 470 117 38 övriga
796 470 207 30 affärsverk.
1025 471 125 30 Därest
1172 472 186 38 riksdagen
1379 473 29 38 ej
1433 473 117 29 finner
1573 474 190 39 anledning

251 510 51 28 till
323 510 140 29 erinran
481 511 159 30 däremot
660 513 97 29 torde
777 513 148 29 sålunda
943 513 148 30 allenast
1111 514 112 29 medel
1243 515 55 29 för
1316 515 168 39 täckning
1502 525 42 20 av
1563 517 58 29 det
1640 516 122 30 beräk-

251 553 88 28 nade
360 553 245 30 underskottet
624 554 83 30 böra
729 555 104 29 äskas
853 565 41 19 av
913 556 198 38 riksdagen.

295 594 93 30 Även
410 604 41 20 en
471 595 196 40 beräkning
689 606 40 20 av
751 598 243 29 underskottet
1017 599 19 28 å
1057 598 293 31 luftfartsfonden
1372 601 37 28 är
1431 601 10 28 i
1463 601 203 29 nuvarande
1687 601 74 38 läge

252 636 145 30 förenad
427 638 78 29 med
537 638 196 39 betydande
765 640 223 38 svårigheter.
1019 641 67 28 För
1116 641 236 31 innevarande
1384 643 170 37 budgetår
1584 644 64 28 har
1679 653 82 20 man

251 681 50 27 att
326 680 111 29 räkna
462 681 79 28 med
571 683 48 27 ett
648 682 208 29 underskott
882 692 41 20 av
948 683 108 29 minst
1085 683 18 29 5
1119 684 63 29 000
1197 684 62 29 000
1285 685 140 29 kronor.
1455 685 65 29 Det
1546 687 38 28 är
1611 686 89 29 dock
1727 686 30 38 ej

250 722 200 29 osannolikt
472 724 49 27 att
543 724 245 30 underskottet
812 725 69 28 kan
904 725 90 29 bliva
1019 726 110 29 större
1152 727 78 28 med
1253 727 137 38 hänsyn
1412 727 52 29 till
1487 728 66 28 den
1576 728 185 29 minskade

250 764 109 29 trafik
389 773 73 20 som
493 766 179 29 sannolikt
702 766 66 29 blir
798 776 42 19 en
870 767 89 38 följd
990 777 42 19 av
1062 768 318 30 arbetskonflikten
1421 770 64 28 hos
1528 770 232 38 aktiebolaget

250 806 280 40 Aerotransport.
555 808 68 28 För
649 809 101 29 nästa
773 808 169 39 budgetår
965 810 112 29 måste
1104 820 82 19 man
1214 812 110 28 räkna
1349 812 78 28 med
1453 813 120 37 sträng
1598 812 163 30 återhåll-

250 849 135 29 samhet
414 849 223 30 beträffande
667 851 299 30 luftfartsverkets
998 852 155 38 utgifter.
1184 853 181 30 Huruvida
1396 854 57 29 det
1485 862 123 30 genom
1641 855 120 39 bespa-

249 890 117 39 ringar
385 892 44 38 på
448 892 229 38 utgiftssidan
698 894 70 28 kan
788 893 90 30 bliva
900 894 136 39 möjligt
1058 897 50 27 att
1127 895 191 39 nedbringa
1340 897 55 28 det
1416 897 199 29 beräknade
1635 898 126 29 under-

250 933 129 30 skottet
405 943 42 20 av
474 935 17 28 5
508 935 63 28 250
586 935 62 29 000
675 936 130 29 kronor
832 946 96 20 mera
957 938 159 29 avsevärt
1146 939 38 28 är
1210 938 89 29 dock
1325 939 185 29 tveksamt.
1541 940 81 28 Man
1649 940 111 29 måste

248 976 118 29 vidare
398 977 111 29 räkna
539 978 80 28 med
651 980 49 28 att
730 979 195 30 eventuella
956 980 400 39 kostnadsbesparingar
1386 982 122 29 kunna
1537 982 143 29 komma
1710 984 50 28 att

248 1019 178 38 uppvägas
450 1028 41 20 av
515 1020 185 29 minskade
723 1021 205 30 inkomster.
952 1022 52 29 Då
1029 1022 115 39 någon
1167 1032 96 20 mera
1288 1024 102 29 exakt
1415 1024 194 38 beräkning
1633 1034 42 19 av
1697 1034 63 19 un-

248 1060 211 30 derskottets
482 1062 131 29 storlek
634 1063 146 29 sålunda
800 1064 76 29 icke
898 1065 97 28 torde
1018 1074 84 20 vara
1122 1065 132 39 möjlig,
1275 1075 102 20 anser
1396 1066 61 39 jag
1476 1066 71 39 mig
1566 1067 84 29 böra
1670 1067 10 28 i
1701 1076 59 20 an-

248 1102 156 40 slutning
426 1104 51 28 till
500 1104 41 29 de
565 1105 228 38 preliminära
815 1106 283 38 beräkningarna
1123 1108 151 33 förorda,
1298 1110 49 28 att
1370 1109 244 29 underskottet
1637 1109 11 28 i
1671 1109 89 29 riks-

248 1145 255 39 statsförslaget
525 1146 56 30 för
604 1148 100 29 nästa
726 1148 169 39 budgetår
917 1151 170 37 upptages
1110 1151 79 28 med
1211 1152 47 27 ett
1280 1151 53 28 till
1355 1151 17 29 5
1389 1151 62 29 000
1467 1151 62 29 000
1551 1152 131 28 kronor
1704 1161 56 20 av-

247 1188 128 29 rundat
396 1188 134 40 belopp.

290 1232 370 39 Luftfartsstyrelsens
680 1233 206 30 uttalanden
906 1234 222 29 beträffande
1150 1235 273 38 målsättningen
1446 1236 55 28 för
1522 1236 238 38 balansering-

247 1283 42 19 en
314 1284 42 19 av
380 1275 195 29 inkomster
600 1275 65 29 och
688 1276 144 38 utgifter
856 1276 198 29 föranleder
1080 1276 30 39 ej
1139 1279 108 27 annat
1272 1278 181 29 uttalande
1478 1278 80 29 från
1584 1278 74 29 min
1684 1279 74 29 sida

247 1317 44 28 än
319 1318 50 28 att
397 1317 377 31 driftkostnadsstaten
804 1319 87 28 även
921 1318 11 29 i
959 1318 191 30 framtiden
1179 1319 61 29 bör
1270 1319 179 30 betraktas
1482 1329 74 20 som
1584 1330 43 19 en
1655 1321 103 28 enhet

246 1359 64 29 och
339 1361 49 27 att
417 1359 288 30 återhållsamhet
733 1360 111 29 måste
873 1361 174 37 iakttagas
1074 1360 222 30 beträffande
1325 1362 160 38 samtliga
1514 1363 244 39 utgiftsposter

246 1401 11 29 i
284 1401 67 29 den
378 1402 82 29 mån
491 1402 336 39 luftfartsstyrelsen
854 1403 81 38 äger
962 1403 184 39 möjlighet
1178 1405 49 28 att
1255 1404 153 39 påverka
1435 1406 191 29 desamma.
1655 1406 103 29 Detta

247 1444 106 37 gäller
379 1445 86 28 även
491 1445 194 38 utgifterna
711 1445 54 29 för
794 1445 328 38 förbindelsetjänst
1151 1446 64 29 och
1241 1447 307 38 väderlekstjänst,
1575 1448 94 29 vilka
1698 1449 60 28 äro

246 1486 170 29 beroende
443 1496 41 20 av
511 1487 10 28 i
549 1487 118 29 vilken
693 1487 214 38 omfattning
934 1488 333 39 luftfartsstyrelsen
1296 1491 53 27 tar
1378 1489 10 29 i
1416 1490 155 38 anspråk
1597 1490 162 38 telegraf-

245 1528 138 30 verkets
406 1529 64 29 och
494 1530 293 38 meteorologiska
809 1530 194 29 institutets
1026 1530 161 38 tjänster.

289 1571 74 29 Vad
386 1572 108 38 angår
513 1572 68 28 den
602 1581 43 20 av
667 1572 416 39 riksräkenskapsverket
1107 1573 147 30 berörda
1275 1574 124 37 frågan
1420 1574 179 37 angående
1621 1584 43 19 en
1686 1584 72 20 om-

245 1613 171 39 prövning
439 1623 42 20 av
504 1615 149 28 taxorna
675 1614 54 29 för
751 1614 224 39 begagnande
999 1624 42 20 av
1063 1615 186 39 flygfälten
1271 1616 97 29 torde
1392 1616 60 39 jag
1475 1617 64 28 här
1561 1617 122 29 kunna
1706 1617 52 28 in-

246 1656 155 29 skränka
426 1656 70 38 mig
520 1656 52 29 till
598 1658 50 27 att
673 1657 114 29 erinra
812 1666 56 20 om
895 1659 50 27 att
971 1657 126 38 Kungl.
1125 1657 105 38 Maj:t
1255 1658 66 29 den
1347 1658 40 29 20
1410 1658 80 39 juni
1521 1659 81 29 1947
1632 1659 9 29 i
1668 1669 89 20 sam-

244 1698 92 29 band
356 1699 79 28 med
458 1698 247 30 fastställande
727 1708 42 20 av
789 1700 203 28 nuvarande
1014 1701 92 32 taxa,
1130 1700 117 29 vilken
1269 1700 106 39 gäller
1396 1701 72 29 tills
1490 1701 118 29 vidare
1630 1701 52 29 till
1704 1703 53 27 ut-

245 1740 134 39 gången
408 1750 41 19 av
474 1740 80 39 juni
584 1740 93 34 1948,
707 1741 168 29 anbefallt
906 1741 333 39 luftfartsstyrelsen
1266 1745 49 26 att
1342 1743 88 29 efter
1457 1743 229 30 inhämtande
1715 1753 42 19 av

243 1783 188 38 yttranden
452 1783 80 29 från
555 1783 232 38 aktiebolaget
808 1783 270 39 Aerotransport
1099 1785 63 29 och
1185 1785 131 29 Svensk
1338 1785 314 30 interkontinental
1674 1786 82 29 luft-

244 1825 109 29 trafik
372 1825 197 38 aktiebolag
588 1825 10 29 i
619 1826 65 37 god
703 1826 50 29 tid
773 1826 181 29 inkomma
975 1826 79 29 med
1074 1826 133 39 förslag
1225 1827 52 29 till
1298 1829 80 28 taxa
1400 1828 55 29 för
1474 1828 95 29 tiden
1591 1829 81 29 från
1691 1828 64 29 och

244 1868 78 28 med
341 1868 66 28 den
413 1863 21 47 1
464 1867 68 39 juli
556 1867 95 30 1948.

288 1911 430 39 Riksräkenskapsverket
743 1911 64 29 har
833 1911 162 39 slutligen
1021 1911 196 39 ifrågasatt,
1242 1914 49 27 att
1318 1913 237 29 kostnaderna
1581 1913 56 29 för
1661 1921 94 21 aero-

244 1953 135 39 logiska
407 1954 169 29 stationer
605 1953 65 30 och
697 1953 360 30 väderleksstationen
1085 1954 11 29 i
1123 1954 254 29 Nordatlanten
1405 1954 75 30 icke
1508 1955 118 29 vidare
1657 1955 98 29 skola

242 1995 52 29 till
317 1995 114 39 någon
452 1996 54 28 del
528 1996 144 39 påföras
694 1996 304 29 luftfartsfonden.
1022 1996 243 39 Anledningen
1290 1996 52 29 till
1366 1999 50 27 att
1438 1997 102 30 dessa
1564 1997 191 30 kostnader

242 2038 11 28 i
274 2038 71 29 viss
364 2038 247 38 utsträckning
630 2038 178 39 upptagits
827 2039 52 29 till
900 2038 224 39 redovisning
1146 2039 20 29 å
1184 2039 304 34 luftfartsfonden,
1510 2040 64 29 har
1594 2040 90 29 varit
1705 2041 50 28 att

242 2080 208 39 möjliggöra
474 2089 43 20 en
540 2090 97 20 mera
661 2081 214 29 rättvisande
900 2080 176 30 överblick
1099 2082 81 28 över
1203 2081 205 30 luftfartens
1433 2082 156 39 verkliga
1613 2083 142 29 kostna-

243 2123 70 29 der.
337 2123 75 29 Den
434 2123 306 38 omständigheten
763 2124 50 28 att
838 2123 294 30 luftfartsfonden
1155 2132 146 21 numera
1323 2124 71 29 kan
1415 2124 175 30 beräknas
1612 2125 142 29 komma

244 2166 50 28 att
319 2166 74 29 visa
419 2167 47 27 ett
492 2165 299 30 driftunderskott
818 2166 38 29 är
882 2166 10 28 i
920 2165 64 30 och
1012 2165 54 29 för
1093 2166 51 38 sig
1169 2166 76 29 icke
1270 2166 189 39 tillräcklig
1488 2167 190 39 anledning
1704 2169 50 27 att

244 2207 121 30 avföra
396 2208 100 29 dessa
526 2208 192 29 kostnader
747 2208 80 29 från
858 2208 387 30 driftkostnadsstaten.
1276 2209 52 29 Då
1357 2209 75 29 icke
1464 2209 109 30 heller
1602 2210 11 28 i
1642 2209 111 38 övrigt

243 2250 104 37 något
367 2250 195 38 avgörande
584 2250 76 29 skäl
682 2250 54 29 för
756 2259 43 20 en
819 2250 148 38 ändring
989 2260 41 20 av
1050 2250 57 30 det
1130 2251 96 29 förra
1245 2251 73 29 året
1337 2251 141 30 införda
1497 2251 257 38 redovisnings-

245 2293 103 29 sättet
367 2302 101 29 synes
488 2293 180 38 föreligga,
689 2302 101 20 anser
809 2292 60 40 jag
888 2293 70 39 mig
978 2293 76 29 icke
1072 2293 85 30 böra
1177 2293 136 30 biträda
1333 2294 95 30 detta
1446 2294 142 40 förslag.

1523 2387 8 8 o

289 2385 184 30 Utskottet.
496 2385 69 29 För
586 2385 236 29 innevarande
844 2385 169 39 budgetår
1035 2385 66 30 har
1125 2386 55 29 för
1202 2386 293 30 luftfartsfonden
1517 2397 20 19 å
1561 2387 191 29 riksstaten

239 2435 180 39 upptagits
442 2445 41 19 en
510 2436 305 29 underskottstitel
843 2436 19 29 å
886 2436 146 29 allenast
1058 2438 48 27 ett
1130 2436 154 29 formellt
1309 2436 124 40 belopp
1457 2446 43 20 av
1526 2436 61 29 100
1611 2436 142 30 kronor.
