1898 2802
257 159 19 30 8
643 162 118 31 Andra
784 162 239 37 lagutskottets
1047 162 175 31 utlåtande
1246 172 44 21 nr
1316 163 49 30 63.

259 247 57 30 det
337 249 134 28 senaste
493 246 241 31 indexavtalet.
759 241 92 36 Över
873 247 67 30 den
962 246 227 36 normalnivå,
1214 256 75 21 som
1313 247 42 30 de
1377 246 136 37 statliga
1536 246 227 32 lönebestäm-

260 297 171 30 melserna
451 297 65 30 och
536 296 240 31 indexavtalen
798 296 147 31 sålunda
966 297 133 36 angiva,
1120 296 99 36 höjer
1242 297 51 36 sig
1314 297 66 30 den
1402 296 266 37 kompensation
1688 306 75 21 som

258 347 103 37 utgår
382 347 49 30 till
454 347 90 31 vissa
566 347 135 30 mindre
721 355 154 28 grupper
894 347 47 36 på
963 347 56 32 det
1043 347 228 31 kommunala
1296 346 155 32 området
1474 351 90 27 samt
1586 347 11 31 i
1620 349 144 30 enstaka

259 397 63 31 fall
341 397 48 37 på
408 398 108 30 andra
537 397 175 32 områden.

306 447 104 36 Varje
438 447 119 31 försök
588 450 49 28 att
666 456 123 28 genom
819 447 265 37 lönehöjningar
1112 447 127 31 bereda
1268 448 266 36 kompensation
1564 448 56 31 för
1648 457 43 22 en
1722 457 43 22 av

259 498 174 30 varubrist
451 499 149 29 orsakad
617 497 224 38 prisstegring
857 499 101 35 utgör
976 501 47 28 ett
1041 498 169 37 allvarligt
1228 499 61 30 hot
1307 501 73 28 mot
1397 498 282 37 penningvärdet.
1700 499 65 30 Det

259 549 41 30 är
324 548 120 31 därför
469 549 177 36 angeläget
671 551 49 29 att
746 548 505 37 kompensationsförfarandet
1278 548 102 31 såvitt
1406 548 135 37 möjligt
1565 549 198 36 begränsas.

260 599 50 30 Ur
327 599 113 30 denna
458 599 177 36 synpunkt
655 599 40 30 är
714 599 56 30 det
788 608 43 21 av
850 598 82 37 vikt,
952 601 49 29 att
1019 599 266 36 kompensation
1303 599 76 30 icke
1396 598 125 32 tillåtes
1539 599 83 36 utgå
1640 599 11 31 i
1669 599 95 31 vida-

257 659 39 20 re
321 649 209 38 omfattning
554 650 45 29 än
625 658 74 21 som
725 649 181 36 medgivits
931 648 11 30 i
968 649 42 30 de
1035 649 177 31 allmänna
1235 650 226 35 uppgörelser
1483 649 53 30 till
1563 649 93 32 vilka
1682 659 82 21 man

259 699 78 31 nått
361 699 101 32 fram.
488 700 13 29 I
525 703 106 27 annat
653 699 61 30 fall
738 699 112 30 skulle
873 698 264 37 möjligheterna
1160 702 49 28 att
1233 699 46 36 på
1302 699 261 37 frivillighetens
1588 700 65 36 väg
1676 709 88 27 upp-

260 749 165 32 rätthålla
445 752 47 28 ett
514 749 50 31 till
585 749 91 31 vissa
698 749 154 31 indextal
872 750 121 30 knutet
1015 751 179 35 lönestopp
1217 750 200 31 försämras.
1442 746 94 35 Även
1559 760 58 20 om
1641 751 42 30 de
1702 750 61 37 på-

260 801 116 30 talade
399 800 105 30 fallen
526 809 43 21 av
590 800 349 36 överkompensation
960 801 79 29 med
1060 800 136 36 hänsyn
1218 800 51 30 till
1292 800 58 30 sitt
1372 799 271 32 förhållandevis
1666 800 99 37 ringa

259 851 98 30 antal
377 849 74 31 icke
470 850 114 31 direkt
605 850 83 30 hota
709 850 283 37 penningvärdet,
1016 851 141 30 komma
1178 851 42 30 de
1238 850 123 31 därför
1382 850 106 31 likväl
1509 853 49 28 att
1577 853 122 35 utgöra
1720 854 47 28 ett

260 900 127 31 hinder
406 901 55 30 för
480 902 231 30 strävandena
732 904 49 27 att
800 902 180 30 motverka
1000 901 216 31 inflationen.
1239 902 101 31 Detta
1361 902 96 30 torde
1477 902 11 30 i
1509 901 149 31 särskild
1680 902 85 37 grad

261 951 101 37 gälla,
387 961 57 21 om
466 952 41 30 de
529 952 161 36 gynnade
711 960 198 29 grupperna
931 952 144 31 befinna
1096 952 51 36 sig
1171 952 11 30 i
1203 952 132 31 allmän
1360 952 115 36 tjänst.

304 1002 80 30 Med
405 1002 136 36 hänsyn
563 1003 52 29 till
637 1003 56 30 det
716 1002 150 31 anförda
889 1003 187 36 tillstyrker
1100 1002 58 37 jag
1181 1003 12 30 i
1214 1003 148 37 princip,
1387 1006 49 28 att
1458 1002 218 38 möjligheter
1699 1003 66 31 till-

257 1053 130 36 skapas
411 1055 48 28 att
480 1061 125 28 genom
629 1053 128 36 statligt
780 1053 205 36 ingripande
1007 1052 38 32 få
1067 1052 51 31 till
1142 1052 100 32 stånd
1266 1062 42 21 en
1331 1053 198 37 utjämning
1551 1063 44 21 av
1617 1053 148 37 dyrtids-

258 1102 312 37 kompensationen
595 1103 92 31 olika
710 1111 153 29 grupper
886 1103 157 32 emellan.
1070 1104 14 30 I
1107 1103 109 31 likhet
1241 1103 80 31 med
1346 1104 42 30 de
1410 1104 221 36 sakkunniga
1655 1104 110 30 föror-

259 1152 65 31 dar
347 1152 68 39 jag,
442 1155 49 29 att
514 1153 93 31 detta
629 1153 206 37 ingripande
858 1154 80 30 sker
959 1153 11 31 i
993 1153 92 31 form
1109 1163 43 22 av
1174 1163 43 21 en
1240 1153 229 37 maximering
1491 1163 45 22 av
1558 1154 207 36 kompensa-

259 1202 128 32 tionen.

305 1253 51 31 De
377 1253 220 37 sakkunniga
621 1254 46 31 ha
691 1253 192 32 diskuterat
905 1253 60 32 två
987 1254 94 31 olika
1104 1254 155 31 metoder
1282 1254 56 30 för
1359 1254 274 37 genomförande
1656 1264 44 21 av
1724 1263 42 22 en

259 1303 228 37 maximering
504 1313 43 22 av
565 1303 455 37 dyrtidskompensationen.
1039 1304 75 30 Den
1132 1313 64 22 ena
1213 1303 110 37 linjen
1340 1305 66 30 har
1422 1314 44 21 av
1486 1305 42 30 de
1547 1304 220 37 sakkunniga

260 1353 285 31 karakteriserats
577 1352 114 32 såsom
723 1353 238 31 innebärande
990 1357 47 28 ett
1065 1354 398 37 kompensationsstopp.
1505 1354 116 37 Enligt
1651 1355 116 30 denna

258 1404 120 30 metod
403 1404 110 31 skulle
538 1413 125 28 genom
688 1405 57 36 lag
770 1404 222 37 föreskrivas,
1020 1407 49 28 att
1095 1405 267 36 kompensation
1389 1405 56 30 för
1470 1405 112 31 ökade
1608 1405 158 31 levnads-

259 1455 189 31 kostnader
465 1454 76 31 icke
561 1454 95 37 finge
673 1454 83 37 utgå
775 1455 81 30 med
878 1455 105 36 högre
1001 1455 126 36 belopp
1147 1455 47 30 än
1213 1455 66 36 det,
1299 1464 77 22 som
1394 1455 118 37 utgick
1532 1455 68 31 viss
1619 1455 147 37 angiven

262 1504 78 37 dag,
362 1508 22 28 t.
408 1514 50 22 ex.
483 1505 67 30 den
572 1505 66 36 dag
661 1504 44 32 då
727 1505 101 36 lagen
851 1505 122 30 trädde
994 1505 10 30 i
1026 1504 104 31 kraft.
1154 1505 106 36 Ingen
1283 1504 111 31 skulle
1415 1504 147 32 sålunda
1586 1505 180 37 fråntagas

258 1556 115 30 rätten
396 1555 49 31 till
468 1556 56 30 det
546 1555 261 37 dyrtidstillägg,
832 1564 75 22 som
929 1556 70 30 han
1022 1555 57 31 vid
1102 1555 116 37 lagens
1241 1555 279 32 ikraftträdande
1542 1555 122 37 åtnjöt,
1691 1565 75 22 var-

260 1609 94 28 emot
381 1606 112 31 rätten
520 1606 50 30 till
598 1606 196 36 ytterligare
821 1605 147 37 höjning
995 1615 43 21 av
1066 1605 285 37 dyrtidstillägget
1378 1606 110 30 skulle
1516 1606 179 36 avskäras;
1725 1607 43 30 de

260 1656 220 37 sakkunniga
506 1656 185 31 förutsätta
717 1656 100 37 dock,
845 1658 49 28 att
918 1655 146 37 höjning
1089 1665 43 22 av
1157 1655 286 37 dyrtidstillägget
1466 1656 114 31 skulle
1605 1655 38 32 få
1670 1656 61 31 ske
1756 1656 11 31 i

260 1706 174 31 särskilda
466 1706 62 31 fall
562 1707 66 30 och
659 1706 89 30 efter
780 1706 228 36 medgivande
1041 1715 44 21 av
1117 1706 192 36 Konungen
1341 1706 84 30 eller
1455 1706 205 37 myndighet
1691 1715 76 22 som

260 1756 193 37 Konungen
475 1756 220 32 förordnade.
719 1756 73 31 Mot
815 1756 113 31 denna
949 1755 84 38 linje
1055 1757 46 30 ha
1124 1757 42 30 de
1187 1756 220 37 sakkunniga
1431 1757 171 36 anmärkt,
1626 1759 50 28 att
1700 1757 67 31 den

259 1807 113 30 skulle
396 1807 166 31 innebära
585 1810 48 29 ett
658 1807 118 30 alltför
798 1808 134 35 strängt
954 1806 130 38 statligt
1107 1806 293 37 förmynderskap
1427 1808 81 29 över
1533 1807 233 37 näringslivet.

259 1857 52 31 De
331 1857 218 37 sakkunniga
570 1858 148 36 upplysa
738 1857 98 37 även,
858 1860 49 27 att
928 1857 56 30 vid
1004 1857 224 36 preliminära
1249 1857 284 37 överläggningar
1553 1858 79 30 med
1652 1866 114 28 repre-

258 1911 178 28 sentanter
465 1908 56 30 för
549 1907 91 32 vissa
670 1907 225 37 arbetsgivar-
925 1908 65 30 och
1020 1907 488 37 arbetstagarorganisationer
1536 1908 100 30 dessa
1665 1907 101 31 efter-

259 1958 162 37 tryckligt
444 1958 202 39 framhållit,
671 1961 48 28 att
740 1961 165 33 parterna
928 1957 46 37 på
997 1958 333 30 arbetsmarknaden
1352 1958 108 30 borde
1481 1958 137 30 lämnas
1641 1959 126 30 största

258 2008 146 37 möjliga
425 2008 104 31 frihet
552 2011 49 28 att
624 2008 110 36 själva
756 2008 131 36 reglera
909 2007 253 37 lönefrågorna.
1187 2008 49 30 De
1259 2008 219 36 sakkunniga
1501 2009 45 30 ha
1569 2008 121 30 därför
1711 2008 57 30 för

258 2058 56 31 sin
337 2059 54 30 del
412 2058 157 31 förordat
590 2059 66 30 den
678 2059 110 30 andra
811 2058 118 36 linjen,
952 2057 104 37 enligt
1080 2058 113 30 vilken
1216 2059 57 30 det
1297 2058 177 31 allmänna
1495 2059 113 30 skulle
1629 2059 65 36 äga
1715 2058 51 31 in-

259 2109 100 37 gripa
386 2110 121 30 endast
534 2119 57 20 om
619 2109 149 36 tillägget
795 2108 57 31 för
879 2109 42 30 de
947 2109 178 36 löntagare
1150 2109 81 30 eller
1256 2109 234 36 pensionärer,
1519 2118 120 21 varom
1667 2108 100 37 fråga

260 2169 92 27 vore,
378 2160 179 36 väsentligt
583 2160 172 35 överstege
781 2159 51 30 till
857 2159 176 36 löntagare
1058 2159 11 30 i
1095 2159 189 30 allmänhet
1308 2159 170 36 utgående
1504 2159 261 36 dyrtidstillägg.

259 2210 74 30 Där
354 2210 38 31 så
410 2219 78 21 vore
508 2209 107 37 fallet,
633 2210 111 30 skulle
764 2209 180 30 utfästelse
962 2219 57 20 om
1039 2209 250 37 dyrtidstillägg
1308 2210 119 30 kunna
1447 2209 172 31 förklaras
1640 2209 126 37 ogiltig,

261 2260 11 29 i
299 2261 68 29 vad
393 2260 203 30 utfästelsen
620 2259 123 37 avsåge
770 2259 117 37 tillägg
912 2259 237 36 överstigande
1176 2259 56 30 det
1257 2269 76 20 som
1359 2259 12 30 i
1397 2260 190 30 allmänhet
1612 2259 153 37 utginge;

258 2310 12 30 i
290 2311 70 30 den
380 2310 83 31 mån
481 2310 203 31 utfästelsen
706 2310 188 30 förklarats
916 2310 117 36 ogiltig
1053 2310 109 30 skulle
1185 2310 55 30 det
1261 2310 58 31 vid
1339 2310 233 31 straffansvar
1592 2320 83 21 vara
1697 2310 69 30 för-

258 2360 123 37 bjudet
403 2364 48 28 att
472 2361 117 36 utgiva
608 2361 83 30 eller
711 2363 154 34 mottaga
887 2360 158 37 tillägget.
1071 2360 114 37 Lagen
1206 2361 112 30 skulle
1340 2361 104 36 enligt
1466 2361 42 30 de
1529 2360 237 36 sakkunnigas

259 2411 132 37 förslag
408 2413 63 35 äga
488 2411 219 36 tillämpning
724 2410 132 37 jämväl
872 2410 220 31 beträffande
1110 2410 101 37 avtal,
1230 2410 93 31 vilka
1341 2410 198 31 tillkommit
1555 2410 77 31 före
1648 2411 119 36 lagens

1750 2459 10 9 o

261 2461 288 31 ikraftträdande.
578 2461 74 30 Den
677 2461 93 36 linje,
800 2470 75 21 som
901 2461 42 30 de
970 2460 219 37 sakkunniga
1217 2460 148 31 sålunda
1392 2460 151 37 förorda,
1573 2460 147 31 innebär
1746 2469 21 21 å
