1866 2814
521 150 319 33 Bankoutskottets
859 149 188 32 utlåtande
1066 149 51 31 Nr
1141 149 52 29 36.
1496 146 39 29 55

76 237 326 37 pensionsbeloppet
430 238 84 30 böra
542 236 183 31 reduceras
749 235 58 31 till
831 236 62 30 900
917 235 138 30 kronor.
1101 233 51 31 På
1175 233 114 37 grund
1314 233 107 31 härav
1447 233 55 29 får
1526 235 52 28 ut-

76 290 129 31 skottet
228 289 199 36 hemställa,

522 377 53 30 att
610 375 201 36 riksdagen,
847 374 13 30 i
894 372 194 37 anledning
1122 382 44 21 av
1191 372 134 36 Kungl.
1349 372 119 36 Maj:ts
1492 372 87 30 före-

478 427 155 31 varande
656 426 280 35 framställning,
960 426 57 29 må
1040 424 176 36 medgiva,
1240 426 53 29 att
1316 424 263 30 sadelmakaren

478 479 62 31 vid
573 478 197 32 Norrlands
805 476 368 36 artilleriregementes
1207 476 195 36 tyganstait
1425 475 154 31 Gottfrid

477 530 130 32 Fritiof
641 530 171 31 Wilhelm
845 528 147 31 Bastian
1025 529 58 29 må
1117 527 80 31 från
1220 528 64 31 och
1307 527 76 31 med
1407 526 173 32 månaden

479 584 79 30 näst
591 582 89 31 efter
714 582 78 35 den,
828 580 175 31 varunder
1025 580 72 30 han
1119 580 197 35 entledigas
1339 580 79 29 från
1441 579 57 30 sin
1521 589 59 20 an-

479 634 173 36 ställning
676 633 62 32 vid
761 632 224 37 regementet,
1009 632 112 31 under
1144 632 57 30 sin
1223 630 216 32 återstående
1456 630 124 31 livstid

479 688 21 29 å
523 686 182 30 allmänna
728 684 351 36 indragningsstaten
1095 684 158 35 uppbära
1268 692 43 21 en
1327 683 91 35 årlig
1435 682 146 36 pension

480 748 44 20 av
549 738 61 30 900
635 737 139 31 kronor.

792 858 85 30 44:0.

120 939 131 36 Kungl.
287 938 100 36 Maj:t
421 937 63 31 har
519 937 12 30 i
564 937 153 35 punkten
752 935 73 31 13:o
859 945 43 20 av
930 934 222 31 förevarande
1175 934 206 36 proposition
1404 934 176 35 föreslagit

76 990 182 37 riksdagen
281 989 171 37 medgiva,
476 990 50 29 att
548 989 91 30 förre
663 988 165 30 vaktaren
852 987 59 31 vid
934 987 169 30 Råbelövs
1126 986 147 30 kruthus
1295 986 67 30 Per
1377 985 202 31 Andersson

75 1044 58 30 må
157 1043 79 30 från
259 1042 63 31 och
345 1041 78 31 med
446 1041 65 31 den
535 1042 18 29 1
578 1040 186 32 november
787 1040 84 31 1925
895 1039 108 31 under
1025 1039 55 30 sin
1103 1038 209 31 återstående
1334 1038 117 30 livstid
1475 1038 21 29 å
1518 1037 62 31 all-

74 1098 130 28 männa
227 1094 339 37 indragningsstaten
589 1092 153 37 uppbära
765 1102 43 21 en
830 1092 91 36 årlig
944 1092 141 36 pension
1107 1101 45 20 av
1176 1091 61 30 480
1262 1091 134 30 kronor.

119 1200 58 30 Av
199 1199 259 35 handlingarna
481 1198 13 30 i
516 1197 138 31 ärendet
677 1197 185 34 inhämtas,
886 1197 52 29 att
960 1196 207 35 Andersson,
1191 1205 72 20 som
1286 1197 40 28 är
1349 1194 78 31 född
1450 1194 65 31 den
1540 1194 39 30 30

75 1251 137 31 oktober
246 1251 97 35 1856,
376 1250 94 31 varit
501 1249 150 31 anställd
675 1250 110 30 såsom
807 1249 143 30 vaktare
973 1248 58 30 vid
1055 1247 170 31 Råbelövs
1249 1247 144 30 kruthus
1416 1246 80 31 från
1519 1246 62 30 och

75 1303 78 31 med
177 1303 66 31 den
266 1304 18 29 1
310 1302 140 37 augusti
473 1301 85 32 1894
581 1301 55 31 till
659 1301 63 31 och
744 1301 79 30 med
847 1300 65 31 den
935 1300 40 30 31
999 1300 140 30 oktober
1162 1299 96 35 1925;
1281 1300 49 29 att
1352 1299 79 35 han,
1447 1308 72 21 som
1542 1299 40 29 år

76 1356 84 31 1925
185 1355 191 32 tilldelades
399 1354 231 36 silvermedalj
656 1354 54 31 för
732 1354 54 30 nit
808 1353 62 31 och
894 1352 168 37 redlighet
1083 1352 13 30 i
1120 1352 105 31 rikets
1248 1351 117 37 tjänst,
1382 1351 108 31 under
1505 1351 77 30 hela

73 1409 57 30 sin
153 1408 182 37 tjänstetid
358 1408 90 31 skött
471 1408 75 30 sina
568 1406 210 37 åligganden
801 1407 86 30 utan
909 1405 248 35 anmärkning;
1181 1405 51 30 att
1254 1404 70 31 han
1346 1405 42 35 på
1412 1403 111 37 grund
1539 1413 42 21 av

74 1462 55 30 sin
163 1461 88 36 höga
278 1461 96 30 ålder
401 1462 40 29 är
463 1460 135 31 mindre
620 1459 167 31 arbetsför
809 1458 63 31 och
894 1458 116 31 därför
1033 1458 125 30 saknar
1181 1457 154 35 förmåga
1357 1457 50 30 att
1430 1455 152 37 förtjäna

75 1514 62 30 sitt
170 1513 213 35 tillräckliga
416 1512 195 36 uppehälle;
643 1512 89 29 samt
754 1511 52 30 att
827 1510 70 30 han
919 1511 109 29 såsom
1051 1509 143 31 vaktare
1216 1509 59 30 vid
1298 1508 181 31 kruthuset
1502 1518 80 26 upp-

76 1565 99 31 buret
207 1575 42 21 en
277 1564 167 36 avlöning
467 1574 45 20 av
537 1564 62 30 468
623 1564 125 30 kronor
771 1563 53 30 för
847 1563 38 29 år
907 1562 106 36 jämte
1036 1561 256 36 dyrtidstillägg
1316 1560 83 30 därå
1421 1562 161 28 ävensom

74 1617 148 36 åtnjutit
245 1617 47 30 fri
316 1616 126 31 bostad.

120 1669 18 30 I
160 1669 114 35 övrigt
296 1668 165 31 hänvisas
484 1668 55 30 till
563 1667 65 31 den
651 1667 13 30 i
687 1666 251 36 propositionen
960 1665 196 35 förebragta
1180 1664 239 35 utredningen.

121 1774 173 31 Utskottet
333 1773 151 31 biträder
522 1772 132 36 Kungl.
694 1771 118 36 Maj:ts
850 1770 63 31 här
947 1769 147 31 avsedda
1127 1769 127 35 förslag
1292 1769 61 30 och
1387 1768 195 31 hemställer

75 1825 158 37 sålunda,

521 1912 51 30 att
606 1910 184 35 riksdagen
822 1910 57 29 må
913 1909 123 30 bifalla
1063 1908 133 35 Kungl.
1221 1908 115 36 Maj:ts
1358 1908 224 30 förevarande

481 1962 270 35 framställning.

793 2083 86 31 45:0.

121 2160 118 34 Under
273 2164 155 35 punkten
463 2164 72 30 14:o
569 2163 65 30 har
657 2162 132 36 Kungl.
814 2161 101 36 Maj:t
937 2160 175 36 föreslagit
1135 2159 182 36 riksdagen
1340 2159 167 36 medgiva,
1531 2161 51 29 att

77 2216 93 30 förre
200 2215 170 31 vaktaren
405 2215 60 31 vid
499 2215 89 31 Ridö
623 2215 168 36 krutdepå
822 2213 118 32 Johan
968 2212 93 32 Axel
1084 2212 127 32 Norlin
1239 2213 58 30 må
1319 2212 77 30 från
1419 2211 61 31 och
1504 2212 76 31 med

77 2268 66 31 den
167 2269 18 30 1
210 2268 66 36 juli
305 2268 83 30 1926
413 2267 108 32 under
544 2268 54 30 sin
621 2266 214 32 återstående
858 2265 120 32 livstid
1001 2266 21 30 å
1045 2265 174 30 allmänna
1244 2264 338 36 indragningsstaten

78 2320 155 36 uppbära
255 2330 42 21 en
319 2320 89 36 årlig
432 2320 140 36 pension
595 2330 44 21 av
664 2320 63 30 600
751 2320 135 30 kronor.

122 2424 58 31 Av
214 2424 258 36 handlingarna
505 2425 12 30 i
551 2424 141 31 ärendet
726 2424 185 35 inhämtas,
944 2424 52 29 att
1028 2422 134 35 Norlin,
1193 2431 71 21 som
1287 2424 40 28 är
1349 2421 78 31 född
1451 2421 65 30 den
1541 2421 40 30 12

78 2476 140 31 oktober
252 2476 96 36 1857,
383 2476 103 31 sedan
519 2476 119 31 hösten
673 2477 40 30 år
747 2476 84 31 1887
855 2475 132 31 arbetat
1011 2474 59 31 vid
1093 2473 88 31 Ridö
1205 2474 165 35 krutdepå
1393 2475 89 29 samt
1505 2473 78 31 från

1603 936 64 29 Ang.
1684 935 111 30 pensvon

1637 970 28 23 åt
1692 971 69 28 förre

1612 1005 124 23 vaktaren
1754 1005 31 22 P.

1625 1040 158 23 Andersson.

1605 2170 63 30 Äng.
1684 2169 110 30 penston

1647 2205 27 23 åt
1691 2205 71 29 förre

1644 2240 124 22 vaktaren

1601 2275 25 22 J.
1647 2275 29 23 A.
1703 2273 103 24 Norlin.
