1866 2810
64 304 66 29 Ang.
146 303 110 30 pension

101 338 28 22 åt
148 338 70 29 förre

88 372 149 24 skomakar-

97 408 132 22 mästaren

63 441 32 23 P.
115 442 38 23 M.
174 441 90 24 Svens-

88 484 48 16 son
155 476 83 24 Sand-

119 514 90 21 ström.

71 1589 67 30 Ang.
153 1588 111 30 pension

115 1624 27 23 åt
160 1624 70 29 förre

94 1658 145 24 skräddar-

102 1695 133 23 mästaren

109 1729 27 22 J.
157 1727 69 26 Käll.

327 155 40 30 48
696 151 319 33 Bankoutskottets
1035 149 188 32 utlåtande
1242 148 52 32 Nr
1318 147 51 30 36.

998 227 86 32 34:0.

329 309 136 36 Kungl.
500 308 102 37 Maj:t
637 307 148 31 föreslår
809 307 12 30 i
850 306 159 36 punkten
1044 305 51 31 3:o
1129 315 45 20 av
1203 313 134 21 samma
1360 301 218 37 proposition
1602 298 189 37 riksdagen

287 360 176 36 medgiva,
497 361 53 30 att
583 359 93 31 förre
715 358 366 31 skomakarmästaren
1117 355 60 31 vid
1212 354 227 35 Kronobergs
1464 353 196 35 regemente
1691 351 102 31 Peter

287 412 150 37 Magnus
460 411 176 32 Svensson
661 410 207 31 Sandström
891 409 58 30 må
972 408 81 30 från
1077 407 63 31 och
1163 405 78 32 med
1266 405 66 31 den
1356 406 18 29 1
1398 403 160 32 februari
1582 403 82 31 1926
1682 401 111 33 under

287 464 56 31 sin
367 462 218 33 återstående
609 461 125 32 livstid
758 462 20 30 å
794 460 183 31 allmänna
1001 458 352 37 indragningsstaten
1369 456 160 36 uppbära
1545 464 42 22 en
1603 455 94 36 årlig
1713 463 80 27 pen-

286 517 77 30 sion
387 526 45 20 av
457 516 95 35 1,224
578 514 139 31 kronor.

328 619 56 30 Av
424 618 264 35 handlingarna
712 617 12 30 i
748 615 144 32 ärendet
924 615 188 34 inhämtas,
1142 614 52 30 att
1217 612 218 35 Sandström,
1459 621 74 21 som
1557 613 39 28 är
1619 609 83 32 född
1726 609 67 31 den

284 671 19 31 6
345 670 194 37 september
562 669 94 36 1863,
681 668 96 31 varit
799 666 155 33 anställd
982 667 114 30 såsom
1119 664 340 32 skomakarmästare
1484 662 61 31 vid
1568 661 226 36 Kronobergs

285 723 215 36 regementes
535 719 437 34 intendenturverkstäder
1008 717 111 32 under
1153 716 98 32 tiden
1275 718 18 29 1
1318 715 92 37 april
1451 714 170 32 1897—31
1649 713 145 37 januari

286 775 99 35 1926;
409 775 53 30 att
486 774 71 31 han
580 774 44 36 på
647 772 116 37 grund
786 782 45 21 av
855 770 316 35 åderförkalkning
1196 771 38 29 är
1257 769 39 30 så
1319 769 77 35 gott
1422 777 75 21 som
1513 767 203 35 oförmögen
1735 765 58 31 till

284 827 68 31 allt
375 826 131 34 arbete;
530 826 53 30 att
607 825 71 30 han
702 824 111 31 under
836 824 40 30 de
901 832 120 22 senare
1045 823 84 30 åren
1153 821 62 31 vid
1239 821 213 35 regementet
1476 818 170 37 uppburit
1669 827 43 21 en
1735 827 59 21 av-

286 878 137 36 löning,
463 887 73 21 som
560 877 151 30 frånsett
736 875 267 37 dyrtidstillägg
1028 874 152 35 uppgått
1203 872 59 31 till
1292 872 6 29 i
1322 870 165 31 medeltal
1512 870 163 35 omkring
1698 869 95 35 2,340

286 930 129 31 kronor
438 929 55 31 för
516 929 55 34 år;
596 929 91 30 samt
711 928 52 30 att
786 927 71 31 han
880 927 45 35 på
948 927 49 30 ett
1020 923 241 37 mönstergillt
1284 924 71 30 sätt
1378 922 141 32 bestritt
1540 922 79 31 sina
1634 921 160 36 åliggan-

286 982 68 32 den
377 981 64 32 och
463 980 127 36 städse,
614 980 100 31 såväl
738 980 13 30 i
773 989 75 21 som
871 980 99 30 utom
994 978 167 36 tjänsten,
1186 976 94 31 visat
1303 976 50 30 ett
1374 973 175 33 hedrande
1567 972 227 37 uppförande.

330 1033 18 31 I
381 1034 101 34 fråga
518 1042 55 21 om
612 1031 123 31 vidare
769 1030 193 35 utredning
986 1030 12 30 i
1022 1028 144 32 ärendet
1200 1027 170 31 hänvisar
1398 1026 171 31 utskottet
1593 1025 58 31 till
1674 1034 122 27 propo-

287 1085 165 31 sitionen.

331 1187 136 37 Kungl.
492 1187 121 37 Maj:ts
641 1186 64 31 här
729 1184 151 33 avsedda
904 1184 132 37 förslag
1060 1184 64 30 har
1147 1183 31 36 ej
1205 1182 94 37 givit
1322 1181 172 31 utskottet
1517 1179 195 37 anledning
1736 1179 59 31 till

288 1240 154 36 erinran,
467 1239 12 31 i
503 1239 89 37 följd
616 1249 111 21 varav
752 1238 171 31 utskottet
947 1236 213 35 hemställer,

732 1334 52 29 att
808 1331 192 37 riksdagen
1029 1332 57 30 må
1110 1330 125 32 bifalla
1259 1329 137 35 Kungl.
1420 1328 120 36 Maj:ts
1565 1326 230 32 förevarande

690 1383 281 36 framställning.

1005 1495 86 31 35:0.

334 1583 121 32 Under
488 1583 160 37 punkten
672 1584 52 29 4:o
748 1582 63 30 har
835 1581 136 36 Kungl.
995 1580 103 36 Maj:t
1123 1580 184 35 föreslagit
1331 1578 191 36 riksdagen
1545 1577 175 36 medgiva,
1745 1578 53 29 att

292 1636 93 31 förre
409 1635 350 32 skräddarmästaren
782 1632 61 32 vid
867 1632 225 36 Kronobergs
1121 1632 213 36 regementes
1363 1628 436 33 intendenturverkstäder

293 1688 180 32 Johannes
505 1687 85 32 Käll
622 1687 57 30 må
713 1686 82 31 från
819 1685 63 32 och
906 1684 78 32 med
1008 1684 67 31 den
1099 1685 18 30 1
1141 1683 92 37 april
1258 1683 83 31 1926
1365 1682 113 32 under
1502 1682 55 31 sin
1580 1680 219 33 återstående

294 1740 125 32 livstid
442 1741 20 30 å
486 1739 182 31 allmänna
703 1737 354 37 indragningsstaten
1089 1736 159 36 uppbära
1276 1745 43 21 en
1347 1735 93 35 årlig
1464 1734 147 36 pension
1634 1743 44 21 av
1703 1734 95 35 1,260

293 1793 139 31 kronor.

337 1843 57 31 Av
418 1842 262 36 handlingarna
704 1842 12 30 i
740 1841 143 31 ärendet
906 1841 190 34 inhämtas,
1119 1841 53 29 att
1192 1839 87 30 Käll
1295 1841 39 28 är
1351 1838 82 31 född
1449 1838 67 31 den
1532 1839 40 29 12
1589 1848 94 20 mars
1701 1839 99 33 1867;

294 1896 54 30 att
379 1895 81 35 han,
492 1904 74 21 som
600 1893 111 31 under
735 1893 97 31 tiden
856 1893 40 30 17
920 1891 71 36 maj
1016 1891 149 31 1888—1
1190 1890 158 31 februari
1375 1890 85 31 1902
1484 1890 95 30 varit
1602 1889 114 31 soldat
1739 1888 62 32 vid

295 1947 227 35 Kronobergs
546 1947 208 35 regemente,
779 1945 88 30 efter
889 1945 53 30 att
965 1942 112 32 under
1099 1952 44 21 en
1167 1942 52 31 tid
1240 1952 44 21 av
1302 1942 165 36 omkring
1485 1942 40 30 10
1541 1942 40 30 år
1598 1941 92 31 hava
1705 1941 96 31 varit

294 1998 157 32 anställd
486 1999 113 30 såsom
632 1996 342 32 skrädderiarbetare
1003 1995 62 31 vid
1088 1995 224 35 regementet,
1337 1993 106 32 sedan
1467 1993 67 31 den
1558 1994 17 30 1
1600 1993 93 36 april
1717 1993 83 31 1897

295 2050 208 37 tjänstgjort
537 2051 115 29 såsom
687 2049 140 30 förman
861 2047 62 31 vid
947 2047 232 36 regementets
1202 2045 448 35 intendenturverkstäder,
1679 2045 124 30 vilken

295 2101 221 32 sistnämnda
540 2101 201 35 befattning
757 2100 71 30 han
843 2098 197 32 emellertid
1057 2098 136 31 lämnat
1209 2097 78 31 med
1304 2098 182 35 utgången
1502 2107 45 20 av
1563 2106 93 21 mars
1673 2095 128 31 månad

296 2154 100 34 1926;
420 2154 53 30 att
496 2153 71 30 han
591 2152 111 31 under
726 2151 41 32 de
790 2160 120 22 senare
934 2151 85 30 åren
1043 2149 61 32 vid
1128 2150 216 35 regementet
1367 2149 172 35 uppburit
1559 2157 43 21 en
1617 2148 184 35 avlöning,

294 2216 87 25 som,
416 2206 151 30 frånsett
602 2203 280 38 dyrtidstillägg,
918 2203 149 36 uppgått
1089 2202 59 30 till
1178 2202 6 30 i
1208 2201 165 31 medeltal
1397 2201 95 36 2,340
1517 2201 129 30 kronor
1669 2200 55 31 för
1747 2201 55 33 år;

295 2260 54 29 att
384 2258 72 31 han
482 2258 44 36 på
550 2256 117 37 grund
691 2266 45 21 av
760 2254 226 37 sockersjuka
1011 2255 63 30 och
1097 2254 233 36 yrkesneuros
1354 2254 12 30 i
1391 2253 107 36 höger
1522 2252 94 31 hand
1640 2252 63 31 och
1726 2261 76 21 arm

296 2310 55 31 för
385 2310 49 30 all
457 2308 147 32 framtid
628 2308 98 32 torde
749 2317 85 21 vara
858 2307 202 35 oförmögen
1083 2307 53 29 att
1160 2306 101 30 sköta
1284 2305 56 31 sin
1363 2305 127 36 tjänst;
1513 2306 53 29 att
1590 2305 71 29 han
1685 2305 45 34 på
1752 2304 51 30 ett

298 2360 331 32 tillfredsställande
653 2361 71 29 sätt
747 2359 84 37 fyllt
855 2359 78 30 sina
956 2357 216 37 åligganden
1196 2357 63 31 och
1282 2356 99 31 såväl
1406 2357 12 30 i
1442 2366 74 21 som
1533 2357 98 30 utom
1647 2355 155 36 tjänsten

296 2412 189 36 ådagalagt
514 2413 50 30 ett
588 2411 176 32 hedrande
789 2409 234 37 uppförande;
1048 2410 90 30 samt
1161 2410 52 29 att
1238 2408 70 31 han
1332 2408 76 31 icke
1432 2408 158 36 åtnjuter
1615 2406 188 32 underhåll

299 2464 79 31 från
403 2464 177 32 Vadstena
602 2462 384 37 krigsmanshuskassa.
