2222 2620
183 751 132 32 Populära

156 784 186 32 föreläsnings-

169 818 101 31 kurser,
289 827 44 16 an-

376 174 61 30 164
899 178 234 30 Stalsutskotsets
1155 179 154 30 utlåtande
1331 181 48 29 Nr
1403 183 20 27 8
1447 182 36 28 ÅA.

782 267 63 23 sen
891 255 161 35 anställd
1097 255 462 49 föreläsningskonsulent,
1605 259 78 37 dels
1728 261 110 48 högst
1889 264 112 40 3,000

781 305 139 35 kronor
964 305 60 36 till
1069 306 203 36 understöd
1312 310 37 33 åt
1390 308 139 36 sådana
1568 309 201 48 nybildade
1809 314 191 42 anstalter,

780 355 117 35 vilkas
937 355 213 50 ortsbidrag
1190 358 33 47 ej
1268 361 146 45 uppgår
1449 360 59 35 till
1546 360 72 35 200
1647 361 148 44 kronor,
1825 362 79 35 dels
1932 364 68 35 ock

781 405 107 46 högst
912 405 112 43 8,000
1052 408 138 35 kronor
1217 408 58 35 till
1305 408 204 37 understöd
1537 413 37 33 åt
1601 410 96 36 vissa
1724 413 183 35 anstalter
1930 414 69 35 och

773 449 224 55 föreningar
1038 456 57 36 för
1135 471 44 22 av
1220 458 83 36 dem
1345 459 120 35 havda
1505 461 283 36 1esekostnader
1815 462 60 36 för
1903 462 97 37 före-

779 507 132 40 läsare;

881 553 39 49 b)
949 562 55 31 att
1032 558 85 36 herr
1144 559 163 36 Zanders
1334 560 254 36 ovanberörda
1615 564 142 34 motion
1782 576 45 23 nr
1847 565 72 35 213
1940 568 59 32 må

780 619 43 22 av
850 608 200 47 riksdagen
1078 610 135 43 avslås;
1702 634 4 4 ;

881 654 35 48 c)
945 663 54 30 att
1040 659 85 35 herr
1164 659 163 37 Zanders
1368 660 246 37 omförmälda
1654 663 142 36 motion
1837 677 46 22 nr
1928 668 69 33 132

779 707 178 36 likaledes
986 712 60 32 må
1073 722 45 23 av
1146 710 198 49 riksdagen
1373 713 132 34 avslås.

475 804 125 47 227:0)
629 807 137 48 Kungl.
808 807 106 49 Maj:t
955 809 67 36 har
1051 809 194 49 föreslagit
1284 812 202 49 riksdagen
1513 811 135 50 (punkt
1677 812 88 47 221)
1793 820 56 31 att
1876 819 120 33 såsom

149 852 116 25 ordnade
291 852 59 26 från
370 855 134 49 bidrag
543 857 58 35 till
642 858 181 36 täckande
863 872 46 22 av
944 860 251 37 kostnaderna
1223 861 58 37 för
1308 862 45 36 de
1381 863 394 47 föreläsningskurser,
1805 879 80 23 som
1914 865 83 37 från

153 886 189 25 universiteten

179 920 7 23 i
207 920 118 31 Uppsala

176 954 48 23 och
243 954 85 25 Lund.

193 996 117 46 [221.]

146 1610 72 31 Ökat
244 1618 100 31 anslag.

370 907 267 36 universiteten
665 909 13 34 i
705 908 165 49 Uppsala
896 910 72 35 och
996 911 110 36 Lund
1132 912 113 35 varda
1268 916 47 44 på
1328 913 176 49 begäran,
1525 927 85 23 vare
1629 916 58 46 sig
1704 928 45 23 av
1767 918 229 42 institution,

370 968 80 24 som
492 958 32 46 ej
568 958 168 46 åtnjuter
775 960 150 36 särskilt
966 961 58 35 till
1064 963 444 50 populärvetenskapliga
1543 964 272 51 föreläsningar
1840 966 158 49 beviljat

369 1008 312 45 statsunderstöd,
724 1010 90 35 eller
854 1024 44 22 av
924 1012 75 35 viss
1035 1012 181 37 kommun
1245 1014 90 36 eller
1362 1014 148 36 enskild
1538 1028 133 35 person
1699 1017 214 36 anordnade
1940 1023 57 31 att

370 1057 121 36 under
531 1061 40 32 år
614 1061 96 34 1920
748 1061 90 35 eller
879 1074 130 24 senare
1051 1063 114 36 hållas
1209 1069 104 31 utom
1341 1067 426 46 universitetsstäderna,
1794 1070 129 34 anvisa
1951 1072 47 45 på

368 1113 107 30 extra
502 1113 72 31 stat
602 1108 58 36 för
687 1113 41 32 år
758 1112 96 34 1920
882 1117 54 29 ett
964 1114 381 48 reservationsanslag
1363 1128 45 22 av
1429 1117 136 42 10,000
1586 1117 147 43 kronor,
1751 1131 112 23 varav
1885 1121 111 40 7,000

368 1159 139 35 kronor
547 1159 57 35 till
646 1159 163 48 Uppsala
849 1162 222 36 universitet
1109 1163 70 36 och
1215 1166 111 41 3,000
1354 1166 138 34 kronor
1519 1167 56 34 till
1604 1166 129 37 Lunds
1763 1170 232 42 universitet,

368 1213 54 31 att
449 1212 90 44 utgå
567 1209 120 36 under
715 1211 134 36 villkor
875 1217 54 29 att
957 1212 82 44 den,
1067 1226 78 23 som
1174 1213 131 49 begärt
1333 1214 241 49 föreläsning,
1601 1217 207 47 tillskjuter
1836 1218 58 36 för
1920 1225 76 31 täc-

368 1259 121 35 kande
516 1272 45 23 av
588 1259 244 38 föreläsarens
856 1262 241 37 resekostnad
1125 1264 69 35 och
1224 1265 135 36 arvode
1386 1266 114 36 minst
1527 1267 74 35 lika
1628 1273 94 30 stort
1750 1268 136 50 belopp
1915 1282 79 23 som

367 1310 277 47 statsbidraget.

469 1359 259 50 Utredningen
756 1362 12 34 i
796 1368 125 31 ämnet
949 1364 200 36 återfinnes
1177 1368 21 32 å
1225 1366 68 35 sid.
1323 1368 200 35 662—664
1543 1368 13 34 i
1575 1368 418 49 statsrådsprotokollet.

468 1459 190 38 Utskottet
699 1462 67 35 har
804 1463 81 35 icke
927 1462 129 37 funnit
1096 1468 113 44 något
1250 1471 54 30 att
1346 1468 125 35 erinra
1511 1474 78 29 mot
1615 1468 72 36 den
1714 1470 135 47 gjorda
1876 1470 117 37 fram-

365 1511 243 48 ställningen,
636 1512 124 35 vilken
788 1513 157 35 innebär
973 1527 46 22 en
1047 1514 158 48 höjning
1232 1516 84 35 med
1345 1518 112 42 3,000
1486 1518 138 35 kronor
1650 1520 10 33 i
1682 1519 234 38 förhållande
1935 1522 57 35 till

366 1561 69 35 vad
476 1560 59 37 för
574 1562 251 37 innevarande
862 1566 40 33 år
930 1563 59 36 för
1016 1577 141 23 samma
1184 1566 172 36 ändamål
1384 1570 121 45 utgår,
1535 1568 68 36 och
1631 1569 214 37 hemställer
1871 1572 121 43 alltså,

874 1652 56 31 att
970 1648 199 49 riksdagen
1211 1653 59 32 må
1310 1653 121 33 såsom
1472 1651 134 48 bidrag
1645 1654 58 34 till
1739 1655 182 35 täckande
1948 1669 44 22 av

772 1697 251 37 kostnaderna
1063 1698 58 36 för
1164 1699 45 36 de
1239 1700 408 48 föreläsningskurser,
1675 1715 76 25 som
1773 1704 105 47 från
1904 1707 87 35 uni-

772 1749 193 35 versilelen
998 1749 16 36 i
1048 1750 168 46 Uppsala
1243 1751 65 35 och
1334 1752 114 35 Lund
1475 1754 123 35 varda
1618 1755 57 45 på
1697 1755 176 47 begäran,
1902 1768 90 24 vare

772 1799 56 46 sig
856 1811 46 23 av
929 1799 230 45 institution,
1187 1812 77 25 som
1295 1801 36 48 ej
1364 1802 173 48 åtnjuter
1567 1804 153 36 särskilt
1739 1806 57 35 till
1809 1807 181 45 populär-

771 1850 280 47 vetenskapliga
1072 1850 291 48 föreläsningar
1389 1853 154 48 beviljat
1572 1856 304 44 statsunderstöd,
1906 1857 86 36 eller

772 1911 46 23 av
843 1900 76 35 viss
948 1900 175 36 kommun
1151 1902 86 35 eller
1263 1902 145 37 enskild
1428 1915 141 35 person
1596 1906 221 36 anordnade
1844 1912 54 30 att
1923 1920 69 22 un-

771 1949 64 35 der
863 1953 40 32 år
933 1952 97 34 1920
1050 1952 90 34 eller
1159 1964 129 23 senare
1308 1952 117 37 hållas
1445 1959 104 30 utom
1566 1956 423 46 universitetsstäderna,

770 2001 127 34 anvisa
938 2004 47 44 på
1013 2007 106 30 extra
1146 2007 75 31 stat
1249 2002 58 36 för
1334 2006 41 33 år
1405 2005 96 35 1920
1530 2009 55 31 ett
1612 2008 379 48 reservationsanslag

771 2063 44 22 av
847 2052 136 40 10,000
1012 2052 148 45 kronor,
1188 2065 111 23 varav
1328 2055 108 43 7,000
1464 2055 139 36 kronor
1629 2056 56 36 till
1716 2056 164 49 Uppsala
1908 2059 85 35 uni-

770 2102 150 35 versitet
947 2102 70 35 och
1047 2104 111 42 3,000
1186 2104 138 35 kronor
1349 2105 58 34 till
1427 2105 130 36 Lunds
1576 2107 228 42 universitet,
1825 2113 54 30 att
1899 2112 92 45 utgå

771 2151 118 35 under
916 2153 136 34 villkor
1079 2159 53 29 att
1159 2153 84 44 den,
1273 2167 77 23 som
1370 2155 133 47 begärt
1522 2154 240 52 föreläsning,
1782 2158 208 48 tillskjuter

771 2200 56 36 för
871 2202 181 36 täckande
1093 2217 44 22 av
1178 2203 243 38 föreläsarens
1463 2207 238 36 resekostnad
1742 2209 70 35 och
1853 2209 136 36 arvode

769 2252 114 35 minst
911 2253 74 35 lika
1013 2259 97 30 stort
1137 2254 137 49 belopp
1302 2268 79 23 som
1409 2256 276 49 statsbidraget.
