2234 2614
200 453 132 24 Nordiska

214 491 106 20 mn.-eet.

215 527 94 48 [35.]

173 982 179 25 Kulturhisto-

163 1015 73 25 riska
263 1020 102 21 museet

206 1049 8 23 i
234 1050 85 24 Laond.

220 1092 93 46 [36.]

162 2021 71 29 Ökat
264 2023 99 28 anslag.

386 177 41 29 32
921 177 232 29 Statsutskottets
1173 177 155 29 utlåtande
1350 177 50 28 Nr
1421 179 21 26 8
1465 178 38 27 A.

386 266 95 24 ovan
507 254 199 48 tillstyrkt,
735 254 167 35 kommer
929 253 63 36 det
1018 253 188 36 ordinarie
1233 252 193 37 bestämda
1444 253 167 47 anslaget
1624 253 60 36 till
1699 253 311 36 naturhistoriska

388 305 229 42 riksmuseet,
652 317 54 23 nu
746 305 160 43 172,720
943 305 146 42 kronor,
1118 309 57 30 att
1202 304 87 35 ökas
1317 303 83 36 med
1431 304 137 44 20,400
1595 304 139 35 kronor
1760 303 59 35 till
1849 304 161 44 193,120

386 355 148 36 kronor.

490 453 100 48 36:0)
618 455 16 34 I
662 454 166 49 enlighet
855 454 84 36 med
967 453 138 49 Kungl.
1133 454 124 48 Maj:ts
1285 453 127 36 därom
1429 454 135 47 gjorda
1578 453 282 47 framställning
1873 450 137 51 (punkt

387 501 65 48 35)
479 505 216 36 hemställer
723 506 192 44 utskottet,

896 586 56 30 att
978 580 201 48 riksdagen
1206 582 71 39 må,
1296 580 12 35 i
1327 579 120 36 likhet
1475 579 85 35 med
1586 579 71 36 vad
1680 578 60 36 för
1756 579 252 36 innevarande

793 634 41 32 år
868 637 65 41 ägt
968 643 96 28 rum,
1098 631 59 34 till
1193 630 183 36 nordiska
1411 632 136 34 museet
1576 629 130 36 anvisa
1733 632 48 45 på
1807 635 107 30 extra
1940 634 71 31 stat

792 681 61 37 för
887 684 41 33 år
967 682 95 35 1920
1098 686 56 30 ett
1189 680 299 49 förslagsanslag,
1522 680 119 47 högst,
1672 680 163 42 120,000
1861 680 148 42 kronor,

793 737 68 37 att,
890 731 119 36 under
1035 731 137 35 villkor
1199 737 54 30 att
1279 744 46 23 en
1352 731 195 36 ledamot
1537 725 21 53 i
1570 735 165 31 museets
1753 729 140 36 nämnd
1913 736 41 28 är
1967 742 43 23 av

795 782 140 48 Kungl.
973 781 107 46 Maj:t
1116 781 203 36 förordnad
1355 788 175 29 ävensom
1562 783 48 46 på
1636 780 47 36 de
1709 781 130 47 övriga
1864 780 144 43 villkor,

792 832 140 47 Kungl.
968 832 106 47 Maj:t
1111 834 60 33 må
1207 832 215 43 föreskriva,
1451 834 92 45 utgå
1570 831 59 36 till
1657 830 188 36 nämnden
1873 828 59 38 för
1957 835 54 30 att

794 884 120 46 enligt
940 882 84 36 dess
1053 882 280 37 bestämmande
1348 881 188 37 användas
1562 882 59 35 till
1650 887 161 30 museets
1826 880 181 36 ändamål.

488 958 100 45 37:0)
618 959 139 48 Kungl.
785 958 107 48 Maj:t
919 958 69 36 har
1014 956 137 51 (punkt
1180 957 61 39 36)
1271 954 195 46 föreslagit
1491 952 200 50 riksdagen
1711 957 55 32 att
1784 952 58 36 till
1861 952 147 35 kultur-

385 1011 201 36 historiska
614 1016 146 29 museet
786 1010 12 34 i
826 1009 110 36 Lund
963 1011 126 34 anvisa
1117 1011 48 46 på
1192 1012 107 31 extra
1325 1011 74 30 stat
1426 1005 59 36 för
1512 1007 41 33 år
1583 1005 97 35 1920
1708 1009 56 30 ett
1783 1002 225 47 förslagsan-

384 1063 91 47 slag,
517 1061 110 47 högst
655 1061 150 50 25,000
847 1061 149 42 kronor,
1030 1065 55 30 att
1113 1058 121 36 under
1261 1057 46 35 de
1335 1057 147 40 villkor,
1512 1054 137 48 Kungl.
1677 1053 108 49 Maj:t
1811 1054 71 35 kan
1910 1053 99 35 finna

384 1113 78 34 skäl
491 1110 217 44 föreskriva,
738 1112 89 46 utgå
854 1110 58 34 till
940 1111 183 46 styrelsen
1152 1108 60 35 för
1239 1106 330 36 kulturhistoriska
1584 1104 220 48 föreningen
1825 1103 59 36 för
1902 1103 107 36 södra

382 1161 155 48 Sverige
578 1160 60 36 för
665 1166 55 30 att
746 1159 188 36 användas
963 1161 59 34 för
1048 1163 163 31 museets
1239 1153 450 50 förvaltningskostnader
1716 1155 69 35 och
1814 1155 12 34 i
1854 1152 154 37 främsta

383 1218 165 30 rummet
574 1211 59 36 till
661 1211 176 47 avlöning
864 1213 39 33 åt
928 1212 62 33 två
1016 1208 274 48 vetenskapligt
1317 1207 68 36 och
1414 1206 242 46 fackmässigt
1684 1203 194 37 utbildade
1896 1204 113 36 bitra-

384 1262 72 37 den
483 1261 63 36 vid
573 1266 154 31 museet.

486 1312 261 48 Utredningen
786 1312 13 34 i
838 1310 155 37 ärendet
1032 1310 198 35 återfinnes
1272 1311 21 32 å
1332 1307 68 36 sid.
1432 1307 197 35 117—121
1658 1306 14 34 i
1700 1304 307 50 statsrådsproto-

384 1364 127 36 kollet.

485 1438 74 36 Till
587 1437 331 36 kulturhistoriska
945 1441 144 30 museet
1114 1436 13 34 i
1153 1433 112 36 Lund
1291 1434 67 35 har
1385 1432 198 47 riksdagen
1612 1430 59 37 för
1696 1437 84 30 vart
1804 1431 70 35 och
1893 1435 55 31 ett
1965 1443 43 23 av

383 1494 89 32 ären
517 1488 250 36 1912—1919
808 1488 142 34 anvisat
992 1492 54 30 ett
1073 1485 137 47 belopp
1237 1497 45 22 av
1313 1484 135 40 15,000
1477 1483 146 35 kronor.
1679 1481 73 36 För
1778 1481 230 35 sistnämnda

383 1543 43 33 år
453 1539 202 48 föreligger
679 1538 141 48 jämväl
848 1542 55 31 ett
929 1534 312 50 anslagsäskande
1268 1537 22 32 å
1320 1535 135 43 10,000
1483 1533 137 35 kronor
1647 1534 49 46 på
1709 1532 228 48 tilläggsstat
1952 1530 57 37 för

384 1594 40 32 år
453 1592 109 34 1919.

485 1640 130 46 Enligt
650 1638 72 36 vad
757 1635 412 51 departementschefen
1196 1635 200 42 meddelat,
1425 1633 131 43 skulle,
1585 1632 126 36 därest
1737 1631 65 37 det
1828 1644 53 23 nu
1909 1631 98 37 före-

383 1693 129 46 slagna
540 1689 187 48 beloppet,
757 1690 137 41 25,000
922 1689 148 43 kronor,
1098 1688 148 34 komme
1273 1691 55 30 att
1343 1684 168 46 beviljas,
1531 1684 97 35 intet
1641 1682 221 49 ytterligare
1877 1682 131 48 bidrag

382 1755 46 22 av
455 1741 65 35 det
547 1741 189 34 allmänna
762 1739 148 35 komma
937 1744 54 30 att
1018 1737 236 48 ifrågasättas
1282 1735 59 36 för
1367 1738 42 32 år
1439 1735 107 35 1920.
1594 1732 127 37 Under
1740 1732 268 48 förutsättning

382 1798 57 29 att
466 1794 39 32 så
531 1791 67 35 ock
626 1789 134 36 varder
787 1788 250 37 förhållandet
1063 1788 69 35 och
1161 1786 87 36 med
1274 1784 226 48 hänvisning
1525 1785 14 34 i
1566 1785 123 46 övrigt
1717 1783 58 35 till
1799 1782 69 36 vad
1888 1786 119 32 såsom

382 1841 83 37 stöd
493 1841 58 35 för
579 1840 179 47 förslaget
786 1839 204 47 andragits,
1018 1838 216 35 hemställer
1263 1836 191 43 utskottet,
1483 1847 78 23 som
1590 1833 196 37 ävenledes
1805 1833 203 49 tillstyrker

382 1892 130 47 anslag
552 1890 57 36 för
649 1889 216 36 ändamålet
904 1890 59 34 för
994 1892 41 32 år
1063 1889 97 35 1919
1185 1887 69 36 och
1282 1889 12 32 i
1323 1891 113 31 annat
1463 1884 272 47 sammanhang
1762 1883 130 37 därtill
1918 1882 91 38 åter-

381 1942 181 44 kommer,

893 2019 56 31 att
975 2013 200 48 riksdagen
1196 2015 61 33 må
1274 2012 58 35 till
1353 2010 334 37 kulturhistoriska
1705 2013 136 33 museet
1859 2010 17 35 i
1893 2009 115 36 Lund

792 2066 128 34 anvisa
948 2067 47 45 på
1021 2071 107 28 extra
1155 2069 74 30 stat
1256 2062 59 36 för
1330 2065 40 32 år
1392 2063 97 35 1920
1504 2067 54 30 ett
1574 2061 299 47 förslagsanslag,
1891 2061 117 47 högst,

793 2117 137 40 25,000
972 2115 146 41 kronor,
1160 2120 56 30 att
1244 2112 119 37 under
1390 2112 46 36 de
1463 2113 145 41 villkor,
1639 2111 138 48 Kungl.
1807 2111 104 46 Maj:t
1938 2111 68 34 kan

791 2167 103 34 finna
921 2166 78 34 skäl
1028 2164 213 43 föreskriva,
1270 2166 89 45 utgå
1384 2164 59 34 till
1471 2163 182 48 styrelsen
1681 2161 59 36 för
1761 2161 246 36 kulturhisto-

791 2217 100 34 riska
917 2215 223 49 föreningen
1167 2214 60 36 för
1253 2215 110 35 södra
1389 2212 153 49 Sverige
1569 2212 58 36 för
1655 2217 56 31 att
1738 2211 186 37 användas
1951 2210 57 37 för
