2220 2622
746 186 228 28 Statsulskottets
998 186 146 28 utlåtande
1167 186 46 28 Nr
1236 187 19 27 8
1279 187 36 28 A.
1772 185 60 29 213

626 262 89 35 börd
756 263 89 34 eller
886 263 158 35 kontroll
1082 265 20 32 å
1144 262 180 48 uppbörd,
1349 269 40 28 är
1417 263 134 47 pliktig
1578 267 54 31 att
1661 265 20 33 å
1708 263 53 35 tid
1789 276 43 22 av

626 315 87 40 året,
742 325 77 22 som
848 326 42 22 av
914 312 130 36 chefen
1064 313 231 43 bestämmes,
1317 312 166 48 begagna
1502 314 57 46 sig
1578 326 43 21 av
1640 319 191 35 semester;

727 366 52 32 att
819 364 11 33 i
871 362 104 48 fråga
1014 376 59 22 om
1110 363 213 49 skyldighet
1359 368 53 30 att
1440 366 90 44 avgå
1559 362 82 36 från
1670 364 161 46 tjänsten

627 420 170 28 ävensom
833 413 12 35 i
886 412 104 48 fråga
1019 425 60 23 om
1107 418 74 30 rätt
1208 412 58 36 till
1294 414 154 46 pension
1477 413 92 34 skall
1596 414 98 46 gälla
1721 413 71 35 vad
1821 415 11 34 i

640 476 91 34 agen
760 462 189 48 angående
977 464 108 34 civila
1111 464 360 46 tjänstinnehavares
1499 468 73 30 rätt
1600 464 56 34 till
1679 464 152 47 pension

626 520 39 27 är
709 513 61 35 vid
812 513 103 35 tiden
951 512 58 36 för
1045 512 71 35 den
1144 526 70 34 nya
1243 518 139 30 statens
1408 512 297 36 ikraftträdande
1732 514 99 42 eller,

626 564 108 33 såvitt
761 565 113 43 angår
901 563 224 34 innehavare
1153 575 42 22 av
1223 561 219 48 befattning,
1471 574 79 23 som
1579 562 161 35 därefter
1758 563 75 34 till-

626 612 133 44 trädes,
787 611 61 36 vid
875 612 182 35 tillträdet
1083 614 57 33 till
1169 611 256 48 befattningen
1454 612 163 47 stadgat;

726 663 16 35 i
762 661 121 48 fråga
911 674 55 24 om
994 663 188 35 särskilda
1203 661 243 48 föreskrifter
1467 661 69 47 för
1565 663 195 46 kvinnliga
1779 663 53 35 be-

620 713 352 47 fatltningshavare:

727 766 54 34 att
820 762 229 37 beträffande
1082 763 63 36 det
1172 763 191 47 kvinnliga
1389 762 161 36 biträdet
1579 765 20 33 å
1626 764 207 35 institutets

627 819 71 31 stat
725 815 102 34 skola
853 814 12 34 i
893 815 120 46 övrigt
1039 813 110 36 lända
1176 814 58 35 till
1254 812 247 37 efterrättelse
1525 813 45 35 de
1590 812 241 45 föreskrifter,

626 877 78 23 som
732 871 64 28 äro
825 865 89 34 eller
941 864 125 35 kunna
1092 864 113 35 varda
1224 863 195 36 utfärdade
1438 863 191 47 angående
1648 865 186 34 allmänna

625 915 132 35 villkor
796 914 67 35 och
900 913 275 36 bestämmelser
1203 919 53 29 att
1282 915 99 45 gälla
1407 912 59 36 för
1492 914 45 34 de
1565 916 20 32 å
1611 913 97 36 vissa
1735 913 99 36 dom-

627 965 144 41 stolars,
812 963 247 36 ämbetsverks
1100 964 68 35 och
1201 963 279 49 myndigheters
1508 968 113 30 stater
1649 962 185 49 uppförda

626 1013 426 49 biträdesbefattningar.

727 1062 33 48 c)
789 1063 214 46 föreskriva,

727 1118 54 33 att
807 1127 122 31 envar,
958 1128 77 23 som
1064 1114 84 36 med
1175 1115 89 35 eller
1291 1114 96 36 efter
1409 1116 186 46 ingången
1615 1127 44 22 av
1677 1117 40 32 år
1739 1116 95 34 1920

627 1165 186 37 tillträder
848 1165 186 36 ordinarie
1068 1164 211 49 befattning
1305 1165 63 35 vid
1395 1165 253 48 gymnastiska
1675 1165 158 35 central-

627 1217 197 40 institutet,
862 1216 91 35 skall
981 1228 87 24 vara
1095 1216 135 47 pliktig
1257 1220 53 31 att
1338 1215 225 35 underkasta
1590 1216 58 46 sig
1675 1215 159 36 ovanbe-

627 1266 110 36 rörda
763 1267 132 35 villkor
923 1266 68 35 och
1018 1267 288 42 bestämmelser,
1336 1273 174 28 ävensom

728 1319 53 33 att
808 1317 45 35 de
881 1315 262 37 förutvarande
1169 1316 223 35 innehavare
1420 1328 44 23 av
1492 1315 187 36 ordinarie
1697 1314 136 36 befatt-

627 1368 133 47 ningar
802 1366 62 36 vid
899 1367 198 42 institutet,
1138 1367 97 35 vilka
1262 1366 80 35 icke
1370 1365 78 36 före
1475 1367 74 34 viss
1576 1366 158 47 angiven
1763 1365 71 36 tid-

627 1418 117 47 punkt
784 1417 155 45 anmäla,
979 1421 54 31 att
1073 1416 45 36 de
1149 1417 89 47 vilja
1270 1419 133 45 övergå
1429 1416 58 35 till
1515 1415 71 36 den
1614 1429 73 35 nya
1714 1421 119 30 staten

627 1473 96 31 samt
751 1467 223 36 underkasta
1001 1468 57 47 sig
1085 1467 45 36 de
1158 1465 58 37 för
1239 1468 242 46 avlöningens
1500 1466 218 48 åtnjutande
1737 1466 97 36 stad-

627 1518 94 48 gade
762 1518 132 35 villkor
934 1518 67 35 och
1042 1518 289 44 bestämmelser,
1359 1517 70 36 och
1457 1529 78 23 som
1563 1518 80 34 icke
1671 1518 162 47 lagligen

627 1570 124 35 kunna
779 1568 124 36 därtill
931 1567 202 45 förbindas,
1162 1568 101 36 skola
1289 1568 113 36 varda
1429 1567 214 36 bibehållna
1668 1567 62 36 vid
1750 1567 83 36 dem

628 1620 117 48 enligt
785 1619 131 35 dittills
956 1619 171 46 gällande
1154 1618 185 36 ordinarie
1368 1623 71 31 stat
1464 1618 282 36 tillkommande
1774 1631 60 22 av-

626 1668 337 49 löningsförmåner
998 1676 183 36 ävensom,
1223 1670 12 34 i
1263 1669 71 36 den
1363 1671 85 33 mån
1476 1669 32 46 ej
1538 1673 110 31 annat
1676 1667 158 37 föranle-

628 1720 63 36 des
714 1733 44 23 av
775 1719 326 37 bestämmelserna
1119 1721 12 34 i
1150 1721 107 46 lagen
1277 1718 190 49 angående
1487 1719 108 36 civila
1613 1719 221 47 tjänstinne-

627 1771 152 35 havares
806 1775 73 31 rätt
906 1771 57 34 till
991 1771 166 47 pension,
1187 1770 61 36 vid
1276 1769 71 36 den
1375 1775 73 30 rätt
1475 1771 57 34 till
1560 1771 167 46 pension,
1756 1782 76 23 som

628 1820 132 37 dittills
788 1821 216 35 tillkommit
1031 1820 101 43 dem;

729 1867 40 50 d)
804 1870 170 44 förklara,
1002 1876 55 30 att
1084 1870 44 36 de
1155 1871 13 35 i
1196 1875 120 31 staten
1344 1869 57 37 för
1428 1871 190 34 institutet
1645 1875 190 43 upptagna

630 1921 252 48 ålderstillägg
917 1922 102 35 skola
1060 1924 90 45 utgå
1189 1934 44 23 av
1269 1921 62 35 det
1363 1920 119 36 under
1509 1920 151 36 åttonde
1688 1920 146 37 huvud-

628 1973 107 35 titeln
764 1971 186 49 uppförda
977 1971 324 49 förslagsanslaget
1327 1972 58 35 till
1413 1970 269 49 ålderstillägg;

730 2023 32 42 e)
800 2024 12 34 i
849 2023 195 35 riksstaten
1085 2021 58 37 för
1174 2025 40 33 år
1243 2023 97 35 1920
1369 2027 163 43 upptaga
1559 2021 63 36 det
1649 2020 186 37 ordinarie

629 2074 166 47 anslaget
835 2073 55 35 till
929 2073 254 48 gymnastiska
1224 2073 330 35 centralinstitutet
1585 2072 85 35 med
1697 2076 53 31 ett
1777 2073 56 34 till

630 2125 135 43 72,700
792 2124 138 35 kronor
957 2122 140 47 förhöjt
1124 2123 150 48 belopp;

1864 2021 69 31 Ökat
1953 2029 100 31 anslag.

729 2171 30 48 f)
788 2177 46 44 på
861 2178 107 32 extra
995 2177 72 32 stat
1093 2172 59 37 för
1178 2176 40 33 år
1248 2174 96 35 1920
1372 2173 125 35 anvisa
1529 2173 58 35 till
1607 2177 105 31 extra
1731 2173 102 36 vakt-
1854 2186 66 32 Nyt
1939 2188 104 30 anslag.
