2242 2620
376 201 61 30 232
902 200 231 29 Statsutskottets
1154 200 153 29 utlåtande
1330 200 49 30 Nr
1401 201 21 27 8
1437 203 39 27 A.

1008 708 359 40 Reservationer:

480 830 77 37 Vid
575 832 121 46 punkt
717 833 71 42 6:0)
819 830 175 46 (höjning
1020 842 48 23 av
1093 829 241 36 riksarkivets
1362 828 134 46 anslag
1521 828 59 35 till
1607 839 247 24 amanuenser
1873 839 49 23 m.
1936 825 67 46 m.)

377 895 47 23 av
452 882 131 35 herrar
607 882 40 36 J.
679 880 183 47 Olofsson,
891 881 36 35 S.
951 881 207 46 Bengtsson
1184 880 13 35 i
1224 878 140 47 Norup,
1392 880 46 34 P.
1462 879 47 35 4.
1534 879 183 35 Hansson
1743 877 14 36 i
1784 876 219 37 Stockholm

375 932 72 36 och
475 933 48 35 K.
551 933 45 35 A.
632 932 56 36 W.
715 931 150 48 Björck,
895 931 105 36 vilka
1027 935 131 39 ansett,
1186 935 55 31 att
1267 930 184 36 utskottet
1478 929 86 35 bort
1589 928 210 45 hemställa,

885 1037 56 30 att
979 1031 211 47 riksdagen,
1230 1031 86 36 med
1357 1029 110 38 bifall
1494 1030 59 35 till
1579 1028 136 46 Kungl.
1743 1028 122 46 Maj:ts
1891 1027 112 37 fram-

785 1083 181 44 ställning
1005 1088 98 29 samt
1129 1081 86 37 med
1242 1082 130 44 avslag
1399 1080 22 36 å
1447 1080 88 36 herr
1561 1078 153 38 Clasons
1742 1078 263 37 ovanberörda

785 1132 155 43 motion,
966 1131 15 36 i
1006 1131 76 36 vad
1109 1132 72 35 den
1208 1132 128 43 skiljer
1361 1131 58 44 sig
1446 1129 84 36 från
1550 1130 135 45 Kungl.
1705 1129 121 44 Maj:ts
1852 1128 151 46 förslag,

785 1182 61 36 må
880 1182 89 45 höja
1003 1181 63 36 det
1093 1180 21 37 å
1140 1181 242 36 riksarkivets
1409 1179 190 37 ordinarie
1625 1184 75 31 stat
1726 1178 189 47 uppförda
1941 1191 62 24 an-

785 1234 119 45 slaget
934 1232 59 36 till
1026 1244 256 30 amanuenser,
1314 1230 399 45 vikariatsersättning,
1740 1229 264 46 renskrivning

785 1283 70 36 och
881 1282 278 47 flitpenningar,
1185 1296 53 22 nu
1267 1283 133 44 11,750
1435 1282 149 43 kronor,
1610 1280 87 36 med
1725 1281 111 45 5,850
1862 1280 142 36 kronor

784 1334 58 36 till
874 1334 134 45 17,600
1035 1333 150 36 kronor.

482 1434 76 37 Vid
584 1435 123 46 punkt
734 1436 101 43 86:0)
877 1435 238 41 (instrument
1146 1432 60 36 för
1233 1433 72 36 den
1332 1433 217 45 zoologiska
1575 1431 262 37 institutionen
1863 1431 13 35 i
1902 1429 101 48 Upp-

379 1482 94 49 sala)
501 1499 47 22 av
575 1485 87 36 herr
691 1485 40 35 C.
759 1485 37 36 J.
828 1484 43 36 G.
902 1485 152 35 Swartz.
1464 1501 4 2 :

481 1585 77 37 Vid
594 1586 123 46 punkt
747 1584 125 46 194:0)
900 1588 94 42 (nya
1020 1583 220 47 byggnader
1257 1583 59 36 för
1341 1582 406 37 folkskoleseminariet
1771 1583 14 35 i
1811 1581 193 45 Karlstad)

379 1650 48 23 av
453 1637 132 36 herrar
610 1637 53 35 H.
691 1637 48 35 F.
765 1637 147 42 Lamm,
941 1636 52 35 H.
1024 1635 43 36 G.
1102 1636 55 35 W.
1193 1634 189 47 Wrangel,
1409 1634 40 36 J.
1475 1634 45 35 LL.
1556 1634 143 42 Widell,
1728 1633 45 36 P.
1800 1633 157 36 Nilsson
1991 1633 14 35 i

379 1688 162 46 Bonarp,
569 1687 36 35 S.
624 1687 208 46 Bengtsson
858 1686 13 36 i
897 1684 144 48 Norup,
1068 1685 44 36 P.
1130 1686 44 35 B.
1192 1685 156 36 Nilsson
1374 1684 14 36 i
1406 1683 200 45 Landeryd
1633 1683 69 36 och
1720 1684 38 35 J.
1778 1684 224 43 Erlansson,

380 1738 104 36 vilka
510 1742 133 39 ansett,
671 1742 56 31 att
753 1737 202 36 utskottets
980 1735 178 45 yttrande
1185 1735 70 36 och
1281 1734 142 46 förslag
1440 1735 87 35 bort
1547 1735 95 35 hava
1661 1733 168 47 följande
1846 1733 158 45 lydelse:

487 1788 76 36 »De
591 1788 99 45 höga
716 1787 213 45 kostnader,
957 1799 81 23 som
1066 1786 117 46 enligt
1213 1784 180 47 förslaget
1424 1785 65 36 det
1516 1798 50 23 nu
1570 1784 244 46 ifrågasatta
1838 1785 167 45 nybygg-

380 1837 282 46 nadsföretaget
701 1838 121 36 skulle
865 1837 179 44 medföra,
1072 1837 98 36 hava
1197 1836 33 46 ej
1259 1837 145 35 kunnat
1432 1835 128 46 undgå
1586 1842 54 29 att
1666 1836 131 45 ingiva
1822 1835 184 36 utskottet

380 1890 129 36 starka
547 1888 301 45 betänkligheter
888 1893 80 31 mot
1002 1887 217 37 detsamma.
1271 1886 73 37 Det
1370 1900 111 32 synes
1509 1887 180 35 utskottet
1717 1885 147 36 mindre
1890 1886 115 46 lämp-

379 1941 71 45 ligt
490 1945 56 31 att
580 1939 66 37 vid
687 1952 46 24 en
772 1939 189 46 tidpunkt,
999 1938 48 36 då
1074 1951 47 23 av
1147 1939 70 35 allt
1243 1943 56 31 att
1325 1937 114 37 döma
1465 1936 451 47 byggnadskostnaderna
1944 1937 59 35 be-

379 1992 106 35 finna
525 1990 57 46 sig
619 1989 50 47 på
702 2003 45 23 en
775 1990 226 46 höjdpunkt,
1028 1988 213 47 igångsätta
1267 1994 53 30 ett
1347 1988 148 46 företag
1522 2001 47 23 av
1596 1987 39 37 så
1662 1986 234 37 omfattande
1921 1999 83 34 pro-

379 2041 195 47 portioner
613 2053 81 23 som
735 2040 63 36 det
836 2053 51 23 nu
923 2039 230 47 ifrågasatta.
1206 2039 191 36 Utskottet
1424 2040 74 35 kan
1527 2038 60 36 för
1612 2038 56 36 sin
1696 2038 63 36 del
1776 2038 89 40 icke
1890 2038 115 45 finna,

380 2097 56 31 att
463 2091 119 47 några
608 2097 120 30 större
755 2091 241 46 olägenheter
1023 2091 121 35 skulle
1170 2103 92 23 vara
1288 2089 178 37 förenade
1491 2089 164 45 därmed,
1673 2094 57 31 att
1747 2088 125 37 denna
1890 2087 115 47 fråga,

381 2155 79 23 som
489 2143 111 45 länge
626 2140 73 38 fått
725 2149 114 28 vänta
865 2141 49 47 på
941 2141 58 36 sin
1026 2142 160 45 lösning,
1213 2141 218 46 ytterligare
1460 2140 202 47 uppskötes
1688 2145 55 31 ett
1771 2140 92 36 eller
1888 2144 118 31 annat

380 2193 42 36 år
461 2193 12 36 i
516 2191 190 38 avvaktan
733 2192 49 47 på
807 2197 56 32 att
889 2191 430 47 byggnadsmarknaden
1348 2192 149 35 komme
1524 2198 56 29 att
1604 2197 37 30 te
1668 2190 57 46 sig
1751 2190 13 35 i
1791 2196 53 30 ett
1870 2189 135 37 fördel-

382 2244 168 46 aktigare
577 2244 82 45 läge
686 2250 47 29 än
761 2256 51 23 nu
841 2250 41 29 är
907 2242 117 37 fallet.
