2218 2618
188 1053 141 24 Räntefria

186 1086 141 25 studielån.

205 1126 117 51 [224.]

170 1756 110 26 Ordbok
299 1759 41 25 för

170 1791 173 27 dövstumma.

196 1834 119 47 [225.]

396 169 59 30 166
918 177 234 31 Stalsutskottets
1175 181 154 29 utlåtande
1352 183 48 28 Nr
1423 184 20 27 8
1466 185 37 28 A.

495 247 190 37 Utskottet
712 250 213 38 hemstället
953 253 136 44 därför,

900 357 56 31 att
983 354 198 50 riksdagen
1210 361 60 32 må
1296 359 58 35 till
1381 362 202 36 understöd
1610 363 40 35 åt
1669 363 244 50 föreningar,
1943 378 77 25 som

799 404 177 35 anordna
1012 407 71 44 god
1118 407 286 38 orkestermusik
1432 410 71 46 för
1543 413 264 46 allmänheten,
1835 419 98 33 samt
1960 418 59 36 till

798 452 214 47 inspektion
1039 467 46 25 av
1112 456 304 48 ifrågavarande
1437 461 253 49 föreningars
1717 465 65 36 och
1809 466 209 38 orkestrars

794 503 233 38 verksamhet
1066 507 126 35 anvisa
1232 512 47 44 på
1319 516 105 30 extra
1451 517 95 31 strat
1573 512 58 37 för
1658 518 41 32 år
1730 517 95 34 1920
1853 522 54 30 ett
1934 516 80 37 för-

796 554 240 48 slagsanslag,
1079 557 120 48 högst,
1242 561 135 41 57,000
1420 562 148 44 kronor,
1610 570 54 30 att
1704 569 90 45 utgå
1821 566 120 37 under
1969 568 45 36 de

794 604 135 35 villkor
969 607 69 35 och
1075 606 289 48 bestämmelser,
1402 611 127 49 Kungl
1570 614 106 48 Maj:t
1703 616 73 36 kan
1803 618 102 35 finna
1932 624 83 43 gott

795 653 191 38 fastställa.

1084 858 210 38 Studielån.

490 950 122 46 230:0)
641 953 137 47 Kungl.
806 954 106 49 Maj:t
940 957 67 35 har
1036 957 191 51 föreslagit
1254 961 198 49 riksdagen
1481 961 137 51 (punkt
1638 965 88 47 224)
1746 973 54 30 att
1819 969 11 34 i
1850 969 160 37 avbidan

384 1002 48 45 på
459 1003 233 47 proposition
720 1005 191 48 angående
939 1008 180 36 räntefria
1147 1010 186 37 studielån
1349 1012 165 37 beräkna
1534 1014 57 36 för
1609 1017 210 37 ändamålet
1837 1022 48 42 på
1904 1026 108 30 extra

383 1055 75 31 stat
485 1051 59 36 för
572 1056 40 32 år
642 1056 96 34 1920
767 1060 53 31 ett
846 1060 379 48 reservationsanslag
1253 1075 44 22 av
1328 1064 161 43 100,000
1513 1066 148 36 kronor.

485 1145 97 43 Över
627 1153 285 49 ifrågavarande
957 1157 279 51 framställning
1280 1163 167 36 kommer
1492 1166 183 36 utskottet
1715 1173 55 30 att
1809 1168 200 39 framdeles

384 1201 119 37 under
543 1204 197 48 riksdagen
781 1207 131 47 avgiva
954 1210 203 45 utlåtande,
1196 1213 114 35 vilket
1346 1214 184 36 utskottet
1558 1216 215 48 härigenom
1803 1220 120 36 skolat
1950 1220 59 37 för

380 1252 198 48 riksdagen

888 1353 158 34 anmäla.

778 1596 833 69 Abnormundervisningen.

479 1754 126 47 231:0)
632 1756 121 37 Sedan
784 1760 95 35 1914
909 1763 58 33 års
995 1773 128 25 senare
1151 1764 152 48 riksdag
1330 1766 58 35 till
1417 1766 206 38 understöd
1651 1768 58 36 för
1736 1772 202 46 utgivande
1958 1787 44 23 av

376 1817 46 23 en
463 1806 143 36 ordbok
647 1807 58 36 för
741 1808 235 38 dövstumma
1003 1812 153 46 beviljat
1183 1819 56 30 ett
1266 1817 128 47 anslag
1421 1830 45 22 av
1495 1820 112 41 5,000
1634 1819 139 37 kronor
1800 1827 54 30 att
1881 1826 47 45 på
1956 1824 46 37 de

375 1862 170 30 närmare
573 1858 145 45 villkor,
748 1859 137 49 Kungl.
913 1861 107 47 Maj:t
1048 1863 124 36 kunde
1199 1865 103 36 finna
1328 1872 82 42 gott
1438 1866 216 47 föreskriva,
1675 1874 91 44 utgå
1785 1873 84 35 med
1892 1876 110 40 1,000

374 1905 138 36 kronor
539 1909 143 47 årligen
711 1909 120 36 under
858 1910 76 36 fem
962 1915 41 32 år
1030 1919 95 29 samt
1152 1914 114 37 därav
1294 1920 46 44 på
1368 1923 106 30 extra
1502 1925 72 30 stat
1601 1919 59 36 för
1686 1926 83 31 vart
1796 1923 69 35 och
1885 1929 53 30 ett
1956 1938 45 23 av

373 1958 89 33 åren
494 1959 109 42 1915,
635 1961 108 42 1917,
776 1962 94 35 1918
900 1962 70 35 och
1002 1964 94 35 1919
1126 1966 163 36 anvisats
1318 1972 53 31 ett
1397 1967 140 50 belopp
1566 1983 44 23 av
1632 1971 111 42 1,000
1763 1973 147 45 kronor,
1931 1975 69 36 har

374 2005 138 49 Kungl.
541 2008 107 47 Maj:t
676 2022 50 23 nu
755 2009 193 50 föreslagit
975 2013 198 49 riksdagen
1201 2015 136 48 (punkt
1366 2019 88 45 225)
1483 2025 55 30 att
1553 2033 45 23 av
1614 2019 253 49 förenämnda,
1883 2025 116 37 redan

371 2056 188 48 beviljade
595 2060 129 47 anslag
760 2063 20 33 å
808 2063 111 42 5,000
947 2063 138 36 kronor
1111 2066 128 36 anvisa
1266 2070 47 45 på
1352 2074 108 31 extra
1496 2075 73 31 stat
1597 2070 58 36 för
1682 2075 40 32 år
1753 2075 96 35 1920
1876 2078 122 34 såsom

372 2110 381 48 reservationsanslag
780 2113 234 36 återstående
1041 2113 176 51 beloppet
1246 2119 110 42 1,009
1384 2119 149 36 kronor.

474 2208 191 37 Utskottet
693 2211 226 46 hemställer,
