2214 2671
426 219 40 31 10
808 218 401 33 Konstitutionsutskottets
1240 217 167 33 Utlåtande
1430 217 61 33 N:o
1514 218 30 31 4.

379 300 139 49 högsta
546 298 150 38 tillåtna
726 299 142 37 antalet
897 297 187 39 ordinarie
1112 298 208 38 ledamöter
1348 298 116 37 borde
1493 298 196 37 nedsättas
1717 298 59 37 till
1803 298 170 37 aderton.

378 353 84 36 Den
490 351 219 38 nuvarande
738 351 295 38 bestämmelsen
1061 356 70 45 gör
1161 351 95 38 dock
1275 351 118 50 ingen
1413 351 117 38 skada
1550 351 69 37 och
1638 351 73 37 kan
1727 352 44 49 ju
1790 351 186 50 möjligen

379 408 127 46 någon
546 408 106 47 gång
692 405 164 37 behöfva
896 405 198 49 utnyttjas,
1138 405 145 36 oafsedt
1312 418 60 23 om
1400 405 288 36 bestämmelser
1715 404 160 37 rörande
1903 404 73 36 till-

377 458 230 41 förordnade
635 457 206 38 ledamöter
868 457 151 37 komma
1047 457 58 37 till
1133 457 144 37 stånd.»

506 670 241 47 Konungens
789 669 185 35 domsrätt
1016 672 41 31 är
1092 666 123 49 enligt
1243 666 21 49 &
1295 668 44 34 17
1370 666 352 49 regeringsformen
1750 666 225 49 uppdragen

376 725 39 32 åt
455 722 238 47 Konungens
735 720 140 48 högsta
916 719 173 36 domstol.
1152 718 277 36 Ledamöterna
1466 718 13 35 i
1516 718 123 35 denna
1681 718 162 36 domstol
1884 731 90 22 voro

376 773 165 37 alltifrån
583 772 236 37 densammas
860 771 216 37 inrättande
1119 773 41 34 år
1191 771 95 36 1789
1316 769 99 38 intill
1445 772 96 35 1861
1572 772 60 35 års
1663 770 134 50 början
1824 769 58 38 till
1911 783 63 23 an-

374 827 95 36 talet
509 825 74 37 tolf
622 825 71 37 och
735 825 212 36 domstolen
989 823 177 37 arbetade
1208 823 120 36 under
1369 824 124 35 denna
1533 823 54 36 tid
1617 826 45 46 på
1691 836 47 23 en
1767 823 205 49 afdelning.

374 879 73 36 Det
488 891 81 23 mer
610 877 69 37 och
721 890 81 24 mer
843 876 173 37 växande
1054 875 142 37 antalet
1224 874 247 38 balanserade
1498 875 77 37 mål
1603 876 72 36 och
1703 875 167 37 ärenden
1897 876 76 36 för-

374 931 159 37 anledde
575 929 211 38 emellertid
829 943 45 23 en
915 929 64 37 vid
1020 928 207 49 riksdagen
1257 929 254 36 1859—1860
1539 927 174 38 beslutad
1741 927 232 50 grundlags-

374 983 175 49 ändring,
591 982 252 49 hvarigenom
871 981 11 36 1
912 981 248 37 förenämnda
1186 981 185 48 paragraf
1395 980 169 37 infördes
1594 981 71 36 den
1694 980 279 48 bestämmelse,

375 1041 55 32 att
468 1036 140 49 högsta
636 1034 214 37 domstolen
878 1034 121 37 skulle
1028 1033 107 37 bestå
1164 1033 42 36 af
1228 1032 117 38 minst
1372 1033 80 47 tolf,
1482 1033 116 48 högst
1626 1033 158 37 aderton
1809 1032 164 49 justitie-

373 1089 68 36 råd
470 1092 101 33 samt
600 1092 54 32 att
682 1087 110 37 deras
822 1087 103 36 antal
953 1087 32 48 ej
1015 1086 104 48 finge
1147 1086 91 36 ökas
1265 1085 149 37 utöfver
1448 1085 79 48 tolf,
1548 1085 132 37 såvida
1700 1086 33 49 ej
1755 1085 218 49 Konungen

373 1142 71 36 och
470 1141 161 37 Riksens
661 1139 162 38 Ständer
851 1139 12 36 i
891 1139 73 36 den
993 1138 175 49 ordning,
1199 1137 21 50 $
1250 1140 47 35 87
1319 1137 351 50 regeringsformen
1690 1137 196 50 stadgade,
1908 1137 63 37 be-

373 1193 108 47 slöte,
525 1197 55 32 att
618 1192 141 48 högsta
803 1190 212 37 domstolen
1057 1190 121 36 skulle
1207 1191 128 35 arbeta
1363 1193 48 46 på
1441 1190 251 48 afdelningar.
1749 1189 148 37 Genom
1926 1203 47 23 en

373 1246 73 36 den
489 1247 46 34 23
574 1244 160 37 oktober
766 1245 96 35 1860
890 1242 178 37 utfärdad
1097 1242 136 48 stadga
1261 1242 217 48 föreskrefs,
1510 1247 54 31 att
1592 1242 139 49 högsta
1760 1241 212 38 domstolen

373 1296 131 49 skulle,
533 1296 100 37 intill
662 1296 84 37 dess
776 1295 220 38 annorledes
1023 1294 259 48 förordnades,
1313 1295 129 37 arbeta
1471 1297 47 47 på
1547 1297 65 34 två
1643 1294 239 49 afdelningar
1902 1295 70 36 och

372 1355 157 44 utgöras
559 1350 41 35 af
624 1354 135 31 sexton
782 1347 228 50 justitieråd.
1066 1347 236 49 Härigenom
1331 1347 127 36 kunde
1486 1347 96 36 dock
1602 1347 83 36 icke
1705 1346 266 48 förekommas,

373 1407 56 32 att
469 1402 97 37 efter
607 1403 128 47 någon
776 1400 56 39 tid
872 1400 140 49 högsta
1054 1399 232 37 domstolens
1323 1399 261 37 arbetsbalans
1613 1402 81 34 åter
1723 1397 152 50 började
1905 1412 65 23 an-

360 1454 154 51 'senligt
555 1454 103 37 ökas.
715 1453 17 36 I
761 1452 175 37 ändamål
977 1457 54 31 att
1073 1452 58 36 för
1159 1451 206 37 framtiden
1393 1451 91 37 råda
1511 1451 67 37 bot
1605 1455 49 46 på
1682 1451 288 49 ifrågavarande

372 1506 331 51 missförhållande
731 1505 143 37 beslöts
903 1507 41 34 år
974 1506 96 34 1897
1101 1504 116 36 sådan
1247 1504 164 49 ändring
1438 1504 13 36 i
1479 1503 20 50 $
1531 1506 45 34 17
1606 1504 362 49 regeringsformen,

372 1564 54 31 att
468 1558 142 37 antalet
651 1558 210 36 ledamöter
887 1556 11 36 i
927 1557 137 47 högsta
1094 1556 213 37 domstolen
1336 1556 120 36 skulle
1484 1561 140 43 utgöra
1653 1557 115 47 högst
1795 1556 173 48 tjuguen.

372 1611 82 37 Den
497 1613 46 34 26
577 1623 101 24 mars
711 1612 95 34 1897
836 1608 220 37 utfärdades
1085 1609 64 47 lag
1178 1609 197 48 angående
1405 1608 137 48 högsta
1571 1608 234 37 domstolens
1833 1608 136 48 tjänst-

371 1663 140 49 göring
550 1665 48 47 på
640 1658 251 52 afdelningar,
933 1660 151 37 hvaruti
1127 1660 217 47 föreskrefs,
1388 1665 54 32 att
1484 1660 225 47 domstolen,
1739 1673 80 23 som
1849 1659 120 36 skulle

369 1720 159 44 utgöras
557 1715 41 35 af
623 1714 158 36 aderton
805 1713 231 49 justitieråd,
1065 1712 13 36 i
1105 1713 104 47 regel
1237 1712 120 37 skulle
1386 1712 132 37 arbeta
1545 1715 48 47 på
1621 1715 66 33 två
1716 1711 251 49 afdelningar,

369 1780 88 23 men
484 1766 131 48 borde,
645 1766 125 36 därest
798 1765 84 36 med
910 1765 150 48 hänsyn
1087 1764 57 36 till
1173 1764 144 37 antalet
1346 1765 40 35 af
1411 1765 46 36 de
1484 1767 48 46 på
1561 1764 87 37 dess
1674 1764 295 48 handläggning

369 1818 190 38 beroende
601 1818 74 36 mål
717 1817 70 37 och
829 1817 166 37 ärenden
1023 1817 135 36 sådant
1186 1817 138 36 funnes
1352 1817 147 48 nödigt,
1528 1816 121 36 under
1677 1829 47 24 en
1751 1815 54 36 tid
1836 1816 40 36 af
1901 1829 67 23 sex

370 1871 143 37 veckor
541 1871 131 36 arbeta
700 1873 48 46 på
776 1875 57 31 tre
863 1869 250 48 afdelningar.

472 1922 223 37 Emellertid
736 1922 70 36 har
839 1922 82 36 icke
949 1921 119 36 heller
1097 1934 139 35 genom
1267 1921 45 36 de
1342 1925 128 33 senast
1497 1920 185 49 vidtagna
1711 1920 256 48 ändringarna

368 1975 13 36 i
408 1975 139 49 högsta
576 1974 231 38 domstolens
837 1973 347 49 sammansättning
1212 1973 70 37 och
1311 1973 202 37 arbetssätt
1534 1972 63 37 det
1618 1972 155 37 därmed
1793 1972 173 50 åsyftade

370 2026 216 38 ändamålet
627 2032 54 31 att
722 2027 195 48 varaktigt
952 2024 212 50 nedbringa
1192 2026 138 48 högsta
1358 2025 231 37 domstolens
1619 2024 260 37 arbetsbalans
1908 2038 57 23 er-

369 2083 114 33 nåtts.
537 2078 98 38 Hela
677 2079 143 36 antalet
856 2077 246 38 balanserade
1143 2078 76 36 mål
1256 2077 70 37 och
1354 2077 177 47 ärenden,
1561 2090 79 24 som
1670 2077 63 36 vid
1776 2079 97 34 1896
1905 2079 60 34 års

369 2132 76 36 slut
473 2132 179 49 utgjorde
684 2132 107 46 1,591
824 2129 69 39 och
919 2130 123 37 under
1068 2129 45 37 de
1134 2129 167 50 följande
1322 2132 89 35 åren
1430 2129 131 37 visade
1581 2132 128 46 någon
1729 2128 235 49 minskning,

368 2183 68 37 har
478 2183 195 49 nämligen
706 2183 213 37 sedermera
947 2186 80 33 åter
1056 2182 110 36 ökats
1194 2182 70 37 och
1292 2182 172 50 uppgick
1491 2181 64 37 vid
1586 2182 115 36 slutet
1731 2181 40 37 af
1795 2184 41 34 år
1866 2182 99 35 1904

368 2236 122 49 enligt
533 2249 46 23 en
620 2235 221 51 preliminär
882 2234 343 48 sammanfattning
1258 2234 41 36 af
1322 2234 469 37 revisionssekreterarnes
1821 2233 144 36 arbets-

367 2288 265 48 redogörelser
658 2288 57 36 till
741 2285 121 50 1,761.
909 2287 16 35 I
945 2287 234 50 sistnämnda
1199 2286 103 36 siffra
1322 2287 92 48 ingå
1434 2286 203 49 oafgjorda
1655 2285 308 46 revisionssaker,

368 2339 130 37 hvilka
525 2340 13 35 i
565 2340 107 49 regel
701 2344 137 44 utgöra
866 2339 73 36 den
967 2343 98 32 mést
1092 2338 245 49 betungande
1366 2338 110 37 delen
1505 2337 41 37 af
1571 2338 140 48 högsta
1731 2337 234 37 domstolens
