2212 2663
395 228 19 31 2
906 219 252 33 Statsutskottets
1179 216 168 33 utlåtande
1369 215 53 32 Nr
1447 217 49 29 82.

397 312 225 40 omnämnda
663 308 169 39 området
874 321 45 23 av
968 306 106 47 förra
1113 300 436 54 skogvaktarebostället
1589 297 230 53 Käpplunda
1859 310 46 23 ar
1952 298 37 46 2,

397 364 345 51 Gransikagården,
770 367 95 32 hava
901 360 83 38 icke
1013 358 181 38 föranlett
1220 359 127 46 någon
1375 355 148 37 erinran
1551 353 84 37 från
1662 352 205 37 utskottets
1897 349 91 37 sida.

499 420 181 36 Däremot
721 428 111 25 anser
865 413 59 49 sig
952 412 186 37 utskottet
1164 410 84 37 icke
1277 409 58 36 för
1362 406 238 38 närvarande
1629 406 128 36 kunna
1797 402 193 49 tillstyrka

397 474 75 38 den
513 472 226 49 ifrågasatta
780 465 282 50 försäljningen
1102 477 46 24 av
1177 463 63 37 det
1268 461 12 37 i
1308 459 291 52 propositionen
1626 457 166 50 angivna
1821 454 169 38 området

397 541 62 23 om
487 525 104 38 cirka
621 525 45 35 13
695 519 197 47 tunnland,
921 518 46 37 då
995 518 104 36 detta
1126 516 12 37 i
1166 514 192 39 anseende
1387 513 55 36 till
1471 512 65 37 sitt
1550 512 86 48 läge
1655 510 99 37 intill
1774 508 217 51 skjutbane-

398 578 172 39 området
610 574 183 51 möjligen
834 571 203 38 framdeles
1079 569 76 36 kan
1195 568 148 37 behöva
1371 572 110 43 tagas
1508 564 12 37 i
1550 563 165 50 anspråk
1744 562 71 37 och
1843 560 151 49 försälj-

397 633 301 48 ningssumman,
727 640 82 24 som
837 626 12 35 i
876 624 142 48 Kungl.
1048 622 127 49 Maj:ts
1203 619 238 51 proposition
1469 617 194 50 upptagits
1691 615 58 37 till
1777 615 114 46 4,010
1906 613 86 36 kro-

399 699 69 23 nor
496 696 88 24 men
613 681 120 47 enligt
761 683 56 33 ett
844 677 158 49 nyligen
1031 674 144 49 avgivit
1194 672 125 38 anbud
1338 672 69 36 bör
1426 670 187 37 beräknas
1632 668 57 37 till
1708 668 113 48 4,755
1839 666 154 46 kronor,

398 737 86 37 icke
513 740 41 32 är
583 737 41 34 så
653 737 91 43 stor,
765 735 56 32 att
850 730 72 36 den
950 728 69 37 bör
1048 727 95 37 hava
1164 724 218 50 avgörande
1401 721 208 51 betydelse.
1664 720 141 36 Därest
1824 718 171 37 området

400 788 122 40 skulle
562 787 153 37 komma
756 788 55 33 att
851 782 199 49 bebyggas
1085 801 46 3 —
1175 791 46 24 en
1258 776 210 50 möjlighet,
1498 788 84 24 som
1609 772 84 38 icke
1722 777 41 32 är
1791 770 205 47 utesluten,

401 857 61 23 om
491 841 64 37 det
582 838 177 49 försäljes
790 859 46 3 —
866 834 126 37 kunde
1019 833 119 36 härav
1165 832 138 48 uppstå
1323 828 257 50 olägenheter.
1637 826 74 36 Det
1731 837 113 37 synes
1866 822 129 38 därför

400 894 201 46 utskottet,
643 904 82 24 som
766 902 60 24 om
858 885 299 49 försiktigheten
1186 882 121 38 skulle
1336 881 123 50 bjuda,
1490 884 56 33 att
1572 877 290 51 ifrågavarande
1890 875 107 37 mark

401 946 211 39 tillsvidare
652 943 83 37 icke
778 945 171 46 avyttras
989 943 90 32 utan
1121 937 12 36 i
1175 935 126 38 stället
1329 939 114 45 göres
1471 929 381 51 inkomstbringande
1880 934 25 30 t.
1937 939 57 25 ex.

401 1012 144 39 genom
571 994 303 48 utarrendering.

507 1049 266 39 Kostnaderna
800 1047 59 36 för
888 1043 250 50 skjutbanans
1168 1039 240 50 anläggning
1435 1038 98 36 hava
1561 1036 204 38 beräknats
1784 1034 57 36 till
1857 1034 143 46 43,100

404 1106 153 36 kronor.
613 1102 73 37 Till
722 1097 240 40 bestridande
991 1109 46 23 av
1066 1094 192 37 desamma
1285 1091 120 48 torde,
1436 1093 125 34 såsom
1590 1088 143 50 Kungl.
1763 1087 109 47 Maj:t
1900 1086 98 36 före-

405 1157 127 50 slagit,
561 1153 206 46 användas,
797 1152 163 36 förutom
989 1147 117 38 redan
1135 1145 215 50 disponibla
1379 1144 138 47 36,000
1546 1143 155 45 kronor,
1730 1138 269 50 försäljnings-

406 1222 172 25 summan
615 1207 59 36 för
703 1205 64 36 det
793 1204 12 35 i
832 1201 292 52 propositionen
1153 1196 229 38 omnämnda
1411 1194 171 37 området
1610 1206 61 23 om
1700 1195 71 45 3,85
1799 1189 204 48 tunnland,

405 1260 195 40 beräknad
628 1259 57 36 till
715 1258 112 47 3,850
856 1255 152 36 kronor.
1063 1242 234 45 Återstoden
1325 1262 47 23 av
1401 1248 63 36 det
1492 1247 59 36 för
1580 1245 246 49 skjutbanans
1843 1243 156 48 anlägg-

405 1315 96 48 ning
528 1310 217 40 beräknade
772 1307 193 50 beloppet,
987 1306 113 46 3,250
1121 1303 152 47 kronor,
1292 1301 108 37 torde
1420 1298 190 38 tillvidare
1629 1298 128 36 kunna
1777 1310 46 23 av
1855 1294 148 49 Kungl.

406 1367 109 49 Maj:t
541 1378 46 24 av
614 1361 245 51 tillgängliga
886 1358 123 37 medel
1037 1356 217 48 förskjutas.

510 1418 54 37 På
592 1415 124 51 grund
745 1428 47 23 av
821 1411 74 39 vad
923 1409 155 39 sålunda
1107 1408 147 37 anförts
1282 1406 58 36 får
1368 1404 188 37 utskottet
1584 1400 210 48 hemställa,

911 1519 55 31 att
995 1511 219 49 Riksdagen
1243 1512 60 34 må

911 1566 34 49 a)
975 1564 189 49 medgiva,
1189 1567 55 32 att
1272 1562 73 36 den
1373 1564 129 32 väster
1531 1572 60 23 om
1618 1562 129 44 vägen
1774 1554 230 50 Käpplunda

809 1618 204 38 —Skövde
1041 1616 174 48 belägna,
1246 1617 69 45 3,85
1343 1611 184 38 tunnland
1556 1609 234 38 omfattande
1819 1608 110 36 delen
1959 1620 46 23 av

810 1672 65 37 det
901 1670 58 37 till
995 1668 271 37 lantförsvaret
1294 1664 120 50 enligt
1440 1663 241 49 Riksdagens
1710 1659 254 50 medgivande
1992 1658 13 36 i

811 1723 185 38 skrivelse
1025 1721 73 37 den
1129 1722 45 35 10
1204 1718 96 50 april
1330 1719 95 36 1907
1457 1715 58 50 (nr
1537 1715 60 49 70)
1619 1712 266 40 överlämnade
1902 1710 105 38 hem-

811 1777 130 37 skiftet
970 1788 46 23 av
1044 1774 101 36 förra
1174 1767 439 53 skogvaktarebostället
1642 1765 226 50 Käpplunda
1896 1778 45 22 nr
1971 1766 32 40 2,

812 1825 349 50 Gransikagården,
1202 1824 13 36 i
1244 1822 152 38 Skövde
1430 1821 143 36 socken
1603 1833 45 23 av
1677 1817 239 48 Skaraborgs
1944 1816 63 35 län

812 1884 60 33 må
912 1880 147 36 kronan
1104 1876 196 37 anhändas
1342 1879 77 31 mot
1461 1886 47 24 en
1549 1871 225 48 ersättning,
1811 1867 197 39 beräknad

813 1933 96 37 efter
941 1932 109 47 1,000
1079 1929 142 36 kronor
1249 1928 59 36 för
1335 1925 203 45 tunnland;

916 1983 34 48 b)
980 1982 148 38 besluta
1160 1985 55 32 att
1242 1980 84 36 icke
1356 1979 58 36 för
1441 1975 238 39 närvarande
1707 1973 128 38 bifalla
1863 1971 143 49 Kungl.

812 2036 127 48 Maj:ts
982 2034 148 48 förslag
1171 2046 61 23 om
1273 2030 230 49 försäljning
1538 2042 45 23 av
1613 2027 63 37 det
1704 2027 12 36 i
1745 2023 264 39 ovannämnda

811 2087 241 51 proposition
1078 2085 172 46 berörda,
1281 2083 177 48 omkring
1488 2084 45 33 13
1562 2079 185 37 tunnland
1775 2072 236 58 omfattande

815 2140 187 45 området;
1033 2143 96 32 samt

919 2192 32 49 c)
981 2190 188 50 medgiva,
1199 2188 79 37 dels
1307 2192 55 33 att
1386 2187 64 36 det
1468 2185 154 49 belopp,
1644 2197 82 23 som
1746 2180 265 39 förstnämnda

816 2245 189 37 områdets
1034 2242 229 48 försäljning
1293 2239 210 48 inbringar,
1541 2240 61 34 må
1634 2237 119 49 jämte
1791 2234 118 37 redan
1936 2232 75 37 till-

817 2297 186 50 gängliga
1044 2294 134 47 medel,
1223 2293 137 47 36,000
1401 2292 152 45 kronor,
1583 2294 110 44 tagas
1721 2288 13 36 i
1761 2285 164 51 anspråk
1952 2285 65 36 för
