1876 2780
288 191 42 28 66
649 188 297 34 Statsutskottets
967 189 182 34 utlåtande
1171 202 40 20 nr
1228 193 22 30 8
1269 191 39 32 år
1326 192 88 32 1957

934 269 198 34 Motioner

339 355 17 33 I
375 356 217 34 motionerna
607 357 31 32 I:
651 359 68 32 276
734 358 66 33 och
816 358 51 33 II:
879 360 66 31 307
962 359 64 33 har
1043 358 134 34 anförts
1194 359 108 34 bland
1319 365 109 28 annat
1446 359 165 42 följande.

340 411 69 33 Det
428 414 37 30 är
482 412 200 42 uppenbart
699 417 56 29 att
771 413 72 42 just
863 414 242 42 ungdomarna
1122 417 83 31 över
1224 418 41 30 16
1285 415 48 40 år,
1350 415 11 33 i
1379 415 67 33 den
1463 416 82 32 mån
1564 415 42 33 de
1624 416 75 33 icke
1717 417 61 40 går

292 455 114 34 direkt
433 461 40 28 ut
499 457 11 32 i
537 457 294 40 förvärvsarbete,
858 458 135 34 medför
1020 459 202 42 betydande
1250 460 191 33 kostnader
1468 459 54 34 för
1548 459 230 40 föräldrarna,

293 501 190 33 kostnader
500 514 75 21 som
593 502 191 42 överstiger
802 503 67 33 vad
890 503 191 42 utgifterna
1099 504 66 33 blir
1182 503 54 34 för
1253 504 132 34 barnen
1404 504 9 33 i
1432 504 42 33 de
1492 505 93 41 lägre
1604 505 174 33 åldrarna.

292 545 204 34 Emellertid
514 546 126 42 bjuder
656 547 59 33 det
733 547 109 43 enligt
859 548 62 33 vår
937 548 142 42 mening
1095 553 95 29 emot
1208 554 56 28 att
1282 549 147 42 utvidga
1448 549 329 42 bidragsgivningen

293 590 52 33 till
367 602 69 30 nya
458 591 196 43 kategorier
676 592 65 33 och
764 604 71 30 nya
858 592 164 34 ändamål
1045 593 108 33 innan
1176 606 83 21 man
1282 594 129 33 hunnit
1434 594 38 33 så
1494 594 98 41 långt
1616 599 55 29 att
1693 607 83 21 man

292 635 138 33 kunnat
451 636 179 33 återställa
653 636 107 34 redan
783 637 106 33 sedan
913 638 111 32 åratal
1047 638 175 41 utgående
1245 638 123 42 bidrag
1390 638 51 33 till
1464 638 101 34 deras
1586 639 191 34 realvärde.

292 679 69 33 För
383 684 62 29 vår
467 680 55 33 del
545 693 100 21 anser
667 681 36 33 vi
726 686 55 28 att
804 694 83 20 man
892 675 21 54 i
943 682 118 33 stället
1083 682 53 33 för
1160 687 54 29 att
1238 683 10 32 i
1272 683 100 33 detta
1396 683 256 42 sammanhang
1673 696 41 29 ge
1736 688 41 28 ut

291 724 174 33 kontanta
484 725 124 43 bidrag
625 725 64 33 bör
705 725 203 42 genomföra
927 726 133 34 sådana
1078 726 166 34 reformer
1261 728 48 41 på
1326 727 289 42 beskattningens
1634 728 143 33 område

292 773 55 28 att
367 768 181 43 möjlighet
569 770 141 33 beredes
730 770 218 34 föräldrarna
968 776 55 28 att
1042 774 84 39 göra
1146 771 133 42 avdrag
1299 771 54 34 för
1371 771 193 42 periodiskt
1584 772 192 33 understöd

293 816 89 30 även
400 813 9 33 i
426 814 133 33 sådana
576 814 59 33 fall
653 814 46 34 då
715 815 101 33 detta
833 827 43 21 av
893 820 223 37 mottagaren
1133 816 181 33 användes
1331 815 54 34 för
1402 821 54 28 att
1474 816 155 34 bestrida
1647 817 130 33 studie-

291 857 190 34 kostnader
506 858 125 34 liksom
656 859 212 33 studerande
894 864 53 29 att
974 859 89 34 efter
1088 860 126 42 avlagd
1240 872 146 22 examen
1413 860 34 34 få
1474 861 224 42 avdragsrätt
1724 861 54 33 för

293 903 252 42 amorteringar
564 904 20 33 å
603 903 317 34 studiekostnader.

338 959 66 33 Till
429 960 80 32 stöd
534 960 54 33 för
611 960 42 33 de
678 961 9 32 i
710 961 221 33 motionerna
955 961 112 34 I:359
1092 962 65 33 och
1180 962 52 33 II:
1245 964 79 38 445,
1349 963 109 33 såvitt
1483 964 63 33 här
1571 967 37 30 är
1632 965 9 32 i
1667 964 110 42 fråga,

291 1016 124 41 gjorda
429 1017 206 42 yrkandena
649 1018 63 33 har
727 1018 135 34 anförts
877 1019 106 34 bland
1000 1025 109 29 annat
1124 1020 167 42 följande.

337 1073 79 34 Den
442 1086 127 30 genom
595 1076 114 33 beslut
737 1089 45 20 av
812 1080 85 30 1946
925 1078 54 34 års
1007 1077 142 43 riksdag
1174 1078 140 34 införda
1341 1078 260 43 studiehjälpen
1628 1079 59 34 vid
1716 1080 60 33 all-

291 1121 129 31 männa
436 1120 161 33 läroverk
612 1120 63 34 har
690 1120 72 34 fått
778 1127 73 27 stor
866 1122 178 42 betydelse
1061 1123 140 33 särskilt
1216 1122 55 34 för
1287 1128 54 28 att
1359 1123 417 42 landsbygdsungdomen

291 1163 87 33 skall
397 1163 35 34 få
450 1165 81 33 med
551 1165 183 33 städernas
753 1166 155 42 ungdom
926 1178 74 22 mer
1018 1166 196 43 likvärdiga
1233 1167 222 42 möjligheter
1474 1168 52 33 till
1546 1168 143 34 studier.

335 1208 125 33 Redan
484 1220 48 21 nu
557 1209 124 39 måste,
706 1210 116 33 såsom
848 1215 117 29 senast
988 1211 159 42 påvisats
1172 1223 45 21 av
1245 1215 87 30 1956
1359 1213 54 32 års
1439 1212 337 42 familjeberedning,

291 1252 67 32 den
377 1253 175 41 utgående
570 1253 260 43 studiehjälpen
850 1266 98 22 anses
968 1254 54 34 för
1040 1258 104 30 snävt
1164 1256 181 33 beräknad
1364 1257 80 33 med
1464 1257 136 42 hänsyn
1621 1258 52 33 till
1693 1270 82 29 pen-

289 1296 449 44 ningvärdeförsämringen
771 1299 65 33 och
868 1298 235 35 föräldrarnas
1136 1299 352 43 försörjningsbörda.
1521 1301 256 42 Studiehjälps-

290 1341 293 43 myndigheterna
600 1343 63 32 har
679 1343 108 33 också
803 1343 182 42 påfordrat
1003 1356 43 21 en
1064 1344 146 42 höjning
1227 1356 46 21 av
1291 1344 123 43 bidrag
1431 1346 64 33 och
1514 1346 200 41 stipendier.

337 1386 41 33 Vi
400 1387 94 33 delar
515 1386 388 44 familjeberedningens
924 1400 65 30 syn
1010 1389 47 41 på
1077 1388 153 34 behovet
1251 1401 46 21 av
1319 1394 53 28 att
1395 1394 116 29 staten
1533 1390 10 33 i
1564 1391 104 41 högre
1690 1391 85 42 grad

290 1434 45 29 än
355 1431 124 33 hittills
500 1432 155 33 avlastar
673 1432 217 41 familjernas
909 1433 191 33 kostnader
1119 1433 54 33 för
1192 1433 151 34 barnens
1364 1434 168 34 fortsatta
1551 1436 143 34 studier.
1715 1435 61 34 Så-

290 1488 75 20 som
390 1479 84 30 1954
499 1484 55 25 års
577 1476 324 43 familjeutredning
922 1477 192 34 framhållit
1137 1478 64 33 har
1223 1478 68 33 den
1314 1479 191 41 utvidgade
1530 1480 211 41 skolplikten
1766 1480 7 33 i

290 1519 158 44 förening
468 1521 81 33 med
571 1521 68 33 den
661 1520 163 43 frivilliga
846 1521 196 43 stegringen
1064 1522 10 33 i
1096 1522 213 42 efterfrågan
1331 1524 45 41 på
1399 1523 104 42 högre
1526 1524 133 33 studier
1679 1525 96 33 med-

290 1565 71 32 fört
389 1565 91 33 ökad
510 1566 206 33 ekonomisk
745 1566 198 42 belastning
970 1568 47 41 på
1047 1566 288 43 barnfamiljerna
1364 1568 10 32 i
1404 1568 216 34 förhållande
1651 1570 51 33 till
1733 1570 42 33 de

289 1609 173 34 barnlösa.
486 1609 67 34 Vid
576 1609 199 42 jämförelse
799 1611 126 33 mellan
949 1611 152 42 familjer
1122 1612 80 33 med
1227 1612 212 34 studerande
1464 1613 87 33 barn
1574 1614 65 33 och
1663 1613 111 34 famil-

289 1653 53 41 jer
360 1655 78 33 med
459 1654 355 34 förvärvsarbetande
835 1656 85 32 harn
940 1656 10 32 i
971 1668 135 21 samma
1126 1656 95 33 ålder
1241 1656 67 34 blir
1326 1657 194 33 skillnaden
1540 1658 10 32 i
1571 1658 98 33 detta
1690 1659 85 33 hän-

289 1699 125 33 seende
442 1702 94 30 ännu
564 1700 215 42 påtagligare
807 1712 124 29 genom
959 1701 42 32 de
1029 1705 137 29 senaste
1194 1702 100 32 årens
1322 1701 220 34 förbättrade
1570 1703 205 33 lönevillkor

289 1744 55 32 för
370 1744 65 32 den
464 1744 225 42 ungdomliga
717 1744 259 34 arbetskraften
1003 1745 66 33 och
1097 1745 131 33 dennas
1257 1746 110 32 därav
1395 1746 111 33 ökade
1535 1747 157 41 förmåga
1721 1752 52 28 att

290 1788 99 33 bidra
405 1788 50 33 till
474 1788 354 42 familjeekonomien.

335 1833 55 32 Av
417 1833 388 43 familjeberedningens
832 1844 147 33 propåer
1006 1836 52 33 (till
1085 1836 171 42 generella
1284 1837 163 41 åtgärder
1474 1838 53 32 för
1555 1843 54 28 att
1636 1838 138 33 effekti-

290 1878 110 32 visera
425 1878 259 42 studiehjälpen
710 1891 103 30 synes
840 1880 65 32 den
932 1892 85 21 vara
1042 1893 45 20 av
1113 1884 130 30 största
1270 1881 179 42 betydelse
1475 1894 74 22 som
1575 1895 100 21 avser
1699 1883 76 33 icke

290 1922 289 43 behovsprövade
598 1924 306 42 grundstipendier
922 1925 51 33 till
994 1925 68 33 alla
1081 1926 112 32 elever
1212 1926 9 33 i
1242 1926 120 33 åldern
1383 1930 131 30 16—18
1535 1928 37 33 år
1591 1928 9 33 i
1621 1928 41 33 de
1682 1928 92 33 olika

289 1968 116 32 skolor
429 1968 65 33 och
521 1968 400 42 utbildningsanstalter,
948 1969 59 34 vid
1035 1970 95 33 vilka
1157 1970 191 42 stipendier
1374 1984 47 21 nu
1448 1973 70 32 kan
1546 1973 158 33 erhållas.
1731 1973 43 32 Vi

289 2013 155 33 ansluter
460 2025 55 21 oss
533 2013 118 33 därför
667 2014 52 33 till
737 2013 61 34 det
815 2026 44 21 av
876 2014 405 34 ecklesiastikministern
1299 2015 194 43 framlagda
1511 2017 165 42 förslaget
1693 2029 79 21 men

290 2057 59 33 vill
367 2057 138 34 förorda
526 2063 55 28 att
600 2058 95 33 tiden
715 2058 53 34 för
787 2059 245 33 utbetalandet
1053 2071 45 21 av
1117 2060 100 33 dessa
1236 2061 191 41 stipendier
1445 2062 197 33 utsträckes
1662 2075 38 20 så
1720 2067 52 28 att

290 2102 42 32 de
348 2102 9 32 i
374 2102 95 42 varje
486 2103 139 33 särskilt
641 2103 59 33 fall
716 2104 159 33 kommer
891 2109 52 28 att
960 2105 86 40 utgå
1062 2104 52 33 till
1130 2105 64 33 och
1210 2105 81 33 med
1308 2107 176 40 utgången
1502 2119 45 21 av
1563 2107 66 33 den
1646 2107 126 33 termin

291 2147 109 33 under
416 2148 116 32 vilken
549 2148 262 33 vederbörande
827 2148 100 43 fyller
944 2152 41 30 18
1003 2156 47 26 år.

334 2192 120 34 Såsom
481 2206 93 20 ovan
601 2198 139 38 antytts
768 2206 100 21 anser
893 2194 34 33 vi
954 2195 67 33 den
1047 2196 205 34 nuvarande
1280 2195 260 42 studiehjälpen
1567 2196 208 41 otillräcklig

288 2237 54 33 för
365 2238 112 33 elever
500 2238 59 33 vid
584 2239 231 41 yrkesskolor,
840 2240 170 39 läroverk,
1035 2239 261 42 folkhögskolor
1320 2252 46 22 m.
1391 2240 35 33 fl.
1452 2241 245 33 läroanstalter
1721 2241 51 32 till

289 2282 94 33 vilka
408 2282 191 42 stipendier
623 2283 64 33 och
712 2283 241 43 studiebidrag
977 2289 105 37 utgår
1105 2284 88 33 efter
1218 2285 9 32 i
1253 2285 136 41 princip
1414 2285 172 33 likartade
1611 2286 118 41 regler.
1756 2285 17 32 1

288 2326 109 33 första
419 2327 94 33 hand
535 2328 112 32 måste
668 2340 42 21 en
731 2328 224 42 uppräkning
974 2329 145 32 komma
1138 2328 53 34 till
1212 2329 106 33 stånd
1339 2330 45 41 på
1405 2330 112 41 grund
1540 2342 44 21 av
1605 2330 169 42 penning-

287 2371 373 43 värdeförsämringen.
679 2372 88 33 Men
787 2372 116 34 därtill
922 2373 63 32 bör
1003 2373 203 42 ytterligare
1225 2373 187 43 höjningar
1431 2377 203 39 övervägas.
1654 2375 55 32 De
1729 2387 45 20 av

287 2416 528 43 studiehjälpsmyndigheterna
846 2417 195 42 föreslagna
1070 2417 235 43 höjningarna
1335 2431 44 21 av
1410 2419 186 41 stipendie-
1627 2419 65 33 och
1723 2419 51 33 bi-

287 2460 277 43 dragsbeloppen
588 2462 79 33 med
691 2462 10 33 i
724 2467 83 28 runt
832 2463 48 32 tal
905 2465 42 30 20
970 2467 147 37 procent
1139 2463 113 33 måste
1277 2463 124 34 därvid
1427 2463 180 33 betraktas
1632 2475 74 21 som
1730 2475 43 21 en

287 2505 273 42 minimiatgärd.
583 2506 398 42 Departementschefen
1003 2507 65 33 har
1088 2507 105 33 också
1215 2508 148 32 anslutit
1385 2507 51 42 sig
1456 2507 116 33 härtill
1596 2507 9 33 i
1627 2507 147 42 princip.
