1872 2780
455 175 299 37 Statsutskottets
772 169 185 36 utlåtande
978 181 40 21 nr
1035 170 22 31 8
1076 168 38 32 år
1133 166 89 32 1957
1544 161 41 30 57

101 262 184 36 förordade
303 260 155 35 ändrade
477 256 151 45 grunder
645 255 54 33 för
717 250 272 42 studiehjälpen,
1008 248 73 33 dels
1099 246 65 34 ock
1182 245 52 33 till
1254 241 249 40 Studiebidrag
1521 238 63 34 och

102 315 190 45 stipendier
314 314 52 34 för
387 312 211 42 budgetåret
623 307 156 42 1957/58
803 304 121 34 anvisa
948 307 52 29 ett
1025 298 268 43 förslagsanslag
1315 308 44 21 av
1382 298 44 30 49
1440 296 67 30 250
1522 295 66 30 000

104 372 137 33 kronor.

150 481 17 32 I
188 480 99 34 detta
309 476 255 41 sammanhang
584 474 63 33 har
669 471 177 34 utskottet
867 468 53 33 till
941 464 215 41 behandling
1177 459 152 36 förehaft

151 535 74 33 dels
241 533 64 33 två
320 528 226 45 likalydande
562 525 185 39 motioner,
764 522 131 35 väckta
912 521 68 33 den
998 530 67 22 ena
1081 517 96 33 inom
1195 515 111 34 första
1321 513 206 34 kammaren
1547 520 44 22 av

106 588 118 33 herrar
285 583 235 36 Mannerskantz
537 581 65 34 och
618 580 146 40 Ragnar
779 575 113 42 Bergh
914 574 44 42 (1:
974 573 80 41 276)
1075 570 66 35 och
1157 569 67 34 den
1242 567 109 34 andra
1368 565 96 34 inom
1483 562 110 35 andra

107 642 205 33 kammaren
329 650 45 21 av
390 638 79 33 herr
484 636 177 33 Svensson
676 632 10 33 i
703 630 201 41 Krokstorp
925 627 64 42 (II:
1004 626 96 40 307),
1116 624 11 33 i
1144 623 96 33 vilka
1256 619 210 38 hemställts,
1484 616 109 35 såvitt

108 696 64 32 här
186 697 38 31 är
237 694 10 32 i
262 693 108 41 fråga,
385 696 55 28 att
455 689 185 41 riksdagen
655 685 60 34 vid
730 681 259 42 behandlingen
1004 691 46 22 av
1064 678 160 43 punkten
1238 678 66 30 223
1320 673 111 34 under
1446 669 148 36 åttonde

109 746 227 36 huvudtiteln
358 745 113 33 måtte
495 742 98 34 avslå
614 739 132 42 Kungl.
769 735 128 43 Maj:ts
920 734 130 41 förslag
1072 730 110 35 såvitt
1205 740 100 23 avser
1327 724 201 36 införandet
1552 735 45 21 av

110 799 315 46 grundstipendier,
462 801 93 29 samt
591 795 53 33 till
681 790 249 41 Studiebidrag
966 787 67 34 och
1071 783 190 45 stipendier
1296 781 55 34 för
1386 779 210 41 budgetåret

114 855 156 43 1957/58
288 852 123 35 anvisa
429 856 53 29 ett
500 847 270 44 förslagsanslag
788 857 44 21 av
850 847 44 29 40
908 846 67 30 250
990 844 65 30 000
1074 840 140 37 kronor;

158 910 73 33 dels
247 909 63 33 två
326 904 226 44 likalydande
570 902 185 37 motioner,
772 898 130 34 väckta
920 897 68 33 den
1006 906 67 22 ena
1089 893 95 34 inom
1203 891 111 33 första
1329 889 206 33 kammaren
1554 896 44 21 av

114 964 54 33 fru
187 962 116 35 Gärde
322 960 177 34 Widemar
514 970 47 23 m.
578 957 37 41 fl.
635 955 44 43 (I:
694 954 81 41 359)
795 952 66 34 och
878 951 68 33 den
964 948 110 34 andra
1091 947 95 33 inom
1204 943 109 35 andra
1330 943 206 33 kammaren
1555 950 44 21 av

115 1018 78 33 herr
209 1015 114 35 Helén
339 1027 47 21 m.
403 1014 37 41 fl.
462 1011 63 43 (II:
540 1010 95 41 445),
652 1009 10 33 i
680 1007 96 34 vilka
793 1004 210 38 hemställts,
1022 1000 110 35 såvitt
1149 999 64 33 här
1231 1001 37 30 är
1285 997 11 32 i
1314 996 110 41 fråga,
1442 997 55 30 att
1515 992 80 33 riks-

116 1072 111 41 dagen
245 1070 112 33 måtte

161 1127 73 33 dels
257 1125 189 44 godkänna
470 1135 45 20 av
538 1119 132 43 Kungl.
694 1116 111 42 Maj:t
830 1113 185 36 förordade
1041 1109 154 36 ändrade
1220 1106 150 45 grunder
1395 1105 53 33 för
1474 1102 129 34 studie-

118 1182 143 42 hjälpen
275 1179 80 34 med
370 1179 69 33 den
453 1177 11 33 i
478 1175 181 35 motionen
673 1170 185 36 förordade
874 1167 194 42 ändringen
1082 1165 12 33 i
1108 1164 99 41 fråga
1222 1174 58 22 om
1295 1161 67 33 den
1378 1162 82 30 övre
1477 1156 127 34 ålders-

120 1238 147 41 gränsen
281 1233 54 34 för
349 1230 201 36 erhållande
566 1240 44 22 av
625 1218 343 56 grundstipendium,

166 1289 73 33 dels
257 1288 65 33 ock
341 1286 10 33 i
371 1284 165 35 skrivelse
556 1282 53 34 till
628 1280 132 42 Kungl.
779 1276 110 42 Maj:t
911 1274 141 35 anhålla
1070 1284 58 22 om
1148 1283 42 21 en
1211 1273 149 37 översyn
1381 1278 45 22 av
1445 1262 161 44 gällande

120 1344 107 42 regler
246 1342 53 33 för
318 1340 148 34 behovs-
485 1338 65 33 och
571 1328 561 47 studielämplighetsprövningen
1153 1325 10 33 i
1184 1321 172 36 samband
1376 1319 81 34 med
1478 1318 130 41 stipen-

121 1397 188 41 dieringen;

168 1451 74 34 dels
258 1449 65 34 ock
340 1460 42 21 en
399 1447 96 33 inom
514 1444 111 34 andra
641 1442 206 33 kammaren
865 1449 45 21 av
928 1436 78 33 herr
1025 1432 109 42 Onsjö
1153 1431 107 33 väckt
1278 1427 136 35 motion
1435 1425 64 42 (II:
1514 1423 96 39 442),

123 1504 75 34 vari
221 1501 210 38 hemställts,
456 1502 54 30 att
535 1495 186 42 riksdagen
746 1492 59 34 vid
831 1488 214 41 behandling
1070 1498 44 21 av
1140 1473 471 54 statsverkspropositionen,

127 1557 146 35 åttonde
288 1552 240 39 huvudtiteln,
544 1549 116 44 punkt
677 1550 78 36 223,
770 1545 80 35 med
868 1543 121 41 avslag
1006 1541 21 33 å
1042 1538 132 42 Kungl.
1190 1535 128 42 Maj:ts
1335 1533 130 40 förslag
1481 1528 131 36 beträf-

126 1611 105 34 fande
251 1607 183 36 införande
455 1618 44 21 av
519 1602 171 45 generella
710 1595 306 48 grundstipendier
1036 1593 112 34 måtte
1169 1590 138 34 besluta
1327 1592 55 29 att
1401 1586 53 33 till
1475 1582 138 36 Studie-

127 1665 124 42 bidrag
269 1662 64 35 och
354 1658 190 45 stipendier
563 1657 53 33 för
635 1653 211 43 budgetåret
867 1648 157 43 1957/58
1045 1645 122 35 anvisa
1186 1647 43 30 46
1244 1645 65 31 500
1324 1644 66 30 000
1410 1640 128 33 kronor
1559 1640 55 29 att

128 1719 201 42 disponeras
359 1716 10 32 i
399 1709 348 39 överensstämmelse
777 1705 79 35 med
887 1703 69 34 vad
989 1695 528 46 studiehjälpsmyndigheterna
1547 1690 69 33 för-

128 1773 113 34 ordat.

174 1822 231 36 Beträffande
429 1817 256 42 motiveringen
710 1815 54 33 för
788 1813 42 33 de
854 1808 209 37 motionsvis
1088 1803 219 37 framställda
1333 1799 205 45 yrkandena
1564 1797 53 33 får

133 1879 177 34 utskottet
325 1896 45 4 —
384 1876 10 32 i
410 1875 67 33 den
494 1873 83 33 mån
592 1868 215 43 redogörelse
822 1864 119 35 härför
957 1862 75 34 icke
1048 1862 136 32 lämnas
1200 1858 10 33 i
1226 1857 60 33 det
1301 1853 156 43 följande
1472 1872 46 4 —
1533 1851 85 33 hän-

135 1932 75 33 visa
227 1931 52 33 till
297 1929 220 33 motionerna
535 1925 29 33 I:
579 1927 78 35 276,
676 1922 48 33 II:
739 1923 66 30 445
824 1918 64 34 och
908 1917 49 32 IT:
972 1918 78 30 442.

181 2031 131 41 Kungl.
334 2027 128 42 Maj:ts
483 2025 129 41 förslag
631 2021 147 35 innebär
799 2018 129 43 vidgad
950 2020 74 30 rätt
1045 2016 51 33 till
1119 2012 214 42 studiehjälp
1355 2011 78 33 från
1455 2009 65 34 och
1542 2007 80 34 med

135 2088 102 30 nästa
267 2082 173 42 budgetår
469 2079 53 33 för
551 2075 242 36 icke-svenska
822 2073 124 38 elever,
975 2067 304 41 kostnadsökning
1307 2068 66 30 400
1388 2067 67 30 000
1484 2063 140 36 kronor,

137 2137 183 35 införande
340 2135 77 33 från
439 2133 65 33 och
524 2131 80 34 med
626 2130 66 33 den
715 2132 14 28 1
753 2125 138 44 januari
914 2127 88 30 1958
1024 2135 44 20 av
1089 2122 75 33 icke
1184 2116 291 44 behovsprövade
1497 2114 127 43 grund-

138 2190 200 43 stipendier,
363 2182 305 42 kostnadsökning
693 2186 19 29 9
739 2179 159 42 miljoner
922 2179 141 36 kronor,
1089 2179 92 28 samt
1207 2170 223 44 uppräkning
1456 2169 77 33 från
1559 2167 63 33 och

140 2245 78 33 med
241 2244 65 32 den
331 2245 14 29 1
369 2239 138 43 januari
531 2240 87 30 1958
639 2248 44 21 av
705 2247 45 20 nu
774 2231 174 43 utgående
970 2227 199 43 stipendie-,
1191 2224 272 40 studiebidrags-
1484 2221 64 33 och
1570 2225 55 28 ut-

141 2292 458 45 bildningsbidragsbelopp,
617 2288 110 34 såvitt
745 2286 105 42 gäller
867 2282 215 35 studietiden
1101 2280 77 33 från
1196 2279 64 33 och
1280 2277 78 33 med
1378 2276 110 32 första
1507 2280 120 27 måna-

142 2352 66 32 den
230 2349 9 33 i
260 2347 178 35 kvartalet
459 2345 88 33 efter
568 2343 71 38 det,
660 2339 175 35 varunder
855 2338 120 32 eleven
997 2336 155 40 uppnått
1175 2336 41 29 18
1239 2334 54 30 ärs
1315 2329 106 39 ålder,
1442 2326 184 34 kostnads-

144 2403 131 41 ökning
293 2405 13 28 1
326 2404 64 29 370
406 2403 65 29 000
488 2398 138 32 kronor.
644 2393 168 41 Slutligen
831 2391 143 33 föreslås
992 2400 41 21 en
1053 2385 222 44 uppräkning
1292 2383 50 33 till
1362 2381 87 41 följd
1468 2393 44 20 av
1531 2384 99 28 auto-

144 2456 151 34 matiska
314 2449 343 41 kostnadsökningar
673 2446 78 34 med
771 2449 19 29 2
806 2447 63 30 565
886 2447 65 29 000
968 2442 137 33 kronor.
1123 2439 122 32 Totalt
1263 2436 142 33 föreslås
1423 2433 145 34 sålunda
1587 2443 42 21 en

147 2509 144 43 höjning
312 2520 43 21 av
378 2506 154 41 anslaget
556 2502 79 34 med
659 2504 41 29 13
716 2503 64 30 335
796 2502 64 29 000
882 2497 139 33 kronor.

192 2564 54 32 Av
268 2556 383 44 statsrådsprotokollet
678 2554 176 33 inhämtas
875 2549 107 34 bland
1005 2552 107 29 annat
1137 2544 165 42 följande.
