1910 2780
294 151 18 28 4
645 148 106 34 Tredje
773 147 214 34 lagutskottets
1009 145 159 27 utlåtande
1188 153 36 18 nr
1245 145 37 25 22
1303 144 34 26 år
1360 144 75 27 1960

296 237 137 29 mindre
452 237 97 29 skala
567 254 45 3 —
630 236 8 29 i
658 236 77 34 viss,
754 235 78 30 icke
852 234 192 39 oväsenilig
1063 233 244 38 utsträckning
1328 233 140 38 uppläts
1487 232 80 30 med
1587 231 197 39 nyttjande-

295 282 79 29 rätt.
400 281 100 29 Detta
524 284 132 35 system
679 280 96 29 torde
800 288 146 21 numera
971 279 80 29 med
1077 278 145 30 enstaka
1245 278 182 37 undantag
1450 278 45 28 ha
1519 277 165 38 upphört.
1711 276 74 29 Den

296 335 77 20 som
395 326 9 29 i
427 326 130 37 dagens
579 325 76 38 läge
677 324 77 30 med
777 324 154 29 normalt
952 324 70 37 hög
1044 322 317 30 bostadsstandard
1383 322 65 29 och
1470 321 44 29 bl.
1538 330 29 20 a.
1591 321 107 29 därav
1721 320 64 30 föl-

294 369 109 38 jande
430 370 90 38 höga
549 368 375 39 byggnadskostnader
952 367 59 30 vill
1042 367 173 29 investera
1244 366 10 29 i
1283 365 330 39 bostadsbyggande
1642 365 54 29 för
1726 374 59 19 an-

296 414 181 38 vändning
493 413 75 30 året
586 423 57 20 om
661 414 80 28 eller
759 413 8 29 i
785 412 400 39 jordbruksbyggnader
1200 411 128 29 kräver
1345 410 10 30 i
1373 410 192 29 allmänhet
1584 410 68 29 den
1670 409 115 29 säker-

296 459 60 29 het
373 458 56 30 för
444 458 193 30 framtiden
653 467 73 20 som
743 457 207 38 äganderätt
967 456 51 30 till
1035 456 70 30 fast
1122 455 171 39 egendom
1310 454 174 39 erbjuder,
1502 453 172 39 varjämte
1691 453 95 29 detta

296 503 136 37 ägande
455 503 102 37 utgör
581 511 44 20 en
647 501 253 38 förutsättning
923 500 56 30 för
1002 500 224 38 utnyttjande
1251 509 42 20 av
1316 499 219 38 egendomen
1559 507 74 21 som
1657 497 129 30 kredit-

297 547 180 38 underlag.
495 545 96 31 Från
607 545 352 31 tomträttsinstitutet
975 545 72 29 kan
1063 545 10 29 i
1091 545 93 29 detta
1202 544 257 37 sammanhang
1476 543 146 29 bortses.
1641 543 12 28 I
1671 542 115 29 denna

296 591 158 38 riktning
480 591 66 29 har
574 590 246 38 utvecklingen
849 590 107 29 sedan
984 590 102 37 länge
1115 588 84 39 gått;
1229 587 452 40 nyttjanderättsinstitutet
1711 595 75 20 som

297 636 170 37 underlag
491 635 56 29 för
574 645 46 28 ny
645 634 205 39 bebyggelse
876 635 64 28 har
965 643 149 20 numera
1140 633 177 38 betydelse
1343 632 283 38 huvudsakligen
1652 631 9 29 i
1688 629 99 39 fråga

297 689 58 20 om
377 680 330 29 sommarbostäder.
729 679 103 29 Detta
852 679 65 29 har
935 677 154 30 medfört
1110 680 49 26 att
1179 675 427 39 ensittarlagstiftningen,
1629 684 74 20 som
1723 675 65 28 har

298 734 45 19 en
360 724 105 30 social
481 724 196 38 bakgrund,
695 724 69 29 inte
780 741 45 2 —
840 723 80 29 med
935 723 78 28 dess
1030 721 282 30 hittillsvarande
1329 720 90 39 syfte
1434 738 44 3 —
1494 720 99 29 torde
1610 720 44 28 ha
1672 718 115 39 någon

298 769 168 29 funktion
486 768 225 29 beträffande
733 767 222 38 tomtplatser
975 766 56 30 för
1052 766 174 32 bostäder,
1249 774 75 21 som
1347 765 163 38 uppförts
1532 764 112 30 under
1666 772 121 20 senare

298 812 49 30 år.
374 813 48 29 De
446 812 177 30 motioner
647 821 73 20 som
744 812 50 29 tid
819 811 89 29 efter
931 820 120 20 annan
1076 811 120 29 väckts
1221 810 51 29 till
1297 808 142 31 förmån
1463 809 55 29 för
1544 812 48 26 ett
1616 807 172 38 vidgande

298 866 43 20 av
364 855 401 40 tillämpningsområdet
787 856 56 29 för
865 855 251 38 ensittarlagen
1137 856 87 28 även
1247 854 50 29 till
1319 854 73 34 fall,
1414 853 44 30 då
1479 853 125 30 bostad
1626 851 162 40 uppförts

299 901 92 29 efter
410 902 66 29 den
497 903 13 27 1
534 901 140 38 januari
698 901 90 34 1919,
811 901 71 28 kan
902 900 73 29 visa
995 903 50 26 att
1066 898 309 39 bostadsbyggnad
1397 898 55 29 för
1471 897 211 30 helårsbruk
1703 905 85 29 upp-

300 946 91 29 förts
411 944 44 40 på
475 945 69 30 ofri
567 945 112 38 grund
701 945 8 28 i
731 944 138 29 relativt
892 947 70 26 stor
984 943 215 36 omfattning
1220 943 88 28 även
1330 942 42 29 de
1393 942 178 28 närmaste
1594 940 84 30 åren
1700 940 89 29 efter

302 991 93 28 1918.
416 989 114 38 Enligt
549 990 69 28 vad
636 988 374 38 lantmäteristyrelsen
1028 988 65 28 har
1113 987 51 37 sig
1180 987 131 28 bekant
1330 987 39 28 är
1388 986 54 29 det
1463 985 90 29 dock
1574 985 70 29 inte
1664 993 124 20 sanno-

300 1034 65 29 likt
389 1037 48 26 att
462 1033 36 30 så
522 1034 72 29 kan
619 1043 80 19 vara
725 1032 237 30 förhållandet
987 1031 37 30 så
1049 1031 96 38 långt
1170 1031 90 29 fram
1286 1031 9 28 i
1321 1030 96 29 tiden
1442 1039 74 20 som
1543 1030 50 28 till
1619 1030 101 28 slutet
1747 1038 41 19 av

302 1078 192 29 1930-talet.
517 1096 45 2 —
585 1078 12 28 I
621 1078 65 28 vad
709 1076 81 30 mån
814 1080 48 26 ett
885 1076 269 38 framflyttande
1178 1075 9 29 i
1211 1074 251 38 ensittarlagen
1485 1083 41 20 av
1551 1073 150 38 angivna
1727 1072 61 30 tid-

299 1123 115 37 punkt
437 1122 67 29 den
528 1124 13 27 1
568 1121 139 39 januari
734 1122 81 29 1919
839 1121 80 34 kan,
944 1130 75 20 som
1043 1120 264 29 motionärerna
1332 1119 100 29 tänkt
1456 1118 59 38 sig,
1541 1127 83 20 vara
1648 1117 141 38 befogat

299 1168 67 28 och
390 1166 157 38 lämpligt
572 1175 76 20 som
670 1175 40 20 en
733 1165 139 38 partiell
895 1164 209 39 lagändring
1127 1173 101 29 synes
1251 1173 84 20 vara
1359 1163 184 34 beroende,
1569 1162 155 29 förutom
1747 1171 42 19 av

300 1211 148 29 behovet
468 1220 41 20 av
529 1220 45 20 en
594 1210 108 30 sådan
721 1210 217 37 lagändring,
959 1219 41 19 av
1021 1209 175 29 huruvida
1216 1208 285 38 framflyttandet
1520 1207 72 29 kan
1613 1207 60 28 ske
1693 1215 96 29 sepa-

300 1259 54 25 rat
378 1258 86 26 utan
486 1255 165 29 närmare
676 1254 188 38 utredning
888 1254 78 29 med
990 1254 141 37 hänsyn
1155 1253 51 29 till
1230 1253 42 28 de
1298 1251 213 39 verkningar
1536 1250 254 38 lagändringen

300 1300 114 28 skulle
434 1298 35 31 få
489 1299 9 29 i
519 1299 97 29 olika
635 1299 206 29 avseenden.
864 1298 66 29 För
951 1306 43 20 en
1013 1296 215 38 bedömning
1248 1296 111 29 härav
1379 1295 98 29 torde
1498 1295 56 29 det
1577 1295 84 28 böra
1684 1294 105 29 fram-

300 1343 114 30 hållas
434 1347 48 26 att
505 1343 250 37 ensittarlagen
778 1343 8 28 i
810 1342 54 29 sin
885 1341 205 30 nuvarande
1112 1341 130 38 lydelse
1264 1339 150 30 kommit
1437 1343 48 25 att
1509 1338 208 38 möjliggöra
1740 1338 49 29 in-

298 1387 189 38 lösningar,
515 1396 76 20 som
617 1387 56 29 vid
698 1387 119 37 lagens
844 1386 169 29 tillkomst
1040 1385 77 29 icke
1144 1393 103 30 synas
1272 1384 46 29 ha
1345 1384 88 29 varit
1460 1383 162 29 avsedda.
1651 1383 138 28 Inlösen

300 1432 67 29 har
390 1431 145 30 sålunda
560 1432 10 29 i
594 1432 69 28 viss
687 1431 244 37 utsträckning
954 1430 151 29 kommit
1129 1432 48 26 att
1203 1429 60 29 ske
1289 1428 51 29 till
1366 1427 140 30 förmån
1531 1427 56 30 för
1611 1436 177 29 personer,

300 1485 77 20 som
399 1476 69 29 inte
489 1476 136 29 kvarbo
647 1476 7 28 i
677 1475 161 38 byggnad
860 1474 20 30 å
901 1473 143 31 område
1067 1483 75 20 som
1164 1473 199 37 föreslagits
1386 1472 50 30 till
1458 1472 147 34 inlösen,
1628 1472 65 29 och
1715 1471 74 29 ofta

301 1520 72 29 inte
393 1529 60 21 ens
472 1520 9 29 i
501 1523 112 26 orten.
635 1520 62 29 Det
717 1529 102 29 synes
840 1520 9 28 i
870 1519 94 38 varje
984 1519 62 29 fall
1068 1518 55 29 för
1144 1517 130 30 sådana
1296 1517 207 30 situationer
1524 1517 128 29 saknas
1673 1516 116 29 anled-

301 1564 84 38 ning
413 1567 48 26 att
490 1564 104 38 vidga
624 1564 116 38 lagens
769 1562 400 39 tillämpningsområde.
1200 1562 127 29 Härtill
1357 1562 160 28 kommer
1547 1564 59 31 att,
1638 1561 111 28 ehuru
1780 1559 8 29 i

298 1608 350 38 jorddelningslagen
676 1608 126 29 införts
833 1608 139 37 stränga
1001 1608 88 28 krav
1119 1607 56 29 vid
1203 1605 232 39 avstyckning
1464 1615 41 19 av
1535 1603 169 31 områden
1735 1604 54 29 för

300 1653 44 29 bl.
365 1662 29 20 a.
415 1653 156 29 bostads-
593 1653 64 28 och
677 1651 368 39 jordbruksändamål,
1068 1651 250 37 ensittarlagen
1339 1650 221 29 fortfarande
1581 1649 9 29 i
1613 1648 97 38 fråga
1732 1658 56 19 om

299 1696 310 39 glesbebyggelsen
629 1697 126 28 saknar
774 1696 267 29 bestämmelser
1061 1704 57 20 om
1139 1694 184 37 fastighets
1343 1693 215 38 lämplighet,
1581 1693 65 28 och
1667 1695 47 26 att
1736 1700 53 29 ge-

299 1751 84 19 nom
406 1741 178 38 inlösning
608 1741 183 29 tillkomna
816 1740 207 37 fastigheter
1045 1740 85 29 eller
1152 1737 220 31 återstående
1397 1738 95 29 delar
1516 1747 43 19 av
1584 1737 205 37 fastigheter

299 1785 159 30 varifrån
475 1785 139 30 inlösen
634 1786 79 28 sker
730 1785 122 29 därför
871 1784 75 30 icke
966 1784 100 29 alltid
1085 1783 159 38 uppfylla
1264 1782 139 38 rimliga
1422 1782 86 29 krav
1527 1781 46 39 på
1592 1780 196 31 ändamåls-

297 1829 165 38 enlighet.
486 1848 44 2 —
555 1830 124 29 Därest
704 1829 250 37 ensittarlagen
980 1828 88 29 skall
1096 1827 127 29 ändras
1249 1827 8 29 i
1285 1825 100 39 fråga
1412 1835 56 21 om
1494 1826 213 38 tidpunkten
1733 1825 55 29 för

298 1874 267 29 bostadshusets
592 1873 233 38 uppförande,
853 1873 97 29 torde
978 1873 57 29 det
1063 1872 85 29 böra
1176 1872 163 28 närmare
1367 1871 141 29 utredas
1536 1871 9 29 i
1574 1870 67 29 vad
1668 1868 82 31 mån
1778 1868 8 29 i

298 1918 172 29 samband
500 1918 147 29 därmed
676 1918 62 29 bör
768 1917 136 29 införas
934 1917 91 29 vissa
1057 1916 244 29 restriktioner
1333 1915 58 29 för
1419 1918 48 26 att
1499 1915 206 29 säkerställa
1737 1916 49 26 att

298 1962 136 29 inlösen
457 1962 76 29 icke
557 1961 224 38 möjliggöres
805 1961 143 29 utanför
971 1970 124 20 ramen
1120 1960 54 29 för
1197 1960 106 38 syftet
1327 1959 79 29 med
1429 1958 267 39 lagstiftningen
1721 1958 65 29 och

298 2006 57 29 för
371 2009 49 26 att
438 2006 186 38 tillgodose
641 2006 88 29 vissa
748 2006 88 29 krav
855 2005 44 39 på
916 2005 434 37 fastighetsindelningens
1369 2003 215 39 lämplighet.
1606 2002 180 38 Därjämte

296 2050 218 38 uppkomma
534 2050 90 29 även
643 2050 108 29 andra
770 2049 170 38 problem,
960 2048 124 30 varvid
1103 2048 64 29 här
1186 2047 55 30 må
1261 2048 149 28 nämnas
1431 2050 47 26 att
1500 2045 209 39 spörsmålet
1729 2055 56 20 om

295 2095 114 28 avtals
428 2094 236 29 förbindande
684 2094 131 29 verkan
837 2093 98 29 torde
955 2093 86 29 böra
1062 2092 155 30 beaktas.
1239 2092 53 29 En
1313 2089 472 40 nyttjanderättsupplåtelse

296 2138 91 29 efter
415 2139 80 28 1918
520 2138 73 29 kan
617 2138 44 29 ha
687 2138 89 29 skett
803 2141 73 26 mot
901 2137 187 38 bakgrund
1114 2146 41 20 av
1180 2139 47 27 att
1255 2136 250 37 ensittarlagen
1533 2135 31 39 ej
1592 2135 112 38 gällde
1730 2135 56 29 för

296 2181 221 39 upplåtelsen
532 2183 67 29 och
615 2186 49 25 att
679 2183 128 36 ägaren
823 2181 102 30 alltså
939 2181 31 38 ej
986 2181 160 30 behövde
1161 2181 135 29 riskera
1312 2183 47 26 ett
1375 2179 188 30 avstående
1579 2189 42 20 av
1637 2180 148 37 ägande-

295 2228 117 28 rätten
430 2227 50 29 till
498 2227 160 29 marken.
677 2222 93 34 Även
790 2236 58 19 om
868 2235 42 20 en
929 2225 110 30 sådan
1057 2225 254 37 förutsättning
1330 2224 10 29 i
1361 2225 65 29 och
1445 2224 56 30 för
1521 2224 51 38 sig
1590 2224 77 30 icke
1687 2224 98 29 torde

295 2270 36 30 få
356 2270 166 30 tillmätas
547 2271 199 37 avgörande
770 2270 179 38 betydelse
973 2269 58 30 vid
1056 2268 214 39 bedömning
1294 2278 42 20 av
1362 2269 67 29 den
1453 2278 42 20 av
1520 2268 265 30 motionärerna

295 2315 126 29 väckta
444 2314 136 39 frågan,
605 2324 103 29 synes
728 2315 68 29 den
819 2314 86 30 böra
927 2313 36 31 få
985 2315 107 28 utöva
1117 2313 196 38 inflytande
1337 2313 57 29 vid
1417 2312 237 39 avgränsning
1677 2322 41 19 av
1742 2312 42 29 de

295 2358 223 39 upplåtelser,
544 2368 76 21 som
644 2359 95 29 skola
763 2358 36 30 få
822 2358 91 38 ligga
936 2358 51 29 till
1010 2358 115 38 grund
1148 2357 54 30 för
1225 2357 148 29 inlösen.
1395 2375 44 3 —
1460 2357 97 30 Enär
1579 2356 124 38 frågan
1726 2366 58 20 om

294 2403 154 30 revision
467 2413 41 20 av
529 2403 251 38 ensittarlagen
800 2402 108 38 enligt
927 2402 199 30 direktiven
1146 2402 55 29 för
1223 2402 83 29 1954
1328 2400 56 31 års
1405 2400 379 39 fastighetsbildnings-

293 2448 187 29 kommitté
495 2448 42 29 är
552 2447 209 30 anförtrodd
779 2447 117 29 denna
913 2446 188 30 kommitté
1119 2446 56 29 för
1191 2445 191 39 utredning
1398 2446 65 29 och
1482 2447 85 28 enär
1585 2445 198 38 fastighets-

293 2491 392 39 bildningskommittén
711 2500 148 21 numera
885 2490 165 30 befinner
1076 2490 51 39 sig
1152 2490 9 30 i
1189 2490 193 29 slutskedet
1409 2499 41 20 av
1478 2490 57 29 sitt
1563 2490 220 37 utrednings-
