<?xml version="1.0" encoding="UTF-8"?>
<alto xmlns="http://www.loc.gov/standards/alto/ns-v3#" xmlns:xlink="http://www.w3.org/1999/xlink" xmlns:xsi="http://www.w3.org/2001/XMLSchema-instance" xsi:schemaLocation="http://www.loc.gov/standards/alto/ns-v3# http://www.loc.gov/alto/v3/alto-3-0.xsd">
	<Description>
		<MeasurementUnit>pixel</MeasurementUnit>
		<sourceImageInformation>
			<fileName>/tmp/tess_iow_acu2_input.PNG</fileName>
		</sourceImageInformation>
		<OCRProcessing ID="OCR_0">
			<ocrProcessingStep>
				<processingSoftware>
					<softwareName>tesseract 5.3.0</softwareName>
				</processingSoftware>
			</ocrProcessingStep>
		</OCRProcessing>
	</Description>
	<Layout>
		<Page WIDTH="1864" HEIGHT="2804" PHYSICAL_IMG_NR="0" ID="page_0">
			<PrintSpace HPOS="0" VPOS="0" WIDTH="1864" HEIGHT="2804">
				<ComposedBlock ID="cblock_0" HPOS="274" VPOS="172" WIDTH="1127" HEIGHT="37">
					<TextBlock ID="block_0" HPOS="274" VPOS="172" WIDTH="1127" HEIGHT="37">
						<TextLine ID="line_0" HPOS="274" VPOS="172" WIDTH="1127" HEIGHT="37">
							<String ID="string_0" HPOS="274" VPOS="176" WIDTH="38" HEIGHT="29" WC="0.96" CONTENT="18"/><SP WIDTH="314" VPOS="176" HPOS="312"/>
							<String ID="string_1" HPOS="626" VPOS="175" WIDTH="103" HEIGHT="27" WC="0.90" CONTENT="Andra"/><SP WIDTH="17" VPOS="175" HPOS="729"/>
							<String ID="string_2" HPOS="746" VPOS="172" WIDTH="214" HEIGHT="37" WC="0.92" CONTENT="lagutskottets"/><SP WIDTH="19" VPOS="172" HPOS="960"/>
							<String ID="string_3" HPOS="979" VPOS="173" WIDTH="158" HEIGHT="28" WC="0.89" CONTENT="utlåtande"/><SP WIDTH="18" VPOS="173" HPOS="1137"/>
							<String ID="string_4" HPOS="1155" VPOS="184" WIDTH="35" HEIGHT="17" WC="0.95" CONTENT="nr"/><SP WIDTH="21" VPOS="184" HPOS="1190"/>
							<String ID="string_5" HPOS="1211" VPOS="175" WIDTH="46" HEIGHT="32" WC="0.95" CONTENT="77;"/><SP WIDTH="19" VPOS="175" HPOS="1257"/>
							<String ID="string_6" HPOS="1276" VPOS="172" WIDTH="125" HEIGHT="36" WC="0.96" CONTENT="bilagor."/>
						</TextLine>
					</TextBlock>
				</ComposedBlock>
				<ComposedBlock ID="cblock_1" HPOS="271" VPOS="252" WIDTH="1501" HEIGHT="2271">
					<TextBlock ID="block_1" HPOS="271" VPOS="252" WIDTH="1487" HEIGHT="220">
						<TextLine ID="line_1" HPOS="271" VPOS="252" WIDTH="1486" HEIGHT="41">
							<String ID="string_7" HPOS="271" VPOS="254" WIDTH="198" HEIGHT="36" WC="0.89" CONTENT="arbelstakt,"/><SP WIDTH="23" VPOS="254" HPOS="469"/>
							<String ID="string_8" HPOS="492" VPOS="258" WIDTH="49" HEIGHT="27" WC="0.95" CONTENT="alt"/><SP WIDTH="23" VPOS="258" HPOS="541"/>
							<String ID="string_9" HPOS="564" VPOS="264" WIDTH="42" HEIGHT="21" WC="0.95" CONTENT="en"/><SP WIDTH="24" VPOS="264" HPOS="606"/>
							<String ID="string_10" HPOS="630" VPOS="254" WIDTH="193" HEIGHT="38" WC="0.96" CONTENT="ytterligare"/><SP WIDTH="24" VPOS="254" HPOS="823"/>
							<String ID="string_11" HPOS="847" VPOS="253" WIDTH="217" HEIGHT="40" WC="0.96" CONTENT="förkortning"/><SP WIDTH="25" VPOS="253" HPOS="1064"/>
							<String ID="string_12" HPOS="1089" VPOS="264" WIDTH="42" HEIGHT="20" WC="0.96" CONTENT="av"/><SP WIDTH="25" VPOS="264" HPOS="1131"/>
							<String ID="string_13" HPOS="1156" VPOS="253" WIDTH="207" HEIGHT="31" WC="0.95" CONTENT="arbetstiden"/><SP WIDTH="25" VPOS="253" HPOS="1363"/>
							<String ID="string_14" HPOS="1388" VPOS="254" WIDTH="62" HEIGHT="30" WC="0.96" CONTENT="där"/><SP WIDTH="23" VPOS="254" HPOS="1450"/>
							<String ID="string_15" HPOS="1473" VPOS="262" WIDTH="145" HEIGHT="22" WC="0.96" CONTENT="numera"/><SP WIDTH="24" VPOS="262" HPOS="1618"/>
							<String ID="string_16" HPOS="1642" VPOS="252" WIDTH="115" HEIGHT="31" WC="0.96" CONTENT="kunde"/>
						</TextLine>
						<TextLine ID="line_2" HPOS="271" VPOS="298" WIDTH="1486" HEIGHT="39">
							<String ID="string_17" HPOS="271" VPOS="309" WIDTH="99" HEIGHT="20" WC="0.96" CONTENT="anses"/><SP WIDTH="20" VPOS="309" HPOS="370"/>
							<String ID="string_18" HPOS="390" VPOS="309" WIDTH="82" HEIGHT="21" WC="0.96" CONTENT="vara"/><SP WIDTH="20" VPOS="309" HPOS="472"/>
							<String ID="string_19" HPOS="492" VPOS="299" WIDTH="190" HEIGHT="30" WC="0.0" CONTENT="motiverad"/><SP WIDTH="18" VPOS="299" HPOS="682"/>
							<String ID="string_20" HPOS="700" VPOS="309" WIDTH="41" HEIGHT="20" WC="0.96" CONTENT="av"/><SP WIDTH="19" VPOS="309" HPOS="741"/>
							<String ID="string_21" HPOS="760" VPOS="299" WIDTH="136" HEIGHT="38" WC="0.96" CONTENT="hänsyn"/><SP WIDTH="19" VPOS="299" HPOS="896"/>
							<String ID="string_22" HPOS="915" VPOS="299" WIDTH="49" HEIGHT="29" WC="0.96" CONTENT="till"/><SP WIDTH="20" VPOS="299" HPOS="964"/>
							<String ID="string_23" HPOS="984" VPOS="299" WIDTH="200" HEIGHT="30" WC="0.96" CONTENT="arbetarnas"/><SP WIDTH="19" VPOS="299" HPOS="1184"/>
							<String ID="string_24" HPOS="1203" VPOS="299" WIDTH="107" HEIGHT="29" WC="0.96" CONTENT="hälsa."/><SP WIDTH="23" VPOS="299" HPOS="1310"/>
							<String ID="string_25" HPOS="1333" VPOS="298" WIDTH="223" HEIGHT="30" WC="0.93" CONTENT="Beträffande"/><SP WIDTH="20" VPOS="298" HPOS="1556"/>
							<String ID="string_26" HPOS="1576" VPOS="298" WIDTH="97" HEIGHT="30" WC="0.91" CONTENT="skift-"/><SP WIDTH="20" VPOS="298" HPOS="1673"/>
							<String ID="string_27" HPOS="1693" VPOS="298" WIDTH="64" HEIGHT="30" WC="0.96" CONTENT="och"/>
						</TextLine>
						<TextLine ID="line_3" HPOS="272" VPOS="342" WIDTH="1485" HEIGHT="39">
							<String ID="string_28" HPOS="272" VPOS="344" WIDTH="205" HEIGHT="30" WC="0.90" CONTENT="nattarbetet"/><SP WIDTH="24" VPOS="344" HPOS="477"/>
							<String ID="string_29" HPOS="501" VPOS="342" WIDTH="216" HEIGHT="39" WC="0.92" CONTENT="ifrågasättes"/><SP WIDTH="26" VPOS="342" HPOS="717"/>
							<String ID="string_30" HPOS="743" VPOS="344" WIDTH="10" HEIGHT="29" WC="0.96" CONTENT="i"/><SP WIDTH="26" VPOS="344" HPOS="753"/>
							<String ID="string_31" HPOS="779" VPOS="343" WIDTH="183" HEIGHT="36" WC="0.96" CONTENT="motionen,"/><SP WIDTH="28" VPOS="343" HPOS="962"/>
							<String ID="string_32" HPOS="990" VPOS="347" WIDTH="48" HEIGHT="26" WC="0.96" CONTENT="att"/><SP WIDTH="28" VPOS="347" HPOS="1038"/>
							<String ID="string_33" HPOS="1066" VPOS="342" WIDTH="207" HEIGHT="31" WC="0.95" CONTENT="arbetstiden"/><SP WIDTH="25" VPOS="342" HPOS="1273"/>
							<String ID="string_34" HPOS="1298" VPOS="342" WIDTH="186" HEIGHT="38" WC="0.96" CONTENT="begränsas"/><SP WIDTH="29" VPOS="342" HPOS="1484"/>
							<String ID="string_35" HPOS="1513" VPOS="342" WIDTH="46" HEIGHT="30" WC="0.95" CONTENT="till"/><SP WIDTH="26" VPOS="342" HPOS="1559"/>
							<String ID="string_36" HPOS="1585" VPOS="343" WIDTH="10" HEIGHT="29" WC="0.93" CONTENT="i"/><SP WIDTH="27" VPOS="343" HPOS="1595"/>
							<String ID="string_37" HPOS="1622" VPOS="350" WIDTH="135" HEIGHT="30" WC="0.92" CONTENT="genom-"/>
						</TextLine>
						<TextLine ID="line_4" HPOS="273" VPOS="386" WIDTH="1485" HEIGHT="41">
							<String ID="string_38" HPOS="273" VPOS="389" WIDTH="81" HEIGHT="30" WC="0.96" CONTENT="snitt"/><SP WIDTH="22" VPOS="389" HPOS="354"/>
							<String ID="string_39" HPOS="376" VPOS="390" WIDTH="15" HEIGHT="28" WC="0.96" CONTENT="7"/><SP WIDTH="27" VPOS="390" HPOS="391"/>
							<String ID="string_40" HPOS="418" VPOS="389" WIDTH="135" HEIGHT="29" WC="0.95" CONTENT="timmar"/><SP WIDTH="19" VPOS="389" HPOS="553"/>
							<String ID="string_41" HPOS="572" VPOS="397" WIDTH="61" HEIGHT="30" WC="0.96" CONTENT="per"/><SP WIDTH="21" VPOS="397" HPOS="633"/>
							<String ID="string_42" HPOS="654" VPOS="388" WIDTH="91" HEIGHT="39" WC="0.95" CONTENT="dygn"/><SP WIDTH="22" VPOS="388" HPOS="745"/>
							<String ID="string_43" HPOS="767" VPOS="389" WIDTH="80" HEIGHT="29" WC="0.95" CONTENT="eller"/><SP WIDTH="19" VPOS="389" HPOS="847"/>
							<String ID="string_44" HPOS="866" VPOS="389" WIDTH="40" HEIGHT="28" WC="0.96" CONTENT="42"/><SP WIDTH="23" VPOS="389" HPOS="906"/>
							<String ID="string_45" HPOS="929" VPOS="388" WIDTH="138" HEIGHT="30" WC="0.92" CONTENT="timmar"/><SP WIDTH="20" VPOS="388" HPOS="1067"/>
							<String ID="string_46" HPOS="1087" VPOS="397" WIDTH="61" HEIGHT="30" WC="0.96" CONTENT="per"/><SP WIDTH="23" VPOS="397" HPOS="1148"/>
							<String ID="string_47" HPOS="1171" VPOS="387" WIDTH="114" HEIGHT="30" WC="0.96" CONTENT="vecka."/><SP WIDTH="35" VPOS="387" HPOS="1285"/>
							<String ID="string_48" HPOS="1320" VPOS="386" WIDTH="136" HEIGHT="39" WC="0.96" CONTENT="Frågan"/><SP WIDTH="21" VPOS="386" HPOS="1456"/>
							<String ID="string_49" HPOS="1477" VPOS="397" WIDTH="57" HEIGHT="20" WC="0.96" CONTENT="om"/><SP WIDTH="21" VPOS="397" HPOS="1534"/>
							<String ID="string_50" HPOS="1555" VPOS="388" WIDTH="68" HEIGHT="28" WC="0.95" CONTENT="hur"/><SP WIDTH="21" VPOS="388" HPOS="1623"/>
							<String ID="string_51" HPOS="1644" VPOS="387" WIDTH="114" HEIGHT="30" WC="0.95" CONTENT="arbete"/>
						</TextLine>
						<TextLine ID="line_5" HPOS="273" VPOS="432" WIDTH="1357" HEIGHT="40">
							<String ID="string_52" HPOS="273" VPOS="434" WIDTH="109" HEIGHT="29" WC="0.95" CONTENT="under"/><SP WIDTH="18" VPOS="434" HPOS="382"/>
							<String ID="string_53" HPOS="400" VPOS="433" WIDTH="77" HEIGHT="39" WC="0.95" CONTENT="jord"/><SP WIDTH="19" VPOS="433" HPOS="477"/>
							<String ID="string_54" HPOS="496" VPOS="433" WIDTH="186" HEIGHT="39" WC="0.95" CONTENT="lämpligen"/><SP WIDTH="17" VPOS="433" HPOS="682"/>
							<String ID="string_55" HPOS="699" VPOS="433" WIDTH="105" HEIGHT="29" WC="0.95" CONTENT="borde"/><SP WIDTH="19" VPOS="433" HPOS="804"/>
							<String ID="string_56" HPOS="823" VPOS="433" WIDTH="147" HEIGHT="37" WC="0.93" CONTENT="regleras"/><SP WIDTH="17" VPOS="433" HPOS="970"/>
							<String ID="string_57" HPOS="987" VPOS="432" WIDTH="138" HEIGHT="30" WC="0.92" CONTENT="beröres"/><SP WIDTH="19" VPOS="432" HPOS="1125"/>
							<String ID="string_58" HPOS="1144" VPOS="432" WIDTH="73" HEIGHT="30" WC="0.96" CONTENT="icke"/><SP WIDTH="18" VPOS="432" HPOS="1217"/>
							<String ID="string_59" HPOS="1235" VPOS="433" WIDTH="162" HEIGHT="29" WC="0.96" CONTENT="närmare"/><SP WIDTH="19" VPOS="433" HPOS="1397"/>
							<String ID="string_60" HPOS="1416" VPOS="432" WIDTH="10" HEIGHT="29" WC="0.96" CONTENT="i"/><SP WIDTH="20" VPOS="432" HPOS="1426"/>
							<String ID="string_61" HPOS="1446" VPOS="432" WIDTH="184" HEIGHT="29" WC="0.96" CONTENT="motionen."/>
						</TextLine>
					</TextBlock>
					<TextBlock ID="block_2" HPOS="272" VPOS="475" WIDTH="1494" HEIGHT="934">
						<TextLine ID="line_6" HPOS="317" VPOS="475" WIDTH="1441" HEIGHT="40">
							<String ID="string_62" HPOS="317" VPOS="477" WIDTH="64" HEIGHT="31" WC="0.96" CONTENT="Det"/><SP WIDTH="25" VPOS="477" HPOS="381"/>
							<String ID="string_63" HPOS="406" VPOS="478" WIDTH="70" HEIGHT="29" WC="0.96" CONTENT="kan"/><SP WIDTH="24" VPOS="478" HPOS="476"/>
							<String ID="string_64" HPOS="500" VPOS="478" WIDTH="10" HEIGHT="29" WC="0.95" CONTENT="i"/><SP WIDTH="25" VPOS="478" HPOS="510"/>
							<String ID="string_65" HPOS="535" VPOS="477" WIDTH="92" HEIGHT="31" WC="0.96" CONTENT="detta"/><SP WIDTH="27" VPOS="477" HPOS="627"/>
							<String ID="string_66" HPOS="654" VPOS="476" WIDTH="250" HEIGHT="39" WC="0.93" CONTENT="sammanhang"/><SP WIDTH="26" VPOS="476" HPOS="904"/>
							<String ID="string_67" HPOS="930" VPOS="476" WIDTH="130" HEIGHT="31" WC="0.88" CONTENT="erinras"/><SP WIDTH="26" VPOS="476" HPOS="1060"/>
							<String ID="string_68" HPOS="1086" VPOS="486" WIDTH="57" HEIGHT="20" WC="0.96" CONTENT="om"/><SP WIDTH="26" VPOS="486" HPOS="1143"/>
							<String ID="string_69" HPOS="1169" VPOS="480" WIDTH="48" HEIGHT="26" WC="0.96" CONTENT="att"/><SP WIDTH="25" VPOS="480" HPOS="1217"/>
							<String ID="string_70" HPOS="1242" VPOS="476" WIDTH="66" HEIGHT="30" WC="0.96" CONTENT="den"/><SP WIDTH="25" VPOS="476" HPOS="1308"/>
							<String ID="string_71" HPOS="1333" VPOS="475" WIDTH="276" HEIGHT="31" WC="0.93" CONTENT="internationella"/><SP WIDTH="23" VPOS="475" HPOS="1609"/>
							<String ID="string_72" HPOS="1632" VPOS="475" WIDTH="126" HEIGHT="30" WC="0.91" CONTENT="arbets-"/>
						</TextLine>
						<TextLine ID="line_7" HPOS="274" VPOS="520" WIDTH="1485" HEIGHT="41">
							<String ID="string_73" HPOS="274" VPOS="522" WIDTH="294" HEIGHT="39" WC="0.96" CONTENT="organisationens"/><SP WIDTH="29" VPOS="522" HPOS="568"/>
							<String ID="string_74" HPOS="597" VPOS="522" WIDTH="184" HEIGHT="29" WC="0.96" CONTENT="konferens"/><SP WIDTH="30" VPOS="522" HPOS="781"/>
							<String ID="string_75" HPOS="811" VPOS="521" WIDTH="37" HEIGHT="30" WC="0.96" CONTENT="år"/><SP WIDTH="30" VPOS="521" HPOS="848"/>
							<String ID="string_76" HPOS="878" VPOS="522" WIDTH="82" HEIGHT="29" WC="0.96" CONTENT="1934"/><SP WIDTH="30" VPOS="522" HPOS="960"/>
							<String ID="string_77" HPOS="990" VPOS="525" WIDTH="103" HEIGHT="34" WC="0.96" CONTENT="antog"/><SP WIDTH="30" VPOS="525" HPOS="1093"/>
							<String ID="string_78" HPOS="1123" VPOS="525" WIDTH="46" HEIGHT="26" WC="0.91" CONTENT="ett"/><SP WIDTH="17" VPOS="525" HPOS="1169"/>
							<String ID="string_79" HPOS="1186" VPOS="521" WIDTH="140" HEIGHT="38" WC="0.90" CONTENT="-förslag"/><SP WIDTH="30" VPOS="521" HPOS="1326"/>
							<String ID="string_80" HPOS="1356" VPOS="521" WIDTH="49" HEIGHT="29" WC="0.95" CONTENT="till"/><SP WIDTH="31" VPOS="521" HPOS="1405"/>
							<String ID="string_81" HPOS="1436" VPOS="530" WIDTH="42" HEIGHT="20" WC="0.96" CONTENT="en"/><SP WIDTH="28" VPOS="530" HPOS="1478"/>
							<String ID="string_82" HPOS="1506" VPOS="520" WIDTH="253" HEIGHT="30" WC="0.59" CONTENT="internationell"/>
						</TextLine>
						<TextLine ID="line_8" HPOS="272" VPOS="565" WIDTH="1487" HEIGHT="39">
							<String ID="string_83" HPOS="272" VPOS="567" WIDTH="212" HEIGHT="29" WC="0.96" CONTENT="konvention"/><SP WIDTH="16" VPOS="567" HPOS="484"/>
							<String ID="string_84" HPOS="500" VPOS="566" WIDTH="219" HEIGHT="30" WC="0.95" CONTENT="beträffande"/><SP WIDTH="18" VPOS="566" HPOS="719"/>
							<String ID="string_85" HPOS="737" VPOS="566" WIDTH="206" HEIGHT="30" WC="0.96" CONTENT="arbetstiden"/><SP WIDTH="19" VPOS="566" HPOS="943"/>
							<String ID="string_86" HPOS="962" VPOS="566" WIDTH="10" HEIGHT="29" WC="0.96" CONTENT="i"/><SP WIDTH="18" VPOS="566" HPOS="972"/>
							<String ID="string_87" HPOS="990" VPOS="566" WIDTH="232" HEIGHT="30" WC="0.91" CONTENT="automatiska"/><SP WIDTH="20" VPOS="566" HPOS="1222"/>
							<String ID="string_88" HPOS="1242" VPOS="565" WIDTH="305" HEIGHT="39" WC="0.91" CONTENT="fönsterglasbruk,"/><SP WIDTH="21" VPOS="565" HPOS="1547"/>
							<String ID="string_89" HPOS="1568" VPOS="565" WIDTH="64" HEIGHT="29" WC="0.96" CONTENT="där"/><SP WIDTH="16" VPOS="565" HPOS="1632"/>
							<String ID="string_90" HPOS="1648" VPOS="565" WIDTH="111" HEIGHT="29" WC="0.95" CONTENT="denna"/>
						</TextLine>
						<TextLine ID="line_9" HPOS="274" VPOS="609" WIDTH="1486" HEIGHT="40">
							<String ID="string_91" HPOS="274" VPOS="611" WIDTH="249" HEIGHT="30" WC="0.91" CONTENT="maximerades"/><SP WIDTH="26" VPOS="611" HPOS="523"/>
							<String ID="string_92" HPOS="549" VPOS="611" WIDTH="49" HEIGHT="29" WC="0.94" CONTENT="till"/><SP WIDTH="26" VPOS="611" HPOS="598"/>
							<String ID="string_93" HPOS="624" VPOS="611" WIDTH="11" HEIGHT="29" WC="0.95" CONTENT="i"/><SP WIDTH="27" VPOS="611" HPOS="635"/>
							<String ID="string_94" HPOS="662" VPOS="610" WIDTH="206" HEIGHT="38" WC="0.30" CONTENT="genomsnitt"/><SP WIDTH="24" VPOS="610" HPOS="868"/>
							<String ID="string_95" HPOS="892" VPOS="611" WIDTH="40" HEIGHT="29" WC="0.96" CONTENT="42"/><SP WIDTH="29" VPOS="611" HPOS="932"/>
							<String ID="string_96" HPOS="961" VPOS="609" WIDTH="138" HEIGHT="31" WC="0.96" CONTENT="timmar"/><SP WIDTH="26" VPOS="609" HPOS="1099"/>
							<String ID="string_97" HPOS="1125" VPOS="619" WIDTH="60" HEIGHT="30" WC="0.96" CONTENT="per"/><SP WIDTH="27" VPOS="619" HPOS="1185"/>
							<String ID="string_98" HPOS="1212" VPOS="610" WIDTH="105" HEIGHT="30" WC="0.96" CONTENT="vecka"/><SP WIDTH="27" VPOS="610" HPOS="1317"/>
							<String ID="string_99" HPOS="1344" VPOS="610" WIDTH="65" HEIGHT="29" WC="0.96" CONTENT="och"/><SP WIDTH="27" VPOS="610" HPOS="1409"/>
							<String ID="string_100" HPOS="1436" VPOS="610" WIDTH="55" HEIGHT="29" WC="0.96" CONTENT="det"/><SP WIDTH="26" VPOS="610" HPOS="1491"/>
							<String ID="string_101" HPOS="1517" VPOS="609" WIDTH="110" HEIGHT="30" WC="0.96" CONTENT="tillika"/><SP WIDTH="27" VPOS="609" HPOS="1627"/>
							<String ID="string_102" HPOS="1654" VPOS="609" WIDTH="106" HEIGHT="30" WC="0.96" CONTENT="bland"/>
						</TextLine>
						<TextLine ID="line_10" HPOS="274" VPOS="654" WIDTH="1485" HEIGHT="39">
							<String ID="string_103" HPOS="274" VPOS="660" WIDTH="107" HEIGHT="26" WC="0.95" CONTENT="annat"/><SP WIDTH="19" VPOS="660" HPOS="381"/>
							<String ID="string_104" HPOS="400" VPOS="656" WIDTH="202" HEIGHT="35" WC="0.96" CONTENT="bestämdes,"/><SP WIDTH="23" VPOS="656" HPOS="602"/>
							<String ID="string_105" HPOS="625" VPOS="659" WIDTH="49" HEIGHT="26" WC="0.96" CONTENT="att"/><SP WIDTH="19" VPOS="659" HPOS="674"/>
							<String ID="string_106" HPOS="693" VPOS="655" WIDTH="129" HEIGHT="30" WC="0.96" CONTENT="arbetet"/><SP WIDTH="19" VPOS="655" HPOS="822"/>
							<String ID="string_107" HPOS="841" VPOS="655" WIDTH="106" HEIGHT="29" WC="0.96" CONTENT="borde"/><SP WIDTH="18" VPOS="655" HPOS="947"/>
							<String ID="string_108" HPOS="965" VPOS="654" WIDTH="160" HEIGHT="30" WC="0.96" CONTENT="bedrivas"/><SP WIDTH="21" VPOS="654" HPOS="1125"/>
							<String ID="string_109" HPOS="1146" VPOS="655" WIDTH="78" HEIGHT="29" WC="0.96" CONTENT="med"/><SP WIDTH="20" VPOS="655" HPOS="1224"/>
							<String ID="string_110" HPOS="1244" VPOS="654" WIDTH="103" HEIGHT="30" WC="0.96" CONTENT="minst"/><SP WIDTH="18" VPOS="654" HPOS="1347"/>
							<String ID="string_111" HPOS="1365" VPOS="654" WIDTH="78" HEIGHT="39" WC="0.91" CONTENT="fyra"/><SP WIDTH="21" VPOS="654" HPOS="1443"/>
							<String ID="string_112" HPOS="1464" VPOS="654" WIDTH="150" HEIGHT="38" WC="0.91" CONTENT="skiftlag."/><SP WIDTH="35" VPOS="654" HPOS="1614"/>
							<String ID="string_113" HPOS="1649" VPOS="654" WIDTH="14" HEIGHT="29" WC="0.88" CONTENT="1"/><SP WIDTH="20" VPOS="654" HPOS="1663"/>
							<String ID="string_114" HPOS="1683" VPOS="663" WIDTH="76" HEIGHT="29" WC="0.89" CONTENT="pro-"/>
						</TextLine>
						<TextLine ID="line_11" HPOS="273" VPOS="698" WIDTH="1487" HEIGHT="41">
							<String ID="string_115" HPOS="273" VPOS="700" WIDTH="150" HEIGHT="39" WC="0.95" CONTENT="position"/><SP WIDTH="19" VPOS="700" HPOS="423"/>
							<String ID="string_116" HPOS="442" VPOS="701" WIDTH="49" HEIGHT="29" WC="0.95" CONTENT="till"/><SP WIDTH="22" VPOS="701" HPOS="491"/>
							<String ID="string_117" HPOS="513" VPOS="701" WIDTH="81" HEIGHT="29" WC="0.96" CONTENT="1936"/><SP WIDTH="20" VPOS="701" HPOS="594"/>
							<String ID="string_118" HPOS="614" VPOS="699" WIDTH="55" HEIGHT="31" WC="0.96" CONTENT="års"/><SP WIDTH="21" VPOS="699" HPOS="669"/>
							<String ID="string_119" HPOS="690" VPOS="700" WIDTH="138" HEIGHT="38" WC="0.96" CONTENT="riksdag"/><SP WIDTH="26" VPOS="700" HPOS="828"/>
							<String ID="string_120" HPOS="854" VPOS="699" WIDTH="52" HEIGHT="38" WC="0.96" CONTENT="(nr"/><SP WIDTH="20" VPOS="699" HPOS="906"/>
							<String ID="string_121" HPOS="926" VPOS="699" WIDTH="53" HEIGHT="38" WC="0.96" CONTENT="35)"/><SP WIDTH="26" VPOS="699" HPOS="979"/>
							<String ID="string_122" HPOS="1005" VPOS="699" WIDTH="186" HEIGHT="30" WC="0.96" CONTENT="förordade"/><SP WIDTH="20" VPOS="699" HPOS="1191"/>
							<String ID="string_123" HPOS="1211" VPOS="699" WIDTH="122" HEIGHT="38" WC="0.93" CONTENT="Kungl."/><SP WIDTH="22" VPOS="699" HPOS="1333"/>
							<String ID="string_124" HPOS="1355" VPOS="698" WIDTH="101" HEIGHT="39" WC="0.95" CONTENT="Maj:t"/><SP WIDTH="19" VPOS="698" HPOS="1456"/>
							<String ID="string_125" HPOS="1475" VPOS="708" WIDTH="42" HEIGHT="20" WC="0.96" CONTENT="en"/><SP WIDTH="19" VPOS="708" HPOS="1517"/>
							<String ID="string_126" HPOS="1536" VPOS="698" WIDTH="125" HEIGHT="30" WC="0.93" CONTENT="svensk"/><SP WIDTH="21" VPOS="698" HPOS="1661"/>
							<String ID="string_127" HPOS="1682" VPOS="699" WIDTH="78" HEIGHT="29" WC="0.92" CONTENT="rati-"/>
						</TextLine>
						<TextLine ID="line_12" HPOS="274" VPOS="743" WIDTH="1487" HEIGHT="40">
							<String ID="string_128" HPOS="274" VPOS="745" WIDTH="148" HEIGHT="30" WC="0.91" CONTENT="fikation"/><SP WIDTH="19" VPOS="745" HPOS="422"/>
							<String ID="string_129" HPOS="441" VPOS="755" WIDTH="41" HEIGHT="20" WC="0.96" CONTENT="av"/><SP WIDTH="20" VPOS="755" HPOS="482"/>
							<String ID="string_130" HPOS="502" VPOS="746" WIDTH="91" HEIGHT="29" WC="0.93" CONTENT="detta"/><SP WIDTH="19" VPOS="746" HPOS="593"/>
							<String ID="string_131" HPOS="612" VPOS="744" WIDTH="358" HEIGHT="39" WC="0.92" CONTENT="konventionsförslag"/><SP WIDTH="21" VPOS="744" HPOS="970"/>
							<String ID="string_132" HPOS="991" VPOS="744" WIDTH="110" HEIGHT="30" WC="0.96" CONTENT="under"/><SP WIDTH="19" VPOS="744" HPOS="1101"/>
							<String ID="string_133" HPOS="1120" VPOS="743" WIDTH="246" HEIGHT="39" WC="0.96" CONTENT="förutsättning"/><SP WIDTH="18" VPOS="743" HPOS="1366"/>
							<String ID="string_134" HPOS="1384" VPOS="747" WIDTH="48" HEIGHT="26" WC="0.96" CONTENT="att"/><SP WIDTH="20" VPOS="747" HPOS="1432"/>
							<String ID="string_135" HPOS="1452" VPOS="744" WIDTH="55" HEIGHT="29" WC="0.93" CONTENT="det"/><SP WIDTH="20" VPOS="744" HPOS="1507"/>
							<String ID="string_136" HPOS="1527" VPOS="743" WIDTH="234" HEIGHT="30" WC="0.90" CONTENT="ratificerades"/>
						</TextLine>
						<TextLine ID="line_13" HPOS="275" VPOS="788" WIDTH="1484" HEIGHT="40">
							<String ID="string_137" HPOS="275" VPOS="800" WIDTH="42" HEIGHT="20" WC="0.95" CONTENT="av"/><SP WIDTH="27" VPOS="800" HPOS="317"/>
							<String ID="string_138" HPOS="344" VPOS="791" WIDTH="41" HEIGHT="29" WC="0.96" CONTENT="de"/><SP WIDTH="29" VPOS="791" HPOS="385"/>
							<String ID="string_139" HPOS="414" VPOS="799" WIDTH="92" HEIGHT="21" WC="0.96" CONTENT="mera"/><SP WIDTH="28" VPOS="799" HPOS="506"/>
							<String ID="string_140" HPOS="534" VPOS="789" WIDTH="194" HEIGHT="39" WC="0.93" CONTENT="betydande"/><SP WIDTH="28" VPOS="789" HPOS="728"/>
							<String ID="string_141" HPOS="756" VPOS="788" WIDTH="468" HEIGHT="39" WC="0.91" CONTENT="fönsterglasproducerande"/><SP WIDTH="29" VPOS="788" HPOS="1224"/>
							<String ID="string_142" HPOS="1253" VPOS="788" WIDTH="176" HEIGHT="35" WC="0.72" CONTENT="iänderna,"/><SP WIDTH="31" VPOS="788" HPOS="1429"/>
							<String ID="string_143" HPOS="1460" VPOS="788" WIDTH="208" HEIGHT="29" WC="0.96" CONTENT="tillhörande"/><SP WIDTH="28" VPOS="788" HPOS="1668"/>
							<String ID="string_144" HPOS="1696" VPOS="788" WIDTH="63" HEIGHT="29" WC="0.96" CONTENT="den"/>
						</TextLine>
						<TextLine ID="line_14" HPOS="274" VPOS="832" WIDTH="1487" HEIGHT="39">
							<String ID="string_145" HPOS="274" VPOS="834" WIDTH="275" HEIGHT="30" WC="0.93" CONTENT="internationella"/><SP WIDTH="21" VPOS="834" HPOS="549"/>
							<String ID="string_146" HPOS="570" VPOS="833" WIDTH="402" HEIGHT="38" WC="0.89" CONTENT="arbetsorganisationen."/><SP WIDTH="35" VPOS="833" HPOS="972"/>
							<String ID="string_147" HPOS="1007" VPOS="833" WIDTH="13" HEIGHT="29" WC="0.96" CONTENT="I"/><SP WIDTH="22" VPOS="833" HPOS="1020"/>
							<String ID="string_148" HPOS="1042" VPOS="832" WIDTH="198" HEIGHT="39" WC="0.96" CONTENT="anslutning"/><SP WIDTH="20" VPOS="832" HPOS="1240"/>
							<String ID="string_149" HPOS="1260" VPOS="832" WIDTH="117" HEIGHT="31" WC="0.96" CONTENT="härtill"/><SP WIDTH="22" VPOS="832" HPOS="1377"/>
							<String ID="string_150" HPOS="1399" VPOS="832" WIDTH="232" HEIGHT="30" WC="0.96" CONTENT="framställdes"/><SP WIDTH="22" VPOS="832" HPOS="1631"/>
							<String ID="string_151" HPOS="1653" VPOS="832" WIDTH="9" HEIGHT="29" WC="0.93" CONTENT="i"/><SP WIDTH="23" VPOS="832" HPOS="1662"/>
							<String ID="string_152" HPOS="1685" VPOS="841" WIDTH="76" HEIGHT="30" WC="0.91" CONTENT="pro-"/>
						</TextLine>
						<TextLine ID="line_15" HPOS="275" VPOS="876" WIDTH="1486" HEIGHT="42">
							<String ID="string_153" HPOS="275" VPOS="879" WIDTH="193" HEIGHT="39" WC="0.95" CONTENT="positionen"/><SP WIDTH="16" VPOS="879" HPOS="468"/>
							<String ID="string_154" HPOS="484" VPOS="880" WIDTH="86" HEIGHT="28" WC="0.96" CONTENT="även"/><SP WIDTH="17" VPOS="880" HPOS="570"/>
							<String ID="string_155" HPOS="587" VPOS="882" WIDTH="45" HEIGHT="26" WC="0.96" CONTENT="ett"/><SP WIDTH="17" VPOS="882" HPOS="632"/>
							<String ID="string_156" HPOS="649" VPOS="878" WIDTH="128" HEIGHT="38" WC="0.96" CONTENT="förslag"/><SP WIDTH="18" VPOS="878" HPOS="777"/>
							<String ID="string_157" HPOS="795" VPOS="878" WIDTH="48" HEIGHT="29" WC="0.96" CONTENT="till"/><SP WIDTH="19" VPOS="878" HPOS="843"/>
							<String ID="string_158" HPOS="862" VPOS="878" WIDTH="123" HEIGHT="30" WC="0.96" CONTENT="svensk"/><SP WIDTH="15" VPOS="878" HPOS="985"/>
							<String ID="string_159" HPOS="1000" VPOS="877" WIDTH="214" HEIGHT="38" WC="0.96" CONTENT="lagstiftning"/><SP WIDTH="17" VPOS="877" HPOS="1214"/>
							<String ID="string_160" HPOS="1231" VPOS="877" WIDTH="10" HEIGHT="29" WC="0.96" CONTENT="i"/><SP WIDTH="19" VPOS="877" HPOS="1241"/>
							<String ID="string_161" HPOS="1260" VPOS="878" WIDTH="126" HEIGHT="35" WC="0.95" CONTENT="ämnet,"/><SP WIDTH="18" VPOS="878" HPOS="1386"/>
							<String ID="string_162" HPOS="1404" VPOS="877" WIDTH="114" HEIGHT="30" WC="0.96" CONTENT="vilken"/><SP WIDTH="18" VPOS="877" HPOS="1518"/>
							<String ID="string_163" HPOS="1536" VPOS="877" WIDTH="110" HEIGHT="29" WC="0.96" CONTENT="skulle"/><SP WIDTH="18" VPOS="877" HPOS="1646"/>
							<String ID="string_164" HPOS="1664" VPOS="876" WIDTH="97" HEIGHT="30" WC="0.96" CONTENT="träda"/>
						</TextLine>
						<TextLine ID="line_16" HPOS="277" VPOS="921" WIDTH="1484" HEIGHT="41">
							<String ID="string_165" HPOS="277" VPOS="926" WIDTH="7" HEIGHT="27" WC="0.96" CONTENT="i"/><SP WIDTH="19" VPOS="926" HPOS="284"/>
							<String ID="string_166" HPOS="303" VPOS="924" WIDTH="95" HEIGHT="30" WC="0.96" CONTENT="kraft"/><SP WIDTH="20" VPOS="924" HPOS="398"/>
							<String ID="string_167" HPOS="418" VPOS="924" WIDTH="66" HEIGHT="29" WC="0.96" CONTENT="den"/><SP WIDTH="20" VPOS="924" HPOS="484"/>
							<String ID="string_168" HPOS="504" VPOS="924" WIDTH="75" HEIGHT="38" WC="0.96" CONTENT="dag,"/><SP WIDTH="21" VPOS="924" HPOS="579"/>
							<String ID="string_169" HPOS="600" VPOS="933" WIDTH="75" HEIGHT="20" WC="0.96" CONTENT="som"/><SP WIDTH="19" VPOS="933" HPOS="675"/>
							<String ID="string_170" HPOS="694" VPOS="923" WIDTH="192" HEIGHT="30" WC="0.96" CONTENT="sedermera"/><SP WIDTH="19" VPOS="923" HPOS="886"/>
							<String ID="string_171" HPOS="905" VPOS="922" WIDTH="193" HEIGHT="30" WC="0.96" CONTENT="bestämdes"/><SP WIDTH="19" VPOS="922" HPOS="1098"/>
							<String ID="string_172" HPOS="1117" VPOS="922" WIDTH="10" HEIGHT="29" WC="0.96" CONTENT="i"/><SP WIDTH="21" VPOS="922" HPOS="1127"/>
							<String ID="string_173" HPOS="1148" VPOS="922" WIDTH="169" HEIGHT="30" WC="0.95" CONTENT="samband"/><SP WIDTH="20" VPOS="922" HPOS="1317"/>
							<String ID="string_174" HPOS="1337" VPOS="922" WIDTH="78" HEIGHT="29" WC="0.94" CONTENT="med"/><SP WIDTH="20" VPOS="922" HPOS="1415"/>
							<String ID="string_175" HPOS="1435" VPOS="931" WIDTH="41" HEIGHT="20" WC="0.94" CONTENT="en"/><SP WIDTH="19" VPOS="931" HPOS="1476"/>
							<String ID="string_176" HPOS="1495" VPOS="922" WIDTH="169" HEIGHT="29" WC="0.93" CONTENT="eventuell"/><SP WIDTH="20" VPOS="922" HPOS="1664"/>
							<String ID="string_177" HPOS="1684" VPOS="921" WIDTH="77" HEIGHT="30" WC="0.92" CONTENT="rati-"/>
						</TextLine>
						<TextLine ID="line_17" HPOS="278" VPOS="966" WIDTH="1483" HEIGHT="40">
							<String ID="string_178" HPOS="278" VPOS="968" WIDTH="154" HEIGHT="30" WC="0.37" CONTENT="fikation."/><SP WIDTH="22" VPOS="968" HPOS="432"/>
							<String ID="string_179" HPOS="454" VPOS="968" WIDTH="195" HEIGHT="38" WC="0.96" CONTENT="Riksdagen"/><SP WIDTH="19" VPOS="968" HPOS="649"/>
							<String ID="string_180" HPOS="668" VPOS="968" WIDTH="116" HEIGHT="37" WC="0.95" CONTENT="avslog"/><SP WIDTH="20" VPOS="968" HPOS="784"/>
							<String ID="string_181" HPOS="804" VPOS="967" WIDTH="186" HEIGHT="29" WC="0.96" CONTENT="emellertid"/><SP WIDTH="19" VPOS="967" HPOS="990"/>
							<String ID="string_182" HPOS="1009" VPOS="967" WIDTH="92" HEIGHT="29" WC="0.96" CONTENT="detta"/><SP WIDTH="20" VPOS="967" HPOS="1101"/>
							<String ID="string_183" HPOS="1121" VPOS="966" WIDTH="186" HEIGHT="38" WC="0.96" CONTENT="lagförslag"/><SP WIDTH="21" VPOS="966" HPOS="1307"/>
							<String ID="string_184" HPOS="1328" VPOS="966" WIDTH="65" HEIGHT="30" WC="0.96" CONTENT="och"/><SP WIDTH="20" VPOS="966" HPOS="1393"/>
							<String ID="string_185" HPOS="1413" VPOS="966" WIDTH="152" HEIGHT="30" WC="0.95" CONTENT="uttalade"/><SP WIDTH="17" VPOS="966" HPOS="1565"/>
							<String ID="string_186" HPOS="1582" VPOS="966" WIDTH="179" HEIGHT="38" WC="0.96" CONTENT="därjämte,"/>
						</TextLine>
						<TextLine ID="line_18" HPOS="275" VPOS="1010" WIDTH="1488" HEIGHT="39">
							<String ID="string_187" HPOS="275" VPOS="1016" WIDTH="49" HEIGHT="27" WC="0.95" CONTENT="att"/><SP WIDTH="26" VPOS="1016" HPOS="324"/>
							<String ID="string_188" HPOS="350" VPOS="1012" WIDTH="254" HEIGHT="30" WC="0.95" CONTENT="konventionen"/><SP WIDTH="28" VPOS="1012" HPOS="604"/>
							<String ID="string_189" HPOS="632" VPOS="1011" WIDTH="176" HEIGHT="38" WC="0.95" CONTENT="angående"/><SP WIDTH="27" VPOS="1011" HPOS="808"/>
							<String ID="string_190" HPOS="835" VPOS="1011" WIDTH="207" HEIGHT="30" WC="0.96" CONTENT="arbetstiden"/><SP WIDTH="27" VPOS="1011" HPOS="1042"/>
							<String ID="string_191" HPOS="1069" VPOS="1012" WIDTH="9" HEIGHT="28" WC="0.96" CONTENT="i"/><SP WIDTH="28" VPOS="1012" HPOS="1078"/>
							<String ID="string_192" HPOS="1106" VPOS="1010" WIDTH="231" HEIGHT="31" WC="0.93" CONTENT="automatiska"/><SP WIDTH="28" VPOS="1010" HPOS="1337"/>
							<String ID="string_193" HPOS="1365" VPOS="1010" WIDTH="298" HEIGHT="38" WC="0.91" CONTENT="fönsterglasbruk"/><SP WIDTH="26" VPOS="1010" HPOS="1663"/>
							<String ID="string_194" HPOS="1689" VPOS="1010" WIDTH="74" HEIGHT="30" WC="0.96" CONTENT="icke"/>
						</TextLine>
						<TextLine ID="line_19" HPOS="275" VPOS="1054" WIDTH="1488" HEIGHT="40">
							<String ID="string_195" HPOS="275" VPOS="1058" WIDTH="107" HEIGHT="29" WC="0.96" CONTENT="borde"/><SP WIDTH="20" VPOS="1058" HPOS="382"/>
							<String ID="string_196" HPOS="402" VPOS="1056" WIDTH="200" HEIGHT="31" WC="0.96" CONTENT="ratificeras."/><SP WIDTH="33" VPOS="1056" HPOS="602"/>
							<String ID="string_197" HPOS="635" VPOS="1057" WIDTH="116" HEIGHT="30" WC="0.95" CONTENT="Andra"/><SP WIDTH="22" VPOS="1057" HPOS="751"/>
							<String ID="string_198" HPOS="773" VPOS="1057" WIDTH="229" HEIGHT="37" WC="0.95" CONTENT="lagutskottet,"/><SP WIDTH="21" VPOS="1057" HPOS="1002"/>
							<String ID="string_199" HPOS="1023" VPOS="1065" WIDTH="78" HEIGHT="21" WC="0.95" CONTENT="vars"/><SP WIDTH="20" VPOS="1065" HPOS="1101"/>
							<String ID="string_200" HPOS="1121" VPOS="1055" WIDTH="177" HEIGHT="30" WC="0.95" CONTENT="utlåtande"/><SP WIDTH="21" VPOS="1055" HPOS="1298"/>
							<String ID="string_201" HPOS="1319" VPOS="1055" WIDTH="122" HEIGHT="30" WC="0.96" CONTENT="därvid"/><SP WIDTH="20" VPOS="1055" HPOS="1441"/>
							<String ID="string_202" HPOS="1461" VPOS="1055" WIDTH="135" HEIGHT="38" WC="0.96" CONTENT="följdes,"/><SP WIDTH="24" VPOS="1055" HPOS="1596"/>
							<String ID="string_203" HPOS="1620" VPOS="1054" WIDTH="143" HEIGHT="30" WC="0.96" CONTENT="anförde"/>
						</TextLine>
						<TextLine ID="line_20" HPOS="276" VPOS="1099" WIDTH="1486" HEIGHT="39">
							<String ID="string_204" HPOS="276" VPOS="1102" WIDTH="107" HEIGHT="30" WC="0.96" CONTENT="bland"/><SP WIDTH="28" VPOS="1102" HPOS="383"/>
							<String ID="string_205" HPOS="411" VPOS="1106" WIDTH="114" HEIGHT="31" WC="0.96" CONTENT="annat,"/><SP WIDTH="29" VPOS="1106" HPOS="525"/>
							<String ID="string_206" HPOS="554" VPOS="1105" WIDTH="48" HEIGHT="27" WC="0.96" CONTENT="att"/><SP WIDTH="25" VPOS="1105" HPOS="602"/>
							<String ID="string_207" HPOS="627" VPOS="1110" WIDTH="91" HEIGHT="27" WC="0.96" CONTENT="man,"/><SP WIDTH="29" VPOS="1110" HPOS="718"/>
							<String ID="string_208" HPOS="747" VPOS="1101" WIDTH="106" HEIGHT="30" WC="0.96" CONTENT="innan"/><SP WIDTH="28" VPOS="1101" HPOS="853"/>
							<String ID="string_209" HPOS="881" VPOS="1110" WIDTH="42" HEIGHT="21" WC="0.93" CONTENT="en"/><SP WIDTH="27" VPOS="1110" HPOS="923"/>
							<String ID="string_210" HPOS="950" VPOS="1099" WIDTH="344" HEIGHT="39" WC="0.91" CONTENT="speciallagstiftning"/><SP WIDTH="27" VPOS="1099" HPOS="1294"/>
							<String ID="string_211" HPOS="1321" VPOS="1109" WIDTH="43" HEIGHT="21" WC="0.96" CONTENT="av"/><SP WIDTH="28" VPOS="1109" HPOS="1364"/>
							<String ID="string_212" HPOS="1392" VPOS="1100" WIDTH="91" HEIGHT="29" WC="0.96" CONTENT="detta"/><SP WIDTH="28" VPOS="1100" HPOS="1483"/>
							<String ID="string_213" HPOS="1511" VPOS="1100" WIDTH="73" HEIGHT="38" WC="0.93" CONTENT="slag"/><SP WIDTH="29" VPOS="1100" HPOS="1584"/>
							<String ID="string_214" HPOS="1613" VPOS="1103" WIDTH="149" HEIGHT="34" WC="0.85" CONTENT="antoges,"/>
						</TextLine>
						<TextLine ID="line_21" HPOS="276" VPOS="1144" WIDTH="1488" HEIGHT="38">
							<String ID="string_215" HPOS="276" VPOS="1147" WIDTH="106" HEIGHT="29" WC="0.96" CONTENT="borde"/><SP WIDTH="23" VPOS="1147" HPOS="382"/>
							<String ID="string_216" HPOS="405" VPOS="1147" WIDTH="205" HEIGHT="35" WC="0.96" CONTENT="undersöka,"/><SP WIDTH="25" VPOS="1147" HPOS="610"/>
							<String ID="string_217" HPOS="635" VPOS="1146" WIDTH="171" HEIGHT="30" WC="0.96" CONTENT="huruvida"/><SP WIDTH="23" VPOS="1146" HPOS="806"/>
							<String ID="string_218" HPOS="829" VPOS="1145" WIDTH="74" HEIGHT="30" WC="0.96" CONTENT="icke"/><SP WIDTH="22" VPOS="1145" HPOS="903"/>
							<String ID="string_219" HPOS="925" VPOS="1155" WIDTH="43" HEIGHT="20" WC="0.96" CONTENT="en"/><SP WIDTH="22" VPOS="1155" HPOS="968"/>
							<String ID="string_220" HPOS="990" VPOS="1145" WIDTH="244" HEIGHT="30" WC="0.91" CONTENT="motsvarande"/><SP WIDTH="23" VPOS="1145" HPOS="1234"/>
							<String ID="string_221" HPOS="1257" VPOS="1144" WIDTH="404" HEIGHT="38" WC="0.90" CONTENT="arbetstidsförkortning"/><SP WIDTH="24" VPOS="1144" HPOS="1661"/>
							<String ID="string_222" HPOS="1685" VPOS="1153" WIDTH="79" HEIGHT="21" WC="0.96" CONTENT="vore"/>
						</TextLine>
						<TextLine ID="line_22" HPOS="276" VPOS="1188" WIDTH="1488" HEIGHT="44">
							<String ID="string_223" HPOS="276" VPOS="1190" WIDTH="150" HEIGHT="38" WC="0.96" CONTENT="befogad"/><SP WIDTH="23" VPOS="1190" HPOS="426"/>
							<String ID="string_224" HPOS="449" VPOS="1192" WIDTH="86" HEIGHT="28" WC="0.96" CONTENT="även"/><SP WIDTH="23" VPOS="1192" HPOS="535"/>
							<String ID="string_225" HPOS="558" VPOS="1191" WIDTH="55" HEIGHT="29" WC="0.96" CONTENT="för"/><SP WIDTH="23" VPOS="1191" HPOS="613"/>
							<String ID="string_226" HPOS="636" VPOS="1190" WIDTH="108" HEIGHT="30" WC="0.96" CONTENT="andra"/><SP WIDTH="24" VPOS="1190" HPOS="744"/>
							<String ID="string_227" HPOS="768" VPOS="1190" WIDTH="164" HEIGHT="35" WC="0.93" CONTENT="arbetare,"/><SP WIDTH="24" VPOS="1190" HPOS="932"/>
							<String ID="string_228" HPOS="956" VPOS="1194" WIDTH="21" HEIGHT="26" WC="0.89" CONTENT="t."/><SP WIDTH="24" VPOS="1194" HPOS="977"/>
							<String ID="string_229" HPOS="1001" VPOS="1199" WIDTH="51" HEIGHT="33" WC="0.93" CONTENT="ex."/><SP WIDTH="25" VPOS="1199" HPOS="1052"/>
							<String ID="string_230" HPOS="1077" VPOS="1188" WIDTH="383" HEIGHT="39" WC="0.91" CONTENT="järnbruksarbetarna,"/><SP WIDTH="26" VPOS="1188" HPOS="1460"/>
							<String ID="string_231" HPOS="1486" VPOS="1188" WIDTH="92" HEIGHT="31" WC="0.96" CONTENT="vilka"/><SP WIDTH="25" VPOS="1188" HPOS="1578"/>
							<String ID="string_232" HPOS="1603" VPOS="1188" WIDTH="161" HEIGHT="30" WC="0.95" CONTENT="arbetade"/>
						</TextLine>
						<TextLine ID="line_23" HPOS="279" VPOS="1232" WIDTH="1486" HEIGHT="39">
							<String ID="string_233" HPOS="279" VPOS="1235" WIDTH="108" HEIGHT="30" WC="0.96" CONTENT="under"/><SP WIDTH="23" VPOS="1235" HPOS="387"/>
							<String ID="string_234" HPOS="410" VPOS="1235" WIDTH="70" HEIGHT="31" WC="0.95" CONTENT="lika"/><SP WIDTH="23" VPOS="1235" HPOS="480"/>
							<String ID="string_235" HPOS="503" VPOS="1234" WIDTH="99" HEIGHT="31" WC="0.96" CONTENT="svåra"/><SP WIDTH="24" VPOS="1234" HPOS="602"/>
							<String ID="string_236" HPOS="626" VPOS="1234" WIDTH="243" HEIGHT="30" WC="0.96" CONTENT="förhållanden"/><SP WIDTH="24" VPOS="1234" HPOS="869"/>
							<String ID="string_237" HPOS="893" VPOS="1244" WIDTH="74" HEIGHT="20" WC="0.96" CONTENT="som"/><SP WIDTH="24" VPOS="1244" HPOS="967"/>
							<String ID="string_238" HPOS="991" VPOS="1234" WIDTH="51" HEIGHT="36" WC="0.94" CONTENT="de,"/><SP WIDTH="26" VPOS="1234" HPOS="1042"/>
							<String ID="string_239" HPOS="1068" VPOS="1234" WIDTH="93" HEIGHT="30" WC="0.93" CONTENT="vilka"/><SP WIDTH="20" VPOS="1234" HPOS="1161"/>
							<String ID="string_240" HPOS="1181" VPOS="1232" WIDTH="151" HEIGHT="39" WC="0.92" CONTENT="förelåge"/><SP WIDTH="23" VPOS="1232" HPOS="1332"/>
							<String ID="string_241" HPOS="1355" VPOS="1233" WIDTH="55" HEIGHT="30" WC="0.96" CONTENT="för"/><SP WIDTH="25" VPOS="1233" HPOS="1410"/>
							<String ID="string_242" HPOS="1435" VPOS="1234" WIDTH="41" HEIGHT="29" WC="0.96" CONTENT="de"/><SP WIDTH="23" VPOS="1234" HPOS="1476"/>
							<String ID="string_243" HPOS="1499" VPOS="1234" WIDTH="10" HEIGHT="28" WC="0.96" CONTENT="i"/><SP WIDTH="24" VPOS="1234" HPOS="1509"/>
							<String ID="string_244" HPOS="1533" VPOS="1232" WIDTH="232" HEIGHT="38" WC="0.96" CONTENT="kontinuerlig"/>
						</TextLine>
						<TextLine ID="line_24" HPOS="278" VPOS="1277" WIDTH="1485" HEIGHT="41">
							<String ID="string_245" HPOS="278" VPOS="1280" WIDTH="83" HEIGHT="31" WC="0.96" CONTENT="drift"/><SP WIDTH="30" VPOS="1280" HPOS="361"/>
							<String ID="string_246" HPOS="391" VPOS="1281" WIDTH="57" HEIGHT="29" WC="0.92" CONTENT="vid"/><SP WIDTH="29" VPOS="1281" HPOS="448"/>
							<String ID="string_247" HPOS="477" VPOS="1280" WIDTH="341" HEIGHT="38" WC="0.90" CONTENT="fönsterglasbruken"/><SP WIDTH="29" VPOS="1280" HPOS="818"/>
							<String ID="string_248" HPOS="847" VPOS="1280" WIDTH="196" HEIGHT="38" WC="0.96" CONTENT="sysselsatta"/><SP WIDTH="31" VPOS="1280" HPOS="1043"/>
							<String ID="string_249" HPOS="1074" VPOS="1278" WIDTH="193" HEIGHT="30" WC="0.96" CONTENT="arbetarna."/><SP WIDTH="45" VPOS="1278" HPOS="1267"/>
							<String ID="string_250" HPOS="1312" VPOS="1278" WIDTH="170" HEIGHT="30" WC="0.95" CONTENT="Utskottet"/><SP WIDTH="29" VPOS="1278" HPOS="1482"/>
							<String ID="string_251" HPOS="1511" VPOS="1277" WIDTH="252" HEIGHT="35" WC="0.96" CONTENT="konstaterade,"/>
						</TextLine>
						<TextLine ID="line_25" HPOS="277" VPOS="1321" WIDTH="1489" HEIGHT="42">
							<String ID="string_252" HPOS="277" VPOS="1328" WIDTH="49" HEIGHT="27" WC="0.96" CONTENT="att"/><SP WIDTH="25" VPOS="1328" HPOS="326"/>
							<String ID="string_253" HPOS="351" VPOS="1324" WIDTH="115" HEIGHT="39" WC="0.96" CONTENT="någon"/><SP WIDTH="26" VPOS="1324" HPOS="466"/>
							<String ID="string_254" HPOS="492" VPOS="1324" WIDTH="182" HEIGHT="39" WC="0.96" CONTENT="utredning"/><SP WIDTH="27" VPOS="1324" HPOS="674"/>
							<String ID="string_255" HPOS="701" VPOS="1334" WIDTH="42" HEIGHT="20" WC="0.92" CONTENT="av"/><SP WIDTH="26" VPOS="1334" HPOS="743"/>
							<String ID="string_256" HPOS="769" VPOS="1322" WIDTH="210" HEIGHT="40" WC="0.90" CONTENT="spörsmålet,"/><SP WIDTH="29" VPOS="1322" HPOS="979"/>
							<String ID="string_257" HPOS="1008" VPOS="1324" WIDTH="9" HEIGHT="29" WC="0.96" CONTENT="i"/><SP WIDTH="27" VPOS="1324" HPOS="1017"/>
							<String ID="string_258" HPOS="1044" VPOS="1323" WIDTH="115" HEIGHT="30" WC="0.96" CONTENT="vilken"/><SP WIDTH="26" VPOS="1323" HPOS="1159"/>
							<String ID="string_259" HPOS="1185" VPOS="1322" WIDTH="208" HEIGHT="39" WC="0.96" CONTENT="omfattning"/><SP WIDTH="27" VPOS="1322" HPOS="1393"/>
							<String ID="string_260" HPOS="1420" VPOS="1321" WIDTH="114" HEIGHT="31" WC="0.96" CONTENT="arbete"/><SP WIDTH="27" VPOS="1321" HPOS="1534"/>
							<String ID="string_261" HPOS="1561" VPOS="1332" WIDTH="42" HEIGHT="20" WC="0.96" CONTENT="av"/><SP WIDTH="28" VPOS="1332" HPOS="1603"/>
							<String ID="string_262" HPOS="1631" VPOS="1322" WIDTH="135" HEIGHT="38" WC="0.96" CONTENT="angivet"/>
						</TextLine>
						<TextLine ID="line_26" HPOS="278" VPOS="1369" WIDTH="964" HEIGHT="40">
							<String ID="string_263" HPOS="278" VPOS="1371" WIDTH="72" HEIGHT="38" WC="0.93" CONTENT="slag"/><SP WIDTH="22" VPOS="1371" HPOS="350"/>
							<String ID="string_264" HPOS="372" VPOS="1369" WIDTH="214" HEIGHT="30" WC="0.92" CONTENT="förekomme"/><SP WIDTH="20" VPOS="1369" HPOS="586"/>
							<String ID="string_265" HPOS="606" VPOS="1370" WIDTH="10" HEIGHT="29" WC="0.95" CONTENT="i"/><SP WIDTH="22" VPOS="1370" HPOS="616"/>
							<String ID="string_266" HPOS="638" VPOS="1369" WIDTH="75" HEIGHT="30" WC="0.95" CONTENT="vårt"/><SP WIDTH="21" VPOS="1369" HPOS="713"/>
							<String ID="string_267" HPOS="734" VPOS="1369" WIDTH="90" HEIGHT="35" WC="0.95" CONTENT="land,"/><SP WIDTH="24" VPOS="1369" HPOS="824"/>
							<String ID="string_268" HPOS="848" VPOS="1369" WIDTH="74" HEIGHT="29" WC="0.96" CONTENT="icke"/><SP WIDTH="18" VPOS="1369" HPOS="922"/>
							<String ID="string_269" HPOS="940" VPOS="1369" WIDTH="90" HEIGHT="30" WC="0.91" CONTENT="hade"/><SP WIDTH="19" VPOS="1369" HPOS="1030"/>
							<String ID="string_270" HPOS="1049" VPOS="1371" WIDTH="193" HEIGHT="36" WC="0.91" CONTENT="presterats."/>
						</TextLine>
					</TextBlock>
					<TextBlock ID="block_3" HPOS="279" VPOS="1411" WIDTH="1488" HEIGHT="256">
						<TextLine ID="line_27" HPOS="322" VPOS="1411" WIDTH="1442" HEIGHT="40">
							<String ID="string_271" HPOS="322" VPOS="1414" WIDTH="54" HEIGHT="30" WC="0.96" CONTENT="En"/><SP WIDTH="24" VPOS="1414" HPOS="376"/>
							<String ID="string_272" HPOS="400" VPOS="1425" WIDTH="42" HEIGHT="20" WC="0.96" CONTENT="av"/><SP WIDTH="25" VPOS="1425" HPOS="442"/>
							<String ID="string_273" HPOS="467" VPOS="1414" WIDTH="65" HEIGHT="30" WC="0.96" CONTENT="den"/><SP WIDTH="23" VPOS="1414" HPOS="532"/>
							<String ID="string_274" HPOS="555" VPOS="1413" WIDTH="275" HEIGHT="30" WC="0.93" CONTENT="internationella"/><SP WIDTH="25" VPOS="1413" HPOS="830"/>
							<String ID="string_275" HPOS="855" VPOS="1412" WIDTH="410" HEIGHT="39" WC="0.91" CONTENT="arbetsorganisationens"/><SP WIDTH="26" VPOS="1412" HPOS="1265"/>
							<String ID="string_276" HPOS="1291" VPOS="1412" WIDTH="185" HEIGHT="30" WC="0.96" CONTENT="konferens"/><SP WIDTH="26" VPOS="1412" HPOS="1476"/>
							<String ID="string_277" HPOS="1502" VPOS="1411" WIDTH="38" HEIGHT="30" WC="0.96" CONTENT="år"/><SP WIDTH="30" VPOS="1411" HPOS="1540"/>
							<String ID="string_278" HPOS="1570" VPOS="1412" WIDTH="81" HEIGHT="29" WC="0.92" CONTENT="1935"/><SP WIDTH="27" VPOS="1412" HPOS="1651"/>
							<String ID="string_279" HPOS="1678" VPOS="1412" WIDTH="86" HEIGHT="29" WC="0.92" CONTENT="före-"/>
						</TextLine>
						<TextLine ID="line_28" HPOS="279" VPOS="1456" WIDTH="1485" HEIGHT="42">
							<String ID="string_280" HPOS="279" VPOS="1461" WIDTH="117" HEIGHT="37" WC="0.96" CONTENT="slagen"/><SP WIDTH="18" VPOS="1461" HPOS="396"/>
							<String ID="string_281" HPOS="414" VPOS="1459" WIDTH="209" HEIGHT="30" WC="0.95" CONTENT="konvention"/><SP WIDTH="19" VPOS="1459" HPOS="623"/>
							<String ID="string_282" HPOS="642" VPOS="1468" WIDTH="57" HEIGHT="20" WC="0.96" CONTENT="om"/><SP WIDTH="16" VPOS="1468" HPOS="699"/>
							<String ID="string_283" HPOS="715" VPOS="1458" WIDTH="218" HEIGHT="38" WC="0.95" CONTENT="förkortning"/><SP WIDTH="19" VPOS="1458" HPOS="933"/>
							<String ID="string_284" HPOS="952" VPOS="1467" WIDTH="41" HEIGHT="21" WC="0.96" CONTENT="av"/><SP WIDTH="20" VPOS="1467" HPOS="993"/>
							<String ID="string_285" HPOS="1013" VPOS="1457" WIDTH="209" HEIGHT="30" WC="0.96" CONTENT="arbetstiden"/><SP WIDTH="18" VPOS="1457" HPOS="1222"/>
							<String ID="string_286" HPOS="1240" VPOS="1457" WIDTH="10" HEIGHT="29" WC="0.93" CONTENT="i"/><SP WIDTH="17" VPOS="1457" HPOS="1250"/>
							<String ID="string_287" HPOS="1267" VPOS="1456" WIDTH="284" HEIGHT="39" WC="0.91" CONTENT="buteljglasbruk,"/><SP WIDTH="21" VPOS="1456" HPOS="1551"/>
							<String ID="string_288" HPOS="1572" VPOS="1465" WIDTH="76" HEIGHT="21" WC="0.93" CONTENT="som"/><SP WIDTH="17" VPOS="1465" HPOS="1648"/>
							<String ID="string_289" HPOS="1665" VPOS="1457" WIDTH="99" HEIGHT="28" WC="0.91" CONTENT="även-"/>
						</TextLine>
						<TextLine ID="line_29" HPOS="279" VPOS="1500" WIDTH="1488" HEIGHT="41">
							<String ID="string_290" HPOS="279" VPOS="1504" WIDTH="90" HEIGHT="30" WC="0.92" CONTENT="ledes"/><SP WIDTH="23" VPOS="1504" HPOS="369"/>
							<String ID="string_291" HPOS="392" VPOS="1503" WIDTH="179" HEIGHT="30" WC="0.52" CONTENT="förutsatte"/><SP WIDTH="21" VPOS="1503" HPOS="571"/>
							<String ID="string_292" HPOS="592" VPOS="1513" WIDTH="42" HEIGHT="20" WC="0.93" CONTENT="en"/><SP WIDTH="22" VPOS="1513" HPOS="634"/>
							<String ID="string_293" HPOS="656" VPOS="1502" WIDTH="225" HEIGHT="39" WC="0.90" CONTENT="maximering"/><SP WIDTH="22" VPOS="1502" HPOS="881"/>
							<String ID="string_294" HPOS="903" VPOS="1512" WIDTH="42" HEIGHT="20" WC="0.96" CONTENT="av"/><SP WIDTH="21" VPOS="1512" HPOS="945"/>
							<String ID="string_295" HPOS="966" VPOS="1502" WIDTH="247" HEIGHT="30" WC="0.96" CONTENT="arbetsveckan"/><SP WIDTH="19" VPOS="1502" HPOS="1213"/>
							<String ID="string_296" HPOS="1232" VPOS="1501" WIDTH="48" HEIGHT="30" WC="0.96" CONTENT="till"/><SP WIDTH="22" VPOS="1501" HPOS="1280"/>
							<String ID="string_297" HPOS="1302" VPOS="1501" WIDTH="10" HEIGHT="30" WC="0.96" CONTENT="i"/><SP WIDTH="23" VPOS="1501" HPOS="1312"/>
							<String ID="string_298" HPOS="1335" VPOS="1500" WIDTH="207" HEIGHT="39" WC="0.96" CONTENT="genomsnitt"/><SP WIDTH="21" VPOS="1500" HPOS="1542"/>
							<String ID="string_299" HPOS="1563" VPOS="1501" WIDTH="41" HEIGHT="29" WC="0.96" CONTENT="42"/><SP WIDTH="24" VPOS="1501" HPOS="1604"/>
							<String ID="string_300" HPOS="1628" VPOS="1500" WIDTH="139" HEIGHT="30" WC="0.96" CONTENT="timmar"/>
						</TextLine>
						<TextLine ID="line_30" HPOS="279" VPOS="1544" WIDTH="1486" HEIGHT="42">
							<String ID="string_301" HPOS="279" VPOS="1553" WIDTH="89" HEIGHT="26" WC="0.95" CONTENT="samt"/><SP WIDTH="17" VPOS="1553" HPOS="368"/>
							<String ID="string_302" HPOS="385" VPOS="1549" WIDTH="243" HEIGHT="29" WC="0.96" CONTENT="användandet"/><SP WIDTH="19" VPOS="1549" HPOS="628"/>
							<String ID="string_303" HPOS="647" VPOS="1558" WIDTH="42" HEIGHT="19" WC="0.96" CONTENT="av"/><SP WIDTH="17" VPOS="1558" HPOS="689"/>
							<String ID="string_304" HPOS="706" VPOS="1549" WIDTH="102" HEIGHT="28" WC="0.96" CONTENT="minst"/><SP WIDTH="19" VPOS="1549" HPOS="808"/>
							<String ID="string_305" HPOS="827" VPOS="1547" WIDTH="78" HEIGHT="39" WC="0.92" CONTENT="fyra"/><SP WIDTH="18" VPOS="1547" HPOS="905"/>
							<String ID="string_306" HPOS="923" VPOS="1546" WIDTH="149" HEIGHT="38" WC="0.91" CONTENT="skiftlag,"/><SP WIDTH="20" VPOS="1546" HPOS="1072"/>
							<String ID="string_307" HPOS="1092" VPOS="1546" WIDTH="234" HEIGHT="30" WC="0.91" CONTENT="ratificerades"/><SP WIDTH="18" VPOS="1546" HPOS="1326"/>
							<String ID="string_308" HPOS="1344" VPOS="1546" WIDTH="107" HEIGHT="29" WC="0.96" CONTENT="heller"/><SP WIDTH="16" VPOS="1546" HPOS="1451"/>
							<String ID="string_309" HPOS="1467" VPOS="1545" WIDTH="74" HEIGHT="30" WC="0.95" CONTENT="icke"/><SP WIDTH="19" VPOS="1545" HPOS="1541"/>
							<String ID="string_310" HPOS="1560" VPOS="1554" WIDTH="42" HEIGHT="21" WC="0.96" CONTENT="av"/><SP WIDTH="19" VPOS="1554" HPOS="1602"/>
							<String ID="string_311" HPOS="1621" VPOS="1544" WIDTH="144" HEIGHT="39" WC="0.96" CONTENT="Sverige."/>
						</TextLine>
						<TextLine ID="line_31" HPOS="282" VPOS="1589" WIDTH="1483" HEIGHT="41">
							<String ID="string_312" HPOS="282" VPOS="1594" WIDTH="197" HEIGHT="29" WC="0.95" CONTENT="Detsamma"/><SP WIDTH="21" VPOS="1594" HPOS="479"/>
							<String ID="string_313" HPOS="500" VPOS="1593" WIDTH="106" HEIGHT="37" WC="0.96" CONTENT="gäller"/><SP WIDTH="21" VPOS="1593" HPOS="606"/>
							<String ID="string_314" HPOS="627" VPOS="1593" WIDTH="10" HEIGHT="29" WC="0.96" CONTENT="i"/><SP WIDTH="21" VPOS="1593" HPOS="637"/>
							<String ID="string_315" HPOS="658" VPOS="1592" WIDTH="97" HEIGHT="38" WC="0.96" CONTENT="fråga"/><SP WIDTH="21" VPOS="1592" HPOS="755"/>
							<String ID="string_316" HPOS="776" VPOS="1602" WIDTH="57" HEIGHT="19" WC="0.96" CONTENT="om"/><SP WIDTH="20" VPOS="1602" HPOS="833"/>
							<String ID="string_317" HPOS="853" VPOS="1602" WIDTH="42" HEIGHT="19" WC="0.96" CONTENT="en"/><SP WIDTH="21" VPOS="1602" HPOS="895"/>
							<String ID="string_318" HPOS="916" VPOS="1602" WIDTH="42" HEIGHT="19" WC="0.96" CONTENT="av"/><SP WIDTH="21" VPOS="1602" HPOS="958"/>
							<String ID="string_319" HPOS="979" VPOS="1591" WIDTH="154" HEIGHT="30" WC="0.96" CONTENT="nämnda"/><SP WIDTH="22" VPOS="1591" HPOS="1133"/>
							<String ID="string_320" HPOS="1155" VPOS="1591" WIDTH="185" HEIGHT="29" WC="0.92" CONTENT="konferens"/><SP WIDTH="21" VPOS="1591" HPOS="1340"/>
							<String ID="string_321" HPOS="1361" VPOS="1590" WIDTH="166" HEIGHT="29" WC="0.91" CONTENT="förordad"/><SP WIDTH="18" VPOS="1590" HPOS="1527"/>
							<String ID="string_322" HPOS="1545" VPOS="1589" WIDTH="220" HEIGHT="40" WC="0.91" CONTENT="principkon-"/>
						</TextLine>
						<TextLine ID="line_32" HPOS="280" VPOS="1636" WIDTH="716" HEIGHT="31">
							<String ID="string_323" HPOS="280" VPOS="1638" WIDTH="138" HEIGHT="29" WC="0.92" CONTENT="vention"/><SP WIDTH="24" VPOS="1638" HPOS="418"/>
							<String ID="string_324" HPOS="442" VPOS="1647" WIDTH="55" HEIGHT="20" WC="0.96" CONTENT="om"/><SP WIDTH="24" VPOS="1647" HPOS="497"/>
							<String ID="string_325" HPOS="521" VPOS="1638" WIDTH="40" HEIGHT="29" WC="0.96" CONTENT="40"/><SP WIDTH="25" VPOS="1638" HPOS="561"/>
							<String ID="string_326" HPOS="586" VPOS="1637" WIDTH="156" HEIGHT="30" WC="0.95" CONTENT="timmars"/><SP WIDTH="23" VPOS="1637" HPOS="742"/>
							<String ID="string_327" HPOS="765" VPOS="1636" WIDTH="231" HEIGHT="30" WC="0.95" CONTENT="arbetsvecka."/>
						</TextLine>
					</TextBlock>
					<TextBlock ID="block_4" HPOS="280" VPOS="1679" WIDTH="1492" HEIGHT="755">
						<TextLine ID="line_33" HPOS="325" VPOS="1679" WIDTH="1442" HEIGHT="41">
							<String ID="string_328" HPOS="325" VPOS="1681" WIDTH="136" HEIGHT="39" WC="0.96" CONTENT="Frågan"/><SP WIDTH="21" VPOS="1681" HPOS="461"/>
							<String ID="string_329" HPOS="482" VPOS="1692" WIDTH="56" HEIGHT="20" WC="0.95" CONTENT="om"/><SP WIDTH="20" VPOS="1692" HPOS="538"/>
							<String ID="string_330" HPOS="558" VPOS="1681" WIDTH="156" HEIGHT="31" WC="0.95" CONTENT="riskerna"/><SP WIDTH="20" VPOS="1681" HPOS="714"/>
							<String ID="string_331" HPOS="734" VPOS="1681" WIDTH="54" HEIGHT="30" WC="0.96" CONTENT="för"/><SP WIDTH="20" VPOS="1681" HPOS="788"/>
							<String ID="string_332" HPOS="808" VPOS="1680" WIDTH="120" HEIGHT="31" WC="0.96" CONTENT="ohälsa"/><SP WIDTH="21" VPOS="1680" HPOS="928"/>
							<String ID="string_333" HPOS="949" VPOS="1681" WIDTH="10" HEIGHT="29" WC="0.96" CONTENT="i"/><SP WIDTH="22" VPOS="1681" HPOS="959"/>
							<String ID="string_334" HPOS="981" VPOS="1681" WIDTH="170" HEIGHT="29" WC="0.96" CONTENT="samband"/><SP WIDTH="18" VPOS="1681" HPOS="1151"/>
							<String ID="string_335" HPOS="1169" VPOS="1681" WIDTH="77" HEIGHT="29" WC="0.92" CONTENT="med"/><SP WIDTH="21" VPOS="1681" HPOS="1246"/>
							<String ID="string_336" HPOS="1267" VPOS="1680" WIDTH="200" HEIGHT="29" WC="0.92" CONTENT="skiftarbete"/><SP WIDTH="22" VPOS="1680" HPOS="1467"/>
							<String ID="string_337" HPOS="1489" VPOS="1680" WIDTH="64" HEIGHT="29" WC="0.96" CONTENT="har"/><SP WIDTH="22" VPOS="1680" HPOS="1553"/>
							<String ID="string_338" HPOS="1575" VPOS="1679" WIDTH="192" HEIGHT="29" WC="0.96" CONTENT="sedermera"/>
						</TextLine>
						<TextLine ID="line_34" HPOS="280" VPOS="1723" WIDTH="1488" HEIGHT="41">
							<String ID="string_339" HPOS="280" VPOS="1728" WIDTH="132" HEIGHT="29" WC="0.96" CONTENT="berörts"/><SP WIDTH="29" VPOS="1728" HPOS="412"/>
							<String ID="string_340" HPOS="441" VPOS="1728" WIDTH="10" HEIGHT="28" WC="0.93" CONTENT="i"/><SP WIDTH="29" VPOS="1728" HPOS="451"/>
							<String ID="string_341" HPOS="480" VPOS="1726" WIDTH="536" HEIGHT="38" WC="0.91" CONTENT="rationaliseringsutredningens"/><SP WIDTH="30" VPOS="1726" HPOS="1016"/>
							<String ID="string_342" HPOS="1046" VPOS="1725" WIDTH="219" HEIGHT="30" WC="0.96" CONTENT="betänkande"/><SP WIDTH="34" VPOS="1725" HPOS="1265"/>
							<String ID="string_343" HPOS="1299" VPOS="1724" WIDTH="97" HEIGHT="38" WC="0.91" CONTENT="(SOU"/><SP WIDTH="34" VPOS="1724" HPOS="1396"/>
							<String ID="string_344" HPOS="1430" VPOS="1723" WIDTH="180" HEIGHT="39" WC="0.89" CONTENT="1939:13)."/><SP WIDTH="44" VPOS="1723" HPOS="1610"/>
							<String ID="string_345" HPOS="1654" VPOS="1723" WIDTH="114" HEIGHT="30" WC="0.96" CONTENT="Under"/>
						</TextLine>
						<TextLine ID="line_35" HPOS="280" VPOS="1768" WIDTH="1488" HEIGHT="40">
							<String ID="string_346" HPOS="280" VPOS="1773" WIDTH="123" HEIGHT="29" WC="0.96" CONTENT="hösten"/><SP WIDTH="31" VPOS="1773" HPOS="403"/>
							<String ID="string_347" HPOS="434" VPOS="1772" WIDTH="81" HEIGHT="29" WC="0.96" CONTENT="1936"/><SP WIDTH="29" VPOS="1772" HPOS="515"/>
							<String ID="string_348" HPOS="544" VPOS="1772" WIDTH="90" HEIGHT="29" WC="0.96" CONTENT="hade"/><SP WIDTH="28" VPOS="1772" HPOS="634"/>
							<String ID="string_349" HPOS="662" VPOS="1771" WIDTH="152" HEIGHT="30" WC="0.95" CONTENT="nämnda"/><SP WIDTH="29" VPOS="1771" HPOS="814"/>
							<String ID="string_350" HPOS="843" VPOS="1770" WIDTH="182" HEIGHT="38" WC="0.95" CONTENT="utredning"/><SP WIDTH="28" VPOS="1770" HPOS="1025"/>
							<String ID="string_351" HPOS="1053" VPOS="1769" WIDTH="172" HEIGHT="30" WC="0.96" CONTENT="anordnat"/><SP WIDTH="28" VPOS="1769" HPOS="1225"/>
							<String ID="string_352" HPOS="1253" VPOS="1778" WIDTH="42" HEIGHT="21" WC="0.96" CONTENT="en"/><SP WIDTH="29" VPOS="1778" HPOS="1295"/>
							<String ID="string_353" HPOS="1324" VPOS="1769" WIDTH="84" HEIGHT="29" WC="0.96" CONTENT="serie"/><SP WIDTH="29" VPOS="1769" HPOS="1408"/>
							<String ID="string_354" HPOS="1437" VPOS="1768" WIDTH="225" HEIGHT="30" WC="0.96" CONTENT="konferenser"/><SP WIDTH="29" VPOS="1768" HPOS="1662"/>
							<String ID="string_355" HPOS="1691" VPOS="1769" WIDTH="77" HEIGHT="29" WC="0.95" CONTENT="med"/>
						</TextLine>
						<TextLine ID="line_36" HPOS="281" VPOS="1812" WIDTH="1486" HEIGHT="43">
							<String ID="string_356" HPOS="281" VPOS="1820" WIDTH="272" HEIGHT="35" WC="0.96" CONTENT="representanter"/><SP WIDTH="29" VPOS="1820" HPOS="553"/>
							<String ID="string_357" HPOS="582" VPOS="1817" WIDTH="55" HEIGHT="28" WC="0.96" CONTENT="för"/><SP WIDTH="31" VPOS="1817" HPOS="637"/>
							<String ID="string_358" HPOS="668" VPOS="1815" WIDTH="282" HEIGHT="37" WC="0.96" CONTENT="arbetsgivarnas,"/><SP WIDTH="31" VPOS="1815" HPOS="950"/>
							<String ID="string_359" HPOS="981" VPOS="1815" WIDTH="202" HEIGHT="29" WC="0.95" CONTENT="arbetarnas"/><SP WIDTH="27" VPOS="1815" HPOS="1183"/>
							<String ID="string_360" HPOS="1210" VPOS="1814" WIDTH="64" HEIGHT="29" WC="0.95" CONTENT="och"/><SP WIDTH="31" VPOS="1814" HPOS="1274"/>
							<String ID="string_361" HPOS="1305" VPOS="1814" WIDTH="40" HEIGHT="29" WC="0.95" CONTENT="de"/><SP WIDTH="30" VPOS="1814" HPOS="1345"/>
							<String ID="string_362" HPOS="1375" VPOS="1813" WIDTH="188" HEIGHT="30" WC="0.93" CONTENT="anställdas"/><SP WIDTH="31" VPOS="1813" HPOS="1563"/>
							<String ID="string_363" HPOS="1594" VPOS="1812" WIDTH="173" HEIGHT="38" WC="0.92" CONTENT="organisa-"/>
						</TextLine>
						<TextLine ID="line_37" HPOS="283" VPOS="1856" WIDTH="1484" HEIGHT="40">
							<String ID="string_364" HPOS="283" VPOS="1861" WIDTH="108" HEIGHT="29" WC="0.96" CONTENT="tioner"/><SP WIDTH="27" VPOS="1861" HPOS="391"/>
							<String ID="string_365" HPOS="418" VPOS="1865" WIDTH="87" HEIGHT="26" WC="0.96" CONTENT="samt"/><SP WIDTH="26" VPOS="1865" HPOS="505"/>
							<String ID="string_366" HPOS="531" VPOS="1861" WIDTH="154" HEIGHT="29" WC="0.96" CONTENT="enskilda"/><SP WIDTH="31" VPOS="1861" HPOS="685"/>
							<String ID="string_367" HPOS="716" VPOS="1859" WIDTH="288" HEIGHT="37" WC="0.96" CONTENT="industriföretag."/><SP WIDTH="43" VPOS="1859" HPOS="1004"/>
							<String ID="string_368" HPOS="1047" VPOS="1858" WIDTH="129" HEIGHT="30" WC="0.95" CONTENT="Därvid"/><SP WIDTH="29" VPOS="1858" HPOS="1176"/>
							<String ID="string_369" HPOS="1205" VPOS="1857" WIDTH="236" HEIGHT="30" WC="0.95" CONTENT="diskuterades"/><SP WIDTH="27" VPOS="1857" HPOS="1441"/>
							<String ID="string_370" HPOS="1468" VPOS="1857" WIDTH="138" HEIGHT="30" WC="0.95" CONTENT="särskilt"/><SP WIDTH="29" VPOS="1857" HPOS="1606"/>
							<String ID="string_371" HPOS="1635" VPOS="1856" WIDTH="132" HEIGHT="38" WC="0.96" CONTENT="frågan,"/>
						</TextLine>
						<TextLine ID="line_38" HPOS="281" VPOS="1900" WIDTH="1488" HEIGHT="43">
							<String ID="string_372" HPOS="281" VPOS="1906" WIDTH="172" HEIGHT="29" WC="0.96" CONTENT="huruvida"/><SP WIDTH="20" VPOS="1906" HPOS="453"/>
							<String ID="string_373" HPOS="473" VPOS="1906" WIDTH="65" HEIGHT="29" WC="0.96" CONTENT="den"/><SP WIDTH="19" VPOS="1906" HPOS="538"/>
							<String ID="string_374" HPOS="557" VPOS="1904" WIDTH="44" HEIGHT="39" WC="0.96" CONTENT="på"/><SP WIDTH="21" VPOS="1904" HPOS="601"/>
							<String ID="string_375" HPOS="622" VPOS="1905" WIDTH="84" HEIGHT="29" WC="0.95" CONTENT="flera"/><SP WIDTH="22" VPOS="1905" HPOS="706"/>
							<String ID="string_376" HPOS="728" VPOS="1904" WIDTH="68" HEIGHT="30" WC="0.96" CONTENT="håll"/><SP WIDTH="26" VPOS="1904" HPOS="796"/>
							<String ID="string_377" HPOS="822" VPOS="1905" WIDTH="4" HEIGHT="28" WC="0.96" CONTENT="i"/><SP WIDTH="21" VPOS="1905" HPOS="826"/>
							<String ID="string_378" HPOS="847" VPOS="1904" WIDTH="167" HEIGHT="30" WC="0.96" CONTENT="samband"/><SP WIDTH="21" VPOS="1904" HPOS="1014"/>
							<String ID="string_379" HPOS="1035" VPOS="1904" WIDTH="78" HEIGHT="29" WC="0.96" CONTENT="med"/><SP WIDTH="21" VPOS="1904" HPOS="1113"/>
							<String ID="string_380" HPOS="1134" VPOS="1903" WIDTH="161" HEIGHT="37" WC="0.93" CONTENT="vidtagna"/><SP WIDTH="21" VPOS="1903" HPOS="1295"/>
							<String ID="string_381" HPOS="1316" VPOS="1900" WIDTH="453" HEIGHT="39" WC="0.91" CONTENT="rationaliseringsåtgärder"/>
						</TextLine>
						<TextLine ID="line_39" HPOS="281" VPOS="1945" WIDTH="1488" HEIGHT="41">
							<String ID="string_382" HPOS="281" VPOS="1949" WIDTH="111" HEIGHT="31" WC="0.92" CONTENT="ökade"/><SP WIDTH="34" VPOS="1949" HPOS="392"/>
							<String ID="string_383" HPOS="426" VPOS="1949" WIDTH="233" HEIGHT="30" WC="0.90" CONTENT="arbetstakten"/><SP WIDTH="33" VPOS="1949" HPOS="659"/>
							<String ID="string_384" HPOS="692" VPOS="1948" WIDTH="115" HEIGHT="30" WC="0.96" CONTENT="kunde"/><SP WIDTH="33" VPOS="1948" HPOS="807"/>
							<String ID="string_385" HPOS="840" VPOS="1958" WIDTH="98" HEIGHT="20" WC="0.96" CONTENT="anses"/><SP WIDTH="35" VPOS="1958" HPOS="938"/>
							<String ID="string_386" HPOS="973" VPOS="1949" WIDTH="44" HEIGHT="29" WC="0.93" CONTENT="ha"/><SP WIDTH="36" VPOS="1949" HPOS="1017"/>
							<String ID="string_387" HPOS="1053" VPOS="1951" WIDTH="206" HEIGHT="35" WC="0.91" CONTENT="ogynnsamt"/><SP WIDTH="30" VPOS="1951" HPOS="1259"/>
							<String ID="string_388" HPOS="1289" VPOS="1946" WIDTH="167" HEIGHT="39" WC="0.96" CONTENT="påverkat"/><SP WIDTH="33" VPOS="1946" HPOS="1456"/>
							<String ID="string_389" HPOS="1489" VPOS="1947" WIDTH="41" HEIGHT="29" WC="0.93" CONTENT="de"/><SP WIDTH="35" VPOS="1947" HPOS="1530"/>
							<String ID="string_390" HPOS="1565" VPOS="1945" WIDTH="204" HEIGHT="30" WC="0.91" CONTENT="arbetandes"/>
						</TextLine>
						<TextLine ID="line_40" HPOS="281" VPOS="1990" WIDTH="1489" HEIGHT="41">
							<String ID="string_391" HPOS="281" VPOS="1995" WIDTH="108" HEIGHT="29" WC="0.92" CONTENT="hälsa."/><SP WIDTH="38" VPOS="1995" HPOS="389"/>
							<String ID="string_392" HPOS="427" VPOS="1993" WIDTH="276" HEIGHT="30" WC="0.91" CONTENT="Konferenserna"/><SP WIDTH="25" VPOS="1993" HPOS="703"/>
							<String ID="string_393" HPOS="728" VPOS="1993" WIDTH="85" HEIGHT="38" WC="0.92" CONTENT="gåvo"/><SP WIDTH="24" VPOS="1993" HPOS="813"/>
							<String ID="string_394" HPOS="837" VPOS="1993" WIDTH="73" HEIGHT="30" WC="0.96" CONTENT="icke"/><SP WIDTH="27" VPOS="1993" HPOS="910"/>
							<String ID="string_395" HPOS="937" VPOS="1993" WIDTH="48" HEIGHT="30" WC="0.95" CONTENT="till"/><SP WIDTH="25" VPOS="1993" HPOS="985"/>
							<String ID="string_396" HPOS="1010" VPOS="1993" WIDTH="143" HEIGHT="29" WC="0.95" CONTENT="resultat"/><SP WIDTH="24" VPOS="1993" HPOS="1153"/>
							<String ID="string_397" HPOS="1177" VPOS="1991" WIDTH="107" HEIGHT="39" WC="0.96" CONTENT="några"/><SP WIDTH="24" VPOS="1991" HPOS="1284"/>
							<String ID="string_398" HPOS="1308" VPOS="1991" WIDTH="141" HEIGHT="30" WC="0.95" CONTENT="säkrare"/><SP WIDTH="24" VPOS="1991" HPOS="1449"/>
							<String ID="string_399" HPOS="1473" VPOS="1990" WIDTH="297" HEIGHT="39" WC="0.95" CONTENT="utgångspunkter"/>
						</TextLine>
						<TextLine ID="line_41" HPOS="282" VPOS="2035" WIDTH="1486" HEIGHT="41">
							<String ID="string_400" HPOS="282" VPOS="2040" WIDTH="54" HEIGHT="29" WC="0.96" CONTENT="för"/><SP WIDTH="24" VPOS="2040" HPOS="336"/>
							<String ID="string_401" HPOS="360" VPOS="2038" WIDTH="141" HEIGHT="38" WC="0.96" CONTENT="frågans"/><SP WIDTH="25" VPOS="2038" HPOS="501"/>
							<String ID="string_402" HPOS="526" VPOS="2038" WIDTH="224" HEIGHT="30" WC="0.93" CONTENT="bedömande."/><SP WIDTH="39" VPOS="2038" HPOS="750"/>
							<String ID="string_403" HPOS="789" VPOS="2039" WIDTH="63" HEIGHT="29" WC="0.96" CONTENT="Det"/><SP WIDTH="24" VPOS="2039" HPOS="852"/>
							<String ID="string_404" HPOS="876" VPOS="2037" WIDTH="168" HEIGHT="30" WC="0.93" CONTENT="uttalades"/><SP WIDTH="27" VPOS="2037" HPOS="1044"/>
							<String ID="string_405" HPOS="1071" VPOS="2036" WIDTH="19" HEIGHT="31" WC="0.92" CONTENT="å"/><SP WIDTH="26" VPOS="2036" HPOS="1090"/>
							<String ID="string_406" HPOS="1116" VPOS="2046" WIDTH="64" HEIGHT="21" WC="0.96" CONTENT="ena"/><SP WIDTH="25" VPOS="2046" HPOS="1180"/>
							<String ID="string_407" HPOS="1205" VPOS="2036" WIDTH="99" HEIGHT="30" WC="0.95" CONTENT="sidan"/><SP WIDTH="26" VPOS="2036" HPOS="1304"/>
							<String ID="string_408" HPOS="1330" VPOS="2036" WIDTH="57" HEIGHT="29" WC="0.96" CONTENT="vid"/><SP WIDTH="24" VPOS="2036" HPOS="1387"/>
							<String ID="string_409" HPOS="1411" VPOS="2036" WIDTH="98" HEIGHT="30" WC="0.96" CONTENT="dessa"/><SP WIDTH="26" VPOS="2036" HPOS="1509"/>
							<String ID="string_410" HPOS="1535" VPOS="2035" WIDTH="233" HEIGHT="34" WC="0.95" CONTENT="konferenser,"/>
						</TextLine>
						<TextLine ID="line_42" HPOS="282" VPOS="2079" WIDTH="1486" HEIGHT="41">
							<String ID="string_411" HPOS="282" VPOS="2088" WIDTH="49" HEIGHT="26" WC="0.95" CONTENT="att"/><SP WIDTH="30" VPOS="2088" HPOS="331"/>
							<String ID="string_412" HPOS="361" VPOS="2084" WIDTH="66" HEIGHT="29" WC="0.96" CONTENT="den"/><SP WIDTH="28" VPOS="2084" HPOS="427"/>
							<String ID="string_413" HPOS="455" VPOS="2085" WIDTH="77" HEIGHT="28" WC="0.91" CONTENT="med"/><SP WIDTH="32" VPOS="2085" HPOS="532"/>
							<String ID="string_414" HPOS="564" VPOS="2083" WIDTH="318" HEIGHT="37" WC="0.89" CONTENT="rationaliseringen"/><SP WIDTH="30" VPOS="2083" HPOS="882"/>
							<String ID="string_415" HPOS="912" VPOS="2081" WIDTH="257" HEIGHT="31" WC="0.92" CONTENT="intensifierade"/><SP WIDTH="30" VPOS="2081" HPOS="1169"/>
							<String ID="string_416" HPOS="1199" VPOS="2081" WIDTH="234" HEIGHT="30" WC="0.90" CONTENT="arbetstakten"/><SP WIDTH="31" VPOS="2081" HPOS="1433"/>
							<String ID="string_417" HPOS="1464" VPOS="2080" WIDTH="8" HEIGHT="30" WC="0.95" CONTENT="i"/><SP WIDTH="33" VPOS="2080" HPOS="1472"/>
							<String ID="string_418" HPOS="1505" VPOS="2079" WIDTH="173" HEIGHT="39" WC="0.94" CONTENT="åtskilliga"/><SP WIDTH="30" VPOS="2079" HPOS="1678"/>
							<String ID="string_419" HPOS="1708" VPOS="2080" WIDTH="60" HEIGHT="29" WC="0.94" CONTENT="fall"/>
						</TextLine>
						<TextLine ID="line_43" HPOS="281" VPOS="2123" WIDTH="1489" HEIGHT="43">
							<String ID="string_420" HPOS="281" VPOS="2129" WIDTH="90" HEIGHT="29" WC="0.96" CONTENT="hade"/><SP WIDTH="21" VPOS="2129" HPOS="371"/>
							<String ID="string_421" HPOS="392" VPOS="2128" WIDTH="156" HEIGHT="30" WC="0.96" CONTENT="inverkat"/><SP WIDTH="22" VPOS="2128" HPOS="548"/>
							<String ID="string_422" HPOS="570" VPOS="2128" WIDTH="141" HEIGHT="37" WC="0.96" CONTENT="menligt"/><SP WIDTH="20" VPOS="2128" HPOS="711"/>
							<String ID="string_423" HPOS="731" VPOS="2127" WIDTH="44" HEIGHT="39" WC="0.96" CONTENT="på"/><SP WIDTH="23" VPOS="2127" HPOS="775"/>
							<String ID="string_424" HPOS="798" VPOS="2127" WIDTH="199" HEIGHT="30" WC="0.96" CONTENT="arbetarnas"/><SP WIDTH="20" VPOS="2127" HPOS="997"/>
							<String ID="string_425" HPOS="1017" VPOS="2126" WIDTH="264" HEIGHT="30" WC="0.96" CONTENT="hälsotillstånd."/><SP WIDTH="35" VPOS="2126" HPOS="1281"/>
							<String ID="string_426" HPOS="1316" VPOS="2125" WIDTH="130" HEIGHT="30" WC="0.93" CONTENT="Därvid"/><SP WIDTH="22" VPOS="2125" HPOS="1446"/>
							<String ID="string_427" HPOS="1468" VPOS="2125" WIDTH="174" HEIGHT="30" WC="0.91" CONTENT="erinrades"/><SP WIDTH="24" VPOS="2125" HPOS="1642"/>
							<String ID="string_428" HPOS="1666" VPOS="2123" WIDTH="104" HEIGHT="31" WC="0.96" CONTENT="också"/>
						</TextLine>
						<TextLine ID="line_44" HPOS="282" VPOS="2169" WIDTH="1487" HEIGHT="40">
							<String ID="string_429" HPOS="282" VPOS="2182" WIDTH="57" HEIGHT="21" WC="0.93" CONTENT="om"/><SP WIDTH="26" VPOS="2182" HPOS="339"/>
							<String ID="string_430" HPOS="365" VPOS="2172" WIDTH="250" HEIGHT="31" WC="0.89" CONTENT="»skiftarbetets"/><SP WIDTH="24" VPOS="2172" HPOS="615"/>
							<String ID="string_431" HPOS="639" VPOS="2173" WIDTH="10" HEIGHT="29" WC="0.96" CONTENT="i"/><SP WIDTH="23" VPOS="2173" HPOS="649"/>
							<String ID="string_432" HPOS="672" VPOS="2172" WIDTH="91" HEIGHT="30" WC="0.96" CONTENT="form"/><SP WIDTH="23" VPOS="2172" HPOS="763"/>
							<String ID="string_433" HPOS="786" VPOS="2182" WIDTH="42" HEIGHT="20" WC="0.96" CONTENT="av"/><SP WIDTH="22" VPOS="2182" HPOS="828"/>
							<String ID="string_434" HPOS="850" VPOS="2172" WIDTH="144" HEIGHT="29" WC="0.96" CONTENT="nervösa"/><SP WIDTH="23" VPOS="2172" HPOS="994"/>
							<String ID="string_435" HPOS="1017" VPOS="2170" WIDTH="204" HEIGHT="39" WC="0.96" CONTENT="sjukdomar"/><SP WIDTH="23" VPOS="2170" HPOS="1221"/>
							<String ID="string_436" HPOS="1244" VPOS="2171" WIDTH="65" HEIGHT="29" WC="0.93" CONTENT="och"/><SP WIDTH="23" VPOS="2171" HPOS="1309"/>
							<String ID="string_437" HPOS="1332" VPOS="2169" WIDTH="287" HEIGHT="39" WC="0.91" CONTENT="magsjukdomar"/><SP WIDTH="22" VPOS="2169" HPOS="1619"/>
							<String ID="string_438" HPOS="1641" VPOS="2177" WIDTH="128" HEIGHT="30" WC="0.91" CONTENT="ogynn-"/>
						</TextLine>
						<TextLine ID="line_45" HPOS="283" VPOS="2214" WIDTH="1487" HEIGHT="41">
							<String ID="string_439" HPOS="283" VPOS="2227" WIDTH="133" HEIGHT="21" WC="0.91" CONTENT="samma"/><SP WIDTH="27" VPOS="2227" HPOS="416"/>
							<String ID="string_440" HPOS="443" VPOS="2217" WIDTH="306" HEIGHT="38" WC="0.91" CONTENT="följdverkningar,"/><SP WIDTH="29" VPOS="2217" HPOS="749"/>
							<String ID="string_441" HPOS="778" VPOS="2216" WIDTH="93" HEIGHT="30" WC="0.96" CONTENT="vilka"/><SP WIDTH="27" VPOS="2216" HPOS="871"/>
							<String ID="string_442" HPOS="898" VPOS="2215" WIDTH="219" HEIGHT="30" WC="0.96" CONTENT="förvärrades"/><SP WIDTH="28" VPOS="2215" HPOS="1117"/>
							<String ID="string_443" HPOS="1145" VPOS="2225" WIDTH="42" HEIGHT="20" WC="0.96" CONTENT="av"/><SP WIDTH="27" VPOS="2225" HPOS="1187"/>
							<String ID="string_444" HPOS="1214" VPOS="2216" WIDTH="41" HEIGHT="29" WC="0.96" CONTENT="de"/><SP WIDTH="28" VPOS="2216" HPOS="1255"/>
							<String ID="string_445" HPOS="1283" VPOS="2214" WIDTH="72" HEIGHT="31" WC="0.96" CONTENT="ofta"/><SP WIDTH="25" VPOS="2214" HPOS="1355"/>
							<String ID="string_446" HPOS="1380" VPOS="2214" WIDTH="284" HEIGHT="30" WC="0.93" CONTENT="återkommande"/><SP WIDTH="27" VPOS="2214" HPOS="1664"/>
							<String ID="string_447" HPOS="1691" VPOS="2215" WIDTH="79" HEIGHT="28" WC="0.92" CONTENT="väx-"/>
						</TextLine>
						<TextLine ID="line_46" HPOS="283" VPOS="2256" WIDTH="1486" HEIGHT="44">
							<String ID="string_448" HPOS="283" VPOS="2263" WIDTH="159" HEIGHT="37" WC="0.96" CONTENT="lingarna"/><SP WIDTH="18" VPOS="2263" HPOS="442"/>
							<String ID="string_449" HPOS="460" VPOS="2263" WIDTH="9" HEIGHT="29" WC="0.96" CONTENT="i"/><SP WIDTH="19" VPOS="2263" HPOS="469"/>
							<String ID="string_450" HPOS="488" VPOS="2263" WIDTH="132" HEIGHT="29" WC="0.95" CONTENT="tiderna"/><SP WIDTH="18" VPOS="2263" HPOS="620"/>
							<String ID="string_451" HPOS="638" VPOS="2261" WIDTH="55" HEIGHT="30" WC="0.96" CONTENT="för"/><SP WIDTH="16" VPOS="2261" HPOS="693"/>
							<String ID="string_452" HPOS="709" VPOS="2261" WIDTH="157" HEIGHT="30" WC="0.82" CONTENT="skiften»."/><SP WIDTH="20" VPOS="2261" HPOS="866"/>
							<String ID="string_453" HPOS="886" VPOS="2256" WIDTH="26" HEIGHT="34" WC="0.91" CONTENT="Å"/><SP WIDTH="18" VPOS="2256" HPOS="912"/>
							<String ID="string_454" HPOS="930" VPOS="2270" WIDTH="109" HEIGHT="20" WC="0.96" CONTENT="andra"/><SP WIDTH="18" VPOS="2270" HPOS="1039"/>
							<String ID="string_455" HPOS="1057" VPOS="2260" WIDTH="100" HEIGHT="30" WC="0.96" CONTENT="sidan"/><SP WIDTH="16" VPOS="2260" HPOS="1157"/>
							<String ID="string_456" HPOS="1173" VPOS="2260" WIDTH="185" HEIGHT="29" WC="0.96" CONTENT="betonades"/><SP WIDTH="19" VPOS="2260" HPOS="1358"/>
							<String ID="string_457" HPOS="1377" VPOS="2259" WIDTH="55" HEIGHT="30" WC="0.96" CONTENT="det"/><SP WIDTH="18" VPOS="2259" HPOS="1432"/>
							<String ID="string_458" HPOS="1450" VPOS="2258" WIDTH="188" HEIGHT="30" WC="0.96" CONTENT="emellertid"/><SP WIDTH="18" VPOS="2258" HPOS="1638"/>
							<String ID="string_459" HPOS="1656" VPOS="2257" WIDTH="113" HEIGHT="31" WC="0.95" CONTENT="också,"/>
						</TextLine>
						<TextLine ID="line_47" HPOS="283" VPOS="2302" WIDTH="1487" HEIGHT="42">
							<String ID="string_460" HPOS="283" VPOS="2311" WIDTH="49" HEIGHT="26" WC="0.96" CONTENT="att"/><SP WIDTH="20" VPOS="2311" HPOS="332"/>
							<String ID="string_461" HPOS="352" VPOS="2308" WIDTH="144" HEIGHT="29" WC="0.96" CONTENT="nervösa"/><SP WIDTH="20" VPOS="2308" HPOS="496"/>
							<String ID="string_462" HPOS="516" VPOS="2306" WIDTH="205" HEIGHT="38" WC="0.96" CONTENT="sjukdomar"/><SP WIDTH="20" VPOS="2306" HPOS="721"/>
							<String ID="string_463" HPOS="741" VPOS="2306" WIDTH="62" HEIGHT="29" WC="0.96" CONTENT="hos"/><SP WIDTH="21" VPOS="2306" HPOS="803"/>
							<String ID="string_464" HPOS="824" VPOS="2305" WIDTH="155" HEIGHT="30" WC="0.96" CONTENT="arbetare"/><SP WIDTH="21" VPOS="2305" HPOS="979"/>
							<String ID="string_465" HPOS="1000" VPOS="2305" WIDTH="65" HEIGHT="29" WC="0.96" CONTENT="och"/><SP WIDTH="21" VPOS="2305" HPOS="1065"/>
							<String ID="string_466" HPOS="1086" VPOS="2304" WIDTH="170" HEIGHT="30" WC="0.96" CONTENT="anställda"/><SP WIDTH="20" VPOS="2304" HPOS="1256"/>
							<String ID="string_467" HPOS="1276" VPOS="2305" WIDTH="87" HEIGHT="28" WC="0.96" CONTENT="även"/><SP WIDTH="19" VPOS="2305" HPOS="1363"/>
							<String ID="string_468" HPOS="1382" VPOS="2312" WIDTH="80" HEIGHT="21" WC="0.96" CONTENT="vore"/><SP WIDTH="20" VPOS="2312" HPOS="1462"/>
							<String ID="string_469" HPOS="1482" VPOS="2302" WIDTH="226" HEIGHT="31" WC="0.95" CONTENT="förorsakade"/><SP WIDTH="21" VPOS="2302" HPOS="1708"/>
							<String ID="string_470" HPOS="1729" VPOS="2311" WIDTH="41" HEIGHT="21" WC="0.95" CONTENT="av"/>
						</TextLine>
						<TextLine ID="line_48" HPOS="284" VPOS="2347" WIDTH="1488" HEIGHT="42">
							<String ID="string_471" HPOS="284" VPOS="2352" WIDTH="110" HEIGHT="30" WC="0.96" CONTENT="andra"/><SP WIDTH="17" VPOS="2352" HPOS="394"/>
							<String ID="string_472" HPOS="411" VPOS="2351" WIDTH="225" HEIGHT="37" WC="0.96" CONTENT="anledningar"/><SP WIDTH="18" VPOS="2351" HPOS="636"/>
							<String ID="string_473" HPOS="654" VPOS="2352" WIDTH="44" HEIGHT="28" WC="0.96" CONTENT="än"/><SP WIDTH="16" VPOS="2352" HPOS="698"/>
							<String ID="string_474" HPOS="714" VPOS="2351" WIDTH="67" HEIGHT="38" WC="0.90" CONTENT="hög"/><SP WIDTH="18" VPOS="2351" HPOS="781"/>
							<String ID="string_475" HPOS="799" VPOS="2350" WIDTH="187" HEIGHT="30" WC="0.90" CONTENT="arbetstakt"/><SP WIDTH="18" VPOS="2350" HPOS="986"/>
							<String ID="string_476" HPOS="1004" VPOS="2350" WIDTH="65" HEIGHT="29" WC="0.97" CONTENT="och"/><SP WIDTH="19" VPOS="2350" HPOS="1069"/>
							<String ID="string_477" HPOS="1088" VPOS="2353" WIDTH="48" HEIGHT="26" WC="0.93" CONTENT="att"/><SP WIDTH="18" VPOS="2353" HPOS="1136"/>
							<String ID="string_478" HPOS="1154" VPOS="2348" WIDTH="318" HEIGHT="38" WC="0.90" CONTENT="rationaliseringen"/><SP WIDTH="17" VPOS="2348" HPOS="1472"/>
							<String ID="string_479" HPOS="1489" VPOS="2348" WIDTH="10" HEIGHT="29" WC="0.96" CONTENT="i"/><SP WIDTH="17" VPOS="2348" HPOS="1499"/>
							<String ID="string_480" HPOS="1516" VPOS="2348" WIDTH="55" HEIGHT="29" WC="0.96" CONTENT="det"/><SP WIDTH="16" VPOS="2348" HPOS="1571"/>
							<String ID="string_481" HPOS="1587" VPOS="2348" WIDTH="77" HEIGHT="29" WC="0.96" CONTENT="hela"/><SP WIDTH="20" VPOS="2348" HPOS="1664"/>
							<String ID="string_482" HPOS="1684" VPOS="2347" WIDTH="88" HEIGHT="30" WC="0.96" CONTENT="hade"/>
						</TextLine>
						<TextLine ID="line_49" HPOS="284" VPOS="2394" WIDTH="852" HEIGHT="40">
							<String ID="string_483" HPOS="284" VPOS="2396" WIDTH="148" HEIGHT="30" WC="0.96" CONTENT="medfört"/><SP WIDTH="22" VPOS="2396" HPOS="432"/>
							<String ID="string_484" HPOS="454" VPOS="2396" WIDTH="194" HEIGHT="38" WC="0.96" CONTENT="betydande"/><SP WIDTH="24" VPOS="2396" HPOS="648"/>
							<String ID="string_485" HPOS="672" VPOS="2395" WIDTH="169" HEIGHT="30" WC="0.96" CONTENT="lättnader"/><SP WIDTH="24" VPOS="2395" HPOS="841"/>
							<String ID="string_486" HPOS="865" VPOS="2395" WIDTH="54" HEIGHT="30" WC="0.96" CONTENT="för"/><SP WIDTH="24" VPOS="2395" HPOS="919"/>
							<String ID="string_487" HPOS="943" VPOS="2394" WIDTH="193" HEIGHT="30" WC="0.96" CONTENT="arbetarna."/>
						</TextLine>
					</TextBlock>
					<TextBlock ID="block_5" HPOS="285" VPOS="2436" WIDTH="1486" HEIGHT="87">
						<TextLine ID="line_50" HPOS="328" VPOS="2436" WIDTH="1442" HEIGHT="40">
							<String ID="string_488" HPOS="328" VPOS="2440" WIDTH="64" HEIGHT="31" WC="0.96" CONTENT="Det"/><SP WIDTH="24" VPOS="2440" HPOS="392"/>
							<String ID="string_489" HPOS="416" VPOS="2442" WIDTH="38" HEIGHT="29" WC="0.96" CONTENT="är"/><SP WIDTH="24" VPOS="2442" HPOS="454"/>
							<String ID="string_490" HPOS="478" VPOS="2439" WIDTH="145" HEIGHT="31" WC="0.96" CONTENT="sålunda"/><SP WIDTH="24" VPOS="2439" HPOS="623"/>
							<String ID="string_491" HPOS="647" VPOS="2439" WIDTH="83" HEIGHT="37" WC="0.96" CONTENT="icke,"/><SP WIDTH="26" VPOS="2439" HPOS="730"/>
							<String ID="string_492" HPOS="756" VPOS="2450" WIDTH="75" HEIGHT="19" WC="0.96" CONTENT="som"/><SP WIDTH="22" VPOS="2450" HPOS="831"/>
							<String ID="string_493" HPOS="853" VPOS="2439" WIDTH="55" HEIGHT="30" WC="0.96" CONTENT="det"/><SP WIDTH="24" VPOS="2439" HPOS="908"/>
							<String ID="string_494" HPOS="932" VPOS="2439" WIDTH="8" HEIGHT="29" WC="0.96" CONTENT="i"/><SP WIDTH="26" VPOS="2439" HPOS="940"/>
							<String ID="string_495" HPOS="966" VPOS="2438" WIDTH="175" HEIGHT="30" WC="0.92" CONTENT="motionen"/><SP WIDTH="24" VPOS="2438" HPOS="1141"/>
							<String ID="string_496" HPOS="1165" VPOS="2437" WIDTH="173" HEIGHT="39" WC="0.91" CONTENT="uppgives,"/><SP WIDTH="26" VPOS="2437" HPOS="1338"/>
							<String ID="string_497" HPOS="1364" VPOS="2436" WIDTH="406" HEIGHT="38" WC="0.89" CONTENT="rationaliseringsutred-"/>
						</TextLine>
						<TextLine ID="line_51" HPOS="285" VPOS="2480" WIDTH="1486" HEIGHT="43">
							<String ID="string_498" HPOS="285" VPOS="2486" WIDTH="126" HEIGHT="37" WC="0.96" CONTENT="ningen"/><SP WIDTH="27" VPOS="2486" HPOS="411"/>
							<String ID="string_499" HPOS="438" VPOS="2485" WIDTH="95" HEIGHT="38" WC="0.95" CONTENT="själv,"/><SP WIDTH="29" VPOS="2485" HPOS="533"/>
							<String ID="string_500" HPOS="562" VPOS="2495" WIDTH="73" HEIGHT="19" WC="0.95" CONTENT="som"/><SP WIDTH="28" VPOS="2495" HPOS="635"/>
							<String ID="string_501" HPOS="663" VPOS="2484" WIDTH="64" HEIGHT="30" WC="0.90" CONTENT="här"/><SP WIDTH="30" VPOS="2484" HPOS="727"/>
							<String ID="string_502" HPOS="757" VPOS="2483" WIDTH="237" HEIGHT="30" WC="0.61" CONTENT="»framhåller&gt;"/><SP WIDTH="32" VPOS="2483" HPOS="994"/>
							<String ID="string_503" HPOS="1026" VPOS="2484" WIDTH="41" HEIGHT="29" WC="0.96" CONTENT="de"/><SP WIDTH="29" VPOS="2484" HPOS="1067"/>
							<String ID="string_504" HPOS="1096" VPOS="2492" WIDTH="88" HEIGHT="21" WC="0.92" CONTENT="ovan"/><SP WIDTH="29" VPOS="2492" HPOS="1184"/>
							<String ID="string_505" HPOS="1213" VPOS="2482" WIDTH="181" HEIGHT="30" WC="0.91" CONTENT="anmärkta"/><SP WIDTH="29" VPOS="2482" HPOS="1394"/>
							<String ID="string_506" HPOS="1423" VPOS="2481" WIDTH="263" HEIGHT="37" WC="0.91" CONTENT="olägenheterna"/><SP WIDTH="31" VPOS="2481" HPOS="1686"/>
							<String ID="string_507" HPOS="1717" VPOS="2480" WIDTH="54" HEIGHT="30" WC="0.94" CONTENT="vid"/>
						</TextLine>
					</TextBlock>
				</ComposedBlock>
			</PrintSpace>
		</Page>
	</Layout>
</alto>
