1874 2810
476 185 104 27 Andra
596 186 217 34 lagutskottets
831 186 158 28 utlåtande
1007 196 36 18 nr
1062 188 49 32 77;
1129 188 126 35 bilagor.
1570 190 40 29 25

1390 286 120 39 Bilaga
1530 287 37 30 E.

254 433 66 30 Till
342 433 117 32 Andra
481 434 232 39 lagutskottet.

167 532 131 32 Genom
322 533 120 31 remiss
464 533 68 31 den
556 535 17 29 7
599 543 95 21 mars
720 535 81 30 1945
824 535 65 30 har
913 535 396 40 Landsorganisationen
1334 537 11 30 i
1368 536 136 40 Sverige
1528 537 84 31 läm-

122 579 78 28 nats
225 576 136 31 tillfälle
387 580 50 28 att
461 577 123 39 avgiva
611 578 160 39 yttrande
797 579 82 30 över
905 588 43 21 en
975 579 96 31 inom
1096 580 111 31 andra
1234 580 205 32 kammaren
1464 590 44 22 av
1533 581 81 31 herr

123 619 105 33 Cruse
248 621 104 31 väckt
372 621 131 31 motion
528 621 55 39 (nr
601 622 78 40 423)
705 622 177 40 angående
902 624 185 40 utredning
1105 634 58 21 om
1181 624 220 40 förkortning
1421 634 44 22 av
1485 625 128 31 arbets-

122 664 95 32 tiden
236 665 59 32 vid
314 665 97 32 skift-
432 667 66 30 och
517 667 194 31 nattarbete
730 671 90 28 samt
839 668 59 30 vid
918 668 117 31 arbete
1054 669 112 31 under
1186 669 79 40 jord
1285 679 45 21 m.
1352 679 45 22 m.

167 710 398 40 Landsorganisationen
581 712 66 30 har
661 712 11 30 i
688 721 44 21 en
747 712 67 31 den
829 713 19 30 5
864 712 155 32 februari
1039 714 82 30 1945
1140 713 51 31 till
1207 713 183 32 statsrådet
1406 714 66 31 och
1490 714 124 31 chefen

122 753 57 33 för
202 754 378 40 socialdepartementet
603 756 101 39 gjord
729 756 257 41 framställning
1010 758 177 31 hemställt
1212 768 58 21 om
1294 768 43 21 en
1362 759 131 31 allmän
1518 760 96 30 över-

122 808 66 31 syn
206 809 43 22 av
269 798 342 42 åttatimmarslagen,
633 801 122 31 därvid
775 802 67 31 den
862 803 244 38 angelägnaste
1126 803 182 40 uppgiften
1328 802 56 32 för
1404 813 44 21 en
1468 804 147 39 översyn

122 842 210 34 framhållits
353 853 83 24 vara
456 845 229 41 omprövning
704 847 71 31 dels
795 856 43 22 av
858 847 117 39 lagens
996 848 111 39 regler
1126 857 58 21 om
1204 848 67 30 den
1292 848 173 31 ordinarie
1485 848 129 31 arbets-

122 888 95 32 tiden
241 889 58 31 för
324 889 156 32 arbetare
505 891 111 30 under
642 890 88 40 jord,
757 891 242 32 skiftarbetare
1026 893 66 30 och
1118 892 111 32 andra
1255 892 156 32 arbetare
1438 893 12 30 i
1476 893 139 31 särskilt

121 934 188 40 pressande
328 935 310 40 sysselsättningar,
660 936 71 31 dels
750 945 44 22 av
813 937 156 38 reglerna
988 947 58 20 om
1065 937 277 31 övertidsarbete.

166 977 81 33 Med
268 977 255 34 instämmande
546 980 11 31 i
578 979 193 33 motionens
796 980 89 40 syfte
910 980 56 32 får
989 981 383 39 landsorganisationen
1396 981 46 41 på
1467 982 57 31 det
1548 982 67 31 sätt

122 1023 173 39 tillstyrka
314 1023 234 33 motionärens
566 1024 131 41 förslag
717 1029 49 27 att
785 1026 42 30 de
846 1026 12 30 i
877 1025 177 31 motionen
1072 1026 149 32 berörda
1239 1025 166 40 frågorna
1424 1027 190 31 underkas-

122 1072 53 28 tas
202 1068 194 40 utredning,
424 1068 115 32 vilken
565 1070 101 36 dock,
694 1070 56 30 för
776 1070 56 31 det
860 1070 63 31 fall
949 1071 400 39 landsorganisationens
1376 1072 239 39 nyssnämnda

122 1112 258 41 framställning
397 1113 198 32 föranleder
614 1113 130 40 åtgärd,
764 1115 64 30 bör
846 1115 173 39 företagas
1038 1115 11 31 i
1066 1115 171 31 samband
1253 1116 79 30 med
1351 1116 66 31 den
1436 1116 178 31 allmänna

122 1158 147 39 översyn
290 1167 44 22 av
356 1158 109 39 lagen,
489 1168 76 21 som
588 1158 301 41 framställningen
911 1169 109 22 avser.

168 1238 202 32 Stockholm
391 1239 66 31 den
482 1240 38 29 12
542 1249 94 22 mars
661 1241 92 30 1945.

573 1321 398 39 Landsorganisationen
991 1321 12 31 i
1025 1321 137 40 Sverige

688 1402 96 30 AUG.
806 1402 237 31 LINDBERG.

1257 1475 14 34 /
1283 1478 130 32 Arnold
1435 1479 132 31 Sölvén.

166 2569 119 34 Bihang
303 2569 46 27 till
366 2569 179 34 riksdagens
564 2570 157 34 protokoll
743 2571 80 26 1945.
853 2571 16 25 9
888 2571 86 27 saml.
1005 2572 16 25 2
1039 2571 67 27 avd.
1137 2571 43 26 Nr
1199 2572 48 32 77;
1268 2571 125 35 bilagor.
1594 2574 18 27 3
