2216 2626
645 171 361 42 Bevillningsutskottets
1030 171 168 32 Memorial
1221 169 62 32 N:o
1307 171 28 31 3.
1778 166 19 31 3

245 268 46 23 en
321 252 234 49 förändring.
599 252 17 36 I
643 252 73 37 den
746 253 85 34 mån
861 249 65 38 det
954 249 127 38 blifvit
1109 248 162 50 vanligt,
1300 252 55 32 att
1384 244 455 52 stämpelbeläggningen

246 307 40 37 af
323 305 174 37 enskilda
539 303 230 49 handlingar
809 302 222 37 verkställts
1072 301 41 37 af
1137 301 74 37 den
1240 299 249 48 ämbetsman,
1519 297 58 38 till
1605 297 159 37 hvilken
1793 296 46 37 de

246 357 227 49 ingifvits,
473 344 25 66 i
514 369 145 24 samma
701 358 85 34 mån
828 355 109 36 torde
978 354 63 37 det
1082 352 114 38 hafva
1238 351 126 38 blifvit
1397 350 182 49 brukligt,
1615 348 227 50 isynnerhet

247 410 95 37 efter
387 409 216 37 införandet
650 408 40 36 af
736 406 203 38 särskillda
985 402 456 52 beläggningsstämplar,
1489 407 55 32 att
1585 400 258 50 stämplarnas

249 461 197 38 åsättande
489 464 47 45 på
575 460 125 49 grund
745 459 39 37 af
821 458 73 37 den
935 457 245 47 tidsutdräkt,
1215 455 183 37 hvarmed
1426 455 125 36 denna
1580 452 136 49 åtgärd
1746 452 98 37 varit

251 513 167 48 förenad,
461 512 85 37 icke
588 511 109 37 alltid
739 515 138 44 genast
919 515 66 43 ägt
1017 523 94 23 rum.
1167 509 166 36 Numera
1368 506 99 37 lärer
1495 504 182 38 särskildt
1705 504 64 36 vid
1798 504 46 36 de

249 566 190 46 tillfällen,
469 564 48 37 då
545 561 332 51 stämpelpliktiga
904 561 234 49 handlingar
1166 560 58 37 till
1252 563 121 32 större
1402 558 103 36 antal
1534 557 154 46 företes,
1717 558 127 34 såsom

252 618 62 36 vid
344 617 84 48 ting
456 616 94 37 eller
578 615 298 37 rådstufvurätts
906 612 320 48 sammanträden,
1258 610 152 50 mycket
1439 610 77 36 ofta
1544 608 111 49 tillgå
1674 607 171 47 sålunda,

250 677 54 29 att
345 670 72 36 den
456 667 174 38 enskilda
658 672 134 45 parten
821 666 63 37 vid
914 665 257 48 handlingens
1200 661 222 51 ingifvande
1450 660 189 37 inbetalar
1667 658 179 50 stämpel-

250 722 173 48 afgiften,
466 726 89 30 utan
590 725 55 31 att
674 718 270 37 motsvarande
973 714 404 52 stämpelbeläggning
1405 712 198 50 samtidigt
1631 716 93 44 äger
1751 724 94 23 rum.

251 774 86 36 Icke
367 773 121 36 sällan
517 771 107 37 torde
653 770 117 37 också
797 770 164 46 inträffa,
992 775 54 30 att
1074 767 430 49 försäljningsmannen,
1534 765 96 36 först
1658 764 98 36 efter
1784 762 65 37 det

251 832 55 29 att
347 823 321 50 stämpelafgifter
710 821 158 37 sålunda
909 821 58 36 till
1002 820 140 37 honom
1172 816 248 39 förskottsvis
1449 817 155 48 erlagts,
1634 814 216 38 rekvirerar

250 876 248 48 erforderliga
541 873 457 51 beläggningsstämplar.
1053 873 68 35 Att
1163 868 452 51 stämpelbeläggningen
1657 867 76 36 kan
1776 870 74 44 äga

252 943 82 23 rum
372 929 63 36 vid
464 933 54 31 ett
547 940 134 23 senare
711 924 148 38 tillfälle
888 929 48 32 än
966 924 75 48 det,
1070 923 64 37 vid
1163 921 149 38 hvilket
1339 919 327 51 stämpelafgiften
1697 918 154 41 influtit,

253 994 114 37 synes
396 980 117 37 också
542 992 89 23 vara
660 979 178 36 förutsatt
865 976 13 37 i
907 990 51 23 nu
989 975 177 50 gällande
1196 971 402 51 stämpelförordning,
1626 975 92 32 enär
1746 970 65 36 det
1838 968 13 36 i

253 1033 119 50 fjärde
406 1032 153 48 stycket
587 1032 39 35 af
653 1033 46 34 34
729 1029 21 50 $
778 1028 107 50 gilna
914 1026 232 50 stadgandet
1177 1039 60 24 om
1267 1024 227 49 skyldighet
1522 1023 59 36 för
1609 1016 243 59 stämpelför-

254 1086 136 48 säljare
432 1090 53 30 att
528 1083 124 37 lämna
685 1082 125 36 kvitto
839 1084 20 33 å
889 1080 135 49 gjorda
1052 1077 285 49 inbetalningar
1364 1076 112 48 eljest
1505 1088 90 24 vore
1625 1072 225 48 obehöfligt.

383 1136 125 37 Sedan
536 1136 237 36 inlämnaren
803 1133 40 36 af
867 1146 47 23 en
944 1129 307 51 stämpelpliktig
1279 1127 187 49 handling
1495 1129 47 48 på
1570 1126 105 38 detta
1703 1130 77 32 sätt
1795 1124 58 37 för

254 1190 118 48 inköp
415 1188 40 35 af
493 1187 184 49 stämplar
719 1185 160 37 inbetalt
911 1184 73 37 den
1013 1182 58 38 för
1099 1181 235 49 handlingen
1364 1179 188 49 stadgade
1579 1177 177 49 afgiften,
1785 1176 69 37 har

256 1243 73 35 han
360 1240 155 36 därmed
544 1239 174 48 fullgjort
746 1237 101 36 hvad
875 1239 50 46 på
953 1236 140 36 honom
1122 1234 235 45 ankommer,
1387 1231 56 36 för
1472 1236 55 31 att
1542 1228 312 50 stämpelförord-

256 1293 164 49 ningens
463 1291 195 36 föreskrift
700 1302 59 23 om
802 1287 259 49 handlingens
1104 1284 203 37 förseende
1342 1283 87 36 med
1458 1281 159 50 stämpel
1649 1283 60 34 må
1738 1279 116 37 varda

257 1344 185 50 uppfylld.
500 1342 131 37 Skulle
661 1340 415 49 försäljningsmannen
1106 1337 219 36 sedermera
1353 1334 84 37 icke
1458 1333 165 49 fullgöra
1643 1332 74 37 den
1733 1330 123 48 enligt

257 1396 119 48 tredje
412 1395 151 49 stycket
592 1394 40 36 af
658 1395 45 34 34
736 1392 20 50 &
785 1391 58 37 för
873 1392 139 35 honom
1042 1388 187 49 stadgade
1258 1385 276 50 skyldigheten
1564 1390 56 31 att
1647 1378 208 58 verkställa

258 1446 465 51 stämpelbeläggningen,
765 1444 73 36 kan
881 1442 124 48 enligt
1047 1440 77 37 min
1167 1438 156 49 mening
1364 1440 126 46 någon
1519 1435 250 49 ansvarighet
1798 1434 58 36 för

259 1500 223 47 därigenom
525 1497 182 49 möjligen
751 1493 309 51 uppkommande
1103 1492 137 37 förlust
1275 1491 84 36 icke
1387 1488 177 50 rimligen
1595 1488 159 48 åläggas
1782 1486 74 36 den

260 1551 186 46 enskilde,
487 1550 121 36 under
650 1547 277 49 förutsättning
968 1551 56 31 att
1064 1547 49 48 på
1155 1550 55 31 ett
1239 1543 91 37 eller
1358 1547 116 31 annat
1502 1545 76 32 sätt
1606 1539 165 49 styrkes,
1801 1543 57 31 att

261 1603 161 49 afgiften
465 1601 124 36 blifvit
630 1600 143 49 erlagd.
830 1600 83 35 Den
956 1598 129 45 skada,
1116 1609 81 24 som
1229 1595 74 36 kan
1333 1593 233 50 uppkomma
1593 1604 140 37 genom
1763 1589 96 37 brist

263 1656 67 35 hos
360 1654 425 48 försäljningsmannen,
816 1654 121 33 måste
963 1647 241 50 följaktligen
1233 1646 143 37 drabba
1405 1643 246 38 statsverket.

389 1706 16 35 I
435 1705 106 47 fråga
570 1718 60 23 om
660 1703 116 47 tiden,
806 1703 46 35 då
872 1715 47 22 en
939 1700 175 48 ingifven
1134 1698 190 47 handling
1339 1698 70 35 bör
1424 1696 121 36 förses
1561 1695 86 37 med
1664 1692 194 50 stämplar,

264 1757 268 37 motsvarande
566 1756 72 36 den
669 1754 63 36 vid
762 1753 242 49 ingifvandet
1033 1750 157 48 erlagda
1219 1747 337 50 stämpelafgiften,
1587 1745 122 49 gäller
1738 1743 123 49 enligt

263 1809 139 36 sakens
433 1814 122 40 natur,
586 1814 55 29 att
669 1807 127 35 denna
824 1802 404 51 stämpelbeläggning
1254 1801 68 36 bör
1343 1799 239 45 verkställas,
1604 1800 41 34 så
1665 1801 107 31 snart
1792 1795 69 36 ske

265 1863 85 34 kan.
408 1861 66 35 Att
504 1856 455 52 stämpelbeläggningen
989 1854 121 37 under
1137 1854 92 47 inga
1258 1851 262 37 förhållanden
1547 1850 57 36 får
1624 1849 68 36 ske
1713 1860 148 34 senare,

266 1919 44 30 än
355 1917 55 31 att
451 1911 249 47 handlingen,
738 1909 212 48 behörigen
989 1904 319 51 stämpelbelagd,
1338 1904 75 35 kan
1443 1901 228 47 återställas,
1700 1904 69 32 när
1796 1911 65 24 ex-

265 1964 300 49 peditionstiden
595 1963 151 48 utlöper
774 1961 10 35 i
814 1961 65 36 det
907 1959 151 44 ärende,
1088 1957 110 37 hvari
1227 1955 237 49 handlingen
1484 1952 190 50 ingifvits,
1695 1951 167 47 framgår

267 2114 93 19 ternes
391 2104 138 32 närwaro,
560 2101 49 28 det
640 2099 163 39 stämplade
834 2102 141 35 papperet
999 2097 31 28 til
1054 2096 131 30 Skriften
1209 2095 96 38 lägga,
1329 2094 54 29 och
1407 2094 33 29 så
1463 2092 100 35 tekna,
1586 2096 31 25 at
1639 2091 50 28 det
1712 2090 23 38 cj
1760 2089 106 30 widare

268 2149 46 28 må
338 2147 103 29 kuvna
466 2145 118 33 brukas,
608 2144 53 29 och
687 2143 52 29 bör
763 2143 156 33 Domaren,
944 2140 54 29 wid
1022 2150 123 24 answar,
1169 2139 61 28 låta
1249 2138 110 29 sådane
1375 2137 76 29 inför
1466 2137 111 28 Rätten
1593 2133 130 41 uptedda
1739 2132 128 31 Skrifter

267 2191 53 28 och
345 2189 190 39 Handlingar
560 2188 97 29 warda
682 2186 65 29 med
771 2185 139 39 stämplat
933 2194 111 29 papper
1068 2182 131 39 belagde,
1219 2182 90 29 innan
1326 2181 36 29 de
1377 2180 76 29 ifrån
1470 2178 197 39 Tingsbordet
1682 2177 114 29 hämtas
1812 2175 54 30 och

268 2234 171 37 återgifwas,
468 2233 69 29 eller
565 2232 7 28 i
597 2233 164 28 Domarens
785 2240 62 18 rum
871 2229 127 34 inbäras,
1022 2228 38 38 på
1084 2226 120 29 hwilket
1227 2227 59 27 sätt
1310 2225 147 29 Domaren
1482 2222 76 30 både
1581 2222 8 28 i
1614 2220 174 31 Domstolen
1812 2218 54 30 och

269 2276 89 29 andre
383 2276 192 28 förefallande
600 2274 208 38 förrättningar
832 2272 64 29 med
921 2270 165 39 stämplade
1110 2270 130 38 Pappers
1265 2268 139 39 afgiftens
1428 2265 158 40 intagande
1610 2264 110 30 förfara
1739 2263 80 30 bör.
1808 2259 16 47 »
