2215 2719
713 168 83 41 Lag-
807 163 171 51 Utskottets
1010 167 172 34 Utlåtande
1211 169 61 32 N:o
1299 171 53 30 26.
1757 170 20 31 3

236 253 145 40 lagligen
412 252 223 33 tillförbindas
665 255 49 30 att
742 253 196 32 densamma
968 253 47 32 för
1042 253 165 41 företaget
1236 254 153 42 upplåta,
1418 255 103 31 innan
1549 254 158 34 behofvet
1735 254 96 33 deraf

236 304 109 32 blifvit
375 304 33 31 af
436 305 198 39 Konungen,
665 304 82 32 efter
776 305 161 32 särskildt
967 306 113 31 derom
1110 306 94 40 gjord
1233 307 215 38 hemställan,
1476 307 175 36 godkändt
1678 307 58 31 och
1759 307 69 31 till-

237 354 100 33 stånd
365 356 49 31 till
445 357 154 31 markens
628 356 232 33 förvärfvande
891 366 117 31 genom
1039 358 249 40 expropriation
1319 362 37 29 är
1385 359 118 33 vordet
1531 357 41 41 på
1594 357 104 33 sådan
1720 359 108 39 grund

239 407 198 33 meddeladt.

389 458 76 32 Med
494 458 239 33 föranledande
762 459 102 37 deraf,
893 464 59 35 att,
980 460 10 31 i
1018 460 83 33 strid
1130 460 161 40 häremot,
1315 460 259 40 jernvägsbolag
1603 459 227 40 egenmäktigt

238 513 66 28 satt
344 510 49 39 sig
421 510 9 30 1
459 510 183 39 besittning
683 510 34 31 af
755 511 149 32 cuskilde
943 511 193 40 jordegares
1178 515 191 36 grustägter
1409 512 61 31 och
1501 511 50 32 för
1578 511 98 31 deras
1704 511 125 39 begag-

238 560 107 32 nande
374 561 116 40 anlagt
518 565 111 36 vägar,
660 560 58 32 har
746 562 53 32 vid
830 563 194 39 uppkomna
1053 563 117 32 tvister
1200 563 116 31 härom
1346 562 129 41 Högsta
1493 562 196 32 Domstolen
1710 571 118 31 genom

237 612 166 32 särskilda
450 612 117 32 domar
608 613 170 39 förklarat,
820 618 49 27 att
910 613 42 32 då
996 614 40 32 de
1077 612 171 42 grusåsar,
1290 623 70 22 som
1402 614 87 32 varit
1530 615 9 30 i
1580 612 104 41 fråga,
1726 614 102 40 jemte

236 665 62 30 den
329 664 105 39 mark,
463 664 58 31 der
545 663 240 41 jernvägsspår
813 665 46 31 till
890 665 73 32 dem
989 664 108 33 blifvit
1125 666 151 40 utlagda,
1303 665 73 32 icke
1404 665 199 41 inbegripits
1624 665 11 31 i
1655 665 62 31 den
1744 665 85 40 jord,

237 725 68 22 som
338 715 187 39 Konungen
555 715 176 40 medgifvit.
765 720 48 28 att
842 717 139 40 bolagen
1012 717 80 39 egde
1122 720 50 29 att
1199 718 48 31 för
1272 717 469 40 jernvägsanläggningarnes
1771 716 58 32 be-

237 766 65 40 bof,
343 766 103 39 enligt
486 767 151 32 deröfver
671 767 177 32 faststälda
888 768 293 40 planläggningar,
1223 768 49 32 till
1313 768 49 40 sig
1401 769 82 39 lösa,
1509 770 87 30 samt
1623 767 55 33 vid
1707 766 123 35 sådant

236 817 209 33 förhållande
487 818 141 38 bolagen
659 818 72 32 icke
761 824 54 35 egt
844 822 67 29 rätt
939 823 58 35 att,
1026 820 105 32 innan
1160 819 182 40 Konungen
1368 820 141 39 godkänt
1538 820 141 38 behofvet
1706 820 37 39 af
1761 820 69 40 jor-

236 871 77 31 dens
351 869 173 41 afstående,
554 868 95 34 deraf
676 871 133 31 komma
838 872 10 30 i
876 871 193 41 besittning,
1096 871 201 40 jordegarne
1327 872 227 39 berättigades
1583 874 57 37 att,
1668 871 162 32 intilldess

236 920 201 34 annorlunda
464 921 103 32 kunde
594 921 98 32 varda
716 921 197 40 förordnadt,
943 921 129 33 erhålla
1101 922 258 40 handräckning
1387 923 50 32 till
1455 922 240 33 förhindrande
1713 922 36 32 af
1764 922 65 32 alla

236 973 113 33 vidare
391 972 138 32 arbeten
559 972 19 32 å
607 972 196 41 sidospåren
834 975 60 30 och
923 973 49 33 för
1000 978 130 36 grusets
1160 974 221 39 borttagande
1410 974 72 32 från
1513 973 215 41 grusåsarne.

386 1023 108 32 Dessa
547 1024 116 31 domar
712 1024 164 33 innefatta
917 1026 186 39 ingalunda
1144 1026 63 31 den
1248 1025 152 39 tolkning
1442 1036 19 22 a
1490 1027 107 38 lagen,
1641 1029 48 28 abt
1734 1030 68 28 vit-

233 1080 56 28 ten
341 1076 49 32 till
431 1076 250 39 expropriation
731 1076 218 40 ovilkorligen
993 1077 108 31 skulle
1143 1086 81 23 vara
1265 1077 180 31 inskränkt
1486 1077 50 33 till
1578 1077 146 31 allenast
1766 1077 62 31 den

237 1127 104 39 mark,
385 1126 174 32 hvaröfver
583 1127 230 40 jernbanorna
842 1127 139 41 framgå,
999 1132 82 29 utan
1100 1128 162 32 innebära
1282 1127 65 32 fast
1368 1128 104 32 hellre
1495 1128 63 32 den
1579 1128 250 40 förutsättning,

235 1182 48 28 att
312 1178 314 40 jernvägsbolagen,
655 1178 111 33 derest
796 1178 189 41 Konungen
1003 1179 190 32 sedermera
1217 1179 107 32 skulle
1346 1178 116 41 pröfva
1492 1179 74 33 dem
1595 1188 82 23 vara
1706 1181 33 32 af
1757 1188 72 22 om-

235 1230 144 33 tvistade
417 1229 117 40 jorden
563 1232 10 29 i
602 1229 101 33 behof
728 1230 61 32 och
818 1230 85 41 förty
933 1231 164 39 medgifva
1126 1231 76 31 dess
1232 1231 293 40 exproprierande,
1555 1230 112 32 kunde
1696 1231 133 31 komma

236 1284 58 37 att,
323 1281 7 30 i
359 1279 80 40 följd
482 1280 35 32 af
554 1284 46 28 ett
641 1280 123 33 sådant
804 1281 209 41 Konungens
1055 1281 238 41 förordnande,
1323 1282 49 32 till
1402 1291 129 23 samma
1557 1281 76 40 jord
1661 1281 168 33 förvärfva

237 1333 105 31 sådan
372 1331 168 40 rättighet,
568 1341 70 22 som
667 1336 79 36 gent
774 1338 88 27 emot
886 1333 202 40 jordegaren
1119 1334 113 31 kunde
1260 1335 98 38 göras
1388 1334 167 39 gällande.

387 1382 51 32 Då
466 1383 220 41 följaktligen,
715 1384 104 40 enligt
848 1384 187 33 Utskottets
1065 1383 96 42 åsigt,
1186 1385 262 40 jernvägsbolag
1477 1385 106 40 enligt
1611 1393 45 22 nu
1671 1383 158 40 gällande

237 1434 214 40 stadganden
495 1435 102 31 redan
640 1445 76 30 eger
745 1439 58 34 att,
836 1437 4 29 i
870 1436 160 32 händelse
1059 1436 36 32 af
1120 1436 108 40 behof,
1261 1436 106 31 under
1394 1435 222 41 iakttagande
1647 1434 34 32 af
1706 1435 123 40 lagliga

235 1486 131 40 former,
408 1485 166 32 förvärfva
616 1489 65 29 vätt
709 1487 48 31 till
786 1488 236 39 expropration
1052 1487 35 32 af
1109 1488 75 39 jord
1214 1487 83 33 eller
1324 1488 157 39 lägenhet
1510 1487 49 33 för
1588 1487 40 32 de
1660 1486 169 39 ändamål,

237 1548 69 22 som
336 1538 74 32 med
438 1536 221 33 förevarande
688 1538 123 31 motion
842 1538 97 38 afses,
969 1543 98 37 samt,
1098 1538 42 40 på
1169 1543 68 29 sätt
1266 1538 191 41 åberopade
1487 1538 124 41 nådiga
1640 1537 129 33 brefvet
1797 1539 34 30 af

237 1591 63 31 den
329 1589 41 32 31
399 1588 145 32 Januari
576 1589 77 31 1355
683 1590 136 40 utvisar,
848 1600 39 22 en
917 1590 106 32 sådan
1052 1590 156 40 tolknoing
1239 1590 36 32 af
1300 1591 97 39 lagen
1423 1592 124 39 jemväl
1575 1590 87 41 gjort
1690 1590 50 39 sig
1760 1590 70 39 gäl-

237 1642 99 31 lande
378 1641 60 30 hos
471 1640 105 40 Kongl
607 1640 104 42 Maj:t,
740 1641 36 31 af
802 1641 154 32 hvilkens
986 1641 156 41 pröfning
1171 1642 385 39 expropriationsrätten
1586 1647 37 28 är
1650 1641 178 41 beroende,

239 1702 99 23 anser
365 1691 175 33 Utskottet
568 1692 64 32 den
662 1691 201 42 ifrågasatta
891 1692 299 41 lagförändringen
1220 1693 72 32 icke
1321 1703 81 22 vara
1431 1693 35 32 af
1483 1693 156 34 behofvet
1658 1691 171 42 påkallad,

239 1747 7 29 i
276 1744 78 40 följd
396 1743 129 40 hvaraf,
569 1743 60 33 och
664 1743 42 32 då
734 1745 9 30 i
771 1744 98 40 öfrigt
914 1744 116 40 frågan
1060 1754 118 30 genom
1210 1744 188 41 Styrelsens
1428 1745 48 32 för
1505 1749 127 29 statens
1657 1745 173 39 jernvägs-

239 1796 193 41 byggnader
460 1795 253 32 ofvannämnda
742 1794 236 44 underdåniga
1006 1796 252 40 framställning
1278 1800 36 28 är
1339 1797 167 32 beroende
1526 1796 42 41 på
1588 1796 107 40 Kongl
1717 1796 112 40 Maj:ts

239 1847 123 41 nådiga
392 1846 165 41 pröfning,
587 1847 172 32 Utskottet
788 1847 184 32 föranlåtes
1001 1847 171 32 vördsamt
1201 1847 189 42 hemställa,

641 1900 51 31 att
720 1899 62 31 den
813 1898 228 41 föreliggande
1070 1900 171 32 motionen
1271 1899 72 32 icke
1374 1899 100 33 måtte
1503 1900 49 32 till
1582 1901 107 39 någon
1711 1899 117 41 åtgärd

636 1949 19 32 å
682 1950 211 40 Riksdagens
923 1951 72 31 sida
1023 1949 184 34 föranleda.

394 2044 195 32 Stockholm
619 2045 63 31 den
716 2045 34 31 13
779 2045 91 32 Mars
900 2044 93 33 1876.

826 2146 44 32 På
899 2147 188 32 Utskottets
1116 2149 140 37 vägnar:

907 2244 88 35 Eric
1021 2244 145 48 Sparre.
