2186 2620
678 224 263 33 Statsutskottets
969 222 175 34 Utlåtande
1171 223 60 32 N:o
1254 224 51 31 39.
1705 221 40 33 59

301 312 133 39 Såsom
475 313 41 37 af
555 313 114 37 ofvan
707 313 157 49 intagna
891 311 247 50 förteckning
1168 310 227 50 framginge,
1425 323 89 24 vore
1543 310 45 36 de
1617 309 167 49 afgifter,

198 379 81 24 som
307 366 60 37 för
394 366 113 37 dessa
536 364 189 38 oförsålda
752 370 139 32 tomter
919 365 59 36 för
1005 364 237 36 närvarande
1271 362 158 48 erlades,
1459 365 40 34 så
1527 362 121 49 ringa,
1668 366 55 32 att
1740 361 46 37 de

199 419 144 49 knappt
370 418 127 37 kunde
526 423 113 44 sägas
665 422 137 43 utgöra
829 420 129 46 någon
985 416 166 37 inkomst
1178 416 61 36 för
1267 415 248 49 domkyrkan.

299 470 88 37 Med
417 470 177 37 afseende
622 473 21 33 å
671 470 99 36 hvad
799 469 156 37 sålunda
982 469 126 36 blifvit
1135 468 151 37 anfördt
1314 467 95 37 hade
1430 467 236 36 revisorerne
1685 466 101 37 velat

200 523 117 36 uttala
358 523 73 36 den
473 522 169 49 mening,
684 526 56 32 att
779 521 227 49 fullständig
1031 520 207 49 utredning
1265 520 12 35 i
1305 519 109 49 fråga
1443 532 58 23 om
1531 518 255 50 domkyrkans

198 575 226 49 eganderätt
458 574 58 37 till
543 573 248 38 förenämnda
817 578 141 32 tomter
985 573 116 37 borde
1131 572 280 37 åstadkommas
1441 571 69 37 och
1539 571 166 37 derefter
1731 574 55 33 åt-

197 627 138 49 gärder
375 627 176 49 vidtagas
592 626 56 36 till
676 625 215 38 beredande
922 629 37 33 åt
987 625 238 49 domkyrkan
1253 624 40 37 af
1319 628 121 33 större
1467 623 210 37 inkomster
1705 622 81 38 från

199 680 204 37 desamma.

301 731 140 49 Kongl.
484 730 107 50 Maj:t
632 730 68 37 har
741 730 85 37 med
867 730 210 48 anledning
1118 729 42 37 af
1202 728 258 38 revisorernes
1499 727 288 49 ifrågavarande

198 783 279 49 framställning
505 782 185 37 infordrat
717 782 176 49 yttrande
922 782 85 37 från
1036 780 279 51 domkapitlet
1307 775 24 61 i
1335 780 190 48 Vesterås,
1546 793 80 24 som
1644 779 13 37 i
1676 779 110 38 skrif-

198 836 104 37 velse
330 836 73 36 den
435 837 46 35 14
511 835 174 37 sistlidne
708 835 150 49 januari
886 834 190 47 hemstält,
1108 838 65 43 att,
1194 833 47 37 då
1261 832 525 50 domkyrkokommissionen,

196 891 49 47 på
285 893 74 32 sätt
400 887 42 37 af
478 887 317 37 kommissionens
824 887 63 36 vid
916 885 267 50 domkapitlets
1210 885 178 50 yttrande
1417 885 139 49 fogade
1586 882 201 39 skrifvelse

198 940 229 49 framginge,
470 940 33 49 ej
547 940 145 35 kunnat
734 942 39 34 så
801 943 105 32 snart
935 952 79 23 som
1046 938 54 36 till
1128 938 74 36 den
1232 939 47 35 20
1308 937 164 37 nämnda
1499 936 138 37 månad
1665 936 120 37 lemna

198 992 73 37 den
298 991 169 50 begärda
495 991 264 50 utredningen,
789 990 248 50 domkapitlet
1064 993 116 33 måtte
1208 989 38 37 få
1273 989 214 48 framdeles,
1509 992 41 34 så
1570 993 105 32 snart
1694 988 89 37 den-

198 1057 142 25 samma
368 1044 135 37 hunnit
530 1043 239 48 verkställas,
797 1043 57 36 till
883 1042 140 49 Kongl.
1054 1041 106 49 Maj:t
1189 1041 154 38 dermed
1371 1041 204 37 inkomma.

300 1147 134 48 Enligt
461 1146 101 37 hvad
589 1146 188 37 utskottet
803 1145 197 49 inhemtat,
1030 1146 69 36 har
1126 1145 74 37 den
1230 1144 165 49 antydda
1413 1144 254 49 utredningen
1689 1148 99 32 ännu

198 1200 82 37 icke
322 1199 127 37 blifvit
489 1199 84 36 från
615 1198 248 49 domkapitlet
903 1198 58 35 till
1003 1196 143 50 Kongl.
1184 1197 106 49 Maj:t
1316 1196 175 49 ingifven
1519 1197 71 36 och
1618 1196 107 37 torde
1753 1196 33 49 ej

199 1265 90 23 vara
329 1256 56 32 att
413 1251 82 36 före
523 1250 258 37 innevarande
809 1249 205 37 riksmötes
1044 1249 75 36 slut
1148 1249 184 36 förvänta.
1390 1248 72 37 Vid
1491 1249 132 36 sådant
1650 1247 139 38 förhål-

198 1304 110 36 lande
336 1303 68 36 har
432 1302 198 48 utskottet,
661 1315 81 23 som
771 1302 233 46 förutsätter,
1038 1306 51 32 att
1103 1301 252 48 Riksdagens
1385 1305 87 32 näst
1499 1300 169 37 härefter
1693 1313 95 24 sam-

198 1354 271 39 manträdande
512 1354 186 37 revisorer
738 1354 151 36 komma
930 1358 55 32 att
1027 1366 99 36 egna
1155 1353 57 36 sin
1240 1352 333 49 uppmärksamhet
1601 1355 38 34 åt
1667 1352 121 37 denna

199 1407 292 49 angelägenhet,
522 1406 133 37 endast
683 1406 101 37 velat
812 1405 100 38 hvad
940 1405 12 36 i
980 1405 159 37 ärendet
1166 1404 241 38 förekommit
1434 1405 60 37 för
1516 1404 222 49 Riksdagen

699 1509 157 38 anmäla.

942 1665 21 48 8
994 1667 56 35 14.

451 1768 11 49 (
482 1768 88 37 Rev.
601 1768 77 37 ber.
709 1781 84 36 pag.
824 1768 220 44 526—580;
1073 1766 65 37 utl.
1168 1780 87 36 pag.
1287 1766 227 50 754—786.)

303 1871 125 38 Jemte
466 1871 244 38 meddelande
740 1872 40 35 af
804 1885 47 22 en
880 1870 244 49 förteckning
1152 1871 106 36 öfver
1286 1870 45 37 de
1361 1870 220 37 donationer
1610 1870 70 37 och
1709 1870 79 37 stif-

199 1923 128 48 telser,
356 1924 61 36 för
446 1923 126 37 hvilka
600 1923 262 49 redogörelser
890 1922 157 49 intagits
1067 1923 11 35 i
1099 1923 46 36 de
1166 1922 187 37 allmänna
1373 1922 305 49 räkenskaperna
1698 1922 90 37 eller

199 1976 84 35 från
310 1975 127 37 hvilka
466 1976 11 35 i
506 1976 117 47 öfrigt
651 1974 122 37 medel
801 1975 154 36 tillförts
982 1974 189 37 allmänna
1204 1974 183 47 ändamål,
1416 1974 114 37 hafva
1552 1974 235 37 revisorerne

200 2028 173 48 påpekat,
411 2027 179 36 hurusom
628 2027 41 36 af
703 2026 290 49 förteckningen
1021 2026 228 47 framginge,
1279 2031 54 31 att
1361 2026 41 36 af
1427 2026 110 36 dessa
1565 2026 223 36 donationer

201 2080 70 35 och
304 2078 180 37 stiftelser
514 2077 279 50 kapitalbelopp
822 2078 82 36 icke
935 2077 125 37 blifvit
1087 2078 151 35 utförda
1267 2078 57 35 för
1354 2079 47 34 54
1430 2078 186 48 uppgifna
1643 2077 144 46 fonder,

201 2130 70 36 och
308 2130 85 36 med
430 2129 206 48 anledning
673 2129 108 36 deraf
805 2129 136 36 uttalat
970 2129 306 36 önskvärdheten
1304 2129 49 46 af,
1383 2133 56 32 att
1466 2129 10 35 i
1505 2128 282 37 vederbörande

201 2181 257 49 räkenskaper
488 2183 111 35 måtte
629 2181 141 36 införas
799 2181 274 48 anteckningar
1101 2181 111 36 äfven
1242 2194 60 23 om
1327 2180 110 37 dessa
1456 2180 154 37 fonders
1630 2180 158 49 kapital-

200 2232 214 50 tillgångar.

176 2295 3 3 i
303 2285 17 36 I
362 2284 183 37 särskilda
585 2284 178 37 häröfver
804 2284 148 48 afuvifna
997 2283 250 49 förklaringar
1273 2283 67 37 har
1377 2283 223 50 uppgifvits,
1635 2285 74 36 dels
1737 2288 54 32 att

201 2336 133 38 hinder
374 2337 83 39 icke
500 2336 117 37 skulle
661 2341 99 32 möta
801 2337 58 36 för
901 2336 241 49 upptagande
1176 2336 12 36 i
1216 2336 159 48 behörig
1403 2336 163 48 räkning
1594 2336 40 36 af
1660 2336 129 36 veder-

1839 1880 139 30 Angående

1809 1916 175 22 antecknande
2003 1915 9 22 i

1808 1950 203 29 räkenskaperna

1807 1985 25 22 af
1848 1984 164 23 donationers

1807 2019 48 23 och
1875 2019 137 23 stiftelsers

1835 2053 151 29 kapitaltill-

1859 2087 101 30 gångar.
