2201 2683
445 198 37 31 12
573 198 116 32 Första
714 197 214 34 Kammarens
953 197 181 44 Tillfälliga
1162 199 134 32 Utskotts
1321 200 74 41 (N:o
1418 200 35 42 2)
1482 199 170 33 Utlåtande
1674 200 63 33 N:o
1760 201 49 30 16.

400 276 206 40 distriktet.
664 277 284 50 Ordningsman
978 279 92 37 eller
1098 293 125 24 annan
1252 280 116 37 gådan
1397 293 149 37 person,
1577 294 80 23 som
1686 294 51 24 nu
1766 286 41 32 är
1834 261 151 74 nämnd,

402 331 150 50 åligger
580 336 66 43 att,
676 331 68 37 der
771 331 76 37 han
876 331 121 51 enligt
1026 332 20 51 $
1080 334 16 36 1
1127 333 182 51 upptagit
1337 333 108 50 gods,
1475 338 138 45 genast
1642 334 127 37 derom
1799 339 94 46 göra
1921 347 65 24 an-

402 385 126 37 mälan
557 384 70 38 hos
655 383 261 39 längmannen.

1154 507 20 51 g
1202 511 35 35 4.

527 593 80 37 Har
636 593 84 51 den,
750 595 69 37 hos
848 594 157 38 hvilken
1035 595 179 38 anträffas
1238 609 112 24 renar
1378 596 93 38 eller
1499 597 191 39 rtenhudar
1718 598 83 38 med
1824 598 165 39 ändrade

401 647 168 46 märken,
612 646 101 39 förut
754 648 70 37 hos
853 648 251 37 länsmannen
1133 648 103 50 gjort
1265 649 176 38 anmälan
1471 649 142 51 derom,
1644 656 56 32 att
1727 651 75 37 han
1831 651 159 38 innehar

399 713 111 24 renar
552 699 91 36 eller
678 701 204 45 renhudar,
918 701 132 36 hvilka
1078 702 207 47 undergått
1314 702 279 49 ommärkning,
1624 704 70 36 och
1724 705 69 35 har
1821 705 75 35 han
1926 705 63 36 vid

400 752 125 37 denna
554 752 177 37 anmälan
760 752 196 50 uppgifvit
986 753 73 36 dels
1087 753 144 36 antalet
1257 753 288 37 innehafvande
1565 768 111 24 renar
1691 755 92 37 eller
1798 756 192 37 renhudar

400 805 85 37 med
511 803 167 39 ändrade
710 805 167 48 märken,
907 806 75 36 dels
1012 804 63 38 det
1105 810 87 44 sätt,
1222 805 144 51 hvarpå
1390 806 75 37 han
1487 807 201 38 åtkommit
1706 808 151 49 godset,
1879 814 110 43 samt,

401 858 67 36 der
509 858 75 35 han
628 857 150 37 erhållit
820 858 104 36 detta
961 858 82 36 från
1073 871 126 23 annan
1227 871 150 37 person,
1407 859 322 49 fångesmannens
1759 874 126 35 namn,
1916 862 75 36 dels

402 909 190 37 huruvida
621 910 318 50 ommärkningen
970 910 112 49 skett,
1114 911 117 36 sedan
1260 911 138 49 godset
1428 911 160 37 kommit
1616 912 11 37 i
1648 913 95 37 hans
1765 912 112 50 hand,
1899 913 93 37 eller

402 962 257 49 derförinnan,
695 963 75 36 dels
800 963 167 36 märkets
996 963 238 37 närvarande
1263 964 70 36 och
1363 964 87 37 dess
1479 964 101 37 förra
1609 965 275 49 beskaffenhet,
1903 967 87 48 dels,

401 1015 12 36 i
443 1014 182 37 händelse
662 1015 318 50 ommärkningen
1015 1015 104 37 skett
1147 1016 115 36 sedan
1293 1016 73 37 han
1397 1016 81 37 blef
1501 1016 249 38 innehafvare
1778 1018 42 36 af
1842 1019 149 49 godset,

403 1067 257 50 anledningen
703 1068 57 36 till
789 1067 331 49 ommärkningen,
1150 1068 46 37 då
1225 1071 59 34 må
1309 1082 108 24 renar
1444 1069 93 37 eller
1565 1070 191 37 renhudar
1784 1071 85 37 med
1897 1085 95 36 upp-

401 1120 125 49 gifvet
554 1120 162 36 ändradt
744 1120 130 37 märke
902 1121 70 35 hos
1002 1120 138 37 honom
1170 1120 85 52 icke
1284 1127 203 44 upptagas,
1517 1122 126 37 derest
1662 1123 110 37 deras
1788 1123 104 37 antal
1906 1123 85 37 icke

402 1172 231 47 öfverstiger
674 1173 64 36 det
780 1172 176 37 anmälda
998 1172 153 37 antalet.
1210 1173 239 49 Öfverstiger
1476 1174 145 37 antalet
1649 1175 64 37 det
1741 1176 250 48 sistnämnda,

402 1227 60 33 må
503 1224 317 49 öfverskjutande
862 1224 144 37 antalet
1047 1230 201 43 upptagas.
1301 1225 79 37 När
1423 1225 58 37 för
1522 1226 172 38 länsman
1729 1232 114 44 göres
1873 1228 117 36 sådan

400 1276 190 48 anmälan,
621 1289 80 24 som
732 1290 49 23 nu
807 1282 41 31 är
877 1276 106 50 sagd,
1014 1276 96 37 skall
1137 1277 249 38 länsmannen
1416 1278 268 38 kostnadsfritt
1713 1279 124 37 lemna
1862 1279 129 37 skrift-

403 1329 73 49 ligt
503 1329 114 49 intyg
646 1342 59 24 om
735 1329 73 37 den
838 1329 145 37 skedda
1011 1329 175 37 anmälan
1216 1330 71 37 och
1316 1331 88 36 dess
1432 1330 179 37 innehåll.

1155 1453 17 45 $
1195 1432 40 71 5.

532 1537 79 37 Har
638 1537 175 37 länsman
842 1537 179 51 upptagit
1049 1538 109 48 gods,
1189 1551 80 24 som
1300 1540 112 36 ofvan
1443 1544 41 32 är
1512 1540 124 49 sagdt,
1663 1540 92 37 eller
1783 1539 68 38 har
1873 1540 118 38 sådan

401 1602 150 37 person,
583 1603 80 23 som
693 1589 11 36 i
734 1589 20 50 $
784 1592 21 35 3
835 1595 41 32 är
905 1590 217 48 omnämnd,
1151 1591 70 37 hos
1250 1591 249 37 länsmannen
1529 1592 155 49 anmält,
1715 1598 53 31 att
1784 1593 97 49 gods
1897 1606 95 37 upp-

400 1641 132 50 tagits,
575 1642 147 49 åligger
764 1642 64 36 det
870 1643 251 36 länsmannen
1164 1649 54 31 att
1251 1644 11 35 i
1299 1643 213 38 distriktets
1555 1645 122 49 kyrka
1706 1645 175 48 kungöra
1910 1646 80 36 vigs

402 1694 87 49 dag,
520 1694 116 36 minst
664 1707 59 35 en,
754 1694 116 50 högst
898 1697 64 33 två
990 1694 178 37 månader
1197 1695 95 37 efter
1320 1696 63 36 det
1398 1697 264 49 upptagandet
1686 1697 156 48 skedde,
1861 1700 19 34 å
1896 1697 96 37 hvil-

401 1746 75 36 ken
505 1747 77 48 dag
611 1746 73 37 den
713 1746 91 37 eller
833 1747 57 48 de,
921 1760 80 23 som
1031 1747 129 37 kunna
1190 1761 72 36 ega
1291 1749 165 49 anspråk
1485 1751 48 47 på
1549 1748 63 38 det
1628 1754 196 45 upptagna
1841 1749 148 49 godset,

401 1801 60 33 må
489 1801 20 33 å
538 1799 78 35 viss
646 1803 58 32 ort
733 1798 343 38 tillstädeskomma
1105 1799 99 37 inför
1232 1801 250 36 länsmannen
1511 1801 58 37 för
1597 1807 55 31 att
1680 1803 132 47 styrka
1837 1802 58 36 sin
1915 1807 76 32 rätt

400 1849 57 37 till
499 1850 149 48 godset,
692 1850 185 37 skolande
919 1851 258 48 kungörelsen
1220 1852 181 49 derjemte
1429 1853 204 48 innehålla,
1663 1858 65 43 att,
1759 1853 66 37 der
1853 1854 32 48 ej
1916 1859 75 32 rätt

401 1902 57 36 till
487 1903 139 47 godset
654 1903 136 36 varder
818 1902 63 37 vid
908 1903 167 37 tillfället
1103 1909 140 43 utrönt,
1274 1905 211 37 detsamma
1513 1906 173 36 kommer
1713 1911 55 31 att
1789 1905 47 37 då
1851 1919 139 35 genom

402 1954 196 49 offentligt
638 1960 112 43 utrop
794 1954 185 50 försäljas,
1023 1956 86 36 med
1139 1956 221 50 skyldighet
1388 1957 58 36 för
1474 1957 217 50 inroparen,
1721 1958 66 36 der
1814 1958 177 37 lefvande

402 2019 112 24 renar
543 2007 115 37 varda
689 2007 117 47 sålda,
835 2013 55 30 att
918 2008 83 36 dem
1031 2014 139 43 genast
1199 2009 213 50 nedslagta.

1153 2129 20 50 g
1193 2129 42 50 6.

530 2214 80 38 Har
650 2215 249 37 länsmannen
943 2215 83 38 låtit
1067 2215 63 38 vid
1168 2219 99 34 årets
1306 2216 132 51 början
1467 2218 10 37 i
1508 2217 147 50 kyrkan
1685 2218 175 50 kungöra
1889 2218 102 38 vissa

401 2267 120 49 dagar
547 2268 121 36 under
696 2270 92 46 året,
818 2267 46 37 då
891 2268 110 50 gods,
1032 2282 80 23 som
1143 2269 121 49 enligt
1292 2269 341 39 bestämmelserna
1661 2271 12 36 i
1702 2271 20 50 &
1750 2274 17 34 1
1795 2274 61 34 må
1876 2271 115 36 varda

399 2320 123 36 under
563 2323 81 33 året
685 2326 196 43 upptaget,
924 2321 99 37 skall
1065 2324 20 33 å
1119 2327 119 31 utsatt
1271 2329 59 30 ort
1358 2323 308 37 tillhandahållas
1696 2325 57 35 för
1781 2324 97 48 dem,
1908 2337 81 23 som
