2235 2576
183 685 147 37 Angående

176 722 98 33 anslag
293 722 46 27 till

154 754 205 35 disciplinkom-

207 789 104 33 poaniet.

231 831 49 33 [9.]

163 1994 149 37 Angående

147 2030 99 35 öfriga
267 2032 71 27 ordi-

137 2065 82 26 narie
229 2066 107 34 anslag.

412 188 16 27 6
856 192 104 31 Stats-
970 190 179 34 Utskottets
1179 192 178 33 Utlåtande
1381 193 62 32 N:o
1466 197 28 28 8.

777 277 135 35 skottet
939 275 219 38 förbehållen
1185 281 75 32 rätt
1288 281 56 32 att
1370 279 60 35 vid
1457 281 238 42 uppsättande
1723 282 40 33 af
1788 282 134 45 förslag
1949 283 56 35 till

776 327 225 45 Riksdagens
1028 329 188 35 skrifvelse
1245 327 183 46 angående
1456 330 113 45 fjerde
1597 331 243 35 hufvudtiteln
1854 334 149 43 vidtaga

777 379 67 33 den
884 380 213 43 ytterligare
1137 380 186 44 jemkning
1355 380 11 34 i
1394 381 100 33 detta
1523 382 135 43 anslag,
1689 392 71 23 som
1788 383 72 33 kan
1888 384 115 34 finnas

775 428 55 35 för
857 430 250 34 slutsummans
1132 430 189 44 jemnande
1349 430 163 44 behöflig.

925 575 517 54 Disciplinkompaniet.

501 678 66 33 2:0.
624 677 73 36 För
742 678 384 47 Disciplinkompaniet
1172 687 41 30 är
1253 684 55 34 för
1348 685 228 34 närvarande
1619 684 45 44 på
1708 686 179 36 ordinarie
1929 690 71 32 stat

361 727 169 43 uppfördt

361 778 178 34 bestämdt
566 781 127 43 aNSläg
739 812 827 9 sees
1140 774 84 58 nsssrrar
1230 774 34 58 rss
1266 774 63 58 arnss
1335 774 37 58 rna
1390 774 37 58 see
1448 774 44 58 sas
1513 774 55 58 aa
1608 786 132 34 kronor
1772 788 143 43 10,938:
1948 809 48 3 —

360 827 35 35 [0
410 838 23 24 KS
446 823 63 58 ETS
533 823 46 58 NES
664 863 749 8 EF
1433 868 150 4 reser
1671 849 12 15 >
1770 839 146 42 32,062:
1949 859 43 3 —

1319 887 86 50 eller
1422 883 157 69 tillhopa
1607 888 132 51 kronor
1767 890 229 58 43,000:
1953 883 48 69 —

359 979 237 36 hvarförutan
625 983 112 33 under
765 983 42 34 de
835 994 125 24 senare
987 982 86 37 åren
1100 983 46 45 på
1174 989 103 31 extra
1305 988 73 33 stat
1406 987 161 44 uppförts
1596 988 55 34 till
1678 989 314 43 aflöningsfyllnad

357 1029 61 34 vid
446 1030 208 44 kompaniet
685 1034 107 35 1.700
822 1034 147 45 kronor;
1000 1036 65 33 och
1093 1033 45 36 då
1154 1036 99 34 detta
1282 1037 109 34 behof
1403 1048 48 24 nu
1464 1048 99 24 mera
1579 1039 79 34 icke
1674 1039 119 34 kunde
1809 1050 102 23 anses
1925 1040 68 34 till-

357 1078 120 46 fälligt
505 1082 64 34 och
598 1083 172 44 derjemte
798 1085 60 33 det
885 1085 140 34 felande
1045 1087 163 42 beloppet
1232 1098 86 23 vore
1334 1088 84 43 föga
1437 1088 188 44 betydligt,
1644 1090 66 33 har
1729 1089 132 45 Kongl.
1882 1089 111 46 Maj:t

355 1140 49 24 nu
430 1131 198 45 föreslagit,
659 1136 55 32 att
742 1135 58 33 det
827 1136 184 34 bestämda
1039 1137 164 43 anslaget
1230 1135 111 37 måtte
1368 1138 101 44 höjas
1496 1138 54 35 till
1584 1141 131 41 12,591
1745 1141 133 33 kronor
1905 1142 86 33 eller

355 1181 9 33 i
404 1180 96 45 jemn
544 1194 135 24 summa
719 1188 177 41 upptagas
925 1186 53 34 till
1011 1188 134 39 12,600
1173 1188 143 43 kronor,
1334 1189 64 33 och
1427 1189 12 34 i
1466 1191 259 43 sammanhang
1752 1191 143 34 dermed
1923 1192 68 34 för-

355 1232 263 46 slagsanslaget
646 1235 55 33 till
730 1235 221 44 kompaniets
979 1235 185 37 underhåll
1189 1238 138 44 jemnas
1357 1240 54 33 till
1440 1242 135 40 32,000
1603 1242 142 42 kronor,
1763 1242 65 34 och
1858 1239 134 37 således

354 1283 164 44 anslaget
546 1288 177 41 upptagas
751 1283 164 38 sålunda:

353 1333 178 36 bestämdt
559 1337 127 42 an$lä8
720 1367 852 10 omusssnsnsnsssssasn
1179 1329 40 57 ns
1246 1329 12 57 a
1271 1367 301 10 saras
1603 1342 131 34 kronor
1766 1345 143 41 12,600:
1943 1364 45 3 —

352 1382 284 48 förslagsanslag
653 1418 26 4 ...
699 1418 152 6 .........
861 1421 3 2 Ir
928 1419 5 5 r
941 1420 49 5 rasta
1009 1421 15 4 rr
1034 1421 25 3 rer
1103 1421 26 4 ker
1150 1422 72 4 sareer
1230 1423 38 3 sera
1277 1422 37 5 dras
1322 1422 50 4 isar
1391 1422 26 4 sd
1444 1423 99 4 kela
1664 1407 13 15 »
1764 1396 146 41 32.000:
1944 1415 46 3 —

1307 1441 85 52 eller
1412 1441 170 62 tillhopa
1597 1460 133 35 kronor
1758 1464 148 41 44,600:
1941 1483 47 3 —

349 1535 233 44 hvarigenom
610 1540 240 40 nyssnämnda
880 1542 102 32 extra
1011 1542 126 43 anslag
1166 1541 30 44 ej
1229 1542 124 34 vidare
1383 1553 85 24 vore
1497 1544 179 43 behöfligt.

485 1585 192 37 Utskottet
707 1589 216 44 hemställer,

808 1693 56 32 att
890 1690 207 46 Riksdagen
1126 1690 56 36 ma
1210 1693 122 35 bifalla
1361 1694 96 34 hvad
1483 1693 132 46 Kongl.
1633 1695 352 46 Maj:t
1751 1686 20 59 i
1784 1695 164 46 afseende
1961 1686 27 59 å

757 1740 401 46 Disciplinkompaniets
1186 1744 127 45 anslag
1341 1744 196 45 föreslagit.

860 1875 160 64 Öfriga
1048 1890 234 41 ordinarie
1311 1892 176 50 anslag.

485 1992 90 34 10:0.
631 1992 234 36 Beträffande
907 1994 115 45 öfriga
1063 1996 112 34 under
1215 1996 114 44 fjerde
1362 1998 244 34 hufvudtiteln
1634 1999 11 33 i
1672 1999 196 36 riksstaten
1895 2011 82 33 upp-

341 2040 104 35 förda
474 2042 180 35 ordinarie
683 2044 135 44 anslag,
848 2045 11 34 i
888 2045 166 35 afseende
1082 2043 21 37 å
1130 2046 123 35 hvilka
1283 2047 130 45 Kongl.
1451 2048 103 45 Maj:t
1569 2049 76 34 icke
1664 2050 186 45 föreslagit
1863 2049 116 46 någon

344 2090 223 47 förändring,
596 2094 209 35 hemställer
831 2095 203 45 Utskottet,

808 2197 55 32 att
891 2196 99 35 dessa
1019 2198 126 44 anslag
1172 2196 57 36 må
1255 2199 11 33 i
1299 2201 97 33 1884
1424 2197 58 37 års
1510 2200 150 34 riksstat
1680 2201 53 33 till
1749 2199 233 37 oförändrade

756 2246 125 44 belopp
908 2250 196 43 upptagas;
1134 2249 90 35 dock
1252 2252 65 42 att,
1347 2250 108 35 sedan
1476 2250 331 45 husarregementet
1821 2250 158 47 Konung
