1890 2798
529 171 108 27 Första
662 171 208 34 lagutskottets
896 171 157 28 utlåtande
1076 171 46 28 Nr
1144 172 48 27 21.
1584 169 16 29 1

779 645 62 38 Nr
864 646 65 40 21.

617 788 109 25 Ankom
748 790 42 23 till
812 790 162 31 riksdagens
994 791 90 24 kansli
1105 791 53 24 den
1180 792 31 23 16
1233 799 74 17 mars
1329 793 64 23 1926
1414 792 36 24 kl.
1473 794 29 22 11
1524 793 17 24 f.
1563 800 35 17 m.

328 921 174 30 Utlåtande
526 921 12 30 i
562 922 181 41 anledning
778 932 42 21 av
845 923 99 31 väckt
965 924 123 30 motion
1114 934 53 20 om
1199 924 64 31 viss
1287 924 144 41 ändring
1457 925 11 30 i
1491 926 107 29 utsök-

431 974 207 41 ningslagen.

153 1115 13 30 I
191 1124 42 22 en
271 1115 97 32 inom
405 1117 109 30 andra
551 1117 204 32 kammaren
791 1119 113 39 väckt,
941 1119 49 31 till
1026 1120 187 37 lagutskott
1248 1121 169 31 hänvisad
1454 1122 142 39 motion,

107 1178 41 20 nr
175 1169 73 39 173,
284 1169 118 30 vilken
438 1163 205 38 behandlats
672 1181 43 21 av
739 1171 107 32 första
875 1173 230 39 lagutskottet,
1129 1174 65 30 har
1217 1174 79 30 herr
1323 1174 113 31 Olsson
1461 1175 10 30 i
1498 1175 99 31 Golv-

107 1224 96 27 vasta
228 1221 186 40 hemställt,
440 1225 47 28 att
511 1223 184 38 riksdagen
721 1225 80 30 ville
826 1225 134 31 besluta
984 1229 47 27 att
1055 1226 9 30 i
1090 1226 164 31 skrivelse
1278 1227 50 30 till
1354 1228 121 37 Kungl.
1503 1228 93 38 Maj:t

107 1274 194 40 hemställa,
335 1278 48 28 att
418 1276 122 36 Kungl.
576 1277 93 37 Maj:t
702 1278 80 31 ville
818 1279 184 30 vetkställa
1038 1280 185 38 utredning
1246 1281 66 31 och
1336 1281 53 31 för
1413 1282 183 38 riksdagen

107 1327 188 39 framlägga
319 1328 128 39 förslag
470 1335 58 26 om
553 1331 42 30 de
619 1331 187 39 ändringar
830 1332 10 31 i
866 1333 316 40 utsökningslagen,
1207 1344 74 21 som
1308 1334 111 32 finnas
1441 1345 83 21 vara
1541 1336 55 30 be-

107 1381 139 39 hövliga
270 1382 54 31 för
347 1386 48 27 att
419 1383 181 32 förhindra
624 1388 48 27 att
698 1386 196 38 utmätning
909 1387 200 31 verkställes
1127 1388 45 40 på
1189 1388 122 31 sådant
1332 1390 73 38 sätt,
1423 1393 47 27 att
1485 1389 111 38 gälde-

107 1436 108 29 nären
239 1435 163 32 åsamkas
428 1437 148 38 onödiga
600 1438 170 32 förluster.

151 1488 67 31 Till
243 1490 75 30 stöd
343 1490 54 30 för
421 1490 53 30 sin
498 1491 208 31 hemställan
729 1493 65 30 har
818 1493 216 31 motionären
1058 1494 200 39 framhållit,
1278 1498 47 27 att
1341 1496 166 37 egendom
1526 1496 69 31 ofta

107 1542 148 30 utmätes
279 1542 11 30 i
315 1543 61 30 allt
399 1542 53 32 för
476 1547 70 28 stor
569 1544 207 37 omfattning
799 1546 11 30 i
832 1546 216 31 förhållande
1064 1547 51 30 till
1132 1548 56 30 det
1205 1548 136 40 belopp,
1358 1549 237 38 utmätningen

106 1603 110 22 avser.
265 1595 218 32 Motionären
518 1597 64 30 har
614 1597 176 39 ifrågasatt
826 1600 235 30 meddelande
1087 1610 43 21 av
1155 1602 205 38 uttryckliga
1384 1602 212 31 föreskrifter

107 1648 134 39 därom,
265 1651 48 27 att
337 1649 367 38 utmätningsmannen
730 1652 27 37 ej
785 1652 107 31 borde
917 1655 129 28 utmäta
1071 1663 94 21 mera
1190 1664 42 20 av
1258 1655 224 37 gäldenärens
1499 1664 96 29 egen-

107 1701 82 30 dom
214 1703 45 29 än
290 1703 65 30 vad
381 1712 76 21 som
481 1703 155 38 skäligen
661 1705 119 31 kunde
805 1715 100 22 anses
930 1707 222 39 nödvändigt,
1178 1711 89 27 samt
1291 1709 10 29 i
1327 1709 167 30 samband
1520 1710 75 30 där-

107 1755 79 29 med
216 1755 92 31 vissa
336 1756 154 31 ändrade
514 1757 260 32 bestämmelser
799 1759 212 31 beträffande
1036 1761 66 30 den
1128 1761 157 39 ordning,
1309 1762 10 29 i
1344 1762 116 31 vilken
1484 1763 111 37 gälde-

107 1809 80 29 närs
212 1808 181 38 tillgångar
416 1810 99 30 skola
539 1813 95 35 tagas
658 1811 11 31 i
694 1814 82 29 mät.

152 1914 64 30 Det
240 1914 105 38 ligger
368 1915 11 31 i
404 1916 125 31 sakens
554 1920 112 37 natur,
691 1921 48 27 att
763 1920 195 37 utmätning
983 1921 27 37 ej
1037 1921 88 30 skall
1150 1922 60 30 ske
1235 1922 10 30 i
1263 1925 106 28 större
1390 1919 205 46 omfattning

107 1968 45 28 än
177 1976 75 21 som
278 1967 155 38 betingas
458 1979 43 21 av
525 1971 141 36 gäldens
687 1972 130 30 storlek
833 1973 66 30 och
921 1974 449 32 exekutionskostnaderna.
1416 1977 117 29 Redan
1552 1977 42 39 på

106 2020 111 36 grund
242 2020 109 31 härav
375 2031 102 31 synes
502 2023 56 30 det
581 2023 136 32 mindre
741 2025 157 40 lämpligt
917 2029 48 27 att
988 2026 76 38 giva
1089 2028 206 39 uttryckliga
1319 2028 211 32 föreskrifter
1553 2040 42 20 av

106 2073 58 30 det
186 2073 166 41 innehåll,
377 2075 218 32 motionären
618 2077 11 30 i
650 2078 91 30 detta
761 2079 170 31 avseende
948 2080 180 38 föreslagit.
1166 2081 68 31 För
1251 2082 109 38 övrigt
1379 2082 57 30 må
1453 2079 141 47 erinras,

106 2129 49 27 att
190 2128 259 38 utmätningens
478 2129 206 39 omfattning
707 2133 39 28 är
770 2132 172 31 beroende
967 2133 19 30 å
1010 2134 119 30 värdet
1153 2144 43 21 av
1221 2136 211 36 egendomen
1457 2137 66 30 och
1547 2140 48 27 att

107 2188 42 21 en
178 2181 184 37 värdering
395 2182 106 30 därav
534 2182 28 38 ej
589 2184 109 30 sällan
724 2186 38 29 är
785 2186 169 37 vansklig.
1002 2187 123 30 Vidare
1151 2187 56 30 må
1232 2188 211 40 framhållas,
1468 2193 57 30 att,
1550 2190 44 30 då

108 2232 57 31 vid
198 2242 41 22 en
270 2234 321 38 tvångsrealisation
616 2237 109 31 sällan
751 2238 70 31 kan
846 2239 135 41 uppnås
1006 2243 46 27 ett
1076 2240 81 40 pris,
1182 2243 243 30 motsvarande
1450 2244 143 37 egendo-

107 2295 98 22 mens
229 2287 154 38 verkliga
416 2290 116 38 värde,
556 2290 56 30 det
634 2290 70 32 ofta
728 2291 67 31 blir
819 2293 213 38 nödvändigt
1056 2297 47 27 att
1128 2296 131 30 utmäta
1284 2296 165 37 egendom
1474 2297 10 30 i
1510 2298 83 30 rela-

105 2339 63 31 tivt
191 2343 71 28 stor
286 2341 215 40 omfattning.

150 2393 75 31 Vad
258 2394 150 32 härefter
441 2397 107 37 angår
583 2398 65 30 den
685 2398 158 39 ordning,
876 2400 9 30 i
927 2400 116 31 vilken
1076 2402 181 37 gäldenärs
1292 2403 179 38 tillgångar
1494 2405 98 30 skola

106 2448 94 35 tagas
236 2447 11 30 i
283 2450 82 37 mät,
399 2449 187 31 återfinnas
620 2461 46 20 nu
704 2452 157 37 gällande
900 2453 260 32 bestämmelser
1195 2456 123 30 härom
1344 2457 209 38 väsentligen
1581 2458 11 30 i

106 2494 192 43 62-—64
255 2490 43 57 $$
333 2502 316 39 utsökningslagen.
698 2505 50 30 De
784 2505 176 32 innehålla
989 2507 9 30 i
1028 2508 186 31 huvudsak
1239 2508 161 39 följande:
1450 2511 11 29 I
1487 2511 105 30 första

151 2555 124 37 Bihang
300 2557 46 27 till
370 2558 180 36 riksdagens
573 2561 153 34 protokoll
752 2562 85 27 1926.
885 2563 18 27 9
926 2564 87 27 saml.
1062 2565 15 26 1
1103 2566 66 26 avd.
1196 2566 37 26 17
1257 2565 73 35 häft.
1377 2566 55 33 (Nr
1455 2565 62 39 21.)
1569 2565 15 30 1

1644 1918 135 25 Utskottet.
