2186 2695
408 245 16 30 3
924 241 218 41 Lagutskottets
1171 241 152 33 Utlåtande
1346 242 60 31 N:o
1433 243 49 31 20.

405 325 216 50 uppehållas
662 326 67 35 och
773 325 140 49 byggas
954 324 47 49 på
1038 325 103 35 deras
1174 325 166 44 kostnad,
1371 325 129 36 hvilka
1528 326 99 34 inom
1656 324 265 49 församlingen
1950 337 52 23 er-

403 383 110 47 lägga
555 379 413 50 kommunalutskylder
1010 380 92 35 efter
1139 378 93 38 åsatt
1269 379 159 50 fyrktal;
1458 380 92 36 dock
1580 393 84 23 vare
1694 379 54 46 de,
1777 379 129 36 hvilka
1934 392 68 36 ega

403 436 145 49 åtnjuta
585 436 44 35 de
668 448 132 36 genom
835 434 281 50 presterskapets
1145 435 211 49 privilegier
1384 433 205 37 förunnade
1617 433 195 46 förmåner,
1843 435 31 47 ej
1905 434 96 49 skyl-

405 491 81 49 dige
522 496 55 30 att
610 491 11 34 i
650 489 68 36 den
749 489 155 36 kostnad
933 489 147 49 deltaga
1109 489 11 35 i
1150 489 264 36 vidsträcktare
1444 488 95 46 mån,
1568 496 45 28 än
1643 502 76 23 £om
1750 488 81 36 med
1862 501 139 23 samma

403 546 211 49 privilegier
643 544 60 36 må
731 557 87 23 vara
847 542 186 50 förenligt;

511 601 11 34 i
552 600 186 35 motionen
767 612 61 23 n:o
860 600 63 36 43:

510 661 64 39 att,
602 654 86 36 med
717 653 154 49 ändring
900 652 40 37 af
966 652 97 37 hvad
1091 653 12 35 i
1133 653 106 49 lagen
1270 652 40 36 af
1337 653 68 36 den
1440 656 13 35 1
1489 653 71 49 maj
1595 654 98 36 1885
1726 651 171 50 stadgadt
1926 659 39 29 är
1989 652 11 35 i

404 684 369 75 byggningabalkens
810 693 53 52 26
898 708 81 48 kap.
1014 708 152 35 rörande
1203 708 175 48 byggnad
1412 708 67 35 och
1510 706 194 37 underhåll
1734 708 38 35 af
1801 706 201 49 prestgård,

403 763 211 49 Riksdagen
642 763 87 34 ville
758 761 57 35 för
844 762 51 34 sin
926 761 59 35 del
1015 766 132 43 antaga
1175 739 163 70 följande
1367 762 78 48 lag:

511 793 73 60 Der
612 817 117 49 enligt
759 818 46 35 26
835 816 82 48 kap.
950 818 19 35 2
1002 815 17 49 $
1050 790 99 90 bygg
1153 815 245 49 ningabalken
1406 791 115 61 ”eller
1545 814 178 37 särskilda
1743 812 259 51 författningar

403 873 62 35 det
506 871 138 50 åligger
687 847 215 59 socknemän
940 876 53 29 att
1027 870 45 48 på
1100 870 53 35 sin
1184 870 201 35 bekostnad
1415 871 123 60 bygga
1567 870 92 35 eller
1689 869 120 36 bättra
1838 845 121 59 husen
1982 868 20 35 å

402 902 202 74 prestgård,
633 926 102 35 skola
764 925 11 34 i
804 924 110 36 sådan
945 924 154 37 kostnad
1128 924 72 35 alla
1229 924 54 45 de,
1303 924 154 35 hvilka
1463 937 87 23 inom
1571 923 261 49 församlingen
1853 925 149 46 erlägga

402 979 424 50 kommunalutskylder,
856 980 146 48 deltaga
1031 978 93 36 efter
1152 978 93 36 åsatt
1274 978 155 50 fyrktal;
1459 979 93 35 dock
1582 992 85 23 vare
1697 979 55 43 de,
1763 951 149 77 "hvilka
1936 990 66 36 ega

402 1036 144 62 åtnjuta
580 1035 43 36 de
659 1047 132 37 genom
826 1008 285 78 presterskapets
1139 1029 211 69 privilegier
1378 1032 203 37 förunnade
1610 1007 194 69 förmåner,
1833 1008 169 73 skyldige

403 1097 55 30 att
492 1092 13 34 i
541 1090 69 36 den
652 1089 155 36 kostnad
850 1088 145 49 deltaga
1037 1088 128 35 endast
1198 1088 12 34 i
1239 1088 70 37 den
1339 1087 95 45 mån,
1466 1087 43 36 de
1539 1089 31 47 ej
1602 1095 64 28 äro
1696 1085 160 38 derifrån
1885 1086 117 49 enligt

403 1158 139 24 samma
571 1144 211 49 privilegier
811 1118 178 68 befriade;

509 1204 94 30 samt
631 1199 12 34 i
672 1199 186 35 motionen
887 1210 57 23 n:o
974 1198 64 35 44:

509 1258 64 40 att,
601 1252 83 36 med
713 1251 153 49 ändring
895 1250 39 36 af
959 1250 97 36 hvad
1086 1250 11 35 i
1127 1251 106 48 lagen
1265 1248 40 37 af
1330 1249 69 36 den
1430 1252 47 34 26
1509 1249 205 49 september
1742 1250 144 36 »1885»
1908 1247 93 37 stad-

402 1308 89 49 gadt
520 1315 51 36 är,
601 1306 205 48 Riksdagen
835 1282 88 60 le
952 1304 57 36 för
1038 1306 53 34 sin
1121 1280 66 60 del
1210 1310 134 43 antaga
1369 1302 162 50 följande
1551 1305 62 47 lag
1633 1302 185 50 angående
1839 1303 161 49 skyldig-

402 1338 107 60 heten
539 1366 54 31 att
621 1339 146 70 deltaga
795 1360 12 35 i
838 1360 198 35 kostnaden
1067 1358 57 36 för
1153 1337 175 70 byggnad
1358 1358 66 36 och
1454 1357 197 36 underhåll
1680 1356 42 38 af
1747 1357 169 49 tingshus
1936 1357 66 36 och

402 1414 308 49 häradsfängelse:

508 1470 18 35 I
559 1469 202 36 kostnaden
804 1467 57 36 för
898 1466 174 50 byggnad
1103 1466 65 35 och
1199 1465 195 37 underhåll
1423 1465 41 36 af
1490 1465 133 36 sådana
1653 1465 217 49 byggnader
1898 1464 104 36 skola

402 1526 74 36 alla
505 1525 55 43 de,
589 1524 128 35 hvilka
745 1523 99 35 inom
874 1521 153 35 häradet
1055 1521 91 35 eller
1174 1520 196 49 tingslaget
1398 1521 149 47 erlägga
1577 1519 426 49 kommunalutskylder,

402 1580 150 46 deltaga
595 1576 92 37 efter
729 1576 69 36 den
842 1575 132 49 grund,
1018 1588 78 22 som
1138 1573 57 37 för
1235 1574 203 48 utgörande
1467 1551 56 58 af
1534 1574 101 35 dessa
1665 1572 193 50 utskylder
1886 1573 116 35 finnes

402 1632 172 50 stadgad;
604 1631 67 37 och
700 1631 102 36 skola
830 1629 60 36 vid
921 1627 243 38 förefallande
1193 1627 114 37 behof
1333 1628 102 36 dessa
1464 1628 133 49 bidrag
1616 1640 132 36 genom
1769 1627 232 36 kommunal-

402 1661 202 62 nämndens
633 1685 218 36 ordförande
881 1683 42 38 af
949 1684 242 34 kommunens
1210 1683 104 35 kassa
1335 1683 195 43 utbetalas,
1552 1658 117 72 enligt
1689 1682 68 35 den
1778 1681 39 36 af
1833 1681 169 35 häradets

402 1740 295 37 förtroendemän
726 1737 208 51 uppgjorda
963 1737 67 35 och
1061 1737 133 35 honom
1224 1736 178 36 tillstälda
1430 1709 315 80 uppbördslängd,
1777 1735 45 49 på
1849 1735 55 36 tid
1933 1736 66 35 och

402 1796 117 45 ställe,
551 1807 77 23 som
658 1792 40 37 af
724 1793 83 36 dem
840 1795 218 34 bestämmas

509 1849 75 36 Till
617 1848 79 36 stöd
725 1846 58 37 för
812 1847 170 48 samtliga
1011 1845 181 36 motioner
1221 1843 140 37 anföres
1389 1843 322 50 hufvudsakligen,
1740 1849 55 30 att
1824 1844 176 35 rättvisan

403 1902 128 38 kräfde
565 1909 55 29 att
652 1903 85 43 alla,
766 1914 76 23 som
871 1901 91 35 hade
993 1900 75 35 lika
1096 1905 106 43 nytta
1231 1898 40 36 af
1297 1898 88 37 våra
1413 1898 439 44 samhällsinstitutioner,
1882 1899 12 33 i
1923 1898 77 35 lika

402 1958 83 36 mån
514 1957 152 48 bidroge
696 1957 59 34 till
785 1956 203 35 desammas
1017 1953 337 49 upprätthållande,
1385 1955 68 34 och
1481 1958 55 30 att
1565 1952 161 45 sålunda,
1757 1951 46 37 då
1831 1952 63 36 det
1920 1952 80 35 icke

402 2012 84 36 med
524 2011 63 49 fog
625 2010 123 36 kunde
776 2008 117 50 påstås
922 2011 54 33 att
1004 2007 325 50 fastighetsegaren
1360 2007 92 36 hade
1482 2013 112 30 större
1623 2005 114 37 behof
1763 2007 91 35 eller
1882 2005 118 37 fördel

402 2066 41 36 af
469 2044 258 70 anordningar,
756 2077 75 22 som
863 2063 121 48 afsåge
1013 2061 221 62 främjandet
1262 2060 41 37 af
1328 2074 42 23 en
1400 2062 198 34 kommuns
1625 2062 172 59 religiösa
1824 2061 176 35 intressen

403 2128 45 27 än
478 2120 111 35 andra
620 2096 268 71 skattskyldige
917 2093 92 60 eller
1036 2116 12 35 i
1077 2117 113 48 högre
1219 2115 89 50 grad
1339 2122 45 28 än
1413 2115 99 36 desse
1542 2115 194 48 betjenade
1765 2115 55 47 sig
1839 2113 41 36 af
1896 2120 103 29 rätts-

403 2175 229 64 skipningen,
660 2169 169 56 samtlige
858 2147 289 73 skattskyldige
1157 2170 98 35 inom
1285 2170 224 35 kommunen
1539 2170 91 35 eller
1658 2141 200 80 tingslaget
1886 2168 113 35 borde

402 2230 14 34 i
448 2229 77 35 lika
557 2227 85 36 mån
671 2204 159 59 drabbas
859 2224 40 37 af
925 2224 279 50 ifrågavarande
1234 2223 206 50 byggnads-
1468 2223 68 37 och
1565 2222 434 50 underhållsskyldighet.
