1862 2782
233 209 17 29 ND

620 209 124 40 Tredje
765 209 245 40 lagutskottets
1033 209 178 30 utlåtande
1232 219 43 19 nr
1297 209 49 30 17.

417 294 182 36 (Gällande
626 294 158 41 lydelse.)
1166 294 225 39 (Föreslagen
1419 294 156 39 lydelse.)

1048 353 122 29 Denna
1193 354 54 38 lag
1270 353 116 30 träder
1407 354 11 28 i
1440 353 94 39 kraft
1556 353 111 38 dagen
1690 351 52 40 ef-

1007 396 50 28 ter
1078 395 77 36 den,
1178 395 43 30 då
1243 395 98 38 lagen
1364 395 107 39 enligt
1493 395 83 30 därå
1598 394 143 30 medde-

1006 436 56 31 lad
1086 437 139 39 uppgift
1250 437 189 30 utkommit
1461 437 80 40 från
1568 437 134 40 trycket
1727 438 15 28 i

1009 479 134 29 Svensk
1172 479 393 39 författningssamling.

620 586 283 35 Propositionens
920 586 253 36 huvudsakliga
1192 587 161 29 innehåll.

283 669 13 29 I
315 668 261 40 propositionen
596 668 147 32 föreslås
764 668 110 31 sådan
894 669 149 40 ändring
1062 678 42 21 av
1125 669 40 30 35
1189 668 15 37 $
1227 669 98 39 lagen
1346 678 57 21 om
1424 669 318 40 allmänningssko-

239 726 60 31 gar
322 719 11 29 i
357 719 172 29 Norrland
553 720 65 29 och
642 718 153 31 Dalarna
817 720 53 29 att
894 719 174 30 ordinarie
1092 719 387 39 allmänningsstämma
1505 720 87 30 skall
1618 720 120 29 kunna

240 768 109 31 hållas
368 778 75 21 mer
461 771 44 28 än
523 779 42 20 en
584 769 89 40 gång
690 768 140 40 årligen.

284 945 165 30 Gällande
473 946 255 29 bestämmelser
751 956 43 19 m.
817 955 44 20 m.
886 946 13 28 I
924 946 97 37 lagen
1044 945 64 30 den
1135 946 37 29 18
1195 946 87 37 april
1310 946 78 29 1952
1415 945 58 34 (nr
1499 946 74 33 167)
1600 955 57 20 om
1680 946 64 29 all-

240 996 314 40 männingsskogar
581 996 11 29 i
620 996 173 31 Norrland
821 997 65 30 och
914 997 152 29 Dalarna
1095 996 93 40 gives
1216 996 92 31 vissa
1338 996 283 40 grundläggande
1651 996 92 30 före-

241 1047 142 30 skrifter
403 1048 176 39 angående
598 1047 107 30 bland
725 1049 107 28 annat
851 1047 258 40 förvaltningen
1129 1057 43 21 av
1192 1047 152 31 nämnda
1364 1047 375 39 allmänningsskogar.

241 1097 182 40 Åtskilliga
444 1098 371 39 detaljbestämmelser
838 1098 178 39 angående
1039 1098 387 39 förvaltningsorganen
1449 1099 63 28 och
1535 1098 101 31 deras
1659 1097 84 39 ålig-

241 1150 135 38 ganden
402 1149 89 30 skall
514 1149 173 39 därjämte
712 1150 170 39 upptagas
908 1151 9 29 i
943 1149 171 29 särskilda
1139 1149 245 38 reglementen,
1410 1158 74 20 som
1509 1148 107 39 enligt
1642 1149 98 38 lagen

242 1200 88 29 skall
349 1200 194 30 fastställas
561 1209 41 21 av
620 1199 126 39 Kungl.
764 1199 116 39 Maj:t.
899 1199 14 29 I
932 1200 99 39 lagen
1049 1198 92 40 gives
1160 1199 105 30 bland
1284 1201 108 28 annat
1411 1198 92 31 vissa
1521 1199 220 29 bestämmel-

242 1259 53 20 ser
317 1259 57 21 om
397 1250 174 30 ordinarie
595 1250 389 39 allmänningsstämma
1007 1251 64 28 och
1094 1250 42 29 de
1160 1250 152 29 ärenden
1336 1258 76 21 som
1437 1249 89 30 skall
1549 1249 194 30 behandlas

242 1301 43 39 på
303 1301 109 29 sådan
431 1301 159 29 stämma.
609 1300 153 31 Sålunda
780 1300 212 32 föreskrives
1009 1301 11 29 i
1038 1300 39 30 35
1100 1300 15 36 $
1136 1302 50 28 att
1205 1300 174 30 ordinarie
1398 1299 343 39 allmänningsstäm-

241 1361 56 20 ma
319 1351 89 30 skall
428 1351 112 30 hållas
560 1361 42 20 en
624 1351 90 40 gång
733 1361 55 20 om
810 1351 74 30 året
904 1352 20 29 å
944 1351 60 35 tid,
1026 1360 74 21 som
1122 1351 210 30 bestämmes
1353 1351 11 29 i
1385 1351 234 38 reglementet.
1643 1349 25 30 Å
1690 1350 52 30 så-

241 1402 68 29 dan
327 1403 151 29 stämma
495 1402 88 31 skall
601 1402 108 40 enligt
727 1411 134 21 samma
878 1402 190 39 stadgande
1086 1401 427 39 allmänningsstyrelsens
1530 1401 66 30 och
1615 1401 126 29 ekono-

241 1452 201 30 minämnds
476 1452 437 40 förvaltningsberättelser
950 1452 54 30 för
1037 1452 56 29 det
1118 1452 172 30 förflutna
1315 1451 294 40 räkenskapsåret
1632 1451 110 39 jämte

242 1503 119 30 därvid
385 1503 124 39 fogade
532 1503 263 39 redovisningar
819 1505 91 27 samt
934 1503 65 30 den
1023 1503 82 29 eller
1128 1503 41 29 de
1194 1502 212 34 berättelser,
1432 1511 73 21 som
1530 1501 146 39 avgivits
1701 1510 42 20 av

242 1554 218 30 revisorerna
477 1554 53 29 för
548 1563 136 20 samma
701 1554 48 35 år,
767 1553 223 39 framläggas,
1008 1554 63 29 och
1090 1553 90 30 skall
1199 1554 19 29 å
1236 1553 176 29 stämman
1430 1552 163 39 frågorna
1612 1561 56 21 om
1687 1551 57 30 be-

242 1604 153 40 viljande
414 1614 42 20 av
475 1604 254 31 ansvarsfrihet
746 1604 35 30 åt
800 1604 170 40 styrelsen
989 1604 64 30 och
1071 1604 177 30 nämnden
1268 1604 54 29 för
1341 1604 67 29 den
1427 1603 49 30 tid
1495 1602 247 39 förvaltnings-

242 1655 250 30 berättelserna
510 1655 167 30 omfattar
697 1655 174 39 företagas
890 1654 54 30 till
963 1655 205 39 avgörande.
1188 1655 76 29 Med
1285 1654 110 29 sådan
1415 1654 97 39 fråga
1533 1653 88 30 skall
1643 1653 98 33 dock,

243 1706 109 29 under
370 1705 94 30 vissa
482 1706 11 29 i
512 1706 210 39 lagrummet
741 1705 150 39 angivna
910 1705 306 39 omständigheter,
1237 1705 101 29 anstå
1358 1704 53 29 till
1431 1704 140 30 fortsatt
1592 1705 150 28 stämma

243 1757 19 29 å
284 1757 69 30 viss
376 1757 77 38 dag,
476 1756 107 30 minst
605 1756 79 39 fyra
708 1757 63 30 och
793 1756 102 39 högst
919 1756 72 30 åtta
1014 1756 124 30 veckor
1162 1755 162 30 därefter.
1349 1755 127 29 Utöver
1501 1754 105 39 sagda
1630 1754 50 29 tid
1705 1755 38 28 är

243 1807 160 40 uppskov
420 1807 30 39 ej
470 1807 182 39 medgivet.

287 1857 12 29 I
325 1858 209 39 lagrummet
559 1857 211 32 föreskrives
796 1857 164 39 slutligen
987 1860 49 28 att
1061 1858 56 31 val
1142 1867 42 20 av
1210 1857 189 31 ledamöter
1426 1866 42 21 av
1492 1856 251 40 allmännings-

244 1907 143 39 styrelse
410 1908 82 30 eller
515 1908 296 32 ekonominämnd
835 1910 92 28 samt
949 1907 168 31 revisorer
1140 1907 57 30 må
1221 1907 173 40 företagas
1419 1907 120 30 endast
1562 1907 19 29 å
1605 1907 139 30 ordina-

242 1958 49 30 rie
313 1959 162 29 stämma.
497 1958 223 39 Fyllnadsval
742 1958 54 30 får
818 1958 90 30 dock
930 1958 60 30 ske
1012 1958 43 39 på
1077 1960 96 27 extra
1196 1959 160 28 stämma.

285 2007 75 29 Den
377 2016 70 30 nya
465 2007 98 39 lagen
581 2006 65 30 har
664 2007 85 30 trätt
766 2006 12 29 i
794 2005 98 32 kraft
910 2006 67 30 den
997 2006 15 29 1
1029 2006 143 39 januari
1193 2005 93 31 1954.

287 2058 12 29 I
320 2058 38 29 51
384 2057 16 37 $
423 2067 42 21 av
484 2059 99 39 lagen
603 2058 67 30 den
694 2058 36 29 17
751 2058 79 40 juni
853 2057 84 30 1938
962 2057 58 34 (nr
1041 2057 79 35 297)
1147 2067 56 21 om
1224 2058 364 40 allmänningsskogar
1607 2057 12 30 i
1640 2057 104 30 Norr-

243 2108 80 31 land
343 2108 65 30 och
429 2108 162 35 Dalarna,
613 2117 75 21 som
709 2110 124 29 ersatts
853 2118 43 21 av
917 2118 46 20 nu
985 2108 158 40 gällande
1164 2108 54 40 lag
1238 2109 9 29 i
1269 2118 135 20 samma
1425 2109 111 34 ämne,
1557 2108 186 40 stadgades

243 2160 50 29 att
313 2158 175 30 ordinarie
508 2158 390 40 allmänningsstämma
919 2159 112 29 skulle
1051 2158 112 31 hållas
1183 2158 107 30 minst
1312 2168 42 20 en
1375 2158 90 40 gång
1484 2167 56 21 om
1560 2158 74 30 året
1654 2158 20 30 å
1694 2158 48 30 tid

243 2218 73 21 som
338 2208 197 31 bestämdes
557 2210 10 29 i
590 2209 234 38 reglementet.
848 2209 14 29 I
886 2209 84 30 1932
992 2209 55 30 års
1070 2210 55 39 lag
1148 2217 56 21 om
1227 2208 388 41 häradsallmänningar
1637 2209 106 30 fanns

242 2260 245 29 motsvarande
505 2259 242 31 bestämmelse
766 2260 80 30 med
864 2260 68 30 den
951 2259 206 34 skillnaden,
1176 2261 50 28 att
1245 2260 97 30 ordet
1363 2259 146 30 >minst>
1530 2259 30 39 ej
1582 2259 159 30 förekom

241 2308 11 30 i
273 2309 185 40 lagregeln.
480 2309 13 29 I
513 2309 217 40 proposition
752 2318 41 21 nr
817 2310 38 29 15
876 2309 52 30 till
952 2309 82 30 1952
1055 2309 56 31 års
1132 2309 152 40 riksdag,
1306 2310 73 30 vari
1401 2309 189 30 framlades
1612 2310 131 39 förslag

243 2359 52 31 till
317 2359 84 30 1952
423 2359 56 31 års
501 2359 221 40 lagstiftning
743 2360 10 29 i
773 2360 128 35 ämnet,
923 2360 89 30 hade
1033 2360 53 30 för
1109 2359 95 30 såväl
1226 2360 65 30 den
1312 2369 68 30 nya
1402 2360 98 40 lagen
1522 2368 57 21 om
1599 2360 144 30 härads-

240 2409 257 40 allmänningar
519 2419 73 21 som
607 2410 100 39 lagen
722 2419 53 21 om
791 2410 365 40 allmänningsskogar
1169 2411 89 29 valts
1273 2411 67 30 den
1362 2419 122 21 senare
1498 2409 244 39 formulering-

241 2468 52 22 en.
312 2460 12 28 I
342 2459 219 32 motionerna
580 2460 28 30 I:
625 2460 40 29 67
686 2460 63 30 och
770 2460 58 29 161
850 2462 91 29 samt
960 2460 45 30 II:
1021 2460 39 30 95
1080 2461 64 29 och
1164 2460 60 29 211
1245 2470 57 20 om
1320 2460 92 30 vissa
1431 2459 189 40 ändringar
1637 2460 12 30 i
1668 2467 74 32 sag-

242 2509 43 31 da
303 2509 190 42 lagförslag
511 2510 165 40 begärdes
696 2511 104 30 bland
820 2513 108 28 annat
948 2513 50 28 att
1016 2511 116 39 regeln
1152 2511 10 29 i
1182 2511 99 39 lagen
1301 2520 56 21 om
1377 2510 365 40 allmänningsskogar
