<?xml version="1.0" encoding="UTF-8"?>
<alto xmlns="http://www.loc.gov/standards/alto/ns-v3#" xmlns:xlink="http://www.w3.org/1999/xlink" xmlns:xsi="http://www.w3.org/2001/XMLSchema-instance" xsi:schemaLocation="http://www.loc.gov/standards/alto/ns-v3# http://www.loc.gov/alto/v3/alto-3-0.xsd">
	<Description>
		<MeasurementUnit>pixel</MeasurementUnit>
		<sourceImageInformation>
			<fileName>/tmp/tess_z8fucprv_input.PNG</fileName>
		</sourceImageInformation>
		<OCRProcessing ID="OCR_0">
			<ocrProcessingStep>
				<processingSoftware>
					<softwareName>tesseract 5.3.0</softwareName>
				</processingSoftware>
			</ocrProcessingStep>
		</OCRProcessing>
	</Description>
	<Layout>
		<Page WIDTH="2182" HEIGHT="2659" PHYSICAL_IMG_NR="0" ID="page_0">
			<PrintSpace HPOS="0" VPOS="0" WIDTH="2182" HEIGHT="2659">
				<ComposedBlock ID="cblock_0" HPOS="208" VPOS="1984" WIDTH="138" HEIGHT="65">
					<TextBlock ID="block_0" HPOS="208" VPOS="1984" WIDTH="138" HEIGHT="65">
						<TextLine ID="line_0" HPOS="208" VPOS="1984" WIDTH="138" HEIGHT="23">
							<String ID="string_0" HPOS="208" VPOS="1984" WIDTH="138" HEIGHT="23" WC="0.96" CONTENT="Utskottets"/>
						</TextLine>
						<TextLine ID="line_1" HPOS="218" VPOS="2018" WIDTH="127" HEIGHT="31">
							<String ID="string_1" HPOS="218" VPOS="2018" WIDTH="127" HEIGHT="31" WC="0.95" CONTENT="yttrande."/>
						</TextLine>
					</TextBlock>
				</ComposedBlock>
				<ComposedBlock ID="cblock_1" HPOS="442" VPOS="204" WIDTH="1083" HEIGHT="34">
					<TextBlock ID="block_1" HPOS="442" VPOS="204" WIDTH="1083" HEIGHT="34">
						<TextLine ID="line_2" HPOS="442" VPOS="204" WIDTH="1083" HEIGHT="34">
							<String ID="string_2" HPOS="442" VPOS="207" WIDTH="39" HEIGHT="31" WC="0.94" CONTENT="18"/><SP WIDTH="390" VPOS="207" HPOS="481"/>
							<String ID="string_3" HPOS="871" VPOS="204" WIDTH="262" HEIGHT="32" WC="0.86" CONTENT="Statsutskottets"/><SP WIDTH="29" VPOS="204" HPOS="1133"/>
							<String ID="string_4" HPOS="1162" VPOS="204" WIDTH="178" HEIGHT="33" WC="0.92" CONTENT="Utlåtande"/><SP WIDTH="23" VPOS="204" HPOS="1340"/>
							<String ID="string_5" HPOS="1363" VPOS="204" WIDTH="65" HEIGHT="32" WC="0.96" CONTENT="N:o"/><SP WIDTH="23" VPOS="204" HPOS="1428"/>
							<String ID="string_6" HPOS="1451" VPOS="206" WIDTH="74" HEIGHT="30" WC="0.77" CONTENT="134."/>
						</TextLine>
					</TextBlock>
				</ComposedBlock>
				<ComposedBlock ID="cblock_2" HPOS="397" VPOS="291" WIDTH="1599" HEIGHT="1571">
					<TextBlock ID="block_2" HPOS="399" VPOS="291" WIDTH="1597" HEIGHT="314">
						<TextLine ID="line_3" HPOS="399" VPOS="291" WIDTH="1597" HEIGHT="53">
							<String ID="string_7" HPOS="399" VPOS="293" WIDTH="232" HEIGHT="51" WC="0.95" CONTENT="åtnjutande,"/><SP WIDTH="43" VPOS="293" HPOS="631"/>
							<String ID="string_8" HPOS="674" VPOS="307" WIDTH="59" HEIGHT="23" WC="0.90" CONTENT="om"/><SP WIDTH="42" VPOS="307" HPOS="733"/>
							<String ID="string_9" HPOS="775" VPOS="293" WIDTH="269" HEIGHT="38" WC="0.90" CONTENT="förordnandet"/><SP WIDTH="42" VPOS="293" HPOS="1044"/>
							<String ID="string_10" HPOS="1086" VPOS="293" WIDTH="187" HEIGHT="46" WC="0.96" CONTENT="erfordras"/><SP WIDTH="41" VPOS="293" HPOS="1273"/>
							<String ID="string_11" HPOS="1314" VPOS="293" WIDTH="57" HEIGHT="37" WC="0.95" CONTENT="till"/><SP WIDTH="32" VPOS="293" HPOS="1371"/>
							<String ID="string_12" HPOS="1403" VPOS="292" WIDTH="93" HEIGHT="50" WC="0.96" CONTENT="följd"/><SP WIDTH="29" VPOS="292" HPOS="1496"/>
							<String ID="string_13" HPOS="1525" VPOS="292" WIDTH="40" HEIGHT="38" WC="0.93" CONTENT="af"/><SP WIDTH="26" VPOS="292" HPOS="1565"/>
							<String ID="string_14" HPOS="1591" VPOS="291" WIDTH="334" HEIGHT="52" WC="0.90" CONTENT="sjukdomsförfall,"/><SP WIDTH="29" VPOS="291" HPOS="1925"/>
							<String ID="string_15" HPOS="1954" VPOS="293" WIDTH="42" HEIGHT="36" WC="0.96" CONTENT="af"/>
						</TextLine>
						<TextLine ID="line_4" HPOS="400" VPOS="346" WIDTH="1591" HEIGHT="50">
							<String ID="string_16" HPOS="400" VPOS="347" WIDTH="45" HEIGHT="38" WC="0.96" CONTENT="de"/><SP WIDTH="31" VPOS="347" HPOS="445"/>
							<String ID="string_17" HPOS="476" VPOS="346" WIDTH="56" HEIGHT="38" WC="0.96" CONTENT="för"/><SP WIDTH="28" VPOS="346" HPOS="532"/>
							<String ID="string_18" HPOS="560" VPOS="347" WIDTH="267" HEIGHT="49" WC="0.93" CONTENT="befattningen"/><SP WIDTH="26" VPOS="347" HPOS="827"/>
							<String ID="string_19" HPOS="853" VPOS="346" WIDTH="184" HEIGHT="50" WC="0.91" CONTENT="anslagna"/><SP WIDTH="28" VPOS="346" HPOS="1037"/>
							<String ID="string_20" HPOS="1065" VPOS="346" WIDTH="496" HEIGHT="50" WC="0.86" CONTENT="tjänstgöringspenningar"/><SP WIDTH="26" VPOS="346" HPOS="1561"/>
							<String ID="string_21" HPOS="1587" VPOS="346" WIDTH="81" HEIGHT="48" WC="0.95" CONTENT="och,"/><SP WIDTH="22" VPOS="346" HPOS="1668"/>
							<String ID="string_22" HPOS="1690" VPOS="359" WIDTH="60" HEIGHT="24" WC="0.93" CONTENT="om"/><SP WIDTH="19" VPOS="359" HPOS="1750"/>
							<String ID="string_23" HPOS="1769" VPOS="346" WIDTH="222" HEIGHT="37" WC="0.91" CONTENT="förordnan-"/>
						</TextLine>
						<TextLine ID="line_5" HPOS="400" VPOS="399" WIDTH="1591" HEIGHT="49">
							<String ID="string_24" HPOS="400" VPOS="401" WIDTH="62" HEIGHT="36" WC="0.92" CONTENT="det"/><SP WIDTH="28" VPOS="401" HPOS="462"/>
							<String ID="string_25" HPOS="490" VPOS="399" WIDTH="211" HEIGHT="37" WC="0.92" CONTENT="föranledes"/><SP WIDTH="29" VPOS="399" HPOS="701"/>
							<String ID="string_26" HPOS="730" VPOS="401" WIDTH="41" HEIGHT="35" WC="0.93" CONTENT="af"/><SP WIDTH="24" VPOS="401" HPOS="771"/>
							<String ID="string_27" HPOS="795" VPOS="400" WIDTH="226" HEIGHT="48" WC="0.91" CONTENT="tjänsteresa"/><SP WIDTH="19" VPOS="400" HPOS="1021"/>
							<String ID="string_28" HPOS="1040" VPOS="400" WIDTH="88" HEIGHT="36" WC="0.96" CONTENT="eller"/><SP WIDTH="19" VPOS="400" HPOS="1128"/>
							<String ID="string_29" HPOS="1147" VPOS="404" WIDTH="190" HEIGHT="42" WC="0.96" CONTENT="semester,"/><SP WIDTH="22" VPOS="404" HPOS="1337"/>
							<String ID="string_30" HPOS="1359" VPOS="399" WIDTH="40" HEIGHT="36" WC="0.96" CONTENT="af"/><SP WIDTH="15" VPOS="399" HPOS="1399"/>
							<String ID="string_31" HPOS="1414" VPOS="404" WIDTH="79" HEIGHT="31" WC="0.96" CONTENT="mot"/><SP WIDTH="18" VPOS="404" HPOS="1493"/>
							<String ID="string_32" HPOS="1511" VPOS="399" WIDTH="164" HEIGHT="36" WC="0.93" CONTENT="nämnda"/><SP WIDTH="18" VPOS="399" HPOS="1675"/>
							<String ID="string_33" HPOS="1693" VPOS="399" WIDTH="298" HEIGHT="49" WC="0.89" CONTENT="tjänstgörings-"/>
						</TextLine>
						<TextLine ID="line_6" HPOS="399" VPOS="451" WIDTH="1592" HEIGHT="51">
							<String ID="string_34" HPOS="399" VPOS="452" WIDTH="214" HEIGHT="50" WC="0.96" CONTENT="penningar"/><SP WIDTH="42" VPOS="452" HPOS="613"/>
							<String ID="string_35" HPOS="655" VPOS="452" WIDTH="184" HEIGHT="37" WC="0.96" CONTENT="svarande"/><SP WIDTH="40" VPOS="452" HPOS="839"/>
							<String ID="string_36" HPOS="879" VPOS="452" WIDTH="139" HEIGHT="50" WC="0.96" CONTENT="belopp"/><SP WIDTH="41" VPOS="452" HPOS="1018"/>
							<String ID="string_37" HPOS="1059" VPOS="452" WIDTH="12" HEIGHT="36" WC="0.96" CONTENT="i"/><SP WIDTH="41" VPOS="452" HPOS="1071"/>
							<String ID="string_38" HPOS="1112" VPOS="452" WIDTH="124" HEIGHT="36" WC="0.95" CONTENT="stället"/><SP WIDTH="33" VPOS="452" HPOS="1236"/>
							<String ID="string_39" HPOS="1269" VPOS="451" WIDTH="58" HEIGHT="37" WC="0.96" CONTENT="för"/><SP WIDTH="28" VPOS="451" HPOS="1327"/>
							<String ID="string_40" HPOS="1355" VPOS="465" WIDTH="98" HEIGHT="35" WC="0.93" CONTENT="egna"/><SP WIDTH="28" VPOS="465" HPOS="1453"/>
							<String ID="string_41" HPOS="1481" VPOS="451" WIDTH="510" HEIGHT="50" WC="0.49" CONTENT="tjänstgörmgspenningar,"/>
						</TextLine>
						<TextLine ID="line_7" HPOS="400" VPOS="504" WIDTH="1593" HEIGHT="51">
							<String ID="string_42" HPOS="400" VPOS="505" WIDTH="96" HEIGHT="37" WC="0.95" CONTENT="dock"/><SP WIDTH="41" VPOS="505" HPOS="496"/>
							<String ID="string_43" HPOS="537" VPOS="505" WIDTH="32" HEIGHT="50" WC="0.95" CONTENT="ej"/><SP WIDTH="29" VPOS="505" HPOS="569"/>
							<String ID="string_44" HPOS="598" VPOS="505" WIDTH="133" HEIGHT="49" WC="0.96" CONTENT="längre"/><SP WIDTH="28" VPOS="505" HPOS="731"/>
							<String ID="string_45" HPOS="759" VPOS="510" WIDTH="48" HEIGHT="32" WC="0.93" CONTENT="än"/><SP WIDTH="29" VPOS="510" HPOS="807"/>
							<String ID="string_46" HPOS="836" VPOS="504" WIDTH="277" HEIGHT="50" WC="0.88" CONTENT="sammanlagdt"/><SP WIDTH="28" VPOS="504" HPOS="1113"/>
							<String ID="string_47" HPOS="1141" VPOS="509" WIDTH="56" HEIGHT="32" WC="0.96" CONTENT="tre"/><SP WIDTH="28" VPOS="509" HPOS="1197"/>
							<String ID="string_48" HPOS="1225" VPOS="504" WIDTH="177" HEIGHT="37" WC="0.96" CONTENT="månader"/><SP WIDTH="26" VPOS="504" HPOS="1402"/>
							<String ID="string_49" HPOS="1428" VPOS="504" WIDTH="118" HEIGHT="37" WC="0.96" CONTENT="under"/><SP WIDTH="28" VPOS="504" HPOS="1546"/>
							<String ID="string_50" HPOS="1574" VPOS="509" WIDTH="53" HEIGHT="32" WC="0.96" CONTENT="ett"/><SP WIDTH="29" VPOS="509" HPOS="1627"/>
							<String ID="string_51" HPOS="1656" VPOS="504" WIDTH="71" HEIGHT="37" WC="0.96" CONTENT="och"/><SP WIDTH="29" VPOS="504" HPOS="1727"/>
							<String ID="string_52" HPOS="1756" VPOS="518" WIDTH="143" HEIGHT="23" WC="0.92" CONTENT="samma"/><SP WIDTH="28" VPOS="518" HPOS="1899"/>
							<String ID="string_53" HPOS="1927" VPOS="504" WIDTH="66" HEIGHT="37" WC="0.92" CONTENT="ka-"/>
						</TextLine>
						<TextLine ID="line_8" HPOS="399" VPOS="558" WIDTH="185" HEIGHT="47">
							<String ID="string_54" HPOS="399" VPOS="558" WIDTH="185" HEIGHT="47" WC="0.91" CONTENT="lenderår;"/>
						</TextLine>
					</TextBlock>
					<TextBlock ID="block_3" HPOS="398" VPOS="609" WIDTH="1595" HEIGHT="257">
						<TextLine ID="line_9" HPOS="504" VPOS="609" WIDTH="1489" HEIGHT="51">
							<String ID="string_55" HPOS="504" VPOS="617" WIDTH="53" HEIGHT="31" WC="0.96" CONTENT="att"/><SP WIDTH="40" VPOS="617" HPOS="557"/>
							<String ID="string_56" HPOS="597" VPOS="611" WIDTH="305" HEIGHT="49" WC="0.95" CONTENT="tjänstemännen"/><SP WIDTH="42" VPOS="611" HPOS="902"/>
							<String ID="string_57" HPOS="944" VPOS="616" WIDTH="72" HEIGHT="43" WC="0.96" CONTENT="äga"/><SP WIDTH="42" VPOS="616" HPOS="1016"/>
							<String ID="string_58" HPOS="1058" VPOS="610" WIDTH="155" HEIGHT="49" WC="0.89" CONTENT="årligen,"/><SP WIDTH="42" VPOS="610" HPOS="1213"/>
							<String ID="string_59" HPOS="1255" VPOS="615" WIDTH="70" HEIGHT="31" WC="0.96" CONTENT="när"/><SP WIDTH="29" VPOS="615" HPOS="1325"/>
							<String ID="string_60" HPOS="1354" VPOS="609" WIDTH="132" HEIGHT="37" WC="0.96" CONTENT="sådant"/><SP WIDTH="26" VPOS="609" HPOS="1486"/>
							<String ID="string_61" HPOS="1512" VPOS="614" WIDTH="91" HEIGHT="31" WC="0.96" CONTENT="utan"/><SP WIDTH="28" VPOS="614" HPOS="1603"/>
							<String ID="string_62" HPOS="1631" VPOS="609" WIDTH="133" HEIGHT="37" WC="0.96" CONTENT="hinder"/><SP WIDTH="28" VPOS="609" HPOS="1764"/>
							<String ID="string_63" HPOS="1792" VPOS="609" WIDTH="58" HEIGHT="37" WC="0.93" CONTENT="för"/><SP WIDTH="29" VPOS="609" HPOS="1850"/>
							<String ID="string_64" HPOS="1879" VPOS="615" WIDTH="114" HEIGHT="43" WC="0.91" CONTENT="göro-"/>
						</TextLine>
						<TextLine ID="line_10" HPOS="398" VPOS="662" WIDTH="1595" HEIGHT="50">
							<String ID="string_65" HPOS="398" VPOS="664" WIDTH="141" HEIGHT="36" WC="0.90" CONTENT="målens"/><SP WIDTH="34" VPOS="664" HPOS="539"/>
							<String ID="string_66" HPOS="573" VPOS="663" WIDTH="184" HEIGHT="49" WC="0.96" CONTENT="behöriga"/><SP WIDTH="27" VPOS="663" HPOS="757"/>
							<String ID="string_67" HPOS="784" VPOS="665" WIDTH="106" HEIGHT="47" WC="0.96" CONTENT="gång"/><SP WIDTH="27" VPOS="665" HPOS="890"/>
							<String ID="string_68" HPOS="917" VPOS="663" WIDTH="75" HEIGHT="36" WC="0.96" CONTENT="kan"/><SP WIDTH="28" VPOS="663" HPOS="992"/>
							<String ID="string_69" HPOS="1020" VPOS="662" WIDTH="77" HEIGHT="48" WC="0.96" CONTENT="ske,"/><SP WIDTH="30" VPOS="662" HPOS="1097"/>
							<String ID="string_70" HPOS="1127" VPOS="663" WIDTH="145" HEIGHT="48" WC="0.96" CONTENT="åtnjuta"/><SP WIDTH="31" VPOS="663" HPOS="1272"/>
							<String ID="string_71" HPOS="1303" VPOS="667" WIDTH="189" HEIGHT="43" WC="0.93" CONTENT="semester,"/><SP WIDTH="30" VPOS="667" HPOS="1492"/>
							<String ID="string_72" HPOS="1522" VPOS="662" WIDTH="332" HEIGHT="47" WC="0.91" CONTENT="öfverdirektören,"/><SP WIDTH="30" VPOS="662" HPOS="1854"/>
							<String ID="string_73" HPOS="1884" VPOS="662" WIDTH="109" HEIGHT="49" WC="0.91" CONTENT="byrå-"/>
						</TextLine>
						<TextLine ID="line_11" HPOS="399" VPOS="714" WIDTH="1593" HEIGHT="39">
							<String ID="string_74" HPOS="399" VPOS="716" WIDTH="259" HEIGHT="37" WC="0.96" CONTENT="direktörerna"/><SP WIDTH="28" VPOS="716" HPOS="658"/>
							<String ID="string_75" HPOS="686" VPOS="721" WIDTH="97" HEIGHT="30" WC="0.96" CONTENT="samt"/><SP WIDTH="29" VPOS="721" HPOS="783"/>
							<String ID="string_76" HPOS="812" VPOS="714" WIDTH="257" HEIGHT="38" WC="0.96" CONTENT="sekreteraren"/><SP WIDTH="28" VPOS="714" HPOS="1069"/>
							<String ID="string_77" HPOS="1097" VPOS="715" WIDTH="70" HEIGHT="36" WC="0.96" CONTENT="och"/><SP WIDTH="28" VPOS="715" HPOS="1167"/>
							<String ID="string_78" HPOS="1195" VPOS="714" WIDTH="322" HEIGHT="36" WC="0.93" CONTENT="ombudsmannen"/><SP WIDTH="28" VPOS="714" HPOS="1517"/>
							<String ID="string_79" HPOS="1545" VPOS="714" WIDTH="143" HEIGHT="36" WC="0.92" CONTENT="enhvar"/><SP WIDTH="26" VPOS="714" HPOS="1688"/>
							<String ID="string_80" HPOS="1714" VPOS="714" WIDTH="121" HEIGHT="36" WC="0.96" CONTENT="under"/><SP WIDTH="20" VPOS="714" HPOS="1835"/>
							<String ID="string_81" HPOS="1855" VPOS="727" WIDTH="45" HEIGHT="23" WC="0.96" CONTENT="en"/><SP WIDTH="22" VPOS="727" HPOS="1900"/>
							<String ID="string_82" HPOS="1922" VPOS="714" WIDTH="70" HEIGHT="36" WC="0.96" CONTENT="och"/>
						</TextLine>
						<TextLine ID="line_12" HPOS="398" VPOS="766" WIDTH="1595" HEIGHT="52">
							<String ID="string_83" HPOS="398" VPOS="782" WIDTH="46" HEIGHT="23" WC="0.96" CONTENT="en"/><SP WIDTH="42" VPOS="782" HPOS="444"/>
							<String ID="string_84" HPOS="486" VPOS="768" WIDTH="82" HEIGHT="37" WC="0.96" CONTENT="half"/><SP WIDTH="36" VPOS="768" HPOS="568"/>
							<String ID="string_85" HPOS="604" VPOS="767" WIDTH="135" HEIGHT="37" WC="0.93" CONTENT="månad"/><SP WIDTH="35" VPOS="767" HPOS="739"/>
							<String ID="string_86" HPOS="774" VPOS="773" WIDTH="98" HEIGHT="31" WC="0.95" CONTENT="samt"/><SP WIDTH="28" VPOS="773" HPOS="872"/>
							<String ID="string_87" HPOS="900" VPOS="768" WIDTH="303" HEIGHT="50" WC="0.96" CONTENT="tjänstemännen"/><SP WIDTH="29" VPOS="768" HPOS="1203"/>
							<String ID="string_88" HPOS="1232" VPOS="766" WIDTH="42" HEIGHT="37" WC="0.96" CONTENT="af"/><SP WIDTH="25" VPOS="766" HPOS="1274"/>
							<String ID="string_89" HPOS="1299" VPOS="766" WIDTH="118" HEIGHT="38" WC="0.93" CONTENT="första"/><SP WIDTH="27" VPOS="766" HPOS="1417"/>
							<String ID="string_90" HPOS="1444" VPOS="766" WIDTH="231" HEIGHT="50" WC="0.90" CONTENT="lönegraden"/><SP WIDTH="28" VPOS="766" HPOS="1675"/>
							<String ID="string_91" HPOS="1703" VPOS="766" WIDTH="143" HEIGHT="37" WC="0.91" CONTENT="enhvar"/><SP WIDTH="27" VPOS="766" HPOS="1846"/>
							<String ID="string_92" HPOS="1873" VPOS="766" WIDTH="120" HEIGHT="38" WC="0.95" CONTENT="under"/>
						</TextLine>
						<TextLine ID="line_13" HPOS="398" VPOS="820" WIDTH="224" HEIGHT="46">
							<String ID="string_93" HPOS="398" VPOS="835" WIDTH="47" HEIGHT="23" WC="0.96" CONTENT="en"/><SP WIDTH="26" VPOS="835" HPOS="445"/>
							<String ID="string_94" HPOS="471" VPOS="820" WIDTH="151" HEIGHT="46" WC="0.96" CONTENT="månad;"/>
						</TextLine>
					</TextBlock>
					<TextBlock ID="block_4" HPOS="397" VPOS="871" WIDTH="1596" HEIGHT="156">
						<TextLine ID="line_14" HPOS="502" VPOS="871" WIDTH="1491" HEIGHT="51">
							<String ID="string_95" HPOS="502" VPOS="878" WIDTH="54" HEIGHT="31" WC="0.96" CONTENT="att"/><SP WIDTH="41" VPOS="878" HPOS="556"/>
							<String ID="string_96" HPOS="597" VPOS="873" WIDTH="239" HEIGHT="49" WC="0.96" CONTENT="tjänsteman,"/><SP WIDTH="44" VPOS="873" HPOS="836"/>
							<String ID="string_97" HPOS="880" VPOS="885" WIDTH="79" HEIGHT="23" WC="0.96" CONTENT="som"/><SP WIDTH="41" VPOS="885" HPOS="959"/>
							<String ID="string_98" HPOS="1000" VPOS="872" WIDTH="69" HEIGHT="36" WC="0.95" CONTENT="har"/><SP WIDTH="40" VPOS="872" HPOS="1069"/>
							<String ID="string_99" HPOS="1109" VPOS="872" WIDTH="60" HEIGHT="48" WC="0.93" CONTENT="sig"/><SP WIDTH="41" VPOS="872" HPOS="1169"/>
							<String ID="string_100" HPOS="1210" VPOS="871" WIDTH="219" HEIGHT="37" WC="0.88" CONTENT="anförtrodd"/><SP WIDTH="31" VPOS="871" HPOS="1429"/>
							<String ID="string_101" HPOS="1460" VPOS="871" WIDTH="173" HEIGHT="49" WC="0.92" CONTENT="uppbörd"/><SP WIDTH="30" VPOS="871" HPOS="1633"/>
							<String ID="string_102" HPOS="1663" VPOS="871" WIDTH="88" HEIGHT="36" WC="0.96" CONTENT="eller"/><SP WIDTH="27" VPOS="871" HPOS="1751"/>
							<String ID="string_103" HPOS="1778" VPOS="871" WIDTH="165" HEIGHT="36" WC="0.93" CONTENT="kontroll"/><SP WIDTH="28" VPOS="871" HPOS="1943"/>
							<String ID="string_104" HPOS="1971" VPOS="873" WIDTH="22" HEIGHT="33" WC="0.92" CONTENT="å"/>
						</TextLine>
						<TextLine ID="line_15" HPOS="397" VPOS="923" WIDTH="1594" HEIGHT="52">
							<String ID="string_105" HPOS="397" VPOS="925" WIDTH="187" HEIGHT="50" WC="0.91" CONTENT="uppbörd,"/><SP WIDTH="30" VPOS="925" HPOS="584"/>
							<String ID="string_106" HPOS="614" VPOS="930" WIDTH="41" HEIGHT="32" WC="0.93" CONTENT="är"/><SP WIDTH="28" VPOS="930" HPOS="655"/>
							<String ID="string_107" HPOS="683" VPOS="925" WIDTH="138" HEIGHT="49" WC="0.91" CONTENT="pliktig"/><SP WIDTH="29" VPOS="925" HPOS="821"/>
							<String ID="string_108" HPOS="850" VPOS="929" WIDTH="53" HEIGHT="32" WC="0.93" CONTENT="att"/><SP WIDTH="29" VPOS="929" HPOS="903"/>
							<String ID="string_109" HPOS="932" VPOS="927" WIDTH="20" HEIGHT="33" WC="0.92" CONTENT="å"/><SP WIDTH="28" VPOS="927" HPOS="952"/>
							<String ID="string_110" HPOS="980" VPOS="924" WIDTH="54" HEIGHT="37" WC="0.95" CONTENT="tid"/><SP WIDTH="28" VPOS="924" HPOS="1034"/>
							<String ID="string_111" HPOS="1062" VPOS="924" WIDTH="41" HEIGHT="37" WC="0.96" CONTENT="af"/><SP WIDTH="25" VPOS="924" HPOS="1103"/>
							<String ID="string_112" HPOS="1128" VPOS="927" WIDTH="89" HEIGHT="45" WC="0.96" CONTENT="året,"/><SP WIDTH="30" VPOS="927" HPOS="1217"/>
							<String ID="string_113" HPOS="1247" VPOS="937" WIDTH="81" HEIGHT="24" WC="0.96" CONTENT="som"/><SP WIDTH="22" VPOS="937" HPOS="1328"/>
							<String ID="string_114" HPOS="1350" VPOS="924" WIDTH="42" HEIGHT="36" WC="0.93" CONTENT="af"/><SP WIDTH="17" VPOS="924" HPOS="1392"/>
							<String ID="string_115" HPOS="1409" VPOS="923" WIDTH="325" HEIGHT="38" WC="0.91" CONTENT="öfverdirektören"/><SP WIDTH="18" VPOS="923" HPOS="1734"/>
							<String ID="string_116" HPOS="1752" VPOS="923" WIDTH="239" HEIGHT="47" WC="0.96" CONTENT="bestämmes,"/>
						</TextLine>
						<TextLine ID="line_16" HPOS="398" VPOS="977" WIDTH="680" HEIGHT="50">
							<String ID="string_117" HPOS="398" VPOS="979" WIDTH="179" HEIGHT="48" WC="0.96" CONTENT="begagna"/><SP WIDTH="28" VPOS="979" HPOS="577"/>
							<String ID="string_118" HPOS="605" VPOS="978" WIDTH="61" HEIGHT="48" WC="0.96" CONTENT="sig"/><SP WIDTH="28" VPOS="978" HPOS="666"/>
							<String ID="string_119" HPOS="694" VPOS="977" WIDTH="40" HEIGHT="36" WC="0.94" CONTENT="af"/><SP WIDTH="25" VPOS="977" HPOS="734"/>
							<String ID="string_120" HPOS="759" VPOS="982" WIDTH="193" HEIGHT="40" WC="0.96" CONTENT="semester;"/><SP WIDTH="31" VPOS="982" HPOS="952"/>
							<String ID="string_121" HPOS="983" VPOS="981" WIDTH="95" HEIGHT="32" WC="0.96" CONTENT="samt"/>
						</TextLine>
					</TextBlock>
					<TextBlock ID="block_5" HPOS="399" VPOS="1027" WIDTH="1594" HEIGHT="145">
						<TextLine ID="line_17" HPOS="502" VPOS="1027" WIDTH="1491" HEIGHT="52">
							<String ID="string_122" HPOS="502" VPOS="1035" WIDTH="55" HEIGHT="32" WC="0.96" CONTENT="att"/><SP WIDTH="27" VPOS="1035" HPOS="557"/>
							<String ID="string_123" HPOS="584" VPOS="1030" WIDTH="63" HEIGHT="36" WC="0.93" CONTENT="vid"/><SP WIDTH="29" VPOS="1030" HPOS="647"/>
							<String ID="string_124" HPOS="676" VPOS="1030" WIDTH="145" HEIGHT="49" WC="0.90" CONTENT="afgång"/><SP WIDTH="25" VPOS="1030" HPOS="821"/>
							<String ID="string_125" HPOS="846" VPOS="1030" WIDTH="83" HEIGHT="36" WC="0.95" CONTENT="från"/><SP WIDTH="19" VPOS="1030" HPOS="929"/>
							<String ID="string_126" HPOS="948" VPOS="1029" WIDTH="165" HEIGHT="49" WC="0.96" CONTENT="tjänsten"/><SP WIDTH="18" VPOS="1029" HPOS="1113"/>
							<String ID="string_127" HPOS="1131" VPOS="1029" WIDTH="57" HEIGHT="36" WC="0.96" CONTENT="till"/><SP WIDTH="19" VPOS="1029" HPOS="1188"/>
							<String ID="string_128" HPOS="1207" VPOS="1029" WIDTH="95" HEIGHT="49" WC="0.96" CONTENT="följd"/><SP WIDTH="21" VPOS="1029" HPOS="1302"/>
							<String ID="string_129" HPOS="1323" VPOS="1029" WIDTH="41" HEIGHT="36" WC="0.93" CONTENT="af"/><SP WIDTH="16" VPOS="1029" HPOS="1364"/>
							<String ID="string_130" HPOS="1380" VPOS="1028" WIDTH="327" HEIGHT="49" WC="0.91" CONTENT="afskedstagande,"/><SP WIDTH="21" VPOS="1028" HPOS="1707"/>
							<String ID="string_131" HPOS="1728" VPOS="1027" WIDTH="265" HEIGHT="49" WC="0.96" CONTENT="entledigande"/>
						</TextLine>
						<TextLine ID="line_18" HPOS="399" VPOS="1080" WIDTH="1594" HEIGHT="52">
							<String ID="string_132" HPOS="399" VPOS="1084" WIDTH="90" HEIGHT="36" WC="0.89" CONTENT="eller"/><SP WIDTH="41" VPOS="1084" HPOS="489"/>
							<String ID="string_133" HPOS="530" VPOS="1082" WIDTH="160" HEIGHT="38" WC="0.93" CONTENT="dödsfall"/><SP WIDTH="42" VPOS="1082" HPOS="690"/>
							<String ID="string_134" HPOS="732" VPOS="1082" WIDTH="136" HEIGHT="50" WC="0.91" CONTENT="själfva"/><SP WIDTH="40" VPOS="1082" HPOS="868"/>
							<String ID="string_135" HPOS="908" VPOS="1081" WIDTH="113" HEIGHT="37" WC="0.96" CONTENT="lönen"/><SP WIDTH="40" VPOS="1081" HPOS="1021"/>
							<String ID="string_136" HPOS="1061" VPOS="1082" WIDTH="194" HEIGHT="36" WC="0.92" CONTENT="äfvensom"/><SP WIDTH="42" VPOS="1082" HPOS="1255"/>
							<String ID="string_137" HPOS="1297" VPOS="1081" WIDTH="257" HEIGHT="49" WC="0.90" CONTENT="ortstillägget"/><SP WIDTH="31" VPOS="1081" HPOS="1554"/>
							<String ID="string_138" HPOS="1585" VPOS="1083" WIDTH="93" HEIGHT="46" WC="0.96" CONTENT="utgå"/><SP WIDTH="27" VPOS="1083" HPOS="1678"/>
							<String ID="string_139" HPOS="1705" VPOS="1080" WIDTH="57" HEIGHT="37" WC="0.96" CONTENT="till"/><SP WIDTH="27" VPOS="1080" HPOS="1762"/>
							<String ID="string_140" HPOS="1789" VPOS="1080" WIDTH="204" HEIGHT="37" WC="0.96" CONTENT="månadens"/>
						</TextLine>
						<TextLine ID="line_19" HPOS="400" VPOS="1136" WIDTH="85" HEIGHT="36">
							<String ID="string_141" HPOS="400" VPOS="1136" WIDTH="85" HEIGHT="36" WC="0.96" CONTENT="slut."/>
						</TextLine>
					</TextBlock>
					<TextBlock ID="block_6" HPOS="398" VPOS="1184" WIDTH="1596" HEIGHT="262">
						<TextLine ID="line_20" HPOS="501" VPOS="1184" WIDTH="1492" HEIGHT="52">
							<String ID="string_142" HPOS="501" VPOS="1187" WIDTH="138" HEIGHT="36" WC="0.91" CONTENT="Därest"/><SP WIDTH="40" VPOS="1187" HPOS="639"/>
							<String ID="string_143" HPOS="679" VPOS="1187" WIDTH="233" HEIGHT="49" WC="0.96" CONTENT="tjänsteman"/><SP WIDTH="42" VPOS="1187" HPOS="912"/>
							<String ID="string_144" HPOS="954" VPOS="1186" WIDTH="90" HEIGHT="36" WC="0.95" CONTENT="eller"/><SP WIDTH="40" VPOS="1186" HPOS="1044"/>
							<String ID="string_145" HPOS="1084" VPOS="1186" WIDTH="257" HEIGHT="36" WC="0.96" CONTENT="vaktmästare"/><SP WIDTH="37" VPOS="1186" HPOS="1341"/>
							<String ID="string_146" HPOS="1378" VPOS="1185" WIDTH="60" HEIGHT="37" WC="0.93" CONTENT="vid"/><SP WIDTH="40" VPOS="1185" HPOS="1438"/>
							<String ID="string_147" HPOS="1478" VPOS="1184" WIDTH="515" HEIGHT="49" WC="0.90" CONTENT="riksförsäkringsanstalten"/>
						</TextLine>
						<TextLine ID="line_21" HPOS="399" VPOS="1237" WIDTH="1595" HEIGHT="50">
							<String ID="string_148" HPOS="399" VPOS="1240" WIDTH="226" HEIGHT="36" WC="0.95" CONTENT="hädanefter"/><SP WIDTH="42" VPOS="1240" HPOS="625"/>
							<String ID="string_149" HPOS="667" VPOS="1238" WIDTH="120" HEIGHT="37" WC="0.95" CONTENT="skulle"/><SP WIDTH="39" VPOS="1238" HPOS="787"/>
							<String ID="string_150" HPOS="826" VPOS="1238" WIDTH="86" HEIGHT="36" WC="0.96" CONTENT="med"/><SP WIDTH="29" VPOS="1238" HPOS="912"/>
							<String ID="string_151" HPOS="941" VPOS="1238" WIDTH="242" HEIGHT="49" WC="0.96" CONTENT="tillämpning"/><SP WIDTH="27" VPOS="1238" HPOS="1183"/>
							<String ID="string_152" HPOS="1210" VPOS="1238" WIDTH="41" HEIGHT="37" WC="0.96" CONTENT="af"/><SP WIDTH="25" VPOS="1238" HPOS="1251"/>
							<String ID="string_153" HPOS="1276" VPOS="1238" WIDTH="45" HEIGHT="37" WC="0.96" CONTENT="de"/><SP WIDTH="29" VPOS="1238" HPOS="1321"/>
							<String ID="string_154" HPOS="1350" VPOS="1238" WIDTH="59" HEIGHT="37" WC="0.96" CONTENT="för"/><SP WIDTH="28" VPOS="1238" HPOS="1409"/>
							<String ID="string_155" HPOS="1437" VPOS="1237" WIDTH="270" HEIGHT="37" WC="0.96" CONTENT="motsvarande"/><SP WIDTH="27" VPOS="1237" HPOS="1707"/>
							<String ID="string_156" HPOS="1734" VPOS="1237" WIDTH="260" HEIGHT="48" WC="0.96" CONTENT="befattningar"/>
						</TextLine>
						<TextLine ID="line_22" HPOS="399" VPOS="1289" WIDTH="1593" HEIGHT="51">
							<String ID="string_157" HPOS="399" VPOS="1292" WIDTH="12" HEIGHT="36" WC="0.96" CONTENT="i"/><SP WIDTH="37" VPOS="1292" HPOS="411"/>
							<String ID="string_158" HPOS="448" VPOS="1292" WIDTH="274" HEIGHT="37" WC="0.96" CONTENT="statskontoret"/><SP WIDTH="36" VPOS="1292" HPOS="722"/>
							<String ID="string_159" HPOS="758" VPOS="1305" WIDTH="50" HEIGHT="22" WC="0.94" CONTENT="nu"/><SP WIDTH="28" VPOS="1305" HPOS="808"/>
							<String ID="string_160" HPOS="836" VPOS="1290" WIDTH="176" HEIGHT="50" WC="0.96" CONTENT="gällande"/><SP WIDTH="28" VPOS="1290" HPOS="1012"/>
							<String ID="string_161" HPOS="1040" VPOS="1291" WIDTH="169" HEIGHT="49" WC="0.96" CONTENT="grunder"/><SP WIDTH="28" VPOS="1291" HPOS="1209"/>
							<String ID="string_162" HPOS="1237" VPOS="1291" WIDTH="123" HEIGHT="36" WC="0.96" CONTENT="finnas"/><SP WIDTH="28" VPOS="1291" HPOS="1360"/>
							<String ID="string_163" HPOS="1388" VPOS="1289" WIDTH="216" HEIGHT="49" WC="0.96" CONTENT="berättigad"/><SP WIDTH="28" VPOS="1289" HPOS="1604"/>
							<String ID="string_164" HPOS="1632" VPOS="1289" WIDTH="57" HEIGHT="37" WC="0.93" CONTENT="till"/><SP WIDTH="29" VPOS="1289" HPOS="1689"/>
							<String ID="string_165" HPOS="1718" VPOS="1289" WIDTH="274" HEIGHT="48" WC="0.90" CONTENT="ålderstillägg,"/>
						</TextLine>
						<TextLine ID="line_23" HPOS="398" VPOS="1341" WIDTH="1595" HEIGHT="50">
							<String ID="string_166" HPOS="398" VPOS="1345" WIDTH="110" HEIGHT="36" WC="0.96" CONTENT="torde"/><SP WIDTH="29" VPOS="1345" HPOS="508"/>
							<String ID="string_167" HPOS="537" VPOS="1344" WIDTH="135" HEIGHT="37" WC="0.96" CONTENT="sådant"/><SP WIDTH="28" VPOS="1344" HPOS="672"/>
							<String ID="string_168" HPOS="700" VPOS="1344" WIDTH="127" HEIGHT="36" WC="0.92" CONTENT="kunna"/><SP WIDTH="28" VPOS="1344" HPOS="827"/>
							<String ID="string_169" HPOS="855" VPOS="1343" WIDTH="248" HEIGHT="37" WC="0.91" CONTENT="tillerkännas"/><SP WIDTH="28" VPOS="1343" HPOS="1103"/>
							<String ID="string_170" HPOS="1131" VPOS="1343" WIDTH="142" HEIGHT="37" WC="0.95" CONTENT="honom"/><SP WIDTH="24" VPOS="1343" HPOS="1273"/>
							<String ID="string_171" HPOS="1297" VPOS="1348" WIDTH="90" HEIGHT="31" WC="0.96" CONTENT="utan"/><SP WIDTH="19" VPOS="1348" HPOS="1387"/>
							<String ID="string_172" HPOS="1406" VPOS="1348" WIDTH="55" HEIGHT="31" WC="0.96" CONTENT="att"/><SP WIDTH="18" VPOS="1348" HPOS="1461"/>
							<String ID="string_173" HPOS="1479" VPOS="1342" WIDTH="240" HEIGHT="49" WC="0.90" CONTENT="Riksdagens"/><SP WIDTH="21" VPOS="1342" HPOS="1719"/>
							<String ID="string_174" HPOS="1740" VPOS="1342" WIDTH="107" HEIGHT="36" WC="0.96" CONTENT="bifall"/><SP WIDTH="19" VPOS="1342" HPOS="1847"/>
							<String ID="string_175" HPOS="1866" VPOS="1341" WIDTH="127" HEIGHT="37" WC="0.96" CONTENT="härtill"/>
						</TextLine>
						<TextLine ID="line_24" HPOS="400" VPOS="1395" WIDTH="746" HEIGHT="51">
							<String ID="string_176" HPOS="400" VPOS="1397" WIDTH="59" HEIGHT="37" WC="0.96" CONTENT="för"/><SP WIDTH="27" VPOS="1397" HPOS="459"/>
							<String ID="string_177" HPOS="486" VPOS="1397" WIDTH="131" HEIGHT="49" WC="0.95" CONTENT="hvarje"/><SP WIDTH="29" VPOS="1397" HPOS="617"/>
							<String ID="string_178" HPOS="646" VPOS="1395" WIDTH="180" HEIGHT="38" WC="0.96" CONTENT="särskildt"/><SP WIDTH="27" VPOS="1395" HPOS="826"/>
							<String ID="string_179" HPOS="853" VPOS="1395" WIDTH="65" HEIGHT="37" WC="0.95" CONTENT="fall"/><SP WIDTH="28" VPOS="1395" HPOS="918"/>
							<String ID="string_180" HPOS="946" VPOS="1396" WIDTH="200" HEIGHT="37" WC="0.96" CONTENT="inhämtas."/>
						</TextLine>
					</TextBlock>
					<TextBlock ID="block_7" HPOS="399" VPOS="1446" WIDTH="1595" HEIGHT="416">
						<TextLine ID="line_25" HPOS="503" VPOS="1446" WIDTH="1489" HEIGHT="51">
							<String ID="string_181" HPOS="503" VPOS="1449" WIDTH="85" HEIGHT="36" WC="0.94" CONTENT="Den"/><SP WIDTH="37" VPOS="1449" HPOS="588"/>
							<String ID="string_182" HPOS="625" VPOS="1449" WIDTH="40" HEIGHT="36" WC="0.90" CONTENT="af"/><SP WIDTH="23" VPOS="1449" HPOS="665"/>
							<String ID="string_183" HPOS="688" VPOS="1448" WIDTH="512" HEIGHT="49" WC="0.90" CONTENT="riksförsäkringsanstalten"/><SP WIDTH="28" VPOS="1448" HPOS="1200"/>
							<String ID="string_184" HPOS="1228" VPOS="1447" WIDTH="135" HEIGHT="50" WC="0.96" CONTENT="gjorda"/><SP WIDTH="40" VPOS="1447" HPOS="1363"/>
							<String ID="string_185" HPOS="1403" VPOS="1446" WIDTH="226" HEIGHT="37" WC="0.95" CONTENT="hemställan"/><SP WIDTH="39" VPOS="1446" HPOS="1629"/>
							<String ID="string_186" HPOS="1668" VPOS="1459" WIDTH="61" HEIGHT="23" WC="0.91" CONTENT="om"/><SP WIDTH="27" VPOS="1459" HPOS="1729"/>
							<String ID="string_187" HPOS="1756" VPOS="1446" WIDTH="236" HEIGHT="37" WC="0.91" CONTENT="utverkande"/>
						</TextLine>
						<TextLine ID="line_26" HPOS="400" VPOS="1498" WIDTH="1593" HEIGHT="52">
							<String ID="string_188" HPOS="400" VPOS="1502" WIDTH="41" HEIGHT="36" WC="0.96" CONTENT="af"/><SP WIDTH="25" VPOS="1502" HPOS="441"/>
							<String ID="string_189" HPOS="466" VPOS="1501" WIDTH="180" HEIGHT="37" WC="0.96" CONTENT="särskildt"/><SP WIDTH="27" VPOS="1501" HPOS="646"/>
							<String ID="string_190" HPOS="673" VPOS="1500" WIDTH="145" HEIGHT="49" WC="0.96" CONTENT="anslag,"/><SP WIDTH="21" VPOS="1500" HPOS="818"/>
							<String ID="string_191" HPOS="839" VPOS="1504" WIDTH="48" HEIGHT="45" WC="0.96" CONTENT="på"/><SP WIDTH="19" VPOS="1504" HPOS="887"/>
							<String ID="string_192" HPOS="906" VPOS="1500" WIDTH="65" HEIGHT="37" WC="0.96" CONTENT="det"/><SP WIDTH="19" VPOS="1500" HPOS="971"/>
							<String ID="string_193" HPOS="990" VPOS="1505" WIDTH="54" HEIGHT="32" WC="0.93" CONTENT="att"/><SP WIDTH="16" VPOS="1505" HPOS="1044"/>
							<String ID="string_194" HPOS="1060" VPOS="1500" WIDTH="207" HEIGHT="37" WC="0.92" CONTENT="anstaltens"/><SP WIDTH="18" VPOS="1500" HPOS="1267"/>
							<String ID="string_195" HPOS="1285" VPOS="1500" WIDTH="178" HEIGHT="50" WC="0.96" CONTENT="personal"/><SP WIDTH="19" VPOS="1500" HPOS="1463"/>
							<String ID="string_196" HPOS="1482" VPOS="1502" WIDTH="116" HEIGHT="34" WC="0.96" CONTENT="måtte"/><SP WIDTH="20" VPOS="1502" HPOS="1598"/>
							<String ID="string_197" HPOS="1618" VPOS="1498" WIDTH="157" HEIGHT="49" WC="0.96" CONTENT="beredas"/><SP WIDTH="20" VPOS="1498" HPOS="1775"/>
							<String ID="string_198" HPOS="1795" VPOS="1498" WIDTH="198" HEIGHT="37" WC="0.96" CONTENT="enahanda"/>
						</TextLine>
						<TextLine ID="line_27" HPOS="399" VPOS="1551" WIDTH="1595" HEIGHT="51">
							<String ID="string_199" HPOS="399" VPOS="1553" WIDTH="381" HEIGHT="49" WC="0.90" CONTENT="aflöningsförmåner"/><SP WIDTH="32" VPOS="1553" HPOS="780"/>
							<String ID="string_200" HPOS="812" VPOS="1553" WIDTH="61" HEIGHT="36" WC="0.96" CONTENT="för"/><SP WIDTH="28" VPOS="1553" HPOS="873"/>
							<String ID="string_201" HPOS="901" VPOS="1555" WIDTH="40" HEIGHT="34" WC="0.95" CONTENT="år"/><SP WIDTH="31" VPOS="1555" HPOS="941"/>
							<String ID="string_202" HPOS="972" VPOS="1554" WIDTH="109" HEIGHT="46" WC="0.96" CONTENT="1908,"/><SP WIDTH="30" VPOS="1554" HPOS="1081"/>
							<String ID="string_203" HPOS="1111" VPOS="1566" WIDTH="81" HEIGHT="23" WC="0.96" CONTENT="som"/><SP WIDTH="28" VPOS="1566" HPOS="1192"/>
							<String ID="string_204" HPOS="1220" VPOS="1552" WIDTH="219" HEIGHT="49" WC="0.92" CONTENT="föreslagits"/><SP WIDTH="28" VPOS="1552" HPOS="1439"/>
							<String ID="string_205" HPOS="1467" VPOS="1552" WIDTH="59" HEIGHT="36" WC="0.96" CONTENT="för"/><SP WIDTH="28" VPOS="1552" HPOS="1526"/>
							<String ID="string_206" HPOS="1554" VPOS="1551" WIDTH="168" HEIGHT="49" WC="0.95" CONTENT="följande"/><SP WIDTH="30" VPOS="1551" HPOS="1722"/>
							<String ID="string_207" HPOS="1752" VPOS="1554" WIDTH="51" HEIGHT="43" WC="0.96" CONTENT="år,"/><SP WIDTH="29" VPOS="1554" HPOS="1803"/>
							<String ID="string_208" HPOS="1832" VPOS="1551" WIDTH="68" HEIGHT="36" WC="0.96" CONTENT="har"/><SP WIDTH="23" VPOS="1551" HPOS="1900"/>
							<String ID="string_209" HPOS="1923" VPOS="1551" WIDTH="71" HEIGHT="49" WC="0.96" CONTENT="jag"/>
						</TextLine>
						<TextLine ID="line_28" HPOS="399" VPOS="1603" WIDTH="1594" HEIGHT="51">
							<String ID="string_210" HPOS="399" VPOS="1606" WIDTH="84" HEIGHT="36" WC="0.96" CONTENT="icke"/><SP WIDTH="29" VPOS="1606" HPOS="483"/>
							<String ID="string_211" HPOS="512" VPOS="1610" WIDTH="124" HEIGHT="32" WC="0.95" CONTENT="ansett"/><SP WIDTH="28" VPOS="1610" HPOS="636"/>
							<String ID="string_212" HPOS="664" VPOS="1605" WIDTH="79" HEIGHT="47" WC="0.95" CONTENT="mig"/><SP WIDTH="27" VPOS="1605" HPOS="743"/>
							<String ID="string_213" HPOS="770" VPOS="1605" WIDTH="128" HEIGHT="36" WC="0.96" CONTENT="kunna"/><SP WIDTH="28" VPOS="1605" HPOS="898"/>
							<String ID="string_214" HPOS="926" VPOS="1605" WIDTH="159" HEIGHT="36" WC="0.96" CONTENT="biträda."/><SP WIDTH="55" VPOS="1605" HPOS="1085"/>
							<String ID="string_215" HPOS="1140" VPOS="1605" WIDTH="57" HEIGHT="36" WC="0.91" CONTENT="De"/><SP WIDTH="28" VPOS="1605" HPOS="1197"/>
							<String ID="string_216" HPOS="1225" VPOS="1605" WIDTH="229" HEIGHT="49" WC="0.96" CONTENT="tjänstemän"/><SP WIDTH="29" VPOS="1605" HPOS="1454"/>
							<String ID="string_217" HPOS="1483" VPOS="1604" WIDTH="69" HEIGHT="37" WC="0.93" CONTENT="och"/><SP WIDTH="19" VPOS="1604" HPOS="1552"/>
							<String ID="string_218" HPOS="1571" VPOS="1603" WIDTH="184" HEIGHT="49" WC="0.92" CONTENT="betjänte,"/><SP WIDTH="22" VPOS="1603" HPOS="1755"/>
							<String ID="string_219" HPOS="1777" VPOS="1616" WIDTH="81" HEIGHT="23" WC="0.96" CONTENT="som"/><SP WIDTH="21" VPOS="1616" HPOS="1858"/>
							<String ID="string_220" HPOS="1879" VPOS="1603" WIDTH="114" HEIGHT="48" WC="0.95" CONTENT="eljest"/>
						</TextLine>
						<TextLine ID="line_29" HPOS="400" VPOS="1656" WIDTH="1593" HEIGHT="50">
							<String ID="string_221" HPOS="400" VPOS="1658" WIDTH="127" HEIGHT="36" WC="0.96" CONTENT="kunna"/><SP WIDTH="27" VPOS="1658" HPOS="527"/>
							<String ID="string_222" HPOS="554" VPOS="1658" WIDTH="121" HEIGHT="35" WC="0.95" CONTENT="finnas"/><SP WIDTH="29" VPOS="1658" HPOS="675"/>
							<String ID="string_223" HPOS="704" VPOS="1656" WIDTH="126" HEIGHT="37" WC="0.96" CONTENT="därtill"/><SP WIDTH="19" VPOS="1656" HPOS="830"/>
							<String ID="string_224" HPOS="849" VPOS="1657" WIDTH="251" HEIGHT="49" WC="0.95" CONTENT="berättigade,"/><SP WIDTH="21" VPOS="1657" HPOS="1100"/>
							<String ID="string_225" HPOS="1121" VPOS="1657" WIDTH="107" HEIGHT="36" WC="0.96" CONTENT="torde"/><SP WIDTH="20" VPOS="1657" HPOS="1228"/>
							<String ID="string_226" HPOS="1248" VPOS="1656" WIDTH="210" HEIGHT="37" WC="0.94" CONTENT="emellertid"/><SP WIDTH="20" VPOS="1656" HPOS="1458"/>
							<String ID="string_227" HPOS="1478" VPOS="1657" WIDTH="59" HEIGHT="36" WC="0.96" CONTENT="för"/><SP WIDTH="20" VPOS="1657" HPOS="1537"/>
							<String ID="string_228" HPOS="1557" VPOS="1659" WIDTH="41" HEIGHT="33" WC="0.95" CONTENT="år"/><SP WIDTH="22" VPOS="1659" HPOS="1598"/>
							<String ID="string_229" HPOS="1620" VPOS="1657" WIDTH="97" HEIGHT="35" WC="0.96" CONTENT="1908"/><SP WIDTH="20" VPOS="1657" HPOS="1717"/>
							<String ID="string_230" HPOS="1737" VPOS="1656" WIDTH="153" HEIGHT="35" WC="0.96" CONTENT="komma"/><SP WIDTH="18" VPOS="1656" HPOS="1890"/>
							<String ID="string_231" HPOS="1908" VPOS="1656" WIDTH="12" HEIGHT="35" WC="0.73" CONTENT="i"/><SP WIDTH="20" VPOS="1656" HPOS="1920"/>
							<String ID="string_232" HPOS="1940" VPOS="1658" WIDTH="53" HEIGHT="33" WC="0.93" CONTENT="åt-"/>
						</TextLine>
						<TextLine ID="line_30" HPOS="399" VPOS="1707" WIDTH="1594" HEIGHT="52">
							<String ID="string_233" HPOS="399" VPOS="1709" WIDTH="182" HEIGHT="49" WC="0.91" CONTENT="njutande"/><SP WIDTH="37" VPOS="1709" HPOS="581"/>
							<String ID="string_234" HPOS="618" VPOS="1710" WIDTH="41" HEIGHT="36" WC="0.96" CONTENT="af"/><SP WIDTH="25" VPOS="1710" HPOS="659"/>
							<String ID="string_235" HPOS="684" VPOS="1709" WIDTH="72" HEIGHT="37" WC="0.93" CONTENT="den"/><SP WIDTH="27" VPOS="1709" HPOS="756"/>
							<String ID="string_236" HPOS="783" VPOS="1709" WIDTH="332" HEIGHT="50" WC="0.92" CONTENT="löneförbättring,"/><SP WIDTH="30" VPOS="1709" HPOS="1115"/>
							<String ID="string_237" HPOS="1145" VPOS="1722" WIDTH="80" HEIGHT="24" WC="0.96" CONTENT="som"/><SP WIDTH="29" VPOS="1722" HPOS="1225"/>
							<String ID="string_238" HPOS="1254" VPOS="1709" WIDTH="75" HEIGHT="37" WC="0.96" CONTENT="kan"/><SP WIDTH="28" VPOS="1709" HPOS="1329"/>
							<String ID="string_239" HPOS="1357" VPOS="1709" WIDTH="154" HEIGHT="36" WC="0.96" CONTENT="komma"/><SP WIDTH="36" VPOS="1709" HPOS="1511"/>
							<String ID="string_240" HPOS="1547" VPOS="1713" WIDTH="56" HEIGHT="32" WC="0.95" CONTENT="att"/><SP WIDTH="27" VPOS="1713" HPOS="1603"/>
							<String ID="string_241" HPOS="1630" VPOS="1707" WIDTH="167" HEIGHT="38" WC="0.96" CONTENT="beslutas"/><SP WIDTH="28" VPOS="1707" HPOS="1797"/>
							<String ID="string_242" HPOS="1825" VPOS="1708" WIDTH="12" HEIGHT="35" WC="0.83" CONTENT="i"/><SP WIDTH="28" VPOS="1708" HPOS="1837"/>
							<String ID="string_243" HPOS="1865" VPOS="1707" WIDTH="128" HEIGHT="37" WC="0.90" CONTENT="anled-"/>
						</TextLine>
						<TextLine ID="line_31" HPOS="399" VPOS="1759" WIDTH="1593" HEIGHT="52">
							<String ID="string_244" HPOS="399" VPOS="1763" WIDTH="96" HEIGHT="48" WC="0.95" CONTENT="ning"/><SP WIDTH="39" VPOS="1763" HPOS="495"/>
							<String ID="string_245" HPOS="534" VPOS="1762" WIDTH="42" HEIGHT="36" WC="0.91" CONTENT="af"/><SP WIDTH="37" VPOS="1762" HPOS="576"/>
							<String ID="string_246" HPOS="613" VPOS="1761" WIDTH="120" HEIGHT="37" WC="0.91" CONTENT="Eders"/><SP WIDTH="41" VPOS="1761" HPOS="733"/>
							<String ID="string_247" HPOS="774" VPOS="1761" WIDTH="141" HEIGHT="49" WC="0.90" CONTENT="Kungl."/><SP WIDTH="45" VPOS="1761" HPOS="915"/>
							<String ID="string_248" HPOS="960" VPOS="1761" WIDTH="125" HEIGHT="48" WC="0.94" CONTENT="Maj:ts"/><SP WIDTH="29" VPOS="1761" HPOS="1085"/>
							<String ID="string_249" HPOS="1114" VPOS="1761" WIDTH="68" HEIGHT="37" WC="0.96" CONTENT="hos"/><SP WIDTH="28" VPOS="1761" HPOS="1182"/>
							<String ID="string_250" HPOS="1210" VPOS="1761" WIDTH="219" HEIGHT="49" WC="0.96" CONTENT="Riksdagen"/><SP WIDTH="27" VPOS="1761" HPOS="1429"/>
							<String ID="string_251" HPOS="1456" VPOS="1761" WIDTH="138" HEIGHT="49" WC="0.96" CONTENT="gjorda"/><SP WIDTH="27" VPOS="1761" HPOS="1594"/>
							<String ID="string_252" HPOS="1621" VPOS="1759" WIDTH="284" HEIGHT="49" WC="0.96" CONTENT="framställning"/><SP WIDTH="28" VPOS="1759" HPOS="1905"/>
							<String ID="string_253" HPOS="1933" VPOS="1772" WIDTH="59" HEIGHT="24" WC="0.96" CONTENT="om"/>
						</TextLine>
						<TextLine ID="line_32" HPOS="401" VPOS="1812" WIDTH="1494" HEIGHT="50">
							<String ID="string_254" HPOS="401" VPOS="1819" WIDTH="108" HEIGHT="31" WC="0.93" CONTENT="extra"/><SP WIDTH="28" VPOS="1819" HPOS="509"/>
							<String ID="string_255" HPOS="537" VPOS="1814" WIDTH="226" HEIGHT="48" WC="0.91" CONTENT="lönetillägg"/><SP WIDTH="28" VPOS="1814" HPOS="763"/>
							<String ID="string_256" HPOS="791" VPOS="1814" WIDTH="59" HEIGHT="36" WC="0.96" CONTENT="för"/><SP WIDTH="28" VPOS="1814" HPOS="850"/>
							<String ID="string_257" HPOS="878" VPOS="1827" WIDTH="143" HEIGHT="23" WC="0.96" CONTENT="samma"/><SP WIDTH="27" VPOS="1827" HPOS="1021"/>
							<String ID="string_258" HPOS="1048" VPOS="1817" WIDTH="41" HEIGHT="33" WC="0.96" CONTENT="år"/><SP WIDTH="27" VPOS="1817" HPOS="1089"/>
							<String ID="string_259" HPOS="1116" VPOS="1813" WIDTH="57" HEIGHT="36" WC="0.96" CONTENT="till"/><SP WIDTH="27" VPOS="1813" HPOS="1173"/>
							<String ID="string_260" HPOS="1200" VPOS="1814" WIDTH="105" HEIGHT="36" WC="0.96" CONTENT="vissa"/><SP WIDTH="27" VPOS="1814" HPOS="1305"/>
							<String ID="string_261" HPOS="1332" VPOS="1814" WIDTH="233" HEIGHT="48" WC="0.95" CONTENT="tjänstemän"/><SP WIDTH="30" VPOS="1814" HPOS="1565"/>
							<String ID="string_262" HPOS="1595" VPOS="1812" WIDTH="70" HEIGHT="36" WC="0.93" CONTENT="och"/><SP WIDTH="29" VPOS="1812" HPOS="1665"/>
							<String ID="string_263" HPOS="1694" VPOS="1812" WIDTH="201" HEIGHT="48" WC="0.91" CONTENT="betjänte.»"/>
						</TextLine>
					</TextBlock>
				</ComposedBlock>
				<ComposedBlock ID="cblock_3" HPOS="398" VPOS="1967" WIDTH="1595" HEIGHT="470">
					<TextBlock ID="block_8" HPOS="398" VPOS="1967" WIDTH="1595" HEIGHT="470">
						<TextLine ID="line_33" HPOS="503" VPOS="1967" WIDTH="1489" HEIGHT="52">
							<String ID="string_264" HPOS="503" VPOS="1970" WIDTH="57" HEIGHT="37" WC="0.96" CONTENT="Då"/><SP WIDTH="39" VPOS="1970" HPOS="560"/>
							<String ID="string_265" HPOS="599" VPOS="1970" WIDTH="217" HEIGHT="49" WC="0.96" CONTENT="Riksdagen"/><SP WIDTH="42" VPOS="1970" HPOS="816"/>
							<String ID="string_266" HPOS="858" VPOS="1973" WIDTH="39" HEIGHT="33" WC="0.96" CONTENT="år"/><SP WIDTH="42" VPOS="1973" HPOS="897"/>
							<String ID="string_267" HPOS="939" VPOS="1970" WIDTH="98" HEIGHT="36" WC="0.96" CONTENT="1902"/><SP WIDTH="29" VPOS="1970" HPOS="1037"/>
							<String ID="string_268" HPOS="1066" VPOS="1969" WIDTH="140" HEIGHT="36" WC="0.96" CONTENT="fattade"/><SP WIDTH="28" VPOS="1969" HPOS="1206"/>
							<String ID="string_269" HPOS="1234" VPOS="1968" WIDTH="121" HEIGHT="37" WC="0.96" CONTENT="beslut"/><SP WIDTH="29" VPOS="1968" HPOS="1355"/>
							<String ID="string_270" HPOS="1384" VPOS="1982" WIDTH="60" HEIGHT="23" WC="0.93" CONTENT="om"/><SP WIDTH="27" VPOS="1982" HPOS="1444"/>
							<String ID="string_271" HPOS="1471" VPOS="1967" WIDTH="521" HEIGHT="50" WC="0.91" CONTENT="riksförsäkringsanstaltens"/>
						</TextLine>
						<TextLine ID="line_34" HPOS="399" VPOS="2020" WIDTH="1591" HEIGHT="51">
							<String ID="string_272" HPOS="399" VPOS="2022" WIDTH="224" HEIGHT="47" WC="0.96" CONTENT="inrättande,"/><SP WIDTH="30" VPOS="2022" HPOS="623"/>
							<String ID="string_273" HPOS="653" VPOS="2023" WIDTH="90" HEIGHT="35" WC="0.96" CONTENT="fann"/><SP WIDTH="28" VPOS="2023" HPOS="743"/>
							<String ID="string_274" HPOS="771" VPOS="2022" WIDTH="217" HEIGHT="49" WC="0.95" CONTENT="Riksdagen"/><SP WIDTH="27" VPOS="2022" HPOS="988"/>
							<String ID="string_275" HPOS="1015" VPOS="2022" WIDTH="83" HEIGHT="36" WC="0.96" CONTENT="icke"/><SP WIDTH="28" VPOS="2022" HPOS="1098"/>
							<String ID="string_276" HPOS="1126" VPOS="2022" WIDTH="81" HEIGHT="35" WC="0.96" CONTENT="skäl"/><SP WIDTH="28" VPOS="2022" HPOS="1207"/>
							<String ID="string_277" HPOS="1235" VPOS="2027" WIDTH="64" HEIGHT="41" WC="0.96" CONTENT="att,"/><SP WIDTH="30" VPOS="2027" HPOS="1299"/>
							<String ID="string_278" HPOS="1329" VPOS="2024" WIDTH="48" HEIGHT="46" WC="0.96" CONTENT="på"/><SP WIDTH="28" VPOS="2024" HPOS="1377"/>
							<String ID="string_279" HPOS="1405" VPOS="2025" WIDTH="73" HEIGHT="32" WC="0.96" CONTENT="sätt"/><SP WIDTH="18" VPOS="2025" HPOS="1478"/>
							<String ID="string_280" HPOS="1496" VPOS="2020" WIDTH="142" HEIGHT="49" WC="0.92" CONTENT="Kungl."/><SP WIDTH="22" VPOS="2020" HPOS="1638"/>
							<String ID="string_281" HPOS="1660" VPOS="2020" WIDTH="106" HEIGHT="50" WC="0.96" CONTENT="Maj:t"/><SP WIDTH="20" VPOS="2020" HPOS="1766"/>
							<String ID="string_282" HPOS="1786" VPOS="2020" WIDTH="204" HEIGHT="48" WC="0.95" CONTENT="föreslagit,"/>
						</TextLine>
						<TextLine ID="line_35" HPOS="399" VPOS="2072" WIDTH="1590" HEIGHT="49">
							<String ID="string_283" HPOS="399" VPOS="2075" WIDTH="183" HEIGHT="36" WC="0.95" CONTENT="fastställa"/><SP WIDTH="42" VPOS="2075" HPOS="582"/>
							<String ID="string_284" HPOS="624" VPOS="2074" WIDTH="183" HEIGHT="37" WC="0.96" CONTENT="ordinarie"/><SP WIDTH="42" VPOS="2074" HPOS="807"/>
							<String ID="string_285" HPOS="849" VPOS="2080" WIDTH="72" HEIGHT="31" WC="0.96" CONTENT="stat"/><SP WIDTH="41" VPOS="2080" HPOS="921"/>
							<String ID="string_286" HPOS="962" VPOS="2075" WIDTH="58" HEIGHT="36" WC="0.96" CONTENT="för"/><SP WIDTH="41" VPOS="2075" HPOS="1020"/>
							<String ID="string_287" HPOS="1061" VPOS="2074" WIDTH="195" HEIGHT="46" WC="0.95" CONTENT="anstalten,"/><SP WIDTH="42" VPOS="2074" HPOS="1256"/>
							<String ID="string_288" HPOS="1298" VPOS="2079" WIDTH="90" HEIGHT="30" WC="0.95" CONTENT="utan"/><SP WIDTH="41" VPOS="2079" HPOS="1388"/>
							<String ID="string_289" HPOS="1429" VPOS="2072" WIDTH="132" HEIGHT="37" WC="0.95" CONTENT="ställde"/><SP WIDTH="37" VPOS="2072" HPOS="1561"/>
							<String ID="string_290" HPOS="1598" VPOS="2072" WIDTH="131" HEIGHT="37" WC="0.96" CONTENT="endast"/><SP WIDTH="32" VPOS="2072" HPOS="1729"/>
							<String ID="string_291" HPOS="1761" VPOS="2072" WIDTH="56" HEIGHT="37" WC="0.96" CONTENT="till"/><SP WIDTH="32" VPOS="2072" HPOS="1817"/>
							<String ID="string_292" HPOS="1849" VPOS="2072" WIDTH="140" HEIGHT="49" WC="0.95" CONTENT="Kungl."/>
						</TextLine>
						<TextLine ID="line_36" HPOS="399" VPOS="2124" WIDTH="1593" HEIGHT="53">
							<String ID="string_293" HPOS="399" VPOS="2127" WIDTH="126" HEIGHT="50" WC="0.96" CONTENT="Maj:ts"/><SP WIDTH="42" VPOS="2127" HPOS="525"/>
							<String ID="string_294" HPOS="567" VPOS="2127" WIDTH="223" HEIGHT="49" WC="0.96" CONTENT="förfogande"/><SP WIDTH="40" VPOS="2127" HPOS="790"/>
							<String ID="string_295" HPOS="830" VPOS="2127" WIDTH="120" HEIGHT="36" WC="0.95" CONTENT="medel"/><SP WIDTH="41" VPOS="2127" HPOS="950"/>
							<String ID="string_296" HPOS="991" VPOS="2127" WIDTH="55" HEIGHT="36" WC="0.93" CONTENT="till"/><SP WIDTH="41" VPOS="2127" HPOS="1046"/>
							<String ID="string_297" HPOS="1087" VPOS="2126" WIDTH="238" HEIGHT="37" WC="0.95" CONTENT="bestridande"/><SP WIDTH="41" VPOS="2126" HPOS="1325"/>
							<String ID="string_298" HPOS="1366" VPOS="2126" WIDTH="40" HEIGHT="35" WC="0.88" CONTENT="af"/><SP WIDTH="38" VPOS="2126" HPOS="1406"/>
							<String ID="string_299" HPOS="1444" VPOS="2124" WIDTH="210" HEIGHT="50" WC="0.88" CONTENT="aflöningar"/><SP WIDTH="40" VPOS="2124" HPOS="1654"/>
							<String ID="string_300" HPOS="1694" VPOS="2125" WIDTH="56" HEIGHT="36" WC="0.92" CONTENT="till"/><SP WIDTH="37" VPOS="2125" HPOS="1750"/>
							<String ID="string_301" HPOS="1787" VPOS="2125" WIDTH="205" HEIGHT="35" WC="0.91" CONTENT="anstaltens"/>
						</TextLine>
						<TextLine ID="line_37" HPOS="399" VPOS="2176" WIDTH="1593" HEIGHT="52">
							<String ID="string_302" HPOS="399" VPOS="2180" WIDTH="228" HEIGHT="48" WC="0.96" CONTENT="tjänstemän"/><SP WIDTH="29" VPOS="2180" HPOS="627"/>
							<String ID="string_303" HPOS="656" VPOS="2179" WIDTH="194" HEIGHT="37" WC="0.96" CONTENT="äfvensom"/><SP WIDTH="29" VPOS="2179" HPOS="850"/>
							<String ID="string_304" HPOS="879" VPOS="2180" WIDTH="55" HEIGHT="35" WC="0.93" CONTENT="till"/><SP WIDTH="29" VPOS="2180" HPOS="934"/>
							<String ID="string_305" HPOS="963" VPOS="2192" WIDTH="181" HEIGHT="36" WC="0.90" CONTENT="expenser"/><SP WIDTH="27" VPOS="2192" HPOS="1144"/>
							<String ID="string_306" HPOS="1171" VPOS="2178" WIDTH="65" HEIGHT="36" WC="0.95" CONTENT="vid"/><SP WIDTH="28" VPOS="2178" HPOS="1236"/>
							<String ID="string_307" HPOS="1264" VPOS="2178" WIDTH="226" HEIGHT="36" WC="0.96" CONTENT="densamma."/><SP WIDTH="60" VPOS="2178" HPOS="1490"/>
							<String ID="string_308" HPOS="1550" VPOS="2177" WIDTH="146" HEIGHT="36" WC="0.93" CONTENT="Härvid"/><SP WIDTH="27" VPOS="2177" HPOS="1696"/>
							<String ID="string_309" HPOS="1723" VPOS="2177" WIDTH="133" HEIGHT="49" WC="0.93" CONTENT="gjorde"/><SP WIDTH="27" VPOS="2177" HPOS="1856"/>
							<String ID="string_310" HPOS="1883" VPOS="2176" WIDTH="109" HEIGHT="36" WC="0.91" CONTENT="Riks-"/>
						</TextLine>
						<TextLine ID="line_38" HPOS="400" VPOS="2229" WIDTH="1593" HEIGHT="51">
							<String ID="string_311" HPOS="400" VPOS="2232" WIDTH="122" HEIGHT="48" WC="0.95" CONTENT="dagen"/><SP WIDTH="42" VPOS="2232" HPOS="522"/>
							<String ID="string_312" HPOS="564" VPOS="2232" WIDTH="204" HEIGHT="35" WC="0.95" CONTENT="emellertid"/><SP WIDTH="40" VPOS="2232" HPOS="768"/>
							<String ID="string_313" HPOS="808" VPOS="2232" WIDTH="101" HEIGHT="35" WC="0.96" CONTENT="vissa"/><SP WIDTH="27" VPOS="2232" HPOS="909"/>
							<String ID="string_314" HPOS="936" VPOS="2231" WIDTH="217" HEIGHT="36" WC="0.96" CONTENT="uttalanden"/><SP WIDTH="30" VPOS="2231" HPOS="1153"/>
							<String ID="string_315" HPOS="1183" VPOS="2230" WIDTH="193" HEIGHT="49" WC="0.91" CONTENT="angående"/><SP WIDTH="29" VPOS="2230" HPOS="1376"/>
							<String ID="string_316" HPOS="1405" VPOS="2230" WIDTH="204" HEIGHT="35" WC="0.91" CONTENT="anstaltens"/><SP WIDTH="29" VPOS="2230" HPOS="1609"/>
							<String ID="string_317" HPOS="1638" VPOS="2229" WIDTH="255" HEIGHT="49" WC="0.96" CONTENT="organisation"/><SP WIDTH="29" VPOS="2229" HPOS="1893"/>
							<String ID="string_318" HPOS="1922" VPOS="2229" WIDTH="71" HEIGHT="35" WC="0.96" CONTENT="och"/>
						</TextLine>
						<TextLine ID="line_39" HPOS="400" VPOS="2280" WIDTH="1593" HEIGHT="52">
							<String ID="string_319" HPOS="400" VPOS="2297" WIDTH="60" HEIGHT="23" WC="0.95" CONTENT="om"/><SP WIDTH="30" VPOS="2297" HPOS="460"/>
							<String ID="string_320" HPOS="490" VPOS="2284" WIDTH="44" HEIGHT="36" WC="0.96" CONTENT="de"/><SP WIDTH="29" VPOS="2284" HPOS="534"/>
							<String ID="string_321" HPOS="563" VPOS="2282" WIDTH="182" HEIGHT="38" WC="0.93" CONTENT="särskilda"/><SP WIDTH="28" VPOS="2282" HPOS="745"/>
							<String ID="string_322" HPOS="773" VPOS="2283" WIDTH="260" HEIGHT="49" WC="0.91" CONTENT="aflöningarna"/><SP WIDTH="29" VPOS="2283" HPOS="1033"/>
							<String ID="string_323" HPOS="1062" VPOS="2288" WIDTH="95" HEIGHT="31" WC="0.95" CONTENT="samt"/><SP WIDTH="27" VPOS="2288" HPOS="1157"/>
							<String ID="string_324" HPOS="1184" VPOS="2282" WIDTH="193" HEIGHT="37" WC="0.96" CONTENT="bestämde"/><SP WIDTH="26" VPOS="2282" HPOS="1377"/>
							<String ID="string_325" HPOS="1403" VPOS="2282" WIDTH="13" HEIGHT="36" WC="0.72" CONTENT="i"/><SP WIDTH="29" VPOS="2282" HPOS="1416"/>
							<String ID="string_326" HPOS="1445" VPOS="2282" WIDTH="167" HEIGHT="48" WC="0.96" CONTENT="enlighet"/><SP WIDTH="27" VPOS="2282" HPOS="1612"/>
							<String ID="string_327" HPOS="1639" VPOS="2281" WIDTH="152" HEIGHT="37" WC="0.96" CONTENT="härmed"/><SP WIDTH="24" VPOS="2281" HPOS="1791"/>
							<String ID="string_328" HPOS="1815" VPOS="2280" WIDTH="178" HEIGHT="49" WC="0.96" CONTENT="beloppet"/>
						</TextLine>
						<TextLine ID="line_40" HPOS="400" VPOS="2332" WIDTH="1593" HEIGHT="51">
							<String ID="string_329" HPOS="400" VPOS="2336" WIDTH="41" HEIGHT="35" WC="0.96" CONTENT="af"/><SP WIDTH="25" VPOS="2336" HPOS="441"/>
							<String ID="string_330" HPOS="466" VPOS="2335" WIDTH="62" HEIGHT="37" WC="0.96" CONTENT="det"/><SP WIDTH="28" VPOS="2335" HPOS="528"/>
							<String ID="string_331" HPOS="556" VPOS="2335" WIDTH="58" HEIGHT="36" WC="0.96" CONTENT="för"/><SP WIDTH="28" VPOS="2335" HPOS="614"/>
							<String ID="string_332" HPOS="642" VPOS="2335" WIDTH="211" HEIGHT="37" WC="0.91" CONTENT="ändamålet"/><SP WIDTH="29" VPOS="2335" HPOS="853"/>
							<String ID="string_333" HPOS="882" VPOS="2335" WIDTH="153" HEIGHT="37" WC="0.91" CONTENT="afsedda"/><SP WIDTH="29" VPOS="2335" HPOS="1035"/>
							<String ID="string_334" HPOS="1064" VPOS="2335" WIDTH="179" HEIGHT="48" WC="0.95" CONTENT="anslaget."/><SP WIDTH="55" VPOS="2335" HPOS="1243"/>
							<String ID="string_335" HPOS="1298" VPOS="2334" WIDTH="18" HEIGHT="36" WC="0.96" CONTENT="I"/><SP WIDTH="28" VPOS="2334" HPOS="1316"/>
							<String ID="string_336" HPOS="1344" VPOS="2334" WIDTH="94" HEIGHT="49" WC="0.96" CONTENT="följd"/><SP WIDTH="27" VPOS="2334" HPOS="1438"/>
							<String ID="string_337" HPOS="1465" VPOS="2334" WIDTH="111" HEIGHT="35" WC="0.96" CONTENT="häraf"/><SP WIDTH="23" VPOS="2334" HPOS="1576"/>
							<String ID="string_338" HPOS="1599" VPOS="2333" WIDTH="125" HEIGHT="37" WC="0.96" CONTENT="blefvo"/><SP WIDTH="21" VPOS="2333" HPOS="1724"/>
							<String ID="string_339" HPOS="1745" VPOS="2333" WIDTH="45" HEIGHT="36" WC="0.96" CONTENT="de"/><SP WIDTH="20" VPOS="2333" HPOS="1790"/>
							<String ID="string_340" HPOS="1810" VPOS="2332" WIDTH="183" HEIGHT="37" WC="0.96" CONTENT="särskilda"/>
						</TextLine>
						<TextLine ID="line_41" HPOS="398" VPOS="2384" WIDTH="1595" HEIGHT="53">
							<String ID="string_341" HPOS="398" VPOS="2387" WIDTH="417" HEIGHT="50" WC="0.91" CONTENT="befattningshafvarne"/><SP WIDTH="40" VPOS="2387" HPOS="815"/>
							<String ID="string_342" HPOS="855" VPOS="2387" WIDTH="63" HEIGHT="37" WC="0.87" CONTENT="vid"/><SP WIDTH="41" VPOS="2387" HPOS="918"/>
							<String ID="string_343" HPOS="959" VPOS="2387" WIDTH="503" HEIGHT="49" WC="0.87" CONTENT="riksförsäkringsanstalten"/><SP WIDTH="33" VPOS="2387" HPOS="1462"/>
							<String ID="string_344" HPOS="1495" VPOS="2386" WIDTH="12" HEIGHT="35" WC="0.96" CONTENT="i"/><SP WIDTH="29" VPOS="2386" HPOS="1507"/>
							<String ID="string_345" HPOS="1536" VPOS="2385" WIDTH="202" HEIGHT="37" WC="0.93" CONTENT="allmänhet"/><SP WIDTH="28" VPOS="2385" HPOS="1738"/>
							<String ID="string_346" HPOS="1766" VPOS="2384" WIDTH="227" HEIGHT="37" WC="0.92" CONTENT="tillerkända"/>
						</TextLine>
					</TextBlock>
				</ComposedBlock>
			</PrintSpace>
		</Page>
	</Layout>
</alto>
