2177 2659
442 215 19 32 6
874 213 260 33 Statsutskottets
1164 214 179 33 Utlåtande
1366 214 65 34 N:o
1453 217 73 32 134.

402 315 46 23 en
477 302 147 37 notarie
653 307 97 32 samt
769 315 69 24 ene
858 302 281 38 vaktmästaren
1167 316 89 24 vara
1283 303 239 50 berättigade
1543 308 55 32 att
1617 304 86 36 från
1723 304 71 37 och
1814 304 86 37 med
1921 304 73 37 den

405 357 17 35 1
448 355 153 50 januari
631 356 97 36 1908
757 355 153 37 komma
937 355 12 37 i
978 356 221 49 åtnjutande
1228 356 41 37 af
1295 356 275 50 ålderstillägg.

505 408 60 36 En
602 408 41 36 af
681 408 368 50 byrådirektörerna,
1079 408 27 37 I.
1138 409 41 36 E.
1210 408 43 38 O.
1284 409 256 49 Tengstrand,
1570 409 155 37 hvilken
1754 409 73 37 den
1854 411 46 35 10
1925 409 70 49 juli

405 462 97 35 1902
545 460 218 38 förordnats
800 466 56 31 att
896 461 83 37 från
1020 461 72 37 och
1124 461 85 37 med
1239 462 72 36 den
1343 464 18 34 1
1392 462 215 49 september
1638 463 97 36 1902
1765 475 93 24 vara
1886 462 110 50 byrå-

403 513 168 38 direktör
597 513 13 37 1
637 514 515 49 riksförsäkringsanstalten
1181 515 69 36 och
1278 514 236 38 fortfarande
1542 515 158 36 innehar
1727 515 106 37 detta
1847 515 149 37 förord-

402 566 133 38 nande,
565 566 69 37 har
676 566 154 49 åtnjutit
862 566 291 50 tjänstledighet
1180 566 120 38 under
1328 570 40 34 så
1395 567 90 49 lång
1513 567 65 48 tid,
1607 572 56 32 att
1690 567 75 37 han
1793 567 85 38 icke
1906 573 90 31 utan

402 619 129 37 vidare
565 618 122 38 skulle
727 633 92 24 vara
847 619 214 49 berättigad
1088 620 58 36 till
1175 620 274 49 ålderstillägg,
1480 621 128 36 därest
1636 620 45 37 de
1709 620 287 38 bestämmelser

402 671 162 37 rörande
607 672 134 36 sådant
778 672 150 49 tillägg,
967 686 83 22 som
1086 672 127 49 gällde
1253 672 59 36 för
1349 673 45 36 de
1424 674 165 35 centrala
1617 672 304 49 ämbetsverken,
1951 673 46 36 då

402 724 534 49 riksförsäkringsanstaltens
965 724 276 49 anslagsbehof
1267 727 39 33 år
1336 726 97 35 1902
1463 725 41 36 af
1527 725 222 49 Riksdagen
1775 725 221 49 pröfvades,

403 776 105 38 skola
535 776 201 50 tillämpas.

506 829 225 38 Emellertid
772 830 67 37 har
880 829 244 48 Tengstrand
1164 829 54 37 uti
1260 842 48 24 en
1335 829 58 37 till
1421 829 123 37 Eders
1573 830 144 49 Kungl.
1748 830 106 49 Maj:t
1883 829 113 38 ställd

404 882 111 37 skrift
543 883 12 35 i
582 882 305 50 underdånighet
915 882 156 36 anhållit
1099 887 53 31 att
1181 882 64 36 vid
1274 882 321 49 ålderstilläggets
1611 882 243 37 beräknande
1868 882 39 37 få
1921 882 75 36 till-

403 935 224 50 godoräkna
668 935 60 49 sig
769 935 73 37 den
869 935 69 48 tid,
974 936 76 35 han
1082 935 119 37 under
1229 934 291 50 tjänstledighet
1548 936 83 36 från
1658 935 338 49 riksförsäkrings-

404 988 187 37 anstalten
619 988 122 37 utfört
769 993 115 31 annat
913 987 191 49 offentligt
1131 987 185 50 uppdrag.
1372 988 245 49 ”Tengstrand
1644 988 68 36 har
1740 987 135 38 därvid
1894 987 103 37 med-

405 1040 111 49 delat,
559 1046 55 31 att
654 1041 87 47 han,
772 1041 236 37 oberäknadt
1036 1041 73 36 den
1136 1040 56 37 tid
1219 1041 75 36 han
1322 1041 154 49 åtnjutit
1504 1045 180 33 semester
1712 1045 96 33 samt
1841 1040 75 37 den
1943 1040 55 37 tid

403 1094 77 36 han
507 1094 99 36 varit
635 1093 205 37 förordnad
869 1097 125 33 såsom
1023 1093 233 49 adjungerad
1284 1093 191 37 ledamoti
1488 1093 394 50 järnvägsstyrelsen,
1899 1093 100 36 varit

403 1145 226 50 tjänstledig
655 1147 84 35 från
758 1145 556 49 byrådirektörsbefattningen
1329 1146 278 48 sammanlagdt
1625 1149 17 33 1
1662 1149 40 33 år
1729 1148 10 34 5
1755 1145 179 37 månader
1950 1147 44 34 21

405 1199 130 48 dagar,
571 1211 86 24 men
685 1203 56 32 att
767 1198 75 36 han
872 1198 40 36 af
937 1198 123 36 denna
1089 1197 53 37 tid
1171 1198 225 49 tjänstgjort
1424 1201 124 34 såsom
1577 1198 233 36 sekreterare
1837 1197 13 37 i
1879 1199 64 34 två
1961 1197 36 36 af

405 1250 139 48 Kungl.
588 1251 109 49 Maj:t
737 1250 159 37 tillsatta
924 1250 250 47 kommittéer,
1205 1250 420 48 bangårdskommittén
1653 1250 70 37 och
1752 1250 247 49 statsjärnvä-

404 1316 140 36 garnas
588 1302 492 50 organisationskommitté,
1112 1302 121 37 under
1262 1302 278 49 sammanlagdt
1572 1305 17 34 1
1621 1305 40 34 år
1690 1305 20 34 2
1741 1302 181 37 månader
1953 1304 44 35 11

405 1356 118 48 dagar
553 1362 98 29 samt
678 1355 142 37 biträdt
846 1355 102 36 inom
977 1354 391 49 civildepartementet
1397 1357 18 34 1
1446 1354 137 37 månad
1613 1357 20 34 6
1663 1355 129 48 dagar.

508 1407 527 49 Riksförsäkringsanstalten
1074 1407 68 37 har
1183 1407 58 36 för
1270 1407 57 36 sin
1356 1407 60 37 del
1443 1407 184 49 tillstyrkt
1654 1406 106 38 bifall
1788 1406 57 37 till
1873 1406 127 49 Teng-

406 1460 153 36 strands
587 1460 229 49 ansökning.

203 1572 164 39 Riksförsäk-
508 1563 532 49 Riksförsäkringsanstalten
1081 1563 67 36 har
1189 1563 142 47 vidare,
1374 1566 126 33 såsom
1523 1564 72 48 jag
1620 1563 103 36 förut
1752 1567 207 44 omnämnt,
1988 1562 12 36 i

214 1614 143 51 anstalten
390 1610 9 59 —
407 1615 163 38 Särskild
612 1615 198 37 skrifvelse
852 1615 105 50 gjort
985 1616 282 48 framställning
1295 1629 60 23 om
1385 1616 138 36 allmän
1551 1615 222 50 förhöjning
1802 1616 41 36 af
1868 1615 46 38 de
1942 1615 56 36 till

189 1677 193 41 framställning
407 1669 209 36 anstaltens
645 1669 231 49 tjänstemän
906 1668 70 37 och
1004 1669 169 49 betjänte
1202 1668 192 49 utgående
1424 1668 220 49 aflöningar.

216 1712 137 63 RT
509 1721 525 47 Riksförsäktingsanstalten
1062 1721 143 36 erinrar
1232 1720 58 36 till
1320 1733 46 23 en
1386 1720 145 48 början,
1548 1720 81 37 att
1614 1715 22 58 i
1645 1720 209 49 anledning
1869 1720 42 37 af
1922 1724 78 32 sär-

216 1781 135 23 förmåner.
408 1773 123 37 skilda
546 1773 139 48 nådiga
699 1773 282 50 propositioner
999 1775 96 35 1907
1113 1776 59 33 års
1190 1772 172 49 Riksdag
1390 1772 86 37 med
1490 1772 152 48 hänsyn
1657 1772 181 37 särskildt
1853 1772 57 36 till
1926 1772 74 36 den

407 1825 116 49 högst
550 1825 216 49 betydande
796 1826 176 48 stegring
999 1825 13 36 1
1038 1825 129 50 prisen
1195 1828 21 34 å
1243 1824 129 38 lifvets
1401 1825 310 48 förnödenheter,
1733 1837 83 24 som
1835 1829 67 44 ägt
1918 1837 82 23 rum

407 1879 117 35 sedan
570 1882 128 32 senast
725 1877 234 37 verkställda
986 1878 326 48 löneregleringar
1339 1877 60 37 för
1427 1877 45 36 de
1500 1878 168 35 centrala
1696 1877 303 46 ämbetsverken,

406 1929 182 37 fastställt
615 1930 242 49 väsentligen
885 1929 178 50 förhöjda
1091 1929 310 49 aflöningsstater
1428 1929 61 37 för
1509 1932 121 45 några
1650 1929 40 36 af
1707 1929 111 37 dessa
1838 1929 162 37 ämbets-

405 1982 107 47 verk,
554 1982 114 36 bland
711 1983 116 36 andra
856 1982 285 48 statskontoret,
1170 1982 115 36 hvars
1313 1981 165 37 lönestat
1506 1986 131 45 syntes
1665 1995 91 23 vara
1785 1981 133 37 afsedd
1946 1986 54 31 att

406 2039 138 44 utgöra
573 2047 48 23 en
648 2035 224 36 normalstat
899 2034 61 36 för
989 2039 143 31 statens
1161 2033 169 37 centrala
1357 2034 256 36 ämbetsverk.

510 2086 57 36 Då
594 2086 533 48 riksförsäkringsanstaltens
1155 2086 232 49 tjänstemän
1416 2086 70 37 och
1514 2085 170 50 betjänte
1713 2085 87 37 med
1820 2085 179 37 afseende

407 2143 20 32 å
455 2138 382 49 aflöningsförmåner
857 2139 134 36 hittills
1010 2139 99 36 varit
1127 2138 192 37 likställda
1338 2138 87 37 med
1445 2138 228 49 personalen
1689 2138 61 36 vid
1769 2137 46 37 de
1832 2138 168 36 centrala

405 2191 306 47 ämbetsverken,
728 2204 112 23 anser
854 2190 514 50 riksförsäkringsanstalten
1383 2212 48 4 -—
1444 2202 82 25 som
1538 2190 126 37 funnit
1675 2190 59 49 sig
1744 2189 83 38 icke
1838 2190 92 37 böra
1941 2189 60 37 för

405 2243 237 36 närvarande
684 2243 139 36 föreslå
856 2243 164 48 ändring
1048 2244 10 34 i
1087 2243 46 36 de
1161 2243 180 48 grunder,
1370 2243 96 36 efter
1493 2242 130 37 hvilka
1652 2242 262 49 aflöningarna
1941 2241 59 36 till

405 2295 47 36 de
482 2294 187 37 särskilda
697 2295 420 48 befattningshafvarna
1145 2295 12 36 i
1184 2294 512 49 riksförsäktingsanstalten
1724 2297 94 45 utgå
1836 2316 50 4 —
1910 2307 90 23 vara

406 2346 86 38 med
542 2346 159 38 rättvisa
751 2347 70 37 och
870 2346 176 50 billighet
1096 2346 428 49 öfverensstämmande,
1571 2351 54 32 att
1665 2346 335 49 riksförsäkrings-
