2218 2634
444 187 41 30 20
888 186 251 32 Statsutskottets
1170 186 168 33 Utlåtande
1364 188 60 30 N:o
1455 187 45 31 78.

399 266 212 37 Ullersäter
652 265 85 37 med
771 265 88 37 dess
889 263 260 52 upparbetade
1177 265 126 48 trafik,
1333 277 79 26 som
1435 265 146 50 jemväl
1609 265 160 38 erhåller
1798 266 194 37 afsevärdt

399 317 159 37 tillföde
586 330 138 36 genom
754 320 65 33 två
847 317 237 37 tillslutande
1114 316 129 48 banor,
1273 317 70 37 och
1371 318 12 35 i
1411 317 67 37 allt
1506 317 66 37 fall
1599 317 108 37 torde
1735 318 257 37 ränteafkast-

399 369 97 49 ning
523 368 85 38 icke
636 369 236 37 omedelbart
900 369 129 36 kunna
1057 368 190 50 påräknas
1275 368 41 37 af
1339 369 63 37 det
1431 369 157 49 kapital,
1618 382 79 24 som
1716 369 210 50 nedlägges
1943 373 48 46 på

399 421 229 50 byggandet
669 420 41 37 af
745 433 47 23 en
822 432 52 37 ny
897 421 175 49 jernväg.
1127 420 53 36 Af
1203 425 143 32 största
1373 421 202 48 betydelse
1603 420 63 37 vid
1694 421 230 49 afgörandet
1953 421 43 37 af

399 473 126 37 denba
569 473 107 49 fråga
703 484 114 25 anser
844 472 190 37 utskottet
1062 471 209 38 emellertid
1300 485 101 36 vara,
1431 477 56 32 att
1516 472 64 36 det
1607 486 44 23 ur
1676 473 314 38 nationalekono-

400 524 99 37 misk
529 523 196 51 synpunkt
753 527 121 34 måste
902 524 172 37 befinnas
1103 523 148 37 mindre
1279 523 137 50 rigtigt
1443 529 56 32 att
1528 524 166 49 anlägga
1722 537 47 24 en
1799 538 53 36 ny
1881 525 109 48 bana,

399 577 47 36 då
473 576 165 38 trafiken
680 576 12 36 i
720 575 109 50 fråga
859 575 73 37 kan
960 575 87 37 fullt
1073 581 42 31 ut
1142 575 172 48 besörjas
1341 588 139 36 genom
1510 576 193 37 anlitande
1732 576 41 37 af
1798 590 46 23 en
1873 577 116 36 redan

399 628 187 49 befintlig.
643 627 57 37 En
734 628 119 36 sådan
881 627 249 49 användning
1158 627 41 36 af
1222 627 150 37 landets
1400 627 359 50 kapitaltillgångar
1788 641 115 37 synes
1932 634 59 31 ut-

401 680 147 37 skottet
588 679 85 38 icke
714 679 131 37 kunna
885 684 75 32 rätt
988 679 203 36 försvaras.
1247 679 197 49 Härjemte
1473 680 70 36 bör
1570 680 70 36 ock
1669 680 64 36 vid
1761 679 74 38 den
1864 681 12 35 i
1905 685 86 32 när-

399 732 168 37 varande
609 731 54 37 tid
705 731 154 49 knappa
899 730 215 50 tillgången
1156 734 48 46 på
1234 731 274 37 arbetskrafter
1535 732 370 48 uppmärksammas,
1935 737 57 32 att

401 793 141 40 genom
586 782 295 50 Krylbobanans
922 782 292 49 framdragande
1256 782 108 38 öfver
1400 782 212 38 Ullersäter
1652 783 186 48 gifvetvis
1868 789 123 31 större

400 835 167 50 anspråk
607 834 121 37 skulle
763 834 131 37 ställas
922 837 49 46 på
999 834 364 37 arbetsmarknaden
1392 840 47 31 än
1468 847 142 36 genom
1640 834 106 37 bifall
1775 835 58 37 till
1862 835 64 37 det
1954 835 42 36 af

400 885 141 50 Kongl.
572 887 103 48 Maj:t
703 885 218 50 föreslagna
950 885 252 37 alternativet.

503 939 53 36 På
598 938 123 49 grund
750 937 42 37 af
816 937 100 37 hvad
945 937 161 37 sålunda
1134 937 125 37 blifvit
1288 937 162 49 anfördt,
1480 938 56 37 får
1564 938 198 48 utskottet,
1794 952 80 24 som
1907 939 85 36 icke

400 990 67 37 har
496 993 121 47 något
645 995 55 32 att
729 989 126 37 erinra
883 994 78 32 mot
989 989 48 37 de
1065 989 12 36 i
1106 989 209 49 anledning
1343 990 42 35 af
1408 990 63 37 det
1497 989 218 50 föreslagna
1729 990 160 50 inköpet
1903 1004 89 36 upp-

400 1042 148 37 rättade
577 1041 412 50 förslagskontrakten,
1019 1041 212 47 hemställa,

926 1148 67 42 att,
1036 1142 87 37 med
1165 1142 106 37 bifall
1313 1142 56 37 till
1409 1142 140 50 Kongl.
1583 1143 126 49 Maj:ts
1744 1144 249 39 förevarande

797 1194 285 48 framställning
1109 1194 70 36 och
1208 1194 86 36 med
1322 1193 124 50 afslag
1474 1197 21 34 å
1523 1195 88 36 herr
1638 1194 154 39 Sahlins
1820 1197 12 36 i
1861 1202 130 32 ämnet

799 1246 136 37 väckta
966 1246 157 47 motion,
1151 1245 223 48 Riksdagen
1395 1249 72 45 må,
1488 1246 117 37 under
1620 1248 295 49 godkännande,
1932 1250 59 36 till

797 1297 300 50 hufvudsakliga
1112 1297 115 49 delar,
1243 1297 42 36 af
1294 1298 46 37 de
1358 1297 61 38 vid
1447 1298 420 50 statsrådsprotokollet
1883 1301 109 37 öfver

799 1349 258 38 civilärenden
1086 1349 72 37 den
1187 1351 21 35 6
1239 1362 100 24 mars
1370 1351 95 35 1899
1488 1349 138 49 fogade
1642 1350 350 52 förelagskottrakt

798 1401 199 50 angående
1027 1400 267 38 förvärfvande
1323 1401 58 36 för
1409 1402 170 36 svenska
1607 1408 146 32 statens
1774 1404 165 50 räkning
1955 1405 42 36 af

798 1453 188 38 bandelen
1053 1452 279 38 Örebro—Frövi
1360 1453 41 36 af
1424 1444 377 61 Örebro—Köpings
1825 1456 167 50 jernväg

799 1505 72 37 och
900 1504 197 50 angående
1116 1504 274 50 öfvertagande
1405 1505 42 36 af
1457 1505 184 38 kontrakt
1656 1520 61 23 om
1733 1508 257 37 trafikerande

799 1557 42 37 af
864 1547 334 47 Örebro—Svartå
1220 1556 178 49 jernväg,
1428 1557 34 49 ej
1482 1557 146 38 mindre
1644 1558 235 50 bemyndiga
1896 1560 98 37 riks-

799 1609 294 49 gäldskontoret
1120 1613 55 31 att
1203 1607 124 50 enligt
1345 1608 649 41 bestämmelserna
1694 1603 23 59 i
1735 1608 259 41 förstnämnda

802 1660 182 37 kontrakt
1011 1659 164 50 fullgöra
1203 1660 169 49 liqviden
1402 1660 41 37 af
1466 1661 308 51 köpeskillingen
1803 1664 86 36 med
1918 1663 76 37 till-

803 1712 169 37 hörande
1000 1711 310 50 räntebetalning
1338 1718 99 30 samt
1465 1712 171 38 utbetala
1662 1714 248 49 godtgörelse
1935 1715 59 37 för

801 1763 241 50 anläggning
1070 1763 42 37 af
1135 1768 54 31 ett
1215 1763 325 50 förbindelsespår
1568 1765 62 37 vid
1658 1766 129 48 Frövi,
1816 1771 47 32 än
1881 1767 112 37 äfven

801 1816 58 37 för
888 1819 39 33 år
957 1816 98 36 1900
1084 1814 132 38 anvisa

929 1867 56 37 till
1025 1866 482 50 kompletteringsarbeten
1537 1870 21 34 å

801 1919 190 37 bandelen
1007 1909 519 47 Örebro—FröVl................
1558 1919 139 38 kronor
1752 1923 175 47 237,500:
1944 1945 50 4 —

907 1970 57 37 till
992 1970 121 50 inköp
1141 1970 41 38 af
1197 1970 172 37 rullande
1385 1970 174 38 materiel

802 2022 59 37 för
890 2022 117 37 linien
1033 2013 524 58 Spånga—Frövi—OÖrebro
1623 2052 22 19 ,,
1752 2026 175 48 300,000:
1944 2048 50 5 —

932 2073 58 37 till
1033 2073 265 38 fullbordande
1327 2074 42 37 af
1391 2074 166 37 statsba-

803 2139 75 24 nan
933 2124 140 37 mellan
1126 2126 146 49 Krylbo
1327 2126 70 50 och
1442 2126 115 37 Frövi

797 2178 121 49 jemte
935 2176 368 51 spårutvidgningar
1317 2178 11 36 i
1345 2177 174 38 Örebro...
1530 2172 25 59 ..
1623 2207 23 18 »
1752 2181 176 47 500,000:
1944 2201 50 6 —

1141 2237 93 38 eller
1261 2237 254 38 tillsammans
1545 2240 139 37 kronor
1716 2234 210 56 1,037,500:
1944 2262 50 6 —

803 2294 57 36 att
887 2291 93 48 utgå
1010 2287 41 39 af
1076 2288 382 50 riksgäldskontoret,
