1878 2830
295 160 21 28 2
671 158 127 34 Första
813 158 254 43 lagutskottets
1081 159 187 35 utlåtande
1286 161 54 33 Nr
1351 163 54 39 49.

990 242 42 31 32
1059 238 29 40 $.

340 297 290 36 Boställsnämnd
647 299 129 43 åligger
790 320 46 5 —
850 321 47 4 —
912 321 47 5 —
974 302 87 42 gälle
1081 301 263 35 ordförandens.

340 351 353 36 Boställsnämndens
718 353 115 34 beslut
857 353 12 34 i
892 353 100 44 fråga
1017 367 57 21 om
1099 367 50 30 ny
1173 356 203 42 prästgårds
1403 356 227 34 anordnande
1657 358 38 33 så
1721 358 65 33 ock

297 416 58 22 om
377 404 188 34 utförande
587 418 46 21 av
654 406 133 33 sådana
810 407 146 33 arbeten
980 407 191 34 berörande
1195 408 65 33 hus
1284 409 80 33 eller
1388 421 118 22 annan
1532 410 210 43 anläggning
1766 412 20 32 å

298 457 109 34 redan
428 457 191 44 förefintlig
639 459 199 42 prästgård,
859 459 99 34 vilka
978 459 122 35 kunna
1120 459 82 35 från
1223 460 289 36 kulturhistorisk
1534 462 81 34 eller
1637 463 145 34 estetisk

298 511 185 43 synpunkt
505 523 98 22 anses
626 524 88 21 vara
736 524 46 21 av
803 512 183 43 betydelse
1007 512 54 34 för
1082 513 249 43 prästgårdens
1354 519 97 38 yttre
1474 515 81 34 eller
1576 515 74 34 inre
1674 516 108 43 bygg-

298 564 270 42 nadskaraktär,
590 565 90 34 skall
701 565 54 35 för
777 571 55 29 att
854 566 110 34 vinna
986 567 178 34 bindande
1186 567 97 34 kraft
1305 568 233 34 underställas
1562 568 219 35 stiftsnämn-

299 619 85 33 dens
401 618 175 43 prövning
592 619 68 34 och
677 618 236 36 fastställelse.

342 671 198 44 Föreligger
561 672 55 34 för
640 672 328 35 boställsnämnden
990 673 99 44 fråga
1113 686 60 22 om
1196 674 189 35 utförande
1409 687 47 22 av
1480 678 109 31 större
1613 688 64 31 ny-
1702 676 82 34 eller

298 725 227 43 ombyggnad
552 726 20 34 å
599 726 229 34 löneboställe
856 727 68 33 och
951 739 113 31 yppas
1092 727 98 34 inom
1217 728 179 34 nämnden
1425 728 61 35 vid
1514 729 116 34 beslut
1660 730 122 34 därom

299 778 205 43 skiljaktiga
523 779 194 43 meningar,
738 779 86 35 skall
846 780 147 35 ärendet
1013 781 11 34 i
1044 781 112 34 sådan
1178 781 56 34 del
1254 781 212 43 hänskjutas
1486 782 54 34 till
1562 781 220 35 stiftsnämn-

299 831 67 34 den
386 831 57 35 för
463 832 173 44 prövning
656 833 67 34 och
744 834 213 42 avgörande.

341 885 19 34 I
373 884 102 44 fråga
488 898 58 22 om
561 886 128 35 sådant
704 888 21 33 å
739 888 187 42 prästgård
942 888 80 33 eller
1036 888 229 34 löneboställe
1280 888 209 43 förefintligt
1505 889 283 43 byggnadsverk,

299 951 74 21 som
399 951 47 21 av
472 939 201 43 Konungen
700 940 188 34 förklarats
917 953 86 21 vara
1030 946 54 29 att
1112 941 166 34 betrakta
1308 942 116 33 såsom
1452 942 335 43 byggnadsminnes-

297 992 133 40 märke,
450 992 87 34 skall
554 993 92 42 gälla
666 993 71 33 vad
756 993 121 33 därom
897 997 39 30 är
955 994 139 33 särskilt
1114 994 154 42 stadgat.

343 1188 132 34 Denna
490 1189 57 43 lag
561 1189 121 34 träder
697 1188 12 35 i
725 1188 96 35 kraft
837 1189 116 43 dagen
970 1188 88 35 efter
1075 1189 80 40 den,
1173 1189 46 34 då
1236 1190 112 42 lagen,
1366 1190 110 43 enligt
1494 1191 85 34 därå
1596 1190 187 35 meddelad

297 1241 154 43 uppgift,
467 1241 78 35 från
562 1242 142 43 trycket
722 1242 193 34 utkommit
932 1243 12 33 i
964 1243 134 34 Svensk
1116 1243 392 43 författningssamling.

340 1468 19 33 I
385 1468 174 34 samband
583 1468 83 34 med
692 1468 232 35 förevarande
949 1469 219 43 proposition
1195 1470 64 34 har
1286 1470 179 34 utskottet
1491 1471 53 33 till
1572 1471 215 43 behandling

295 1520 157 35 förehaft
472 1522 62 33 två
555 1521 11 34 i
588 1521 189 43 anledning
799 1534 45 21 av
867 1522 205 34 densamma
1095 1523 132 33 väckta
1249 1524 185 39 motioner,
1456 1524 175 43 nämligen
1654 1537 42 21 nr
1720 1529 65 30 202

296 1574 11 34 i
327 1573 113 35 första
460 1574 205 34 kammaren
687 1587 46 21 av
752 1575 78 33 herr
848 1575 92 34 Karl
960 1576 92 33 Emil
1072 1576 184 34 Johanson
1276 1589 47 20 m.
1344 1576 38 34 fl.
1406 1577 65 33 och
1492 1589 42 21 nr
1555 1581 65 30 260
1642 1578 11 33 i
1676 1578 110 33 andra

296 1627 208 34 kammaren
521 1640 43 21 av
580 1628 80 34 herr
676 1628 155 42 Staxäng
849 1641 48 21 m.
914 1628 38 34 fl.
980 1629 8 33 I
1004 1629 232 40 motionerna,
1255 1641 73 22 som
1347 1633 60 30 äro
1425 1630 237 43 likalydande,
1679 1630 107 43 yrkas

298 1681 122 43 avslag
435 1682 47 42 på
497 1682 263 42 propositionen
776 1682 11 33 i
804 1682 77 33 dess
900 1682 129 34 helhet.

341 1734 19 33 I
377 1734 102 43 fråga
497 1747 57 21 om
572 1735 41 33 de
633 1735 77 33 skäl
728 1747 74 21 som
820 1735 93 42 ligga
931 1735 54 33 till
1003 1735 113 42 grund
1135 1735 56 34 för
1209 1736 131 42 Kungl.
1360 1736 129 42 Maj:ts
1508 1736 129 43 förslag
1656 1737 55 34 får
1730 1742 56 29 ut-

298 1787 147 41 skottet,
461 1787 11 34 i
489 1788 65 33 den
570 1788 85 33 mån
672 1788 215 42 redogörelse
905 1787 118 34 därför
1039 1788 30 42 ej
1090 1788 137 34 lämnas
1245 1788 63 34 här
1325 1789 128 40 nedan,
1470 1789 148 34 hänvisa
1635 1790 54 34 till
1707 1802 78 31 pro-

295 1841 211 42 positionen.
524 1840 228 34 Beträffande
770 1841 277 34 motionärernas
1065 1841 213 43 motivering
1295 1841 167 35 hänvisas
1482 1842 52 34 till
1554 1843 232 34 motionerna.

341 1947 20 34 I
381 1951 90 31 1932
490 1948 55 34 års
562 1947 245 34 ecklesiastika
824 1947 299 43 boställsordning
1141 1948 144 43 stadgas
1304 1948 11 34 i
1334 1952 22 30 2
1376 1948 84 43 kap.
1479 1949 111 34 under
1608 1949 174 34 särskilda

298 2001 136 34 avsnitt
450 2013 59 22 om
524 2001 198 43 prästgård,
737 2013 60 22 om
813 2001 229 34 löneboställe
1058 2002 67 33 och
1142 2014 59 21 om
1219 2002 298 34 boställsnämnds
1534 2003 147 42 uppsikt
1697 2005 85 31 över

297 2054 420 44 boställsförvaltningen.
736 2054 232 34 Beträffande
987 2056 185 42 prästgård
1192 2054 193 35 återfinnas
1406 2056 148 33 sålunda
1573 2056 11 34 i
1605 2059 109 31 7—11
1741 2055 37 39 $$

298 2109 42 33 de
370 2108 180 34 allmänna
578 2108 312 34 bestämmelserna
920 2108 148 34 rörande
1097 2108 368 43 prästgårdsområdes
1495 2109 141 40 storlek,
1667 2112 114 40 präst-

297 2161 103 43 gårds
416 2161 230 44 förläggning,
664 2162 135 33 antalet
814 2162 80 43 laga
911 2162 67 34 hus
994 2162 21 34 å
1031 2162 188 43 prästgård
1236 2162 66 34 och
1318 2163 119 34 dessas
1455 2162 228 35 anordnande
1700 2163 79 33 med

296 2215 174 34 avseende
487 2216 21 33 å
522 2216 86 42 läge,
625 2216 195 42 inredning,
837 2216 348 42 byggnadsmaterial
1203 2229 47 20 m.
1268 2229 46 21 m.
1334 2221 93 29 samt
1446 2216 11 34 i
1477 2220 131 30 13—16
1631 2217 38 38 $$
1690 2217 93 33 stad-

297 2268 163 43 gandena
478 2281 58 22 om
554 2273 217 38 pastoratets
790 2269 65 34 och
875 2269 12 34 i
909 2272 132 31 17—20
1065 2269 38 39 $$
1125 2281 60 22 om
1204 2269 462 43 prästgårdsinnehavarens
1687 2269 92 43 skyl-

297 2321 160 43 digheter
478 2322 11 34 i
511 2321 98 44 fråga
630 2334 61 22 om
712 2322 244 43 prästgården.
979 2322 78 35 Vad
1079 2322 143 35 särskilt
1245 2322 105 43 gäller
1373 2323 204 43 prästgårds
1600 2323 80 42 laga
1702 2323 78 39 hus,

296 2375 97 34 vilka
415 2395 49 6 —
486 2375 140 43 jämlikt
653 2379 42 31 13
724 2375 15 39 $
765 2396 46 5 —
834 2375 166 43 samtliga
1024 2375 98 34 skola
1147 2375 224 34 underhållas
1397 2376 67 33 och
1488 2376 61 34 vid
1575 2375 116 34 behov
1717 2388 62 30 ny-

298 2428 134 43 byggas
451 2440 46 22 av
513 2433 211 38 pastoratet,
742 2428 142 43 stadgas
903 2429 12 33 i
935 2432 42 30 12
999 2428 29 40 $,
1046 2433 55 29 att
1120 2429 62 33 vid
1200 2429 286 34 bestämmandet
1505 2441 45 21 av
1569 2429 142 39 storlek,
1730 2429 51 33 in-

296 2482 148 42 redning
463 2482 65 34 och
546 2482 100 43 övrig
664 2481 247 35 beskaffenhet
933 2494 46 21 av
999 2482 114 42 dylikt
1132 2482 68 34 hus
1221 2482 87 34 skall
1328 2482 191 43 iakttagas,
1540 2482 20 33 å
1580 2493 67 22 ena
1669 2481 111 40 sidan,
