1872 2784
284 168 18 29 6
559 169 407 39 Bevillningsutskottets
990 170 219 31 betänkande
1231 181 42 20 nr
1294 172 45 30 36!
1360 173 39 30 år
1423 173 84 29 1959

335 253 114 30 Under
471 253 218 39 åberopande
710 263 40 20 av
770 254 66 29 vad
858 254 148 30 sålunda
1029 255 136 30 anförts
1187 255 53 30 får
1263 256 171 30 utskottet
1455 257 194 35 hemställa,

639 306 50 28 att
714 304 200 40 riksdagen,
939 305 81 30 med
1049 305 100 30 bifall
1176 306 54 30 till
1255 307 127 39 Kungl.
1412 308 122 38 Maj:ts
1563 308 229 30 förevarande

594 354 218 39 proposition
834 364 43 21 nr
896 355 41 30 86
958 356 64 29 och
1043 356 80 29 med
1143 357 120 39 avslag
1283 357 20 29 å
1323 357 180 30 motionen
1524 359 27 28 1:
1568 358 63 30 424
1653 368 41 20 av
1716 359 77 30 her-

595 414 58 20 rar
672 405 171 29 Mattsson
860 406 68 29 och
946 406 73 30 Nils
1039 406 161 30 Theodor
1219 408 161 34 Larsson,
1401 408 108 29 måtte
1529 411 126 37 antaga
1674 409 41 30 de
1735 410 56 29 vid

594 455 265 39 propositionen
877 456 124 39 fogade
1020 456 177 40 förslagen
1216 457 51 29 till

639 506 33 33 1)
703 505 207 41 förordning
929 516 55 20 om
1004 507 134 30 ändrad
1158 507 130 40 lydelse
1307 517 42 21 av
1369 508 39 29 12
1430 508 15 36 8
1466 508 19 29 4
1503 518 105 20 mom.
1628 509 64 29 och
1712 510 40 30 86
1774 510 15 36 8

594 558 14 29 1
632 566 104 20 mom.
758 556 681 42 rusdrycksförsäljningsförordningen
1461 559 66 29 den
1550 559 40 30 26
1611 560 70 40 maj
1709 560 82 30 1954

600 608 58 33 (nr
676 607 99 36 521);

639 657 36 31 2)
706 657 207 40 förordning
931 668 54 20 om
1003 658 135 30 ändrad
1155 659 129 39 lydelse
1302 669 41 19 av
1363 659 39 29 10
1422 660 15 36 8
1457 660 250 39 förordningen
1724 661 65 29 den

595 710 13 28 1
635 708 66 38 juli
728 708 83 30 1918
842 708 61 33 (nr
927 708 78 35 508)
1036 708 179 40 angående
1240 709 127 30 handel
1393 710 79 29 med
1500 710 160 30 skattefri
1686 711 102 39 sprit;

593 761 90 27 samt

638 809 35 33 3)
704 809 207 39 förordning
938 819 56 19 om
1021 809 150 39 ändring
1197 810 11 28 i
1233 811 173 29 tulltaxan
1434 811 66 29 den
1530 812 38 29 12
1596 812 196 38 september

596 859 82 30 1958
704 860 58 28 (nr
781 859 97 30 475).

331 960 202 30 Stockholm
552 961 66 28 den
641 962 37 28 16
695 961 89 39 april
808 961 83 30 1959

721 1061 48 30 På
784 1061 401 40 bevillningsutskottets
1201 1063 145 38 vägnar:

858 1146 117 29 JOHN
995 1146 212 31 ERICSSON

912 1408 241 29 Närvarande:

330 1462 81 30 från
443 1463 165 30 första
640 1464 221 30 kammaren:
886 1465 121 29 herrar
1030 1465 181 34 Eriksson,
1235 1467 144 38 Snygg",
1403 1467 110 38 Spetz,
1534 1467 163 33 Jansson,
1721 1466 67 29 frö-

283 1506 66 29 ken
368 1506 211 36 Ranmark",
598 1507 121 29 herrar
737 1507 213 39 Söderquist,
969 1508 109 29 Oscar
1094 1508 173 34 Carlsson,
1286 1509 187 39 Bengtson,
1492 1509 116 38 Yngve
1625 1509 160 29 Nilsson”

283 1548 61 28 och
367 1548 208 35 Mattsson";
598 1551 90 26 samt

327 1606 79 29 från
471 1606 118 29 andra
617 1607 222 30 kammaren:
861 1607 122 30 herrar
1002 1607 164 30 Ericsson
1186 1608 10 28 i
1216 1608 125 33 Kinna,
1363 1608 242 34 Sundström”,
1626 1609 131 29 Brandt
1778 1609 10 28 i

283 1648 197 39 Aspabruk,
514 1648 171 39 Kollberg,
718 1649 130 33 Allard,
879 1649 223 35 Kärrlander,
1135 1650 213 38 Magnusson
1381 1650 10 28 i
1422 1649 141 34 Borås",
1594 1651 152 28 Larsson
1778 1651 8 28 i

283 1690 156 33 Luttra”,
456 1690 139 29 Darlin”
615 1691 65 28 och
698 1690 175 39 Stenberg.

330 1748 9 9 "
364 1747 63 24 Icke
446 1748 130 24 närvarit
594 1748 48 24 vid
660 1748 145 30 justering
824 1756 36 16 av
878 1748 205 25 betänkandet.

513 2483 94 22 590601
647 2480 167 24 Stockholm
827 2480 75 28 1959,
916 2481 79 24 Isaac
1006 2482 113 23 Marcus
1131 2482 188 31 Boktryckeri
1331 2482 171 31 Aktiebolag
