1916 2817
458 139 124 28 Försla
602 138 244 38 lagutskottets
867 136 178 29 utlåtande
1064 144 43 19 nr
1126 136 41 28 34
1186 135 39 29 år
1246 135 82 28 1968
1620 135 20 28 9

155 219 130 29 befrias
307 218 80 30 från
409 216 310 40 försäkringsplikt
741 216 122 30 endast
885 215 111 30 under
1018 214 253 40 förutsättning
1293 214 50 29 att
1365 213 174 40 garantier
1562 212 77 30 ska-

155 282 63 31 pas
234 273 55 29 för
307 274 50 28 att
374 272 41 30 de
433 271 248 30 skadelidande
697 271 71 29 kan
784 270 37 30 få
838 270 76 29 sina
931 269 154 40 anspråk
1101 268 151 41 prövade
1268 268 58 30 vid
1344 268 127 30 svensk
1488 267 150 29 domstol

156 327 65 29 och
245 328 50 28 att
320 326 149 30 svenska
493 326 121 29 domar
637 326 12 29 i
672 324 70 30 mål
766 333 56 21 om
847 323 212 31 skadestånd
1085 323 151 30 erkänns
1262 332 41 20 av
1327 322 66 29 den
1417 320 222 31 främmande

154 382 123 28 staten.

199 435 13 29 I
233 434 111 40 övrigt
365 434 125 29 kräver
512 435 47 28 ett
580 433 153 29 tillträde
754 433 52 29 till
828 432 259 29 konventionen
1109 432 71 29 inte
1203 430 108 39 några
1334 429 187 39 ändringar
1545 429 12 29 i
1579 428 19 29 4
1624 427 16 37 8

155 489 96 29 TFL.
278 489 64 29 Det
367 488 118 30 kunde
510 487 225 40 ifrågasättas
762 488 50 28 alt
837 488 11 29 i
875 486 94 30 detta
995 485 255 39 sammanhang
1275 483 157 41 utnyttja
1458 483 67 30 den
1550 482 89 37 möj-

156 543 107 40 lighet
293 552 74 20 som
396 541 259 31 konventionen
685 549 57 31 ger
772 541 40 29 de
841 540 160 30 enskilda
1029 538 391 31 konventionsstaterna
1450 539 50 28 att
1527 536 113 30 befria

157 598 249 38 mellanstatlig
429 596 237 39 organisation
689 595 80 30 från
792 594 310 39 försäkringsplikt
1131 593 80 34 (art.
1246 593 8 29 2
1278 601 104 20 mom.
1406 591 51 34 2).
1482 591 158 29 Konven-

157 651 342 30 tinsbestämmelsen
522 650 97 29 torde
642 650 46 29 ha
711 648 203 30 tillkommit
937 648 126 29 främst
1086 647 55 30 för
1165 648 50 28 att
1239 647 83 38 göra
1344 646 57 29 det
1424 645 138 39 möjligt
1585 644 55 30 för

157 705 305 30 konventionsstat
483 706 50 28 att
553 704 155 29 tillträda
730 703 124 30 sådant
874 703 92 29 avtal
987 711 56 20 om
1062 701 202 30 immunitet
1284 700 65 30 och
1368 698 197 41 privilegier
1585 699 55 29 för

158 760 250 38 mellanstatlig
429 758 237 40 organisation
688 767 74 20 som
783 757 211 29 föreskriver
1013 756 161 29 befrielse
1195 755 81 29 från
1296 753 345 39 trafikförsäkrings-

158 814 100 39 plikt.
279 814 67 29 För
367 813 154 39 Sveriges
542 812 54 29 del
614 812 71 29 kan
706 821 42 20 en
767 811 170 39 reglering
957 820 42 20 av
1018 810 66 29 den
1104 809 124 39 frågan
1249 809 60 29 ske
1329 808 106 39 enligt
1455 808 100 38 lagen
1575 807 66 29 den

162 868 39 29 16
229 867 180 30 december
438 866 83 30 1966
554 866 58 34 (nr
639 865 80 34 664)
750 865 80 30 med
856 865 94 29 vissa
975 864 262 30 bestämmelser
1265 872 57 20 om
1348 861 202 31 immunitet
1577 861 64 29 och

157 921 206 40 privilegier,
389 921 65 29 och
479 920 114 40 någon
619 920 151 30 särskild
794 919 244 30 bestämmelse
1061 919 13 29 i
1098 918 85 29 TFL
1208 917 129 29 behövs
1362 917 72 29 inte
1460 916 54 29 för
1541 915 101 29 dessa

156 976 73 29 fall.
251 976 110 39 Något
384 975 176 39 prakliskt
584 974 111 30 behov
719 983 41 20 av
784 975 50 28 att
858 975 98 27 utom
980 982 121 20 ramen
1126 971 55 30 för
1206 971 68 30 den
1299 970 173 30 särskilda
1495 969 149 39 lagstift-

156 1030 129 39 ningen
308 1039 57 20 om
387 1029 201 30 immunitet
611 1028 65 30 och
698 1027 195 40 privilegier
916 1027 122 29 kunna
1060 1026 112 30 befria
1196 1024 249 39 mellanstatlig
1469 1023 175 40 organisa-

160 1084 74 29 tion
249 1083 81 30 från
346 1083 310 39 försäkringsplikt
671 1082 98 29 torde
784 1082 72 29 inte
872 1081 176 39 föreligga,
1065 1080 91 29 helst
1173 1088 74 20 som
1265 1079 56 29 det
1336 1080 11 28 i
1364 1078 65 39 dag
1445 1077 98 30 torde
1558 1086 83 20 vara

157 1139 71 29 fast
247 1138 116 39 praxis
384 1139 49 28 att
454 1137 108 29 sådan
582 1136 237 39 organisation
838 1135 71 30 inte
928 1134 158 40 påkallar
1108 1134 114 29 denna
1242 1132 150 30 förmån.

201 1192 118 39 Enligt
344 1191 82 30 1939
452 1191 55 30 års
532 1191 55 39 lag
611 1190 79 30 med
713 1190 93 29 vissa
829 1189 263 30 bestämmelser
1116 1187 149 30 rörande
1288 1185 312 39 trafikförsäkring
1626 1183 19 30 å

158 1246 252 34 motorfordon,
439 1254 75 21 som
541 1245 133 39 nyttjas
703 1253 42 21 av
772 1245 122 33 staten,
923 1252 45 20 m.
983 1252 45 20 m.
1057 1242 38 29 är
1124 1242 101 39 ägare
1254 1241 81 29 eller
1363 1240 212 29 innehavare
1604 1247 41 21 av

159 1299 242 31 motorfordon
417 1299 137 30 befriad
572 1298 81 30 från
672 1297 309 40 försäkringsplikt
1002 1296 105 39 enligt
1138 1296 6 29 1
1169 1295 15 37 $
1206 1295 84 29 TFL
1311 1294 111 30 under
1441 1293 52 29 tid
1513 1292 44 30 då
1576 1292 70 30 for-

159 1355 105 29 donet
287 1355 38 28 är
348 1356 92 37 taget
464 1354 12 29 i
500 1353 154 39 anspråk
678 1352 79 30 med
781 1351 255 40 nyttjanderätt
1061 1351 11 29 i
1098 1350 151 39 enlighet
1274 1348 79 30 med
1378 1347 268 30 föreskrifterna

160 1410 11 29 i
192 1409 70 29 viss
284 1408 89 30 kris-
394 1408 65 29 och
479 1405 435 41 beredskapslagstiftning
937 1414 74 21 som
1034 1412 104 31 anges
1160 1404 161 29 närmare
1342 1403 11 29 i
1375 1403 110 38 lagen.
1509 1401 134 30 Saknas

161 1462 313 39 trafikförsäkring
496 1462 11 29 i
531 1461 125 30 sådant
678 1461 62 29 fall
763 1460 64 29 och
848 1459 167 30 inträffar
1036 1459 12 29 i
1072 1458 90 36 följd
1185 1467 41 20 av
1248 1457 109 29 trafik
1379 1456 80 29 med
1482 1455 161 30 fordonet

163 1517 119 34 skada,
308 1517 55 29 för
386 1516 117 29 vilken
528 1517 114 28 staten
665 1514 71 29 inte
762 1514 37 29 är
825 1513 160 39 ansvarig
1010 1512 106 39 enligt
1140 1513 64 38 lag,
1231 1512 38 28 är
1294 1512 112 28 staten
1433 1509 136 40 skyldig
1594 1510 50 28 att

162 1571 53 29 till
239 1571 66 29 den
329 1569 248 31 skadelidande
600 1571 80 37 utge
702 1568 67 30 vad
792 1568 111 29 denne
926 1568 57 38 ägt
1006 1566 37 30 få
1065 1568 39 28 ut
1127 1575 42 20 av
1191 1564 371 39 försäkringsgivaren,
1587 1571 57 21 om

163 1624 294 39 trafikföräkring
481 1623 89 29 hade
593 1622 148 30 funnits.
766 1622 75 29 Den
865 1622 70 29 rätt
960 1622 63 28 art.
1060 1620 8 30 2
1093 1629 105 20 mom.
1224 1619 18 29 2
1267 1620 11 29 i
1303 1617 259 30 konventionen
1588 1624 56 31 ger

163 1678 305 30 konventionsstat
492 1679 50 27 att
565 1676 81 30 från
670 1675 226 40 obligatorisk
920 1674 201 39 försäkring
1144 1673 158 29 undanta
1326 1671 241 30 motorfordon
1591 1673 54 26 tar

165 1733 155 29 formellt
350 1732 89 29 sikte
468 1732 84 28 bara
581 1730 45 40 på
655 1730 126 29 fordon
813 1738 73 21 som
918 1730 113 28 staten
1062 1728 81 30 eller
1174 1727 77 29 dess
1282 1725 243 40 myndigheter
1555 1725 90 38 äger.

164 1786 177 29 Eftersom
362 1784 192 31 emellertid
575 1785 40 29 de
637 1783 248 30 skadelidande
904 1783 11 29 i
936 1782 63 29 fall
1020 1790 74 21 som
1116 1790 98 20 avses
1234 1781 11 29 i
1268 1779 82 30 1939
1372 1779 56 30 års
1449 1780 54 38 lag
1523 1778 123 30 bereds

165 1841 49 28 ett
234 1840 72 29 lika
327 1841 72 37 gott
420 1838 221 30 ekonomiskt
664 1837 112 39 skydd
798 1846 74 20 som
893 1837 63 28 när
978 1834 312 39 trafikförsäkring
1311 1833 96 30 finns
1429 1833 81 29 eller
1533 1833 113 28 staten

166 1895 80 38 äger
265 1894 171 33 fordonet,
457 1892 97 30 torde
575 1892 56 29 det
650 1892 11 29 i
681 1892 100 38 lagen
800 1890 184 39 medgivna
1003 1889 216 38 undantaget
1238 1887 80 30 från
1337 1885 310 40 försäkringsplik-

165 1949 59 28 ten
245 1947 53 30 stå
317 1947 10 30 i
349 1946 108 30 sådan
478 1945 345 31 överensstämmelse
843 1944 80 29 med
943 1943 199 40 grunderna
1161 1942 55 30 för
1236 1940 259 31 konventionen
1515 1941 50 28 att
1584 1948 63 20 un-

166 2001 163 39 dantaget
344 2001 71 29 kan
428 2000 166 30 behållas.

208 2056 191 39 Begreppet
416 2053 243 31 motorfordon
662 2043 18 56 i
704 2054 63 28 art.
789 2053 13 29 1
823 2053 11 29 i
851 2050 450 41 tilläggsbestämmelserna
1320 2057 101 31 synes
1441 2047 149 30 omfatta
1609 2056 41 20 en

164 2110 103 37 något
281 2109 117 30 vidare
412 2109 94 29 krets
521 2117 41 21 av
577 2108 127 30 fordon
717 2107 44 29 än
775 2106 242 30 motsvarande
1033 2106 138 36 uttryck
1185 2104 11 29 i
1211 2104 93 29 TFL.
1320 2102 114 38 Enligt
1448 2100 202 31 konventio-

165 2173 68 20 nen
250 2163 98 30 torde
368 2162 147 30 sålunda
531 2162 52 30 till
602 2160 242 31 motorfordon
863 2160 166 29 hänföras
1050 2159 133 29 traktor
1206 2166 74 21 som
1300 2156 29 37 ej
1353 2157 38 28 är
1412 2155 141 30 försedd
1573 2154 79 30 med

165 2217 218 38 gummihjul,
397 2217 93 29 vissa
503 2215 264 37 motorredskap
783 2214 64 30 och
860 2214 165 36 möjligen
1042 2212 104 30 också
1160 2211 225 30 motordrivet
1401 2210 126 30 fordon
1543 2210 109 29 avsett

166 2273 48 28 att
231 2271 95 30 föras
344 2280 42 21 av
404 2270 138 38 gående.
559 2269 225 38 Begagnande
803 2277 41 21 av
864 2267 121 30 sådant
1003 2267 126 29 fordon
1147 2266 97 29 torde
1263 2264 189 30 emellertid
1471 2262 181 39 regelmäs-

167 2325 66 40 sigt
254 2324 159 31 medföra
434 2324 87 29 bara
541 2323 98 39 ringa
662 2323 82 29 eller
765 2323 104 38 ingen
892 2322 86 30 fara,
1001 2320 186 39 Undantag
1210 2319 80 29 från
1313 2319 121 29 kravet
1457 2317 45 40 på
1526 2316 127 39 obliga-

166 2379 112 29 torisk
293 2378 201 39 försäkring
509 2377 98 30 torde
624 2377 119 29 därför
759 2376 122 29 kunna
898 2376 99 38 göras
1014 2374 80 30 med
1110 2374 77 29 stöd
1204 2383 42 20 av
1262 2374 63 28 art.
1356 2372 5 30 2
1380 2380 105 21 mom.
1506 2371 15 29 1
1540 2371 11 29 i
1568 2371 85 28 kon-

168 2433 198 30 ventionen.
384 2431 119 40 Någon
521 2431 206 39 utvidgning
745 2439 40 21 av
802 2430 121 29 TFL:s
941 2426 385 42 tillämpningsområde
1342 2428 11 29 i
1372 2426 94 30 detta
1483 2426 169 29 hänseen-

170 2487 41 29 de
227 2487 38 29 är
280 2486 133 30 således
427 2486 72 29 inte
512 2484 175 41 påkallad.
