1906 2824
521 163 294 36 Statsutskottets
838 162 187 35 utlåtande
1051 162 53 34 Nr
1130 163 76 32 125:
1565 162 40 30 13

161 245 204 42 Riksdagen
379 244 66 34 har
458 244 11 34 i
484 249 110 29 annat
607 242 257 43 sammanhang
877 242 54 35 till
945 242 196 42 kristillägg
1154 241 55 34 för
1222 241 212 42 budgetåret
1450 239 156 44 1941/42

116 299 150 42 beviljat
289 303 54 29 ett
365 297 273 43 förslagsanslag
660 309 48 21 av
733 299 181 37 7,400,000
938 296 141 33 kronor.
1104 294 204 43 Utgifterna
1332 293 57 34 för
1412 293 196 43 kristillägg

113 353 54 33 till
190 352 166 34 docenter
377 351 63 34 vid
461 351 254 34 universiteten
737 349 65 35 och
823 348 204 35 karolinska
1048 348 192 40 institutet,
1262 347 53 34 till
1337 346 269 43 forskarstipen-

114 406 115 34 diater
248 410 93 30 samt
361 405 54 34 till
436 416 232 23 amanuenser
688 403 61 34 vid
768 402 445 35 universitetsbiblioteken
1232 400 101 35 torde
1354 400 77 34 icke
1451 400 12 34 i
1482 402 124 31 nämn-

114 459 91 35 värd
220 459 84 35 mån
318 459 148 34 komma
483 462 56 30 att
554 457 157 44 påverka
727 456 244 43 belastningen
988 456 21 34 å
1026 455 101 35 detta
1145 455 131 43 anslag,
1293 453 121 35 varför
1429 453 179 34 utskottet

114 513 105 43 utgår
236 512 92 35 ifrån
347 516 56 30 att
422 511 109 44 sagda
548 510 193 35 kostnader
758 510 146 34 komma
923 514 55 30 att
998 521 157 31 rymmas
1174 508 95 34 inom
1289 507 68 34 den
1375 507 55 34 för
1449 506 159 43 anslaget

115 566 155 43 angivna
289 578 133 22 ramen.

162 646 60 35 Då
237 646 133 43 Kungl.
387 645 129 43 Maj:ts
533 644 232 36 förevarande
781 643 131 43 förslag
929 644 11 33 i
958 643 116 43 övrigt
1092 642 76 34 icke
1186 641 89 44 givit
1291 641 179 34 utskottet
1488 640 119 34 anled-

116 700 86 43 ning
216 699 54 35 till
287 699 138 34 erinran
442 699 82 34 eller
539 698 187 35 uttalande
741 697 56 34 får
813 697 179 34 utskottet
1008 696 199 39 hemställa,

482 752 30 34 I.
529 757 55 29 att
600 751 186 43 riksdagen
801 751 71 39 må,
888 750 11 34 i
917 750 189 42 anledning
1122 761 46 22 av
1183 748 132 43 Kungl.
1333 747 129 43 Maj:ts
1477 746 131 44 förslag

437 806 66 34 och
515 806 222 34 motionerna
750 805 29 33 I:
794 808 43 30 87
850 804 68 34 och
932 804 49 33 II:
996 807 41 30 81
1054 807 94 30 samt
1161 802 30 34 I:
1205 805 43 31 89
1262 801 66 35 och
1341 801 51 35 II:
1408 804 77 37 121,
1499 805 108 30 samt-

436 859 71 43 liga
522 859 186 40 motioner,
726 857 110 35 såvitt
853 869 49 22 nu
922 860 39 31 är
978 857 11 34 i
1007 856 111 43 fråga,

486 913 35 42 a)
548 912 150 39 besluta,
723 916 58 29 att
807 910 304 43 avlöningsstaten
1136 909 56 35 för
1217 909 160 43 Uppsala
1403 907 209 35 universitet

440 966 99 40 skall,
555 966 81 33 med
653 964 225 43 tillämpning
894 964 73 34 tills
983 963 122 34 vidare
1121 962 80 35 från
1218 962 65 34 och
1300 962 82 34 med
1399 961 211 43 budgetåret

442 1022 85 32 1941
533 1018 77 45 /42,
627 1018 132 35 erhålla
777 1017 136 35 ändrad
931 1017 131 43 lydelse
1079 1017 47 42 på
1145 1019 73 31 sätt
1235 1015 116 34 nedan
1369 1015 155 43 angives:

831 1089 381 42 Avlöningsstat.

945 1158 162 44 Utgifter:

640 1230 24 28 I.
701 1229 264 29 Professorer
1000 1228 72 28 och
1107 1228 137 28 lärare
1276 1236 46 19 m.
1357 1227 46 28 fl.

440 1291 28 31 1.
507 1289 212 41 Avlöningar
741 1288 51 32 till
815 1287 170 33 ordinarie
1009 1287 223 40 tjänstemän:

502 1354 28 22 a.
556 1343 72 32 Lön
642 1342 64 32 och
718 1342 116 41 tjänst-

555 1397 220 41 göringspen-

555 1450 125 41 ningar
693 1450 125 31 kronor
825 1449 145 38 859,600

556 1504 99 41 Avgå
667 1513 78 31 pen-

557 1557 149 32 SlONsav-

556 1610 85 42 drag
741 1621 12 15 >
848 1609 122 37 —-52,500
998 1618 126 31 kronor
1148 1617 142 38 807,100

900 1697 247 32 Avlöningsstater.

1297 1776 110 33 Tjänst-

1153 1814 61 24 Lön
1289 1813 124 32 görings-
1437 1808 16 42 |
1464 1812 118 26 Summa

1272 1849 161 31 penningar

549 1940 33 25 A.
611 1939 296 31 Avlöningsstat
935 1939 58 24 för

584 1984 243 32 professorer
855 1991 42 17 m.
918 1983 41 25 fl.

607 2045 157 33 Teologiska
777 2044 168 34 fakulteten.

475 2091 12 25 1
509 2091 145 32 professOr
676 2111 58 4 =«:
757 2110 57 4 avs
837 2085 31 42 sie
891 2110 31 4 ss
945 2110 30 4 fs
998 2109 31 5 RR
1052 2109 30 5 HG
1158 2089 79 32 8,000
1326 2088 80 32 4,000
1478 2087 97 32 12,000

473 2145 16 25 5:
509 2145 179 32 ProfössOröks
726 2164 8 4 «
756 2164 4 4 =
802 2164 11 4 os
837 2164 58 4 ams
918 2138 31 43 mov
972 2164 30 4 am
1017 2138 13 43 or
1140 2143 98 31 40,000
1308 2142 99 31 20,000
1479 2141 97 32 60,000

474 2198 14 25 1
509 2199 155 31 professor,
683 2197 193 25 Kalsenianus
919 2217 164 4 .......
1158 2196 79 31 8,000
1326 2194 81 32 4,000
1479 2194 96 31 12,000

474 2244 93 24 Anm.:

552 2358 30 23 B.
613 2356 300 32 Avlöningsstat
941 2356 58 25 för

587 2401 375 25 exercitiemästare.

841 2508 117 25 Summa
977 2507 106 25 kronor
1169 2520 32 3 —
1338 2519 32 4 —
1462 2505 114 32 859,600
