1886 2808
255 168 121 30 Första
396 168 206 29 kammarens
624 176 19 20 a
655 166 116 30 ndra
792 165 169 38 tillfälliga
984 165 143 30 utskotts
1149 163 173 31 utlåtande
1344 172 41 20 nr
1407 165 49 27 11.
1584 161 18 30 3

112 257 183 39 obetydligt
316 257 92 30 antal
426 256 252 38 uppskovsrum.
700 255 50 30 Då
771 254 317 38 uppskovsvolymen
1110 252 73 31 med
1202 252 130 37 hänsyn
1352 251 52 30 till
1424 249 179 39 krigsmak-

113 315 72 27 tens
203 310 257 39 personalbehov
478 309 56 31 vid
554 312 47 27 ett
620 308 74 38 krig
711 309 102 30 måste
831 308 35 30 så
884 307 129 38 mycket
1032 317 68 20 som
1119 305 130 38 möjligt
1267 305 187 38 begränsas,
1472 303 62 31 har
1554 313 49 21 ar-

113 363 503 32 betsmarknadskommissionen
638 362 117 31 därför
779 361 120 31 hittills
922 360 69 31 icke
1016 363 109 28 ansett
1148 359 51 39 sig
1221 359 115 31 kunna
1357 358 125 38 bevilja
1504 356 100 32 mobi-

114 417 303 39 liseringsuppskov
442 416 53 31 till
520 415 228 39 värnpliktiga
773 414 201 32 ordförande
1001 414 11 30 i
1038 412 308 38 kristidsnämnder,
1373 412 89 30 vilka
1488 411 116 30 liksom

113 471 115 39 övriga
250 470 226 39 värnpliktiga
499 469 329 38 befattningshavare
853 468 87 31 inom
964 466 382 32 krisadministrationen
1369 465 159 31 hänföras
1549 463 56 32 till

115 525 278 39 uppskovsgrupp
420 525 44 30 II.
493 524 52 31 Då
571 523 55 31 det
653 522 82 39 gällt
759 522 216 38 krisorganen
1001 522 43 30 ha
1070 519 391 39 mobiliseringsuppskov
1489 518 116 32 endast

114 578 175 38 medgivits
313 579 54 30 för
388 577 125 32 sådana
533 576 134 32 särskilt
689 575 235 32 kvalificerade
946 574 229 39 värnpliktiga
1196 573 329 38 befattningshavare
1548 571 57 31 vid

115 633 85 30 läns-
222 632 60 31 och
304 631 145 32 centrala
472 640 114 29 organ,
610 630 54 31 för
686 630 88 30 vilka
797 630 159 30 ersättare
978 628 71 31 icke
1072 632 124 27 ansetts
1217 628 114 31 kunna
1354 626 172 31 anskaffas
1548 625 57 30 vid

117 685 231 38 mobilisering.

156 737 94 33 Även
273 749 52 20 om
350 749 41 21 en
413 738 54 31 hel
492 738 54 31 del
570 737 202 32 ordförande
797 737 12 29 i
833 735 344 32 kristidsnämnderna
1202 735 57 31 äro
1284 732 325 39 icke-värnpliktiga,

116 794 38 30 är
177 793 125 31 antalet
324 792 162 31 nämnder
509 792 36 30 så
567 794 94 33 stort,
685 790 151 38 omkring
860 790 101 37 1.800,
986 793 50 27 att
1060 788 205 39 beviljandet
1290 798 41 21 av
1354 786 252 38 mobiliserings-

115 847 151 38 uppskov
288 846 53 31 till
362 846 40 30 de
422 844 227 39 värnpliktiga
673 843 245 32 ordförandena
938 842 106 32 skulle
1066 842 123 38 betyda
1211 852 41 21 en
1273 841 71 32 icke
1365 841 96 38 ringa
1484 839 123 39 ökning

116 910 42 21 av
175 899 330 40 uppskovsvolymen.

156 952 553 33 Arbetsmarknadskommissionen
749 961 95 21 anser
884 950 182 31 emellertid
1105 954 50 26 att
1192 948 228 39 värnpliktiga
1458 947 149 32 kristids-

118 1006 344 32 nämndsordförande
487 1005 74 32 med
584 1005 131 38 hänsyn
739 1005 52 30 till
815 1004 207 38 uppdragets
1047 1008 53 27 art
1124 1003 12 30 i
1160 1003 87 30 vissa
1272 1002 62 31 fall
1358 1002 100 31 borde
1482 1001 126 31 erhålla

116 1060 401 38 mobiliseringsuppskov.
532 1059 103 31 Detta
649 1058 101 31 borde
766 1058 112 30 kunna
894 1057 214 38 möjliggöras
1123 1060 83 28 utan
1222 1060 49 28 att
1287 1055 320 39 uppskovsvolymen

117 1114 124 37 utökas,
264 1124 52 21 om
338 1113 247 32 ordförandena
608 1112 12 30 i
642 1111 311 38 stadsfullmäktige,
976 1110 340 38 kommunalstämma,
1340 1108 267 32 kommunalfull-

115 1167 153 39 mäktige,
294 1166 322 39 municipalstämma
641 1165 59 32 och
725 1163 393 40 municipalfullmäktige
1142 1163 181 31 hänfördes
1348 1163 53 31 till
1426 1162 181 39 uppskovs-

117 1232 110 28 grupp
248 1221 36 30 II
304 1221 60 31 och
383 1219 253 32 kommissionen
655 1218 190 39 därigenom
866 1218 92 38 finge
978 1218 198 38 befogenhet
1196 1217 132 38 jämlikt
1349 1218 19 30 7
1390 1216 17 40 $
1428 1216 180 39 uppskovs-

117 1275 221 38 kungörelsen
366 1277 48 28 att
443 1274 11 30 i
481 1273 97 38 varje
604 1272 134 32 särskilt
767 1272 61 31 fall
855 1273 104 37 pröva
986 1271 252 38 behövligheten
1265 1281 42 20 av
1335 1270 191 39 uppskoven
1555 1269 54 31 för

117 1328 144 31 nämnda
289 1327 211 32 ordförande.
541 1325 263 32 Kommissionen
833 1327 38 29 är
898 1324 167 40 nämligen
1094 1335 40 21 av
1163 1325 63 31 den
1255 1323 274 40 uppfattningen,
1559 1326 49 28 att

116 1381 227 39 värnpliktiga
367 1380 203 32 ordförande
594 1380 11 30 i
629 1378 311 39 stadsfullmäktige,
964 1378 330 31 kommunalstämma
1318 1381 59 28 etc.
1402 1377 53 31 till
1479 1377 129 38 mycket

117 1440 69 27 stor
208 1436 53 30 del
282 1435 101 31 borde
405 1438 84 27 utan
511 1433 117 31 alltför
650 1437 90 27 stora
761 1432 209 38 olägenheter
993 1432 60 31 och
1075 1431 205 38 svårigheter
1303 1431 58 31 vid
1384 1430 225 39 mobilisering

116 1488 114 32 kunna
251 1489 140 30 ersättas
413 1487 74 32 med
508 1486 311 38 icke-värnpliktiga
840 1485 60 32 och
922 1488 50 28 att
994 1485 119 31 därför
1135 1484 125 32 antalet
1283 1484 325 38 mobiliseringsupp-

117 1543 79 30 skov
213 1542 54 31 för
283 1542 94 31 dessa
394 1540 202 32 ordförande
613 1540 101 31 borde
731 1540 151 31 avsevärt
898 1538 114 32 kunna
1028 1538 210 39 nedbringas.

159 1596 119 31 Därest
318 1595 124 31 antalet
479 1593 153 39 uppskov
670 1593 53 31 för
750 1592 247 32 ordförandena
1026 1592 11 30 i
1065 1591 312 39 stadsfullmäktige,
1407 1590 201 32 kommunal-

117 1650 139 30 stämma
273 1652 60 28 etc.
353 1648 143 31 minskas
514 1648 44 38 på
576 1648 68 30 sätt
661 1657 85 21 ovan
764 1649 137 35 antytts,
921 1645 105 32 skulle
1045 1645 140 32 sålunda
1204 1645 90 31 inom
1311 1644 194 32 nuvarande
1523 1654 85 29 upp-

117 1702 206 38 skovsvolym
350 1699 392 40 mobiliseringsuppskov
769 1700 87 30 inom
883 1699 280 39 uppskovsgrupp
1191 1699 35 30 II
1254 1699 114 31 kunna
1393 1698 141 39 beviljas
1560 1698 49 31 så-

117 1755 87 31 dana
221 1755 228 38 värnpliktiga
466 1754 203 32 ordförande
688 1754 11 30 i
716 1752 309 38 kristidsnämnder,
1047 1753 54 30 för
1120 1752 89 31 vilka
1227 1753 161 31 ersättare
1406 1752 70 31 icke
1494 1752 115 30 kunna

118 1809 141 31 erhållas
273 1808 58 31 vid
346 1808 233 38 mobilisering.

159 1861 553 32 Arbetsmarknadskommissionen
742 1860 61 31 har
833 1859 145 31 beslutat
1009 1863 49 27 att
1090 1859 12 30 i
1133 1859 108 38 dylikt
1272 1859 90 38 syfte
1392 1858 58 32 hos
1481 1859 125 38 Kungl.

117 1916 103 37 Maj:t
242 1915 181 38 hemställa,
447 1918 51 27 att
518 1913 249 32 ordförandena
788 1914 12 29 i
822 1912 312 39 stadsfullmäktige,
1158 1912 339 37 kommunalstämma,
1521 1912 87 31 kom-

117 1967 333 39 munalfullmäktige,
498 1967 320 38 municipalstämma
864 1966 59 31 och
959 1965 394 38 municipalfullmäktige
1388 1965 70 32 icke
1492 1966 115 38 längre

117 2023 102 30 måtte
235 2021 160 31 hänföras
412 2021 52 31 till
482 2020 279 39 uppskovsgrupp
780 2021 25 29 I.

158 2075 74 31 Vad
256 2075 167 30 beträffar
445 2074 153 31 befrielse
622 2073 115 31 enbart
762 2073 74 31 från
864 2072 426 39 beredskapstjänstgöring
1313 2072 55 32 får
1392 2072 216 31 arbetsmark-

118 2128 334 31 nadskommissionen
471 2128 119 30 anföra
610 2127 159 38 följande.

158 2182 155 30 Anstånd
347 2181 72 30 med
454 2181 79 30 eller
566 2180 307 38 hempermittering
907 2180 78 30 från
1019 2179 426 38 beredskapstjänstgöring
1469 2178 139 39 beviljas

118 2235 69 30 icke
211 2245 42 20 av
276 2233 538 31 arbetsmarknadskommissionen
840 2237 80 26 utan
946 2243 40 20 av
1012 2232 125 30 militär
1161 2232 195 39 myndighet
1379 2232 79 31 eller
1482 2232 124 38 Kungl.

119 2288 112 36 Maj:t,
255 2287 11 29 i
289 2287 88 37 regel
399 2282 56 35 det
477 2296 123 21 senare.
625 2286 278 30 Kommissionens
926 2285 199 31 medverkan
1149 2285 11 30 i
1183 2285 171 31 anstånds-
1378 2286 58 30 och
1460 2285 148 38 hemper-

118 2339 333 39 mitteringsärenden
473 2340 150 37 framgår
644 2349 40 20 av
704 2338 267 31 kommissionens
991 2337 147 31 cirkulär
1157 2348 42 20 nr
1219 2338 28 31 G
1270 2338 143 38 14/1942
1434 2338 59 30 och
1514 2348 94 28 gene-

120 2393 148 31 ralorder
285 2404 42 19 nr
347 2392 194 39 1837/1941.

161 2447 16 29 I
204 2447 39 30 de
271 2446 72 36 fall,
371 2446 41 30 då
439 2444 539 32 arbetsmarknadskommissionen
1007 2445 87 30 efter
1121 2445 130 30 samråd
1280 2444 74 31 med
1380 2447 125 28 statens
1532 2444 75 30 livs-

118 2499 330 31 medelskommission
481 2498 116 31 funnit
631 2498 141 30 anstånd
806 2497 72 32 med
918 2497 323 39 (hempermittering
1276 2498 92 31 från)
1397 2497 210 39 beredskaps-
