2128 2657
334 217 21 34 2
861 211 222 44 Lagutskottets
1110 209 162 36 Utlåtande
1294 210 62 34 N:o
1378 213 47 30 14.

335 300 34 49 ej
390 301 131 35 kunna
540 299 133 39 dömas
694 299 59 36 för
773 297 148 47 mened,
938 297 128 36 derest
1082 296 117 50 lagen
1215 295 123 37 skulle
1355 295 98 37 efter
1468 294 57 37 sin
1542 292 242 51 ordalydelse
1799 292 138 46 tolkas,

336 357 91 32 enär
455 351 74 37 han
559 350 33 50 ej
623 350 117 49 aflagt
769 349 97 37 eden
893 348 102 37 inför
1023 347 165 38 domstol
1217 346 92 38 eller
1338 346 98 37 efter
1462 344 186 38 domstols
1668 343 269 39 förordnande.

467 403 154 48 Lagens
658 401 157 49 mening
853 405 40 31 är
935 400 98 37 dock
1072 398 306 51 uppenbarligen
1418 397 85 46 den,
1532 402 55 31 att
1615 396 112 37 äfven
1758 409 47 23 en
1832 395 106 49 dylik

334 453 204 38 menedare
578 453 97 37 skall
715 451 57 38 till
811 464 139 24 ansvar
992 451 125 45 fällas,
1159 450 71 37 och
1269 449 48 37 då
1344 449 135 49 lagens
1503 448 165 37 berörda
1697 445 243 51 ordalydelse

332 505 114 50 gifvit
487 505 70 37 och
599 505 75 37 kan
707 504 109 49 gifva
843 502 210 50 anledning
1079 501 57 38 till
1164 501 142 37 tvekan
1333 500 64 38 vid
1426 500 89 37 dess
1544 498 257 50 tillämpning,
1831 497 109 38 torde

333 557 158 37 rättelse
520 556 81 37 deri
629 557 94 36 böra
751 555 103 37 ske.»

466 609 74 36 För
581 607 191 37 vinnande
812 607 40 36 af
890 606 105 37 detta
1034 604 173 37 ändamål
1239 603 162 37 föreslås
1433 608 79 31 »att
1543 601 221 50 Riksdagen
1792 601 59 36 för
1880 600 60 36 sin

332 660 61 37 del
421 660 89 36 ville
539 659 151 37 besluta
717 658 169 49 följande
914 656 230 38 förändrade
1173 655 147 50 lydelse
1349 654 42 37 af
1417 656 44 34 13
1490 654 86 48 kap.
1608 655 17 34 1
1655 653 12 43 $
1694 652 246 48 strafflagen:

467 711 80 36 Har
585 713 141 45 någon,
769 714 102 31 emot
913 708 126 37 bättre
1081 706 178 46 vetande,
1288 705 103 37 burit
1417 705 120 36 falskt
1564 703 253 46 vittnesbörd,
1848 701 92 38 eller

333 762 111 50 eljest
483 761 153 50 afgifvit
677 761 102 36 falsk
817 765 140 44 utsaga
998 759 71 37 och
1097 758 66 37 det
1190 756 241 38 vittnesbörd
1459 755 93 38 eller
1582 755 74 37 den
1684 761 141 42 utsaga
1853 753 88 37 med

332 814 89 49 laga
461 814 155 48 edgång
655 812 100 37 inför
795 813 147 44 offentlig
981 812 194 45 myndighet
1214 808 211 46 bekräftat;
1455 808 133 36 dömes
1616 807 60 36 för
1704 805 150 47 mened,
1882 804 56 37 till

333 865 240 38 straffarbete
601 865 85 36 från
715 863 72 38 och
815 862 87 38 med
929 865 66 35 två
1022 860 57 38 till
1108 861 71 38 och
1207 859 88 38 med
1323 873 68 23 sex
1421 862 75 34 år.»

469 1124 70 38 Om
582 1122 82 47 ock,
707 1125 123 34 såsom
875 1120 240 38 motionären
1157 1118 215 47 anmärker,
1413 1116 253 50 lagrummets
1695 1112 244 51 ordalydelse

332 1174 77 38 kan
437 1176 106 48 gifva
571 1175 70 36 och
669 1174 12 35 i
709 1172 270 50 verkligheten
1006 1171 114 49 gifvit
1148 1169 211 48 anledning
1385 1168 57 36 till
1462 1167 141 36 tvekan
1623 1166 12 35 i
1655 1167 64 35 det
1740 1165 41 37 af
1797 1165 140 36 honom

334 1227 161 50 angifna
534 1225 195 46 afseende,
758 1225 70 36 har
856 1223 111 45 dock,
996 1225 42 34 så
1065 1221 82 37 vidt
1174 1220 257 50 lagutskottet
1458 1219 157 45 känner,
1645 1217 125 36 denna
1798 1215 141 37 tvekan

334 1279 84 37 icke
459 1278 72 37 fått
570 1279 119 47 något
729 1274 154 50 uttryck
921 1274 12 36 i
961 1272 315 51 lagskipningen,
1307 1274 41 34 så
1376 1275 55 32 att
1459 1272 126 46 någon
1615 1267 167 37 domstol
1811 1266 126 37 funnit

336 1330 60 49 sig
436 1328 163 38 hindrad
641 1333 54 31 att
736 1330 125 33 såsom
905 1324 136 38 mened
1070 1337 91 24 anse
1190 1336 48 24 en
1267 1322 86 37 med
1382 1322 47 36 ed
1457 1321 100 36 inför
1581 1319 156 37 domare
1762 1321 20 33 å
1810 1317 131 37 landet

334 1380 204 38 bekräftad
580 1379 101 36 falsk
715 1383 150 43 utsaga.
921 1375 65 45 (Se
1015 1374 235 50 exempelvis
1280 1378 54 32 ett
1361 1371 220 50 prejudikat
1607 1370 12 36 i
1646 1370 94 49 Nytt
1759 1368 182 50 juridiskt

337 1432 118 46 arkiv,
485 1435 78 45 årg.
596 1432 108 44 1887,
734 1428 68 38 sid.
833 1429 100 41 302).
980 1428 67 35 Ett
1075 1426 86 37 stöd
1189 1425 60 37 för
1278 1425 73 36 den
1379 1422 142 51 praxis,
1551 1435 81 24 som
1653 1420 160 38 sålunda
1834 1419 107 37 öfver

338 1483 66 37 allt
431 1483 104 49 gjort
563 1482 60 49 sig
649 1480 193 51 gällande,
871 1479 109 36 torde
1009 1477 71 38 ock
1107 1477 131 37 kunna
1266 1476 126 46 sökas,
1422 1475 165 36 förutom
1616 1472 11 36 i
1654 1472 137 49 lagens
1821 1469 122 50 enligt

338 1534 260 37 motionärens
627 1545 100 36 egen
756 1531 101 49 åsigt
885 1529 225 50 uppenbara
1137 1527 170 49 mening,
1331 1525 178 50 jemväl
1502 1518 22 67 i
1539 1525 74 36 den
1632 1522 310 48 omständighet,

339 1592 55 30 att
424 1587 96 35 1734
549 1588 61 33 års
638 1584 77 48 lag,
744 1582 177 36 hvilkens
951 1579 297 50 missgernings-
1277 1578 72 37 och
1377 1575 245 38 straffbalkar
1650 1573 126 38 blifvit
1799 1577 144 33 ersatta

338 1637 87 36 med
465 1650 49 23 nu
556 1634 180 51 gällande
778 1633 187 48 strafflag,
1004 1631 85 37 icke
1116 1636 71 44 gör
1214 1633 129 46 någon
1372 1633 136 44 sträng
1536 1625 152 39 skilnad
1717 1624 141 37 mellan
1877 1628 67 36 ut-

337 1688 162 49 trycken
540 1687 183 36 domaren
752 1684 71 37 och
850 1689 124 32 rätten
1005 1682 92 37 eller
1126 1680 227 38 domstolen.
1406 1679 136 36 Denna
1571 1675 151 39 skilnad
1750 1676 68 36 har
1847 1675 98 36 först

337 1740 12 36 i
388 1752 135 24 senare
564 1736 275 49 författningar
877 1734 126 38 blifvit
1041 1732 88 38 med
1171 1738 121 31 större
1320 1730 273 50 noggrannhet
1620 1727 211 49 iakttagen.
1887 1725 56 37 Då

339 1790 256 49 lagutskottet
634 1787 243 49 följaktligen
918 1786 83 37 icke
1041 1785 78 36 kan
1160 1784 103 36 finna
1301 1783 73 36 den
1413 1781 224 48 föreslagna
1660 1777 282 50 lagändringen

338 1855 93 24 vara
459 1840 41 38 af
524 1843 118 46 något
668 1838 192 50 praktiskt
887 1837 121 37 behof
1032 1834 192 51 påkallad,
1253 1832 224 39 hemställer
1503 1831 199 46 utskottet,

844 1938 33 48 1)
923 1945 55 31 att
1011 1938 100 37 Herr
1146 1936 222 38 Hasselrots
1396 1934 145 38 motion
1568 1933 83 37 icke
1680 1935 60 34 må
1770 1931 41 37 af
1835 1929 110 38 Riks-

743 1992 128 49 dagen
898 1989 164 39 bifallas.

476 2249 17 37 I
534 2251 21 34 2
599 2247 160 51 kapitlet
802 2248 46 35 10
877 2244 20 49 $
926 2246 239 49 strafflagen,
1194 2245 119 37 sådan
1344 2244 125 37 denna
1497 2238 21 51 $
1546 2239 109 53 lyder
1683 2237 121 52 enligt
1831 2236 116 52 lagen

343 2300 74 37 den
447 2303 44 34 16
521 2300 74 48 maj
628 2301 109 45 1884,
766 2298 175 49 stadgas:
990 2297 174 38 »Saknas
1192 2297 70 36 hos
1292 2297 85 47 den,
1407 2308 81 24 som
1507 2293 127 37 blifvit
1652 2292 58 37 till
1730 2292 108 36 böter
1854 2289 94 47 fäld,
