2248 2642
475 230 224 30 Sammansatta
724 230 197 38 Bevillnings-
946 230 51 29 och
1022 230 221 37 Lagutskottets
1265 231 191 28 Betänkande
1479 230 60 29 N:o
1566 232 26 27 6.
1795 227 39 31 17

235 321 118 32 mena,
396 314 55 32 att
492 309 61 36 det
590 310 31 48 ej
660 310 125 35 vidare
824 316 40 29 är
901 310 231 48 regeringens
1168 308 111 51 afsigt
1307 314 54 31 att
1389 315 86 44 taga
1504 322 75 36 upp
1608 308 129 51 frågan
1767 309 69 36 och

235 361 124 38 drifva
388 363 69 36 den
485 364 126 48 längre
640 363 46 49 på
705 363 120 49 grund
846 362 41 37 af
905 363 61 36 det
986 363 196 45 motstånd,
1202 363 240 50 lagförslaget
1461 369 83 30 rönt
1563 364 11 34 i
1596 364 82 35 hela
1698 363 136 36 landet.

341 416 71 37 Det
452 416 207 51 föreslagna
701 417 174 36 förbudet
918 430 68 23 var
1027 417 141 49 rigtadt
1208 423 77 30 mot
1323 417 44 36 de
1402 424 123 42 öppna
1554 418 283 48 utskänknings-

235 471 68 35 och
348 472 409 48 minuteringsställena,
800 484 83 23 men
929 471 61 36 det
1027 470 202 37 omfattade
1267 472 78 36 icke
1387 471 118 36 hotell
1543 472 67 35 och
1648 471 188 44 värdshus,

233 525 459 47 jernvägsrestaurationer
721 525 68 35 och
818 524 115 36 andra
962 526 218 35 matställen.

344 580 203 44 Engelska
570 579 249 37 kolonierna.
878 578 79 36 Den
986 577 113 37 första
1120 579 173 48 engelska
1313 579 137 45 koloni,
1469 591 78 23 som
1566 577 113 50 följde
1699 578 138 37 Maines

236 633 180 48 exempel,
444 645 67 23 var
539 631 89 37 New
657 632 215 36 Brunswick
900 633 12 34 i
940 631 161 46 Canada,
1125 645 77 24 som
1231 632 114 37 redan
1373 633 12 35 i
1416 633 125 48 början
1561 631 39 38 af
1616 632 221 37 femtiotalet

235 686 129 48 vidtog
392 686 169 49 åtgärder
589 685 57 36 för
674 685 135 37 förbud
839 684 41 37 af
906 685 214 50 försäljning
1140 686 40 35 af
1197 687 262 49 spritdrycker,
1479 687 92 36 dock
1592 687 83 36 med
1696 687 140 35 undan-

236 745 64 43 tag
329 738 39 37 af
394 740 252 48 maltdrycker
674 740 68 35 och
771 739 110 37 cider.
929 739 516 50 Spritdryckslagstiftningen
1474 741 11 34 i
1514 739 146 38 Canada
1689 748 40 28 är
1757 754 79 22 mer

238 800 46 28 än
327 794 145 48 vanligt
513 793 205 45 invecklad,
747 793 45 36 då
825 793 100 36 såväl
960 794 247 49 parlamentet
1248 795 11 34 i
1303 793 145 37 Ottawa
1482 807 75 23 som
1588 794 43 36 de
1660 795 177 35 särskilda

237 848 256 47 provinsernas
522 846 236 50 lagstiftande
787 846 259 50 församlingar
1074 847 112 36 hafva
1214 853 73 30 rätt
1316 853 54 30 att
1399 847 149 37 utfärda
1576 847 260 37 föreskrifter
1817 842 22 58 i

237 899 280 50 ifrågavarande
546 901 213 36 hänseende.
804 900 103 37 Efter
935 901 186 49 åtskilliga
1150 900 265 38 förberedande
1444 901 170 49 åtgärder
1643 908 111 42 antog
1774 902 63 35 det

237 954 261 37 canadensiska
533 955 245 48 parlamentet
815 956 99 36 1878
951 954 69 37 den
1056 968 25 23 s.
1113 955 32 35 k.
1178 956 92 36 Scott
1296 959 61 40 act,
1387 956 115 48 enligt
1530 956 149 36 hvilken
1707 956 129 48 hvarje

238 1008 171 48 grefskap
442 1009 89 35 eller
565 1008 79 36 stad
678 1021 132 36 genom
844 1009 140 34 allmän
1018 1009 227 49 omröstning
1273 1009 124 36 kunde
1426 1009 61 36 vid
1518 1009 93 49 höga
1641 1010 96 35 viten
1767 1010 68 35 och

236 1060 269 50 fängelsestraff
539 1061 174 49 förbjuda
749 1061 219 50 försäljning
1001 1061 41 37 af
1073 1062 258 50 spritdrycker.
1387 1063 81 36 Den
1510 1064 124 34 lokala
1662 1063 173 48 optionen

237 1114 160 37 infördes
439 1116 140 49 ganska
620 1116 156 35 allmänt
818 1116 12 35 i
873 1113 166 47 Ontario,
1074 1114 148 46 Quebec
1250 1117 67 35 och
1346 1116 114 50 några
1489 1117 115 35 andra
1633 1117 201 49 provinser,

236 1181 84 24 men
364 1169 67 36 har
468 1182 153 30 numera
655 1169 45 49 på
731 1169 44 36 de
808 1169 105 36 flesta
955 1171 129 35 ställen
1128 1169 99 37 fallit
1268 1171 11 34 i
1310 1171 218 36 misskredit.
1584 1170 251 38 Förbudsvän-

237 1235 113 23 nerna
392 1223 12 34 i
447 1221 146 38 Canada
633 1222 112 37 hafva
787 1235 156 23 numera
984 1224 13 34 i
1039 1224 204 36 allmänhet
1276 1223 214 49 öfvergifvit
1523 1224 69 36 den
1621 1225 124 35 lokala
1774 1237 60 36 op-

237 1277 121 35 tionen
388 1276 68 36 och
486 1277 126 35 arbeta
641 1275 57 52 för
726 1275 235 45 statsförbud,
987 1277 172 48 antingen
1189 1276 57 36 för
1274 1278 83 35 hela
1378 1277 127 36 landet
1523 1279 90 34 eller
1632 1277 57 37 för
1708 1278 126 48 hvarje

237 1330 149 48 provins
428 1330 178 35 särskildt.
664 1329 115 37 Ännu
821 1330 68 35 har
930 1330 93 35 dock
1066 1330 109 49 ingen
1218 1331 149 48 provins
1400 1330 112 36 fattat
1544 1331 126 36 sådant
1703 1332 131 44 beslut,

238 1395 61 23 om
341 1383 67 35 ock
452 1383 186 36 Manitoba
676 1382 117 50 ingått
828 1384 60 34 till
922 1384 246 47 parlamentet
1197 1385 82 35 med
1309 1385 157 48 begäran
1497 1398 60 22 om
1586 1384 163 36 tillstånd
1780 1390 55 31 att

237 1434 37 37 få
315 1435 120 37 införa
476 1436 124 50 dylikt
641 1437 157 35 allmänt
839 1435 145 37 förbud.
1041 1436 118 37 Sedan
1194 1439 94 47 april
1328 1440 97 35 1886
1461 1439 67 35 har
1556 1439 214 49 scott-lagen
1800 1440 32 47 ej

236 1488 130 38 införts
400 1489 46 50 på
478 1490 112 49 något
623 1495 84 44 nytt
735 1491 116 35 ställe.
909 1489 125 37 Under
1062 1491 101 36 tiden
1197 1493 259 36 1878—1886
1487 1497 128 44 antogs
1644 1492 68 36 den
1742 1492 10 35 i
1785 1494 47 36 63

236 1542 171 50 grefskap
441 1544 68 36 och
543 1543 130 45 städer,
704 1557 82 23 men
821 1551 40 28 är
890 1557 51 23 nu
969 1545 144 35 använd
1144 1545 127 36 endast
1299 1546 11 34 i
1340 1548 62 42 30,
1431 1544 41 37 af
1497 1546 127 36 hvilka
1655 1548 47 35 24
1733 1546 102 49 ligga

235 1597 13 34 i
291 1597 339 49 kustprovinserna.
688 1597 140 37 Härvid
873 1598 66 35 bör
980 1598 94 36 dock
1116 1599 205 45 anmärkas,
1360 1604 55 31 att
1453 1598 107 37 äfven
1598 1600 11 34 i
1647 1598 186 51 grefskap,

237 1650 65 36 der
344 1652 215 47 scott-lagen
601 1652 31 47 ej
677 1658 39 29 är
749 1652 11 34 i
793 1651 250 49 tillämpning,
1071 1651 45 49 på
1148 1651 133 50 många
1310 1653 129 36 ställen
1468 1653 114 36 andra
1612 1654 123 34 lokala
1763 1652 71 36 för-

236 1703 78 36 bud
355 1702 58 37 för
455 1704 266 49 spritdryckers
763 1703 218 50 försäljning
1023 1704 205 37 förefinnas.
1290 1705 160 37 Sålunda
1491 1706 182 36 erfordras
1707 1707 10 34 i
1753 1719 80 35 pro-

234 1757 128 36 vinsen
405 1756 105 37 Nova
551 1757 120 37 Scotia
712 1758 11 34 i
766 1758 203 35 allmänhet
1012 1758 271 37 bestämmelser
1325 1772 72 32 om,
1426 1764 56 31 att
1509 1760 82 43 den,
1621 1772 77 23 som
1727 1760 106 35 söker

235 1811 177 48 rättighet
448 1811 60 35 till
547 1809 401 50 bränvinsförsäljning,
979 1810 91 37 först
1102 1812 95 35 skall
1231 1811 115 37 skaffa
1379 1813 55 48 sig
1467 1812 179 50 skriftligt
1680 1812 152 49 medgif-

236 1863 117 36 vande
382 1862 41 37 af
448 1863 62 37 två
537 1864 221 49 tredjedelar
786 1863 40 36 af
853 1864 44 36 de
926 1864 297 50 skattdragande,
1244 1866 111 35 innan
1380 1866 247 49 ansökningen
1649 1867 72 35 kan
1742 1879 91 36 upp-

234 1922 105 44 tagas
376 1918 59 35 till
473 1917 174 50 pröfning
680 1916 41 37 af
750 1918 275 36 vederbörande
1055 1919 225 49 myndighet.
1336 1919 202 46 Liknande,
1565 1933 60 23 om
1654 1921 67 35 ock
1750 1921 83 35 mil-

235 1970 87 36 dare
350 1969 229 37 föreskrifter
607 1972 100 47 gälla
736 1972 10 34 i
775 1971 114 36 andra
920 1972 197 49 provinser.

341 2022 231 38 Omdömena
606 2037 61 23 om
702 2023 454 50 förbudslagstiftningens
1190 2027 222 48 verkningar
1446 2027 12 34 i
1486 2026 148 37 Canada
1663 2026 91 36 falla
1783 2026 50 37 så-

233 2088 77 23 som
331 2076 104 36 öfver
454 2078 69 35 allt
542 2078 138 48 ganska
698 2078 97 35 olika
814 2077 81 36 från
916 2079 99 34 olika
1034 2090 181 36 personer,
1236 2080 178 36 beroende
1434 2079 46 48 på
1500 2080 103 35 deras
1622 2081 211 47 skiljaktiga

233 2128 225 49 ståndpunkt
504 2131 11 34 i
562 2129 358 50 nykterhetsfrågan,
968 2143 83 23 men
1099 2132 104 36 torde
1251 2133 10 34 i
1310 2133 205 35 allmänhet
1562 2134 124 34 kunna
1728 2140 104 41 sägas

233 2182 78 35 visa
353 2188 75 29 stor
456 2183 379 37 öfverensstämmelse
865 2183 84 36 med
979 2183 254 38 erfarenheten
1264 2185 78 36 från
1372 2185 283 37 Nordamerikas
1687 2185 145 37 förenta

234 2240 120 31 stater.
420 2235 91 36 Lika
554 2237 82 35 litet
677 2237 66 35 här
785 2249 77 23 som
907 2238 235 36 annorstädes
1181 2239 96 36 visar
1309 2240 55 48 sig
1398 2238 433 50 förbudslagstiftningen

234 2288 127 35 kunna
394 2289 244 50 undertrycka
671 2290 313 49 dryckenskapen.
1045 2290 218 49 Visserligen
1298 2299 39 29 är
1370 2293 246 48 obestridligt,
1645 2298 53 30 att
1727 2292 104 36 öfver

324 2352 67 30 Bih.
418 2353 45 28 till
487 2353 101 30 Riksd.
615 2353 79 30 Prot.
722 2355 88 28 1894.
860 2356 19 26 5
905 2354 94 29 Saml.
1049 2356 20 27 2
1092 2356 70 38 Afd.
1213 2358 18 27 5
1258 2356 83 38 Häft.
1766 2355 19 30 3
