2155 2645
674 204 433 35 Konstitutions-Utskottets
1138 205 173 35 Utlåtande
1339 208 63 33 N:o
1425 211 29 29 4.
1801 213 16 31 7

275 282 158 50 kyrklig
475 283 246 50 lagstiftning
764 284 116 39 borde
923 286 156 50 sträfva,
1120 290 41 34 så
1203 287 115 38 borde
1347 289 71 37 ock
1447 289 131 50 hvarje
1607 290 146 50 hinder,
1784 305 81 24 som

276 335 122 37 stälde
440 335 61 50 sig
542 336 11 36 i
582 341 127 45 vägen
738 338 58 36 för
824 339 105 37 detta
958 340 95 36 måls
1081 341 239 49 uppnående,
1350 345 41 34 så
1419 341 83 38 vidt
1530 342 68 37 ske
1627 342 141 48 kunde,
1797 358 68 24 un-

274 388 218 49 danrödjas.
548 389 109 38 Hade
702 404 50 22 nu
796 391 266 49 kyrkomötets
1104 398 88 31 veto
1235 399 78 31 mot
1354 394 189 49 Konungs
1573 395 70 37 och
1671 396 194 50 Riksdags

273 453 290 34 gemensamma
593 441 125 37 beslut
733 442 100 37 visat
858 443 60 49 sig
933 457 90 23 vara
1040 449 54 31 ett
1109 444 136 37 sådant
1272 445 147 50 hinder,
1446 447 164 48 mäktigt
1635 452 55 32 att
1710 448 153 38 hämma

273 492 64 36 det
366 492 182 50 kyrkliga
576 493 301 52 reformarbetet,
908 509 86 23 men
1024 497 33 48 ej
1085 502 54 31 att
1168 497 150 49 skydda
1346 498 171 50 kyrkans
1535 512 120 24 sanna
1671 500 192 38 intressen

273 544 90 36 eller
378 545 241 49 rättigheter,
636 551 132 44 syntes
800 547 63 37 det
895 561 89 24 vara
1013 549 112 48 klart,
1151 554 56 32 att
1234 549 298 39 bestämmelsen
1562 565 59 23 om
1641 552 106 37 detta
1775 558 88 33 veto

271 596 117 37 borde
430 610 43 23 ur
514 598 244 49 grundlagen
799 603 104 45 utgå.
961 600 80 37 Och
1075 615 59 23 om
1164 602 121 48 sagda
1313 608 89 32 veto
1433 603 158 38 sålunda
1620 604 153 38 förfelat
1797 606 66 37 sitt

271 649 175 36 ändamål
488 650 71 36 och
602 651 32 48 ej
677 651 150 49 lyckats
872 655 37 34 åt
942 653 152 48 kyrkan
1124 653 193 38 förvärfva
1342 656 46 36 de
1419 655 156 38 dermed
1604 656 155 38 afsedda
1788 658 74 37 för-

271 703 142 46 måner,
457 701 126 38 kunde
627 702 87 37 dess
756 704 236 37 afskaffande
1022 706 33 48 ej
1085 705 183 38 innebära
1297 708 130 48 någon
1455 708 223 49 kränkning
1707 709 42 37 af
1772 710 90 49 kyr-

271 752 95 51 kans
408 758 76 32 rätt
526 754 91 37 eller
654 755 41 36 af
718 756 46 36 de
793 756 272 50 förpligtelser,
1094 758 432 51 Riksdagsordningens
1556 761 147 37 stiftare
1732 762 129 38 kunde

270 818 112 23 anses
411 805 113 37 hafva
550 806 120 37 iklädt
698 808 60 48 sig
782 814 94 43 gent
904 814 101 32 emot
1029 810 88 36 dess
1146 811 185 36 målsmän
1360 811 102 37 inom
1484 813 377 50 ståndsrepresenta-

268 857 141 37 tionen.
467 858 257 49 Kyrkomötet
752 860 125 37 blefve
907 861 224 49 härigenom
1162 863 204 37 hänvisadt
1393 865 58 36 till
1476 865 59 36 sin
1559 866 8 35 i
1584 866 275 48 Kyrkomötes-

268 908 277 51 förordningen
574 911 156 49 angifna
760 913 191 49 naturliga
980 914 185 49 ställning
1189 918 124 34 såsom
1344 930 47 23 en
1411 917 252 49 rådgifvande
1680 919 178 49 myndig-

268 961 78 48 het,
376 962 115 36 hvars
520 963 195 38 utlåtande
744 964 237 38 infordrades
1002 966 64 36 vid
1083 967 194 50 stiftande,
1295 969 163 49 ändring
1475 970 91 37 eller
1581 971 276 49 upphäfvande

268 1013 42 36 af
324 1014 201 50 kyrkolag,
544 1016 72 36 och
645 1016 114 37 hvars
789 1018 67 36 ord
885 1018 133 37 dervid
1048 1020 123 48 vägde
1203 1033 113 37 mera,
1348 1021 5 35 i
1383 1035 145 24 samma
1557 1026 88 34 mån
1670 1037 81 23 som
1769 1025 87 36 dess

267 1065 222 49 ledamöter,
532 1068 237 37 omedelbart
809 1070 162 37 utsedda
1014 1071 57 36 för
1096 1072 180 49 kyrkliga
1305 1073 137 49 syften,
1473 1074 128 37 kunde
1630 1075 223 38 förutsättas

269 1117 10 36 i
319 1118 209 37 allmänhet
556 1120 102 36 inom
688 1121 105 36 detta
823 1123 153 36 område
1001 1136 72 35 ega
1102 1129 122 32 större
1253 1125 250 51 sakkunskap
1533 1132 48 31 än
1610 1127 244 49 Riksdagens

268 1170 258 50 medlemmar,
569 1172 64 36 vid
674 1172 150 38 hvilkas
867 1175 61 35 val
957 1177 40 33 så
1026 1177 139 47 många
1194 1177 118 36 andra
1341 1179 240 49 synpunkter
1610 1182 120 34 måste
1760 1185 95 44 göra

266 1221 60 48 sig
354 1223 191 48 gällande.
602 1224 80 37 Och
709 1225 64 37 det
797 1226 255 49 skyddsvärn,
1075 1228 149 49 kyrkan
1259 1229 126 37 kunde
1407 1244 113 24 anses
1542 1231 175 47 behöfva,
1739 1232 116 38 borde

266 1274 76 36 hon
372 1275 11 35 i
412 1275 73 37 alla
515 1276 203 37 händelser
746 1278 150 36 säkrast
925 1279 70 36 och
1023 1285 181 43 tryggast
1231 1281 103 37 finna
1363 1282 69 37 hos
1462 1284 58 36 sin
1548 1284 141 49 högste
1715 1290 139 43 styres-

266 1339 98 32 man,
394 1327 231 49 Konungen,
656 1329 157 37 hvilken
843 1331 32 48 ej
897 1331 108 36 torde
1025 1332 105 48 gifva
1151 1333 58 36 sin
1230 1333 242 38 stadfästelse
1493 1338 37 34 åt
1550 1339 120 45 några
1688 1350 166 35 omogna

264 1378 199 49 hugskott,
507 1380 113 36 äfven
663 1394 58 23 om
766 1382 153 47 sådana,
955 1389 79 30 mot
1063 1384 49 36 all
1140 1385 129 48 rimlig
1297 1387 257 49 sannolikhet,
1585 1388 124 37 skulle
1738 1389 116 37 vinna

265 1430 284 48 godkännande
579 1433 41 36 af
644 1434 166 37 svenska
839 1434 139 37 folkets
1006 1438 315 47 representation.
1730 1464 3 3 :

392 1482 189 50 Slutligen
610 1484 118 37 fäster
757 1487 236 37 motionären
1024 1489 389 48 uppmärksamheten
1443 1491 101 49 derå,
1574 1497 56 32 att
1644 1493 65 36 det
1728 1493 125 49 skydd

266 1534 57 36 för
364 1537 309 48 presterskapets
713 1539 233 48 privilegier,
986 1540 199 42 förmåner,
1216 1543 226 48 rättigheter
1470 1544 71 36 och
1569 1544 171 49 friheter,
1771 1559 80 22 som

264 1586 238 37 förbehållits
531 1602 138 34 genom
697 1591 230 47 stadgandet
956 1591 9 35 i
996 1591 20 50 $
1050 1595 70 34 114
1150 1593 376 51 Regeringsformen,
1545 1601 54 31 att
1616 1597 56 36 för
1689 1598 164 48 ändring

263 1637 91 36 eller
400 1640 273 48 upphäfvande
723 1642 110 37 deraf
875 1643 196 37 fordrades
1113 1645 106 36 bifall
1260 1646 41 36 af
1334 1647 160 36 allmänt
1536 1648 239 49 kyrkomöte,
1817 1651 32 48 ej

263 1689 124 37 blefve
431 1692 165 37 rubbadt
629 1706 141 35 genom
800 1696 273 48 upphäfvande
1103 1698 41 35 af
1167 1698 64 36 det
1258 1698 11 37 i
1299 1698 19 50 &
1349 1702 44 34 87
1421 1700 41 36 af
1486 1713 145 24 samma
1659 1702 192 50 grundlag

264 1742 250 38 omförmälda
543 1750 98 31 veto.

390 2003 162 50 Förslag
587 2018 60 23 om
683 2007 272 49 upphäfvande
981 2009 41 36 af
1044 2009 291 49 ifrågavarande
1362 2012 488 49 grundlagsbestämmelse

261 2067 67 23 var
366 2055 145 48 jemväl
549 2057 63 37 vid
655 2059 173 37 sistlidne
870 2060 158 49 riksdag
1069 2062 158 36 föremål
1265 2064 56 36 för
1349 2065 377 48 representationens
1754 2080 94 36 upp-

260 2107 272 38 märksamhet.
589 2109 107 38 Inom
728 2112 129 37 Andra
886 2113 230 37 Kammaren
1147 2114 154 37 väcktes
1327 2116 194 48 nemligen
1552 2117 57 48 då,
1642 2117 2 36 i
1663 2130 185 25 samman-

259 2157 104 50 hang
391 2161 85 35 med
505 2161 147 49 förslag
677 2176 59 23 om
766 2165 272 48 upphäfvande
1068 2166 41 35 af
1133 2166 113 37 ofvan
1277 2167 211 50 åberopade
1516 2169 143 48 Kongl.
1699 2170 147 37 förord-

259 2210 106 49 ning,
396 2213 142 36 motion
569 2215 214 49 angående,
812 2216 114 37 bland
952 2222 128 43 annat,
1110 2219 244 37 uteslutande
1384 2234 43 22 ur
1456 2220 20 49 &
1506 2223 46 34 87
1583 2235 112 23 mom.
1726 2225 21 33 2
1776 2223 71 36 Re-

258 2263 310 49 geringsformen
598 2267 42 35 af
664 2268 117 36 orden
813 2269 112 36 ”dock
955 2275 55 31 att
1037 2270 133 36 dervid
1200 2271 190 37 erfordras
1420 2273 197 48 samtycke
1642 2274 144 48 jemväl
1807 2274 43 37 af

258 2314 158 37 allmänt
443 2317 255 48 kyrkomöte”.
755 2320 126 37 Sedan
911 2322 209 37 emellertid
1150 2323 185 49 förslaget
1364 2338 58 23 om
1446 2324 400 50 kyrkomötesförord-

258 2367 163 49 ningens
460 2370 272 49 upphäfvande
769 2372 40 37 af
834 2374 219 48 Riksdagen
1083 2375 220 50 förkastats,
1334 2377 81 36 blef
1440 2377 73 37 den
1543 2378 42 36 af
1608 2379 236 36 motionären
