1884 2846
86 746 163 27 Utskottets

95 783 142 31 yttrande.

298 144 41 30 14
534 145 220 34 Sammansatt
777 151 92 29 stats-
894 149 55 31 och
973 150 236 32 bankoutskotts
1231 151 170 33 utlåtande
1425 153 53 31 Nr
1501 157 51 28 10.

296 228 225 29 sammansatt
554 226 138 32 utskott.
741 227 78 32 Med
854 228 129 42 Kungl.
1021 230 114 40 Maj:ts
1171 230 141 33 berörda
1346 232 130 41 förslag
1504 235 290 42 sammanhänger

294 268 123 41 frågan
442 280 55 21 om
522 270 188 33 ordnandet
734 282 41 22 av
801 274 275 41 undervisningen
1099 275 14 31 i
1137 276 38 31 de
1197 276 182 40 geodetiska
1403 279 138 31 ämnena
1559 279 59 32 vid
1634 280 158 33 tekniska

294 312 190 42 högskolan
515 315 84 32 efter
623 315 504 45 lantmäteriundervisningens
1151 320 222 42 förläggande
1398 322 58 32 dit.
1504 323 98 32 Först
1626 325 86 32 efter
1736 325 56 32 det

294 360 49 29 att
378 358 182 42 riksdagen
594 360 101 32 fattat
729 360 111 33 beslut
875 363 143 32 rörande
1046 364 65 31 den
1136 364 198 42 ifrågasatta
1357 366 192 42 personliga
1572 370 218 39 professuren

294 402 54 32 för
371 402 117 32 Rubin
513 404 62 31 blir
598 405 56 32 det
678 405 115 33 därför
816 407 165 32 utskottet
1004 408 134 42 möjligt
1162 412 49 29 att
1234 410 123 41 avgiva
1380 411 175 33 utlåtande
1580 412 212 35 beträffande

295 446 40 32 de
365 448 118 40 övriga
507 448 91 33 delar
622 460 43 22 av
689 450 128 42 Kungl.
842 451 117 41 Maj:ts
982 453 137 41 förslag,
1145 464 73 22 som
1243 455 118 31 kunna
1384 455 136 33 beröras
1544 467 43 22 av
1611 461 45 29 ett
1682 459 109 41 dylikt

293 490 121 33 beslut.

337 580 214 43 Riksdagens
576 581 89 33 båda
688 583 135 32 kamrar
846 584 90 33 hava
960 596 142 22 numera
1125 586 124 33 bifallit
1271 588 66 32 vad
1355 590 247 32 statsutskottet
1618 591 174 33 hermställt

293 633 10 31 i
328 633 57 32 sitt
410 634 231 33 ovanberörda
666 636 174 33 utlåtande
863 649 41 20 nr
929 639 52 32 89.

338 749 113 32 Sedan
487 750 190 43 riksdagen,
715 754 111 31 såsom
861 765 83 29 nyss
973 755 150 39 erinrats,
1148 755 116 34 biträtt
1287 757 128 42 Kungl.
1442 758 114 41 Maj:ts
1580 759 129 43 förslag
1732 771 56 22 om

291 801 504 46 lantmäteriundervisningens
819 807 223 42 förläggande
1066 809 50 31 till
1140 810 157 32 tekniska
1321 811 198 41 högskolan,
1545 813 61 31 har
1627 814 164 33 utskottet

291 866 46 21 nu
374 859 49 29 att
453 857 51 32 till
527 857 208 44 behandling
758 863 151 39 upptaga
933 861 66 32 den
1023 862 50 32 till
1096 863 164 32 utskottet
1282 864 212 41 hänskjutna
1516 866 121 41 frågan
1663 878 56 21 om
1747 879 42 21 en

290 910 172 42 personlig
496 912 172 41 professur
703 913 11 31 i
748 913 136 42 geodesi
915 915 53 32 för
991 915 131 33 läraren
1145 916 11 32 i
1180 917 134 40 geodesi
1338 917 58 33 vid
1420 918 369 35 lantmäteriundervis-

290 963 139 41 ningen,
455 966 193 39 professorn
675 966 31 32 8.
732 967 37 31 T.
796 967 31 32 9.
854 968 126 32 Rubin.

334 1016 173 34 Utskottet
530 1018 58 33 vill
611 1020 192 38 framhålla,
829 1023 49 29 att
902 1022 235 42 anordningen
1162 1023 78 32 med
1264 1024 194 42 personliga
1480 1025 142 41 tjänster
1638 1027 79 32 med
1734 1038 55 22 av-

288 1069 120 42 löning
441 1072 79 31 från
554 1072 174 33 allmänna
761 1074 338 43 indragningsstaten
1134 1076 142 42 tidigare
1311 1078 146 32 kommit
1489 1078 51 32 till
1563 1080 226 42 användning

288 1123 123 33 främst
445 1129 62 27 när
541 1125 56 33 det
631 1126 84 41 gällt
749 1130 48 29 att
831 1128 59 32 vid
914 1139 43 21 en
981 1130 275 32 statsinstitution
1279 1130 105 33 binda
1407 1142 43 21 en
1474 1132 214 40 arbetskraft,
1713 1145 74 22 som

289 1176 259 35 dokumenterat
571 1179 52 42 sig
646 1182 112 30 såsom
782 1182 217 41 synnerligen
1016 1183 143 42 skicklig
1178 1185 44 40 på
1241 1187 46 29 ett
1302 1184 84 33 visst
1403 1186 384 41 verksamhetsområde,

287 1230 106 32 vilket
417 1242 123 22 annars
565 1233 29 40 ej
621 1237 127 29 ansetts
772 1234 81 33 böra
876 1236 37 31 få
937 1236 143 32 särskild
1100 1237 207 32 företrädare
1323 1238 58 32 vid
1397 1238 237 34 institutionen
1651 1241 11 31 i
1678 1242 108 41 fråga.

287 1283 121 33 Ehuru
437 1285 41 32 de
501 1286 294 42 förutsättningar,
819 1288 94 32 vilka
937 1289 142 32 sålunda
1103 1289 124 34 brukat
1250 1301 42 22 av
1316 1291 183 42 riksdagen
1523 1294 186 40 uppställas
1734 1296 54 32 för

286 1337 193 33 inrättande
514 1349 42 22 av
589 1340 191 42 personliga
815 1341 154 41 tjänster,
1001 1343 29 40 ej
1056 1343 61 32 här
1140 1343 165 42 föreligga
1330 1361 40 5 —
1395 1346 164 32 utskottet
1582 1347 59 32 vill
1665 1349 120 39 erinra,

287 1393 48 30 att
358 1391 158 33 tekniska
539 1392 190 42 högskolan
752 1394 105 32 redan
880 1395 63 32 har
967 1406 42 21 en
1029 1396 168 33 ordinarie
1214 1398 394 44 professorsbeställning
1623 1401 11 31 i
1650 1402 137 40 geodesi

287 1461 43 3 —
365 1455 100 22 anser
499 1446 51 41 sig
584 1446 164 33 utskottet
776 1447 86 32 dock
886 1448 83 32 böra
992 1449 168 42 tillstyrka
1184 1450 127 43 Kungl.
1337 1451 116 42 Maj:ts
1477 1453 62 32 här
1561 1454 226 34 förevarande

287 1497 136 42 förslag.
464 1498 127 33 Härför
613 1499 69 33 tala
706 1500 70 32 dels
799 1501 180 41 hänsynen
1003 1502 50 32 till
1076 1504 171 40 professor
1271 1504 132 33 Rubins
1427 1507 200 41 mångåriga
1649 1508 64 32 och
1731 1508 55 33 väl

285 1550 195 33 vitsordade
504 1552 229 43 tjänstgöring
755 1554 59 32 vid
837 1554 498 44 lantmäteriundervisningen,
1360 1558 71 32 dels
1456 1559 41 32 de
1520 1563 74 29 rent
1610 1561 176 41 praktiska

286 1604 83 39 skäl,
407 1615 73 22 som
516 1616 42 22 av
588 1606 376 42 departementschefen
988 1610 130 31 anförts
1142 1610 51 32 till
1217 1611 135 32 förmån
1376 1613 54 31 för
1454 1612 111 33 denna
1589 1624 43 22 av
1656 1615 128 32 honom

286 1657 183 42 tillstyrkta
493 1661 390 42 övergångsanordning.

330 1711 51 32 De
406 1722 42 23 av
472 1712 127 43 Kungl.
625 1713 99 41 Maj:t
749 1714 11 31 i
783 1714 62 32 här
867 1716 224 32 förevarande
1111 1717 194 33 hänseende
1320 1718 194 43 föreslagna
1529 1725 156 29 närmare
1701 1723 83 32 före-

286 1764 183 33 skrifterna
491 1766 89 33 hava
603 1767 30 40 ej
659 1767 86 42 givit
769 1768 165 33 utskottet
957 1769 186 43 anledning
1167 1771 51 31 till
1242 1771 143 33 erinran.

331 1818 174 34 Utskottet
527 1819 197 34 hemställer
747 1821 107 40 alltså,

651 1877 48 29 att
723 1875 181 42 riksdagen
930 1877 57 30 må

650 1924 30 44 a)
705 1928 167 42 medgiva,
898 1932 50 29 att
970 1930 54 32 för
1046 1929 132 33 läraren
1201 1931 11 31 i
1236 1932 134 41 geodesi
1395 1933 59 32 vid
1470 1933 313 35 lantmäteriunder-

605 1981 191 42 visningen,
825 1983 205 41 professorn,
1066 1983 139 34 filosofie
1229 1984 144 33 doktorn
1398 1986 91 33 Sven
1512 1987 157 43 Tryggve
1694 1989 89 33 Salo-

604 2045 83 21 mon
722 2035 114 32 Rubin
872 2037 58 30 må
953 2037 77 32 från
1054 2037 62 32 och
1140 2037 79 33 med
1243 2038 65 32 den
1335 2041 14 30 1
1375 2039 65 41 juli
1466 2041 84 31 1932
1574 2041 141 34 inrättas
1740 2054 41 22 en

604 2088 171 42 personlig
799 2090 175 40 professur
996 2090 11 31 i
1030 2090 135 41 geodesi
1190 2091 77 32 med
1291 2092 41 33 de
1356 2093 204 42 åligganden
1585 2096 54 31 för
1655 2096 127 41 Rubin,

605 2152 74 21 som
704 2152 42 23 av
771 2142 128 43 Kungl.
926 2143 99 42 Maj:t
1049 2144 219 40 bestämmas;

648 2193 33 42 b)
710 2196 168 42 medgiva,
905 2200 49 29 att
978 2197 115 33 Rubin
1116 2200 58 30 må
1197 2200 111 31 såsom
1332 2200 207 34 innehavare
1562 2213 43 22 av
1629 2204 153 32 nämnda

604 2249 174 40 professur
801 2250 78 31 från
903 2250 174 32 allmänna
1100 2251 336 43 indragningsstaten
1460 2255 134 41 åtnjuta
1618 2256 164 42 avlöning

603 2302 10 31 i
650 2301 204 42 lönegraden
890 2303 27 31 B
942 2304 42 32 30
1017 2304 104 42 enligt
1154 2305 300 34 bestämmelserna
1477 2308 11 31 i
1512 2309 156 41 gällande
1693 2310 88 33 avlö-

602 2355 308 42 ningsreglemente
943 2358 54 31 för
1020 2357 335 43 befattningshavare
1379 2361 58 32 vid
1462 2362 319 42 statsdepartement

603 2408 63 32 och
701 2409 90 32 vissa
825 2410 108 32 andra
965 2411 91 38 verk,
1090 2411 201 34 tillhörande
1327 2413 65 33 den
1428 2415 100 32 civila
1560 2416 220 32 statsförvalt-

603 2462 144 41 ningen;
