2216 2612
171 1504 170 30 Fallmäktige
361 1505 7 22 i

198 1539 139 29 riksgälds-

205 1574 127 23 kontoret.

395 175 18 30 8
880 175 280 34 Bankoutskottets
1181 178 167 32 utlåtande
1370 179 54 32 Nr
1447 181 49 30 47.

501 258 120 32 Ehuru
655 258 111 32 denna
790 259 158 32 säkerhet
971 260 29 41 ej
1025 260 64 32 kan
1114 273 101 20 anses
1238 262 77 31 fullt
1338 262 326 41 tillfredsställande,
1690 265 96 31 torde
1810 265 66 31 den
1900 264 87 34 dock

395 301 108 31 under
525 301 336 32 förhandenvarande
886 303 291 41 omständigheter
1199 304 114 31 kunna
1334 305 175 41 godtagas.

500 342 74 32 Vad
609 343 160 42 slutligen
802 344 161 31 beträffar
996 344 65 32 den
1086 356 133 21 summa
1241 357 40 20 av
1306 347 135 38 169,450
1463 347 133 40 kronor,
1622 360 74 21 som
1719 349 136 41 bolaget
1879 351 108 40 enligt

394 384 125 42 Kungl.
551 385 114 41 Maj:ts
689 385 122 42 nådiga
834 386 189 32 resolution
1047 387 66 31 den
1137 389 41 30 24
1200 388 184 32 november
1409 390 80 30 1916
1512 391 173 40 angående
1706 391 202 42 järnvägens
1932 404 52 20 an-

394 427 153 41 slutning
569 427 52 31 till
645 429 129 30 statens
796 428 178 42 järnvägar
995 429 57 31 vid
1075 429 127 32 Näsets
1226 431 126 31 station
1377 431 87 31 skall
1487 432 141 42 erlägga,
1653 435 36 30 är
1711 434 11 30 i
1746 444 128 21 samma
1896 445 89 20 reso-

392 469 110 31 lution
536 469 155 37 bestämt,
727 472 49 29 att
798 470 113 31 denna
934 482 132 20 summa
1089 472 85 31 skall
1196 472 168 32 inbetalas
1388 473 53 31 till
1464 474 446 41 byggnadskommissionen
1933 477 53 31 för

393 511 244 41 dubbelspåret
667 512 341 41 Rönninge—Ström
1033 514 152 38 sålunda,
1210 516 49 29 att
1283 516 135 36 111,820
1440 516 125 31 kronor
1588 517 151 42 erläggas
1762 518 65 31 den
1853 520 15 29 1
1894 530 90 20 mars

394 553 89 38 1917,
512 554 114 37 35,000
648 554 125 31 kronor
795 555 67 31 den
887 556 15 30 1
927 555 178 32 december
1130 557 79 30 1917
1234 557 62 31 och
1320 558 115 38 22,630
1458 558 125 32 kronor
1605 558 66 32 den
1695 559 72 42 dag,
1792 561 42 30 då
1857 560 127 33 Näsets

393 595 127 31 station
544 597 132 40 öppnas
709 597 52 31 för
794 597 107 38 trafik,
937 597 64 31 och
1033 598 70 38 har,
1135 599 106 41 enligt
1263 599 64 31 vad
1350 600 169 41 styrelsen
1543 600 123 39 erfarit,
1689 601 295 43 järnvägsbolaget

392 637 66 31 den
481 638 40 31 28
544 638 148 31 februari
716 639 79 31 1917
818 639 154 42 fullgjort
995 639 65 32 den
1084 641 163 41 stadgade
1263 641 107 32 första
1385 642 261 42 avbetalningen
1662 645 20 29 å
1699 644 133 38 111,820
1847 644 136 33 kronor.

391 680 108 31 vadan
522 680 12 31 i
557 680 93 31 detta
672 681 168 31 avseende
862 681 79 42 inga
965 682 166 32 särskilda
1153 683 122 31 villkor
1298 695 102 30 synas
1424 684 83 32 böra
1529 685 214 32 föreskrivas.

496 722 18 30 I
547 722 92 42 fråga
662 723 161 41 slutligen
848 735 54 19 om
926 724 154 42 bolagets
1103 725 215 41 möjligheter
1340 728 50 29 att
1413 726 115 32 kunna
1551 727 52 31 till
1627 728 203 32 statsverket
1854 729 129 42 årligen

391 763 151 32 irbetala
564 765 66 31 den
654 765 143 31 sålunda
820 766 53 31 till
896 767 222 41 sammanlagt
1143 768 134 37 142,500
1299 768 127 32 kronor
1448 770 202 40 uppgående
1674 770 199 32 annuiteten
1890 773 19 29 å
1926 772 57 31 det

389 806 112 40 gamla
534 807 63 31 och
631 807 57 31 det
721 807 196 42 ifrågasatta
950 820 66 30 nya
1049 809 189 39 statslånet,
1273 810 50 31 får
1346 811 168 41 styrelsen
1537 811 11 31 i
1571 811 272 43 underdånighet
1865 814 119 31 anföra

391 848 159 33 följande.

437 860 11 30 |
494 891 51 31 Av
571 891 247 42 handlingarna
840 891 11 31 i
874 891 140 32 ärendet
1036 892 180 40 inhämtas,
1241 896 49 29 att
1313 894 294 33 driftöverskottet
1630 896 42 31 de
1695 896 72 42 fyra
1790 896 85 32 sista
1890 899 91 37 åren,

391 933 215 38 1913—1916,
640 933 12 31 i
686 933 154 42 tidsföljd
874 934 95 39 varit,
1003 934 11 31 i
1048 936 194 31 avrundade
1266 936 122 39 siffror,
1424 937 141 38 178,900,
1593 938 141 38 138,000,
1759 939 135 38 205,200
1918 940 63 31 och

389 975 136 38 228,500
546 975 134 39 kronor,
698 978 49 29 att
762 976 136 41 bolaget
914 978 79 30 åren
1012 977 208 32 1913—1915
1236 978 51 31 till
1305 979 205 32 statsverket
1525 979 144 32 inbetalt
1688 981 139 38 120,000,
1848 982 134 38 100,000

389 1017 63 31 och
488 1018 134 38 125,000
655 1018 64 31 och
752 1018 52 31 för
837 1020 37 29 år
903 1019 80 31 1916
1007 1021 109 30 avsett
1139 1031 42 20 en
1205 1020 214 42 inbetalning
1442 1032 41 20 av
1507 1022 133 38 125,000
1662 1023 133 38 kronor,
1821 1026 88 29 samt
1932 1027 50 28 att

388 1059 137 41 bolaget
558 1060 11 31 i
592 1060 85 41 följd
699 1072 40 19 av
762 1060 66 31 den
851 1072 47 20 nu
921 1072 40 20 av
984 1061 124 41 Kungl.
1133 1063 98 41 Maj:t
1254 1063 181 41 godkända
1458 1064 315 42 taxeförhöjningen
1796 1068 121 29 väntar
1938 1078 42 20 en

390 1101 223 32 merinkomst
636 1113 41 21 av
698 1103 115 37 50,000
836 1105 19 29 å
878 1103 115 38 60,000
1015 1104 134 38 kronor,
1174 1105 108 31 vadan
1305 1106 89 40 goda
1417 1106 146 31 utsikter
1586 1118 103 30 synas
1712 1108 168 42 styrelsen
1897 1108 84 32 före-

387 1144 120 38 finnas,
532 1145 48 30 att
603 1144 144 41 bolaget,
772 1147 81 28 utan
877 1145 186 42 eftergifter
1085 1146 11 30 i
1119 1147 93 41 fråga
1235 1158 54 20 om
1313 1148 181 41 underhåll
1517 1148 63 31 och
1602 1149 215 42 nödvändiga
1832 1151 148 41 nybygg-

388 1185 114 38 nader,
527 1186 85 31 skall
634 1186 115 31 kunna
771 1187 146 41 fullgöra
940 1187 74 31 sina
1035 1188 230 32 förbindelser
1286 1189 52 31 till
1363 1190 212 31 statsverket.

492 1228 68 31 Det
594 1239 102 30 synes
720 1231 37 28 så
779 1229 134 41 mycket
937 1229 165 41 skiligare
1126 1232 50 29 att
1199 1231 84 41 hysa
1306 1231 113 32 denna
1442 1233 228 41 uppfattning,
1696 1244 72 20 som
1792 1234 74 31 dels
1889 1234 91 32 bola-

386 1271 75 39 gets
484 1270 88 31 bana
594 1281 149 28 numera,
767 1270 11 31 i
802 1273 88 29 stort
914 1274 75 35 sett,
1014 1274 36 29 är
1072 1272 11 31 i
1108 1273 103 37 skick,
1236 1275 49 29 att
1309 1275 109 30 större
1435 1275 242 41 nybyggnader
1693 1276 82 31 eller
1790 1277 189 40 nyanskaft-

386 1312 121 41 ningar
540 1312 28 41 ej
604 1313 97 31 torde
735 1313 108 31 under
876 1315 152 30 närmare
1062 1314 51 31 tid
1147 1315 132 32 behöva
1312 1316 250 41 ifrågakomma,
1587 1317 74 31 dels
1684 1317 233 33 inkomsterna
1940 1331 40 19 av

387 1354 142 31 trafiken
563 1354 123 32 hittills
719 1355 88 31 visat
831 1366 51 27 en,
907 1355 11 31 i
942 1358 86 29 stort
1051 1358 76 36 sett,
1150 1357 109 41 jämnt
1282 1358 156 31 stigande
1462 1359 153 39 tendens,
1641 1360 63 31 och
1727 1360 44 31 all
1794 1361 186 42 anledning

386 1396 110 32 finnes
520 1399 49 29 att
592 1399 129 39 antaga,
745 1399 49 29 att
818 1399 37 29 så
878 1400 84 29 även
985 1398 11 31 i
1019 1398 182 32 framtiden
1226 1400 84 31 skall
1357 1400 68 32 bliva
1447 1401 256 32 förhållandet.»

490 1491 122 37 Sedan
641 1492 238 49 fullmäktige
908 1493 11 35 i
947 1493 366 49 riksgäldskontoret
1341 1495 161 37 lämnats
1530 1496 146 37 tillfälle
1705 1503 54 31 att
1786 1503 104 44 yttra
1919 1499 59 49 sig

385 1543 12 36 i
425 1544 165 48 ärendet,
620 1544 95 36 hava
740 1544 237 49 fullmäktige
1003 1546 198 36 inkommit
1229 1547 84 36 med
1342 1547 133 37 sådant
1501 1549 175 48 yttrande
1704 1549 70 37 den
1803 1552 47 34 22
1880 1563 98 24 mars

388 1597 95 35 1917
514 1596 69 36 och
612 1596 129 36 därvid
771 1597 125 36 anfört
923 1597 179 49 följande:

492 1693 12 15 »
510 1680 143 41 Bolaget
675 1681 61 31 har
759 1681 51 31 till
827 1681 63 31 och
914 1681 77 32 med
1007 1684 36 29 år
1060 1683 81 31 1899
1157 1683 117 42 riktigt
1289 1683 177 32 verkställt
1482 1684 42 32 de
1539 1687 106 30 ränte-
1662 1685 63 32 och
1742 1687 235 42 amorterings-

384 1722 144 32 likvider
550 1725 19 28 å
590 1723 252 41 ifrågavarande
854 1724 66 36 lån,
935 1735 73 20 som
1021 1724 110 41 ålegat
1143 1725 143 41 bolaget.
1322 1726 69 31 För
1403 1728 80 30 åren
1498 1727 80 32 1900
1590 1728 51 31 till
1655 1728 63 31 och
1731 1729 77 31 med
1823 1730 80 31 1916
1916 1730 61 31 har

384 1764 136 42 bolaget
553 1765 189 31 emellertid
777 1766 121 31 endast
922 1766 106 32 delvis
1051 1767 87 31 varit
1160 1767 12 31 i
1195 1768 101 31 stånd
1318 1770 50 29 att
1390 1769 145 41 fullgöra
1558 1770 52 31 sin
1635 1770 342 43 betalningsskyldig-

383 1806 59 32 het
475 1807 52 31 för
560 1807 100 31 lånet.
705 1808 52 30 De
791 1808 202 40 annuiteter,
1016 1809 90 31 vilka
1134 1809 108 31 under
1264 1810 148 31 nämnda
1435 1811 119 41 period
1577 1823 40 20 av
1641 1813 38 31 17
1703 1814 36 29 år
1760 1813 141 32 förfallit
1924 1814 53 31 till

382 1848 185 41 betalning,
591 1851 115 39 uppgå
739 1850 224 41 sammanlagt
996 1851 51 31 till
1083 1851 166 38 1,530,000
1281 1852 135 39 kronor,
1441 1853 121 32 medan
1597 1854 153 32 däremot
1772 1855 41 31 de
1837 1856 138 41 belopp,

383 1901 73 21 som
491 1891 109 32 under
632 1902 128 20 samma
793 1892 50 31 tid
876 1892 163 32 inbetalts
1073 1895 18 29 å
1114 1893 102 31 dessa
1238 1894 202 38 annuiteter,
1464 1895 225 33 tillsammans
1712 1898 119 39 utgöra
1854 1898 123 31 endast

382 1933 135 38 622,098
540 1933 125 31 kronor
688 1934 37 31 21
750 1936 66 29 öre.
862 1934 174 42 Därjämte
1058 1935 62 31 har
1143 1936 87 31 dock
1251 1936 137 41 bolaget
1411 1938 109 31 under
1542 1938 104 41 sagda
1661 1939 119 41 period
1795 1940 181 32 likviderat

383 1975 197 31 debiterade
613 1977 197 30 överräntor
842 1977 79 31 med
945 1977 133 38 409,651
1102 1977 127 32 kronor
1252 1979 39 30 79
1314 1980 67 30 öre.
1428 1979 119 32 Under
1569 1981 253 41 förutsättning,
1847 1984 51 29 att
1920 1983 56 31 bo-

382 2017 91 41 laget
496 2017 28 41 ej
550 2018 108 31 under
680 2020 37 29 år
741 2019 78 30 1917
844 2019 199 31 verkställer
1065 2021 113 39 någon
1205 2020 214 42 inbetalning
1441 2023 19 29 å
1484 2022 60 31 sitt
1567 2024 153 37 statslån,
1744 2024 153 31 kommer
1919 2025 56 31 bo-

382 2060 108 41 lagets
514 2059 100 32 skuld
637 2060 52 31 till
711 2060 330 41 riksgäldskontoret
1063 2064 50 29 att
1136 2063 65 30 den
1225 2063 38 30 31
1288 2063 181 31 december
1493 2065 78 30 1917
1597 2068 113 38 uppgå
1732 2065 52 31 till
1807 2066 168 39 2,784,078

381 2102 126 31 kronor
529 2102 41 31 62
593 2104 66 36 öre,
683 2102 151 32 fördelad
858 2105 44 39 på
925 2104 255 31 nedanstående
1204 2107 78 29 sätt:

1022 2179 168 41 förfallna
1214 2181 121 41 belopp:

381 2236 131 42 kapital
537 2263 3 2 so
572 2261 575 7 messssssssssrsrssrrrr
883 2232 57 50 ers
958 2232 13 50 rs
983 2232 66 50 sriese
1061 2232 88 50 serses
1174 2240 124 31 kronor
1353 2241 145 36 -263,037:
1523 2241 40 31 84

381 2281 97 29 YÄNTGD
504 2303 630 8 oossssesessrersrer
731 2274 75 48 serresr
812 2274 30 48 rer
845 2274 66 48 srerre
914 2274 63 48 sitra
986 2274 54 48 snar
1052 2274 3 48 r
1061 2274 42 48 ann
1354 2283 144 37 733,963:
1523 2283 39 31 95

382 2323 178 30 ÖVErTÄNtå
583 2347 564 6 osssessreresrroreseseerrr
882 2319 29 42 ses
913 2319 30 42 ere
947 2319 33 42 rer
981 2319 30 42 res
1015 2319 30 42 ier
1050 2319 29 42 rss
1086 2319 22 42 ii
1120 2319 14 42 sa
1139 2319 11 42 a
1239 2337 11 15 »
1375 2325 123 36 67,613:
1523 2326 40 30 23
1585 2342 125 33 kronor
1735 2344 89 31 1.065
1837 2345 71 31 515:
1932 2345 41 31 02
