2203 2663
457 181 19 31 8
908 178 249 35 Statsutskottets
1186 176 169 35 Utlåtande
1377 175 62 34 N:o
1463 178 52 31 44.

1112 710 87 48 N:o
1231 709 79 47 44.

934 877 83 31 Ank.
1042 879 46 29 till
1111 878 105 29 Riksd.
1240 878 95 29 kansli
1361 878 55 28 den
1442 877 38 29 18
1504 885 76 21 mars
1606 875 93 37 1908,
1723 876 43 29 kl.
1791 875 19 29 2
1835 884 25 20 e.
1884 883 36 23 m,

624 1028 198 47 Utlåtande,
851 1030 14 34 i
894 1028 190 57 anledning
1126 1026 44 48 af
1207 1027 99 36 väckt
1336 1026 131 36 motion
1496 1038 54 24 om
1577 1024 218 48 indragning
1823 1023 57 36 till
1905 1025 105 34 stats-

814 1098 116 37 verket
949 1098 45 48 af
1008 1097 57 36 det
1078 1097 76 36 s.k.
1171 1096 154 48 Konung
1339 1095 99 37 Karl
1447 1094 136 36 XIII:s
1592 1092 306 50 hemgiftskapital
1907 1104 102 24 m.m.

545 1253 65 38 Uti
651 1266 46 24 en
738 1253 103 36 inom
882 1252 130 36 Andra
1040 1252 230 36 Kammaren
1297 1251 125 47 väckt,
1451 1249 58 37 till
1537 1248 285 38 statsutskottet
1850 1248 59 35 för
1936 1247 76 36 för-

415 1306 214 37 beredande
646 1304 232 46 behandling
893 1304 262 37 öfverlämnad
1170 1303 144 37 motion
1329 1316 62 23 n:o
1412 1304 82 45 111,
1510 1302 68 36 har
1593 1301 88 36 herr
1696 1302 44 36 F.
1765 1301 50 36 W.
1837 1300 177 37 Thorsson

415 1358 207 48 hemställt,
652 1362 57 32 att
735 1357 222 49 Riksdagen
988 1356 86 37 ville
1102 1356 160 43 besluta,
1285 1360 55 32 att
1359 1354 63 38 det
1443 1354 40 37 af
1501 1355 97 35 1779
1620 1355 60 35 års
1699 1352 170 49 Riksdag
1889 1355 125 33 såsom

416 1411 165 49 hemgift
613 1413 39 33 åt
680 1409 216 37 dåvarande
923 1408 107 38 Hans
1059 1409 140 49 Kungl.
1230 1408 158 49 Höghet
1416 1406 189 49 Hertigen
1649 1405 40 37 af
1714 1404 301 37 Södermanland

417 1464 176 36 nedsatta
633 1462 145 50 kapital
823 1463 161 45 150,000
1026 1461 152 47 kronor,
1220 1460 138 36 hvaraf
1394 1460 85 36 från
1507 1457 381 50 riksgäldskontoret,
1918 1457 97 36 efter

416 1516 109 36 Hans
566 1515 108 48 Maj:t
715 1514 238 48 Konungens
995 1513 215 48 anvisning,
1254 1513 145 47 årligen
1442 1511 188 37 utbetalas
1660 1511 20 35 5
1708 1514 159 45 procent
1904 1513 111 32 ränta

416 1567 87 37 med
546 1568 112 47 7,500
699 1566 154 47 kronor,
891 1568 117 34 måtte
1043 1565 57 36 till
1128 1564 232 37 statsverket
1387 1563 192 50 indragas,
1609 1562 71 37 och
1708 1567 54 31 att
1788 1560 226 51 ytterligare

417 1619 243 49 utbetalning
689 1618 40 37 af
753 1623 137 31 räntan
919 1618 147 36 således
1094 1618 33 48 ej
1157 1617 120 37 heller
1304 1617 117 36 borde
1451 1620 72 44 äga
1551 1629 94 22 rum.

547 1671 88 36 Med
679 1670 176 37 afseende
885 1672 20 34 å
934 1670 46 36 de
1021 1670 93 47 skäl,
1152 1683 79 23 som
1263 1669 146 37 anförts
1437 1668 57 36 till
1523 1667 84 37 stöd
1635 1667 60 36 för
1723 1666 106 37 detta
1857 1664 156 49 förslag,

417 1723 141 38 tillåter
585 1723 62 49 sig
673 1722 188 37 utskottet
890 1726 54 32 att
972 1721 160 37 hänvisa
1160 1721 59 37 till
1246 1721 137 49 själfva
1412 1719 206 38 motionen.

546 1827 212 50 Angående
787 1826 249 37 omförmälda
1064 1826 154 47 kapital,
1247 1825 147 37 hvilket
1416 1824 183 49 vanligen
1618 1824 208 36 benämnes
1847 1822 169 47 Konung

417 1881 91 36 Karl
534 1880 124 37 XIII:s
686 1878 340 50 hemgiftskapital,
1056 1878 57 37 får
1139 1878 188 37 utskottet
1354 1877 172 37 meddela
1555 1875 178 49 följande.

547 1932 74 37 Vid
664 1933 252 35 1778—1779
947 1934 60 33 års
1041 1931 159 48 riksdag
1227 1930 146 37 beslöto
1404 1930 131 36 Rikets
1565 1928 171 47 Ständer,
1766 1926 124 49 enligt
1920 1927 45 35 13
1995 1924 21 50 $

417 1987 23 35 4
469 1999 112 23 mom.
610 1984 13 36 i
650 1983 355 49 riksdagsbeslutet,
1037 1988 55 31 att
1121 1986 124 34 såsom
1274 1982 164 48 hemgift
1466 1984 38 34 åt
1532 1980 213 37 dåvarande
1774 1979 129 48 hertig
1924 1978 93 36 Karl

419 2038 40 36 af
498 2036 301 38 Södermanland
840 2036 59 36 till
941 2035 139 49 Kungl.
1110 2035 127 49 Maj:ts
1266 2034 225 47 disposition
1518 2033 175 36 nedsätta
1722 2036 55 32 ett
1806 2030 145 50 kapital
1980 2029 41 36 af

420 2090 163 47 100,000
612 2088 185 37 riksdaler
826 2087 136 50 specie,
992 2101 80 23 som
1102 2087 59 37 för
1189 2086 203 37 framtiden
1422 2085 120 37 skulle
1561 2085 119 36 blifva
1700 2083 209 49 oförryckt,
1930 2094 86 24 men

417 2142 139 36 hvaraf
594 2141 72 37 den
707 2140 212 49 belöpande
962 2139 121 49 årliga
1124 2144 135 31 räntan
1301 2138 120 37 skulle
1457 2138 59 36 till
1543 2137 178 48 hertigen
1750 2135 265 37 öfverlämnas.

417 2194 89 36 Med
548 2192 208 49 anledning
796 2192 113 36 häraf
946 2191 165 37 befallde
1152 2190 141 47 Kungl.
1336 2190 108 49 Maj:t
1485 2189 73 37 den
1602 2190 44 35 18
1686 2179 202 46 december
1918 2187 98 35 1780

419 2246 275 38 statskontoret
740 2249 56 32 att
837 2244 59 36 för
936 2243 455 50 riksgäldsdirektionens
1432 2242 167 49 räkning
1635 2241 13 35 i
1684 2240 152 37 banken
1877 2239 141 36 insätta

419 2298 161 37 berörda
621 2298 42 35 af
699 2297 135 36 Rikets
864 2296 163 37 Ständer
1056 2297 186 47 anslagna
1269 2295 136 47 medel,
1434 2295 13 36 i
1475 2295 74 36 den
1576 2296 89 34 mån
1693 2293 46 36 de
1766 2292 149 44 inflöto;
1946 2290 70 37 och
