2228 2618
638 158 397 34 Jordbruksutskottets
1067 157 187 33 utlåtande
1286 157 52 32 Nr
1362 156 52 32 36.
1738 155 41 30 13

748 235 199 37 Ordinarie
989 235 86 37 civil
1116 235 229 48 tjänsteman
1385 234 63 36 vid
1486 234 117 36 rikets
1632 234 194 36 allmänna

618 288 176 37 kartverk
822 287 107 47 skall,
959 287 85 36 med
1073 286 265 37 bibehållande
1366 300 46 23 av
1434 285 265 37 innehavande
1718 286 103 36 löne-

618 340 107 49 grad,
767 353 91 23 vara
899 339 141 50 pliktig
1081 344 68 41 att,
1177 344 68 31 när
1272 338 99 37 helst
1398 341 42 34 så
1468 351 47 23 av
1542 337 142 49 Kungl.
1714 337 108 49 Maj:t

618 397 138 45 prövas
785 392 190 49 lämpligt,
1004 391 77 36 låta
1109 390 61 49 sig
1197 390 187 50 förflyttas
1413 390 57 36 till
1497 389 219 48 befattning
1735 389 85 36 med

619 443 265 37 motsvarande
913 444 91 36 eller
1030 442 181 37 liknande
1237 442 198 49 uppgifter
1453 441 104 37 inom
1578 446 115 31 annat
1712 441 108 44 verk;

748 495 28 49 f)
806 495 192 48 medgiva,
1035 499 55 32 att
1126 494 281 49 statstopograf
1440 496 60 34 må
1538 495 20 34 å
1587 496 236 45 övergångs-

618 551 74 33 stat
720 547 146 49 åtnjuta
887 546 182 48 avlöning
1096 546 13 36 i
1137 546 96 36 form
1254 559 47 23 av
1320 545 139 37 arvode
1477 545 124 49 enligt
1619 544 207 47 löneklass,

617 612 82 23 som
740 603 41 31 är
808 603 170 32 närmast
1004 598 106 49 lägre
1138 602 49 31 än
1215 597 84 48 den,
1328 610 81 23 som
1438 596 122 37 skulle
1588 596 97 36 hava
1712 596 110 49 gällt,

618 651 125 37 därest
770 649 283 39 vederbörande
1081 649 99 37 varit
1214 648 230 38 innehavare
1472 662 46 23 av
1546 648 186 36 ordinarie
1760 648 62 37 be-

617 703 168 48 fattning
812 703 12 35 i
855 704 82 35 13:e
965 701 242 50 lönegraden,
1236 701 206 47 avdelning
1468 700 43 47 B,
1540 700 12 36 i
1579 700 246 49 löneplanen,

617 760 98 31 samt
756 759 56 32 att
838 754 58 37 för
922 753 279 49 statstopograf
1224 753 107 36 skola
1359 753 11 35 i
1398 752 130 49 övrigt
1554 752 13 36 i
1594 751 228 49 tillämpliga

617 806 102 37 delar
761 806 102 48 gälla
903 805 198 37 enahanda
1138 804 488 48 avlöningsbestämmelser
1654 816 80 23 som
1764 803 59 36 för

617 858 312 48 statskartograf;

747 909 41 50 g)
817 909 160 48 besluta,
1006 914 66 42 att,
1101 909 67 36 där
1196 908 58 36 till
1282 908 72 36 den
1384 907 112 37 civila
1514 907 223 49 personalen
1757 906 65 37 vid

616 962 116 36 rikets
761 961 190 37 allmänna
976 960 178 37 kartverk
1182 960 168 37 hörande
1378 959 187 37 ordinarie
1579 959 241 49 tjänsteman,

618 1016 21 34 å
657 1013 128 37 vilken
806 1012 249 38 förenämnda
1072 1012 438 49 avlöningsreglemente
1531 1011 120 36 skulle
1669 1011 153 36 komma

617 1070 55 32 att
713 1070 72 43 äga
825 1064 258 50 tillämpning,
1126 1064 120 49 enligt
1289 1063 134 37 hittills
1455 1062 177 49 gällande
1660 1062 162 37 bestäm-

618 1118 136 36 melser
782 1122 68 43 ägt
877 1116 174 50 uppbära
1089 1119 126 46 någon
1244 1115 60 37 del
1332 1128 47 23 av
1407 1114 414 49 avlöningen
1664 1110 27 60 —
1712 1114 109 49 såväl

617 1170 11 35 i
657 1174 75 31 stat
760 1174 194 44 upptagen
984 1168 181 48 avlöning
1193 1180 80 24 som
1303 1167 168 48 tillfällig
1503 1166 319 48 löneförbättring

617 1243 49 4 —
695 1221 11 35 i
735 1220 175 47 förskott,
953 1220 63 36 vid
1058 1219 196 49 ingången
1295 1232 47 22 av
1370 1218 72 48 juli
1470 1218 137 36 månad
1639 1219 96 35 1923
1765 1217 57 36 till

618 1273 138 35 honom
799 1272 96 36 skall
935 1274 48 46 på
1024 1270 246 37 statsverkets
1312 1269 211 37 bekostnad
1553 1269 187 36 utbetalas
1769 1275 54 30 ett

617 1324 151 49 belopp,
797 1322 266 38 motsvarande
1096 1322 73 36 vad
1197 1322 307 48 tjänstemannen
1533 1321 122 36 skulle
1683 1320 100 36 hava
1809 1320 13 36 i

617 1376 73 36 den
734 1374 228 49 befattning,
1004 1375 76 36 han
1125 1373 62 37 vid
1229 1376 199 46 utgången
1470 1386 46 23 av
1552 1372 86 49 juni
1683 1372 138 36 månad

621 1429 96 35 1923
746 1426 171 48 innehar,
947 1427 12 35 i
987 1426 163 37 förskott
1176 1424 183 50 uppburit
1387 1424 59 37 för
1460 1424 73 49 juli
1552 1423 135 37 månad
1710 1425 115 46 1923,

619 1493 60 23 om
709 1479 45 36 de
781 1478 303 37 dittillsvarande
1109 1476 538 49 avlöningsbestämmelserna
1666 1475 46 38 då
1732 1476 91 35 fort-

619 1531 155 36 farande
793 1531 97 36 varit
918 1529 187 49 gällande,
1136 1534 100 31 samt
1261 1534 55 31 att
1335 1528 74 36 vad
1429 1527 158 37 sålunda
1606 1527 216 48 föreslagits

619 1583 95 36 skall
756 1582 101 49 gälla
893 1582 145 49 jämväl
1067 1582 11 36 i
1106 1581 109 49 fråga
1256 1593 61 24 om
1360 1579 278 50 statstopograf
1670 1582 21 33 å
1717 1584 105 31 över-

618 1637 219 46 gångsstat;

748 1685 39 48 h)
832 1685 189 47 medgiva,
1068 1689 56 31 att
1164 1684 252 36 kostnaderna
1459 1683 57 36 för
1556 1682 119 48 sagda
1718 1687 105 30 över-

619 1736 343 49 gångsanordning
989 1738 61 33 må
1077 1735 197 47 bestridas,
1295 1734 73 37 vad
1389 1736 119 46 angår
1528 1733 189 37 ordinarie
1736 1746 86 35 per-

619 1789 119 46 sonal,
759 1801 46 23 av
825 1788 72 36 den
916 1788 12 35 i
949 1786 326 49 avlöningsstaten
1296 1786 57 36 för
1373 1786 73 36 den
1466 1785 111 36 civila
1597 1785 224 48 personalen

618 1840 63 36 vid
722 1840 118 36 rikets
881 1839 191 36 allmänna
1100 1837 177 38 kartverk
1305 1844 198 43 upptagna
1528 1837 294 48 anslagsposten

617 1891 58 37 till
704 1891 180 48 avlöning
912 1893 38 34 åt
978 1890 186 36 ordinarie
1192 1890 230 48 tjänstemän
1451 1895 108 40 samt,
1589 1886 234 39 beträffande

619 1943 331 48 statstopografer,
980 1956 46 22 av
1047 1942 71 36 den
1139 1944 20 34 å
1178 1944 293 45 övergångsstat
1490 1940 58 36 för
1567 1953 144 23 samma
1727 1940 95 35 verk

618 1994 187 50 uppförda
832 1995 291 47 anslagsposten
1152 1993 56 36 till
1236 1992 223 48 avlöningar
1487 1994 38 34 åt
1544 1998 56 30 tre
1619 1997 203 42 statstopo-

620 2046 144 48 grafer;

747 2097 26 47 i)
817 2096 175 45 förklara,
1022 2101 55 30 att
1104 2096 131 47 övriga
1263 2109 46 21 av
1338 2094 204 48 riksdagen
1571 2094 11 35 i
1613 2094 87 35 dess
1730 2093 94 36 skri-

618 2148 100 36 velse
761 2147 73 36 den
877 2150 46 33 22
968 2147 163 36 februari
1176 2148 108 44 1921,
1327 2160 44 22 nr
1414 2148 60 40 55,
1517 2145 173 36 lämnade
1718 2144 104 36 med-

620 2199 191 48 givanden
839 2199 11 35 i
880 2198 208 48 anledning
1129 2211 45 23 av
1210 2198 73 35 den
1313 2211 45 22 av
1386 2195 202 50 riksdagen
1618 2196 47 36 då
1699 2196 123 36 beslu-

620 2250 85 36 tade
747 2249 330 49 löneregleringen
1120 2250 57 35 för
1218 2248 355 50 statsdepartement
1617 2246 84 38 med
1734 2246 90 37 flera
