2194 2660
717 105 250 36 Statsutskottets
999 97 175 36 Utlåtande
1197 97 63 32 N:o
1285 97 30 29 9.
1740 84 36 30 11

629 188 107 38 skola
780 182 216 51 återgäldas
1038 178 86 38 med
1164 175 54 37 tio
1251 176 160 48 procent
1443 170 59 36 för
1530 170 52 45 år,
1611 163 112 39 deraf
1745 162 77 37 fem

629 244 160 48 procent
819 240 124 33 såsom
971 237 125 42 ränta,
1124 230 12 36 i
1165 227 128 38 stället
1321 227 72 43 må,
1421 222 14 36 i
1458 220 120 38 likhet
1607 218 87 37 med
1722 214 102 37 hvad

630 307 82 24 som
756 289 122 52 gäller
920 287 58 37 för
1019 283 125 49 öfriga
1179 280 82 37 från
1292 274 166 40 nämnda
1488 272 91 37 fond
1606 267 219 41 utlemnade

631 348 75 45 lån,
747 347 140 45 utgöra
928 343 78 33 åtta
1047 339 173 47 procent,
1253 329 111 39 deraf
1392 330 126 34 såsom
1546 329 110 32 ränta
1684 321 142 37 räknas

632 400 84 48 fyra
746 396 73 37 och
848 407 47 23 en
924 390 84 39 half
1028 392 160 47 procent
1216 387 21 34 å
1265 381 167 51 oguldna
1459 375 341 53 kapitalbeloppet.

999 514 72 34 5:0.

366 613 19 37 I
416 609 182 40 afseende
633 610 20 33 å
681 604 161 37 vilkoren
866 606 63 45 för
953 595 209 39 erhållande
1189 593 61 36 och
1278 586 320 52 tillgodonjutande
1626 584 45 48 af
1696 583 42 35 de
1766 582 67 35 här

243 670 109 47 ofvan
377 662 242 53 omförmälda
646 656 224 46 statsbidrag
898 655 99 33 samt
1026 644 201 51 angående
1255 641 197 38 kontrollen
1482 637 98 47 derd,
1598 642 52 30 att
1666 635 168 36 arbetena

242 722 143 45 utföras
415 716 109 48 enligt
551 710 200 52 faststälda
776 707 143 49 planer,
948 703 57 36 får
1032 699 191 38 utskottet
1252 692 212 45 hemställa,

771 817 56 31 att
870 809 45 36 de
962 806 190 37 allmänna
1180 800 126 37 vilkor
1334 797 70 37 och
1432 792 251 46 föreskrifter,
1709 788 130 38 hvilka

643 867 124 37 finnas
796 863 159 48 intagna
982 858 13 36 i
1015 855 242 48 Riksdagens
1286 847 222 39 skrifvelser
1536 844 57 37 till
1621 844 220 45 Konungen

646 920 74 36 den
762 919 45 34 27
851 912 98 51 april
992 911 94 35 1881
1131 906 76 49 (n:o
1250 902 60 50 69)
1345 901 71 37 och
1450 899 73 36 den
1555 899 44 34 11
1626 894 86 51 juni
1744 894 96 35 1883

646 975 77 42 (n:o
766 967 73 49 67),
882 966 74 35 den
997 972 135 26 senare
1161 954 228 40 skrifvelsen
1414 949 166 53 jemförd
1614 947 85 37 med
1728 957 113 25 mom.

649 1027 60 34 4:0
734 1021 40 38 af
793 1017 241 49 Riksdagens
1063 1009 202 40 skrifvelse
1288 1007 73 37 den
1391 1006 21 35 5
1440 1003 73 48 maj
1548 1002 96 37 1885
1672 999 74 49 (n:o
1769 995 74 50 30),

650 1070 234 42 fortfarande
914 1067 108 38 skola
1050 1064 118 38 blifva
1196 1059 188 52 gällande.

388 1182 223 41 Stockholm
637 1181 75 36 den
739 1180 42 34 17
813 1172 166 40 februari
1010 1171 109 36 1887.

757 1281 53 36 På
839 1276 312 39 statsutskottets
1179 1275 163 43 vägnar:

836 1379 200 41 GUSTAF
1067 1373 204 41 SPARRE.

931 1689 277 40 Reservation

398 1809 62 35 vid
483 1806 208 49 punkterna
711 1803 52 34 1:0
784 1796 216 50 (angående
1021 1788 362 53 väganläggningar
1403 1784 71 37 och
1492 1771 369 63 vägförbättringar)

270 1864 61 37 och
359 1862 57 36 5:0
444 1855 217 52 (angående
689 1850 204 49 vilkoren):

404 1912 40 37 af
467 1912 88 35 herr
582 1910 45 35 ÅA.
657 1908 156 35 Persson
842 1903 3 36 i
867 1902 165 46 Mörarp,
1057 1910 82 24 som
1160 1898 127 33 ansett
1306 1891 74 36 den
1400 1886 165 48 ändring
1583 1885 14 36 i
1615 1897 51 23 nu
1687 1878 178 53 gällande

274 1967 125 36 vilkor
426 1965 94 35 böra
556 1960 183 45 beslutas,
781 1961 55 32 att
877 1952 135 47 anslag
1052 1948 59 37 till
1140 1941 360 54 väganläggningar
1529 1937 71 37 och
1628 1932 239 52 vägförbätt-

275 2020 133 47 ringar
448 2016 32 48 ej
523 2014 105 48 finge
656 2011 234 37 bestämmas
922 2004 58 37 till
1007 2002 120 47 högre
1167 1997 141 49 belopp
1337 1999 47 32 än
1412 1993 116 47 högst
1555 1987 147 38 hälften
1729 1984 42 37 af
1794 1983 74 37 den

275 2069 220 39 beräknade
523 2063 215 39 kostnaden
767 2059 121 48 enligt
916 2057 73 36 den
1016 2051 202 39 faststälda
1246 2045 279 50 arbetsplanen.
