2164 2636
614 154 345 33 Jordbruksutskottets
983 154 160 33 utlåtande
1166 154 53 31 Nr
1241 155 43 32 24
1296 156 43 30 ÅA.
1740 158 16 30 7

332 231 263 50 Utredningen
624 234 9 34 i
664 233 155 38 ärendet
860 235 203 35 återfinnes
1091 235 12 35 i
1140 233 413 49 statsrådsprotokollet
1589 235 67 37 sid.
1687 238 112 35 2—6.

330 335 84 36 Den
443 336 12 36 i
483 337 153 36 ärendet
664 351 51 23 nu
744 338 221 48 förebragta
1000 338 254 48 utredningen
1284 351 113 36 synes
1426 338 91 48 giva
1546 339 62 36 vid
1638 340 161 45 handen,

200 391 54 31 att
297 386 315 51 arbetsmängden
654 392 47 46 på
743 390 405 49 lantbruksstyrelsens
1189 389 292 50 lantbruksbyrå
1509 391 107 36 vuxit
1643 392 12 36 i
1683 392 117 37 sådan

198 439 106 47 grad,
335 444 56 31 att
417 439 125 37 behov
569 454 157 23 numera
753 442 74 36 kan
857 455 109 23 anses
994 442 188 48 föreligga
1210 455 45 23 av
1284 442 236 37 anställande
1536 443 65 36 där
1620 457 46 23 av
1684 450 117 42 ytter-

199 490 118 48 ligare
359 504 46 23 en
448 504 103 24 mera
585 492 242 38 kvalificerad
857 494 387 48 befattningshavare.
1300 493 178 37 Närmast
1506 495 104 36 torde
1638 496 163 36 behovet

199 542 119 36 härav
344 556 91 23 vara
464 543 178 37 föranlett
671 558 46 23 av
746 558 46 24 en
834 545 146 37 önskan
1017 551 54 30 att
1098 546 128 35 kunna
1253 545 122 37 bättre
1402 546 202 49 tillgodose
1633 547 166 37 behand-

198 594 132 48 lingen
373 608 46 22 av
460 595 392 49 trädgårdsärendena
892 597 102 37 inom
1023 596 397 50 lantbruksstyrelsen,
1448 598 101 36 vilka
1578 598 59 37 för
1664 604 135 31 närva-

197 645 117 36 rande
344 646 238 49 handläggas
611 650 20 33 å
660 648 124 37 denna
811 650 105 49 byrå.
971 649 196 37 Utskottet
1193 649 66 36 vill
1287 648 128 37 därför
1442 649 82 37 icke
1545 655 175 32 motsätta
1739 651 61 49 sig

198 697 183 48 förslaget
422 711 62 23 om
524 699 237 49 uppförande
788 702 13 35 i
829 701 407 49 lantbruksstyrelsens
1279 705 76 32 stat
1397 714 46 23 av
1484 706 101 32 ännu
1614 716 46 23 en
1688 703 111 49 byrå-

199 749 176 36 direktör.
433 750 80 36 Mot
554 751 44 36 de
640 752 59 36 för
740 753 122 37 denne
890 753 374 48 befattningshavare
1293 759 197 42 upptagna
1518 754 281 49 avlöningsför-

197 803 131 34 måner
368 801 69 36 har
476 803 188 37 utskottet
704 805 95 36 intet
840 811 54 30 att
935 806 132 36 erinra.
1123 804 57 36 Då
1208 805 206 35 emellertid
1443 805 122 49 enligt
1593 806 205 37 utskottets

198 853 251 49 uppfattning
485 855 132 36 enbart
644 857 413 48 trädgårdsärendenas
1085 856 294 49 handläggning
1406 856 81 37 icke
1516 857 107 37 torde
1652 858 146 37 behöva

198 910 90 42 taga
316 917 46 24 en
391 906 117 35 sådan
536 906 398 49 befattningshavares
955 909 83 36 hela
1058 908 53 36 tid
1132 908 11 35 i
1163 908 176 49 anspråk,
1360 910 222 35 förutsätter
1600 910 196 48 utskottet,

197 961 56 30 att
280 957 13 35 i
321 956 73 36 den
432 960 86 33 mån
546 958 101 36 tiden
681 960 135 36 sådant
843 960 150 48 tillåter,
1022 963 37 33 åt
1087 960 121 36 denne
1236 960 231 49 tjänsteman
1497 961 218 49 uppdrages
1745 968 53 30 att

190 1008 146 47 jämväl
377 1014 91 40 taga
513 1009 217 51 befattning
777 1013 85 36 med
905 1013 116 35 andra
1058 1015 21 33 å
1114 1010 317 51 lantbruksbyrån
1488 1012 309 38 förekommande

197 1059 175 36 ärenden.
424 1060 86 37 Med
540 1061 148 49 hänsyn
717 1064 96 36 dock
840 1064 58 36 till
928 1071 54 30 att
1010 1067 124 33 såsom
1163 1076 98 23 ovan
1289 1069 145 42 antytts
1463 1064 95 37 hans
1578 1065 217 36 huvudsak-

196 1111 79 48 liga
303 1112 155 48 uppgift
499 1114 108 36 torde
636 1114 101 37 bliva
765 1121 55 31 att
848 1116 189 37 företräda
1065 1115 372 49 trädgårdsskötseln
1465 1116 102 36 inom
1596 1117 199 48 styrelsen,

196 1163 69 36 bör
291 1163 163 47 givetvis
482 1165 63 36 vid
573 1166 287 49 befattningens
889 1168 232 36 tillsättande
1149 1167 131 46 tillses,
1302 1173 53 30 att
1374 1180 137 36 person
1530 1168 158 36 erhålles
1708 1169 85 36 med

197 1214 127 36 härför
364 1216 246 49 erforderliga
644 1218 312 37 kvalifikationer.
1011 1218 196 48 Förslaget
1233 1223 56 31 att
1316 1218 13 35 i
1357 1219 183 36 samband
1569 1220 85 36 med
1682 1220 113 36 inrät-

196 1265 113 37 tande
338 1279 47 22 av
414 1267 72 37 den
514 1281 75 36 nya
616 1268 264 51 befattningen
909 1271 73 36 öka
1009 1270 203 49 styrelsens
1241 1270 136 48 anslag
1403 1270 57 35 till
1480 1283 185 37 expenser
1680 1285 48 22 m.
1746 1285 48 22 m.

195 1317 86 36 med
312 1318 113 46 2,000
454 1319 139 36 kronor
626 1321 210 38 föranleder
867 1323 83 36 icke
982 1325 127 45 någon
1129 1321 237 49 invändning
1385 1322 84 35 från
1482 1322 204 37 utskottets
1701 1323 91 37 sida.

325 1369 128 38 Under
481 1371 236 49 åberopande
746 1387 45 22 av
820 1375 63 36 det
911 1374 157 37 anförda
1096 1373 215 36 hemställer
1337 1373 197 48 utskottet,

723 1483 56 30 att
818 1478 205 49 riksdagen
1064 1480 60 34 må

726 1531 75 35 dels
849 1530 205 48 godkänna
1096 1528 142 38 sådana
1280 1529 206 48 ändringar
1526 1530 11 36 i
1579 1530 215 36 lantbruks-

596 1581 205 47 styrelsens
843 1588 87 41 stat,
974 1588 52 30 att
1068 1582 191 47 tillämpas
1288 1580 84 36 från
1401 1581 71 36 och
1500 1582 84 35 med
1613 1585 40 33 år
1684 1584 109 45 1921,

597 1638 54 29 att
678 1632 12 35 i
719 1639 121 30 staten
869 1634 178 48 uppföres
1066 1632 223 51 ytterligare
1311 1645 46 23 en
1377 1632 264 49 byrådirektör
1661 1637 20 32 å
1696 1634 97 35 lant-

597 1683 237 48 bruksbyrån
877 1685 85 36 med
1002 1685 64 36 lön
1096 1685 113 46 3,600
1238 1684 152 47 kronor,
1420 1684 372 49 tjänstgöringspen-

595 1734 138 48 ningar
764 1738 110 41 1,800
899 1736 141 36 kronor
1068 1736 69 36 och
1167 1735 222 48 ortstillägg
1416 1736 74 35 400
1519 1736 139 36 kronor
1674 1737 121 47 jämte

595 1788 63 33 två
699 1787 266 49 ålderstillägg
1005 1790 20 33 å
1068 1789 73 35 500
1184 1788 142 34 kronor
1366 1787 94 36 efter
1500 1790 20 34 5
1549 1801 96 35 resp.
1679 1789 46 34 10
1755 1791 39 33 år

595 1843 98 30 samt
722 1844 54 30 att
805 1839 288 49 anslagsposten
1122 1838 56 37 till
1203 1851 261 33 amanuenser,
1485 1845 106 30 extra
1612 1839 180 47 biträden,

595 1889 439 50 vikariatsersättningar
1074 1891 68 36 och
1186 1903 184 35 expenser
1412 1890 106 47 höjes
1548 1892 80 34 från
1655 1892 139 46 32,000

598 1940 139 37 kronor
766 1942 83 37 med
880 1944 111 46 2,000
1021 1943 136 36 kronor
1185 1942 56 35 till
1270 1943 139 44 34,000
1439 1942 150 47 kronor,

725 1993 11 35 1
778 1994 94 49 följd
915 2007 115 23 varav
1072 1999 143 31 statens
1257 1993 226 36 slutsumma
1525 1994 170 36 kommer
1741 1999 53 31 att

596 2043 91 36 ökas
733 2044 83 36 från
866 2047 162 44 158,300
1074 2046 140 35 kronor
1260 2045 85 35 med
1394 2046 111 45 7,800
1551 2046 141 35 kronor
1738 2046 54 35 till

600 2095 160 45 166,100
789 2096 153 44 kronor;

725 2147 76 35 dels
830 2149 62 34 ock
919 2148 63 35 vid
1011 2147 104 36 bifall
1144 2146 127 37 härtill
1301 2147 88 48 böja
1414 2146 186 37 ordinarie
1620 2148 173 48 anslaget

596 2196 54 35 till
678 2197 384 50 lantbruksstyrelsen
1093 2199 80 35 från
1209 2200 163 44 158,300
1398 2199 138 35 kronor
1565 2199 84 36 med
1680 2201 113 45 7,800

597 2248 135 36 kronor
761 2249 54 35 till
850 2251 159 45 166.100
1039 2250 148 36 kronor.

1858 352 129 24 Utskottet.
