2168 2636
637 160 347 33 Jordbruksutskottets
1006 160 168 33 utlåtande
1197 161 51 32 Nr
1270 162 42 32 24
1338 162 40 31 A.
1728 162 40 32 17

341 239 97 48 14:0)
468 238 129 38 Under
637 239 121 49 punkt
803 241 46 35 10
887 239 69 37 har
990 239 141 50 Kungl.
1162 240 106 50 Maj:t
1296 240 197 50 föreslagit
1521 241 207 49 riksdagen
1758 247 54 32 att
1842 251 187 39 Beparations-

208 291 58 36 för
310 290 199 38 utförande
551 305 46 22 av
638 291 103 37 vissa
780 292 392 49 reparationsarbeten
1216 292 62 37 vid
1319 292 388 38 lantbruksinstitutet
1747 294 64 36 vid
1846 286 180 59 jrjen
1979 282 51 67 vid

208 342 142 38 Ultuna
387 345 21 34 å
441 349 104 31 extra
573 349 77 31 stat
678 344 58 36 för
764 346 41 33 år
835 346 94 35 1921
961 343 133 38 anvisa
1122 349 53 32 ett
1203 346 390 48 reservationsanslag
1620 359 47 23 av
1696 347 115 46 8,000
1851 356 102 25 stitutet
1977 356 44 24 vid

208 389 149 60 kronor.
1882 391 106 25 Ultuna.

337 446 267 49 Utredningen
632 447 201 37 återfinnes
863 450 20 33 å
910 447 68 37 sid.
1010 450 47 34 39
1086 449 12 35 i
1127 449 421 49 statsrådsprotokollet.
1829 443 210 83 "EhH01

337 568 55 36 De
434 568 166 37 avsedda
640 568 418 49 reparationsarbetena
1099 574 65 32 äro
1205 570 240 49 påläggning
1487 584 47 22 av
1567 584 75 36 nya
1669 571 66 36 tak
1764 575 47 46 på
1869 582 130 25 Utskottet.

206 619 334 38 rektorsbostaden
583 619 72 38 och
697 620 72 36 den
807 634 27 23 s.
865 621 35 36 k.
931 626 103 32 östra
1061 621 156 49 flygeln,
1246 622 230 49 inläggning
1504 635 47 23 av
1578 636 75 36 nya
1681 623 90 49 golv
1799 624 14 36 i

208 671 337 50 elevbyggnadens
587 673 224 47 korridorer,
853 673 187 49 utvändig
1067 674 245 49 oljemålning
1340 687 46 23 av
1415 673 156 48 fönster,
1600 675 213 50 plåtbeslag

209 737 47 22 m.
286 738 48 22 m.
365 726 20 34 å
414 724 109 37 dessa
549 724 230 50 byggnader
807 729 98 32 samt
934 738 47 23 av
1009 725 85 37 hela
1122 725 365 50 museibyggnaden.
1543 725 267 39 Kostnaderna

208 779 63 33 äro
300 775 213 37 beräknade
542 777 57 36 till
628 776 255 49 sammanlagt
913 778 137 45 16,000
1086 778 149 35 kronor.

337 827 57 36 Då
431 830 121 34 såsom
596 828 320 49 myndigheterna
958 829 207 36 framhållit
1193 835 54 31 ett
1275 829 149 37 fortsatt
1452 831 284 49 uppskjutande
1765 845 47 22 av

207 878 288 50 ifrågavarande
536 880 395 49 reparationsarbeten
973 881 64 36 vid
1077 881 188 37 institutet
1300 881 74 36 kan
1415 881 149 38 befaras
1606 883 106 36 skola
1753 884 59 36 för

208 930 276 50 byggnaderna
512 931 170 37 medföra
725 932 173 49 allvarlig
926 932 129 48 skada,
1077 945 110 24 anser
1205 933 184 36 utskottet
1407 934 12 35 i
1438 933 118 38 likhet
1576 934 84 37 med
1681 934 132 50 depar-

208 983 308 47 tementschefen,
559 989 55 31 att
652 984 57 36 för
736 983 173 37 vartdera
937 997 47 23 av
1013 987 87 34 åren
1133 986 97 35 1920
1254 985 71 36 och
1356 987 94 35 1921
1482 986 69 37 bör
1579 987 150 36 anvisas
1760 992 53 32 ett

208 1034 136 50 anslag
372 1048 46 23 av
446 1036 112 47 8,000
587 1035 149 37 kronor.

338 1086 194 38 Utskottet
560 1088 172 36 kommer
761 1092 55 32 att
844 1093 93 44 göra
965 1088 162 37 särskild
1151 1089 222 37 hemställan
1393 1102 60 24 om
1475 1089 339 51 tilläggsanslaget

207 1138 60 36 för
295 1141 40 34 år
366 1141 108 34 1920.

338 1190 197 37 Utskottet
565 1191 217 36 hemställer
811 1205 62 34 nu,

752 1301 53 30 att
845 1296 205 49 riksdagen
1092 1299 61 34 må
1181 1297 58 36 för
1258 1297 199 37 utförande
1478 1311 45 23 av
1542 1298 102 36 vissa
1664 1311 149 37 repara-

608 1347 258 37 tionsarbeten
894 1347 64 37 vid
986 1348 391 38 lantbruksinstitutet
1403 1349 63 37 vid
1494 1350 143 37 Ultuna
1666 1353 20 33 å
1707 1356 107 31 extra

608 1404 76 30 stat
713 1399 58 36 för
799 1401 40 34 år
869 1401 95 34 1921
997 1400 132 37 anvisa
1148 1407 55 30 ett
1220 1401 392 49 reservationsanslag
1631 1415 47 23 av
1699 1403 113 46 8,000

608 1450 151 37 kronor.

339 1588 96 49 15:0)
465 1588 128 38 Under
636 1590 123 48 punkt
803 1592 42 34 11
891 1590 67 36 har
992 1591 140 49 Kungl.
1162 1592 108 49 Maj:t
1297 1592 195 49 föreslagit
1519 1592 204 50 riksdagen
1752 1598 55 32 att
1828 1608 206 39 Arbetarbostad

208 1641 58 36 för
294 1640 237 50 uppförande
560 1654 46 22 av
635 1654 46 23 en
710 1641 285 37 arbetarbostad
1023 1643 63 36 vid
1115 1643 165 50 Alnarps
1308 1644 177 49 trädgård
1512 1645 133 36 anvisa
1662 1648 23 33 å
1702 1651 107 31 extra
1837 1642 44 24 vid
1900 1643 118 30 Alnarps

844 1693 6 6 :
1861 1678 137 24 trädgård.

207 1696 75 32 stat
309 1692 57 36 för
394 1695 40 33 år
465 1694 95 34 1921
592 1698 52 31 ett
671 1693 390 50 reservationsanslag
1089 1708 46 22 av
1164 1696 138 46 25,000
1331 1696 148 36 kronor.
1923 1686 15 24 7

1824 1730 83 30 (extra
1927 1730 105 30 anslag.)

337 1803 194 37 Utskottet
572 1804 68 36 har
680 1818 47 22 av
769 1805 254 49 utredningen
1060 1807 12 35 i
1110 1807 154 37 ärendet
1304 1812 176 32 ävensom
1522 1821 138 35 genom
1690 1808 116 37 besök
1864 1824 133 24 utskottet.

208 1857 48 47 på
283 1856 147 47 platsen
459 1856 160 36 kommit
647 1856 57 36 till
732 1856 116 37 insikt
877 1857 129 37 därom
1037 1863 55 31 att
1111 1858 166 50 verkligt
1296 1859 123 37 behov
1440 1860 207 49 föreligger
1666 1873 46 23 av
1731 1860 74 37 den

207 1907 218 49 föreslagna
453 1921 75 34 nya
555 1908 246 49 byggnaden.
858 1909 72 36 Det
962 1910 129 36 härför
1118 1910 214 37 beräknade
1373 1911 177 50 beloppet
1592 1912 213 37 föranleder

205 1959 82 35 icke
316 1961 126 47 någon
471 1960 202 36 utskottets
709 1960 162 36 erinran.
928 1961 16 35 I
973 1962 117 36 likhet
1132 1962 84 36 med
1254 1963 412 49 departementschefen
1695 1977 110 23 anser

206 2010 195 47 utskottet,
430 2015 54 31 att
512 2011 148 36 medlen
691 2011 91 36 böra
811 2011 154 37 beredas
994 2026 139 35 genom
1163 2015 132 47 anslag
1323 2017 20 33 å
1372 2014 216 37 riksstaten.

337 2061 191 37 Utskottet
557 2062 225 47 hemställer,

736 2163 53 30 att
816 2157 205 49 riksdagen
1052 2162 60 33 må
1142 2159 57 36 för
1226 2160 236 49 uppförande
1491 2174 47 22 av
1567 2174 47 23 en
1642 2161 167 36 arbetar-

608 2208 131 36 bostad
783 2209 62 36 vid
883 2210 163 48 Alnarps
1088 2210 178 49 trädgård
1305 2212 132 36 anvisa
1465 2215 20 33 å
1515 2217 106 31 extra
1651 2218 74 30 stat
1753 2213 57 36 för

606 2262 40 33 år
678 2262 94 34 1921
803 2266 54 30 ett
884 2261 390 50 reservationsanslag
1303 2276 45 22 av
1377 2265 138 44 25,000
1545 2263 150 37 kronor.

211 2318 125 41 Bihang
360 2318 48 31 till
432 2318 186 43 riksdagens
639 2320 158 41 protokoll
822 2321 92 32 1920.
952 2322 41 31 10
1016 2322 90 31 saml.
1144 2323 42 31 12
1212 2322 78 41 häft.
1324 2323 66 39 (Nr
1413 2324 42 31 24
1482 2324 119 31 A—24
1627 2323 52 39 B)
1749 2324 19 31 3
