2208 2620
195 426 133 23 Utskottet.

185 972 89 24 Rikets
294 973 49 24 all-

167 1009 101 22 männa
288 1008 80 22 kart-

228 1043 71 24 verk.

160 1094 137 32 (ordinarie
325 1102 45 16 an-

225 1130 73 29 slag.)

214 1165 94 46 [92.]

430 148 41 32 88
817 145 348 32 Jordbruksutskottets
1187 143 165 33 utlåtande
1374 143 55 32 Nr
1451 145 43 30 24
1507 145 41 30 ÅA.

386 225 212 37 emellertid
645 224 226 36 framhållits
917 237 92 22 vara
1050 223 137 36 endast
1232 222 317 50 approximativa,
1597 222 183 48 framgår,
1825 224 55 32 att
1909 232 89 24 man

385 280 129 46 utgått
540 277 113 47 ifrån,
683 281 55 31 att
766 276 146 36 arbetet
939 275 13 36 i
981 275 108 48 fråga
1116 275 210 48 lämpligen
1354 274 118 36 borde
1501 273 163 37 fördelas
1692 276 49 46 på
1765 273 84 49 fyra
1869 274 40 33 år
1928 271 70 36 och

385 334 58 31 att
470 328 277 37 årskostnaden
774 327 207 37 beräknats
1009 327 58 35 till
1095 340 99 22 ovan
1224 326 169 49 angivna
1420 325 151 50 belopp.

515 414 134 37 Såsom
691 414 172 48 framgår
905 427 46 22 av
993 412 258 37 ovanstående
1279 413 69 35 har
1377 412 215 46 beräknats,
1622 418 55 30 att
1704 408 295 51 ifrågavarande

385 467 129 36 arbete
555 466 124 37 skulle
719 466 143 36 utföras
907 465 118 36 under
1066 465 133 48 loppet
1239 478 47 22 av
1329 464 84 49 fyra
1441 466 40 34 år
1509 464 84 36 med
1622 477 47 23 en
1697 461 226 37 årskostnad
1953 474 47 23 av

387 520 139 44 60,000
568 519 152 35 kronor.
776 516 130 38 Under
947 517 152 36 erinran
1140 522 54 30 att
1238 515 134 49 anslag
1401 516 58 35 för
1488 515 118 36 första
1636 518 156 45 gången
1821 513 178 49 beviljats

386 570 59 36 för
473 573 41 33 år
546 571 99 35 1920
674 569 221 37 hemställer
923 568 198 47 utskottet,

921 642 56 31 att
997 636 209 49 riksdagen
1226 639 61 34 må
1306 636 56 36 till
1382 636 176 48 åtgärder
1578 636 60 35 för
1657 633 344 49 skifteslagsindel-

791 689 94 47 ning
912 689 14 35 i
953 689 100 36 vissa
1081 688 105 37 delar
1214 702 48 22 av
1289 688 277 49 Kopparbergs
1594 688 62 35 län
1677 689 21 34 å
1717 692 107 31 extra
1847 691 77 30 stat
1943 685 59 35 för

791 744 40 32 år
864 742 96 34 1921
987 741 130 35 anvisa
1136 746 54 30 ett
1208 739 391 49 reservationsanslag
1619 753 47 22 av
1688 739 139 45 60,000
1848 737 151 36 kronor.

808 869 200 38 Rikets
1036 867 279 38 allmänna
1343 867 288 38 kartverk.

519 961 101 46 97:0)
659 958 129 37 Under
825 957 124 49 punkt
986 958 47 34 92
1067 956 69 35 har
1171 955 140 48 Kungl.
1343 955 110 48 Maj:t
1482 954 201 49 föreslagit
1710 954 208 48 riksdagen
1947 957 56 31 att

388 1012 79 36 dels
497 1011 84 36 från
610 1010 71 36 och
710 1009 84 36 med
824 1012 39 32 år
895 1010 111 44 1921,
1028 1007 86 36 med
1132 1007 243 36 uteslutande
1394 1020 45 22 ur
1459 1006 332 47 avlöningsstaten
1807 1005 59 35 för
1883 1004 119 36 rikets

390 1064 191 35 allmänna
610 1060 253 38 kartverk
810 1052 51 58 av
892 1065 56 30 tre
977 1058 199 48 kvinnliga
1203 1058 112 36 ritare
1335 1057 88 36 med
1442 1058 59 35 för
1522 1057 87 36 dem
1629 1058 10 34 i
1661 1062 124 31 staten
1805 1056 199 37 bestämda

390 1114 239 48 avlöningar,
672 1113 11 35 i
726 1125 146 23 samma
914 1116 75 30 stat
1016 1110 165 49 uppföra
1209 1115 55 30 tre
1292 1108 202 49 kvinnliga
1521 1109 114 35 ritare
1663 1108 85 36 med
1779 1108 185 48 avlöning
1991 1106 13 36 i

389 1166 120 36 likhet
550 1165 89 36 med
681 1163 202 48 kvinnliga
911 1162 173 36 biträden
1122 1174 46 23 av
1196 1161 124 47 tredje
1348 1160 158 49 graden,
1537 1160 80 36 dels
1646 1160 64 35 vid
1739 1159 107 36 bifall
1875 1158 129 37 härtill

389 1218 89 49 höja
505 1216 199 38 bestämda
731 1215 176 48 anslaget
935 1214 58 35 till
1020 1213 119 36 rikets
1164 1213 189 35 allmänna
1372 1211 180 37 kartverk
1572 1211 83 36 från
1676 1212 166 46 210,845
1863 1211 142 36 kronor

390 1269 84 37 med
520 1270 112 45 1,200
674 1268 140 35 kronor
854 1266 58 35 till
951 1266 178 46 212,045,
1172 1264 83 36 dels
1284 1263 192 48 medgiva,
1507 1269 55 30 att
1590 1263 178 48 kvinnlig
1795 1263 116 36 ritare
1939 1261 65 37 vid

390 1321 232 47 kartverket,
652 1332 81 23 som
762 1319 85 35 från
876 1318 72 36 och
976 1316 85 37 med
1097 1319 40 33 år
1168 1318 96 34 1921
1295 1315 198 36 befordras
1522 1315 56 35 till
1607 1314 179 49 kvinnlig
1813 1315 116 35 ritare
1957 1327 47 22 av

390 1373 121 48 tredje
553 1371 146 50 graden
740 1370 209 45 därstädes,
992 1371 63 33 må
1096 1368 59 36 för
1196 1367 265 48 ålderstillägg
1488 1366 13 36 i
1529 1366 124 36 denna
1680 1365 222 49 befattning
1929 1365 75 36 till-

390 1424 223 50 godoräkna
641 1423 62 49 sig
731 1422 72 37 den
832 1422 69 47 tid,
930 1420 190 37 varunder
1149 1419 76 36 hon
1258 1418 84 37 med
1372 1418 75 36 fast
1476 1418 236 47 anställning
1738 1418 99 36 varit
1866 1416 139 50 syssel-

390 1481 78 32 satt
507 1475 86 37 med
636 1472 426 52 reproduktionsarbete
1110 1472 57 35 för
1207 1469 239 38 kartverkets
1486 1469 178 48 räkning,
1695 1469 80 36 dels
1808 1469 71 36 ock
1917 1468 89 49 höja

390 1527 346 49 förslagsanslaget
763 1526 58 36 till
850 1524 263 48 ålderstillägg
1132 1523 63 36 vid
1215 1523 119 36 rikets
1354 1522 191 36 allmänna
1560 1520 179 37 kartverk
1760 1523 83 34 från
1864 1520 140 47 29,455

390 1580 140 36 kronor
558 1579 85 36 med
676 1579 137 46 11,700
843 1577 141 36 kronor
1011 1576 56 36 till
1097 1577 139 45 41,155
1265 1575 152 36 kronor.

521 1630 266 48 Utredningen
828 1630 12 34 i
887 1627 156 37 ärendet
1085 1627 204 36 återfinnes
1332 1629 21 33 å
1395 1626 69 36 sid.
1510 1626 203 35 304—305
1754 1624 11 36 i
1804 1623 202 37 statsråds-

391 1683 243 49 protokollet.

522 1733 200 38 Ordinarie
764 1732 175 48 anslaget
980 1730 57 37 till
1073 1730 118 36 rikets
1220 1729 191 37 allmänna
1440 1728 178 37 kartverk
1647 1732 189 45 upptages
1864 1727 11 35 i
1906 1730 99 33 årets

389 1787 158 36 riksstat
575 1785 174 37 sålunda:

593 1843 238 50 avlöningar,
862 1846 149 35 bestämt
1039 1844 131 44 anslag
1181 1872 238 6 .......———=—-
1453 1841 141 36 kronor
1624 1841 164 46 210,845

594 1897 275 48 ålderstillägg,
893 1895 299 46 förslagsanslag
1213 1924 205 5 ......———=..
1519 1905 18 23 »
1650 1893 139 46 29,455

592 1948 243 55 kartarbeten
877 1961 49 22 m.
961 1960 62 33 m.,
1057 1946 368 44 reservalionsanslag
1523 1957 18 22 >
1585 1940 21 53 -
1623 1944 167 42 201,800

1202 1998 46 3 —
1268 2006 158 36 Summa
1454 2005 141 36 kronor
1624 1996 178 55 442,100.

522 2080 18 35 I
568 2078 331 49 avlöningsstaten
937 2077 59 36 för
1033 2076 217 36 kartverket
1277 2081 190 43 upptagas
1496 2076 22 34 8
1546 2073 204 48 kvinnliga
1777 2073 116 36 ritare
1920 2072 87 36 med

392 2131 185 48 avlöning
623 2134 124 33 såsom
784 2129 203 48 kvinnliga
1028 2127 173 37 biträden
1242 2127 13 36 i
1297 2126 116 36 andra
1454 2124 306 49 normalgraden.
1818 2123 191 48 Samtliga

391 2183 112 37 dessa
543 2183 245 47 sysselsättas
831 2181 65 36 vid
924 2179 238 37 kartverkets
1191 2178 209 48 avdelning
1428 2178 58 36 för
1514 2176 249 37 ekonomiska
1792 2176 71 35 och
1891 2180 116 31 stom-

393 2230 274 59 kartearbeten.
1306 2244 3 4 i
