1890 2860
577 196 229 28 Statsutskottets
828 195 148 28 utlåtande
999 195 48 27 Nr
1069 192 72 31 105.
1579 191 20 30 5

90 272 107 32 krona
219 271 119 32 väckta
359 271 219 42 likalydande
605 270 215 32 motionerna
842 270 37 41 (I:
905 270 61 32 130
989 268 64 33 och
1075 268 47 32 II:
1149 268 81 41 154).
1276 268 118 31 Härav
1416 267 109 42 följer,
1550 269 49 29 att

91 323 169 31 utskottet
282 322 176 41 avstyrker
480 321 117 32 herrar
618 321 32 31 J.
675 321 38 31 B.
737 320 220 32 Johanssons
981 319 63 32 och
1068 319 212 41 Holmgrens
1303 329 43 21 m.
1371 318 32 31 fl.
1428 318 172 31 motioner

91 373 37 41 (I:
156 373 58 31 129
237 372 63 32 och
323 372 47 31 II:
396 371 70 42 153)
489 373 160 30 ävensom
673 371 42 32 de
738 382 40 20 av
801 371 117 31 herrar
934 369 81 33 Olof
1031 369 129 32 Olsson
1178 369 64 31 och
1258 368 205 42 Lindhagen
1480 367 120 32 väckta

91 423 215 32 motionerna
328 422 37 42 (I:
385 423 60 31 128
468 422 64 32 och
555 422 26 31 I:
599 421 82 42 216),
705 421 216 33 sistnämnda
944 420 131 32 motion
1099 419 10 32 i
1133 419 65 32 vad
1214 419 66 32 den
1298 430 98 21 avser
1412 418 187 32 anvisande

90 485 41 20 av
152 474 106 42 högre
280 473 129 42 belopp
432 473 53 32 för
507 473 62 31 här
590 472 255 42 ifrågavarande
869 471 156 32 ändamål
1049 472 43 30 än
1116 470 117 38 32,000
1256 470 137 31 kronor.

143 524 219 32 Beträffande
385 524 79 32 herr
487 523 221 42 Lindhagens
731 523 11 31 i
766 522 233 42 nyssnämnda
1023 521 132 32 motion
1177 520 120 42 gjorda
1313 520 218 38 hemställan,
1548 521 50 30 att

92 576 154 41 anslaget
268 575 53 32 till
344 574 349 43 upplysningsarbete
715 574 53 31 för
790 573 119 32 freden
933 572 110 32 skulle
1066 572 73 31 helt
1155 572 82 31 eller
1253 571 109 32 delvis
1378 572 82 40 utgå
1476 581 122 31 genom

92 626 240 32 motsvarande
366 625 199 42 minskning
593 625 12 31 i
638 625 155 41 anslaget
815 624 54 31 till
892 624 58 31 det
972 622 161 42 frivilliga
1155 622 290 42 skytteväsendet,
1469 621 60 31 vill
1552 623 49 29 ut-

93 677 129 32 skottet
255 676 111 32 erinra
400 687 66 27 om,
490 677 49 30 att
572 675 175 32 motionen
771 675 10 31 i
806 674 113 32 denna
949 674 55 31 del
1028 684 40 21 av
1091 673 183 41 riksdagen
1297 672 107 32 redan
1427 672 173 41 avslagits.

144 727 19 31 I
195 728 93 41 fråga
321 738 56 20 om
411 726 263 41 användningen
697 736 40 21 av
760 725 155 41 anslaget
937 724 98 32 torde
1059 724 59 32 det
1140 724 84 31 böra
1246 723 126 32 liksom
1397 723 127 31 hittills
1548 734 55 19 an-

92 778 137 32 komma
261 779 44 41 på
338 777 128 41 Kungl.
500 777 98 41 Maj:t
631 779 50 29 att
713 775 132 33 fördela
867 775 43 32 de
933 774 162 32 anvisade
1119 774 136 32 medlen
1278 774 86 31 efter
1386 773 12 31 i
1421 773 180 31 huvudsak

93 839 129 21 samma
254 828 160 42 grunder,
439 839 74 20 som
545 827 123 32 vunnit
700 826 220 42 tillämpning
953 825 58 32 vid
1044 825 239 41 fördelningen
1306 835 41 20 av
1370 824 156 42 anslaget
1548 824 52 31 för

92 880 204 41 budgetåret
331 878 189 33 1931/1932.
565 878 97 31 Dock
695 877 59 32 vill
788 877 171 32 utskottet
992 887 74 21 som
1100 876 55 31 sin
1178 875 139 42 mening
1339 875 188 38 framhålla,
1551 876 51 29 att

94 930 138 32 särskilt
266 929 128 32 sådana
424 928 348 42 sammanslutningar
793 928 85 31 böra
901 927 128 32 erhålla
1051 926 201 39 understöd,
1275 925 92 32 vilka
1389 926 12 31 i
1424 927 74 30 vårt
1520 925 81 32 land

92 981 82 41 vilja
196 980 118 42 sprida
336 980 213 42 upplysning
571 991 55 20 om
649 978 246 33 fredsarbetets
919 978 67 31 mål
1009 978 64 31 och
1096 977 112 32 medel
1232 977 83 31 eller
1337 976 91 32 hava
1451 976 53 32 till
1520 986 83 31 upp-

93 1032 63 41 gift
178 1034 50 29 att
251 1031 193 32 samarbeta
466 1030 79 32 med
571 1029 239 33 motsvarande
833 1028 274 42 organisationer
1129 1028 12 31 i
1164 1027 169 32 utlandet.

147 1082 181 32 Utskottet
350 1081 211 38 hemställer,

418 1158 29 40 a)
470 1159 50 30 att
548 1156 183 42 riksdagen
754 1156 11 31 i
789 1156 187 41 anledning
998 1166 39 20 av
1061 1154 126 42 Kungl.
1212 1154 116 42 Maj:ts
1351 1153 255 42 framställning

365 1208 63 32 och
462 1208 117 31 herrar
612 1207 162 32 Nilssons
808 1207 11 31 i
853 1207 130 31 Malmö
1017 1206 64 31 och
1115 1205 203 32 Törnkvists
1349 1204 12 32 i
1391 1204 213 32 Karlskrona

365 1259 171 31 motioner
557 1259 27 31 I:
603 1259 61 31 130
686 1258 63 31 och
772 1258 47 31 II:
838 1257 60 31 154
922 1259 89 29 samt
1026 1256 79 32 med
1121 1256 115 41 avslag
1252 1257 19 30 å
1286 1255 79 32 herr
1380 1255 224 41 Lindhagens

368 1310 132 31 motion
533 1309 27 31 I:
584 1310 71 37 216,
688 1309 12 31 i
722 1308 66 32 vad
811 1309 199 31 densamma
1032 1318 98 21 avser
1152 1306 186 32 anvisande
1362 1317 41 21 av
1425 1306 105 41 högre
1553 1305 54 32 be-

367 1361 84 41 lopp
474 1362 43 30 än
540 1371 74 21 som
637 1359 177 42 upptagits
836 1359 12 31 i
864 1358 237 32 förstnämnda
1116 1357 179 38 motioner,
1312 1358 162 31 ävensom
1491 1356 117 32 herrar

366 1411 32 32 J.
433 1411 39 31 B.
506 1411 219 31 Johanssons
754 1409 65 32 och
853 1409 211 41 Holmgrens
1088 1420 42 20 m.
1154 1408 31 31 fl.
1210 1408 171 31 motioner
1404 1407 27 31 I:
1457 1407 60 31 129
1541 1406 64 32 och

367 1461 47 32 II:
441 1462 68 37 153,
544 1463 63 36 må,
641 1460 12 31 i
685 1460 108 31 likhet
822 1459 79 32 med
923 1459 66 31 vad
1012 1470 73 20 som
1108 1458 53 32 för
1183 1457 230 32 innevarande
1436 1457 169 41 budgetår

368 1514 57 39 ägt
439 1523 85 26 rum,
541 1511 54 31 till
609 1510 320 42 upplysningsarbete
936 1509 60 40 för
1003 1509 121 41 freden
1139 1509 53 31 för
1206 1508 204 41 budgetåret
1427 1508 179 31 1932/1933

368 1562 119 32 anvisa
510 1564 48 29 ett
581 1563 95 30 extra
698 1561 119 41 anslag
839 1572 40 19 av
902 1560 115 38 32,000
1040 1560 141 37 kronor;

420 1612 33 42 b)
471 1614 55 35 att
547 1612 118 31 herrar
687 1611 81 32 Olof
791 1611 148 32 Olssons
962 1610 64 32 och
1049 1609 223 42 Lindhagens
1296 1608 171 32 motioner
1492 1608 27 31 I:
1544 1608 59 31 128

369 1664 65 31 och
467 1663 27 31 I:
519 1664 70 37 216,
624 1662 215 32 sistnämnda
871 1661 132 32 motion
1029 1660 12 32 i
1064 1660 65 32 vad
1153 1660 65 32 den
1242 1670 98 21 avser
1362 1658 239 42 fördelningen

369 1726 40 19 av
436 1714 53 31 till
511 1711 448 44 upplysningsverksamhet
981 1712 52 31 för
1056 1710 118 33 freden
1198 1710 162 32 anvisade
1383 1709 122 38 medel,
1529 1709 74 31 icke

369 1766 55 30 må
446 1764 53 32 till
521 1766 112 39 någon
656 1763 201 41 riksdagens
880 1762 120 42 åtgärd
1022 1761 191 38 föranleda;

423 1814 28 42 ce)
474 1816 50 30 att
556 1815 78 31 herr
666 1813 224 42 Lindhagens
921 1813 132 31 motion
1087 1813 26 30 I:
1139 1813 70 37 216,
1243 1811 11 31 i
1276 1811 67 31 vad
1366 1811 66 31 den
1456 1810 74 32 icke
1553 1810 55 32 be-

370 1866 160 31 handlats
565 1865 109 31 under
696 1864 29 41 a)
748 1864 63 31 och
835 1863 33 41 b)
891 1864 62 30 här
986 1874 87 20 ovan
1108 1863 83 31 eller
1224 1862 105 31 redan
1356 1861 88 32 varit
1466 1860 142 33 föremål

370 1917 53 31 för
445 1916 202 40 riksdagens
670 1914 178 42 prövning,
872 1913 74 31 icke
970 1915 55 29 må
1047 1924 40 20 av
1110 1912 182 41 riksdagen
1316 1912 147 31 bifallas.

156 1975 199 32 Stockholm
380 1975 66 31 den
470 1975 40 30 24
533 1974 65 40 maj
625 1973 89 32 1932.

599 2058 49 31 På
671 2056 277 33 statsutskottets
972 2058 139 39 vägnar:

619 2134 33 32 S.
677 2134 44 31 H.
746 2132 350 33 KVARNZELIUS.
