2200 2634
1732 176 26 26 LJ

489 207 245 34 Sammansatta
758 208 104 32 Stats-
886 207 55 32 och
963 204 244 45 Lagutskottets
1236 203 173 34 Utlåtande
1432 202 63 34 N:o
1517 205 29 31 2.
1730 205 16 27 7

181 296 178 35 inmutade
399 293 156 38 området
594 295 222 35 uteslutande
856 297 73 32 rätt
971 296 54 32 att
1065 294 167 34 bearbeta
1260 292 64 35 och
1351 292 231 44 tillgodogöra
1610 291 53 44 sig
1689 287 99 38 såväl

183 348 67 34 den
289 348 177 34 inmutade
506 346 378 44 mineralfyndigheten
923 354 72 25 som
1030 344 106 35 äfven
1163 344 110 34 andra
1301 343 300 44 inmutningsbara
1628 341 158 43 mineral,

182 399 112 34 skulle
321 399 118 34 kunna
468 399 110 34 verka
606 398 143 42 derhän,
778 400 55 31 att
860 396 77 43 den,
965 406 72 25 som
1064 396 60 35 vid
1150 395 96 34 tiden
1273 394 54 35 för
1354 394 65 34 den
1446 393 200 44 föreslagna
1666 393 122 43 lagens

183 449 170 35 trädande
392 449 12 34 i
445 449 98 34 kraft
583 449 65 34 har
687 447 198 44 inmutning
923 445 21 36 å
983 445 108 45 något
1131 444 43 36 då
1200 445 297 44 inmutningsbart
1523 448 111 39 ämne,
1663 444 123 42 skulle,

183 500 198 44 derigenom
422 503 54 31 att
517 500 114 43 apatit
672 499 63 34 och
775 498 169 43 magnesit
974 498 11 33 i
1012 497 278 44 grufvestadgan
1330 498 174 41 upptagas
1531 495 105 35 bland
1664 495 123 34 inmut-

184 551 190 44 ningsbara
401 551 156 43 mineral,
591 550 110 35 blifva
728 549 200 43 berättigad
955 551 54 31 att
1036 548 167 34 bearbeta
1231 547 63 34 och
1322 546 230 44 tillgodogöra
1580 546 53 44 sig
1656 545 133 45 jemväl

183 602 111 35 dessa.
347 601 187 36 Utskottet
574 601 65 34 har
679 600 117 35 derför
835 600 97 35 velat
962 597 222 46 ifrågasätta,
1213 597 173 35 huruvida
1413 597 78 35 icke
1514 596 11 34 i
1551 597 103 44 lagen
1682 596 106 34 borde

182 653 142 44 intagas
351 655 51 32 ett
429 652 259 44 förtydligande
715 651 12 34 i
754 651 97 34 detta
878 650 208 35 hänseende.

317 701 59 37 Då
402 704 174 33 utskottet
603 705 128 40 ansett,
759 704 55 32 att
832 699 97 37 såväl
948 700 215 35 sistnämnda
1182 698 101 46 fråga
1303 710 71 24 som
1390 699 133 45 jemväl
1541 699 66 34 den
1626 702 162 31 närmare

184 755 271 43 formuleringen
483 753 40 35 af
548 753 270 42 ofvannämnda,
839 752 109 43 enligt
966 752 192 34 utskottets
1177 750 234 41 förmenande,
1431 749 229 45 erforderliga
1676 749 112 36 öfver-

184 803 305 47 gångsstadgande
517 805 85 33 böra
622 804 53 34 till
693 803 129 44 Kongl.
844 802 126 44 Maj:ts
990 802 234 44 bepröfvande
1243 800 222 43 hänskjutas,
1484 800 112 35 finner
1613 801 175 34 utskottet

184 857 54 43 sig
276 856 78 35 icke
394 856 119 34 kunna
541 855 179 43 tillstyrka
747 853 203 44 Riksdagen
978 856 55 32 att
1059 853 55 34 för
1140 852 222 35 närvarande
1389 855 132 40 antaga
1548 851 240 44 föreliggande

183 907 141 43 förslag.

317 956 219 45 Visserligen
569 957 66 33 har
660 956 175 34 utskottet
861 955 77 34 icke
965 954 163 35 förbisett
1154 954 41 34 de
1223 953 235 44 olägenheter,
1487 963 72 24 som
1585 962 122 34 genom
1736 954 53 33 ett

183 1009 115 43 afslag
332 1006 22 36 å
392 1007 130 45 Kongl.
556 1006 127 45 Maj:ts
710 1006 231 35 förevarande
969 1005 211 44 proposition
1209 1004 164 44 möjligen
1400 1004 120 34 kunna
1547 1000 126 46 uppstå
1700 1003 87 34 deri-

182 1070 135 33 genom,
359 1062 53 31 att
451 1060 111 33 under
589 1057 238 35 innevarande
854 1054 40 37 år
919 1053 110 37 utmål
1056 1056 119 34 kunna
1202 1056 137 33 komma
1366 1057 54 32 att
1445 1055 126 43 läggas
1597 1051 21 37 å
1644 1064 43 24 en
1714 1057 74 31 stor

183 1111 54 33 del
278 1109 249 44 inmutningar,
564 1109 150 44 belägna
741 1106 22 36 å
789 1105 174 45 områden,
992 1108 62 33 der
1079 1107 109 34 redan
1214 1106 117 34 kända
1359 1105 125 44 apatit-
1512 1105 64 34 och
1603 1105 184 43 magnesit-

182 1161 224 43 fyndigheter
444 1160 200 42 förefinnas,
685 1162 90 32 samt
814 1158 198 43 derigenom
1053 1160 55 32 att
1142 1157 110 34 under
1279 1157 106 42 tiden,
1409 1156 54 34 till
1491 1156 77 34 dess
1596 1166 41 24 en
1664 1156 59 43 lag
1750 1156 40 34 af

183 1209 272 46 ifrågavarande
495 1212 77 43 slag
611 1211 71 33 kan
722 1209 103 34 träda
866 1209 12 34 i
904 1209 108 42 kraft,
1041 1212 45 30 än
1112 1208 84 34 flere
1222 1207 239 44 inmutningar
1487 1207 120 34 kunna
1634 1209 103 41 göras
1765 1204 22 36 å

182 1262 165 34 liknande
387 1262 136 42 ställen,
558 1261 226 43 hvarigenom
820 1259 182 44 möjlighet
1029 1262 55 31 att
1111 1259 230 43 tillgodogöra
1369 1258 53 43 sig
1448 1257 126 43 apatit-
1602 1257 64 34 och
1693 1267 92 33 mag-

182 1312 316 43 nesitfyndigheter
524 1312 113 34 skulle
664 1311 164 34 minskas.
882 1307 58 37 Då
968 1309 193 35 emellertid
1180 1308 129 44 I&ongl.
1330 1307 107 45 Maj:t
1455 1308 78 34 icke
1552 1308 93 34 lärer
1663 1308 122 34 under-

181 1361 74 36 låta
295 1365 54 32 att
389 1363 57 33 vid
486 1360 340 45 utmålsläggningar
866 1358 20 37 å
926 1357 131 37 sådana
1085 1360 131 43 platser
1243 1357 74 36 låta
1344 1369 123 34 genom
1497 1358 123 35 ombud
1648 1359 138 33 bevaka

181 1415 154 33 kronans
367 1416 73 31 rätt
471 1411 112 36 såsom
608 1412 198 44 jordegare,
835 1411 196 34 föreställer
1058 1410 54 44 sig
1138 1410 185 43 utskottet,
1352 1412 53 32 att
1432 1410 99 34 dessa
1560 1409 225 44 olägenheter

180 1465 98 34 skola
319 1465 119 33 kunna
477 1461 209 37 åtminstone
727 1462 53 34 till
820 1459 114 47 någon
961 1462 55 34 del
1043 1461 242 34 förekommas.
1340 1460 122 44 Enligt
1489 1460 94 35 hvad
1610 1460 174 34 utskottet

183 1515 135 43 erfarit,
347 1515 92 34 lärer
468 1515 172 43 nemligen
667 1514 235 34 förekomsten
929 1512 39 34 af
989 1512 81 44 jern
1090 1512 84 34 eller
1193 1512 111 34 andra
1320 1511 301 43 inmutningsbara
1640 1510 147 35 mineral

182 1571 21 29 å
243 1576 41 24 en
325 1569 73 31 stor
437 1566 54 33 del
532 1565 39 34 af
608 1565 100 34 dessa
747 1563 239 44 inmutningar
1026 1573 88 25 vara
1150 1560 38 37 så
1220 1562 114 44 ringa,
1362 1565 53 31 att
1442 1560 297 45 utmålsläggning
1766 1558 21 36 i

182 1617 174 34 desamma
396 1616 77 34 icke
513 1616 72 34 kan
617 1615 109 43 enligt
752 1614 277 44 grufvestadgan
1058 1613 204 44 medgifvas.
1317 1612 72 35 Vid
1416 1610 126 37 sådant
1569 1609 217 37 förhållande

182 1667 99 34 torde
318 1664 45 46 på
397 1666 160 44 yrkande
585 1666 39 34 af
648 1666 153 34 kronans
829 1665 124 34 ombud
980 1665 100 33 dessa
1107 1664 239 43 inmutningar
1373 1664 118 33 kunna
1520 1662 109 35 blifva
1656 1662 128 35 förkla-

182 1718 84 33 rade
295 1717 155 43 ogiltiga.

315 1765 52 36 På
406 1767 112 44 grund
556 1767 40 34 af
633 1766 92 35 hvad
765 1763 145 37 sålunda
938 1764 117 35 blifvit
1083 1764 150 42 anfördt,
1263 1761 54 37 får
1344 1764 184 42 utskottet,
1558 1763 109 34 under
1694 1765 90 32 utta-

182 1819 102 33 lande
325 1818 39 34 af
393 1819 65 33 den
485 1817 288 43 förhoppningen,
803 1819 54 31 att
883 1816 108 34 redan
1020 1815 59 35 vid
1107 1818 100 31 nästa
1235 1812 58 37 års
1319 1814 166 34 riksmöte
1508 1816 81 41 nytt
1616 1814 132 43 förslag
1776 1814 10 33 i

182 1872 117 31 ämnet
326 1869 89 34 skall
444 1869 119 33 kunna
591 1868 39 33 af
655 1867 129 44 Kongl.
814 1866 107 45 Maj:t
948 1866 53 34 för
1028 1865 204 44 Riksdagen
1261 1865 226 44 framläggas,
1515 1865 194 43 hemställa,

632 1955 53 31 att
724 1950 130 45 Kongl.
884 1950 125 46 Maj:ts
1049 1948 273 46 ifrågavarande
1362 1949 211 44 proposition
1615 1949 76 34 icke
1732 1946 57 37 må

583 2002 108 35 vinna
718 2001 222 44 Riksdagens
968 2001 108 34 bifall.

318 2086 198 35 Stockholm
546 2087 65 33 den
646 2088 41 32 18
713 2086 88 42 april
834 2087 103 32 1901.

443 2170 40 34 På
515 2171 53 32 det
601 2172 252 30 sammansatta
881 2171 99 31 stats-
1009 2168 64 34 och
1102 2169 251 41 lagutskottets
1381 2170 148 39 vägnar:

754 2252 43 35 GG
835 2251 125 35 TORN
973 2251 119 35 ERITHJ
1107 2250 110 35 ELM.
