1918 2768
502 162 286 31 Statsutskottets
806 161 180 30 utlåtande
1004 170 42 20 nr
1063 161 42 29 58
1122 161 39 29 år
1181 161 83 28 1962
1620 159 19 30 9

177 249 51 29 Av
253 248 102 30 dessa
379 248 76 30 skäl
481 248 63 29 har
569 247 119 39 kungl.
713 246 372 39 medicinalstyrelsen,
1112 254 74 20 som
1212 245 101 38 utgör
1338 243 264 30 remissinstans
1627 242 10 30 i

132 291 154 33 ärendet,
305 291 76 29 icke
400 292 116 28 ansett
535 290 52 39 sig
604 290 123 29 kunna
745 289 178 39 tillstyrka
942 290 49 28 att
1013 287 212 40 statsbidrag
1243 286 109 39 enligt
1370 285 267 40 ifrågavarande

133 333 207 40 kungörelse
366 332 104 40 utgår
493 332 52 30 till
571 333 54 29 S:t
650 331 305 30 Lukasstiftelsen.
982 330 118 31 Skulle
1126 330 96 29 detta
1246 329 121 29 oaktat
1392 328 66 30 och
1482 329 87 29 trots
1596 328 41 29 de

132 374 220 41 principiella
370 374 136 35 hinder,
528 383 75 21 som
620 374 242 38 otvivelaktigt
882 372 194 40 föreligger,
1097 372 126 38 Kungl.
1244 371 106 39 Maj:t
1371 370 101 30 finna
1492 370 76 30 skäl
1589 371 50 28 att

132 418 128 39 bevilja
280 417 122 39 bidrag
422 417 53 29 till
496 416 183 34 stiftelsen,
700 416 97 29 torde
818 416 96 29 detta
933 415 47 29 bli
999 414 141 40 mycket
1160 414 184 39 blygsamt,
1365 413 102 39 högst
1487 414 49 28 ett
1555 412 82 30 eller

133 460 167 39 möjligen
318 461 49 28 ett
386 468 63 30 par
468 461 101 27 tusen
588 459 140 29 kronor.

176 503 77 29 Den
270 512 42 20 av
330 502 80 30 1961
432 502 56 30 års
506 501 142 39 riksdag
666 500 164 30 anvisade
847 501 111 38 vägen
975 499 52 31 till
1045 498 223 30 ekonomiskt
1286 498 78 30 stöd
1382 497 35 30 åt
1436 498 55 30 S:t
1507 497 132 29 Lukas-

133 544 175 30 stiftelsen
328 544 98 30 torde
446 543 103 30 alltså
566 544 76 29 icke
660 552 84 20 vara
763 542 227 39 framkomlig
1008 541 83 30 eller
1110 542 11 29 i
1139 544 76 27 vart
1235 540 62 30 fall
1316 540 77 29 icke
1412 539 79 30 leda
1509 539 52 31 till
1579 538 61 30 nå-

135 595 67 31 gon
221 586 150 40 egentlig
389 586 100 39 hjälp
509 585 56 30 för
583 585 185 31 stiftelsen.

179 629 152 30 Behovet
346 638 42 20 av
404 628 110 30 sådan
528 629 39 28 är
581 628 10 29 i
607 629 66 37 dag
689 628 109 29 större
814 627 44 29 än
874 626 55 29 för
944 628 47 28 ett
1008 626 38 29 år
1062 625 117 33 sedan,
1195 625 85 29 enär
1295 624 174 30 stiftelsen
1485 623 55 30 för
1557 623 80 29 1961

135 671 159 29 kommer
313 673 51 28 att
384 669 159 31 redovisa
563 672 48 27 ett
631 669 166 39 tämligen
816 668 198 40 betydande
1033 667 220 33 underskott,
1273 666 173 39 varjämte
1467 665 173 39 budgeten

135 713 56 31 för
214 713 82 30 1962
319 714 171 38 upptager
512 714 48 27 ett
582 711 208 30 underskott
813 710 56 30 för
891 710 173 30 stiftelsen
1087 718 75 22 som
1185 708 109 30 sådan
1317 709 21 29 å
1362 708 38 30 10
1416 708 61 29 000
1501 708 52 32 kr.
1576 707 64 30 och

135 756 56 29 för
209 756 80 29 dess
306 755 141 30 institut
472 755 5 29 i
497 754 200 31 Stockholm
717 755 20 30 å
757 753 39 30 32
811 753 62 30 000
893 754 53 28 kr.
966 752 126 30 Härtill
1111 752 160 29 kommer
1290 753 50 27 att
1360 750 185 33 stiftelsen,
1566 758 74 21 som

134 798 43 29 de
195 804 120 24 senare
334 798 85 29 åren
437 797 97 29 vuxit
553 805 42 21 ur
615 796 76 30 sina
709 795 142 34 lokaler,
869 795 147 38 belägna
1034 794 11 29 i
1064 803 44 21 en
1128 792 328 41 souterrainvåning
1473 792 59 29 vid
1551 791 89 30 Råd-

133 842 211 37 mansgatan
365 839 52 34 69,
438 839 150 30 behöver
609 838 223 30 ekonomiskt
853 837 79 30 stöd
953 837 55 29 för
1029 838 51 28 att
1100 836 76 30 lösa
1197 836 61 29 sitt
1278 835 263 39 lokalproblem,
1565 843 74 21 som

133 882 100 30 blivit
253 882 138 29 alltmer
411 882 153 39 prekärt.
587 880 177 31 Stiftelsen
785 880 64 29 har
870 879 67 30 fått
958 880 49 29 ett
1026 878 218 40 erbjudande
1266 887 58 20 om
1343 877 141 39 mycket
1503 876 137 39 lämpli-

134 933 44 31 ga
201 925 132 29 lokaler
357 925 11 29 i
391 933 44 20 en
459 923 176 39 fastighet,
661 932 74 20 som
760 922 163 39 planeras
948 921 169 39 uppföras
1142 920 113 30 under
1278 920 84 29 åren
1389 918 215 30 1962—1963
1628 918 9 29 i

134 968 125 28 hörnet
279 976 42 20 av
338 966 282 38 Norrtullsgatan
640 965 65 29 och
724 964 188 39 Frejgatan
931 965 12 29 i
963 962 212 32 Stockholm.
1195 963 49 29 De
1264 962 111 38 årliga
1392 961 248 40 hyreskostna-

134 1010 110 28 derna
263 1009 64 29 där
345 1008 174 30 beräknas
540 1007 192 30 emellertid
752 1007 80 29 med
852 1016 42 20 ca
915 1005 39 30 15
969 1005 62 30 000
1053 1005 52 29 kr.
1127 1004 173 39 överstiga
1318 1004 82 29 dem
1420 1012 75 21 som
1517 1002 124 31 stiftel-

136 1061 62 20 sen
221 1060 48 20 nu
293 1051 74 30 har.
393 1050 94 30 Även
512 1050 111 29 andra
645 1049 180 39 lösningar
849 1057 43 21 av
914 1047 223 39 lokalfrågan
1160 1046 112 30 måste
1296 1045 161 31 medföra
1482 1045 158 30 avsevärt

135 1094 107 39 högre
267 1092 298 40 hyreskostnader
590 1091 154 31 förutom
770 1091 41 29 de
838 1090 175 30 särskilda
1038 1089 193 39 utgifterna
1256 1088 56 30 för
1337 1087 236 30 anskaffande
1598 1095 44 21 av

134 1136 106 33 lokal,
264 1135 169 40 flyttning
456 1135 65 29 och
543 1133 244 40 nyinredning.
812 1133 68 29 För
903 1131 219 30 närvarande
1147 1131 130 30 saknar
1298 1129 196 32 emellertid
1518 1128 123 31 stiftel-

136 1187 61 21 sen
216 1178 41 29 de
276 1177 230 30 ekonomiska
525 1175 342 40 förutsättningarna
885 1176 52 28 att
956 1173 119 31 skaffa
1094 1173 50 39 sig
1163 1174 41 29 de
1224 1173 111 30 större
1353 1172 65 30 och
1437 1171 204 40 lämpligare

136 1221 143 34 lokaler,
305 1229 76 20 som
406 1219 175 30 stiftelsen
604 1217 281 41 oundgängligen
909 1216 160 30 behöver.
1095 1215 235 30 Ekonomiskt
1354 1214 79 30 stöd
1457 1214 36 30 åt
1518 1213 123 30 stiftel-

137 1272 62 20 sen
218 1264 50 28 att
286 1262 75 30 lösa
381 1262 61 30 sitt
460 1261 254 39 lokalproblem
732 1260 112 30 skulle
863 1259 175 39 därjämte
1058 1258 79 30 leda
1155 1257 52 31 till
1228 1259 49 28 att
1297 1256 277 30 farmaceutiska
1591 1256 52 29 in-

135 1305 138 30 stitutet
292 1304 55 30 för
367 1304 54 30 sin
441 1303 218 34 studentkår,
679 1311 74 22 som
772 1302 66 39 hyr
857 1311 43 20 en
919 1301 172 38 lägenhet,
1105 1300 144 38 belägen
1269 1299 148 30 ovanför
1436 1299 56 30 S:t
1509 1298 133 30 Lukas-

136 1347 193 30 stiftelsens
348 1347 66 29 och
431 1346 81 30 med
531 1354 135 21 samma
682 1344 129 40 ingång
830 1353 75 21 som
926 1343 202 33 stiftelsens,
1148 1342 112 30 skulle
1280 1341 37 31 få
1336 1341 77 30 sina
1431 1340 105 30 allför
1554 1340 89 30 otill-

136 1389 156 39 räckliga
309 1389 134 29 lokaler
459 1388 216 39 väsentligen
693 1386 151 30 utökade
864 1394 126 33 genom
1008 1387 50 27 att
1077 1385 163 38 övertaga
1259 1383 192 30 stiftelsens
1470 1382 171 39 lägenhet.

137 1432 66 29 Det
223 1432 72 29 kan
316 1430 219 33 framhållas,
558 1431 50 28 att
630 1429 119 39 kungl.
772 1427 355 40 byggnadsstyrelsen
1149 1426 137 29 arbetar
1307 1425 46 40 på
1375 1434 43 21 en
1439 1425 139 39 lösning
1599 1433 44 21 av

137 1473 277 30 farmaceutiska
431 1472 196 30 institutets
646 1470 253 40 lokalproblem
918 1469 91 30 efter
1028 1469 102 29 dessa
1150 1468 114 39 linjer.

181 1517 68 29 För
267 1515 112 39 övrigt
397 1514 100 30 torde
516 1514 57 29 det
590 1513 77 30 icke
685 1521 85 21 vara
788 1510 215 40 nödvändigt
1021 1513 51 27 att
1090 1510 12 29 i
1122 1510 114 30 denna
1256 1509 133 30 motion
1409 1510 161 28 närmare
1590 1509 54 28 ut-

136 1558 123 29 veckla
279 1556 254 39 motiveringen
555 1555 55 30 för
631 1556 51 29 att
704 1555 54 31 S:t
779 1553 307 33 Lukasstiftelsen,
1110 1561 74 22 som
1206 1551 97 30 utför
1323 1560 44 21 en
1387 1550 256 40 betydelsefull,

141 1600 161 30 officiellt
320 1599 134 30 erkänd
474 1599 111 29 insats
612 1599 4 29 i
636 1596 339 31 människovårdens
997 1595 120 39 tjänst,
1139 1596 39 29 är
1196 1594 152 39 förtjänt
1369 1603 42 20 av
1427 1595 49 28 ett
1495 1593 148 38 verkligt

135 1641 226 30 ekonomiskt
380 1641 77 30 stöd
477 1640 80 30 från
574 1640 58 30 det
649 1639 197 30 allmännas
866 1638 85 30 sida.
970 1638 66 29 Det
1053 1637 64 30 bör
1134 1637 106 29 räcka
1256 1636 82 30 med
1357 1637 50 28 att
1425 1635 148 30 hänvisa
1590 1634 53 31 till

142 1685 67 28 den
227 1684 188 38 utredning
431 1692 78 21 som
527 1682 55 39 låg
600 1682 51 29 till
670 1681 113 39 grund
801 1680 56 30 för
874 1681 42 29 de
934 1679 209 40 föregående
1161 1679 221 29 motionerna
1400 1677 65 30 och
1482 1677 68 30 den
1569 1685 74 22 som

138 1726 214 38 förebragtes
374 1725 11 29 i
409 1725 171 30 samband
599 1723 82 30 med
701 1722 258 39 behandlingen
981 1731 43 20 av
1045 1722 190 30 desamma.

180 1768 100 29 Dock
300 1767 62 30 bör
382 1767 156 33 betonas,
560 1768 50 28 att
631 1765 173 31 stiftelsen
825 1765 113 29 under
961 1763 80 30 1961
1064 1763 186 38 väsentligt
1270 1762 179 30 utvecklat
1471 1761 55 30 sin
1545 1761 100 30 verk-

139 1810 147 33 samhet,
305 1809 75 30 vari
401 1817 146 21 numera
568 1809 86 28 även
674 1807 101 39 ingår
794 1805 200 40 utbildning
1011 1814 45 21 av
1075 1805 137 39 präster
1232 1804 55 30 för
1306 1804 69 29 den
1395 1813 43 20 av
1458 1803 186 30 statsmak-

140 1854 100 27 terna
261 1851 182 30 beslutade
467 1850 141 39 andliga
629 1849 132 30 vården
783 1848 60 30 vid
867 1848 208 39 sjukhusen.
1100 1847 124 29 Denna
1247 1845 398 39 utbildningsverksam-

139 1895 58 28 het
216 1894 78 29 sker
312 1894 11 28 i
341 1892 195 30 samarbete
554 1892 79 29 med
652 1890 155 32 Svenska
824 1890 158 40 kyrkans
1000 1887 301 41 diakonistyrelse.

189 1977 184 30 Utskottet.
395 1976 138 39 Frågan
553 1985 56 20 om
630 1974 122 40 bidrag
773 1974 52 29 till
847 1975 54 29 S:t
922 1972 314 31 Lukasstiftelsens
1252 1971 224 30 verksamhet
1497 1971 65 29 har
1583 1979 62 20 un-

143 2028 62 29 der
224 2037 120 20 senare
363 2027 38 29 år
420 2027 57 29 vid
496 2026 88 29 flera
601 2025 162 30 tillfällen
779 2024 90 30 varit
888 2023 147 30 föremål
1051 2023 58 29 för
1127 2022 205 39 riksdagens
1352 2022 181 38 prövning.
1554 2022 13 28 I
1587 2030 59 20 an-

145 2078 140 38 ledning
306 2087 41 20 av
367 2075 337 40 motionsyrkanden
724 2074 136 40 yttrade
882 2074 51 38 sig
954 2074 170 29 utskottet
1147 2072 147 30 sålunda
1315 2072 9 29 i
1346 2073 117 29 ämnet
1480 2072 11 29 i
1510 2071 62 30 sitt
1593 2073 53 27 ut-

144 2128 140 29 låtande
306 2137 42 19 nr
371 2127 60 29 123
454 2127 38 28 år
515 2126 93 29 1955.
629 2125 176 30 Utskottet
826 2124 109 38 ansåg
957 2123 50 39 sig
1029 2123 121 29 därvid
1171 2122 75 29 icke
1267 2122 111 29 berett
1399 2124 49 27 att
1471 2121 174 39 tillstyrka

145 2178 195 37 föreslagen
359 2176 320 37 medelsanvisning
698 2175 51 29 till
770 2174 173 30 stiftelsen
962 2182 80 20 men
1062 2173 86 29 fann
1168 2173 56 29 det
1240 2172 189 38 angeläget,
1450 2174 50 27 att
1520 2171 125 38 Kungl.

144 2227 116 39 Maj:t,
281 2227 117 29 därest
420 2226 171 29 stiftelsen
613 2225 89 39 själv
723 2224 111 30 skulle
854 2224 183 29 inkomma
1056 2223 79 28 med
1154 2221 264 39 framställning
1436 2230 57 20 om
1514 2221 131 38 bidrag,

146 2277 119 38 gjorde
281 2276 125 38 frågan
421 2276 122 29 härom
561 2275 50 29 till
628 2273 146 31 föremål
791 2274 54 29 för
862 2282 42 20 en
921 2271 326 39 förutsättningslös
1264 2271 198 38 utredning.
1481 2271 66 28 Till
1565 2271 81 28 den-

147 2336 44 19 na
213 2326 218 38 ståndpunkt
449 2325 113 29 anslöt
583 2325 50 38 sig
655 2325 86 28 även
762 2323 198 38 riksdagen.
982 2322 126 29 Vidare
1130 2321 217 29 behandlade
1371 2321 169 28 utskottet
1562 2321 85 28 lika-

147 2377 91 28 ledes
254 2377 8 27 i
280 2376 189 28 anledning
486 2384 41 20 av
543 2375 124 28 väckta
684 2373 171 29 motioner
872 2373 9 28 i
900 2374 117 28 ämnet
1034 2371 246 29 motsvarande
1299 2370 242 39 anslagsfråga
1558 2371 10 28 i
1586 2371 60 28 sitt

147 2426 179 29 utlåtande
345 2435 41 19 nr
407 2426 35 28 11
463 2425 38 29 år
520 2424 93 30 1957.
632 2425 12 28 I
663 2423 148 29 avbidan
829 2423 45 38 på
888 2423 128 36 Kungl.
1036 2421 123 39 Maj:ts
1179 2420 335 39 ställningstagande
1536 2420 49 29 till
1604 2429 42 19 en

147 2486 41 19 av
209 2476 169 29 stiftelsen
401 2475 44 29 då
461 2475 99 38 gjord
582 2473 260 38 framställning
861 2481 58 20 om
941 2472 121 38 bidrag
1084 2472 49 29 till
1155 2471 267 29 verksamheten
1443 2471 203 28 föranledde

147 2525 359 40 motionsyrkandena
530 2524 191 29 emellertid
748 2523 74 30 icke
848 2523 115 38 någon
988 2522 206 37 riksdagens
1220 2521 132 39 åtgärd.
1378 2521 268 37 Ifrågavarande
