2198 2687
444 207 19 29 8
651 203 244 35 Sammansatta
918 202 103 34 Stats-
1045 201 69 43 (och
1136 200 272 44 Lag-)utskottets
1438 199 175 33 Utlåtande
1636 199 63 33 N:o
1721 200 28 31 2.

402 296 119 33 rätten
561 293 84 35 eller
686 293 164 36 domaren
890 292 176 44 förordna,
1107 293 54 33 att
1200 288 268 46 föreläggandet
1503 288 53 35 uti
1582 288 178 35 allmänna
1787 286 227 45 tidningarna

403 345 133 36 införas
575 343 71 48 må;
690 345 64 36 och
794 355 101 25 anses
934 344 12 35 i
981 341 126 38 sådant
1133 342 63 36 fall
1222 342 219 44 borgenären
1468 339 39 36 af
1530 339 268 45 föreläggandet
1824 336 109 37 undfå
1960 338 55 35 del

408 398 66 35 den
501 398 80 44 dag,
611 371 191 74 detsamma
830 394 146 37 sålunda
1003 396 188 44 kungöres.

541 447 93 46 Den,
674 446 45 47 på
758 449 115 44 grund
913 447 39 35 af
988 447 162 36 hvilkens
1185 445 160 45 yrkande
1371 443 267 45 föreläggandet
1664 442 118 36 blifvit
1808 440 209 45 meddeladt,

407 511 86 26 vare
520 477 127 68 pligtig
674 503 54 32 att
755 499 241 59 delgifvandet
1023 498 102 36 deraf
1149 496 194 46 ombesörja
1371 496 64 35 och
1462 495 98 36 bevis
1588 495 116 35 derom
1722 494 55 35 till
1796 495 119 34 rätten
1934 469 85 59 eller

407 554 165 34 domaren
611 552 135 45 ingifva
786 552 93 35 inom
919 562 42 24 en
1001 548 126 38 månad
1166 547 79 38 från
1285 549 66 34 den
1383 548 79 44 dag,
1491 546 267 45 föreläggandet
1784 544 232 36 meddelades.

407 604 226 36 Försummar
672 604 71 35 han
783 604 59 35 det
882 603 64 36 och
986 603 155 35 anmäler
1167 602 71 34 han
1266 600 30 46 ej
1325 600 135 43 hinder,
1489 609 73 25 som
1589 598 39 35 af
1651 600 119 33 rätten
1797 597 219 45 godkännes;

407 656 110 37 varde
557 653 332 48 edgångsyrkandet
920 657 86 33 utan
1034 653 162 36 afseende
1222 652 164 36 lemnadt.
1440 624 143 76 Varder
1610 649 157 36 anmäldt
1793 648 118 36 förfall
1938 648 80 45 god-

408 709 127 43 kändt;
576 711 92 31 sätte
707 710 118 32 rätten
866 710 39 31 ut
940 717 48 33 ny
1026 706 63 43 tid,
1118 705 183 35 hvarinom
1328 703 99 36 bevis
1454 702 99 36 öfver
1581 700 240 58 delgifvandet
1849 700 170 35 inlemnas

409 755 105 54 skall;
527 736 139 58 ”dervid
692 760 129 42 rätten,
851 768 54 24 om
932 734 173 68 borgenär
1133 756 84 35 eller
1244 754 125 36 ombud
1395 753 55 35 för
1478 754 124 33 honom
1631 752 30 45 ej
1691 752 138 34 kunnat
1848 750 170 35 anträffas

409 809 21 37 å
471 788 65 67 ort,
578 821 71 24 som
690 810 12 35 i
742 786 340 82 bevakningsinlaga
1114 806 205 46 uppgifvits,
1349 816 83 35 eger
1458 804 176 44 förordna,
1659 806 54 33 att
1739 798 278 69 föreläggandet,

409 873 124 35 genom
561 862 76 34 dess
663 861 183 35 införande
873 861 12 35 i
912 861 176 35 allmänna
1115 859 238 44 tidningarna,
1381 858 174 43 borgenär
1583 833 173 67 delgifvas
1782 852 67 38 må.

546 1067 127 37 Denna
699 1068 60 45 lag
786 1067 91 35 skall
903 1066 103 36 träda
1033 1065 12 36 i
1072 1065 98 36 kraft
1197 1065 67 35 den
1294 1065 18 34 1
1339 1061 144 48 januari
1516 1062 108 35 1903.

1111 1318 227 52 Förslag

1194 1406 55 35 till

1182 1489 90 50 Lag

455 1583 177 45 angående
659 1581 140 36 ändrad
826 1579 129 45 lydelse
982 1577 47 44 af
1048 1579 54 34 27
1127 1576 24 47 $
1177 1578 13 34 i
1217 1577 100 44 lagen
1345 1588 52 23 om
1424 1575 179 36 boskilnad
1632 1576 67 35 den
1728 1577 20 32 1
1776 1574 68 43 juli
1871 1574 116 35 1898.

551 1683 218 45 Härigenom
805 1682 192 43 förordnas,
1026 1683 54 32 att
1108 1681 45 34 27
1181 1678 22 46 $
1231 1679 12 35 i
1269 1680 104 43 lagen
1401 1689 53 25 om
1481 1678 184 35 boskilnad
1692 1677 66 35 den
1789 1678 16 33 1
1833 1675 67 46 juli
1930 1677 94 33 1898

420 1733 90 53 skall
538 1710 131 74 erhålla
697 1734 155 44 följande
878 1732 155 36 ändrade
1059 1731 147 44 lydelse:

570 1778 54 43 Är
663 1786 141 34 makars
845 1784 40 35 bo
925 1784 55 34 till
1021 1783 156 34 konkurs
1217 1781 144 44 afträdt,
1403 1780 65 36 och
1507 1780 63 35 vill
1605 1780 102 34 make
1734 1779 12 34 i
1773 1778 252 43 sammanhang

419 1839 77 35 med
523 1838 202 35 konkursen
753 1837 85 33 söka
865 1834 194 43 boskilnad,
1087 1833 96 44 gifve
1210 1833 52 34 sin
1290 1810 197 66 ansökning
1513 1832 35 33 in
1576 1831 63 34 sist
1666 1829 21 36 å
1713 1830 62 44 tid,
1804 1840 72 24 som
1904 1828 54 35 för
1976 1829 49 34 in-

421 1891 152 34 ställelse
600 1889 12 34 i
638 1889 201 34 konkursen
866 1890 40 31 är
932 1886 12 34 i
973 1886 66 34 den
1066 1884 181 44 offentliga
1275 1884 221 57 stämningen
1523 1885 122 32 utsatt.

555 1939 111 37 Sökes
705 1938 194 43 boskilnad,
942 1937 63 35 och
1036 1936 62 35 vill
1125 1936 113 43 make,
1266 1938 55 31 att
1347 1935 72 35 viss
1447 1934 177 56 egendom,
1653 1943 72 24 som
1752 1932 128 35 maken
1907 1927 121 48 påstår

418 2003 88 27 vara
534 1993 76 33 dess
639 1990 169 43 enskilda,
837 1988 30 46 ej
893 1966 95 57 skall
1014 1985 46 47 gå
1086 1987 12 34 i
1124 1963 181 83 betalning
1332 1986 54 34 för
1404 1986 93 44 gäld,
1518 1996 71 24 som
1607 1985 12 34 i
1637 1985 202 34 konkursen
1858 1982 167 43 bevakas,

419 2045 84 34 eller
543 2046 54 32 att
630 2042 143 35 makens
800 2018 164 79 giftorätt
992 2039 84 35 eller
1103 2035 114 47 någon
1245 2038 55 34 del
1328 2037 102 35 deraf
1454 2037 90 34 skall
1571 2036 54 35 för
1652 2032 108 38 sådan
1789 2034 86 57 gäld
1897 2034 128 42 fredas,

418 2097 128 43 begäre
586 2092 296 37 undanskiftande
922 2092 92 33 inom
1053 2090 63 43 tid,
1160 2100 71 23 som
1271 2099 47 24 nu
1357 2092 40 31 är
1438 2088 97 45 sagd,
1581 2088 83 34 eller
1703 2086 107 36 hafve
1850 2085 53 35 sin
1930 2062 99 57 talan

419 2121 214 60 härutinnan
673 2144 156 35 förlorat.
883 2142 80 44 Lag
999 2151 130 25 samma
1156 2150 97 34 vare,
1282 2140 62 35 der
1371 2140 74 35 före
1472 2140 201 34 konkursen
1700 2137 184 35 boskilnad
1913 2135 115 36 blifvit

421 2198 90 44 sökt,
540 2207 77 24 men
645 2195 106 35 skifte
778 2198 94 31 ännu
900 2193 30 45 ej
940 2165 127 77 "skett.

552 2247 79 35 Har
659 2245 21 36 å
706 2247 119 33 landet
852 2245 196 43 ansökning
1075 2254 53 23 om
1155 2242 184 35 boskilnad
1367 2244 84 34 eller
1473 2240 298 36 undanskiftande
1790 2238 117 36 blifvit
1925 2236 102 46 gjord

416 2300 92 35 inom
536 2297 149 46 stadgad
711 2297 63 43 tid,
802 2307 78 24 men
906 2296 124 34 hinder
1056 2296 88 33 mött
1163 2293 53 35 för
1236 2293 260 46 ansökningens
1516 2291 256 45 föredragande
1791 2287 13 38 å
1825 2288 203 37 inställelse-
