1856 2782
410 171 118 30 Andra
546 170 245 40 lagutskottets
811 170 179 30 utlåtande
1008 179 42 20 nr
1067 170 42 29 49
1126 170 39 30 år
1184 169 81 30 1961
1576 169 19 30 3

804 254 20 30 9
848 254 28 38 8.

138 315 223 29 Omedelbart
386 314 89 30 efter
498 314 171 31 skördens
693 314 207 30 avslutande
925 313 99 30 skola
1048 312 277 31 tobaksstånden
1350 312 180 35 förstöras,
1554 311 41 30 så

94 359 50 28 att
168 357 115 39 någon
307 357 197 30 efterskörd
529 357 30 39 ej
587 357 69 29 kan
681 356 268 39 ifrågakomma.
974 354 127 40 Nödigt
1116 354 93 30 antal
1224 354 198 40 fröplantor
1435 353 56 30 må
1505 353 88 30 dock

92 399 225 30 kvarlämnas
341 399 45 40 på
409 398 109 31 fältet.

139 441 97 30 Efter
261 441 66 30 den
356 442 14 28 1
398 450 94 21 mars
517 441 58 30 må
600 440 245 31 tobaksodlare
870 440 30 39 ej
930 441 84 28 utan
1041 439 122 30 därom
1189 438 52 30 till
1266 437 325 40 kontrollstyrelsen

93 483 100 39 gjord
219 483 165 30 anmälan
410 483 172 30 innehava
606 482 105 31 tobak
737 491 42 21 av
802 481 209 41 föregående
1037 481 57 30 års
1120 481 116 30 skörd.

797 559 38 30 10
859 559 28 37 8.

138 617 260 30 Tobaksodlare
427 617 128 40 åligger
583 619 50 28 att
661 617 44 40 på
733 617 193 31 anfordran
954 627 42 21 av
1024 618 326 40 kontrollstyrelsen
1379 619 117 30 lämna
1524 619 67 29 till-

94 659 97 30 träde
218 659 51 30 till
297 659 143 30 område
467 660 64 29 och
558 662 185 36 utrymme,
771 668 75 21 som
874 660 177 30 användes
1079 660 83 30 eller
1188 662 39 29 är
1254 662 111 28 avsett
1392 661 54 30 för
1473 661 118 39 odling

92 701 83 29 eller
198 701 179 40 förvaring
400 711 42 20 av
463 702 115 30 tobak.
603 702 151 30 Odlaren
779 703 90 29 skall
892 704 85 28 utan
1001 702 195 40 ersättning
1218 703 119 30 lämna
1360 702 55 31 för
1438 703 154 30 kontrol-

92 743 75 30 lens
188 744 174 29 utövande
384 744 120 39 nödigt
524 744 146 30 biträde.
692 744 205 30 Kontrollen
921 745 88 30 skall
1032 744 105 31 såvitt
1158 744 139 40 möjligt
1319 744 62 30 ske
1401 744 45 40 på
1467 745 124 30 sådant

91 786 71 69 jätt
186 785 64 30 och
274 785 45 40 på
344 785 110 31 sådan
478 786 50 30 tid
552 788 51 29 att
627 786 66 30 den
716 786 76 30 icke
818 786 203 31 förorsakar
1044 786 125 31 hinder
1193 787 11 30 i
1229 787 162 30 odlarens
1415 787 176 31 verksam-

118 829 42 27 et.

136 868 132 39 Vägrar
291 868 245 31 tobaksodlare
559 872 51 27 att
632 870 118 30 lämna
772 870 154 30 tillträde
950 870 54 31 för
1026 870 164 35 kontroll,
1214 872 81 38 äger
1317 871 277 40 kontrollstyrel-

94 919 62 21 sen
181 912 132 29 utsätta
337 912 79 29 vite.

796 972 38 29 11
859 972 28 37 8.

136 1032 260 31 Tobaksodlare
421 1033 80 39 äger
525 1032 138 40 förfoga
686 1033 81 29 över
792 1041 43 21 av
858 1032 130 30 honom
1014 1032 152 30 skördad
1192 1032 105 30 tobak
1322 1032 123 30 endast
1471 1039 122 32 genom

91 1075 203 30 överlåtelse
317 1075 53 30 till
392 1075 218 40 monopolets
632 1075 143 29 utövare
797 1074 83 30 eller
902 1076 132 37 export.

136 1117 226 40 Försäljning
384 1127 43 20 av
448 1117 106 30 tobak
576 1117 52 30 till
651 1116 219 40 monopolets
893 1117 144 29 utövare
1060 1116 89 30 skall
1173 1116 61 30 ske
1258 1115 50 30 till
1332 1115 83 39 pris,
1439 1124 74 21 som
1537 1115 54 30 för

93 1160 98 39 varje
219 1159 38 31 år
286 1159 192 31 fastställes
507 1168 42 21 av
576 1168 43 21 en
648 1159 117 30 därtill
794 1158 192 31 förordnad
1015 1158 219 40 prisnämnd,
1263 1157 187 31 bestående
1478 1167 42 20 av
1548 1166 42 21 en

93 1210 42 21 av
159 1201 195 40 Konungen
381 1201 123 30 utsedd
530 1200 211 31 ordförande
767 1200 64 30 och
858 1200 78 40 fyra
960 1200 202 34 ledamöter,
1188 1209 42 21 av
1254 1200 95 30 vilka
1372 1200 218 39 monopolets

94 1244 142 29 utövare
262 1244 67 29 och
359 1243 319 39 sammanslutning
706 1252 42 21 av
776 1242 257 36 tobaksodlare,
1063 1251 75 21 som
1167 1242 195 39 Konungen
1390 1242 117 30 därtill
1535 1242 55 30 be-

92 1285 195 39 myndigar,
312 1287 77 29 utse
414 1286 147 29 vardera
584 1285 67 30 två.
677 1285 235 30 Föreskrifter
937 1294 56 20 om
1019 1285 177 30 nämnden
1221 1285 65 29 och
1311 1284 79 30 dess
1415 1285 176 29 verksam-

91 1327 60 30 het
175 1328 177 29 meddelas
377 1336 42 21 av
444 1328 205 39 Konungen.
674 1327 245 30 Kostnaderna
944 1326 54 31 för
1024 1327 196 29 nämndens
1243 1326 224 30 verksamhet
1493 1327 97 30 skola

91 1369 171 30 bestridas
286 1378 43 21 av
349 1369 219 39 monopolets
590 1369 152 29 utövare.

136 1411 131 40 Export
291 1421 43 20 av
358 1411 106 30 tobak
489 1411 88 30 skall
602 1411 60 30 ske
686 1410 10 30 i
721 1410 153 39 enlighet
899 1410 80 30 med
1003 1410 42 30 de
1070 1409 221 31 föreskrifter
1315 1410 276 39 kontrollstyrel-

93 1463 60 20 sen
179 1453 116 30 finner
320 1453 227 39 erforderliga
573 1452 55 30 för
652 1452 202 30 erhållande
880 1461 42 21 av
946 1461 42 20 en
1013 1452 234 39 betryggande
1272 1452 163 29 kontroll.

797 1536 38 30 12
859 1536 28 37 8.

138 1596 179 39 Svettning
343 1605 43 20 av
411 1596 104 29 tobak
540 1595 59 30 må
622 1595 76 29 icke
724 1604 41 21 av
790 1595 119 29 odlare
935 1594 175 40 företagas
1136 1596 84 28 utan
1246 1594 344 40 kontrollstyrelsens

91 1637 168 29 tillstånd.

570 1754 413 30 Ansvarsbestämmelser
1005 1764 44 20 m.
1072 1764 44 21 m.

797 1838 38 29 13
859 1838 28 37 8.

136 1897 85 33 Den,
242 1905 75 22 som
339 1896 171 39 olovligen
531 1896 178 30 tillverkar
730 1896 221 34 tobaksvara,
971 1896 121 30 dömes
1114 1896 50 30 till
1187 1896 183 39 dagsböter
1391 1897 82 29 eller
1494 1896 97 40 fäng-

92 1939 69 29 else
182 1939 11 29 i
214 1939 101 38 högst
338 1947 60 22 sex
418 1938 178 30 månader.

136 1979 163 29 Bedriver
320 1979 115 39 någon
455 1981 85 28 utan
560 1978 158 31 tillstånd
739 1988 42 21 av
802 1979 195 39 Konungen
1018 1979 234 40 tillverkning,
1275 1988 75 22 som
1372 1989 98 22 avses
1491 1980 11 30 i
1523 1981 19 30 6
1564 1980 28 37 8,

93 2022 84 29 eller
207 2021 209 30 åsidosätter
447 2021 114 39 någon
592 2021 79 29 med
703 2021 126 30 sådant
860 2021 158 30 tillstånd
1051 2020 138 31 förenat
1219 2022 136 34 villkor,
1389 2022 120 30 dömes
1540 2022 52 30 till

92 2064 194 39 dagsböter.

797 2138 39 29 14
858 2138 28 37 8.

136 2197 206 30 Underlåter
360 2197 115 38 någon
492 2198 50 28 att
559 2198 83 38 göra
658 2197 305 38 odlingsanmälan
980 2196 107 39 enligt
1106 2197 18 30 8
1145 2197 26 37 $,
1189 2197 121 30 dömes
1328 2197 52 30 till
1398 2197 194 40 dagsböter.

800 2288 39 29 15
862 2288 27 36 8.

136 2345 271 35 Tobaksodlare,
424 2355 74 20 som
516 2346 95 29 inom
627 2345 89 30 riket
732 2345 166 40 försäljer
914 2355 41 20 av
971 2346 130 29 honom
1118 2346 152 30 skördad
1286 2346 106 30 tobak
1408 2347 52 29 till
1477 2356 117 20 annan

93 2388 44 29 än
155 2388 219 38 monopolets
393 2389 142 28 utövare
553 2388 83 29 eller
654 2388 64 29 ock
736 2387 150 30 innehar
905 2387 108 30 sådan
1032 2387 105 30 tobak
1156 2387 44 40 på
1218 2387 157 30 otillåten
1394 2388 60 34 tid,
1473 2388 121 30 dömes

93 2430 52 29 till
162 2429 194 40 dagsböter.

136 2472 217 30 Asidosätter
375 2472 245 30 tobaksodlare
643 2471 9 30 i
676 2474 107 27 annat
805 2471 63 30 fall
893 2472 43 29 än
961 2472 95 29 förut
1070 2474 93 37 sagts
1178 2472 64 29 vad
1258 2481 74 20 som
1347 2472 9 29 i
1372 2472 107 30 sådan
1494 2481 99 31 egen-

123 2531 31 30 1t
194 2531 111 30 Bihang
324 2531 47 23 till
389 2530 169 30 riksdagens
576 2530 147 31 protokoll
742 2530 76 24 1961.
837 2530 15 24 9
870 2530 83 23 saml.
967 2530 15 23 2
995 2532 58 24 avd.
1075 2532 40 24 Nr
1127 2530 32 23 49
