1910 2846
535 173 359 30 Konstitutionsutskottets
919 172 145 29 utlåtande
1086 171 47 28 Nr
1157 171 47 28 31.

254 268 144 38 (Kungl.
424 269 117 37 Maj:ts
565 265 154 40 förslag.)

451 327 20 39 $
495 328 29 32 8.

1586 165 44 32 63

1072 263 204 38 (Utskottets
1292 260 155 41 förslag.)

1213 325 41 30 64
1278 322 30 38 $.

177 389 47 31 På
252 389 110 31 beslut
391 400 41 20 av
460 387 276 39 kyrkostämman
764 386 79 32 eller
871 383 327 41 kyrkofullmäktige
1228 383 201 37 ankommer,
1460 380 166 34 huruvida

123 440 189 33 framställd
335 438 221 38 anmärkning
578 438 88 33 skall
688 437 139 33 förfalla
848 437 60 32 och
931 435 242 33 ansvarsfrihet
1195 434 54 32 för
1269 432 251 39 förvaltningen
1540 432 88 33 med-

124 493 90 31 delas
233 492 79 32 eller
329 492 78 37 laga
425 491 119 37 åtgärd
564 490 53 31 för
634 489 185 33 bevarande
837 500 42 20 av
897 487 256 37 församlingens
1172 488 68 30 rätt
1257 485 88 32 skall
1363 484 166 38 vidtagas.
1558 484 69 31 An-

123 544 113 32 ställes
254 544 28 37 ej
301 543 94 32 talan
413 543 19 31 å
450 543 63 32 den
529 541 209 37 förvaltning
756 539 361 33 revisionsberättelsen
1136 549 95 21 avser
1247 537 88 32 inom
1356 539 46 30 ett
1421 537 37 31 år
1476 536 77 31 från
1572 536 57 32 det

120 595 198 32 berättelsen
339 594 181 32 framlades
541 594 20 31 å
581 593 253 38 kyrkostämma
855 592 79 31 eller
954 588 564 41 kyrkofullmäktigsammanträde,
1540 587 87 32 skall

123 648 36 30 så
184 658 103 26 anses,
314 658 68 20 som
409 658 51 19 om
487 644 244 32 ansvarsfrihet
755 643 98 32 blivit
878 642 157 37 beviljad.
1074 641 89 32 Utan
1189 641 118 31 hinder
1333 652 42 20 av
1400 641 49 30 att
1475 650 151 21 ansvars-

122 698 102 32 frihet
244 698 156 37 beviljats
422 697 53 31 må
493 697 93 31 talan
608 696 90 31 föras
718 696 43 37 på
780 695 109 37 grund
911 705 42 20 av
974 692 155 38 brottslig
1149 692 173 37 handling,
1345 692 59 31 där
1425 691 28 38 ej
1476 701 152 21 ansvars-

122 750 144 31 friheten
290 748 264 39 uppenbarligen
578 749 108 30 avsett
711 752 81 26 även
817 747 63 31 den
903 744 213 38 handlingen.

452 831 21 38 $
496 833 30 30 9.

168 892 123 32 Genom
326 892 291 32 bestämmelserna
650 891 11 31 i
696 890 42 38 $$
772 891 86 31 35—8

124 950 93 32 göres
248 945 27 37 ej
307 944 145 37 ändring
480 944 12 31 i
521 943 255 32 föreskrifterna
806 954 50 19 om

125 996 142 32 särskild
295 995 144 32 revision
466 1007 40 19 av
533 995 122 37 kyrko-
685 994 59 32 och
772 994 85 31 skol-

123 1047 231 37 räkenskaper.

120 1130 95 31 Kap.
230 1129 31 26 6.
275 1127 66 26 Om
351 1125 285 34 underställning
647 1126 65 26 och
722 1124 140 28 besvär.

454 1181 21 38 $
499 1183 30 31 1.

1215 829 41 31 65
1280 827 30 38 $.

940 889 124 32 Genom
1088 889 290 31 bestämmelserna
1402 888 11 30 i
1436 887 130 31 61—64
1589 884 44 38 $$

895 947 94 32 göres
1020 941 27 37 ej
1079 940 143 37 ändring
1251 940 11 31 i
1292 939 258 31 föreskrifterna
1578 949 51 20 om

897 992 143 32 särskild
1068 992 143 31 revision
1239 1003 40 19 av
1306 990 124 38 kyrko-
1458 990 59 31 och
1544 989 86 31 skol-

896 1044 231 37 räkenskaper.

905 1126 21 26 6
937 1126 81 32 kap.
1050 1124 65 26 Om
1126 1121 285 33 underställning
1423 1121 65 26 och
1499 1118 138 29 besvär.

1217 1179 42 31 66
1281 1177 30 38 $.

179 1242 66 33 För
271 1245 50 29 att
345 1242 103 31 vinna
474 1241 167 32 bindande
666 1240 95 32 kraft
787 1240 94 32 skola
906 1239 269 38 kyrkostämmas
1203 1238 60 32 och
1287 1234 348 41 kyrkofullmäktiges

127 1294 109 32 beslut
256 1293 223 33 underställas
499 1292 206 38 Konungens
725 1291 164 39 prövning
911 1291 60 32 och
991 1290 226 38 fastställelse,
1239 1289 41 33 då
1301 1289 40 32 de
1361 1289 99 37 angå:

183 1343 32 40 a)
243 1345 218 32 avhändande
486 1345 79 31 eller
590 1342 314 40 pantförskrivning
929 1354 42 20 av
997 1342 103 32 sådan
1124 1340 240 37 församlingen
1388 1338 153 38 tillhörig
1566 1338 68 32 fas-

129 1397 116 38 tighet,
283 1408 68 20 som
388 1398 82 30 utan
496 1398 50 29 att
571 1396 121 31 räknas
717 1394 54 32 till
795 1393 270 40 kyrkoegendom
1089 1392 54 32 för
1167 1392 101 37 något
1292 1392 74 32 dess
1390 1401 247 27 gemensamma

128 1451 98 35 nytta
254 1448 159 31 avseende
443 1447 154 32 ändamål
622 1445 150 33 tillfallit
798 1444 241 37 församlingen
1064 1454 117 27 genom
1208 1443 87 37 gåva
1322 1442 80 32 eller
1427 1443 208 35 testamente,

128 1504 153 27 ävensom
305 1498 326 37 överenskommelse,
657 1509 68 20 som
750 1496 129 32 medför
903 1495 143 37 ändring
1067 1494 12 31 i
1103 1494 109 37 någon
1236 1492 256 38 församlingens
1517 1491 117 38 rättig-

127 1551 57 32 het
201 1550 54 32 till
275 1550 104 32 sådan
398 1548 176 38 fastighet;

183 1598 36 40 b)
246 1601 215 38 upptagande
488 1611 41 21 av
557 1600 65 37 lån,
651 1599 166 33 därunder
843 1596 188 39 inbegripet
1056 1596 162 38 ingående
1245 1607 40 20 av
1312 1595 133 38 borgen,
1473 1594 84 33 dock
1585 1596 52 29 att

128 1651 268 39 underställning
417 1651 73 32 icke
510 1651 179 38 erfordras,
711 1651 59 31 där
792 1650 28 37 ej
842 1649 12 31 i
875 1648 86 38 följd
982 1660 41 20 av
1044 1647 144 32 beslutet
1208 1646 251 38 sammanlagda
1480 1645 157 38 beloppet

129 1716 41 20 av
196 1703 256 38 församlingens
477 1705 81 29 utan
581 1700 269 38 underställning
874 1700 127 32 skedda
1023 1698 186 39 upplåning
1234 1697 181 38 överstiger
1438 1697 132 32 hälften
1594 1707 41 21 av

130 1756 62 32 den
209 1766 138 27 summa,
365 1766 68 20 som
452 1754 52 32 för
521 1754 55 32 det
592 1753 230 32 sistförflutna
837 1751 230 32 kalenderåret
1083 1749 154 33 beslutits
1256 1749 94 32 skola
1365 1748 12 31 i
1395 1747 241 38 församlingen

127 1806 175 32 anskaffas
326 1817 118 26 genom
468 1804 206 38 uttaxering;
699 1804 79 32 eller

182 1855 31 39 c)
240 1857 154 38 utgifter,
415 1869 68 19 som
507 1856 150 32 erfordra
678 1854 192 38 uttaxering
890 1854 106 31 under
1016 1853 113 36 längre
1148 1852 50 32 tid
1220 1857 41 26 än
1282 1851 66 32 fem
1370 1852 45 30 år.

184 1909 125 37 Beslut,
332 1920 68 20 som
421 1908 87 32 skall
529 1907 223 32 underställas
771 1906 206 36 Konungens
997 1903 173 39 prövning,
1192 1903 86 32 skall
1297 1903 156 32 insändas
1474 1901 55 32 till
1549 1902 87 31 läns-

130 1961 172 37 styrelsen,
319 1960 114 31 vilken
451 1960 54 31 det
522 1958 129 37 åligger
667 1960 49 29 att
732 1957 189 32 överlämna
938 1955 244 37 handlingarna
1198 1955 100 37 jämte
1315 1956 74 35 eget
1406 1953 158 38 yttrande
1581 1952 55 32 till

130 2011 196 36 Konungen.

1222 2058 40 29 67
1286 2055 30 37 $.

944 2116 271 38 Länsstyrelsens
1242 2115 243 38 godkännande
1511 2114 127 31 erford-

903 2180 53 20 ras
973 2169 52 30 för
1040 2170 49 29 att
1104 2167 79 37 giva
1197 2167 156 37 gällande
1368 2166 94 31 kraft
1478 2167 35 30 åt
1528 2165 110 31 beslut

902 2220 138 31 rörande
1058 2219 120 31 arvode
1195 2218 103 36 enligt
1317 2219 42 30 22
1377 2216 30 38 $,
1421 2218 61 30 där
1497 2216 141 31 beslutet

904 2271 30 37 ej
952 2271 139 30 allenast
1110 2269 183 37 innefattar
1311 2268 188 37 förnyande
1517 2278 40 20 av
1578 2267 60 35 dy-

905 2322 64 31 likt
994 2321 53 37 för
1074 2320 276 37 nästföregående
1376 2319 36 30 år
1437 2318 104 37 fattat
1570 2318 68 36 lag-

905 2373 86 36 ligen
1012 2371 154 37 gällande
1188 2371 115 30 beslut.

950 2423 163 36 Samtliga
1130 2434 41 19 av
1190 2421 238 36 församlingen
1447 2419 52 31 för
1516 2422 46 28 ett
1579 2419 57 30 och

904 2486 120 19 samma
1048 2474 196 31 kalenderår
1268 2472 128 31 fattade
1415 2471 120 37 beslut,
1558 2470 82 31 därå

904 2526 214 37 fastställelse
1144 2523 177 38 erfordras,
1348 2523 93 31 skola
1465 2521 176 37 samtidigt

459 2060 20 38 $
503 2062 30 30 2.

172 2121 272 38 Länsstyrelsens
511 2119 244 38 godkännande
777 2115 21 48 =
818 2129 47 20 er-

128 2174 130 31 fordras
285 2173 53 31 för
361 2175 50 29 att
435 2172 78 37 giva
536 2171 156 37 gällande
715 2170 93 31 kraft
832 2170 35 30 åt

128 2225 108 31 beslut
253 2224 138 31 rörande
410 2223 120 32 arvode
548 2222 104 37 enligt
671 2222 74 36 kap.
760 2222 19 29 2
792 2220 20 37 $
825 2221 43 30 13

127 2276 103 31 andra
256 2275 142 36 stycket.

176 2327 163 36 Samtliga
356 2338 41 19 av
416 2325 238 36 församlingen
673 2324 52 30 för
742 2326 47 28 ett
806 2322 59 32 och

132 2390 124 18 samma
293 2377 198 31 kalenderår
530 2376 129 30 fattade
688 2374 108 31 beslut
823 2384 41 20 av

134 2428 240 37 beskaffenhet,
412 2438 68 20 som
519 2437 79 26 nyss
634 2429 102 33 sagts,
773 2425 93 31 skola
