1912 2846
539 178 357 29 Konstitutionsutskottets
918 177 147 28 utlåtande
1087 176 47 29 Nr
1157 176 48 28 31.
1600 172 42 30 49

270 270 143 40 (Kungl.
440 272 119 38 Maj:ts
584 271 154 38 förslag.)
1086 268 205 39 (Utskottets
1308 267 153 40 förslag.)

191 340 56 31 Av
270 341 56 32 det
348 340 53 32 för
424 339 272 38 samfälligheten
717 339 173 32 bestämda
912 338 126 31 antalet
1060 337 216 37 fullmäktige
1301 336 86 32 skall
1410 336 92 38 varje
1525 336 13 31 i
1560 347 83 20 sam-

137 391 199 38 fälligheten
355 391 161 38 ingående
539 390 198 38 församling
756 390 80 32 eller
856 390 53 32 del
929 401 41 20 av
991 389 198 37 församling
1208 391 73 29 utse
1301 400 39 20 en
1361 390 87 29 samt
1467 388 177 31 därutöver

136 444 55 32 det
211 444 102 38 antal,
335 455 68 20 som
423 443 134 38 belöper
577 443 44 38 på
641 442 238 37 församlingen
900 441 80 32 eller
1001 440 313 37 församlingsdelen
1336 439 85 32 efter
1443 440 62 31 den
1526 439 114 32 beräk-

133 495 260 38 ningsgrunden,
423 496 49 30 att
497 506 40 20 en
562 493 310 39 kyrkofullmäktig
897 495 89 29 utses
1013 492 53 31 för
1093 492 91 37 varje
1210 491 266 37 befolkningstal
1502 492 141 30 motsva-

133 547 102 32 rande
255 547 56 32 det
332 558 68 20 som
421 546 150 38 erhålles,
595 546 43 32 då
656 544 286 38 samfällighetens
963 544 76 32 hela
1058 543 198 38 folkmängd
1278 543 90 32 delas
1389 543 74 32 med
1485 543 55 32 det
1560 543 82 31 åter-

134 599 134 32 stående
290 598 125 32 antalet
435 597 217 37 fullmäktige
672 593 54 36 för
746 597 76 31 hela
841 595 281 38 samfälligheten.
1155 594 122 32 Därest
1298 595 55 31 det
1372 594 91 32 antal
1484 593 159 33 fullmäk-

133 649 78 39 tige,
234 661 69 21 som
327 650 73 32 med
421 649 217 38 tillämpning
658 660 41 20 av
719 648 145 32 nämnda
883 648 90 37 regel
995 647 60 32 bör
1074 649 99 35 utses,
1195 646 72 32 icke
1289 647 131 37 uppgår
1439 645 55 32 till
1516 646 56 32 det
1592 645 52 32 för

133 701 272 38 samfälligheten
424 701 175 32 bestämda
621 700 134 37 antalet,
778 700 95 31 skola
894 699 54 31 för
969 699 163 31 ernående
1152 710 43 19 av
1216 698 91 32 detta
1329 698 90 31 antal
1443 698 41 31 de
1505 697 138 32 försam-

133 753 110 37 lingar
270 753 80 31 eller
376 751 318 39 församlingsdelar,
721 751 108 32 vilkas
858 751 198 37 folkmängd
1082 752 84 29 mest
1191 749 207 38 överskjuter
1423 748 221 33 omförmälda

133 805 57 38 tal,
217 816 81 20 vara
320 804 208 37 berättigade
552 806 51 29 att
627 815 59 20 var
710 803 53 31 för
786 802 52 38 sig
860 802 92 38 välja
974 801 198 39 ytterligare
1197 813 40 20 en
1261 800 206 38 fullmäktig.
1505 800 139 32 Antalet

135 856 225 38 fullmäktige,
383 867 67 21 som
470 855 12 31 i
501 855 149 37 enlighet
669 855 72 32 med
762 855 96 31 dessa
877 853 214 32 föreskrifter
1110 853 94 32 skola
1224 856 89 29 utses
1333 864 41 20 av
1393 852 93 38 varje
1506 852 136 32 försam-

134 907 71 38 ling
225 908 81 31 eller
327 908 52 32 del
400 908 113 37 därav,
533 907 197 32 bestämmes
751 906 12 30 i
782 907 65 36 god
867 905 49 32 tid
939 906 71 31 före
1030 905 90 32 valet
1140 916 40 20 av
1201 904 247 38 länsstyrelsen.

464 1000 20 38 $
508 1002 30 30 2.
1227 999 43 31 28
1294 997 29 38 $.

193 1060 154 33 Rösträtt
367 1060 56 33 vid
445 1061 55 31 val
521 1072 42 20 av
581 1059 327 38 kyrkofullmäktige
927 1059 203 32 tillkommer
1149 1070 110 27 envar,
1281 1069 68 20 som
1370 1062 78 33 äger
1468 1059 137 30 rösträtt
1626 1057 19 31 å

137 1112 262 38 kyrkostämma.
432 1112 104 38 Varje
557 1110 259 38 röstberättigad
838 1116 78 32 äger
937 1122 40 21 en
999 1112 78 30 röst.

466 1205 20 37 $
510 1206 30 31 3.
1228 1204 42 31 29
1294 1201 29 38 $.

1177 1247 13 14 .

178 1273 18 31 I
234 1274 161 31 avseende
422 1274 19 31 å
467 1273 175 33 valbarhet
667 1273 54 32 till
749 1273 123 38 kyrko-
952 1272 17 32 I
1008 1272 159 32 avseende
1195 1272 19 31 å
1241 1271 174 32 valbarhet
1440 1270 54 32 till
1523 1270 122 39 kyrko-

135 1325 206 38 fullmäktig,
359 1325 214 37 obehörighet
589 1325 60 32 och
665 1328 67 29 rätt
746 1324 55 32 till
818 1337 54 20 av-
907 1323 207 39 fullmäktig,
1132 1323 214 37 obehörighet
1361 1323 60 32 och
1438 1325 68 29 rätt
1520 1322 55 32 till
1591 1333 54 20 av-

136 1377 128 37 sägelse
286 1377 86 31 skall
394 1378 64 31 vad
480 1376 12 31 i
515 1377 75 37 kap.
612 1378 20 30 2
653 1376 20 38 $
693 1378 20 30 4
734 1388 95 20 mom.
851 1378 20 30 2
910 1377 127 37 sägelse
1056 1376 86 31 skall
1163 1376 64 31 vad
1247 1375 12 31 i
1280 1376 41 30 12
1341 1373 20 39 $
1380 1379 37 27 är
1437 1374 135 37 stadgat
1592 1385 51 20 om

136 1433 37 27 är
192 1429 135 36 stadgat
347 1440 52 20 om
420 1431 160 29 ersättare
599 1428 54 37 för
673 1427 199 38 ordförande
909 1427 201 38 ordförande
1141 1427 13 31 i
1183 1427 253 37 kyrkostämma
1468 1430 62 32 äga
1563 1427 80 29 mot-

136 1480 13 32 i
175 1480 254 37 kyrkostämma
456 1485 62 31 äga
546 1480 231 31 motsvarande
804 1479 66 32 till-
907 1478 161 32 svarande
1091 1477 224 38 tillämpning.

134 1530 183 37 lämpning.

194 1580 162 39 Följande
378 1593 154 27 personer
555 1582 53 31 må
631 1581 72 32 icke
723 1593 81 20 vara
824 1579 341 39 kyrkofullmäktige:
1199 1579 255 38 landshövding,
1476 1578 169 33 landssek-

140 1636 153 35 reterare,
321 1633 296 38 landskamrerare,
646 1633 218 32 länsassessor
892 1632 79 32 eller
997 1632 129 38 biskop,
1155 1632 28 37 ej
1211 1632 105 31 heller
1344 1632 62 31 den
1433 1642 69 20 som
1529 1630 115 32 tillhör

138 1684 258 38 församlingens
421 1684 392 38 redovisningsskyldiga
836 1684 59 32 och
920 1683 160 32 avlönade
1104 1683 156 37 betjänte.

467 1786 20 38 $
512 1788 29 30 4.
1229 1786 42 31 30
1294 1784 30 38 S.

194 1861 339 39 Kyrkofullmäktige
556 1862 107 38 väljas
686 1863 53 31 för
762 1862 78 38 fyra
863 1863 46 37 år,
934 1862 147 32 räknade
1105 1862 77 31 från
1206 1862 60 31 och
1289 1861 73 32 med
1387 1861 63 32 den
1474 1861 16 30 1
1514 1858 131 40 januari

138 1914 71 31 året
232 1916 75 29 näst
328 1913 84 32 efter
434 1914 64 38 det,
522 1915 42 31 då
586 1914 89 31 valet
696 1914 132 31 skedde.
862 1913 18 31 I
901 1912 208 39 församling,
1132 1913 60 32 där
1214 1913 55 31 val
1292 1912 75 31 sker
1388 1912 107 31 första
1515 1912 130 36 gången

100 1967 5 4 "
140 1965 60 31 och
224 1964 72 33 icke
321 1969 78 32 äger
421 1976 73 20 rum
519 1965 107 32 under
647 1965 46 37 år,
719 1965 43 31 då
784 1964 169 32 allmänna
977 1964 55 31 val
1056 1975 41 20 av
1121 1962 328 39 kyrkofullmäktige
1475 1962 169 37 förrättas,

139 2016 88 31 skall
249 2016 90 31 valet
361 2016 83 31 dock
466 2016 28 37 ej
519 2027 78 20 avse
620 2016 114 37 längre
757 2015 50 32 tid
830 2020 42 27 än
893 2014 54 32 till
970 2015 170 37 utgången
1162 2026 41 20 av
1227 2015 55 31 det
1305 2014 45 38 år,
1374 2014 42 32 då
1438 2013 125 32 sådana
1586 2013 59 31 all-

140 2071 120 27 männa
282 2067 55 31 val
360 2069 95 30 nästa
477 2067 91 38 gång
592 2066 93 32 skola
709 2071 64 33 äga
795 2078 82 20 rum.

195 2117 72 32 Har
302 2118 110 32 beslut
448 2118 120 32 fattats
597 2130 50 20 om
673 2117 143 38 ändring
840 2129 41 20 av
907 2117 233 37 fullmäktiges
1167 2116 100 38 antal,
1295 2116 86 32 skall
1407 2115 239 38 församlingen

137 2170 130 31 ändock
289 2169 89 32 intill
400 2170 169 36 utgången
592 2181 41 19 av
656 2170 54 31 det
731 2170 46 37 år,
801 2169 41 32 då
863 2168 169 32 allmänna
1053 2167 254 38 fullmäktigval
1328 2170 95 29 nästa
1443 2168 89 37 gång
1553 2167 92 31 skola

142 2220 168 38 förrättas,
335 2220 184 32 företrädas
542 2232 41 19 av
607 2219 213 38 fullmäktige
841 2219 54 32 till
918 2220 56 31 det
995 2219 101 38 antal,
1118 2230 68 20 som
1208 2218 143 37 tidigare
1372 2218 100 32 blivit
1492 2218 152 36 bestämt,

139 2272 61 31 och
225 2272 53 30 må
303 2271 93 38 förty
419 2271 72 32 icke
516 2271 12 30 i
553 2270 180 38 anledning
757 2283 41 19 av
822 2269 182 38 ändringen
1028 2269 138 32 särskilt
1190 2269 252 37 fullmäktigval
1468 2269 177 37 företagas.

142 2322 74 32 Vad
243 2334 45 19 nu
315 2327 36 26 är
377 2325 74 34 sagt
478 2322 117 37 gäller,
624 2322 85 31 ändå
736 2323 50 29 att
812 2319 142 38 ändring
982 2332 40 20 av
1050 2319 232 37 fullmäktiges
1309 2320 91 31 antal
1426 2319 152 37 påkallas
1606 2330 39 20 av

142 2372 255 38 folkmängdens
422 2373 126 37 ökning
572 2372 79 31 eller
677 2371 199 37 minskning.

196 2423 61 32 Om
279 2424 54 31 val
355 2435 40 20 av
414 2422 326 38 kyrkofullmäktige
760 2422 11 31 i
792 2421 179 39 anledning
991 2433 41 20 av
1051 2421 142 37 ändring
1212 2421 11 31 i
1244 2420 209 33 ecklesiastik
1474 2420 173 38 indelning

140 2478 37 27 är
197 2474 137 32 särskilt
353 2474 143 37 stadgat.

193 2532 114 36 Bihang
321 2533 44 27 till
377 2532 168 36 riksdagens
554 2532 146 37 protokoll
713 2529 90 31 1930.
840 2530 20 28 5
875 2532 80 26 saml.
994 2529 41 29 21
1059 2530 70 37 häft.
1175 2531 63 37 (Nr
1260 2528 66 40 31.)
1469 2538 53 20 1051
1535 2538 26 20 30
1585 2532 17 27 4
