1916 2848
549 168 359 40 Konstitutionsutskottets
932 175 145 29 utlåtande
1099 174 46 28 Nr
1168 174 48 27 31.
1577 167 58 30 115

186 257 28 41 2)
238 267 93 21 mera
365 257 42 29 än
441 254 129 32 femton
602 253 142 41 procent
766 262 41 20 av
830 248 241 33 förutvarande
1095 247 162 41 anslaget,
1282 246 61 31 där
1365 245 123 40 högsta
1511 245 128 29 uttaxe-

133 308 119 41 ringen
277 318 39 19 av
340 305 106 32 sådan
470 305 91 31 skatt
585 302 187 42 överstiger
795 302 129 31 tretton
947 299 127 31 kronor
1096 299 52 30 för
1171 296 230 37 skattekrona,

185 358 29 41 3)
237 368 94 21 mera
353 358 43 30 än
420 355 48 32 tio
491 356 143 41 procent
657 365 40 20 av
719 351 241 33 förutvarande
983 349 163 41 anslaget,
1171 348 60 31 där
1253 348 126 41 högsta
1401 345 238 41 uttaxeringen

134 421 39 20 av
197 419 129 21 samma
349 407 93 32 skatt
463 405 188 42 överstiger
674 406 120 30 sexton
818 403 127 31 kronor
967 401 52 31 för
1043 399 233 38 skattekrona;

186 461 89 31 samt
296 459 12 31 i
323 457 201 42 församling
547 457 163 32 bestående
732 466 39 21 av
795 453 178 40 landsbygd
996 451 54 32 och
1072 452 83 37 stad,

187 511 103 32 såvitt
312 509 187 42 höjningen
524 507 110 33 skulle
658 508 134 40 utgöra:

188 562 27 40 1)
237 572 94 21 mera
353 562 43 30 än
420 559 166 42 tjugufem
610 559 142 41 procent
775 568 40 20 av
838 553 241 34 förutvarande
1103 552 162 41 anslaget,
1284 550 60 32 där
1367 550 123 41 högsta
1513 550 127 30 uttaxe-

133 613 119 41 ringen
276 623 40 20 av
339 612 125 31 allmän
486 608 292 34 kommunalskatt
800 607 11 31 i
835 608 112 39 någon
971 605 55 32 del
1049 616 40 20 av
1112 601 245 42 församlingen
1381 599 188 42 överstiger
1592 598 48 32 tio

133 664 126 31 kronor
281 663 53 31 för
358 661 233 37 skattekrona;

187 714 29 41 2)
238 725 94 20 mera
365 715 42 29 än
441 712 129 31 femton
604 711 143 41 procent
769 720 40 20 av
833 706 240 33 förutvarande
1096 705 162 40 anslaget,
1284 703 61 31 där
1367 702 124 40 högsta
1514 703 126 29 uttaxe-

135 766 119 41 ringen
277 775 41 20 av
342 762 106 33 sådan
472 762 91 32 skatt
585 761 12 32 i
620 763 111 39 någon.
755 759 56 32 del
835 770 40 20 av
897 757 244 40 församlingen
1166 753 187 42 överstiger
1369 754 129 30 tretton
1513 752 128 31 kronor

134 817 52 31 för
209 815 232 37 skattekrona;

186 866 29 42 3)
238 877 93 20 mera
354 867 43 29 än
420 864 48 32 tio
492 865 143 41 procent
657 874 40 20 av
719 859 242 34 förutvarande
984 858 163 41 anslaget,
1172 856 60 32 där
1254 856 125 41 högsta
1402 853 238 42 uttaxeringen

135 930 40 20 av
208 928 130 21 samma
372 916 91 32 skatt
495 915 11 32 i
537 916 112 40 någon
673 912 55 32 del
751 924 40 20 av
814 910 246 41 församlingen
1084 907 188 42 överstiger
1295 908 121 30 sexton
1439 905 128 32 kronor
1589 905 52 31 för

136 968 231 37 skattekrona;

188 1019 27 41 c)
237 1018 195 41 beviljande
466 1028 40 20 av
540 1016 128 41 anslag,
693 1014 112 32 vartill
840 1013 112 32 medel
976 1011 95 32 skola
1094 1009 171 32 anskaffas
1288 1018 124 32 genom
1436 1006 204 43 upplåning;

187 1070 32 41 d)
242 1068 221 43 upptagande
497 1067 83 32 eller
613 1065 189 42 förnyande
836 1075 40 20 av
910 1064 65 37 lån,
1000 1061 171 33 därunder
1192 1059 196 41 inbegripet
1410 1057 168 42 ingående
1602 1068 40 20 av

136 1122 139 41 borgen,
301 1120 83 32 eller
407 1117 217 43 förlängning
648 1128 39 20 av
711 1116 94 32 tiden
829 1115 53 32 för
905 1113 143 33 erhållet
1071 1113 75 31 låns
1170 1109 270 38 återbetalande;
1464 1108 83 32 eller

188 1172 28 41 e)
239 1169 285 34 efterskänkande
548 1180 40 20 av
612 1167 149 42 oguldna
784 1163 386 42 kommunalutskylder,
1195 1162 61 31 där
1278 1161 94 41 fråga
1395 1160 30 40 ej
1449 1161 37 29 är
1509 1170 55 20 om
1588 1170 54 20 an-

135 1223 145 42 tagande
303 1233 41 20 av
367 1220 134 32 ackord.

188 1273 110 32 Avser
331 1272 123 37 beslut,
479 1281 74 21 som
577 1270 12 31 i
612 1269 193 42 punkterna
828 1267 27 41 c)
880 1267 64 32 och
967 1265 33 42 d)
1024 1267 87 40 sägs,
1135 1263 195 42 beviljande
1354 1274 40 20 av
1417 1261 119 41 anslag
1560 1260 82 32 eller

135 1324 221 43 upptagande
380 1322 82 32 eller
484 1320 190 43 förnyande
697 1332 39 19 av
758 1320 57 31 lån
838 1319 53 31 för
913 1316 214 43 fullgörande
1151 1327 40 19 av
1213 1316 114 40 någon
1348 1312 200 41 församling
1562 1312 80 41 jäm-

137 1376 64 32 likt
226 1376 56 41 lag
312 1374 84 32 eller
418 1372 148 33 särskild
589 1370 201 42 författning
813 1368 158 33 åvilande
994 1367 145 42 uppgift,
1165 1365 85 33 skall
1273 1365 12 31 i
1308 1365 94 41 fråga
1425 1375 54 20 om
1504 1362 58 32 det
1583 1362 55 31 be-

137 1427 69 31 slut
228 1426 68 31 vad
316 1425 12 31 i
351 1424 96 31 detta
467 1424 154 31 moment
644 1421 137 42 stadgas
805 1420 30 41 ej
859 1420 98 41 gälla.

189 1477 83 31 Med
295 1476 125 31 allmän
443 1473 291 33 kommunalskatt
757 1472 127 31 förstås
906 1470 12 31 i
940 1469 34 41 b)
998 1468 105 32 sådan
1128 1468 91 32 skatt
1260 1485 22 3 —
1316 1485 29 3 —
1374 1484 33 3 —
1436 1484 33 3 —
1498 1483 36 3 —
1559 1464 83 32 eller

136 1525 330 45 kyrkofullmäktige.

484 1637 9 8 o

192 1638 31 41 7)
248 1637 18 31 I
289 1636 169 32 avseende
481 1647 19 19 å
522 1634 156 42 punkten
701 1644 55 20 om
781 1630 323 41 valkretsindelning:

191 1726 39 20 av
252 1713 80 32 herr
357 1711 162 39 Stendahl,
545 1721 75 21 som
644 1711 122 37 ansett,
791 1710 50 30 att
863 1707 170 33 utskottet
1055 1707 78 31 bort
1157 1704 171 42 tillstyrka
1348 1704 176 31 motionen
1541 1703 27 31 I:
1583 1703 60 31 279

139 1777 39 20 av
201 1766 79 31 herr
304 1763 176 33 Stendahl.

486 1875 9 9 2

192 1876 32 40 8)
249 1876 18 31 I
290 1873 170 33 avseende
483 1885 19 19 å
524 1873 155 41 punkten
703 1883 54 19 om
781 1870 205 42 kyrkorådets
1010 1868 232 41 befogenheter:

192 1953 30 37 a)
257 1962 41 20 av
331 1951 117 31 herrar
478 1950 169 36 Sävström,
690 1948 232 35 Vennerström,
957 1945 135 38 Larsén,
1127 1944 185 31 Andersson
1345 1943 11 31 i
1383 1942 166 41 Igelboda
1581 1941 63 32 och

141 2003 160 31 Karlsson
329 2001 6 31 i
358 2000 184 37 Vadstena,
567 2010 74 20 som
665 1999 121 37 ansett,
811 1999 50 29 att
884 1996 186 32 utskottets
1094 1994 175 32 utlåtande
1293 1993 64 32 och
1380 1993 127 40 förslag
1528 1992 12 31 i
1563 1992 82 31 före-

141 2053 145 31 varande
311 2051 55 32 del
389 2051 79 31 bort
490 2050 44 31 ha
556 2048 150 42 följande
728 2048 146 41 lydelse:

192 2104 17 31 I
233 2102 177 33 motionen
448 2102 45 30 II:
507 2102 62 30 462
981 2113 408 5 ee
1415 2113 103 2 or
1542 2112 39 2 —
1605 2112 39 3 —

216 2172 39 5 —
437 2171 11 3 —
499 2171 40 3 —
629 2170 36 2 —
774 2169 17 3 -
844 2168 11 2 —
943 2167 228 3 Se
1222 2165 13 3 —
1448 2145 84 31 böra
1555 2146 88 39 utgå.

194 2205 67 31 Till
285 2203 80 32 stöd
387 2204 53 31 för
463 2203 60 31 sitt
545 2201 152 42 yrkande
720 2201 119 30 anföra
862 2199 265 31 motionärerna:

199 2263 137 40 »Enligt
370 2262 109 41 punkt
512 2273 19 19 a
565 2261 10 31 i
600 2261 112 31 denna
734 2259 157 42 paragraf
914 2258 86 31 skall
1024 2257 58 31 det
1106 2257 189 30 tillkomma
1318 2254 206 42 kyrkorådet
1547 2254 44 31 bl.
1616 2265 28 19 a.

143 2316 49 29 att
214 2314 11 30 i
249 2312 170 32 avseende
442 2315 19 28 å
486 2312 172 31 'sedernas
682 2310 89 31 vård
797 2309 84 31 vaka
905 2310 80 29 över
1007 2307 253 32 efterlevnaden
1284 2317 40 19 av
1348 2305 117 31 därom
1489 2304 157 41 gällande

142 2363 250 40 författningar.
438 2361 272 32 Bestämmelsen
734 2360 11 30 i
768 2360 94 40 fråga
885 2360 36 29 är
944 2358 139 31 hämtad
1106 2368 39 19 ur
1168 2356 156 41 gällande
1349 2355 208 40 förordning.
1593 2354 53 30 Då

144 2413 192 32 emellertid
359 2423 121 30 genom
505 2412 41 31 de
571 2411 109 31 under
702 2410 41 31 de
768 2420 120 21 senare
912 2410 80 29 åren
1016 2406 222 43 genomförda
1260 2407 209 30 reformerna
1484 2405 93 30 inom
1595 2404 52 31 äk-

144 2464 184 40 tenskaps-,
353 2462 210 41 fattigvårds-
588 2461 64 32 och
675 2458 470 42 barnavårdslagstiftningen
1169 2457 158 40 frågorna
1349 2455 145 32 rörande
1529 2454 118 32 'seder-
