1918 2816
635 189 262 30 Statsutskottets
921 188 166 29 utlåtande
1110 197 39 19 nr
1169 190 68 29 109.
1648 185 37 32 11

843 388 61 41 Nr
935 387 92 43 109.

578 500 125 28 Ankom
728 500 49 28 till
800 500 189 36 riksdagens
1012 499 106 28 kansli
1142 499 61 27 den
1230 498 34 28 11
1291 498 63 37 maj
1382 497 79 28 1943
1484 497 42 27 kl.
1551 496 18 28 3
1593 505 26 19 e.
1643 505 42 19 m.

496 600 196 36 Utlåtande
727 601 14 35 i
771 600 197 48 anledning
996 613 45 23 av
1069 599 102 37 väckt
1196 599 132 36 motion
1356 597 184 50 angående
1568 597 117 36 utred-

579 661 88 48 ning
704 673 56 24 om
797 661 205 35 inrättande
1029 673 45 23 av
1101 666 46 30 ett
1172 659 149 36 centralt
1346 658 138 49 statligt
1509 657 175 48 informa-

582 720 235 37 tionsinstitut
842 721 15 35 i
883 720 137 36 sociala
1042 719 146 49 frågor.

1450 785 65 41 (3:e
1538 784 88 42 avd.)

232 888 19 32 I
267 899 42 21 en
326 888 93 32 inom
437 889 107 31 första
561 888 193 32 kammaren
771 900 40 21 av
827 888 79 32 herr
923 888 39 31 E.
986 888 35 31 0.
1043 886 161 33 Wiklund
1222 887 99 32 väckt
1338 886 130 32 motion
1491 886 42 40 (I:
1547 885 52 40 20)
1623 885 62 32 har

178 939 203 38 hemställts,
399 941 49 30 att
464 939 182 41 riksdagen
663 939 80 32 ville
760 940 11 31 i
789 938 164 32 skrivelse
970 939 55 31 till
1041 937 127 42 Kungl.
1186 937 102 42 Maj:t
1304 936 180 33 hemställa
1502 947 55 20 om
1574 935 110 33 utred-

179 989 83 42 ning
286 992 134 29 snarast
443 989 136 42 möjligt
604 1000 55 21 om
683 988 244 42 tillskapandet
952 1000 41 20 av
1019 990 49 30 ett
1093 988 153 38 centralt,
1273 987 133 42 statligt
1432 986 252 32 informations-

179 1040 140 32 institut
339 1039 12 32 i
372 1040 126 32 sociala
519 1040 123 41 frågor.

231 1090 223 32 Beträffande
476 1090 42 32 de
540 1090 83 38 skäl,
645 1100 73 22 som
740 1090 131 31 anförts
893 1089 54 32 till
968 1089 79 32 stöd
1070 1089 53 31 för
1146 1088 172 42 förslaget,
1342 1089 52 31 får
1415 1087 169 33 utskottet
1604 1087 79 32 hän-

179 1140 72 32 visa
269 1140 55 32 till
342 1140 182 32 motionen.
1446 1154 2 2 ;

230 1234 180 32 Utskottet
443 1232 61 33 vill
539 1233 226 41 understryka
800 1233 64 32 vad
899 1233 214 31 motionären
1137 1232 187 32 framhållit
1347 1231 144 32 rörande
1517 1231 58 32 det
1599 1231 85 31 före-

178 1285 160 42 liggande
369 1284 148 32 behovet
548 1295 41 21 av
622 1284 104 31 social
747 1283 206 42 vägledning
974 1283 64 32 och
1060 1282 212 42 rådgivning,
1295 1283 120 31 främst
1437 1282 55 31 för
1514 1282 41 32 de
1579 1293 104 30 organ

179 1335 64 32 och
261 1335 246 41 myndigheter,
527 1345 75 21 som
618 1334 137 32 handha
773 1334 90 31 olika
882 1344 121 31 grenar
1020 1345 42 20 av
1082 1333 65 32 den
1166 1333 128 32 sociala
1311 1332 258 32 verksamheten
1588 1332 64 31 och
1671 1332 12 30 i

179 1386 55 32 sin
265 1388 56 29 tur
352 1385 96 33 skola
478 1387 53 30 stå
552 1385 229 31 allmänheten
803 1384 54 32 till
878 1384 107 40 tjänst
1006 1383 78 32 med
1105 1383 249 42 upplysningar
1375 1383 13 31 1
1409 1382 128 32 sociala
1559 1382 123 41 frågor.

176 1436 214 41 Visserligen
424 1437 37 29 är
493 1437 51 30 att
576 1435 141 42 hoppas,
753 1437 50 29 att
826 1434 430 32 socialvårdskommitténs
1280 1433 116 32 arbete
1420 1432 88 33 skall
1531 1433 73 31 visa
1629 1432 53 41 sig

177 1486 115 32 kunna
323 1486 77 31 leda
431 1485 54 32 till
519 1485 172 38 reformer,
715 1496 72 20 som
809 1484 153 32 medföra
984 1486 49 29 att
1056 1484 66 31 den
1141 1482 259 42 ifrågavarande
1423 1482 259 32 verksamheten

179 1537 122 31 lättare
330 1535 66 32 kan
426 1535 211 32 överblickas
658 1537 12 31 i
691 1535 79 32 dess
802 1534 90 32 olika
913 1534 126 32 former
1060 1534 63 31 och
1145 1534 244 40 förgreningar,
1411 1543 77 21 men
1510 1532 173 32 sannolikt

178 1587 151 31 kommer
344 1586 147 32 behovet
507 1597 41 20 av
566 1585 95 41 dylik
677 1585 222 32 information
916 1586 50 30 att
981 1584 101 32 bestå
1098 1586 85 30 även
1200 1584 12 31 i
1231 1584 191 31 framtiden.

231 1637 19 31 I
266 1637 120 41 frågan
402 1636 65 31 hur
483 1647 41 20 en
543 1635 95 41 dylik
654 1633 457 34 informationsverksamhet
1127 1633 63 32 bör
1207 1633 134 37 ordnas,
1359 1632 115 32 kunna
1492 1632 190 32 emellertid

178 1688 81 32 råda
278 1687 120 32 delade
417 1687 184 41 meningar.
632 1685 217 33 Motionären
868 1686 62 32 har
949 1685 180 41 föreslagit
1147 1683 245 44 tillskapandet
1410 1696 41 20 av
1471 1687 48 29 ett
1539 1684 143 32 centralt

179 1738 133 42 statligt
338 1737 388 38 informationsinstitut,
753 1736 125 42 förlagt
904 1736 54 31 till
984 1735 286 41 socialstyrelsen.
1307 1735 70 31 Det
1400 1735 66 31 kan
1492 1735 191 31 emellertid

178 1791 85 29 även
287 1789 227 41 ifrågasättas,
538 1787 170 32 huruvida
732 1798 42 21 en
799 1787 128 31 central
952 1786 233 41 organisation
1210 1796 41 21 av
1275 1785 408 32 informationsverksam-

178 1839 102 32 heten
295 1838 143 32 innebär
453 1839 66 31 den
534 1837 216 42 lämpligaste
766 1837 189 41 lösningen.
985 1836 192 41 Övervägas
1194 1835 64 32 bör
1273 1835 133 42 jämväl,
1423 1835 169 32 huruvida
1609 1835 73 32 icke

179 1889 66 32 den
275 1900 41 20 av
346 1889 212 31 motionären
589 1888 156 41 påtalade
766 1887 132 32 bristen
919 1886 110 32 skulle
1050 1886 114 32 kunna
1184 1886 12 31 i
1217 1886 164 31 avsevärd
1402 1886 83 40 grad
1506 1885 176 41 avhjälpas

179 1950 122 32 genom
321 1938 183 41 utgivande
525 1949 40 20 av
586 1949 42 20 en
648 1937 160 32 handbok
829 1937 12 31 i
860 1936 205 32 hithörande
1087 1936 122 40 frågor.

232 1989 54 31 Då
303 1989 58 31 det
379 1988 189 32 emellertid
585 1987 67 32 kan
670 1988 210 36 förutsättas,
900 1988 49 30 att
968 1985 410 33 socialvårdskommittén
1397 1985 110 32 under
1524 1985 61 32 sitt
1605 1986 78 31 fort-

181 2042 89 29 satta
287 2039 116 31 arbete
420 2038 140 32 beaktar
577 2037 147 32 behovet
742 2048 40 20 av
801 2037 105 31 social
925 2036 210 42 upplysning
1153 2035 96 32 torde
1269 2035 73 32 icke
1361 2046 42 20 en
1421 2034 148 33 särskild
1587 2035 96 31 fram-

181 2089 165 42 ställning
367 2100 54 20 om
442 2088 184 41 utredning
648 2088 12 31 i
682 2089 113 30 ämnet
817 2088 53 30 för
891 2086 210 32 närvarande
1124 2097 78 20 vara
1223 2085 166 41 påkallad.

232 2140 120 31 Under
371 2139 215 41 åberopande
607 2149 40 20 av
667 2138 65 31 vad
752 2137 143 32 sålunda
915 2136 132 32 anförts
1070 2136 52 31 får
1142 2135 167 32 utskottet
1329 2135 188 38 hemställa,

475 2217 49 28 att
541 2214 174 31 motionen
731 2214 28 30 I:
774 2214 40 30 20
830 2213 30 40 ej
879 2214 53 29 må
947 2212 54 31 till
1016 2213 113 39 någon
1146 2211 199 41 riksdagens
1362 2210 120 41 åtgärd
1498 2210 184 32 föranleda.

235 2273 198 33 Stockholm
457 2273 66 31 den
548 2274 37 29 11
610 2272 65 40 maj
701 2272 90 31 1943.

667 2357 49 31 På
738 2356 274 32 statsutskottets
1037 2357 135 38 vägnar:

728 2415 30 31 J.
783 2415 38 31 B.
846 2413 292 33 JOHANSSON.

236 2528 217 29 Närvarande:
489 2537 32 18 se
547 2528 100 27 under
672 2526 181 28 utlåtandet
877 2535 36 18 nr
941 2526 67 27 107.

803 2604 300 11 filltteeteredetndtttee

1740 1244 132 24 Utskottet.
