1882 2790
249 130 20 31 2
712 137 263 30 Statsutskottets
997 139 167 30 utlåtande
1186 150 39 19 nr
1249 143 48 27 41.

304 213 153 35 Utskottet
489 217 109 32 finner
631 218 75 32 skäl
740 220 68 31 tala
829 221 53 31 för
904 223 51 29 att
977 233 42 20 en
1043 223 230 42 avgränsning
1295 225 77 31 sker
1395 236 41 20 av
1459 226 140 41 utgifter
1622 239 40 19 av
1686 228 64 32 här

241 264 256 42 ifrågavarande
520 270 52 29 art
594 269 125 32 mellan
743 270 152 41 anslaget
918 272 54 31 till
996 273 224 32 oförutsedda
1242 275 141 41 utgifter
1405 276 66 31 och
1495 277 177 32 marinens
1692 290 55 20 an-

243 315 74 40 slag
350 316 52 31 till
435 318 180 32 underhåll
638 330 42 20 av
701 320 112 42 fartyg
836 332 41 21 m.
903 333 42 21 m.
991 323 76 31 Mot
1101 324 67 31 den
1203 325 193 42 föreslagna
1432 326 316 43 kostnadsgränsen

243 376 103 30 synes
379 368 172 32 utskottet
581 369 74 32 icke
689 372 104 40 något
825 383 79 20 vara
926 374 51 30 att
1000 374 120 38 erinra,
1145 376 113 30 varför
1280 376 170 31 utskottet
1472 377 199 42 tillstyrker,
1696 382 50 29 att

242 416 237 33 förstnämnda
500 419 119 41 anslag
640 422 56 29 må
718 423 95 39 tagas
835 422 11 31 i
870 423 149 41 anspråk
1041 424 53 31 till
1117 424 66 32 den
1208 425 55 32 del
1286 426 348 34 haverikostnaderna
1656 429 11 31 i
1691 429 60 32 det

242 467 155 32 enskilda
419 468 97 32 fallet
538 470 171 42 överstiga
731 471 93 32 5000
846 472 141 33 kronor.

297 517 179 33 Utskottet
499 519 208 40 hemställer,

563 598 49 29 att
634 596 183 43 riksdagen
840 600 54 29 må
916 600 165 41 medgiva,
1105 603 50 30 att
1179 602 59 32 det
1260 603 11 31 i
1287 603 186 32 riksstaten
1490 605 172 41 uppförda
1677 606 67 31 för-

511 646 249 43 slagsanslaget
782 648 53 31 till
858 649 224 33 oförutsedda
1104 653 142 40 utgifter
1266 656 53 29 må
1335 654 10 31 i
1362 654 67 32 den
1447 655 207 42 omfattning
1671 667 74 20 som

510 696 12 31 i
545 697 379 42 statsrådsprotokollet
947 701 81 31 över
1049 701 301 34 försvarsärenden
1372 705 53 31 för
1448 704 66 32 den
1540 707 36 29 11
1592 706 153 32 februari

512 748 80 30 1949
624 748 148 42 angivits
803 750 134 41 jämlikt
960 751 126 42 Kungl.
1111 753 116 41 Maj:ts
1252 754 256 33 bestämmande
1531 758 95 40 tagas
1649 757 12 31 i
1685 768 55 21 an-

512 797 102 42 språk
646 799 111 32 under
789 800 202 42 budgetåret
1028 803 135 38 1949/50
1195 804 54 31 för
1270 807 49 29 att
1342 806 97 31 täcka
1462 807 281 40 uppkommande

511 848 311 41 haverikostnader,
846 852 170 32 avseende
1039 853 173 33 marinens
1234 855 118 42 fartyg.

296 904 199 33 Stockholm
520 907 65 31 den
610 908 38 31 18
672 919 91 21 mars
790 910 87 31 1949.

743 992 49 31 På
814 994 273 32 statsutskottets
1110 997 137 40 vägnar:

790 1068 31 30 J.
845 1068 37 31 B.
907 1069 292 33 JOHANSSON.

301 1295 65 31 Vid
391 1297 218 39 förestående
636 1299 145 31 ärendes
807 1300 281 43 slutbehandling
1114 1304 93 31 inom
1235 1305 165 32 utskottet
1429 1307 84 30 hava
1540 1308 150 31 närvarit

297 1364 73 31 från
395 1365 138 32 första
555 1366 202 32 kammaren:
782 1368 115 32 herrar
918 1370 114 31 Johan
1056 1371 176 32 Bernhard
1255 1373 204 38 Johansson,
1473 1374 107 39 Pauli,
1595 1375 150 31 Rickard

245 1406 206 39 Lindström,
481 1408 90 32 Sven
598 1409 161 39 Larsson,
788 1410 121 38 Ohlon,
939 1412 163 42 Heiding,
1130 1413 189 40 Gillström,
1347 1416 149 41 Berling,
1525 1417 218 39 Hesselbom,

229 1448 136 42 Bergh,
387 1450 85 31 Erik
495 1450 124 32 Gustaf
639 1453 198 31 Andersson
860 1454 63 31 och
946 1454 131 32 Gustav
1100 1456 92 31 Emil
1214 1457 210 39 Andersson;
1447 1462 89 29 samt

298 1508 72 32 från
398 1510 130 31 andra
554 1510 204 32 kammaren:
786 1512 115 31 herrar
927 1512 115 41 Ward,
1072 1513 174 35 Svensson
1275 1516 10 31 i
1313 1516 162 41 Grönvik,
1503 1518 200 32 Andersson
1730 1519 12 31 i

243 1550 136 39 Malmö,
419 1552 150 32 Larsson
607 1554 11 30 i
658 1553 207 40 Stockholm,
894 1555 249 39 Wallentheim,
1174 1557 108 39 Ståhl,
1311 1559 194 39 Lindholm,
1533 1560 208 38 Åkerström,

244 1592 160 43 Staxäng,
427 1594 176 42 Kollberg,
627 1596 149 32 Persson
798 1597 11 31 i
831 1597 153 42 Vinberg
1006 1599 62 31 och
1090 1599 198 32 Johansson
1310 1601 11 30 i
1344 1601 168 41 Mysinge.
