1894 2848
604 187 231 28 Statsutskottets
857 187 148 27 utlåtande
1027 186 48 28 Nr
1100 184 69 30 135.
1626 183 17 31 7

196 262 18 31 I
236 261 231 43 byggnadens
483 261 221 42 centralparti
720 260 175 43 inrymdes
909 260 125 42 jämväl
1050 260 235 39 elevhemmet,
1303 260 57 31 det
1377 271 24 21 s.
1416 260 29 31 k.
1462 260 185 32 tnternatet.

143 305 106 31 Detta
281 304 127 31 bestod
444 314 40 21 av
508 305 55 30 två
596 303 230 41 avdelningar,
851 314 41 20 en
927 303 52 31 för
1008 302 157 41 omkring
1193 303 42 30 55
1265 302 148 41 manliga
1442 302 119 38 elever,
1585 302 64 31 för-

144 346 121 32 delade
296 348 19 29 å
339 347 39 30 14
406 345 174 38 rum,-och
605 356 42 20 en
677 345 53 31 för
759 345 157 41 omkring
944 345 42 31 45
1015 345 176 40 kvinnliga
1224 344 120 38 elever,
1368 344 174 31 fördelade
1566 345 19 30 å
1610 345 36 30 11

143 400 85 20 rum.
274 388 67 31 Till
371 388 143 31 vardera
546 387 228 42 avdelningen
807 387 109 31 hörde
950 387 149 41 dagrum,
1132 386 163 42 sjukrum,
1324 386 196 32 toalettrum
1543 397 43 20 m.
1604 397 43 20 m.

144 431 131 31 Mellan
309 430 148 31 nämnda
491 430 223 41 avdelningar
746 429 150 32 förlades
927 440 42 20 en
999 429 122 31 matsal
1156 429 78 31 med
1268 429 156 41 omkring
1447 429 39 30 75
1508 428 140 42 platser,

144 474 62 31 där
228 473 200 41 utspisning
451 472 110 32 skulle
584 473 150 41 försiggå
756 472 12 31 i
791 474 55 29 två
870 473 193 40 omgångar.
1087 471 68 31 Till
1178 471 203 42 mittflygeln
1397 470 149 32 förlades
1562 470 87 32 köks-

145 515 172 41 avdelning
340 516 52 31 för
415 515 79 31 hela
516 515 172 31 anstalten
713 516 87 30 samt
824 525 41 21 en
888 514 207 40 samlingssal
1117 513 78 32 med
1219 514 90 41 plats
1332 514 53 31 för
1407 513 157 42 omkring
1587 513 62 31 250

143 553 173 51 personer.
1468 585 7 3 |

197 600 162 32 Frånsett
382 600 42 31 de
447 600 11 31 i
482 599 167 32 samband
669 599 77 31 med
762 599 153 31 kliniken
930 598 153 42 förlagda
1098 598 318 42 personalrummen
1433 597 216 32 erfordrades

144 642 198 43 ytterligare
376 643 40 31 28
441 642 234 41 personalrum.
720 641 113 32 Dessa
862 640 194 32 fördelades
1090 641 11 31 i
1135 642 56 30 två
1224 651 158 31 grupper,
1407 651 39 20 av
1468 640 90 31 vilka
1581 639 68 32 den

145 696 64 21 ena
231 684 150 32 förlades
404 684 54 31 till
481 683 258 42 centralpartiet
762 683 63 32 och
849 683 66 31 den
939 683 106 31 andra
1067 682 54 32 till
1143 682 214 42 mittflygeln.

197 727 19 31 I
238 726 278 42 källarvåningen
550 725 177 42 inrymdes
761 737 42 20 en
837 725 53 31 för
923 725 150 31 internat
1107 725 64 31 och
1203 724 261 42 sjukavdelning
1486 726 163 29 ävensom

145 769 192 32 anstaltens
360 769 162 41 personal
545 768 129 32 avsedd
697 767 404 40 maskintvättinrättning.

198 811 54 31 En
285 812 54 31 för
372 811 153 41 sjukhus,
548 810 201 32 verkstäder
779 810 63 31 och
872 810 151 31 internat
1045 819 197 31 gemensam
1265 808 298 41 kontorsavdelning
1586 808 64 31 för-

144 854 97 31 lades
264 853 53 32 till
340 853 266 42 centralpartiet.

197 895 298 41 Pannanläggning
518 896 53 30 för
594 894 386 42 centraluppvärmning
1003 893 64 32 och
1090 892 403 42 varmvattenberedning
1508 893 53 31 för
1572 892 78 32 hela

144 939 171 31 anstalten
338 937 175 43 inrymdes
536 937 11 31 i
570 937 215 42 mittflygeln.

200 981 130 40 Garage
351 980 162 31 inreddes
535 980 11 30 i
570 979 168 32 samband
760 978 78 32 med
859 978 252 32 verkstäderna.

203 1023 183 31 Anstalten
411 1022 110 32 skulle
543 1022 111 31 förses
678 1021 78 32 med
779 1032 41 21 en
844 1020 145 33 mathiss
1013 1020 64 31 och
1099 1021 74 41 fyra
1195 1019 106 32 andra
1324 1019 114 32 hissar.

204 1064 212 43 Byggnaden
440 1064 109 31 skulle
572 1064 166 41 uppföras
761 1074 39 20 av
824 1065 76 30 sten
924 1062 78 32 med
1024 1063 100 40 tegel-
1148 1062 84 31 eller
1254 1062 139 42 plåttak.

206 1141 186 32 Alternativ
414 1141 45 31 II
480 1139 279 33 överensstämde
782 1139 12 32 i
816 1139 191 42 väsentliga
1030 1139 94 31 delar
1147 1138 79 32 med
1248 1138 180 32 alternativ
1451 1137 26 32 I.
1522 1137 128 32 Medan

148 1191 193 33 emellertid
374 1191 107 41 enligt
514 1190 182 32 alternativ
718 1190 19 32 I
759 1190 191 32 anstaltens
984 1189 221 42 centralparti
1238 1190 65 31 och
1335 1188 180 43 mittflygel
1538 1189 112 31 skulle

149 1243 131 42 byggas
303 1242 12 31 i
337 1242 68 31 fem
427 1241 165 43 våningar
622 1243 89 30 samt
741 1240 243 43 sidoflyglarna
1006 1240 11 32 i
1040 1241 82 41 fyra,
1147 1239 110 32 skulle
1281 1239 106 42 enligt
1410 1239 180 32 alternativ
1612 1239 39 32 II

146 1292 257 43 centralpartiet
425 1293 12 31 i
459 1292 110 32 likhet
592 1292 79 32 med
694 1291 244 43 sidoflyglarna
961 1291 128 32 erhålla
1111 1291 147 31 allenast
1279 1290 74 43 fyra
1374 1290 172 42 våningar,
1571 1301 78 20 men

144 1344 155 32 däremot
320 1343 204 42 mittflygeln
546 1343 93 32 bliva
662 1343 54 41 sju
737 1342 165 42 våningar
923 1342 76 42 hög.
1637 1380 7 5 .

200 1394 222 32 Beträffande
455 1393 265 42 användningen
750 1404 40 20 av
813 1393 191 31 anstaltens
1036 1392 132 31 lokaler
1201 1391 110 32 skilde
1335 1391 51 42 sig
1409 1391 181 32 alternativ
1613 1391 39 31 TI

144 1445 75 32 från
242 1444 181 32 alternativ
445 1444 19 31 I
485 1444 12 31 i
520 1443 180 32 huvudsak
722 1443 11 31 i
756 1443 152 41 följande
930 1442 202 32 avseenden.

200 1495 278 31 Yrkesskolorna
500 1495 53 31 för
574 1487 178 48 kvinnliga
774 1494 112 31 elever
908 1493 88 31 hade
1019 1493 213 41 överflyttats
1255 1492 53 32 till
1332 1492 100 42 sjätte
1449 1492 64 31 och
1529 1492 124 41 sjunde

152 1546 209 41 våningarna
384 1545 12 31 1
419 1545 215 42 mittfygeln.
680 1544 248 31 Aftonskolans
960 1543 130 32 lokaler
1122 1542 88 32 hade
1237 1542 141 42 förlagts
1402 1542 53 31 till
1478 1542 42 32 de
1543 1553 75 20 rum
1642 1542 11 31 i

152 1596 215 42 mittflygeln,
380 1596 91 31 vilka
487 1595 107 41 enligt
610 1595 181 31 alternativ
807 1594 19 31 I
842 1594 110 31 skulle
968 1594 204 41 disponeras
1188 1595 114 30 såsom
1318 1592 334 43 personalbostäder.

153 1646 159 32 Nämnda
334 1646 164 32 bostäder
520 1645 88 32 hade
632 1645 53 31 till
708 1645 85 42 följd
816 1645 103 31 härav
941 1644 143 42 förlagts
1107 1644 53 31 till
1184 1645 49 30 ett
1256 1655 40 20 av
1319 1643 41 32 de
1384 1645 18 29 å
1422 1645 131 30 statens
1568 1643 87 42 järn-

152 1699 121 40 vägars
307 1696 139 32 område
478 1696 146 42 belägna
657 1698 51 29 tre
741 1695 266 38 bostadshusen,
1030 1694 106 32 vilket
1165 1695 53 31 för
1240 1694 193 31 ändamålet
1456 1695 108 30 måste
1588 1705 67 20 om-

152 1748 140 42 byggas.
337 1747 53 32 De
414 1746 247 39 elevbostäder,
686 1757 73 21 som
784 1746 108 41 enligt
914 1745 180 32 alternativ
1117 1745 18 31 I
1159 1745 111 31 skulle
1286 1744 186 42 inrymmas
1487 1744 12 31 i
1515 1744 141 32 central-

153 1798 146 43 partiets
332 1799 103 30 femte
458 1797 134 42 våning,
617 1797 88 32 hade
738 1797 132 42 flyttats
904 1796 53 31 till
991 1795 65 32 den
1088 1806 100 21 norra
1211 1794 315 43 flygelbyggnaden.
1572 1794 83 33 Som

150 1848 87 42 följd
276 1848 103 32 härav
413 1848 88 31 hade
533 1849 54 31 för
619 1848 131 31 måleri-
783 1847 64 31 och
881 1846 434 41 tapetserarverkstäderna
1348 1846 103 41 tagits
1473 1845 12 32 i
1508 1845 149 41 anspråk

154 1901 157 40 garagets
342 1898 243 32 förutvarande
608 1899 91 40 plats
723 1898 63 31 och
810 1899 138 40 garaget
969 1897 143 41 förlagts
1136 1897 53 30 till
1213 1908 42 20 en
1277 1896 187 32 fristående
1487 1895 169 43 byggnad.

207 1949 446 41 Anläggningskostnaderna
676 1949 53 30 för
751 1948 41 31 de
816 1948 92 31 olika
931 1947 354 41 alternativförslagen
1309 1946 212 32 beräknades
1537 1946 12 31 i
1561 1946 97 31 fram-

150 1999 207 42 ställningen
381 2000 44 41 på
447 1998 150 42 följande
622 2000 77 30 sätt.

1164 2040 57 25 Alt.
1241 2040 21 25 I.
1505 2039 57 25 Alt.
1582 2040 35 24 II.

147 2093 121 31 Klinik
291 2092 64 32 och
378 2092 248 42 poliklinik......
749 2116 83 4 rrteserr
864 2116 16 2 res
911 2115 49 4 eennnr
1014 2115 60 4 0000
1128 2090 165 38 1,075,200
1482 2089 177 38 1,099,450

147 2142 325 42 Bandageverkstad
535 2167 107 4 sc...
743 2166 25 4 eyes
892 2165 188 5 ETTER
1160 2137 140 49 270,000
1519 2140 140 38 271,150

148 2194 228 31 Yrkesskolor
399 2193 63 32 och
479 2193 152 31 elevhem
1006 2215 72 5 +
1130 2191 166 37 1,924,800
1487 2190 172 37 1,934,875

796 2250 143 32 Summa
962 2251 126 30 kronor
1132 2250 167 38 3,270,000
1492 2248 168 39 3,305,475

208 2344 131 31 Därvid
374 2344 167 31 räknades
575 2344 75 31 icke
684 2344 78 31 med
785 2345 104 40 något
911 2343 128 41 belopp
1063 2344 114 30 såsom
1202 2342 190 41 ersättning
1415 2342 52 30 för
1490 2341 42 31 de
1555 2341 106 31 mark-

154 2394 162 32 områden
350 2394 64 32 och
448 2394 207 42 byggnader,
679 2394 90 31 vilka
802 2393 55 32 för
890 2393 210 31 närvarande
1131 2392 203 42 disponeras
1358 2403 38 20 av
1421 2393 131 30 statens
1574 2392 87 40 järn-

148 2447 111 38 vägar,
284 2444 193 42 respektive
500 2444 203 40 föreningen
726 2444 53 31 De
802 2443 138 32 blindas
963 2445 134 29 vänner.
