1912 2816
615 177 101 29 Andra
740 178 195 36 lagutskottets
956 178 148 29 utlåtande
1126 188 36 19 nr
1181 179 50 28 21.
1636 176 38 31 13

172 248 236 33 förhållanden
447 250 163 32 hitintills
644 250 122 32 endast
799 251 164 41 reglerats
996 262 123 30 genom
1153 251 261 32 bestämmelser
1447 252 10 31 i
1490 252 184 32 kassornas

172 299 146 42 stadgar.
364 300 69 32 Det
454 312 80 21 vore
558 301 170 42 tillfyllest
751 301 78 31 med
853 304 49 29 ett
923 301 312 42 tillrättaläggande
1259 302 177 32 uttalande
1459 313 41 20 av
1522 302 152 43 departe-

171 351 235 32 mentschefen
430 352 52 31 till
505 352 389 41 statsrådsprotokollet.

225 401 121 33 Såsom
371 402 431 42 övergångsbestämmelse
825 403 98 32 torde
946 403 84 32 böra
1052 403 98 41 gälla,
1174 405 50 30 att
1246 404 43 31 de
1312 404 129 38 kassor,
1465 403 91 32 vilka
1571 404 10 31 i
1599 403 74 32 sina

173 452 139 42 stadgar
334 453 123 42 intagit
478 453 268 39 bestämmelser,
771 465 74 20 som
870 454 115 32 strede
1007 457 72 29 mot
1101 454 42 32 de
1160 454 146 42 angivna
1321 454 223 42 riktlinjerna,
1562 454 111 32 skulle

171 506 117 29 senast
320 503 58 32 vid
411 504 59 32 det
502 504 171 32 ordinarie
707 505 261 39 sammanträde,
993 516 74 21 som
1097 505 86 42 ägde
1216 516 76 21 rum
1323 507 153 30 närmast
1498 506 86 31 efter
1606 505 66 32 den

173 556 15 29 1
211 554 135 41 januari
371 555 91 38 1943,
484 556 86 30 fatta
591 555 116 32 beslut
730 566 55 21 om
809 556 145 41 ändring
976 567 40 20 av
1039 556 184 42 stadgarna
1245 556 11 31 i
1280 556 153 41 enlighet
1455 557 78 31 med
1549 556 42 32 de
1606 567 67 30 nya

169 605 164 41 reglerna.

221 656 18 31 I
261 656 223 32 förevarande
508 657 245 42 sammanhang
774 657 63 31 har
859 657 278 42 socialstyrelsen
1154 660 186 36 omnämnt,
1357 660 50 29 att
1422 658 58 31 vid
1495 658 179 31 bildandet

169 717 40 21 av
243 706 151 32 erkända
426 707 373 32 arbetslöshetskassor
827 708 53 32 för
902 719 175 30 personer,
1101 708 207 32 tillhörande
1332 708 129 32 sådana
1481 708 192 42 yrkeskate-

170 757 113 42 gorier
316 758 61 31 där
405 758 12 31 i
440 758 186 32 allmänhet
648 758 204 32 månadslön
874 758 135 32 komme
1032 758 54 32 till
1108 759 229 41 användning,
1360 759 111 31 under
1494 770 119 21 senare
1636 761 37 29 år

168 808 94 41 fråga
294 810 168 40 uppstått,
486 809 114 31 vilken
634 808 167 32 arbetstid
835 820 73 20 som
944 809 110 32 skulle
1088 809 171 32 erfordras
1282 809 54 32 för
1358 811 50 30 att
1430 809 116 42 erlagd
1568 809 105 42 avgift

170 858 109 33 skulle
302 859 34 31 få
357 859 271 39 tillgodoräknas
651 859 145 32 medlem
819 859 12 32 i
852 860 94 41 dylik
961 859 109 33 kassa.
1102 860 279 42 Lagstiftningen
1397 860 88 32 hade
1500 860 172 42 nämligen

171 909 85 42 tagit
290 910 89 31 sikte
412 912 45 39 på
489 910 121 32 kassor
642 910 78 32 med
742 910 252 42 veckoavgifter
1016 910 64 32 och
1102 910 75 32 icke
1198 911 202 41 uttryckligt
1421 911 117 32 berört
1560 913 111 30 rätten

168 961 51 30 att
240 959 253 42 tillgodoräkna
515 960 295 42 månadsavgifter.

224 1009 287 43 Socialstyrelsen
534 1010 62 32 har
618 1022 46 20 nu
687 1011 186 41 föreslagit,
898 1012 50 30 att
970 1011 340 41 författningstexten
1333 1011 88 32 skall
1442 1012 229 41 uttryckligen

168 1062 183 30 omnämna
383 1061 250 42 månadsavgift
662 1061 64 32 och
749 1064 51 29 att
821 1062 54 31 för
896 1063 68 30 rätt
986 1064 50 29 att
1058 1062 253 42 tillgodoräkna
1333 1062 107 32 sådan
1464 1062 86 32 skall
1573 1063 97 41 gälla,

167 1113 51 30 att
239 1111 163 42 avlöning
424 1112 185 41 uppburits
632 1112 52 32 för
706 1112 106 32 minst
837 1114 39 30 10
898 1112 105 42 dagar
1025 1112 109 32 under
1157 1113 178 32 månaden.

173 1204 212 32 Yttrandena.

218 1263 307 43 Socialstyrelsens
547 1264 128 42 förslag
697 1264 86 32 hava
805 1264 185 42 tillstyrkts
1007 1264 84 32 eller
1105 1264 147 32 lämnats
1265 1267 84 30 utan
1365 1265 135 32 erinran
1512 1264 13 33 1
1536 1265 135 32 remiss-

165 1325 131 21 svaren.

217 1416 255 40 Föredragande
493 1417 344 41 departementschefen
859 1417 62 31 har
943 1418 125 31 anfört:

221 1466 87 32 »Det
341 1467 94 31 antal
458 1467 253 31 arbetstimmar
733 1467 83 31 eller
842 1467 222 42 arbetsdagar
1087 1478 60 31 per
1168 1468 114 38 vecka,
1306 1479 74 21 som
1404 1468 119 32 kräves
1546 1469 53 31 för
1620 1470 51 30 att

167 1517 117 41 erlagd
316 1517 212 42 veckoavgift
560 1517 87 32 skall
676 1518 33 31 få
731 1517 272 41 tillgodoräknas
1026 1518 146 32 medlem
1195 1529 41 21 av
1259 1518 128 32 erkänd
1410 1519 260 32 arbetslöshets-

166 1567 111 38 kassa,
300 1567 151 42 regleras
473 1567 75 32 icke
570 1579 123 30 genom
716 1570 106 39 något
844 1568 190 41 stadgande
1056 1568 12 31 i
1091 1568 157 42 gällande
1271 1569 202 41 författning
1496 1572 81 29 utan
1593 1570 78 31 alle-

167 1620 78 29 nast
277 1629 124 30 genom
431 1617 260 33 bestämmelser
712 1619 119 31 därom
854 1618 12 31 i
889 1619 185 32 kassornas
1097 1619 147 41 stadgar.
1289 1619 76 33 Vad
1388 1619 115 42 dylika
1525 1619 145 33 bestäm-

169 1669 125 31 melser
315 1668 175 32 innehålla
512 1670 122 30 utövar
656 1671 48 30 ett
727 1669 88 32 visst
836 1669 190 42 inflytande
1049 1671 44 40 på
1116 1670 184 32 kassornas
1324 1670 169 32 ekonomi.
1517 1671 53 31 En
1594 1671 77 32 kort

168 1719 262 32 kvalificerande
463 1719 170 32 arbetstid
665 1731 61 30 per
748 1720 105 31 vecka
874 1720 196 32 föranleder
1092 1720 172 42 nämligen
1287 1721 125 36 därtill,
1437 1723 50 29 att
1509 1721 58 32 det
1589 1721 82 32 tids-

167 1770 181 32 bestämda
377 1770 285 41 avgiftsvillkoret
684 1770 68 32 blir
773 1771 122 32 lättare
918 1773 51 29 att
991 1771 165 42 uppfylla,
1179 1771 197 42 varigenom
1400 1772 129 31 antalet
1550 1772 120 32 under-

167 1820 313 42 stödsberättigade
513 1821 221 31 medlemmar
767 1821 93 32 ökas.
904 1821 79 32 Den
1016 1822 186 41 merutgift,
1237 1833 74 20 som
1338 1822 195 32 föranledes
1557 1823 111 38 därav,

166 1871 115 31 täckes
304 1871 74 31 icke
402 1882 40 20 av
465 1871 66 32 den
555 1871 129 41 ökning
705 1882 41 21 av
768 1872 130 31 antalet
920 1872 138 41 erlagda
1080 1872 151 41 avgifter,
1256 1883 74 21 som
1353 1873 145 40 givetvis
1514 1875 154 39 uppstår.

168 1920 306 42 Socialstyrelsens
496 1921 79 31 med
597 1921 133 41 hänsyn
754 1922 54 31 till
831 1922 142 31 anförda
995 1922 238 31 förhållanden
1256 1923 188 41 framlagda
1465 1923 138 42 förslag,
1620 1926 50 29 att

167 1971 129 31 antalet
328 1971 251 41 avgiftsveckor
607 1972 12 30 i
642 1971 57 32 det
722 1971 253 32 tidsbestämda
997 1972 285 41 avgiftsvillkoret
1304 1973 65 31 och
1392 1973 129 32 antalet
1543 1974 126 31 arbets-

166 2022 137 31 timmar
325 2033 62 30 per
409 2022 112 38 vecka,
546 2033 73 20 som
643 2022 171 32 erfordras
837 2023 53 31 för
912 2024 50 30 att
985 2023 229 41 avgiftsvecka
1237 2023 86 31 skall
1339 2024 33 30 få
1390 2023 277 41 tillgodoräknas,

167 2072 97 32 skola
298 2072 119 31 ställas
450 2072 12 31 i
494 2073 72 31 viss
600 2072 144 32 relation
768 2072 54 32 till
845 2072 166 32 varandra
1034 2084 103 31 synes
1161 2073 69 41 mig
1253 2073 166 42 lämpligt.
1464 2074 120 41 Enligt
1606 2075 62 31 för-

167 2123 110 41 slaget
311 2123 87 31 skall
432 2134 41 20 en
506 2123 103 31 kassa
642 2123 73 31 icke
738 2123 33 31 få
793 2123 105 31 räkna
921 2123 77 32 med
1021 2124 93 41 lägre
1137 2124 92 31 antal
1252 2124 250 41 avgiftsveckor
1524 2124 58 31 vid
1604 2124 64 31 till-

165 2173 178 41 lämpning
376 2185 41 19 av
450 2173 58 31 det
542 2173 249 32 tidsbestimda
824 2174 286 40 avgiftsvillkoret
1143 2176 42 29 än
1219 2175 50 37 26,
1298 2175 116 31 därest
1436 2175 30 40 ej
1490 2175 11 30 i
1524 2175 143 31 kassans

166 2223 138 41 stadgar
326 2223 143 41 intagits
492 2224 174 31 föreskrift
688 2223 129 39 därom,
841 2227 50 28 att
914 2226 113 29 såsom
1052 2224 263 41 avgiftsbetalad
1340 2225 101 31 vecka
1464 2225 86 31 skall
1567 2236 100 20 anses

165 2274 146 30 allenast
333 2273 106 31 sådan
464 2274 110 37 vecka,
589 2274 107 31 under
712 2274 113 31 vilken
841 2274 117 31 arbete
974 2275 127 30 utförts
1117 2275 83 30 eller
1215 2275 161 40 avlöning
1392 2275 100 40 eljest
1507 2275 160 40 åtnjutits

163 2323 110 31 under
306 2323 107 31 minst
442 2325 37 30 16
502 2324 144 31 timmar.
682 2324 122 31 Såsom
828 2324 278 41 socialstyrelsen
1130 2324 186 31 framhållit
1340 2325 96 31 torde
1460 2325 144 41 ändring
1626 2337 41 19 av

163 2373 157 41 gällande
343 2374 482 40 författningsbestämmelser
848 2374 191 31 emellertid
1055 2374 74 32 icke
1146 2375 170 31 erfordras
1332 2376 52 30 för
1400 2376 266 40 genomförande

163 2436 40 19 av
225 2424 110 40 regler
357 2435 41 19 av
421 2435 44 20 nu
490 2424 136 40 angivet
648 2424 161 31 innehåll.

213 2474 129 31 Finnas
366 2474 52 31 för
441 2474 209 32 närvarande
673 2474 10 31 i
708 2486 41 20 en
773 2474 120 32 kassas
918 2475 138 41 stadgar
1078 2475 270 38 bestämmelser,
1365 2476 90 31 vilka
1471 2476 108 31 strida
1595 2479 71 29 mot
