2198 2634
704 175 252 33 Statsutskottets
978 173 165 32 utlåtande
1165 173 48 31 Nr
1236 173 43 31 19
1292 174 41 30 A.
1761 170 20 30 3

351 256 178 37 Förutom
572 255 83 36 från
695 268 99 22 ovan
835 253 168 48 angivna
1046 252 191 36 allmänna
1277 249 239 50 synpunkter
1544 248 67 36 har
1641 247 184 36 utskottet

224 307 61 36 vid
327 308 83 36 sina
452 308 145 47 förslag
638 319 60 23 om
741 305 248 47 nedsättning
1016 303 10 36 i
1055 303 103 36 vissa
1194 302 135 47 anslag
1358 301 58 36 för
1446 298 378 51 byggnadsändamål

225 362 124 46 utgått
385 360 81 35 från
502 359 58 36 sin
591 358 245 49 uppfattning
863 357 141 45 därom,
1035 361 56 30 att
1119 354 71 36 den
1218 353 168 50 prisnivå
1414 353 98 36 efter
1539 352 127 35 vilken
1694 350 132 36 veder-

223 410 169 37 börande
434 409 396 47 kostnadsberäkning
870 407 219 37 verkställts
1131 405 67 37 bör
1228 405 62 35 vid
1319 404 103 36 tiden
1452 404 58 36 för
1538 403 193 48 auslagets
1759 414 65 22 an-

225 461 197 37 vändande
450 461 98 36 hava
575 461 83 36 icke
686 459 232 49 oväsentligt
946 458 156 48 sjunkit.

353 562 303 38 Vidkommande
696 562 64 36 det
787 562 10 35 i
827 574 50 23 nu
920 559 247 37 förevarande
1207 559 123 48 punkt
1372 555 234 38 framställda
1643 555 184 47 förslaget

225 615 157 37 innebär
418 621 54 30 ett
505 613 212 49 beviljande
754 626 46 23 av
837 612 64 36 det
937 611 169 48 begärda
1133 610 173 47 anslaget
1333 615 53 30 ett
1414 607 238 48 fullföljande
1680 620 45 23 av
1755 607 72 35 den

226 674 87 30 utav
358 669 97 34 1920
498 669 61 33 års
589 665 157 48 riksdag
773 663 205 50 godkända
1005 663 139 49 planen
1174 662 57 36 för
1258 659 249 51 ombyggnad
1536 672 46 23 av
1611 659 72 36 den
1713 660 114 45 avgå-

224 719 96 37 ende
349 718 275 48 avdelningens
653 716 144 37 lokaler
823 715 101 36 inom
950 713 342 47 centralposthuset
1312 713 58 35 för
1388 725 46 23 en
1456 710 192 38 beräknad
1671 709 157 37 kostnad

225 784 46 23 av
316 771 165 46 212,000
515 770 150 44 kronor,
694 781 117 23 varav
841 768 139 46 50,000
1009 765 139 37 kronor
1175 765 114 37 redan
1319 767 57 33 stå
1404 763 58 36 till
1491 761 226 49 förfogande
1746 761 80 36 från

224 822 137 48 anslag
388 824 21 33 å
437 824 99 33 årets
564 820 165 36 riksstat.
789 819 180 36 lläremot
997 818 68 35 har
1092 816 188 37 utskottet
1306 816 97 36 intet
1431 820 56 31 att
1515 815 134 35 erinra.

354 871 241 38 Beträffande
634 876 116 31 sättet
778 871 59 35 för
864 869 187 37 täckande
1080 881 47 22 av
1155 866 290 50 ifrågavarande
1473 866 137 36 liksom
1640 865 45 36 de
1712 864 119 36 under

226 924 170 50 punkten
425 926 21 34 3
476 932 98 27 samt
602 923 216 48 punkterna
847 923 124 34 5—11
1003 923 21 33 å
1052 920 207 36 riksstaten
1279 918 140 36 äskade
1439 917 136 47 anslag
1594 916 57 36 till
1671 916 160 48 utgifter

225 976 60 37 för
316 974 292 51 kapitalökning
637 975 57 35 för
720 973 187 45 ändamål,
937 971 168 37 hörande
1133 971 119 36 under
1279 977 104 42 post-
1412 969 70 37 och
1512 968 318 48 telegrafverken,

225 1028 69 36 bar
325 1027 140 47 Kungl.
497 1026 108 49 Maj:t
633 1025 197 48 föreslagit
858 1023 207 49 riksdagen
1094 1022 188 48 medgiva,
1312 1026 56 31 att
1396 1021 194 36 desamma
1617 1019 103 49 finge
1739 1021 93 46 utgå

227 1093 46 23 av
300 1078 222 37 lånemedel.
578 1077 113 37 Detta
722 1077 145 48 förslag
895 1088 111 24 anser
1034 1076 62 47 sig
1123 1074 185 37 utskottet
1336 1073 93 37 böra
1456 1071 206 50 tillstyrka.

358 1130 195 38 Utskottet
581 1129 220 37 hemställer

758 1239 55 30 att
853 1232 208 48 riksdagen
1093 1233 61 33 må
1183 1230 57 36 för
1267 1227 235 38 slutförande
1530 1240 44 23 av
1601 1228 233 44 centralpost-

628 1287 119 34 husets
787 1287 14 33 i
844 1284 204 36 Stockholm
1085 1283 222 44 ombyggnad
1336 1281 57 36 för
1421 1282 41 34 år
1493 1281 96 34 1922
1620 1279 131 35 auvisa
1779 1282 56 31 ett

626 1335 394 48 reservationsanslag
1069 1347 47 23 av
1158 1333 163 46 162,000
1364 1332 152 45 kronor,
1559 1335 54 31 att
1652 1332 94 46 utgå
1787 1342 47 23 av

627 1387 219 37 lånemedel.

358 1537 74 48 3:0)
474 1534 143 50 Kungl.
659 1534 108 48 Maj:t
808 1534 68 36 har
909 1534 137 49 (punkt
1074 1532 37 46 3)
1133 1532 197 48 föreslagit
1356 1530 207 48 riksdagen
1591 1534 55 31 att
1675 1529 58 36 för
1760 1528 74 36 till-

230 1588 183 50 byggnad
455 1601 47 22 av
545 1586 241 50 pvstverkets
828 1586 184 48 fastighet
1039 1585 13 36 i
1079 1584 201 37 Västervik
1321 1583 59 37 för
1422 1585 41 33 år
1494 1584 97 34 1922
1621 1581 133 36 anvisa
1781 1585 54 32 ett

231 1639 391 48 reservationsanslag
649 1652 46 22 av
728 1640 162 45 111,500
920 1638 150 36 kronor.

359 1691 265 48 Utredningen
664 1690 13 35 i
718 1689 157 37 ärendet
916 1689 205 37 återfinnes
1167 1691 20 33 å
1232 1687 67 37 sid.
1351 1687 149 35 14—15
1543 1698 46 23 av
1630 1683 203 38 statsråds-

231 1743 237 49 protokollet.

355 1855 129 38 Under
525 1854 287 47 framhållande,
854 1853 115 37 bland
1011 1857 128 41 annat,
1181 1856 54 32 att
1261 1849 303 38 bostadsbristen
1592 1849 13 36 i
1632 1846 203 38 Västervik

231 1921 88 23 vore
355 1907 249 50 synnerligen
641 1913 80 30 stor
757 1906 71 36 och
857 1911 55 30 att
939 1904 203 50 möjlighet
1170 1903 134 36 funnes
1333 1908 55 30 att
1415 1901 172 37 anordna
1613 1900 224 50 ytterligare

230 1959 221 50 lägenheter
466 1959 102 36 inom
585 1958 240 50 postverkets
841 1957 186 48 fastighet
1042 1957 195 36 därstädes
1253 1955 59 36 för
1325 1953 215 38 beredande
1551 1966 45 23 av
1611 1951 177 37 bostäder
1800 1955 38 31 at

231 2011 239 50 postverkets
486 2010 91 38 eller
594 2023 124 24 annan
731 2015 146 31 statens
888 2009 189 49 personal,
1090 2008 67 36 har
1168 2005 434 50 generalpoststyrelsen
1614 2004 68 36 hos
1696 2001 140 50 Kungl.

231 2064 107 48 Maj:t
366 2062 203 46 hemställt,
599 2068 55 30 att
683 2061 58 37 för
768 2062 241 48 tillbyggnad
1041 2073 46 23 av
1116 2059 218 49 posthusets
1364 2056 300 51 flygelbyggnad
1687 2055 83 36 med
1792 2067 46 23 en

231 2115 145 49 våning
415 2115 13 35 i
469 2114 101 48 tegel
608 2113 70 37 och
706 2127 47 23 en
784 2112 258 49 vindsvåning
1071 2111 119 36 under
1217 2110 125 37 brutet
1368 2109 65 36 tak
1463 2111 113 34 måtte
1601 2111 21 33 å
1653 2109 95 34 1921
1780 2108 59 34 års

231 2168 235 48 tilläggsstat
494 2166 151 36 anvisas
674 2172 55 30 ett
756 2164 392 46 reservationsanslag
1175 2176 46 22 av
1244 2163 163 44 111,500
1427 2161 149 36 kronor.
1615 2160 60 36 Av
1696 2157 141 49 Kungl.

232 2219 108 48 Maj:t
381 2218 69 37 har
490 2218 135 48 anslag
666 2217 58 37 för
764 2216 214 37 ändamålet
1018 2214 208 38 emellertid
1268 2213 152 49 begärts
1449 2212 95 37 först
1571 2214 50 47 på
1652 2212 97 36 1922
1779 2212 61 34 års

234 2266 165 58 riksstat.
1481 2296 3 1 .
1822 2273 7 10 d

1869 1536 174 31 Tillbyggnad

1855 1580 32 16 av
1899 1571 163 30 postverkets

1882 1606 125 30 fastighet
2025 1605 10 24 i

1882 1640 143 25 Västervik.

1924 1676 68 46 [3.]
