1902 2818
559 168 114 30 Första
692 169 223 33 lagutskottets
933 168 164 29 utlåtande
1117 169 48 28 Nr
1188 174 28 25 5.
1620 169 18 29 5

827 568 60 40 Nr
913 568 37 42 ö5.

529 709 117 29 Ankom
670 709 46 29 till
739 710 173 34 riksdagens
935 709 95 29 kansli
1052 710 57 28 den
1134 711 16 27 8
1174 710 132 28 februari
1328 712 79 27 1929
1430 710 40 28 kl.
1496 712 37 27 12
1558 721 38 18 m.

357 832 182 34 Utlåtande
566 835 12 31 i
605 832 177 39 anledning
811 844 40 21 av
880 833 128 38 Kungl.
1036 833 118 39 Maj:ts
1182 834 199 38 proposition
1409 835 74 32 med
1510 833 125 39 förslag

579 883 52 32 till
650 883 54 39 lag
723 895 50 21 om
793 884 141 32 kronans
952 885 217 38 förmånsrätt
1188 884 54 39 för
1259 884 253 38 avdikningslån
1531 896 43 20 m.
1593 896 42 19 m.

179 981 123 33 Genom
327 995 39 20 en
392 982 60 33 den
478 983 40 31 21
545 982 168 33 december
739 983 85 32 1928
850 982 215 39 dagtecknad,
1090 983 53 33 till
1169 983 185 38 lagutskott
1378 983 159 32 hänvisad
1564 994 70 27 pro-

132 1032 157 39 position,
308 1044 41 20 nr
368 1033 29 38 5,
417 1032 113 33 vilken
549 1032 197 33 behandlats
771 1044 43 20 av
837 1032 108 33 första
965 1032 233 39 lagutskottet,
1218 1033 63 32 har
1300 1033 127 38 Kungl.
1448 1032 111 39 Maj:t,
1580 1044 57 20 un-

133 1082 58 33 der
214 1082 209 39 åberopande
447 1094 42 21 av
510 1083 248 38 propositionen
782 1083 140 38 bilagda
942 1083 12 32 i
977 1083 184 33 statsrådet
1184 1083 61 33 och
1267 1083 154 39 lagrådet
1444 1083 97 33 förda
1564 1094 74 28 pro-

135 1132 116 40 tokoll,
272 1132 178 40 föreslagit
470 1132 179 40 riksdagen
670 1136 49 29 att
739 1136 124 35 antaga
881 1133 62 32 här
962 1133 105 32 nedan
1086 1134 141 38 intagna
1246 1134 129 38 förslag
1392 1134 55 31 till

180 1182 71 40 1:0)
275 1183 56 39 lag
350 1195 50 21 om
419 1183 141 33 kronans
581 1184 217 32 förmånsrätt
818 1184 52 32 för
890 1183 269 40 avdikningslån;
1181 1184 57 32 och

178 1232 71 41 2:0)
277 1234 56 38 lag
355 1246 50 20 om
429 1233 140 39 ändring
591 1234 12 32 i
625 1234 89 33 vissa
738 1234 90 32 delar
851 1246 41 21 av
914 1234 96 39 lagen
1034 1234 60 33 den
1119 1235 19 32 8
1161 1234 171 32 november
1357 1235 83 32 1912
1469 1232 56 41 (nr
1548 1233 81 40 277)

135 1295 49 21 om
205 1284 174 39 avlösning
399 1296 41 21 av
460 1284 91 34 vissa
573 1284 227 33 frälseräntor.

178 1333 222 34 Beträffande
422 1334 39 33 de
483 1334 84 39 skäl,
590 1346 65 21 som
678 1334 94 39 ligga
793 1334 54 33 till
868 1335 107 39 grund
998 1335 51 32 för
1071 1335 254 39 ifrågavarande
1349 1335 135 39 förslag,
1509 1335 53 32 får
1585 1338 50 29 ut-

134 1384 124 34 skottet
281 1385 12 31 i
316 1385 61 32 den
399 1385 77 32 mån
499 1384 203 39 redogörelse
727 1385 114 32 därför
864 1385 30 39 ej
919 1385 124 33 lämnas
1067 1385 61 32 här
1151 1386 104 31 nedan
1279 1386 137 32 hänvisa
1440 1385 54 33 till
1518 1385 38 33 de
1578 1385 57 32 vid

132 1435 243 37 propositionen
399 1435 120 38 fogade
542 1434 214 39 protokollen.

177 1508 19 33 I
212 1508 220 40 kungörelser
449 1509 61 32 den
529 1511 40 31 13
587 1509 72 38 juni
679 1510 83 32 1845
782 1509 60 32 och
861 1509 61 32 den
941 1511 18 31 3
977 1509 175 32 november
1171 1510 85 33 1848
1274 1509 169 39 angående
1463 1512 101 30 sättet
1582 1510 54 32 för

133 1559 282 39 återbetalningen
436 1572 41 20 av
497 1560 54 32 lån
571 1564 81 28 utav
671 1560 166 32 allmänna
858 1560 104 32 medel
984 1560 51 32 för
1055 1560 181 33 beredande
1258 1573 40 20 av
1319 1560 259 40 odlingsföretag
1598 1566 37 27 är

133 1610 134 38 stadgat
300 1613 60 35 att,
395 1610 99 32 sedan
529 1610 60 32 den
624 1610 183 39 låneandel,
843 1610 52 32 för
929 1622 75 20 vars
1040 1610 234 39 återgäldande
1309 1603 90 46 varje
1435 1611 199 39 betalnings-

133 1660 153 38 skyldigt
316 1660 150 32 hemman
499 1660 86 32 skall
617 1672 150 27 ansvara,
801 1664 85 29 samt
918 1660 60 32 den
1011 1672 137 27 summa,
1183 1672 67 21 som
1282 1661 13 31 i
1329 1660 83 38 följd
1446 1661 100 32 därav
1580 1660 55 32 till

133 1710 156 33 skuldens
330 1710 102 38 jämte
473 1710 59 32 den
574 1710 128 33 utfästa
745 1714 133 29 räntans
922 1710 86 33 fulla
1049 1710 227 33 likviderande
1320 1711 85 32 skall
1449 1711 52 32 för
1542 1711 92 37 varje

131 1760 153 32 hemman
321 1760 128 39 årligen
486 1760 164 39 erläggas,
687 1760 99 33 blivit
821 1760 160 40 bestämd,
1018 1761 55 32 det
1109 1760 246 39 sammanlagda
1393 1761 240 39 avbetalnings-

133 1810 58 33 och
230 1810 250 39 räntebeloppet
519 1810 76 33 från
634 1811 58 32 och
730 1811 73 32 med
843 1811 54 32 det
936 1812 47 38 år,
1023 1811 42 32 då
1103 1810 420 40 betalningsskyldigheten
1563 1811 70 33 wvid-

133 1864 104 35 tager,
260 1861 87 32 skall
369 1861 103 32 under
495 1861 143 32 särskild
661 1861 127 39 rubrik,
810 1861 73 32 med
905 1861 192 33 utsättande
1120 1873 40 21 av
1184 1861 54 33 det
1260 1862 83 32 sista
1366 1862 79 38 året,
1469 1861 41 33 då
1532 1861 102 33 betal-

132 1911 119 38 ningen
268 1911 87 32 skall
371 1912 93 38 utgå,
480 1911 104 33 såsom
601 1915 48 29 ett
664 1911 186 33 hemmanet
865 1911 103 32 under
985 1911 137 33 sålunda
1140 1911 142 32 bestämt
1298 1912 89 32 antal
1405 1913 37 31 år
1459 1911 175 39 åliggande

134 1960 141 34 allmänt
297 1972 79 21 onus
401 1961 176 33 antecknas
601 1962 12 31 i
635 1961 195 38 jordeboken
854 1961 58 32 och
937 1962 19 31 å
979 1961 206 33 debetsedeln
1210 1962 52 32 för
1285 1962 91 38 varje
1400 1962 36 32 år
1459 1966 175 34 upptagas,

133 2014 85 29 samt
243 2023 40 20 av
308 2010 315 40 kronobetjäningen
649 2011 180 39 uppbäras,
855 2012 12 31 i
892 2011 231 33 lantränteriet
1148 2012 142 32 insättas
1316 2012 57 32 och
1400 2012 105 32 såsom
1531 2011 102 33 andra

132 2060 53 33 till
206 2061 320 39 riksgäldskontoret
545 2061 159 39 ingående
724 2061 105 33 medel
850 2061 137 33 särskilt
1007 2062 176 33 redovisas.
1225 2061 74 33 Vad
1320 2062 136 33 sålunda
1478 2061 155 33 föreskri-

132 2110 68 33 vits
220 2122 50 21 om
291 2110 208 39 odlingslåns
520 2110 192 40 fördelning
731 2111 19 32 å
769 2110 152 33 hemman
941 2111 61 32 har
1022 2123 116 27 genom
1158 2111 198 39 kungörelse
1378 2111 58 32 den
1459 2113 18 31 9
1499 2111 137 32 oktober

135 2162 86 32 1914
237 2160 187 33 utsträckts
442 2164 49 30 att
508 2161 93 39 gälla
618 2161 114 38 »varje
750 2160 139 33 medelst
906 2161 54 33 det
978 2174 40 20 av
1036 2161 90 33 lånet
1143 2161 224 33 understödda
1385 2162 165 38 företaget
1570 2161 65 33 för-

133 2211 131 33 bättrad
282 2211 164 39 fastighet
460 2231 45 3 —
519 2224 78 21 vare
614 2212 50 39 sig
680 2212 162 39 hemman,
859 2212 232 39 hemmansdel,
1109 2213 11 32 i
1137 2212 194 39 jordeboken
1349 2216 167 35 upptagen
1535 2212 98 39 själv-

133 2261 133 40 ständig
287 2261 156 40 lägenhet
462 2262 80 32 eller
563 2262 51 32 för
636 2262 96 32 alltid
754 2262 183 33 avsöndrad
957 2262 154 39 lägenhet
1130 2282 55 19 —,
1207 2263 52 32 för
1279 2263 111 32 vilken
1411 2263 147 38 grunden
1582 2263 52 32 för

133 2311 246 40 delaktigheten
406 2312 13 33 i
447 2312 163 39 företaget
637 2312 58 33 och
722 2312 133 33 därmed
884 2312 153 34 förenade
1064 2313 174 32 kostnader
1265 2312 99 34 blivit
1390 2313 12 32 i
1428 2312 207 39 vederbörlig

132 2361 143 39 ordning
299 2361 185 33 bestämd».
525 2362 121 38 Enligt
676 2362 240 38 förordningen
942 2362 61 33 den
1029 2363 40 32 20
1095 2362 64 39 juli
1187 2364 83 31 1855
1298 2363 170 38 angående
1492 2362 144 33 kronans

134 2415 69 30 rätt
234 2412 58 32 vid
325 2411 246 40 återbetalning
592 2424 41 20 av
653 2412 67 39 lån,
744 2424 69 20 som
834 2412 99 33 blivit
954 2413 11 31 i
987 2412 158 39 jordebok
1168 2413 213 40 antecknade,
1404 2413 103 33 sådan
1530 2413 105 32 denna

134 2462 193 39 förordning
348 2462 96 39 lyder
466 2463 104 39 enligt
592 2463 57 39 lag
670 2463 62 33 den
754 2464 19 32 9
796 2463 133 33 oktober
953 2464 96 39 1914,
1072 2469 79 33 äger
1172 2464 135 39 kronan,
1331 2464 41 32 då
1393 2464 53 33 lån
1472 2464 51 32 för
1546 2464 87 32 bere-

1675 1517 144 28 Gällande

1715 1553 67 25 rätt.
