2194 2741
450 114 17 29 6
910 114 267 31 Stats-Utskottets
1206 115 166 30 Utlåtande
1397 117 58 29 N:o
1479 119 25 29 5.

412 198 121 32 afsluta
563 197 154 32 kontrakt
750 208 50 21 om
836 199 111 38 30,000
970 200 133 30 centner
1125 199 86 32 räler
1234 202 48 29 att
1303 200 162 32 levereras
1490 202 36 31 år
1551 202 88 37 1869,
1664 202 136 32 anhållit
1832 204 48 29 att
1901 202 94 32 Riks-

408 250 106 41 dagen
540 249 72 32 ville
635 249 118 42 bevilja
777 249 151 32 bemälda
951 249 97 42 bolag
1071 251 10 31 i
1104 250 58 32 och
1191 251 49 32 för
1269 251 215 33 omförmälda
1511 253 151 32 ändamål
1687 256 47 29 ett
1755 254 164 31 räntefritt
1941 255 53 30 lån

408 303 19 30 å
462 303 131 35 100,000
625 302 77 31 R:dr
735 302 87 31 R:mt
854 304 47 29 att
935 303 79 39 utgå
1042 302 102 32 under
1173 303 81 32 sista
1277 303 121 32 hälften
1426 304 34 32 af
1480 305 89 32 detta
1593 306 36 31 år
1653 305 59 32 och
1737 305 198 32 återbetalas
1959 307 37 30 år

409 355 76 30 1869
513 353 136 32 medelst
669 353 147 32 leverans
841 353 34 32 af
894 353 86 32 räler
1003 353 47 31 till
1074 353 54 32 det
1150 354 76 41 pris,
1251 366 67 21 som
1341 355 188 32 kontraktet
1553 356 69 32 med
1646 356 268 41 Trafikstyrelsen
1940 357 54 31 be-

406 407 164 30 stämmer.

541 456 114 32 Såsom
680 456 72 32 skäl
775 456 49 32 till
847 457 106 30 denna
977 455 154 33 anhållan
1155 456 60 32 har
1236 457 202 32 motionären
1463 459 117 37 anfört.
1605 462 47 29 att
1679 459 313 42 rälstillverkningen

411 508 84 32 inom
525 507 86 32 riket
642 517 74 23 vore
753 509 37 30 så
816 508 77 41 godt
921 518 65 22 som
1019 518 50 31 ny,
1104 508 60 31 och
1188 510 47 29 att
1258 508 130 41 bolaget
1410 509 48 32 för
1482 512 47 29 att
1552 510 109 32 kunna
1684 511 225 32 åstadkomma
1932 511 60 31 den

407 559 249 41 ifrågavarande
689 559 238 41 beställningen
957 560 85 31 inom
1078 559 59 31 den
1171 559 95 32 korta
1291 559 260 33 kontraktstiden
1575 561 125 32 komme
1726 564 48 29 att
1797 561 140 33 drabbas
1963 562 34 32 af

405 611 144 41 utgifter,
583 610 49 31 till
666 610 124 32 hvilkas
825 611 207 32 bestridande
1068 610 130 41 bolaget
1231 610 83 32 hade
1350 613 162 39 svårighet
1539 615 48 29 att
1610 612 146 32 anskaffa
1780 613 113 37 medel,
1916 617 77 29 enär

404 661 319 42 kostnadsförslaget
745 662 50 32 för
818 662 198 41 anläggning
1040 663 34 31 af
1095 662 152 31 verkstad
1270 662 72 31 med
1365 663 194 32 tillhörande
1583 663 163 32 maskiner
1768 666 162 39 uppginge
1947 665 47 32 till

405 716 82 28 nära
521 715 133 36 200,000
685 713 91 40 R:dr;
805 714 176 41 hvarjemte
1016 713 204 32 motionären
1255 713 132 39 erinrat,
1423 717 48 29 att
1498 714 111 32 Rikets
1639 715 138 32 Ständer
1803 716 48 31 till
1875 716 118 32 under-

406 763 172 41 stödjande
603 763 33 31 af
658 764 60 30 den
742 765 169 30 inhemska
935 765 181 29 industrien
1141 764 86 31 förut
1249 764 132 41 beviljat
1402 765 251 33 industriidkare
1676 767 163 31 räntefritt
1853 767 54 32 lån
1927 774 67 25 mot

403 814 155 41 godkänd
581 813 154 32 säkerhet
758 816 48 29 att
829 814 199 32 återbetalas
1051 815 43 39 på
1116 814 64 31 viss
1204 813 45 31 tid
1273 814 78 31 eller
1375 815 59 30 ock
1457 816 71 30 med
1551 816 199 40 färdiggjord
1774 828 86 20 vara.

537 865 89 32 Enär
658 865 249 33 ofvanbemälda
944 865 96 41 bolag
1074 864 69 33 icke
1182 865 50 31 vid
1259 865 200 41 ingifvandet
1486 867 34 31 af
1540 867 56 31 sitt
1619 866 109 32 anbud
1752 868 19 31 å
1790 867 61 31 den
1873 868 118 41 ifråga-

402 916 143 32 varande
582 916 193 33 leveransen
803 917 84 41 gjort
909 917 101 39 något
1032 916 160 31 förbehåll
1215 926 50 21 om
1289 917 188 31 erhållande
1501 917 35 31 af
1555 918 53 31 lån
1631 919 72 31 utaf
1724 918 130 32 Statens
1878 920 113 40 medel,

403 970 85 29 samt
510 968 108 40 någon
645 968 173 40 anledning
840 968 10 31 i
873 966 212 33 förevarande
1107 966 57 32 fall
1191 967 70 32 icke
1285 968 173 31 förefinnes
1483 971 56 34 att,
1564 969 100 31 sedan
1692 969 155 32 kontrakt
1877 981 48 21 om
1951 981 38 21 en

401 1019 230 32 varuleverans
655 1020 103 31 blifvit
780 1018 167 40 afslutadt,
969 1018 108 31 lemna
1099 1017 225 34 leverantören
1348 1019 103 32 andra
1473 1019 142 32 fördelar
1643 1023 40 29 än
1707 1020 72 32 dem
1803 1021 188 32 kontraktet

402 1071 208 39 bestämmer,
634 1070 190 32 hemställer
845 1069 177 39 Utskottet,

800 1124 49 29 att
869 1121 249 42 ifrågavarande
1142 1122 120 31 motion
1286 1123 54 31 må
1362 1122 124 33 lemnas
1510 1126 78 29 utan
1613 1123 163 34 afseende.

527 1216 184 32 Stockholm
737 1216 59 31 den
820 1219 18 28 6
861 1216 157 32 Februari
1044 1217 87 30 1868.

1024 1312 76 29 Arv.
1130 1311 114 31 Fr:son
1268 1312 104 30 Posse.

791 2185 196 41 Stockholm,
1016 2189 85 30 1868.
1147 2190 436 41 Associations-Tryckeriet.
