1904 2854
527 153 415 29 Konstitutionsutskottets
964 152 166 30 utlåtande
1153 153 47 28 Nr
1221 158 48 26 30.
1629 154 20 30 5

133 253 80 20 nens
234 240 203 38 handlingar
457 240 167 38 gällande.
667 240 132 32 Därvid
816 240 63 32 har
898 240 142 34 erinrats
1062 252 50 21 om
1131 240 64 32 den
1215 240 170 33 bristande
1406 244 238 29 överensstäm-

134 284 109 38 melse,
270 295 69 20 som
363 283 109 32 finnes
495 283 124 32 mellan
641 283 99 38 lagen
765 295 51 20 om
840 283 338 38 försäkringsrörelse
1201 283 61 32 och
1290 283 353 39 tryckfrihetsförord-

134 325 132 39 ningen.
310 325 120 32 Medan
449 325 233 33 förstnämnda
702 325 57 38 lag
779 325 139 39 stadgar
938 326 124 32 förbud
1081 329 52 29 att
1152 325 54 32 för
1224 325 222 33 allmänheten
1468 337 92 27 yppa
1579 325 66 32 vad

135 367 443 39 försäkringsinspektionen
599 367 80 33 eller
701 368 74 32 dess
798 368 120 33 ombud
938 368 58 32 vid
1018 367 210 39 granskning
1249 380 42 20 av
1311 367 332 39 försäkringsbolags

133 410 131 39 böcker,
289 410 227 39 räkenskaper
540 410 60 33 och
624 410 202 39 handlingar
851 411 80 31 eller
958 410 58 33 vid
1041 410 264 38 bolagsstämma
1327 410 122 33 erfarit
1473 411 170 37 angående

135 433 169 63 enskildas
323 453 191 38 personliga
534 453 61 32 och
614 453 216 32 ekonomiska
851 453 242 39 förhållanden,
1114 452 155 39 medgiva
1289 453 354 39 tryckfrihetsförord-

132 496 140 38 ningens
292 495 248 33 bestämmelser
558 507 102 21 envar
678 499 70 29 rätt
767 499 52 29 att
835 507 42 21 ur
895 495 463 39 försäkringsinspektionens
1377 495 204 39 handlingar
1600 514 45 4 —

134 539 74 32 med
232 538 174 38 undantag
430 550 42 20 av
496 538 187 39 uppgifter,
710 550 69 21 som
805 538 177 33 inkommit
1008 539 55 31 för
1087 538 186 33 statistiskt
1299 538 101 40 syfte,
1427 538 217 33 beträffande

132 581 95 32 vilka
244 580 170 49 särskilda
434 581 415 33 sekretessbestämmelser
867 581 184 33 meddelats
1068 601 45 4 —
1128 580 153 34 inhämta
1299 581 117 39 dylika
1435 581 55 32 för
1506 581 137 32 allmän-

134 624 96 32 heten
249 623 30 38 ej
297 623 146 33 avsedda
459 623 262 39 upplysningar.
760 620 97 36 Även
877 624 62 32 har
955 623 219 38 framhållits,
1191 627 54 29 att
1261 623 142 33 bortsett
1422 624 77 32 från
1519 623 38 33 de
1576 623 67 33 olä-

134 666 166 39 genheter,
324 677 67 21 som
412 666 107 32 härav
540 666 110 33 kunde
672 666 86 38 följa
780 667 55 32 för
856 666 62 32 den
938 666 161 38 enskilde,
1123 650 227 49 förhållandet
1368 678 79 20 vore
1468 669 105 35 ägnat
1592 669 51 29 att

135 709 155 32 försvåra
313 708 251 39 inspektionens
586 708 223 36 verksamhet,
835 708 111 33 vilken
974 690 177 61 olägenhet
1175 709 77 32 med
1279 708 65 33 den
1370 708 199 39 fortgående
1592 712 50 28 ut-

133 751 196 39 vecklingen
364 763 42 20 av
441 751 374 38 försäkringsväsendet
848 752 61 31 och
945 751 462 39 försäkringsinspektionens
1430 750 214 33 verksamhet

140 794 62 33 allt
221 807 71 20 mer
312 795 185 32 framträtt.
530 795 65 32 Att
615 794 415 33 sekretessbestämmelser
1050 796 45 37 på
1115 795 220 32 förevarande
1356 795 133 32 område
1509 807 136 20 numera

134 842 57 27 äro
207 837 223 38 erforderliga
446 837 89 32 lärer
551 836 74 33 icke
641 836 113 33 kunna
772 836 106 39 jävas,
896 837 60 32 och
973 836 131 39 förslag
1120 836 114 32 härom
1251 837 64 32 har
1332 840 110 29 senast
1462 836 180 38 framlagts

132 879 13 32 i
161 879 58 32 det
236 880 39 31 år
293 880 83 31 1927
393 879 146 38 avgivna
557 879 236 32 betänkandet.
832 879 52 32 Då
903 878 204 34 sekretessen
1123 878 61 33 bör
1200 879 182 38 begränsas
1399 879 54 32 till
1471 878 171 34 enskildas

134 922 234 33 förhållanden
392 921 53 33 till
471 921 351 39 försäkringsanstalt,
849 922 93 32 torde
969 922 62 34 den
1057 934 43 20 av
1122 921 409 33 konstitutionsutskottet
1558 922 83 32 1902

134 964 205 33 framhållna
377 964 226 39 synpunkten,
641 968 52 28 att
729 964 419 39 försäkringsanstalterna
1184 964 82 33 böra
1289 976 83 21 vara
1395 964 247 32 underkastade

134 1010 123 29 största
275 1006 138 39 möjliga
433 1007 186 39 publicitet,
640 1007 193 38 härigenom
852 1007 30 38 ej
900 1007 116 32 trädas
1036 1007 55 32 för
1106 1011 93 28 nära.

176 1065 374 39 Departementschefen
565 1066 62 32 har
641 1069 108 30 ansett
765 1069 52 29 att
831 1066 139 33 berörda
986 1066 251 33 bestämmelser
1254 1067 54 31 för
1323 1066 319 39 sparbanksinspek-

134 1117 110 33 tionen
265 1116 60 33 och
345 1117 444 39 försäkringsinspektionen
810 1117 79 33 böra
908 1121 169 35 upptagas
1096 1118 12 31 i
1127 1117 197 38 anslutning
1341 1117 54 32 till
1415 1117 230 38 stadgandena

135 1168 140 32 rörande
296 1167 101 32 bank-
421 1168 60 32 och
508 1168 331 39 fondinspektionens
861 1169 212 38 handlingar.

176 1218 110 33 Dessa
301 1219 251 33 bestämmelser
567 1219 87 32 hava
671 1219 11 32 i
700 1219 220 33 förevarande
938 1219 207 39 proposition
1164 1219 195 39 föreslagits
1379 1219 94 33 skola
1492 1219 149 38 undergå

133 1269 92 32 vissa
249 1269 215 39 jämkningar
488 1270 13 31 i
523 1269 231 39 huvudsaklig
779 1270 326 32 överensstämmelse
1129 1270 73 32 med
1227 1270 65 32 vad
1318 1282 68 20 som
1412 1270 194 38 föreslagits
1630 1270 12 32 i

137 1322 83 31 1912
241 1321 59 32 och
322 1322 82 31 1927
424 1322 53 31 års
497 1321 243 33 betänkanden.
770 1322 376 38 Departementschefen
1166 1322 62 32 har
1248 1322 117 32 därvid
1385 1322 170 38 åberopat,
1574 1321 65 32 vad

133 1370 320 39 bankinspektionen
471 1371 58 32 vid
548 1371 110 33 skilda
678 1372 161 32 tillfällen
857 1372 198 39 framhållit,
1076 1372 119 33 därvid
1211 1372 101 33 bland
1331 1375 102 30 annat
1449 1372 192 32 understru-

139 1422 67 33 kits
230 1423 115 32 vikten
368 1434 41 21 av
430 1426 52 29 att
503 1423 126 38 jämväl
652 1423 285 39 skriftväxlingen
961 1424 123 32 mellan
1107 1424 231 39 inspektionen
1361 1424 59 32 och
1444 1425 38 31 de
1505 1424 137 32 allmän-

132 1483 43 21 na
195 1472 162 32 ombuden
378 1472 129 32 komme
527 1475 52 29 att
597 1472 192 39 inbegripas
808 1473 104 32 under
929 1473 218 32 sekretessen.
1191 1473 114 33 Såvitt
1323 1473 318 39 sparbanksinspek-

133 1522 110 33 tionen
265 1522 144 39 anginge
430 1535 77 20 vore
529 1523 234 32 motsvarande
785 1523 254 40 skriftväxling,
1064 1524 105 38 enligt
1189 1524 66 32 vad
1275 1524 366 38 departementschefen

134 1573 130 41 erfarit,
283 1585 43 21 av
348 1578 40 27 än
410 1577 105 29 större
535 1573 170 39 betydelse
727 1574 54 32 för
803 1574 214 39 fullgörande
1039 1586 42 21 av
1101 1575 73 32 dess
1196 1575 143 38 uppgift
1360 1575 60 32 och
1438 1575 141 32 behovet
1601 1587 42 20 av

134 1623 110 40 skydd
268 1624 53 32 för
343 1636 126 20 samma
491 1624 247 39 skriftväxling
760 1625 216 38 följaktligen
999 1625 141 33 särskilt
1160 1626 196 38 trängande.
1402 1625 239 39 Försäkrings-

132 1674 230 39 inspektionen
384 1675 84 32 hade
494 1675 54 32 för
571 1675 58 33 sitt
651 1675 255 34 vidkommande
927 1676 148 39 påpekat
1096 1676 192 39 betydelsen
1310 1688 41 20 av
1374 1680 51 29 att
1446 1676 196 33 berättelser

135 1727 76 32 från
232 1727 38 32 de
290 1739 42 20 av
350 1727 231 39 inspektionen
599 1728 141 32 utsedda
761 1728 204 33 revisorerna
985 1728 73 33 icke
1077 1729 93 32 bleve
1190 1729 141 32 föremål
1352 1729 53 32 för
1424 1729 218 38 offentlighet

140 1780 85 29 samt
243 1777 126 38 jämväl
387 1778 11 31 i
417 1778 111 39 övrigt
546 1778 190 32 framhållit
755 1779 283 38 angelägenheten
1057 1791 42 20 av
1117 1783 49 28 att
1186 1779 247 39 upplysningar
1451 1791 51 20 om
1522 1779 120 32 enskil-

134 1827 58 32 das
226 1827 232 32 förhållanden
492 1827 74 33 icke
588 1828 93 37 finge
703 1828 167 32 inhämtas
890 1840 41 20 ur
953 1828 462 39 försäkringsinspektionens
1439 1828 202 39 handlingar

133 1877 192 33 överhuvud
348 1881 103 35 taget.

181 1971 72 31 Den
275 1971 10 31 i
308 1971 18 37 $
348 1973 39 30 86
409 1971 302 38 regeringsformen
733 1971 150 32 uttalade
904 1972 60 32 och
985 1972 11 31 i
1019 1971 18 37 $
1059 1972 17 30 2
1099 1974 55 29 4:0o
1176 1972 464 39 tryckfrihetsförordningen

138 2026 151 27 närmare
311 2021 196 32 utvecklade
530 2022 110 38 regeln
663 2034 49 19 om
737 2023 168 31 allmänna
926 2022 220 38 handlingars
1169 2022 254 39 tillgänglighet
1445 2023 54 32 för
1521 2035 38 20 en
1582 2035 60 20 var

138 2072 71 32 med
231 2076 66 28 rätt
319 2076 49 28 att
388 2073 118 37 utgiva
527 2073 71 31 dem
620 2073 10 30 i
651 2072 100 37 tryck
772 2078 37 26 är
829 2085 38 19 en
889 2085 40 19 av
950 2073 252 38 grundvalarna
1223 2074 53 31 för
1298 2074 59 31 den
1381 2073 142 33 svenska
1544 2077 96 29 stats-

136 2122 257 37 författningen.
437 2122 73 32 Den
535 2122 166 38 anknyter
723 2123 54 31 till
800 2135 38 19 en
861 2123 10 31 i
897 2123 122 31 svensk
1042 2126 97 28 rätts-
1163 2124 57 31 och
1245 2123 276 39 statsåskådning
1545 2124 95 38 djupt

139 2174 93 31 rotad
255 2173 222 38 uppfattning
499 2174 123 37 därom,
645 2177 50 29 att
718 2174 266 38 förvaltningens
1007 2174 212 32 verksamhet
1240 2175 58 32 bör
1320 2175 10 31 i
1353 2175 190 38 möjligaste
1567 2176 72 31 mån

137 2224 132 31 utföras
292 2224 10 31 1
324 2224 276 38 offentlighetens
624 2224 86 32 fulla
733 2225 76 37 ljus.
853 2225 64 31 Det
939 2225 96 32 råder
1056 2225 71 31 icke
1149 2238 68 19 mer
1239 2230 41 27 än
1302 2238 37 19 en
1362 2226 134 37 mening
1517 2226 123 38 därom,

139 2278 49 28 att
214 2274 106 32 denna
347 2274 227 38 offentlighet,
601 2275 166 31 varunder
793 2275 74 32 hela
891 2276 61 30 vår
978 2276 297 37 statsförvaltning
1300 2276 104 32 under
1430 2288 71 19 mer
1526 2281 41 26 än
1594 2280 46 28 ett

138 2324 210 32 århundrade
368 2325 139 36 arbetat,
527 2325 148 36 kraftigt
694 2325 172 32 befordrat
884 2326 76 31 vårt
980 2325 226 33 samhällslivs
1228 2327 141 31 sundhet
1389 2326 58 32 och
1468 2327 104 36 lugna
1591 2330 49 28 ut-

138 2374 165 37 veckling.

183 2424 48 32 Ur
252 2436 44 20 nu
318 2425 141 31 anförda
481 2425 207 37 synpunkter
711 2426 103 30 måste
837 2438 36 19 en
896 2426 203 37 utvidgning
1122 2439 39 19 av
1186 2426 454 33 sekretessbestämmelserna

138 2476 8 30 1
172 2476 97 36 fråga
293 2487 50 19 om
366 2475 202 37 handlingar
590 2476 52 30 för
664 2476 219 32 ämbetsverk,
908 2488 67 19 som
999 2477 42 31 ha
1064 2476 51 32 till
1138 2477 141 38 uppgift
1301 2481 49 28 att
1372 2481 101 28 utöva
1495 2477 143 32 kontroll

1670 1980 168 28 Utskottets

1677 2015 149 32 yttrande.
