1902 2782
467 197 119 30 Andra
605 195 244 40 lagutskottets
869 192 179 30 utlåtande
1067 201 42 19 nr
1126 191 26 29 B
1170 191 19 28 6
1207 190 39 29 år
1266 189 83 29 1958
1635 184 16 29 1

209 280 13 28 I
243 278 263 40 propositionen
527 275 179 39 föreslogs,
728 276 51 28 att
799 272 265 39 barnavdragen
1083 270 58 30 vid
1162 270 67 29 den
1250 267 229 30 kommunala
1500 265 152 30 beskatt-

166 333 129 38 ningen
316 331 111 30 skulle
448 330 116 40 slopas
584 330 64 29 och
669 330 50 28 att
739 325 293 39 barnfamiljerna
1053 323 113 30 skulle
1186 323 250 38 kompenseras
1457 319 121 30 härför
1600 326 54 30 ge-

167 396 81 20 nom
269 395 42 20 en
330 384 148 40 höjning
498 393 41 20 av
558 382 256 38 barnbidragen
834 380 80 29 från
934 378 62 31 260
1017 378 52 29 till
1089 377 62 29 290
1172 377 141 28 kronor.

210 439 198 38 Riksdagen
435 437 111 29 beslöt
573 438 10 28 i
609 432 346 33 överensstämmelse
982 430 156 31 härmed.

210 493 65 28 Vid
317 491 114 29 1952
467 490 81 29 års
586 488 207 38 riksdag
830 485 226 30 hemställdes
1082 484 12 29 i
1120 492 42 20 en
1188 482 96 29 inom
1311 480 108 30 andra
1447 480 206 28 kammaren

167 546 101 29 väckt
291 545 142 35 motion,
455 553 42 20 nr
518 543 73 33 260,
613 544 50 28 att
683 540 256 38 barnbidragen
960 538 107 29 måtte
1088 536 103 39 höjas
1213 535 78 29 med
1313 534 40 30 30
1376 534 143 39 procent
1540 532 82 29 eller
1643 530 11 28 i

167 598 171 30 avrundat
359 598 47 29 tal
427 597 52 29 till
501 597 62 29 380
585 596 139 28 kronor.

211 652 119 29 Andra
353 650 228 39 lagutskottet
603 648 177 38 avstyrkte
803 645 180 30 motionen
1004 645 11 28 i
1038 644 61 29 sitt
1121 652 42 20 av
1185 641 187 38 riksdagen
1395 638 185 41 godkända
1603 638 52 28 ut-

169 705 138 30 låtande
324 714 41 20 nr
384 703 48 30 17.
450 703 175 30 Utskottet
642 701 186 30 förutsatte
845 697 203 33 emellertid,
1067 699 49 27 att
1134 695 125 39 Kungl.
1276 694 105 38 Maj:t
1398 694 10 28 i
1424 695 48 27 ett
1489 693 74 37 läge
1581 700 74 21 som

167 759 58 29 det
246 757 207 34 dåvarande,
475 757 44 29 då
541 753 381 31 levnadskostnaderna
943 760 80 21 vore
1045 750 111 30 under
1179 748 137 38 ständig
1338 745 216 39 förändring,
1576 743 79 31 med

168 810 314 41 uppmärksamhet
508 809 108 39 följde
642 806 262 38 utvecklingens
928 804 170 29 inverkan
1123 803 45 39 på
1192 802 41 29 de
1259 800 127 30 sociala
1411 799 244 30 förmånernas

169 865 156 29 faktiska
347 863 105 30 värde
476 863 65 29 och
565 864 50 28 att
638 861 126 39 Kungl.
789 859 105 39 Maj:t
916 876 45 3 —
983 857 79 30 med
1087 855 194 30 beaktande
1306 864 41 19 av
1371 853 57 29 det
1453 851 204 31 statsfinan-

170 918 96 30 siella
284 918 89 38 läget
389 935 43 2 —
449 917 54 29 för
521 915 186 38 riksdagen
724 913 170 29 framlade
913 912 41 29 de
972 911 141 37 förslag,
1132 918 74 21 som
1224 907 201 39 betingades
1443 915 42 20 av
1502 904 153 30 nämnda

170 971 256 38 förändringar.

215 1025 10 28 I
249 1033 43 20 en
313 1024 57 29 vid
406 1022 115 29 1953
556 1022 78 29 års
667 1019 207 39 riksdag
908 1019 96 29 inom
1027 1016 110 29 andra
1159 1016 207 28 kammaren
1387 1013 102 29 väckt
1512 1012 144 33 motion,

169 1087 41 20 nr
233 1078 51 33 65,
305 1076 150 40 yrkades
479 1077 71 28 »att
572 1074 186 38 riksdagen
779 1072 107 30 måtte
908 1070 137 30 besluta
1067 1071 50 27 att
1139 1069 41 29 de
1202 1068 177 29 allmänna
1402 1065 255 37 barnbidragen

171 1141 75 20 som
265 1140 47 19 nu
332 1130 100 39 utgår
451 1129 79 29 med
550 1128 62 29 290
631 1128 139 32 kronor,
790 1126 100 38 höjes
909 1125 52 29 till
981 1124 63 30 500
1064 1123 130 29 kronor
1212 1130 61 31 per
1292 1121 86 29 barn
1397 1120 64 29 och
1480 1119 71 29 år>.

214 1184 118 30 Andra
351 1182 238 40 lagutskottet,
609 1190 74 20 som
700 1179 217 30 behandlade
935 1177 180 30 motionen
1133 1176 10 29 i
1163 1175 58 30 sitt
1240 1184 41 19 av
1299 1173 187 38 riksdagen
1505 1171 152 39 godkän-

170 1238 44 29 da
231 1236 180 30 utlåtande
429 1245 41 19 nr
488 1236 28 33 7,
535 1233 205 30 hemställde
758 1234 50 28 att
826 1231 178 30 motionen
1021 1230 75 29 icke
1114 1228 107 30 måtte
1239 1226 181 31 föranleda
1438 1225 114 39 någon
1569 1224 88 29 riks-

170 1291 130 39 dagens
319 1289 132 39 åtgärd.
472 1289 12 28 I
504 1288 54 29 sin
577 1286 206 38 motivering
803 1285 154 29 uttalade
977 1283 171 29 utskottet
1167 1279 192 32 emellertid
1378 1280 44 28 bl.
1442 1289 40 23 a.,
1503 1280 50 27 att
1571 1278 11 28 i
1601 1277 55 29 det

172 1344 127 29 sociala
323 1342 370 38 reformprogrammet
718 1339 105 29 borde
849 1339 87 28 även
961 1337 82 38 ingå
1068 1336 67 29 den
1160 1334 148 39 höjning
1333 1342 42 20 av
1400 1332 101 29 dessa
1526 1331 131 37 bidrag,

171 1406 75 20 som
266 1395 202 39 betingades
490 1404 42 20 av
553 1391 401 31 levnadskostnadernas
975 1389 171 29 inverkan
1167 1388 45 39 på
1232 1385 311 39 barnfamiljernas
1566 1385 93 27 stan-

171 1449 97 33 dard,
294 1450 63 28 och
382 1447 270 39 möjligheterna
677 1447 49 27 att
752 1444 192 29 finansiera
969 1451 43 20 en
1038 1441 96 39 dylik
1160 1439 147 39 höjning
1333 1439 105 29 borde
1465 1436 193 39 sorgfälligt

171 1504 137 38 prövas.

217 1556 12 28 I
252 1565 42 20 en
316 1555 56 29 vid
408 1553 116 29 1955
559 1552 78 30 års
670 1550 207 38 riksdag
911 1549 96 28 inom
1030 1547 109 29 andra
1161 1547 207 28 kammaren
1390 1544 102 29 väckt
1516 1543 142 34 motion,

173 1617 40 20 nr
235 1608 74 33 424,
330 1606 237 33 hemställdes,
590 1607 49 28 att
661 1604 187 37 riksdagen
870 1602 107 30 måtte
1000 1600 145 34 besluta,
1168 1601 50 28 att
1239 1597 210 39 barnbidrag
1472 1597 75 28 icke
1571 1594 87 31 skall

173 1662 82 39 utgå
283 1662 53 28 för
363 1661 110 29 första
499 1660 132 32 barnet,
658 1666 80 21 men
765 1658 50 28 att
840 1656 121 38 bidrag
990 1654 88 29 skall
1106 1653 82 39 utgå
1215 1653 54 28 för
1296 1651 109 29 andra
1431 1651 122 29 barnet
1581 1648 78 30 med

173 1715 62 29 290
260 1715 139 31 kronor,
425 1713 54 29 för
503 1712 112 38 tredje
638 1711 123 29 barnet
784 1710 78 29 med
887 1709 62 29 350
975 1708 130 28 kronor
1130 1707 62 29 och
1218 1706 53 29 för
1296 1704 114 39 fjärde
1435 1704 122 28 barnet
1581 1701 78 30 med

173 1768 62 28 410
259 1768 110 28 konor
394 1769 89 26 samt
507 1767 50 27 att
580 1764 156 38 bidraget
760 1763 52 29 för
835 1762 96 38 varje
955 1760 200 39 ytterligare
1178 1759 87 29 barn
1290 1758 87 28 skall
1401 1756 102 39 höjas
1527 1764 133 20 succes-

174 1821 65 29 sivt
260 1821 77 28 med
358 1819 39 29 60
418 1819 130 29 kronor
568 1818 10 28 i
599 1816 218 31 förhållande
838 1815 50 30 till
909 1815 57 29 det
987 1823 75 20 som
1084 1812 99 38 utgår
1204 1812 53 28 för
1278 1811 56 29 det
1355 1811 78 28 näst
1454 1808 206 39 föregående

174 1875 132 28 barnet.

217 1926 259 29 Sammansatta
500 1925 102 28 stats-
624 1922 62 29 och
710 1921 109 30 andra
843 1920 229 39 lagutskottet
1095 1917 177 39 avstyrkte
1295 1917 10 28 i
1329 1916 59 28 sitt
1411 1925 41 20 av
1475 1915 184 37 riksdagen

174 1979 184 38 godkända
379 1977 180 29 utlåtande
579 1985 41 20 nr
639 1975 19 29 4
678 1975 178 28 motionen
876 1973 111 29 under
1007 1971 193 29 anförande
1221 1970 44 29 bl.
1286 1979 29 19 a.
1335 1971 51 27 att
1405 1969 56 29 det
1482 1968 10 29 i
1512 1967 147 30 avbidan

174 2033 43 38 på
243 2032 190 28 resultaten
459 2040 41 20 av
526 2029 41 29 de
594 2027 303 37 undersökningar
924 2035 75 20 som
1025 2024 146 40 påginge
1198 2023 93 29 inom
1321 2021 82 30 1954
1429 2022 57 29 års
1513 2020 149 38 familje-

175 2085 186 38 utredning
387 2083 74 29 icke
490 2083 114 28 kunde
631 2082 141 28 komma
799 2080 9 29 i
835 2079 97 38 fråga
959 2080 50 28 att
1035 2078 43 29 då
1105 2076 202 38 genomföra
1335 2074 245 38 förändringar
1607 2074 55 28 be-

175 2137 176 30 träffande
373 2137 40 28 de
435 2136 178 28 allmänna
634 2133 265 37 barnbidragen.

220 2190 135 37 Frågan
379 2199 55 19 om
461 2188 146 38 höjning
631 2196 41 20 av
695 2187 41 28 de
761 2185 177 29 allmänna
964 2182 255 38 barnbidragen
1244 2184 75 35 togs
1344 2190 70 29 upp
1439 2181 9 28 i
1473 2182 47 27 ett
1548 2178 111 30 flertal

176 2242 171 29 motioner
368 2241 56 29 vid
460 2241 115 28 1956
608 2240 78 29 års
719 2238 217 37 riksdag.

220 2295 117 29 Andra
362 2294 227 38 lagutskottet
614 2291 199 29 förklarade
839 2290 8 29 i
874 2290 60 29 sitt
958 2288 179 29 utlåtande
1163 2296 40 20 nr
1229 2287 39 29 20
1294 2286 43 29 bl.
1363 2295 29 19 a.
1418 2288 49 27 att
1494 2285 167 29 utskottet

176 2348 126 37 ansåge
342 2347 56 29 det
437 2345 261 37 ofrånkomligt,
739 2345 49 27 att
816 2352 41 20 en
886 2341 148 39 höjning
1063 2350 40 20 av
1132 2340 40 29 de
1201 2339 176 29 allmänna
1408 2337 254 38 barnbidragen

178 2402 137 27 komme
334 2400 49 29 till
403 2399 101 29 stånd
524 2398 109 28 under
651 2397 37 29 år
710 2396 92 29 1957.
820 2396 177 29 Utskottet
1015 2393 150 38 föreslog
1183 2392 186 37 riksdagen
1388 2393 48 27 att
1455 2391 63 28 hos
1537 2390 125 37 Kungl.

178 2453 102 39 Maj:t
302 2452 182 29 hemställa
507 2460 55 20 om
585 2450 128 37 förslag
735 2449 48 29 till
810 2448 79 29 1957
911 2448 57 29 års
991 2446 139 37 riksdag
1151 2455 55 19 om
1228 2454 42 20 en
1293 2444 107 30 sådan
1422 2443 157 38 höjning.

222 2506 195 38 Riksdagen
440 2504 111 29 beslöt
574 2504 7 28 i
605 2502 150 38 enlighet
780 2502 75 28 med
880 2500 189 30 utskottets
1094 2498 138 38 förslag.
