1898 2826
599 163 229 27 Statsutskottets
850 164 149 27 utlåtande
1022 165 46 27 Nr
1093 166 67 27 131.
1614 174 19 21 d

128 236 171 39 uttrycket
324 236 157 40 sjukdom
505 237 11 30 i
540 237 115 31 arbete
679 249 98 20 avser
799 238 78 31 herr
899 250 66 20 von
982 239 140 31 Friesen
1141 240 273 40 uppenbarligen
1430 240 74 31 icke
1520 241 110 40 yrkes-

129 277 159 41 sjukdom
312 279 82 30 eller
417 279 107 31 sådan
547 279 10 30 i
581 280 98 40 lagen
704 280 66 31 den
796 282 38 29 14
855 281 74 40 juni
955 282 79 30 1929
1058 293 53 19 om
1136 282 193 40 försäkring
1343 283 53 30 för
1412 283 92 31 vissa
1519 283 112 40 yrkes-

129 320 197 40 sjukdomar
360 321 145 40 angiven
540 333 110 19 annan
686 322 168 41 sjukdom,
891 334 73 20 som
989 323 105 41 enligt
1118 324 205 39 stadgandet
1346 325 11 30 i
1383 326 12 29 I
1423 324 21 41 8
1467 325 11 30 i
1503 336 128 20 samma

127 362 54 41 lag
215 362 86 32 skall
335 374 101 20 anses
472 365 113 30 såsom
607 364 273 41 yrkessjukdom.
927 365 182 41 Uttrycket
1132 366 11 31 i
1167 366 94 41 fråga
1284 367 174 31 användes
1482 367 11 31 i
1517 368 114 31 stället

127 406 113 29 såsom
264 405 206 42 beteckning
492 406 53 31 för
567 418 111 19 annan
703 407 167 41 sjukdom,
896 418 73 20 som
994 408 218 31 uteslutande
1229 409 82 30 eller
1327 409 52 30 till
1397 410 232 41 övervägande

126 446 55 32 del
203 447 209 32 förorsakats
436 459 40 20 av
499 448 378 42 befattningshavarens
900 450 126 31 arbete.

177 489 69 32 Det
281 501 101 30 synes
417 491 310 42 centralstyrelsen,
763 493 77 30 med
874 493 258 41 utgångspunkt
1165 493 74 31 från
1264 504 85 20 ovan
1374 494 144 41 angivna
1541 494 87 42 prin-

126 531 137 41 cipiella
297 533 222 41 ståndpunkt,
555 536 48 29 att
636 534 88 31 intet
758 535 64 30 kan
854 535 130 31 erinras
1008 538 71 28 mot
1101 536 172 41 förslaget,
1298 538 49 29 att
1370 536 57 31 vid
1451 537 177 40 olycksfall

125 574 62 31 fria
209 575 188 31 läkemedel
422 576 64 31 och
509 576 42 30 fri
574 576 179 42 fysikalisk
777 577 209 41 behandling
1010 578 84 31 skall
1112 580 80 39 utgå
1209 578 121 31 endast
1347 578 60 31 där
1424 579 204 41 olycksfall
1612 570 18 54 i

124 616 117 32 arbete
264 617 190 42 föreligger.
500 618 90 31 Rent
613 619 210 41 principiellt
847 622 68 28 sett
939 631 102 30 synes
1064 621 58 30 det
1145 620 103 31 också
1271 632 78 19 vara
1372 621 184 41 berättigat
1579 624 49 29 att

124 658 56 32 vid
215 659 158 41 sjukdom
407 661 195 37 föreskriva,
628 664 49 28 att
701 661 42 31 de
766 662 255 40 ifrågavarande
1044 663 215 30 förmånerna
1283 663 96 30 skola
1403 665 81 39 utgå
1506 664 122 31 endast

124 701 10 30 i
169 701 128 31 sådana
330 703 67 36 fall,
433 702 61 31 där
517 703 203 41 sjukdomen
744 705 37 30 är
803 707 50 28 att
875 715 83 20 anse
983 706 111 29 såsom
1118 705 200 31 förorsakad
1342 717 39 19 av
1404 706 222 41 befattnings-

124 743 166 32 havarens
314 745 125 31 arbete.
474 745 19 31 I
516 746 178 40 praktiken
718 746 98 31 torde
839 746 58 31 det
921 747 189 31 emellertid
1134 749 92 29 stöta
1249 749 43 39 på
1309 750 93 28 stora
1419 748 208 41 svårigheter

123 788 49 29 att
195 786 156 34 bedöma,
374 789 61 29 när
459 798 42 20 en
525 788 158 40 sjukdom
708 788 85 31 skall
816 799 101 21 anses
941 800 79 20 vara
1040 789 200 31 förorsakad
1256 801 40 19 av
1312 790 116 31 arbete
1446 791 81 30 eller
1543 791 82 31 icke.

124 828 309 42 Centralstyrelsen
467 830 59 30 vill
561 841 72 20 som
667 831 155 40 exempel
855 833 125 29 nämna
1007 832 421 41 förkylningssjukdomar,
1453 833 173 31 asthenier

123 870 62 31 och
221 882 173 28 neuroser,
430 872 61 31 där
525 872 58 31 det
616 873 70 31 ofta
717 873 97 31 torde
838 885 77 20 vara
939 874 155 41 omöjligt
1116 876 50 29 att
1190 874 100 41 skilja
1313 875 125 30 mellan
1463 875 41 31 de
1527 875 11 31 i
1562 876 63 31 och

122 913 52 31 för
202 913 53 42 sig
277 914 128 41 ganska
429 914 167 41 sällsynta
617 915 68 38 fall,
711 915 61 31 där
795 918 49 29 ett
867 916 367 42 orsakssammanhang
1257 917 124 31 mellan
1406 917 133 32 arbetet
1562 918 63 31 och

122 955 204 41 sjukdomen
361 957 191 41 föreligger,
590 958 63 30 och
687 957 42 31 de
763 958 68 36 fall,
860 958 61 31 där
944 961 49 29 ett
1016 959 121 31 sådant
1161 959 369 41 orsakssammanhang
1552 960 73 31 icke

122 998 194 31 förefinnes.
362 999 53 30 An
451 999 196 41 omöjligare
682 1000 99 31 torde
815 1000 57 31 det
905 1000 92 32 bliva
1030 1003 49 29 att
1103 1003 161 40 övertyga
1287 1002 65 31 den
1378 1002 96 41 sjuke
1499 1014 53 19 om
1577 1005 49 28 att

121 1040 87 31 hans
244 1040 157 41 sjukdom
436 1041 74 31 icke
544 1042 186 41 berättigar
761 1042 51 31 till
835 1043 42 30 fri
900 1043 91 38 vård,
1017 1043 175 41 samtidigt
1216 1054 73 21 som
1313 1044 313 32 arbetskamratens

122 1082 158 41 sjukdom
305 1094 40 20 av
368 1083 108 41 enligt
499 1084 86 31 hans
608 1084 214 32 bedömande
845 1085 172 41 jämförlig
1040 1088 51 28 art
1113 1097 59 29 ger
1195 1086 41 30 fri
1261 1087 115 30 sådan.
1412 1087 18 30 I
1452 1088 91 40 varje
1567 1088 58 30 fall

120 1125 66 30 kan
210 1125 143 37 befaras,
377 1127 50 30 att
450 1137 120 29 genom
596 1127 168 31 olikartad
787 1127 212 41 behandling
1021 1139 39 20 av
1084 1128 162 31 skenbart
1268 1129 166 31 likartade
1451 1129 58 30 fall
1532 1129 95 31 miss-

121 1167 78 41 nöje
234 1167 64 31 hos
332 1168 42 30 de
397 1168 171 31 anställda
590 1168 66 31 blir
679 1180 42 20 en
745 1169 94 41 följd.
886 1170 120 31 Under
1029 1170 126 31 sådana
1178 1170 238 32 förhållanden
1441 1182 103 31 synes
1567 1172 58 31 det

121 1210 301 40 centralstyrelsen
456 1221 80 20 vara
564 1211 159 41 riktigast
746 1214 49 28 att
818 1212 196 33 föreskriva,
1038 1214 48 29 att
1110 1213 158 40 sjukdom
1292 1215 80 29 över
1394 1214 117 30 huvud
1535 1216 90 39 taget

120 1251 74 32 icke
218 1252 85 31 skall
329 1252 168 42 berättiga
520 1253 52 31 till
596 1254 63 30 fria
682 1254 189 32 läkemedel
895 1255 65 31 och
982 1255 42 30 fri
1048 1255 178 41 fysikalisk
1251 1255 211 42 behandling
1485 1256 11 31 i
1520 1256 104 31 andra

120 1294 58 31 fall
202 1296 42 29 än
269 1294 86 39 dem,
381 1306 73 20 som
480 1295 106 42 enligt
608 1296 158 41 gällande
790 1296 55 42 lag
867 1299 58 29 äro
949 1299 50 29 att
1021 1308 81 20 anse
1127 1309 73 19 som
1223 1298 311 40 yrkessjukdomar.

173 1336 92 32 Herr
297 1348 66 20 von
397 1337 142 32 Friesen
571 1338 144 31 föreslår
747 1338 124 38 vidare,
907 1341 50 29 att
991 1339 181 42 riksdagen
1199 1340 12 31 i
1235 1340 163 32 skrivelse
1422 1341 53 31 till
1498 1341 124 41 Kungl.

120 1379 98 40 Maj:t
253 1379 85 31 skall
372 1379 125 41 begära
530 1381 185 41 utredning
750 1392 54 20 om
834 1381 73 32 icke
931 1383 111 30 rätten
1065 1382 52 30 till
1140 1382 177 31 läkarvård
1341 1383 52 31 för
1416 1385 131 30 statens
1571 1384 52 31 be-

120 1421 290 41 fattningshavare
444 1422 114 31 kunde
591 1423 193 31 utsträckas
818 1423 52 31 till
893 1426 50 28 att
965 1424 165 31 innefatta
1154 1427 49 28 ett
1225 1425 75 30 fritt
1322 1425 149 31 läkarval
1495 1437 39 19 av
1558 1426 65 31 den

121 1463 214 41 omfattning,
371 1475 73 20 som
473 1464 105 41 gäller
601 1466 51 30 för
676 1465 42 31 de
742 1466 148 30 erkända
914 1466 261 41 sjukkassornas
1200 1467 229 31 medlemmar.
1476 1467 148 31 Central-

121 1506 179 40 styrelsen,
337 1516 73 21 som
445 1506 57 31 vid
538 1507 110 31 skilda
671 1507 158 31 tillfällen
854 1508 63 31 och
941 1508 104 31 bland
1068 1509 105 30 andra
1196 1509 12 30 i
1232 1509 163 31 skrivelse
1420 1510 52 30 till
1496 1510 125 41 Kungl.

121 1548 169 40 styrelsen
314 1548 66 31 den
403 1548 20 31 5
447 1549 194 40 september
667 1550 80 31 1938
771 1549 125 32 hävdat
920 1550 53 31 sin
997 1550 88 31 åsikt
1108 1562 55 19 om
1180 1551 179 41 principen
1376 1552 74 30 fritt
1466 1552 156 38 läkarval,

120 1590 58 31 vill
213 1591 107 30 uttala
354 1591 53 30 sin
434 1591 85 30 fulla
541 1592 200 40 anslutning
764 1592 52 30 till
839 1592 61 31 här
922 1592 255 41 ifrågavarande
1200 1593 136 41 förslag.
1383 1593 17 31 I
1424 1594 94 31 detta
1542 1605 82 20 sam-

120 1632 172 42 manhang
314 1632 58 31 vill
395 1633 300 42 centralstyrelsen
719 1634 184 32 framkasta
926 1636 125 30 tanken
1074 1637 43 39 på
1140 1637 50 29 att
1206 1636 205 31 statsverket
1427 1636 196 32 försäkrade

121 1675 75 30 sina
229 1674 336 42 befattningshavare
598 1676 11 30 i
643 1676 42 31 de
709 1677 325 31 statsunderstödda
1062 1677 245 41 sjukkassorna
1330 1679 63 30 och
1417 1679 118 31 därvid
1559 1681 64 28 må-
1654 1686 8 7 ”

120 1717 113 30 hända
264 1717 123 41 jämväl
423 1719 84 29 även
541 1718 51 31 för
625 1719 66 31 den
727 1719 164 41 tredjedel
926 1731 40 19 av
992 1720 389 31 läkarvårdskostnaden
1406 1721 106 40 enligt
1535 1722 88 40 sjuk-

120 1759 213 38 kassetaxan,
370 1771 73 20 som
478 1760 220 32 medlemmar
725 1772 40 20 av
789 1762 126 31 erkänd
940 1762 177 40 sjukkassa
1141 1762 100 41 eljest
1264 1763 85 30 hava
1372 1765 49 29 att
1445 1764 107 40 själva
1576 1775 44 20 er-

119 1801 107 40 lägga.
480 1818 33 13 "on

153 1813 111 61 ler
297 1855 65 19 von
396 1844 143 31 Friesen
573 1845 143 31 föreslår
745 1846 52 30 till
822 1846 71 37 sist,
919 1848 50 29 att
990 1846 181 41 riksdagen
1195 1847 11 30 i
1231 1847 163 31 skrivelse
1418 1847 54 31 till
1494 1847 125 41 Kungl.

120 1886 98 40 Maj:t
241 1886 86 31 skall
351 1886 125 40 begära
500 1887 192 41 utredning,
718 1898 54 20 om
796 1888 73 30 icke
893 1888 42 31 de
960 1899 24 20 s.
1009 1888 29 30 k.
1063 1889 239 30 verksläkarna
1324 1889 108 31 borde
1455 1890 164 31 anställas

120 1928 123 30 endast
275 1928 10 30 i
309 1928 207 40 rådgivande
540 1929 62 30 och
627 1930 276 30 kontrollerande
929 1930 96 40 syfte.
1072 1931 310 40 Centralstyrelsen
1406 1931 62 31 har
1490 1932 10 30 i
1525 1943 96 20 ovan-

118 1970 149 30 nämnda
301 1969 164 31 skrivelse
500 1971 65 30 den
599 1971 19 31 5
653 1972 195 40 september
878 1973 79 29 1938
981 1972 131 37 uttalat,
1137 1973 88 30 huru
1250 1973 105 41 enligt
1379 1973 80 32 dess
1484 1974 137 39 mening

118 2012 475 40 verkslikarorganisationen
628 2014 180 39 rätteligen
844 2014 106 31 borde
985 2026 77 18 vara
1096 2014 140 38 ordnad,
1262 2015 63 30 och
1360 2016 167 30 vidhåller
1550 2017 69 30 allt-

117 2054 85 39 jämt
235 2054 52 30 sin
322 2054 60 31 där
415 2055 152 30 uttalade
602 2056 229 40 uppfattning.
877 2056 246 31 Verksläkaren
1148 2056 64 31 bör
1235 2069 78 19 vara
1336 2058 145 31 allenast
1503 2059 117 30 förtro-

118 2096 202 31 endeläkare
343 2097 78 30 med
444 2097 141 31 allmänt
608 2098 271 31 hälsovårdande
903 2099 179 40 uppgifter.
1119 2099 247 31 Verksläkaren
1391 2100 63 31 bör
1478 2101 143 30 sålunda

117 2149 80 20 vara
220 2138 190 31 medicinsk
433 2139 175 40 rådgivare
631 2142 34 28 åt
688 2141 296 41 verksledningen,
1010 2141 164 30 övervaka
1197 2143 50 29 att
1270 2142 126 41 nödiga
1419 2143 198 40 hygieniska

119 2179 288 41 skyddsåtgärder
441 2181 163 40 vidtagas,
639 2182 184 31 verkställa
856 2183 277 30 återkommande
1167 2183 384 40 friskundersökningar
1581 2196 38 18 av

118 2223 65 29 den
218 2223 170 30 anställda
421 2224 214 39 personalen,
671 2225 183 30 verkställa
888 2225 296 40 undersökningar
1207 2226 52 29 för
1282 2226 106 30 första
1410 2226 209 39 anställning

118 2264 63 30 och
216 2264 145 30 rörande
395 2265 200 41 lämplighet
629 2266 52 30 för
714 2267 137 30 fortsatt
878 2267 209 40 anställning
1110 2269 88 28 samt
1223 2269 101 28 utöva
1346 2269 211 39 granskning
1580 2280 38 18 av

118 2306 62 30 och
215 2308 78 36 taga
328 2306 163 39 ställning
526 2308 50 30 till
611 2307 96 42 intyg
735 2309 52 29 för
811 2309 258 39 tjänstledighet
1092 2310 39 38 på
1158 2309 110 37 grund
1292 2321 39 18 av
1356 2310 157 38 sjukdom
1538 2311 82 30 eller

117 2347 51 30 för
201 2359 81 27 svag
306 2348 113 30 hälsas
443 2349 180 30 vårdande.
669 2350 81 30 Men
776 2350 235 30 verksläkaren
1039 2350 59 30 bör
1121 2350 155 30 däremot
1301 2351 70 30 icke
1396 2352 9 29 i
1431 2352 112 30 denna
1566 2352 51 30 sin

117 2390 171 39 egenskap
323 2392 102 28 utöva
458 2402 60 18 ren
543 2391 159 40 sjukvård
726 2392 52 30 för
801 2392 41 30 de
866 2392 277 30 verksanställda.
1191 2393 14 29 I
1232 2393 152 39 enlighet
1407 2394 77 30 med
1508 2394 111 30 denna

118 2431 52 30 sin
205 2431 216 41 principiella
456 2433 220 40 uppfattning
711 2434 56 30 vill
804 2434 298 39 centralstyrelsen
1138 2434 106 30 uttala
1268 2435 51 30 sin
1344 2436 199 39 anslutning
1567 2436 50 30 till

117 2473 163 39 förslaget
304 2485 53 19 om
383 2486 40 18 en
449 2475 183 39 utredning
655 2476 145 30 rörande
826 2476 254 30 verksläkarnas
1105 2476 172 39 ställning.
