1886 2818
562 153 108 29 Andra
694 154 227 36 lagutskottets
943 156 168 30 utlåtande
1132 167 36 19 nr
1183 159 50 28 20.
1634 159 14 30 i

824 405 59 41 Nr
915 406 67 42 20.

576 516 125 28 Ankom
725 517 50 27 till
798 517 187 38 riksdagens
1011 519 102 28 kansli
1137 520 62 27 den
1224 520 17 28 9
1265 529 85 19 mars
1376 522 79 27 1944
1480 522 40 28 kl.
1546 523 17 28 6
1587 532 60 20 em.

450 607 195 36 Utlåtande
672 609 14 35 i
713 610 195 48 anledning
937 623 45 23 av
1011 611 87 36 dels
1117 612 135 49 Kungl.
1274 614 128 48 Maj:ts
1421 615 227 47 proposition

542 669 79 35 med
651 669 147 48 förslag
836 670 55 36 till
928 671 60 48 lag
1027 672 185 48 angående
1248 674 145 35 ändrad
1430 675 133 46 lydelse
1603 689 44 22 av

540 730 20 33 1
599 729 62 35 och
697 729 25 35 4
749 730 52 46 $$
837 731 103 48 lagen
978 732 67 35 den
1073 732 46 35 14
1142 733 86 43 juni
1255 734 99 36 1929
1383 734 63 45 (nr
1473 736 89 46 131)
1592 749 55 23 om

534 790 216 48 försäkring
771 792 67 48 för
864 792 96 35 vissa
977 793 325 48 yrkessjukdomar,
1322 808 45 22 m.
1389 809 58 31 m.,
1470 796 88 36 dels
1577 798 69 35 ock

541 849 15 36 i
583 854 116 32 ämnet
726 851 126 36 väckta
880 854 180 35 motioner.

193 948 133 32 Genom
347 961 41 21 en
409 950 66 31 den
496 950 41 32 28
557 951 132 41 januari
712 952 81 31 1944
815 953 211 41 dagtecknad
1047 955 226 41 proposition,
1295 968 40 19 nr
1356 957 49 38 50,
1428 957 115 33 vilken
1564 959 78 31 hän-

139 999 107 32 visats
267 1000 55 31 till
341 1000 189 42 lagutskott
550 1002 63 31 och
632 1002 203 33 behandlats
856 1015 41 20 av
917 1005 106 31 andra
1043 1006 234 41 lagutskottet,
1298 1007 61 32 har
1380 1008 127 42 Kungl.
1531 1005 109 50 Maj:t,

139 1050 108 32 under
272 1051 215 42 åberopande
513 1063 41 20 av
578 1053 261 42 propositionen
864 1055 138 42 bilagda
1027 1056 12 31 i
1065 1057 274 32 statsrådet
1276 1046 63 58 och
1364 1059 154 41 lagrådet
1544 1060 97 32 förda

138 1101 182 41 protokoll,
343 1102 178 42 föreslagit
543 1104 182 42 riksdagen
747 1107 50 29 att
819 1108 122 39 antaga
963 1106 153 42 följande
1139 1108 130 42 förslag
1291 1109 54 31 till

811 1220 30 42 1)
870 1221 109 42 Lag

134 1288 182 41 angående
349 1290 133 33 ändrad
517 1292 136 39 lydelse
680 1302 43 23 av
747 1294 15 31 1
789 1294 66 32 och
877 1294 21 32 4
921 1294 39 42 $$
984 1295 105 40 lagen
1112 1296 66 32 den
1204 1296 42 32 14
1265 1297 83 41 juni
1374 1298 85 32 1929
1483 1300 57 38 (nr
1564 1298 77 43 131)

467 1350 56 24 om
548 1342 207 41 försäkring
777 1344 59 33 för
859 1345 94 32 vissa
974 1346 331 41 yrkessjukdomar.

185 1433 211 42 Härigenom
414 1434 190 40 förordnas,
624 1439 49 29 att
694 1438 15 30 1
731 1438 63 31 och
812 1439 20 29 4
850 1438 43 42 $$
911 1439 101 41 lagen
1032 1440 66 31 den
1118 1441 39 30 14
1176 1441 75 41 juni
1271 1442 80 31 1929
1371 1453 54 21 om
1445 1443 194 42 försäkring

136 1484 52 30 för
206 1484 95 32 vissa
318 1484 311 42 yrkessjukdomar!
650 1487 96 31 skola
765 1487 127 32 erhålla
910 1487 130 32 ändrad
1059 1489 131 41 lydelse
1209 1492 45 39 på
1272 1493 68 29 sätt
1357 1492 111 31 nedan
1489 1493 148 41 angives.

845 1564 69 41 18.

183 1618 87 39 Den,
296 1630 73 21 som
393 1619 135 42 jämlikt
552 1622 98 40 lagen
675 1622 66 31 den
768 1624 37 30 17
831 1624 74 40 juni
932 1625 81 31 1916
1040 1636 54 20 om
1120 1626 193 42 försäkring
1339 1627 54 31 för
1418 1628 181 42 olycksfall
1625 1630 12 30 i

131 1669 116 32 arbete
268 1672 37 29 är
325 1671 177 32 försäkrad
523 1672 54 31 för
598 1672 104 32 skada
723 1673 54 31 till
799 1674 88 41 följd
908 1686 41 20 av
968 1675 124 32 sådant
1114 1676 188 41 olycksfall,
1326 1678 85 32 skall
1433 1690 101 21 anses
1557 1691 79 20 vara

130 1720 178 32 försäkrad
325 1721 123 41 jämväl
465 1722 54 31 för
535 1723 271 41 yrkessjukdom,
826 1736 73 20 som
917 1725 218 33 uteslutande
1155 1727 83 32 eller
1256 1728 54 31 till
1328 1730 234 41 övervägande
1581 1731 54 31 del

131 1770 210 32 framkallats
360 1783 121 30 genom
500 1772 162 33 inverkan
681 1786 41 19 av

182 1822 137 31 arsenik
342 1822 82 32 eller
446 1824 160 40 förening
628 1825 112 37 därav,

182 1872 60 41 bly
265 1873 83 31 eller
370 1873 153 42 legering
547 1875 82 31 eller
651 1875 159 41 förening
833 1877 111 38 därav,

182 1922 205 33 kvicksilver
410 1924 83 31 eller
516 1925 163 41 amalgam
704 1926 83 32 eller
810 1927 157 41 förening
991 1928 110 38 därav,

182 1973 111 31 fosfor
316 1974 83 31 eller
421 1974 159 42 förening
603 1976 110 38 därav,

182 2024 200 38 stendamm,

183 2074 123 32 bensol
324 2075 82 32 eller
422 2078 112 40 någon
552 2089 40 19 av
610 2077 78 32 dess
706 2078 198 42 homologer
927 2079 126 40 (såsom
1072 2081 109 32 toluol
1201 2082 82 32 eller
1301 2083 103 42 xylol)
1430 2084 83 32 eller
1532 2087 103 40 något

128 2136 40 19 av
204 2125 99 31 deras
338 2127 101 30 nitro-
476 2127 83 31 eller
595 2128 246 32 aminoderivat
871 2130 126 39 (såsom
1022 2131 215 32 nitrobensol
1265 2133 83 32 eller
1373 2135 259 39 trinitrotoluol,

128 2175 107 31 anilin
255 2176 84 31 eller
356 2178 378 40 parafenylendiamin),

180 2225 207 33 klorderivat
408 2238 39 20 av
468 2228 94 31 fenol
584 2229 81 31 eller
685 2230 110 30 naftol
817 2230 83 31 eller
920 2231 99 31 deras
1041 2232 112 38 salter,

180 2276 280 41 halogenderivat
479 2289 41 20 av
539 2279 157 31 kolväten
718 2291 40 19 av
780 2280 64 31 den
865 2281 172 31 alifatiska
1058 2282 111 31 serien
1195 2283 126 39 (såsom
1342 2285 186 32 kloroform
1551 2287 82 31 eller

128 2326 263 42 trikloretylen),

179 2377 149 37 koloxid,

180 2453 9 14 1
211 2452 117 24 Senaste
352 2453 103 30 lydelse
479 2461 35 16 av
540 2454 10 23 1
577 2454 13 31 $
615 2462 27 16 se
667 2455 63 23 SFS
756 2456 78 22 1938:
850 2457 58 22 211.

149 2508 117 36 Bihang
290 2509 45 28 till
356 2509 169 37 riksdagens
543 2511 146 35 protokoll
714 2512 88 27 1944.
829 2512 17 26 9
869 2512 82 28 saml.
978 2514 18 26 2
1018 2513 64 28 avd.
1122 2513 46 29 Nr
1190 2516 50 27 20.
1500 2524 40 19 537
1565 2525 25 18 44
