1880 2814
526 166 110 28 Andra
660 166 226 35 lagutskottets
910 166 165 28 utlåtande
1099 175 38 18 nr
1165 167 49 27 20.
1601 164 34 29 17

131 251 40 19 av
196 239 261 41 lagstiftningen
483 250 54 20 om
563 239 193 41 försäkring
782 240 53 30 för
860 239 91 32 vissa
977 239 308 41 yrkessjukdomar,
1314 239 106 39 enligt
1447 239 185 30 utskottets

130 290 138 40 mening
302 290 73 31 icke
411 290 188 41 ådagalagt,
635 292 49 28 att
720 290 200 40 riksdagens
956 290 204 31 medverkan
1187 291 167 29 försvårat
1381 289 251 41 anpassningen

132 341 54 30 till
216 341 41 30 de
286 341 91 37 krav,
408 352 73 20 som
511 340 239 42 utvecklingen
781 341 199 31 framkallat.
1024 341 179 31 Utskottet:
1234 342 105 39 ansåg
1370 341 52 40 sig
1453 340 115 31 därför
1601 340 29 40 ej

130 391 114 31 kunna
266 391 173 41 tillstyrka
461 391 222 32 motionerna.
720 391 118 32 Skulle
864 391 190 32 emellertid
1077 391 200 31 kommande
1303 391 229 31 erfarenheter
1556 391 76 40 giva

131 442 57 31 vid
217 442 145 37 handen,
393 445 49 28 att
471 442 172 42 påtagliga
673 442 149 31 fördelar
852 442 112 31 kunde
994 442 131 37 vinnas,
1157 453 53 20 om
1240 441 127 42 Kungl.
1399 442 100 40 Maj:t
1529 442 103 31 tiller-

131 491 127 33 kändes
288 495 68 28 rätt
385 495 50 29 att
463 493 11 30 i
504 493 251 31 administrativ
786 493 146 41 ordning
961 493 102 31 utöka
1094 493 66 31 den
1190 493 11 30 i
1232 493 99 40 lagen
1361 492 99 41 givna
1491 493 141 30 förteck-

132 543 126 41 ningen
287 545 81 29 över
397 543 370 42 sjukdomsorsakerna,
797 544 107 31 borde
934 544 271 37 statsmakterna,
1236 544 107 40 enligt
1373 544 64 30 vad
1466 543 167 32 utskottet

132 594 115 31 vidare
277 594 162 38 uttalade,
469 594 145 41 givetvis
645 597 77 39 taga
752 595 203 41 spörsmålet
986 595 108 30 under
1125 594 233 41 omprövning.
1401 594 51 31 De
1485 594 149 31 därefter

133 655 110 20 vunna
272 645 274 31 erfarenheterna
575 645 98 31 torde
702 645 73 31 icke
804 645 132 42 påkalla
967 646 120 31 ändrat
1118 645 356 41 ståndpunkttagande
1506 645 10 30 1
1548 645 83 31 före-

130 694 146 32 varande
300 696 104 40 fråga.

184 745 118 41 Enligt
330 746 185 32 utskottets
544 747 90 31 åsikt
662 747 62 31 bör
752 758 76 20 man
858 747 99 31 alltså
986 747 57 30 vid
1072 746 271 32 bestämmandet
1373 757 40 20 av
1441 746 191 41 yrkessjuk-

132 798 354 41 domsförsäkringens
524 798 400 41 tillämplighetsområde
963 798 71 30 tills
1073 798 115 31 vidare
1227 797 159 31 fortsätta
1424 799 42 39 på
1494 797 66 31 den
1587 797 46 31 in-

132 850 117 41 slagna
278 851 117 39 vägen,
427 851 37 29 så
493 851 49 29 att
573 849 42 31 de
646 848 447 41 ersättningsberättigande
1124 848 242 41 sjukdomarna
1397 850 42 39 på
1470 850 48 29 ett
1550 848 84 31 eller

130 902 102 29 annat
255 902 68 29 sätt
346 899 139 41 angivas
508 900 11 30 i
543 899 109 41 själva
675 899 107 41 lagen.
818 899 177 31 Utskottet
1020 899 149 31 förbiser
1192 899 82 37 icke,
1300 901 49 29 att
1374 910 41 20 en
1439 899 194 41 preciserad

131 950 394 41 sjukdomsförteckning
554 952 108 29 måste
692 961 78 20 vara
799 950 163 31 behäftad
992 950 77 31 med
1099 949 286 41 bristfälligheter
1415 950 62 30 och
1508 950 124 40 ojämn-

130 1002 104 37 heter,
261 1012 72 20 som
357 1001 114 31 kunna
494 1001 100 31 botas
619 1001 121 31 endast
764 1011 122 30 genom
910 1001 51 31 tid
986 1001 87 31 efter
1099 1012 110 20 annan
1235 1001 176 40 företagna
1435 1000 198 41 komplette-

131 1052 121 41 ringar.
282 1051 203 32 Emellertid
513 1051 111 32 skulle
653 1052 77 31 med
758 1052 168 31 avseende
956 1054 18 28 å
1003 1051 309 41 fullständigheten
1342 1051 148 31 fördelar
1519 1051 111 31 kunna

130 1103 130 37 vinnas,
288 1113 54 20 om
369 1113 41 20 en
436 1103 11 29 i
474 1103 57 31 det
556 1113 47 20 nu
630 1102 233 41 föreliggande
891 1102 393 41 utredningsmaterialet
1311 1103 11 30 i
1350 1103 94 40 fråga
1470 1113 54 20 om
1550 1102 82 31 hud-

131 1153 197 41 sjukdomar
355 1153 129 41 antydd
512 1153 129 31 ändrad
669 1153 114 31 metod
811 1154 53 30 för
892 1153 228 41 avgränsning
1148 1164 39 19 av
1217 1153 40 31 de
1287 1153 345 40 ersättningsberätti-

130 1204 109 40 gande
259 1203 242 42 sjukdomarna
519 1204 114 31 kunde
653 1204 133 32 komma
805 1204 54 31 till
880 1204 87 31 ökad
987 1204 227 41 användning.
1247 1204 119 40 Enligt
1387 1204 110 31 denna
1517 1204 115 31 metod

131 1254 109 32 skulle
262 1265 77 20 man
361 1255 12 30 i
395 1255 70 31 viss
488 1255 236 41 utsträckning
745 1255 114 31 kunna
882 1257 94 29 avstå
999 1255 76 31 från
1098 1255 260 41 uppräkningen
1381 1266 41 20 av
1444 1255 188 41 sjukdoms-

131 1305 171 31 alstrande
323 1307 121 29 ämnen
464 1306 62 31 och
535 1301 16 51 i
578 1306 114 31 stället
713 1308 80 38 utgå
813 1306 76 31 från
909 1306 381 41 sjukdomstillståndet,
1313 1308 132 29 oavsett
1466 1317 40 20 av
1526 1305 106 32 vilket

131 1358 96 29 ämne
249 1356 94 31 detta
364 1356 218 32 framkallats.
617 1357 68 31 För
706 1357 208 31 närvarande
936 1357 164 31 förhåller
1122 1357 57 31 det
1201 1357 53 40 sig
1276 1357 72 31 ofta
1370 1359 37 28 så
1429 1359 57 35 att,
1510 1357 122 31 medan

130 1417 42 20 en
199 1407 69 30 viss
295 1406 262 41 yrkessjukdom
583 1407 186 41 berättigar
795 1408 54 30 till
877 1407 198 41 ersättning,
1104 1407 105 31 andra
1236 1407 160 31 liknande
1425 1407 206 40 sjukdomar,

130 1459 84 28 även
239 1468 54 20 om
318 1457 41 31 de
384 1459 58 29 äro
467 1460 134 29 svårare
627 1458 62 31 och
713 1458 242 40 långvarigare,
981 1459 30 40 ej
1038 1458 155 31 medföra
1218 1458 106 31 sådan
1350 1460 66 28 rätt
1442 1458 115 31 därför
1582 1460 49 29 att

131 1507 57 31 det
214 1507 369 41 sjukdomsorsakande
611 1510 113 29 ämnet
749 1508 74 31 icke
851 1510 36 29 är
913 1509 171 40 medtaget
1110 1509 13 30 i
1151 1509 107 40 lagen.
1297 1509 19 30 I
1343 1509 94 30 detta
1463 1509 168 31 avseende

129 1558 97 31 torde
250 1569 77 20 man
351 1569 121 30 genom
496 1560 49 30 att
569 1559 154 41 tillämpa
746 1559 147 31 nämnda
917 1559 148 31 ändrade
1091 1559 115 31 metod
1232 1558 52 31 för
1309 1559 188 40 angivande
1523 1571 40 19 av
1590 1559 40 31 de

130 1609 445 41 ersättningsberättigande
613 1610 238 40 sjukdomarna
889 1610 112 31 kunna
1037 1609 102 32 vinna
1177 1610 160 40 riktigare
1365 1610 61 31 och
1453 1610 177 31 rättvisare

129 1659 151 31 resultat.

182 1713 132 40 Frågan
352 1723 54 19 om
444 1711 291 41 fullständigande
773 1723 40 19 av
850 1711 519 41 yrkessjukdomsförsäkringen
1397 1712 96 31 torde
1522 1712 109 31 delvis

130 1773 78 20 vara
229 1762 172 31 beroende
425 1773 39 20 av
487 1762 175 41 pågående
686 1762 221 40 utredningar
931 1773 53 20 om
1008 1762 180 31 införande
1213 1774 40 19 av
1277 1763 124 30 allmän
1426 1762 205 40 sjukförsäk-

130 1813 75 40 ring
233 1813 63 30 och
325 1824 54 19 om
409 1812 277 41 organisationen
715 1823 40 20 av
784 1812 352 41 yrkesinspektionen.
1168 1813 118 40 Enligt
1317 1813 227 31 innevarande
1576 1816 54 28 års

130 1863 341 40 riksdagsberättelse
495 1863 65 30 kan
586 1866 48 28 ett
659 1874 40 19 av
723 1863 411 31 socialvårdskommittén
1160 1864 170 30 utarbetat
1357 1864 126 39 förslag
1508 1864 122 30 beträf-

132 1913 99 31 fande
260 1913 125 30 allmän
414 1913 273 40 sjukförsäkring
716 1915 117 29 väntas
863 1914 91 30 bliva
984 1914 157 40 framlagt
1171 1914 91 30 inom
1292 1914 84 30 kort.
1418 1914 118 40 Enligt
1566 1915 61 30 vad

130 1963 166 31 utskottet
332 1963 165 31 inhämtat
533 1963 151 31 kommer
719 1963 314 41 sjukförsäkringen
1071 1967 113 28 såsom
1221 1964 408 31 socialvårdskommittén

130 2014 94 30 tänkt
263 2014 52 40 sig
354 2014 194 31 densamma
586 2014 73 31 icke
697 2017 48 28 att
773 2017 81 37 göra
881 2015 519 40 yrkessjukdomsförsäkringen
1429 2015 199 40 överflödig.

130 2065 203 39 Ersättning
364 2066 43 39 på
438 2065 108 40 grund
580 2076 40 19 av
653 2065 64 30 den
750 2065 169 31 allmänna
952 2065 317 41 sjukförsäkringen
1303 2066 96 31 torde
1433 2067 188 30 emellertid

130 2115 131 30 komma
282 2117 49 28 att
351 2117 80 38 utgå
451 2116 56 30 vid
528 2116 66 30 alla
614 2116 192 39 kortvariga
826 2116 249 40 sjukdomsfall,
1098 2119 131 28 oavsett
1251 2128 39 19 av
1311 2117 113 30 vilken
1446 2117 184 40 anledning

130 2166 41 29 de
194 2165 220 41 uppkommit.
448 2166 66 30 Det
537 2168 35 28 är
595 2166 180 36 sannolikt,
798 2169 49 28 att
870 2178 40 18 en
934 2167 135 40 lösning
1092 2178 39 19 av
1155 2167 315 40 sjukförsäkringen
1494 2168 10 29 i
1528 2168 101 39 enlig-

128 2216 58 29 het
212 2216 139 29 härmed
379 2216 108 30 skulle
515 2216 113 31 kunna
655 2216 137 31 inverka
820 2220 42 37 på
890 2217 226 31 bedömandet
1145 2229 39 18 av
1213 2219 116 37 frågan
1359 2229 53 19 om
1439 2218 190 40 yrkessjuk-

130 2265 355 40 domsförsäkringens
529 2266 409 40 tillämplighetsområde.
994 2267 225 30 Beträffande
1264 2268 277 39 organisationen
1586 2280 39 18 av

129 2315 342 41 yrkesinspektionen
504 2318 86 38 pågå
622 2318 52 28 för
705 2318 207 29 närvarande
944 2318 91 29 vissa
1068 2318 295 39 undersökningar
1395 2329 118 27 genom
1549 2319 80 30 1938

129 2368 53 27 års
203 2365 461 40 arbetarskyddskommittés
687 2368 140 39 försorg.
866 2367 112 39 Enligt
1000 2368 60 30 vad
1086 2368 165 31 utskottet
1276 2369 158 29 inhämtat
1460 2369 60 30 har
1542 2369 85 29 kom-

130 2415 117 30 mittén
277 2416 108 29 under
413 2416 137 31 särskilt
578 2418 232 38 övervägande
843 2419 111 37 frågan
985 2430 51 18 om
1069 2419 214 38 anknytande
1315 2419 49 29 till
1396 2418 232 41 yrkesinspek-

131 2466 112 29 tionen
265 2485 41 2 —
328 2468 81 28 även
434 2467 7 29 1
466 2467 179 30 distrikten
669 2487 41 2 —
731 2479 39 19 av
792 2468 144 30 särskild
963 2469 184 29 medicinsk
1172 2469 224 39 sakkunskap.
1433 2471 59 28 Om
1519 2470 106 30 denna

180 2518 113 35 Bihang
317 2519 46 27 till
387 2519 166 35 riksdagens
575 2521 143 35 protokoll
746 2522 85 26 1944.
881 2523 17 24 9
920 2522 79 27 saml.
1047 2524 20 24 2
1090 2522 64 27 avd.
1204 2523 42 26 Nr
1269 2524 48 25 20.
1449 2530 77 18 53744
1574 2524 16 25 2
