2224 2636
399 212 38 28 26

925 206 228 29 Statsutskottets
1184 204 154 29 Utlåtande
1362 203 57 29 N:o
1444 204 50 27 '74.

804 283 168 46 görelsen
1010 282 70 36 den
1118 284 18 33 6
1167 280 148 46 augusti
1345 281 107 42 1891,
1480 275 226 38 innefattade
1734 275 278 37 bestämmelsen

804 333 159 36 rörande
991 331 268 46 ålderstillägg:

885 405 85 38 »att,
1011 398 64 37 der
1113 398 159 46 höjning
1311 395 40 37 af
1388 397 111 35 lönen
1537 394 90 37 efter
1658 394 75 36 viss
1764 393 73 36 tids
1865 392 151 36 fortsatt

805 448 275 39 innehafvande
1107 447 42 37 af
1173 449 113 46 tjenst
1312 448 11 34 i
1351 459 142 23 samma
1519 445 92 46 grad
1638 452 41 28 är
1705 442 224 48 medgifven,
1950 443 67 35 tid-

806 501 168 47 punkten
1013 499 58 37 för
1105 499 119 36 första
1254 496 262 48 förhöjningen
1543 496 220 35 bestämmes
1790 499 54 30 att
1870 493 148 36 inträda

807 551 92 36 efter
925 549 76 37 fem
1030 550 48 44 år,
1106 549 121 36 under
1253 548 121 37 vilkor
1392 554 55 29 att
1466 544 267 38 innehafvaren
1751 557 100 23 mera
1870 551 47 28 än
1935 543 84 49 fyra

807 602 40 35 år
873 600 41 37 af
940 601 123 36 denna
1088 600 55 35 tid
1172 598 87 47 sjelf
1281 598 83 36 med
1392 597 92 46 godt
1510 596 142 36 vitsord
1676 594 157 37 bestridt
1850 595 57 35 sin
1926 607 92 34 egen

807 652 89 36 eller
922 651 50 47 på
999 650 121 48 grund
1149 649 41 37 af
1214 648 253 38 förordnande
1494 660 124 23 annan
1646 652 139 30 statens
1812 645 120 45 tjenst,
1960 643 60 37 för

808 702 117 36 andra
964 701 264 47 förhöjningen
1265 698 90 37 efter
1389 699 219 48 ytterligare
1634 696 77 37 fem
1739 696 40 35 år
1804 695 48 47 på
1878 708 143 23 samma

807 753 123 36 vilkor
958 752 70 35 och
1053 750 58 37 för
1128 751 119 45 tredje
1265 749 262 46 förhöjningen
1547 747 118 37 under
1685 746 196 37 enahanda
1898 746 124 35 vilkor

809 803 91 36 efter
927 803 216 48 ytterligare
1169 800 75 37 fem
1271 800 50 44 år,
1350 799 119 36 under
1495 797 250 46 iakttagande,
1772 797 98 35 hvad
1893 796 129 45 hvarje

811 853 40 36 af
887 853 108 36 dessa
1034 851 259 47 förhöjningar
1328 849 125 47 angår,
1487 854 54 30 att
1568 848 71 37 den
1667 848 116 46 högre
1810 847 212 47 aflöningen

811 905 29 45 ej
877 902 59 37 får
971 902 185 36 tillträdas
1189 901 126 36 förrän
1341 900 63 36 vid
1431 900 132 46 början
1590 898 41 36 af
1656 898 258 36 kalenderåret
1940 902 83 30 näst

812 954 90 36 efter
930 953 72 44 det,
1029 952 119 36 under
1166 952 144 36 hvilket
1328 950 72 37 den
1418 949 178 48 stadgade
1614 948 265 48 tjensteåldern
1899 946 124 37 blifvit

813 1004 194 48 uppnådd;
1034 1002 166 37 börande
1227 1002 218 46 löntagaren
1473 999 132 37 härvid
1631 999 297 46 tillgodoräknas
1953 998 71 35 den

812 1055 63 44 tid,
911 1055 76 35 han
1021 1053 78 36 före
1130 1051 240 37 utfärdandet
1397 1050 42 36 af
1462 1050 72 36 den
1562 1063 51 22 nu
1640 1048 60 37 för
1727 1050 183 35 institutet
1938 1047 88 36 fast-

813 1104 119 36 stälda
961 1109 119 31 staten
1106 1103 76 35 kan
1210 1101 113 36 hafva
1345 1101 214 48 tjenstgjort
1577 1099 63 37 vid
1658 1100 187 35 institutet
1863 1100 11 34 i
1893 1099 132 35 lärare-

813 1154 219 45 befattning,
1061 1166 79 23 som
1168 1154 11 34 i
1207 1151 170 37 afseende
1405 1151 22 35 å
1454 1150 190 47 omfånget
1669 1149 42 36 af
1726 1149 300 45 undervisnings-

815 1205 258 46 skyldigheten
1100 1210 40 28 är
1166 1202 86 37 med
1275 1202 91 35 hans
1385 1214 76 35 nya
1479 1200 211 46 befattning
1704 1199 198 48 jemförlig,
1922 1199 105 36 hvar-

810 1257 113 44 jemte
959 1256 203 44 löntagare,
1200 1266 79 23 som
1315 1251 91 37 efter
1443 1250 240 37 utfärdandet
1719 1250 42 36 af
1797 1249 230 37 sistnämnda

815 1311 72 31 stat
921 1306 134 35 vinner
1090 1304 237 46 anställning,
1363 1315 85 33 eger
1475 1301 277 47 tillgodoräkna
1780 1302 55 45 sig
1862 1300 72 36 den
1962 1300 65 43 tid,

815 1355 215 37 hvarunder
1056 1355 74 35 han
1157 1353 81 37 före
1265 1354 56 35 sin
1349 1353 230 45 anställning
1605 1351 64 36 vid
1696 1352 186 35 institutet
1899 1350 130 46 tjenst-

817 1407 97 45 gjort
941 1407 13 34 i
981 1404 263 37 motsvarande
1271 1403 91 46 grad
1389 1403 64 36 vid
1473 1403 155 35 allmänt
1646 1403 91 35 eller
1755 1402 163 36 tekniskt
1936 1401 92 35 läro-

816 1457 91 36 verk
935 1457 90 35 eller
1051 1455 120 36 såsom
1199 1455 134 36 docent
1359 1453 62 36 vid
1441 1454 228 43 universitet,
1690 1452 129 36 dervid
1839 1452 11 35 i
1868 1452 161 46 tillämp-

817 1508 75 45 liga
919 1507 103 36 delar
1048 1506 107 36 skola
1181 1505 113 36 lända
1319 1505 58 35 till
1404 1503 242 37 efterrättelse
1674 1503 46 35 de
1744 1502 284 43 bestämmelser,

818 1570 79 23 som
932 1558 12 34 i
981 1556 131 36 sådant
1151 1555 170 37 afseende
1356 1554 205 37 meddelats
1601 1553 191 46 angående
1831 1552 199 45 aflönings-

818 1607 238 37 förmånerna
1082 1606 63 37 vid
1173 1606 46 36 de
1247 1606 188 35 allmänna
1461 1604 254 46 läroverken>,

919 1673 187 37 bibehålla
1142 1673 63 36 det
1241 1672 117 36 under
1393 1672 107 48 sjette
1534 1670 253 37 hufvudtiteln
1822 1669 120 37 under
1969 1682 60 22 an-

820 1725 207 46 slagstiteln
1051 1723 485 47 »undervisningsanstalter
1554 1721 59 36 för
1623 1721 186 48 jordbruk
1824 1720 68 36 och
1907 1719 123 36 landt-

819 1775 333 45 mannanäringar»
1195 1773 185 49 uppförda
1416 1773 185 36 ordinarie
1639 1772 130 45 anslag
1800 1771 57 35 till
1891 1770 140 36 Ultuna

821 1824 370 37 landtbruksinstitut
1218 1824 63 36 vid
1308 1823 244 36 oförändradt
1578 1823 135 46 belopp
1740 1822 131 42 20,000
1890 1821 141 35 kronor

821 1881 95 30 samt
951 1875 49 47 på
1034 1881 106 30 extra
1176 1880 74 30 stat
1284 1873 59 37 för
1378 1873 41 36 år
1456 1876 95 34 1900
1583 1873 130 35 anvisa
1739 1871 58 36 för
1824 1871 208 48 aflöningar

822 1926 67 36 och
918 1925 120 48 öfriga
1063 1926 202 35 institutets
1292 1923 153 47 utgifter
1474 1926 131 42 31,000
1633 1923 157 42 kronor;

925 2023 73 49 2:0)
1033 2024 200 48 medgifva,
1270 2030 54 30 att
1349 2025 252 47 besparingar,
1628 2035 80 23 som
1737 2022 21 35 å
1785 2022 60 36 det
1872 2023 11 34 i
1911 2026 120 30 staten

823 2076 58 37 för
916 2077 184 36 institutet
1135 2076 60 36 till
1237 2075 219 36 >institutets
1492 2073 119 47 öfriga
1637 2072 174 47 utgifter»
1844 2070 189 50 uppförda

823 2128 137 46 belopp
996 2126 119 37 under
1150 2131 54 32 ett
1239 2126 41 35 år
1314 2125 238 48 uppkomma,
1587 2123 62 37 må
1675 2122 189 37 användas
1890 2122 59 35 till
1976 2122 57 35 be-

824 2176 190 38 stridande
1040 2176 40 37 af
1102 2175 155 48 utgifter
1284 2175 118 37 under
1429 2180 52 31 ett
1508 2173 223 37 kommande
1759 2173 54 43 år;
1840 2179 96 29 samt
