2198 2640
721 183 227 29 Statsutskottets
975 184 154 29 Utlåtande
1152 185 56 28 N:o
1231 186 48 28 74.
1786 189 16 28 5

195 258 133 49 utbyta
363 263 79 31 mot
477 258 118 36 andra
621 259 12 35 i
661 259 234 37 ekonomiskt
929 259 171 39 afseende
1126 260 272 49 förmånligare.
1451 262 254 38 Komiterades
1732 263 71 38 för-

195 309 79 46 slag
300 309 105 45 hade,
433 308 163 37 förutom
626 314 108 32 extra
760 311 130 45 lärare,
918 312 173 48 upptagit

295 394 79 36 dels
403 394 24 36 6
453 394 160 44 lektorer,
643 395 204 46 nemligen:

399 447 18 33 1
446 446 13 35 i
484 444 99 45 fysik
611 450 96 31 samt
732 447 161 35 maskin-
920 447 68 37 och
1016 448 283 48 byggnadslära,

400 500 15 32 1
446 496 13 35 i
485 496 100 36 kemi
612 496 68 36 och
707 497 157 47 geologi,

400 548 16 34 1
446 547 12 35 i
485 547 165 45 botanik,
677 548 144 46 zoologi
849 548 69 36 och
944 548 342 47 trädgårdsskötsel,

400 600 17 32 1
447 597 13 36 i
482 597 293 48 jordbrukslära,

400 651 14 32 1
446 648 13 35 i
485 647 256 48 husdjurslära
767 655 97 30 samt

400 701 14 33 1
446 699 13 35 i
485 699 215 46 mejerilära,

294 782 78 37 dels
400 783 70 36 ock
495 784 26 36 3
548 784 200 47 adjunkter,
776 785 200 47 nemligen:

399 838 14 32 1
446 834 13 36 i
485 833 99 50 fysik
612 840 96 30 samt
734 836 158 36 maskin-
921 837 68 35 och
1016 837 286 48 byggnadslära,

400 888 14 32 1
446 885 13 35 i
486 885 98 36 kemi
611 885 70 36 och
707 887 147 46 geologi
881 894 97 29 samt

400 938 15 33 1
447 936 12 35 i
485 935 224 46 husdjurens
736 938 166 35 anatomi
930 937 69 36 och
1027 938 284 47 sjukvårdslära.

294 1035 478 38 Landtbruksakademiens
811 1037 400 50 förvaltningskomité,
1251 1053 80 24 som
1363 1040 102 38 öfver
1490 1040 178 48 förslaget
1694 1043 111 44 hörts,

195 1085 95 37 hade
316 1086 60 37 för
402 1087 57 36 sin
486 1087 60 37 del
572 1088 14 35 i
613 1088 71 36 allt
709 1090 200 45 väsentligt
935 1089 167 47 godkänt
1129 1091 121 37 denna
1276 1091 215 50 fördelning
1510 1092 41 36 af
1567 1094 240 36 läroämnena

195 1137 136 36 mellan
360 1138 213 36 lektorerna
601 1139 70 35 och
698 1140 258 46 adjunkterna,
983 1154 83 23 men
1095 1142 46 35 då
1167 1141 415 48 förvaltningskomitén
1609 1144 12 36 i
1651 1151 154 30 motsats

195 1193 77 31 mot
311 1188 582 38 landtbruksläroverkskomitén
930 1197 127 40 ansett,
1098 1198 55 30 att
1192 1193 214 48 chefskapet
1440 1193 58 37 för
1524 1195 186 37 institutet
1737 1196 68 35 och

196 1238 336 49 landtegendomen
574 1240 115 36 borde
728 1241 204 36 bibehållas
973 1243 65 35 hos
1080 1242 211 38 direktören
1332 1244 59 36 för
1429 1245 194 44 institutet,
1655 1246 150 37 hvilken

196 1290 118 35 skulle
355 1290 200 36 undervisa
581 1291 12 35 i
616 1291 293 47 jordbrukslära,
948 1293 95 36 hade
1082 1292 413 48 förvaltningskomitén
1531 1301 119 31 ansett
1676 1297 131 47 nödigt

196 1345 63 40 att,
298 1339 59 37 för
397 1345 54 30 att
491 1341 264 36 innehafvaren
796 1341 41 37 af
874 1343 103 35 dessa
1004 1343 252 47 befattningar
1282 1346 82 36 icke
1391 1346 119 36 skulle
1536 1346 117 37 blifva
1680 1347 127 37 alltför

195 1390 190 48 betungad
414 1390 41 36 af
479 1391 178 46 göromål,
685 1393 58 35 till
770 1392 91 36 hans
890 1393 143 37 biträde
1060 1395 63 36 vid
1151 1395 314 47 undervisningen
1492 1397 117 36 borde
1632 1399 173 35 anställas

196 1455 44 22 en
281 1441 159 48 adjunkt
465 1442 12 35 i
503 1441 290 48 jordbrukslära,
821 1444 242 46 hvarigenom
1091 1445 264 47 adjunkternas
1383 1448 101 35 antal
1510 1448 119 36 skulle
1656 1449 151 36 komma

196 1497 53 31 att
275 1497 134 41 utgöra
436 1496 32 32 4.

295 1542 17 36 I
352 1543 71 36 den
463 1544 231 47 proposition
721 1545 12 35 i
760 1551 133 39 ämnet,
934 1559 78 23 som
1052 1546 41 36 af
1131 1547 130 47 Kongl.
1301 1548 121 48 Maj:ts
1462 1549 134 36 aflåtits
1622 1551 59 35 till
1711 1553 93 34 1889

198 1593 56 35 års
282 1593 173 47 Riksdag,
485 1594 93 36 hade
606 1607 141 23 samma
772 1595 214 48 fördelning
1013 1597 41 36 af
1078 1597 132 48 Kongl.
1238 1598 103 47 Maj:t
1369 1599 122 37 blifvit
1505 1600 186 46 godkänd,
1710 1601 96 36 dock

196 1643 84 36 med
320 1644 71 35 den
432 1644 228 47 förändring,
706 1651 52 30 att
794 1647 146 35 lektorn
968 1648 12 35 i
1007 1648 164 41 botanik,
1204 1650 146 46 zoologi
1378 1650 69 35 och
1473 1650 333 49 trädgårdsskötsel

196 1693 125 36 blifvit
361 1695 126 47 utbytt
528 1702 78 28 mot
634 1709 44 22 en
706 1696 167 47 adjunkt,
901 1703 95 30 samt
1023 1705 54 28 att
1104 1699 248 47 adjunkturen
1380 1701 10 33 i
1418 1699 108 48 fysik,
1553 1703 157 34 maskin-
1738 1703 68 36 och

196 1744 275 48 hyggnadslära
501 1746 80 35 icke
609 1747 199 45 upptagits.
862 1747 15 35 I
906 1748 163 45 enlighet
1095 1749 84 35 med
1206 1750 600 39 landtbruksläroverkskomiténs

197 1795 94 45 åsigt
319 1794 115 36 borde
462 1796 114 45 enligt
604 1795 178 46 förslaget
809 1798 354 46 adjunkterna
1076 1790 90 62 icke
1190 1799 144 48 åtnjuta
1362 1800 262 48 ålderstillägg.
1675 1802 132 37 Denna

197 1846 230 45 proposition
468 1845 96 36 hade
604 1845 41 36 af
677 1846 210 49 Riksdagen
915 1848 124 37 blifvit
1066 1848 176 48 afslagen,
1270 1851 68 35 och
1366 1851 96 36 hade
1489 1851 131 49 frågan
1650 1866 60 23 om
1736 1853 70 37 för-

197 1896 198 45 delningen
424 1895 41 36 af
489 1897 240 36 läroämnena
755 1899 135 35 mellan
921 1900 45 35 de
993 1900 179 36 särskilda
1191 1902 145 35 lärarne
1356 1901 138 37 således
1513 1904 98 35 varit
1629 1903 178 47 oafgjord.

296 1946 58 36 Då
395 1947 151 36 ärendet
573 1947 96 48 ånyo
698 1950 189 45 upptagits
915 1950 40 35 af
978 1952 179 42 styrelsen
1184 1951 58 36 för
1268 1952 144 36 Ultuna
1438 1953 370 39 landtbruksinstitut

198 1997 50 34 uti
291 1996 192 37 skrifvelse
523 1998 59 35 till
619 1997 131 46 Kongl.
791 1999 105 48 Maj:t
928 2000 41 36 af
997 2001 69 36 den
1098 2005 19 31 8
1147 2003 205 45 september
1384 2007 103 41 1890,
1514 2004 95 36 hade
1637 2005 171 37 bemälda

197 2048 151 47 styrelse
388 2046 189 49 föreslagit
618 2048 163 47 följande
816 2049 214 48 fördelning
1057 2050 41 36 af
1122 2052 238 36 läroämnena
1386 2054 135 35 mellan
1551 2055 160 36 lektorer
1738 2057 68 35 och

198 2097 213 47 adjunkter:

283 2181 39 35 6
349 2180 157 44 lektorer,
534 2181 200 45 nemligen:

403 2232 16 33 1
450 2231 11 35 i
483 2230 292 46 jordbrukslära,
