2261 2692
658 221 384 46 Bevillnings-Utskottets
1065 218 205 39 Betänkande
1295 222 61 35 N:o
1379 221 30 36 4.
1761 224 37 32 15

235 311 110 34 banko
364 315 79 30 eller
455 311 87 49 37"/,
560 319 55 26 öre
629 327 37 30 pr
679 315 141 38 kortlek,
845 315 107 31 blifvit
975 315 123 42 erlagd,
1123 314 103 43 enligt
1238 315 70 31 från
1322 314 354 43 Riksgälds-kontoret
1688 315 151 32 lemnade

234 366 177 42 uppgifter,
446 368 34 29 år
518 367 78 30 1864
630 366 49 31 för
704 368 142 36 193,448,
883 369 34 29 år
953 368 79 30 1865
1055 366 49 31 för
1130 367 142 37 193,156,
1296 368 35 29 år
1356 367 79 31 1866
1458 367 50 30 för
1532 365 143 39 177,108,
1700 369 34 28 år
1759 366 80 32 1867

236 417 49 31 för
332 418 143 36 180,016,
499 423 84 25 samt
618 418 80 31 1868
741 418 50 30 för
838 416 131 39 127,484
1013 417 169 31 kortlekar
1226 417 61 31 och
1321 418 137 30 sålunda
1492 418 104 31 under
1629 417 214 32 sistförflutna

237 470 35 28 år
304 468 213 31 förminskats
542 469 72 30 med
650 469 90 30 öfver
763 470 113 35 50,000
900 469 146 40 stycken.
1090 468 68 31 Det
1180 467 61 32 bör
1264 469 158 39 derjemte
1446 469 134 36 erinras,
1605 474 47 24 att
1675 469 86 30 vissa
1784 469 58 31 be-

236 519 128 30 stämda
387 518 122 43 belopp
534 519 34 31 af
587 519 279 42 stämpelafgiften
888 520 50 30 för
950 519 112 41 hvarje
1077 518 131 32 kortlek
1221 524 55 26 äro
1292 519 157 42 anslagna
1464 519 48 30 till
1526 518 167 43 åtskilliga
1706 520 137 30 fromma

236 569 165 32 stiftelser.

379 620 54 31 Då
455 620 300 43 kortstämplingen
780 628 87 24 emot
891 622 62 30 den
977 633 44 19 nu
1045 621 159 41 stadgade
1227 621 92 42 lägre
1344 621 135 42 afgiften
1497 621 104 31 under
1614 621 137 31 sednare
1765 623 75 29 åren

234 671 86 31 visat
353 671 50 42 sig
427 683 77 19 vara
538 672 9 30 i
572 672 184 42 aftagande,
780 672 64 31 kan
869 672 55 31 det
947 673 73 30 med
1044 672 71 31 skäl
1141 677 147 37 antagas,
1312 676 46 26 att
1382 683 39 19 en
1445 671 165 42 betydligt
1631 672 130 41 förhöjd
1784 672 56 31 be-

235 722 171 43 skattning
439 722 107 32 skulle
580 729 86 25 ännu
702 734 88 20 mera
813 722 129 32 minska
965 724 254 41 användningen
1245 723 35 30 af
1299 734 64 30 nya
1386 722 158 42 spelkort,
1568 722 61 32 och
1654 729 47 25 att
1724 724 62 30 den
1811 724 34 30 af

236 773 209 31 motionären
470 774 146 40 åsyftade
640 773 369 43 inkomsttillökningen
1036 774 50 31 för
1109 773 117 32 Staten
1249 773 128 32 således
1400 773 83 37 icke,
1509 773 79 31 eller
1612 774 197 31 åtminstone
1833 774 9 30 i

237 824 75 31 vida
336 823 132 43 ringare
493 827 73 28 mån
591 831 41 24 än
656 824 205 31 motionären
883 825 165 31 föreställt
1069 825 60 41 sig,
1153 825 190 41 derigenom
1368 823 106 32 skulle
1498 825 124 30 vinnas.
1659 823 48 33 Af
1727 836 39 20 en
1791 828 52 28 så-

237 875 102 30 lunda
363 875 151 31 minskad
537 875 218 42 förbrukning
781 876 33 30 af
834 887 64 30 nya
921 876 147 41 spelkort
1092 875 106 32 blefve
1223 874 61 32 ock
1309 886 39 19 en
1372 874 110 42 gifven
1505 875 91 41 följd,
1621 880 47 25 att
1691 876 40 30 de
1743 876 100 31 from-

238 938 53 19 ma
314 926 166 37 stiftelser,
504 938 68 19 som
598 927 34 30 af
650 926 412 43 kortstämplingsafgiften
1086 926 148 42 uppbära
1257 926 87 31 vissa
1366 925 122 42 belopp
1511 926 50 30 för
1584 926 112 41 hvarje
1720 932 123 37 stämp-

237 977 55 30 lad
316 976 141 38 kortlek,
481 977 98 42 ginge
603 977 10 30 i
637 977 158 42 mistning
819 977 34 30 af
872 980 109 39 någon
1005 982 104 27 större
1133 977 79 31 eller
1235 977 126 30 mindre
1386 976 51 32 del
1463 976 34 31 af
1516 976 108 31 denna
1636 977 154 38 inkomst,
1809 981 36 28 så

236 1028 76 30 vida
348 1027 75 32 icke
448 1028 208 37 statsverket,
682 1028 49 30 till
767 1027 204 32 betäckande
1006 1028 34 31 af
1059 1028 94 32 dessa
1176 1028 165 37 förluster,
1365 1029 33 29 åt
1421 1028 39 30 de
1484 1027 137 31 fromma
1645 1028 199 32 stiftelserna

237 1078 136 43 ansloge
393 1078 80 31 vida
497 1078 103 43 högre
623 1078 122 43 belopp
770 1085 40 25 än
834 1079 40 31 de
897 1091 44 19 nu
964 1079 176 42 utgående,
1164 1079 211 42 hvarigenom
1402 1081 69 28 åter
1494 1078 62 31 den
1569 1079 190 41 påräknade
1772 1080 73 31 vin-

237 1134 73 26 sten
334 1130 34 30 af
387 1129 372 43 kortstämpelafgiftens
782 1130 194 41 förhöjande
1001 1136 40 25 än
1065 1130 111 31 vidare
1200 1129 108 31 blefve
1331 1129 176 42 förringad.

379 1179 17 31 I
430 1180 179 42 anledning
643 1181 34 30 af
706 1181 95 31 dessa
828 1180 229 32 förhållanden
1085 1180 61 31 och
1170 1181 42 30 då
1235 1181 166 30 dessutom
1425 1180 73 31 icke
1521 1180 153 33 förnekas
1698 1181 75 35 kan,
1798 1187 47 26 att

238 1230 275 38 kortfabrikerna,
537 1243 69 19 som
631 1231 94 31 skola
748 1231 10 30 i
781 1230 141 32 förskott
945 1231 182 31 vidkännas
1152 1231 63 31 den
1238 1231 101 30 redan
1363 1230 87 43 höga
1472 1231 372 44 kortstämplingsafgif-

241 1286 64 32 ten,
340 1281 190 42 derigenom
566 1281 131 32 befinna
730 1282 51 41 sig
814 1282 10 30 i
853 1293 40 20 en
916 1281 126 43 ganska
1067 1281 108 42 tryckt
1198 1281 167 42 ställning,
1388 1281 134 31 hvilken
1547 1288 41 24 än
1612 1293 88 20 mera
1723 1294 118 31 genom

238 1332 353 42 stämplingsafgiftens
614 1332 194 42 förhöjande
834 1332 105 32 blefve
963 1333 178 37 försvårad,
1164 1332 59 31 har
1246 1331 174 32 Utskottet
1443 1337 108 26 ansett
1574 1333 50 42 sig
1648 1333 80 31 böra

639 1433 145 42 afstyrka
818 1433 91 31 bifall
947 1434 49 30 till
1029 1434 85 31 hvad
1136 1433 155 32 Friherre
1313 1433 94 32 Raab
1433 1434 25 41 (i
1482 1435 167 31 motionen
1672 1434 60 32 N:o
1757 1436 53 40 29)
1835 1436 9 30 i

639 1484 215 32 förevarande
877 1484 186 33 hänseende
1085 1485 159 42 förslagit.

383 1585 195 34 Stockholm
603 1587 62 31 den
690 1587 39 30 24
752 1586 161 32 Februari
939 1588 89 30 1869.

830 1688 50 31 På
902 1687 190 33 Utskottets
1116 1693 135 38 vägnar:

843 1788 31 33 C.
898 1789 34 32 J.
956 1792 95 30 Oscar
1073 1789 178 33 Alströmer.
