2190 2612
654 149 342 32 Jordbruksutskottets
1020 146 163 32 utlåtande
1207 145 52 31 Nr
1283 147 17 29 9
1316 145 41 31 ÅA.
1727 142 41 29 53

214 232 148 38 kronor.
423 230 68 35 För
521 232 38 32 år
591 230 94 34 1921
719 228 135 35 funnes
882 225 206 36 emellertid
1120 223 246 48 odisponerat
1394 221 134 36 endast
1556 219 173 47 anslaget
1758 218 56 34 för

213 286 79 32 året
333 283 90 35 eller
466 282 165 45 900,000
675 280 146 34 kronor.
879 278 73 35 För
981 283 55 29 att
1064 276 83 35 icke
1175 279 48 44 på
1251 273 124 48 grund
1405 273 115 35 härav
1550 276 55 30 ett
1632 269 183 50 uppskju-

212 334 111 36 tande
365 347 45 22 av
451 331 154 37 särskilt
635 330 138 48 nödiga
803 331 148 45 företag
980 327 120 37 skulle
1129 327 148 36 behöva
1305 325 78 46 ske,
1410 324 97 35 hava
1536 322 279 36 motionärerna

213 385 198 48 föreslagit
439 390 54 30 att
522 383 84 36 med
636 381 189 36 anlitande
855 395 45 21 av
930 380 220 48 uppkomna
1178 377 194 36 överskott
1393 378 19 33 å
1432 375 45 36 de
1497 374 120 36 under
1632 373 180 35 kristiden

213 436 188 48 beviljade
431 435 134 47 anslag
594 434 56 35 till
682 433 98 36 vissa
807 432 307 46 odlingsföretag
1145 444 45 21 m.
1222 442 47 22 m.
1300 433 52 30 ett
1381 427 134 46 anslag
1544 428 20 33 å
1584 426 232 46 tilläggsstat

214 488 116 35 borde
359 487 55 35 till
442 486 138 47 belopp
611 499 46 21 av
688 485 162 46 250,000
879 483 140 35 kronor
1048 481 170 46 beviljas.

344 538 16 35 I
389 537 117 36 likhet
547 536 87 35 med
677 536 277 34 motionärerna
995 545 110 23 anser
1146 531 195 44 utskottet,
1372 530 10 34 i
1411 527 246 38 betraktande
1692 539 45 22 av
1771 525 44 35 de

217 589 211 49 betydande
456 588 149 47 belopp,
635 586 123 36 vartill
788 585 259 46 ansökningar
1075 596 61 22 om
1166 582 136 46 bidrag
1331 581 84 35 från
1443 577 286 49 ifrågavarande
1759 590 58 21 anr-

214 642 86 46 slag
341 640 118 47 enligt
500 637 411 49 statsrådsprotokollet
952 636 104 34 torde
1097 634 152 35 komma
1278 637 55 30 att
1362 630 190 48 föreligga
1584 629 117 35 under
1729 630 89 33 åren

218 694 96 34 1921
345 691 69 36 och
450 692 107 44 1922,
587 690 46 34 de
663 703 44 21 av
737 688 142 48 Kungl.
910 686 106 48 Maj:t
1045 685 164 48 begärda
1239 682 304 49 anslagsmedlen
1572 681 60 35 väl
1654 680 162 47 knappa.

219 743 126 36 Ehurn
384 742 186 36 utskottet
598 740 158 37 sålunda
785 740 101 36 delar
917 738 297 36 motionärernas
1243 734 250 50 uppfattning
1522 745 60 23 om
1612 730 205 37 önskvärd-

216 796 126 46 heten,
373 800 53 30 att
454 797 118 44 något
599 792 222 49 ytterligare
851 791 133 46 anslag
1013 790 121 35 finnes
1163 788 58 36 till
1249 786 228 48 förfogande
1502 784 57 36 för
1578 783 155 48 bidrags
1753 782 63 35 be-

215 846 180 49 viljande,
416 846 119 34 finner
554 845 186 35 utskottet
760 842 94 36 dock
874 842 83 36 icke
978 841 176 47 lämpligt
1174 839 81 36 att
1245 832 18 67 i
1275 838 134 36 sådant
1429 836 101 49 syfte
1551 839 47 45 på
1618 840 73 30 sätt
1711 846 79 24 som
1807 833 12 35 i

216 898 196 35 motionen
441 896 157 36 föreslås
628 895 174 35 överföra
829 893 120 36 medel
979 893 83 35 från
1091 889 267 38 ovannämnda
1386 887 199 37 överskott
1615 887 81 34 från
1724 886 94 34 kris-

216 949 123 36 tidens
368 947 298 48 odlingsanslag.
715 945 194 37 Utskottet
937 944 113 48 hyser
1078 943 195 46 nämligen
1301 941 73 35 den
1402 939 217 48 meningen,
1640 943 54 30 att
1714 941 104 31 över-

217 999 271 37 skottsmedlen
516 999 137 47 ifråga,
682 998 101 34 vilka
810 996 224 47 visserligen
1064 1007 115 35 synas
1209 993 151 35 komma
1389 997 54 29 att
1471 993 129 45 uppgå
1628 989 57 35 till
1715 988 104 48 bety-

217 1052 123 36 dande
368 1051 148 48 belopp,
546 1050 104 46 böra,
680 1052 123 33 såsom
831 1047 143 48 Kungl.
1005 1046 108 48 Maj:t
1135 1045 56 36 till
1211 1045 78 35 viss
1310 1043 59 37 del
1389 1042 118 36 redan
1527 1041 119 36 under
1664 1039 158 48 utgifter

217 1105 59 34 för
304 1101 292 51 kapitalökning
612 1100 231 37 beträffande
858 1098 252 37 norrländska
1138 1097 70 36 och
1228 1096 188 35 allmänna
1431 1091 390 51 nyodlingsfonderna

218 1155 199 47 föreslagit
436 1154 69 36 och
520 1157 48 45 på
584 1158 76 31 sätt
671 1152 143 49 jämväl
829 1151 186 36 utskottet
1030 1151 67 34 har
1113 1150 57 34 för
1186 1147 124 37 avsikt
1326 1152 53 30 att
1398 1146 12 36 i
1430 1145 209 47 anledning
1659 1157 46 22 av
1722 1143 97 36 före-

217 1207 167 36 varande
409 1206 142 35 motion
576 1205 121 36 under
721 1201 421 52 kapitalökningstiteln
1162 1205 49 31 än
1230 1199 223 49 ytterligare
1473 1197 149 45 föreslå,
1643 1195 177 36 fonderas

218 1259 59 35 för
303 1263 55 31 att
386 1258 11 35 i
426 1257 95 36 form
551 1271 47 21 av
623 1257 62 35 lån
713 1256 151 35 komma
883 1252 445 50 odlingsverksamheten
1357 1250 55 35 till
1440 1248 112 49 godo.
1609 1246 212 36 Motionens

218 1310 100 48 syfte
345 1322 116 35 synes
489 1308 186 36 utskottet
703 1306 207 37 emellertid
938 1306 129 35 kunna
1096 1307 66 32 nås
1183 1303 221 48 därigenom
1430 1306 55 30 att
1506 1298 315 48 årsanvisningen

220 1361 58 36 för
310 1364 41 32 år
386 1362 95 34 1921
512 1360 108 48 höjes
648 1359 85 35 med
762 1359 163 44 250,000
955 1357 139 35 kronor
1122 1356 89 35 eller
1238 1354 58 35 till
1327 1352 201 47 1,250,000
1557 1351 150 35 kronor.
1766 1348 57 36 En

219 1413 117 36 sådan
372 1411 134 49 åtgärd
544 1411 107 36 torde
688 1413 40 33 så
756 1409 150 49 mycket
935 1408 148 35 mindre
1111 1407 91 36 böra
1231 1410 102 31 möta
1362 1406 119 45 några
1509 1401 313 48 betänkligheter,

219 1478 82 22 som
330 1464 72 36 den
430 1477 46 22 av
506 1461 416 50 departementschefen
951 1462 125 34 såsom
1104 1458 84 36 stöd
1218 1457 58 35 för
1304 1456 72 36 den
1405 1469 45 22 av
1478 1455 140 35 honom
1643 1452 180 37 anvisade

218 1521 126 44 vägen
384 1516 55 35 uti
480 1513 289 50 ifrågavarande
807 1511 186 37 avseende
1033 1509 209 49 åberopade
1283 1508 184 36 kontanta
1504 1504 272 49 behållningen
1805 1506 20 33 å

220 1567 290 49 ifrågavarande
540 1567 146 47 anslag,
717 1565 34 36 d.
781 1579 33 21 v.
845 1578 28 22 s.
904 1564 10 35 i
945 1563 275 36 statskontoret
1248 1564 102 31 ännu
1377 1558 246 37 innestående
1652 1556 122 37 medel
1803 1558 20 33 å

220 1620 186 48 anslaget,
444 1619 122 47 enligt
608 1617 72 37 vad
707 1616 185 37 utskottet
920 1615 84 36 från
1034 1614 273 36 statskontoret
1335 1611 187 35 inhämtat
1550 1610 151 48 uppgår
1729 1608 55 35 till
1814 1608 11 34 i

220 1678 89 29 runt
337 1672 52 34 tal
421 1671 202 46 1,800,000
651 1670 148 35 kronor.

351 1722 16 36 I
396 1722 102 36 detta
526 1721 279 47 sammanhang
832 1719 65 36 vill
926 1718 187 36 utskottet
1142 1716 209 46 framhålla,
1381 1720 55 30 att
1456 1714 126 35 därest
1603 1718 53 30 ett
1677 1712 149 47 företag

220 1775 120 35 under
366 1779 54 31 ett
448 1777 40 32 år
516 1772 238 37 uteslutande
782 1773 48 47 på
858 1770 125 49 grund
1014 1783 45 22 av
1088 1769 128 48 knapp
1244 1767 165 48 tillgång
1429 1768 20 34 å
1468 1765 192 36 allmänna
1694 1763 131 37 avdik-

221 1826 290 49 ningsanslaget
539 1826 171 35 kommer
736 1824 13 35 i
777 1822 223 49 åtnjutande
1030 1835 45 22 av
1104 1821 159 35 allenast
1291 1818 229 47 odlingslån,
1549 1815 85 37 med
1662 1815 164 48 tillhjälp

220 1891 117 23 varav
379 1877 301 49 odlingsarbetet
721 1874 235 37 omedelbart
997 1872 189 49 påbörjas,
1216 1871 105 36 detta
1353 1869 82 36 icke
1463 1869 70 36 bör
1561 1867 181 47 medföra,
1773 1872 53 30 att

222 1930 59 35 för
309 1935 54 31 ett
390 1929 134 37 sådant
552 1929 149 47 företag
728 1926 251 50 möjligheten
1009 1931 53 30 att
1081 1924 121 36 under
1220 1921 229 38 kommande
1470 1923 40 34 år
1530 1919 141 37 erhålla
1690 1918 138 48 bidrag

221 1981 85 36 från
334 1980 293 48 ifrågavarande
656 1979 133 48 anslag
818 1978 190 36 försvåras
1036 1979 49 46 på
1112 1975 126 49 grund
1267 1988 45 22 av
1338 1972 291 37 bestämmelsen
1650 1983 59 23 om
1731 1970 96 36 före-

221 2033 206 36 trädesrätt
455 2033 56 36 till
540 2033 136 47 anslag
704 2031 58 36 för
790 2030 82 36 icke
901 2029 112 36 odlad
1037 2028 100 49 jord.

352 2084 128 37 Under
510 2083 239 49 åberopande
778 2095 46 22 av
853 2082 63 36 det
944 2080 159 36 anförda
1133 2078 212 37 hemställer
1372 2075 197 47 utskottet,

754 2185 33 48 a)
819 2191 54 30 att
906 2184 206 52 riksdagen
1147 2185 59 33 må
1235 2181 56 36 till
1319 2178 321 49 understödjande
1668 2176 160 37 medelst

624 2238 232 47 statsbidrag
884 2243 91 30 utan
1005 2231 521 50 återbetalningsskyldighet
1553 2244 47 22 av
1619 2228 210 50 myrutdik-
