1904 2784
290 152 20 29 6
490 146 111 27 Första
622 146 196 28 kammarens
840 147 134 26 andra
996 147 154 35 tillfälliga
1172 146 129 28 utskotts
1323 146 157 27 utlåtande
1502 154 37 18 nr
1560 146 23 26 S.

294 252 168 29 melserna
487 261 56 20 om
569 251 172 39 praktiskt
766 254 91 36 taget
882 253 44 29 all
950 251 312 39 personsamtrafik
1287 252 66 29 och
1379 250 66 31 viss
1472 250 269 39 godssamtrafik
1767 251 11 30 i

292 295 77 31 vårt
392 296 81 29 land
498 299 90 27 samt
613 305 58 21 om
695 296 270 39 godssamtrafik
989 297 80 29 med
1094 297 65 30 och
1185 296 10 29 i
1220 296 165 35 utlandet,
1412 295 94 31 inom
1532 295 115 30 vilken
1672 295 103 38 regel-

292 340 144 39 mässigt
458 340 177 39 tillämpas
659 350 24 21 s.
695 318 46 53 +.
768 340 303 39 snitt-tariffering,
1098 341 30 29 d.
1155 351 28 20 v.
1210 350 24 21 s.
1261 340 319 39 avgiftsberäkning
1604 339 56 31 för
1683 340 94 37 varje

293 384 148 31 särskild
457 384 220 40 förvaltning.
697 386 53 29 En
767 385 108 31 sådan
892 385 293 39 snitt-tariffering
1203 385 105 39 ligger
1327 384 137 31 särskilt
1481 386 86 29 nära
1586 384 50 30 till
1654 384 122 35 hands,

292 439 58 20 om
354 425 18 48 i
396 439 41 20 en
454 430 313 38 transportsträcka
785 430 80 39 ingå
883 430 221 30 trafikmedel
1122 440 42 20 av
1183 430 111 30 skilda
1313 431 82 37 slag,
1415 429 163 31 eftersom
1596 429 180 30 kostnads-

292 473 264 31 förhållandena
574 474 11 29 i
603 474 123 31 sådant
743 474 62 30 fall
822 474 98 30 alltid
937 474 147 39 uppvisa
1103 478 91 27 stora
1213 474 188 39 växlingar.

332 518 50 30 Av
403 519 65 30 vad
489 528 47 21 nu
558 518 133 31 anförts
712 519 96 30 torde
829 519 122 39 tydligt
973 518 147 40 framgå,
1143 522 47 27 att
1212 518 124 39 frågan
1359 528 58 21 om
1439 517 257 40 genomgående
1718 527 54 21 av-

288 562 274 40 giftsberäkning
584 564 38 29 är
644 563 65 30 den
730 563 79 31 vida
831 564 107 30 större
960 573 42 21 av
1025 563 226 31 förevarande
1273 562 92 31 båda
1387 562 178 40 spörsmål.
1591 563 65 30 Det
1678 562 96 31 torde

288 607 105 31 också
415 617 82 21 vara
519 608 204 38 uppenbart,
747 612 49 27 att
818 608 105 38 sagda
945 607 99 40 fråga
1067 608 70 30 kan
1161 617 98 21 anses
1282 608 118 38 intaga
1422 617 42 20 en
1487 607 136 31 relativt
1645 607 129 31 central

291 652 161 39 ställning
474 653 95 30 inom
594 654 82 29 1944
700 652 55 31 års
777 653 311 39 trafikutrednings
1111 653 210 30 vidsträckta
1345 651 429 39 undersökningsområde,

288 697 127 31 medan
443 697 65 30 den
538 697 238 31 taxetekniska
805 697 327 39 samtrafiksfrågan
1161 697 11 30 i
1200 697 156 30 nämnda
1385 696 195 31 hänseende
1610 695 164 31 framstår

287 740 115 32 såsom
422 741 120 31 endast
563 742 190 38 periferisk.

332 786 52 30 Då
412 786 122 38 Kungl.
564 785 101 39 Maj:t
692 786 115 36 likväl,
838 796 74 20 som
938 786 132 39 jämväl
1096 786 12 30 i
1135 786 176 30 motionen
1338 786 185 35 meddelas,
1553 785 116 31 funnit
1697 785 75 30 skäl

287 830 51 30 till
370 830 337 39 trafikutredningen
737 830 188 39 hänskjuta
957 831 217 30 sistnämnda
1205 829 109 40 fråga,
1346 829 39 31 så
1417 839 100 30 synes
1549 830 58 31 det
1637 829 57 31 vid
1726 833 46 27 ett

285 876 182 30 eventuell!
495 876 113 30 beslut
634 885 57 21 om
718 876 183 38 utredning
928 875 222 31 beträffande
1176 875 362 39 avgiftsberäkningen
1565 874 206 39 näppeligen

285 921 123 31 kunna
430 920 142 30 komma
597 919 113 39 ifråga
735 923 49 27 att
806 920 70 31 Jåta
901 923 46 27 ett
971 919 125 31 sådant
1120 920 157 39 uppdrag
1305 919 42 39 gå
1372 918 34 32 åt
1432 923 106 27 annat
1563 918 81 31 håll.
1670 919 99 30 Järn-

285 965 247 38 vägsstyrelsen
570 964 65 30 har
672 965 54 29 för
752 964 52 31 sin
832 965 53 30 del
911 964 188 39 självfallet
1124 964 84 30 intet
1232 968 52 26 att
1309 964 113 30 erinra
1448 967 73 27 mot
1547 967 50 27 att
1623 963 147 31 särskild

284 1009 313 39 uppmärksamhet
621 1010 105 37 ägnas
753 1008 35 31 åt
810 1008 92 31 båda
927 1010 63 29 här
1015 1009 156 30 nämnda
1196 1007 118 40 frågor
1340 1008 57 31 vid
1423 1009 67 29 den
1515 1009 178 30 allmänna
1717 1011 51 27 ut-

286 1054 144 39 redning
450 1053 221 30 beträffande
690 1053 220 31 biltrafikens
928 1054 181 30 kostnads-
1132 1054 65 30 och
1218 1052 334 36 taxeförhållanden,
1576 1062 79 21 vars
1675 1053 96 30 verk-

286 1099 168 30 ställande
475 1099 96 29 torde
591 1098 92 31 bliva
704 1108 41 20 en
766 1108 42 21 av
829 1098 354 39 trafikutredningens
1205 1098 167 38 viktigare
1392 1098 185 38 uppgifter.

329 1142 53 31 Då
403 1142 54 31 vid
480 1142 256 39 behandlingen
757 1152 42 21 av
821 1143 106 38 sagda
948 1141 119 40 frågor
1088 1142 139 39 givetvis
1251 1141 109 31 måste
1381 1142 143 30 beaktas
1547 1142 45 30 all
1615 1151 42 22 av
1678 1142 91 38 järn-

283 1187 295 39 vägsförvaltning
600 1187 163 30 bedriven
785 1187 166 35 biltrafik,
977 1186 115 31 finnes
1116 1187 103 38 enligt
1242 1187 183 38 styrelsens
1449 1186 140 38 mening
1612 1186 75 30 icke
1710 1195 59 22 an-

282 1231 140 39 ledning
457 1241 47 21 nu
540 1232 169 37 överväga
733 1230 108 39 några
868 1231 170 30 särskilda
1063 1230 158 39 åtgärder
1246 1231 11 30 i
1283 1231 486 38 taxeberäkningshänseende

282 1277 219 30 beträffande
520 1277 68 29 den
607 1276 134 38 statliga
760 1275 201 31 biltrafiken
979 1276 11 29 i
1009 1275 186 36 Bohuslän,
1216 1276 92 29 detta
1326 1275 39 30 så
1383 1276 138 38 mycket
1539 1275 137 30 mindre
1694 1284 74 21 som

283 1331 41 21 av
344 1322 112 30 derna
473 1321 108 30 trafik
598 1321 147 30 berörda
763 1321 129 38 bygder
911 1320 107 30 redan
1037 1320 118 38 intaga
1173 1329 42 21 en
1234 1320 171 38 ställning,
1426 1319 116 31 vilken
1562 1320 207 30 framträder

283 1375 76 21 som
383 1365 133 31 relalivt
543 1373 171 31 gynnsam
739 1365 57 30 vid
821 1365 198 38 jämförelse
1045 1365 81 29 med
1152 1363 264 31 förhållandena
1442 1363 44 40 på
1512 1373 42 21 en
1581 1365 54 29 del
1660 1364 109 30 andra

284 1411 82 30 håll.
402 1411 172 38 Styrelsen
597 1410 110 39 syftar
728 1410 64 30 här
814 1411 155 29 närmast
991 1409 46 39 på
1059 1409 90 31 vissa
1172 1409 130 39 bygder
1324 1409 11 29 i
1357 1409 73 30 inre
1454 1409 182 36 Norrland,
1661 1409 109 30 vilkas

281 1455 204 39 befolkning
514 1456 79 29 med
623 1454 180 39 väsentligt
831 1455 106 29 större
967 1454 76 30 skäl
1072 1454 110 30 skulle
1209 1454 120 30 kunna
1359 1454 82 37 göra
1470 1452 153 40 anspråk
1652 1452 44 40 på
1726 1462 42 21 en

281 1500 109 31 sådan
412 1500 301 38 subventionering
735 1509 41 20 av
799 1499 160 35 trafiken,
982 1508 75 21 som
1079 1498 255 30 motionärerna
1357 1497 182 39 ifrågasatt
1559 1498 55 30 för
1637 1498 129 30 Bohus-

280 1546 75 30 läns
377 1546 62 30 del.

328 1594 139 31 Erinras
488 1594 57 31 må
567 1593 105 31 också
692 1594 131 36 därom,
846 1597 48 27 att
915 1603 57 20 om
994 1592 159 39 åtgärder
1174 1592 110 30 skulle
1306 1592 156 38 vidtagas
1484 1591 51 30 till
1556 1591 211 38 förbilligan-

282 1639 41 30 de
344 1649 43 20 av
406 1642 258 36 transporterna
684 1638 120 30 enbart
823 1638 10 30 i
855 1638 65 30 den
939 1638 80 30 med
1039 1637 144 39 järnväg
1204 1636 270 31 samförvaltade
1493 1636 211 35 biltrafiken,
1727 1635 40 30 de

279 1683 81 31 från
385 1683 144 39 järnväg
556 1683 165 38 avlägsna
746 1686 99 32 orter,
872 1682 92 31 vilka
989 1682 159 38 betjänas
1173 1691 41 21 av
1240 1681 145 39 privata,
1412 1680 75 31 icke
1513 1680 254 39 järnvägsägda

278 1728 160 39 billinjer,
474 1728 145 30 därmed
652 1728 110 30 skulle
795 1728 143 29 komma
960 1727 10 30 i
994 1736 42 20 en
1059 1726 135 30 relativt
1216 1729 64 27 sett
1303 1726 94 29 ännu
1421 1735 95 20 mera
1540 1724 226 39 missgynnad

278 1773 162 39 ställning
459 1773 44 30 än
523 1773 54 30 för
597 1772 225 31 närvarande.

325 1823 116 30 Under
462 1821 208 39 hänvisning
692 1821 50 30 till
764 1822 65 29 vad
853 1831 47 20 nu
923 1820 134 31 anförts
1080 1820 65 30 och
1167 1820 79 30 med
1268 1818 138 31 särskilt
1428 1816 266 35 framhållande,
1718 1818 49 28 att

279 1868 154 30 bärande
457 1867 75 30 skäl
555 1866 77 31 icke
657 1875 101 30 synas
783 1865 167 39 föreligga
975 1868 50 27 att
1049 1874 41 21 ur
1115 1863 238 31 ovanberörda
1379 1863 108 30 större
1512 1861 253 50 sammanhang

279 1913 139 38 utbryta
443 1910 133 40 frågan,
602 1910 92 31 vilka
718 1910 145 39 avgifter
886 1911 85 29 böra
996 1910 91 38 gälla
1111 1909 54 30 för
1189 1908 66 30 den
1279 1907 137 38 statliga
1438 1905 203 32 biltrafiken
1666 1905 10 30 i
1701 1904 63 31 Bo-

277 1957 135 36 huslän,
435 1955 53 31 får
509 1932 332 62 FEN
861 1954 162 39 avstyrka
1044 1953 235 39 föreliggande
1300 1952 141 30 motion.

325 2018 256 39 Länsstyrelsen
599 2019 10 29 i
628 2018 183 38 Göteborgs
829 2018 64 29 och
910 2017 117 30 Bohus
1046 2017 57 29 län
1121 2025 107 26 anser,
1247 2018 48 27 att
1313 2014 122 39 frågan
1453 2023 56 20 om
1528 2012 238 31 anordnandet

278 2084 42 21 av
339 2073 181 31 samtrafik
539 2073 127 30 mellan
684 2071 143 39 järnväg
844 2072 64 29 och
926 2071 81 30 buss
1026 2071 37 29 är
1081 2073 44 27 ett
1144 2068 178 40 spörsmål,
1342 2078 73 20 som
1433 2068 100 29 berör
1553 2067 87 30 även
1658 2065 107 31 andra

278 2128 96 32 delar
393 2137 41 21 av
453 2126 74 32 vårt
545 2127 83 30 land
649 2127 43 29 än
711 2126 176 30 Bohuslän
907 2125 64 30 och
992 2127 48 28 att
1061 2133 42 21 en
1121 2123 134 38 lösning
1276 2131 41 21 av
1337 2121 123 39 frågan
1479 2121 86 30 blott
1585 2120 54 31 för
1660 2119 105 39 sagda

278 2182 169 39 landskap
470 2181 97 30 torde
589 2190 83 21 vara
694 2179 76 31 svår
793 2183 47 27 att
863 2178 212 40 genomföra.
1098 2176 135 39 Frågan
1256 2176 190 30 behandlas
1471 2175 54 31 för
1549 2173 216 31 närvarande

276 2246 43 21 av
340 2237 82 29 19414
440 2235 54 32 års
511 2233 301 39 trafikutredning,
832 2233 64 30 och
915 2232 243 39 länsstyrelsen
1175 2230 226 38 ifrågasätter,
1421 2239 56 20 om
1497 2229 75 30 icke
1591 2228 173 30 resultatet

276 2300 43 21 av
342 2290 105 39 sagda
469 2288 183 39 utredning
674 2289 61 29 bör
758 2288 174 29 avvaktas.
957 2286 67 30 För
1048 2284 195 40 främjande
1268 2293 41 21 av
1333 2284 106 30 saken
1462 2283 116 30 kunde
1601 2281 163 39 möjligen

278 2344 132 35 tänkas,
435 2346 48 28 att
506 2342 228 38 utredningen
758 2341 169 30 framlade
953 2342 45 29 ett
1023 2339 131 39 förslag
1178 2341 83 28 utan
1288 2341 48 27 att
1362 2337 146 31 avvakta
1535 2334 229 32 slutförandet

275 2408 43 21 av
340 2397 157 39 samtliga
514 2396 79 32 sina
615 2395 147 31 arbeten.
796 2394 4 30 I
821 2394 64 30 vad
907 2392 81 32 mån
1009 2392 178 39 möjlighet
1209 2391 181 40 föreligger
1411 2391 50 30 till
1481 2393 48 28 ett
1551 2388 122 32 sådant
1694 2387 67 63 JON

277 2452 143 31 farande
444 2451 242 37 undandrager
711 2449 49 38 sig
785 2448 87 30 dock
898 2447 277 38 länsstyrelsens
1182 2445 225 31 bedömande.
