1866 2796
494 176 389 30 Jordbruksutskottets
905 177 181 30 utlåtande
1108 186 43 20 nr
1173 177 50 29 15.
1597 177 15 30 1

789 469 60 41 Nr
877 469 59 41 13.

332 587 184 30 Utlåtande
541 588 11 29 i
573 587 189 40 anledning
784 597 43 20 av
852 588 122 30 väckta
999 588 173 29 motioner
1195 588 178 39 angående
1398 588 68 29 viss
1493 588 122 29 ersätt-

551 638 85 39 ning
655 647 42 21 av
717 638 204 30 statsmedel
939 638 36 30 åt
995 637 159 40 delägare
1175 640 11 29 i
1207 638 209 39 >Svartbyns
1437 638 178 39 diknings-

550 688 135 40 företag
706 697 43 21 av
769 688 40 30 år
831 689 104 29 1941>
959 690 11 28 i
991 688 181 30 Överluleå
1193 688 139 30 socken.

1375 739 75 34 (2:a
1470 739 95 34 avd.)

154 840 13 29 I
186 840 56 30 två
258 840 96 29 inom
371 840 187 39 riksdagen
575 840 135 34 väckta,
728 840 53 29 till
798 839 365 40 jordbruksutskottet
1182 839 190 31 hänvisade
1391 839 223 40 likalydande

110 891 181 33 motioner,
312 890 176 39 nämligen
508 890 30 29 I:
556 890 62 29 128
637 900 43 20 av
698 890 81 29 herr
798 890 158 29 Näslund
976 890 65 30 och
1061 890 46 30 II:
1132 889 60 31 146
1212 899 42 21 av
1273 890 80 29 herr
1372 890 157 39 Löfroth,
1551 890 64 29 har

112 940 133 30 berörts
268 940 126 39 frågan
416 949 57 21 om
497 941 195 38 ersättning
716 940 53 29 till
794 940 94 29 vissa
912 940 208 39 markägare
1143 940 11 29 i
1177 939 183 31 Överluleå
1385 940 128 30 socken
1536 940 79 29 med

112 991 188 39 anledning
325 1000 42 21 av
390 991 127 29 förbud
541 993 73 27 mot
638 991 239 38 torrläggning
902 1000 42 20 av
967 991 102 29 deras
1094 991 101 29 mark
1219 991 65 29 och
1310 990 207 35 hemställts,
1545 992 71 28 »att

111 1041 187 39 riksdagen
321 1041 153 30 beslutar
498 1043 51 28 att
572 1042 64 29 hos
659 1041 126 39 Kungl.
812 1041 104 39 Maj:t
939 1041 186 30 hemställa
1150 1043 49 28 att
1224 1041 126 39 Kungl.
1377 1041 104 39 Maj:t
1507 1041 108 30 måtte

112 1092 68 31 låta
202 1092 189 30 verkställa
411 1092 206 39 erforderlig
638 1092 188 38 utredning
846 1101 57 21 om
926 1092 41 29 de
988 1091 350 41 ersättningsbelopp,
1361 1101 73 21 som
1455 1092 11 29 i
1488 1091 128 39 ifråga-

111 1143 151 29 varande
285 1142 63 30 fall
371 1142 156 39 skäligen
550 1142 83 31 böra
656 1143 83 38 utgå
763 1142 52 30 till
840 1143 245 38 markägarna,
1110 1142 242 30 innefattande
1376 1142 93 30 såväl
1493 1143 123 29 ersätt-

113 1194 83 38 ning
222 1193 56 29 för
304 1193 96 30 lidna
426 1193 129 30 skador
582 1202 74 21 som
682 1193 55 29 för
764 1193 221 39 utrednings-
1011 1193 64 29 och
1102 1193 340 40 processkostnader,
1470 1193 65 29 och
1565 1194 50 28 att

110 1243 125 40 Kungl.
259 1243 106 39 Maj:t
387 1244 107 29 måtte
518 1243 55 30 för
598 1243 187 40 riksdagen
810 1245 137 28 snarast
972 1243 195 40 framlägga
1190 1244 56 29 det
1270 1243 130 40 förslag
1423 1243 116 30 vartill
1562 1244 54 28 ut-

110 1295 192 38 redningen
324 1294 70 30 kan
417 1294 76 39 giva
516 1294 221 40 anledning>.

158 1346 226 29 Beträffande
411 1346 41 29 de
481 1346 76 29 skäl
585 1354 74 21 som
685 1345 137 30 anförts
849 1346 52 29 till
929 1346 76 29 stöd
1033 1345 55 30 för
1115 1345 220 31 motionerna
1361 1345 54 30 får
1442 1344 172 30 utskotiet

109 1396 147 30 hänvisa
276 1396 54 29 till
350 1396 110 29 dessa.

154 1472 175 29 Utskottet
349 1471 64 29 har
433 1471 11 30 i
464 1470 216 40 vederbörlig
700 1470 150 40 ordning
870 1471 175 30 inhämtat
1066 1470 206 30 utlåtanden
1294 1471 79 30 över
1394 1470 221 29 motionerna

109 1522 80 30 från
227 1521 369 39 lantbruksstyrelsen,
635 1521 290 34 försvarsstaben,
955 1521 251 30 statskontoret
1235 1522 65 29 och
1326 1520 250 39 länsstyrelsen
1603 1519 12 29 i

110 1572 228 30 Norrbottens
357 1572 68 29 län.

153 1621 373 40 Lantbruksstyrelsen
551 1622 64 29 har
640 1622 131 29 erinrat
796 1631 57 20 om
877 1622 147 39 tidigare
1049 1621 374 40 riksdagsbehandling
1449 1630 42 22 av
1515 1621 101 39 fråga

111 1683 56 20 om
193 1673 195 39 ersättning
414 1682 42 21 av
483 1673 201 29 statsmedel
710 1672 35 30 åt
771 1672 184 39 jordägare
984 1681 76 21 som
1087 1672 160 30 hindrats
1275 1672 80 30 från
1381 1674 50 28 att
1458 1671 158 39 företaga

111 1723 239 39 torrläggning
372 1732 42 21 av
435 1723 54 29 sin
510 1723 102 29 mark
632 1723 45 39 på
698 1723 114 39 grund
834 1732 42 21 av
897 1725 49 29 att
968 1723 170 38 företaget
1161 1722 112 30 skulle
1296 1723 125 29 orsaka
1443 1722 141 40 intrång
1605 1722 12 28 i

110 1774 104 39 något
238 1774 146 29 allmänt
406 1774 158 29 intresse.
588 1773 64 30 Det
675 1774 64 28 har
763 1775 98 37 synts
884 1772 266 35 ämbetsverket,
1175 1775 49 27 att
1248 1773 186 38 riksdagen
1458 1773 123 29 därvid
1604 1771 12 28 i

111 1824 135 39 princip
268 1824 87 39 tagit
377 1824 166 38 ställning
564 1824 52 29 till
638 1824 125 38 frågan
785 1833 57 20 om
864 1824 194 38 ersättning
1079 1823 46 39 på
1147 1824 112 38 grund
1282 1831 41 22 av
1345 1822 272 40 torrläggnings-

111 1874 136 30 förbud.
269 1874 137 39 Frågan
427 1883 57 20 om
505 1873 195 39 ersättning
721 1874 56 28 för
799 1873 398 38 utredningskostnader
1220 1873 65 29 har
1308 1872 309 39 lantbruksstyrel-

113 1934 60 20 sen
198 1926 115 28 ansett
337 1933 83 21 vara
444 1924 68 29 löst
537 1931 123 31 genom
685 1923 263 29 bestämmelser
972 1923 11 29 i
1008 1923 235 39 kungörelsen
1268 1924 67 28 den
1361 1923 40 30 30
1425 1923 80 38 juni
1533 1923 83 29 1939

117 1975 58 33 (nr
197 1974 80 34 431)
306 1974 177 39 angående
506 1974 171 29 villkoren
700 1973 55 29 för
779 1973 211 39 statsbidrag
1013 1972 81 30 från
1118 1975 131 28 statens
1273 1972 343 39 avdikningsanslag,

112 2026 133 29 ändrad
266 2033 123 31 genom
409 2024 209 39 kungörelse
637 2024 67 29 den
724 2024 39 29 25
783 2023 70 39 maj
878 2022 81 31 1945
986 2022 58 34 (nr
1064 2022 95 34 347).
1180 2023 49 30 På
1248 2023 101 30 dessa
1369 2023 75 29 skäl
1464 2023 65 29 har
1550 2025 68 37 sty-

112 2076 113 29 relsen
242 2077 114 28 ansett
373 2075 187 38 utredning
577 2074 10 29 i
605 2075 40 29 de
663 2074 223 29 hänseenden
904 2074 219 30 motionerna
1142 2083 78 20 avse
1238 2083 83 21 vara
1339 2074 125 39 onödig
1482 2074 65 29 och
1566 2074 52 29 så-

112 2127 108 29 Junda
242 2126 189 38 föreslagit,
454 2127 50 28 att
527 2125 219 29 motionerna
769 2124 76 29 icke
868 2124 106 29 måtte
998 2123 182 30 föranleda
1203 2124 113 38 någon
1340 2123 205 38 riksdagens
1568 2124 50 29 åt-

113 2177 94 38 gärd.

157 2225 290 30 Försvarsstaben
470 2226 65 28 har
558 2226 113 28 ansett
694 2224 131 37 rimligt
848 2224 61 29 och
936 2224 178 33 önskvärt,
1139 2225 49 28 att
1212 2224 236 30 kostnaderna
1471 2223 56 30 för
1551 2224 66 29 den

112 2276 216 39 planerings-
355 2275 63 29 och
447 2273 442 39 utredningsverksamhet,
920 2283 73 19 som
1023 2273 185 29 föranletts
1238 2283 41 20 av
1308 2273 227 38 medgivande
1564 2273 53 28 till

113 2326 168 38 företaget
303 2325 79 30 från
403 2324 298 30 försvarsstabens
723 2323 74 30 sida
819 2323 106 37 enligt
947 2322 167 30 skrivelse
1136 2323 66 28 den
1226 2323 39 29 12
1287 2324 137 37 augusti
1447 2322 94 35 1946,
1563 2323 56 28 be-

114 2377 127 29 stridas
268 2385 41 20 av
335 2376 146 28 kronan.
508 2375 121 37 Någon
655 2373 196 38 ersättning
877 2373 54 29 för
957 2373 253 37 markägarnas
1237 2372 118 39 övriga
1382 2372 118 40 utlägg
1528 2374 89 28 samt

117 2426 269 39 kompensation
411 2425 55 30 för
492 2423 222 31 ekonomiskt
741 2423 150 30 avbräck
918 2423 44 38 på
990 2423 112 37 grund
1129 2432 41 20 av
1196 2422 423 39 torrläggningsförbudet

114 2477 63 29 har
203 2476 278 30 försvarsstaben
508 2476 113 29 ansetll
647 2474 75 30 icke
749 2474 122 29 kunna
897 2473 232 29 tillerkännas
1155 2473 232 38 markägarna
1415 2472 107 40 enligt
1550 2473 70 39 gäl-

144 2543 8 25 1
202 2544 110 29 Bihang
325 2543 46 23 till
383 2542 169 31 rilksdagens
563 2541 147 31 protokoll
723 2541 76 24 1949.
821 2540 31 24 10
864 2540 82 24 saml.
967 2540 40 23 Nr
1035 2542 112 23 15—16.
