<?xml version="1.0" encoding="UTF-8"?>
<alto xmlns="http://www.loc.gov/standards/alto/ns-v3#" xmlns:xlink="http://www.w3.org/1999/xlink" xmlns:xsi="http://www.w3.org/2001/XMLSchema-instance" xsi:schemaLocation="http://www.loc.gov/standards/alto/ns-v3# http://www.loc.gov/alto/v3/alto-3-0.xsd">
	<Description>
		<MeasurementUnit>pixel</MeasurementUnit>
		<sourceImageInformation>
			<fileName>/tmp/tess_ylwels65_input.PNG</fileName>
		</sourceImageInformation>
		<OCRProcessing ID="OCR_0">
			<ocrProcessingStep>
				<processingSoftware>
					<softwareName>tesseract 5.3.0</softwareName>
				</processingSoftware>
			</ocrProcessingStep>
		</OCRProcessing>
	</Description>
	<Layout>
		<Page WIDTH="1880" HEIGHT="2850" PHYSICAL_IMG_NR="0" ID="page_0">
			<PrintSpace HPOS="0" VPOS="0" WIDTH="1880" HEIGHT="2850">
				<ComposedBlock ID="cblock_0" HPOS="553" VPOS="196" WIDTH="1054" HEIGHT="30">
					<TextBlock ID="block_0" HPOS="553" VPOS="196" WIDTH="1054" HEIGHT="30">
						<TextLine ID="line_0" HPOS="553" VPOS="196" WIDTH="1054" HEIGHT="30">
							<String ID="string_0" HPOS="553" VPOS="196" WIDTH="231" HEIGHT="29" WC="0.89" CONTENT="Statsutskottets"/><SP WIDTH="22" VPOS="196" HPOS="784"/>
							<String ID="string_1" HPOS="806" VPOS="198" WIDTH="147" HEIGHT="27" WC="0.96" CONTENT="utlåtande"/><SP WIDTH="22" VPOS="198" HPOS="953"/>
							<String ID="string_2" HPOS="975" VPOS="198" WIDTH="48" HEIGHT="27" WC="0.96" CONTENT="Nr"/><SP WIDTH="24" VPOS="198" HPOS="1023"/>
							<String ID="string_3" HPOS="1047" VPOS="196" WIDTH="70" HEIGHT="29" WC="0.83" CONTENT="155."/><SP WIDTH="471" VPOS="196" HPOS="1117"/>
							<String ID="string_4" HPOS="1588" VPOS="196" WIDTH="19" HEIGHT="30" WC="0.91" CONTENT="3"/>
						</TextLine>
					</TextBlock>
				</ComposedBlock>
				<ComposedBlock ID="cblock_1" HPOS="104" VPOS="267" WIDTH="1503" HEIGHT="249">
					<TextBlock ID="block_1" HPOS="104" VPOS="267" WIDTH="1503" HEIGHT="144">
						<TextLine ID="line_1" HPOS="104" VPOS="267" WIDTH="1503" HEIGHT="46">
							<String ID="string_5" HPOS="104" VPOS="267" WIDTH="290" HEIGHT="34" WC="0.96" CONTENT="kontrahenterna"/><SP WIDTH="34" VPOS="267" HPOS="394"/>
							<String ID="string_6" HPOS="428" VPOS="271" WIDTH="207" HEIGHT="31" WC="0.96" CONTENT="underkasta"/><SP WIDTH="34" VPOS="271" HPOS="635"/>
							<String ID="string_7" HPOS="669" VPOS="272" WIDTH="52" HEIGHT="41" WC="0.96" CONTENT="sig"/><SP WIDTH="33" VPOS="272" HPOS="721"/>
							<String ID="string_8" HPOS="754" VPOS="272" WIDTH="65" HEIGHT="31" WC="0.96" CONTENT="den"/><SP WIDTH="34" VPOS="272" HPOS="819"/>
							<String ID="string_9" HPOS="853" VPOS="272" WIDTH="145" HEIGHT="41" WC="0.96" CONTENT="ändring"/><SP WIDTH="33" VPOS="272" HPOS="998"/>
							<String ID="string_10" HPOS="1031" VPOS="272" WIDTH="9" HEIGHT="30" WC="0.95" CONTENT="i"/><SP WIDTH="34" VPOS="272" HPOS="1040"/>
							<String ID="string_11" HPOS="1074" VPOS="272" WIDTH="66" HEIGHT="31" WC="0.95" CONTENT="den"/><SP WIDTH="25" VPOS="272" HPOS="1140"/>
							<String ID="string_12" HPOS="1165" VPOS="283" WIDTH="45" HEIGHT="20" WC="0.96" CONTENT="nu"/><SP WIDTH="24" VPOS="283" HPOS="1210"/>
							<String ID="string_13" HPOS="1234" VPOS="272" WIDTH="51" HEIGHT="31" WC="0.92" CONTENT="till"/><SP WIDTH="31" VPOS="272" HPOS="1285"/>
							<String ID="string_14" HPOS="1316" VPOS="272" WIDTH="135" HEIGHT="38" WC="0.90" CONTENT="570,730"/><SP WIDTH="29" VPOS="272" HPOS="1451"/>
							<String ID="string_15" HPOS="1480" VPOS="273" WIDTH="127" HEIGHT="30" WC="0.96" CONTENT="kronor"/>
						</TextLine>
						<TextLine ID="line_2" HPOS="105" VPOS="320" WIDTH="1499" HEIGHT="44">
							<String ID="string_16" HPOS="105" VPOS="320" WIDTH="146" HEIGHT="31" WC="0.93" CONTENT="fixerade"/><SP WIDTH="31" VPOS="320" HPOS="251"/>
							<String ID="string_17" HPOS="282" VPOS="321" WIDTH="242" HEIGHT="40" WC="0.89" CONTENT="mellangiften,"/><SP WIDTH="33" VPOS="321" HPOS="524"/>
							<String ID="string_18" HPOS="557" VPOS="333" WIDTH="71" HEIGHT="20" WC="0.91" CONTENT="som"/><SP WIDTH="34" VPOS="333" HPOS="628"/>
							<String ID="string_19" HPOS="662" VPOS="322" WIDTH="191" HEIGHT="31" WC="0.91" CONTENT="föranledes"/><SP WIDTH="35" VPOS="322" HPOS="853"/>
							<String ID="string_20" HPOS="888" VPOS="334" WIDTH="39" HEIGHT="20" WC="0.96" CONTENT="av"/><SP WIDTH="34" VPOS="334" HPOS="927"/>
							<String ID="string_21" HPOS="961" VPOS="323" WIDTH="65" HEIGHT="30" WC="0.95" CONTENT="den"/><SP WIDTH="36" VPOS="323" HPOS="1026"/>
							<String ID="string_22" HPOS="1062" VPOS="326" WIDTH="79" HEIGHT="28" WC="0.95" CONTENT="utav"/><SP WIDTH="24" VPOS="326" HPOS="1141"/>
							<String ID="string_23" HPOS="1165" VPOS="323" WIDTH="68" HEIGHT="40" WC="0.96" CONTENT="mig"/><SP WIDTH="22" VPOS="323" HPOS="1233"/>
							<String ID="string_24" HPOS="1255" VPOS="323" WIDTH="198" HEIGHT="40" WC="0.93" CONTENT="ifrågasatta"/><SP WIDTH="23" VPOS="323" HPOS="1453"/>
							<String ID="string_25" HPOS="1476" VPOS="325" WIDTH="128" HEIGHT="39" WC="0.90" CONTENT="nymät-"/>
						</TextLine>
						<TextLine ID="line_3" HPOS="106" VPOS="370" WIDTH="135" HEIGHT="41">
							<String ID="string_26" HPOS="106" VPOS="370" WIDTH="135" HEIGHT="41" WC="0.95" CONTENT="ningen."/>
						</TextLine>
					</TextBlock>
					<TextBlock ID="block_2" HPOS="105" VPOS="421" WIDTH="1501" HEIGHT="95">
						<TextLine ID="line_4" HPOS="155" VPOS="421" WIDTH="1450" HEIGHT="44">
							<String ID="string_27" HPOS="155" VPOS="421" WIDTH="67" HEIGHT="41" WC="0.96" CONTENT="Jag"/><SP WIDTH="34" VPOS="421" HPOS="222"/>
							<String ID="string_28" HPOS="256" VPOS="422" WIDTH="187" HEIGHT="41" WC="0.94" CONTENT="tillstyrker"/><SP WIDTH="33" VPOS="422" HPOS="443"/>
							<String ID="string_29" HPOS="476" VPOS="423" WIDTH="108" HEIGHT="38" WC="0.96" CONTENT="alltså,"/><SP WIDTH="36" VPOS="423" HPOS="584"/>
							<String ID="string_30" HPOS="620" VPOS="426" WIDTH="49" HEIGHT="28" WC="0.96" CONTENT="att"/><SP WIDTH="35" VPOS="426" HPOS="669"/>
							<String ID="string_31" HPOS="704" VPOS="424" WIDTH="56" HEIGHT="31" WC="0.96" CONTENT="det"/><SP WIDTH="32" VPOS="424" HPOS="760"/>
							<String ID="string_32" HPOS="792" VPOS="424" WIDTH="231" HEIGHT="41" WC="0.93" CONTENT="föreliggande"/><SP WIDTH="23" VPOS="424" HPOS="1023"/>
							<String ID="string_33" HPOS="1046" VPOS="425" WIDTH="274" HEIGHT="39" WC="0.91" CONTENT="avtalsförslaget"/><SP WIDTH="23" VPOS="425" HPOS="1320"/>
							<String ID="string_34" HPOS="1343" VPOS="424" WIDTH="198" HEIGHT="41" WC="0.96" CONTENT="godkännes"/><SP WIDTH="25" VPOS="424" HPOS="1541"/>
							<String ID="string_35" HPOS="1566" VPOS="436" WIDTH="39" HEIGHT="20" WC="0.95" CONTENT="av"/>
						</TextLine>
						<TextLine ID="line_5" HPOS="105" VPOS="472" WIDTH="1501" HEIGHT="44">
							<String ID="string_36" HPOS="105" VPOS="472" WIDTH="128" HEIGHT="31" WC="0.96" CONTENT="kronan"/><SP WIDTH="35" VPOS="472" HPOS="233"/>
							<String ID="string_37" HPOS="268" VPOS="473" WIDTH="108" HEIGHT="31" WC="0.94" CONTENT="under"/><SP WIDTH="33" VPOS="473" HPOS="376"/>
							<String ID="string_38" HPOS="409" VPOS="474" WIDTH="255" HEIGHT="40" WC="0.94" CONTENT="förutsättning,"/><SP WIDTH="32" VPOS="474" HPOS="664"/>
							<String ID="string_39" HPOS="696" VPOS="474" WIDTH="73" HEIGHT="32" WC="0.96" CONTENT="dels"/><SP WIDTH="34" VPOS="474" HPOS="769"/>
							<String ID="string_40" HPOS="803" VPOS="477" WIDTH="50" HEIGHT="29" WC="0.96" CONTENT="att"/><SP WIDTH="23" VPOS="477" HPOS="853"/>
							<String ID="string_41" HPOS="876" VPOS="477" WIDTH="151" HEIGHT="29" WC="0.93" CONTENT="moment"/><SP WIDTH="23" VPOS="477" HPOS="1027"/>
							<String ID="string_42" HPOS="1050" VPOS="475" WIDTH="63" HEIGHT="41" WC="0.90" CONTENT="6:0)"/><SP WIDTH="23" VPOS="475" HPOS="1113"/>
							<String ID="string_43" HPOS="1136" VPOS="476" WIDTH="11" HEIGHT="30" WC="0.96" CONTENT="i"/><SP WIDTH="24" VPOS="476" HPOS="1147"/>
							<String ID="string_44" HPOS="1171" VPOS="475" WIDTH="125" HEIGHT="31" WC="0.96" CONTENT="avtalet"/><SP WIDTH="21" VPOS="475" HPOS="1296"/>
							<String ID="string_45" HPOS="1317" VPOS="475" WIDTH="131" HEIGHT="41" WC="0.96" CONTENT="jämkas"/><SP WIDTH="23" VPOS="475" HPOS="1448"/>
							<String ID="string_46" HPOS="1471" VPOS="477" WIDTH="44" HEIGHT="39" WC="0.96" CONTENT="på"/><SP WIDTH="23" VPOS="477" HPOS="1515"/>
							<String ID="string_47" HPOS="1538" VPOS="477" WIDTH="68" HEIGHT="29" WC="0.96" CONTENT="sätt"/>
						</TextLine>
					</TextBlock>
				</ComposedBlock>
				<ComposedBlock ID="cblock_2" HPOS="101" VPOS="522" WIDTH="1504" HEIGHT="96">
					<TextBlock ID="block_3" HPOS="101" VPOS="522" WIDTH="1504" HEIGHT="96">
						<TextLine ID="line_6" HPOS="101" VPOS="522" WIDTH="1504" HEIGHT="45">
							<String ID="string_48" HPOS="101" VPOS="522" WIDTH="57" HEIGHT="42" WC="0.96" CONTENT="jag"/><SP WIDTH="35" VPOS="522" HPOS="158"/>
							<String ID="string_49" HPOS="193" VPOS="534" WIDTH="80" HEIGHT="30" WC="0.95" CONTENT="nyss"/><SP WIDTH="34" VPOS="534" HPOS="273"/>
							<String ID="string_50" HPOS="307" VPOS="524" WIDTH="185" HEIGHT="41" WC="0.96" CONTENT="föreslagit,"/><SP WIDTH="35" VPOS="524" HPOS="492"/>
							<String ID="string_51" HPOS="527" VPOS="525" WIDTH="74" HEIGHT="31" WC="0.96" CONTENT="dels"/><SP WIDTH="35" VPOS="525" HPOS="601"/>
							<String ID="string_52" HPOS="636" VPOS="525" WIDTH="62" HEIGHT="31" WC="0.96" CONTENT="ock"/><SP WIDTH="34" VPOS="525" HPOS="698"/>
							<String ID="string_53" HPOS="732" VPOS="528" WIDTH="49" HEIGHT="28" WC="0.96" CONTENT="att"/><SP WIDTH="34" VPOS="528" HPOS="781"/>
							<String ID="string_54" HPOS="815" VPOS="526" WIDTH="194" HEIGHT="41" WC="0.96" CONTENT="Göteborgs"/><SP WIDTH="35" VPOS="526" HPOS="1009"/>
							<String ID="string_55" HPOS="1044" VPOS="526" WIDTH="76" HEIGHT="31" WC="0.93" CONTENT="stad"/><SP WIDTH="35" VPOS="526" HPOS="1120"/>
							<String ID="string_56" HPOS="1155" VPOS="545" WIDTH="39" HEIGHT="3" WC="0.90" CONTENT="—"/><SP WIDTH="34" VPOS="545" HPOS="1194"/>
							<String ID="string_57" HPOS="1228" VPOS="526" WIDTH="123" HEIGHT="31" WC="0.96" CONTENT="liksom"/><SP WIDTH="25" VPOS="526" HPOS="1351"/>
							<String ID="string_58" HPOS="1376" VPOS="526" WIDTH="62" HEIGHT="31" WC="0.96" CONTENT="ock"/><SP WIDTH="22" VPOS="526" HPOS="1438"/>
							<String ID="string_59" HPOS="1460" VPOS="526" WIDTH="145" HEIGHT="41" WC="0.96" CONTENT="givetvis"/>
						</TextLine>
						<TextLine ID="line_7" HPOS="103" VPOS="573" WIDTH="1501" HEIGHT="45">
							<String ID="string_60" HPOS="103" VPOS="573" WIDTH="130" HEIGHT="32" WC="0.92" CONTENT="kronan"/><SP WIDTH="25" VPOS="573" HPOS="233"/>
							<String ID="string_61" HPOS="258" VPOS="593" WIDTH="36" HEIGHT="3" WC="0.90" CONTENT="—"/><SP WIDTH="26" VPOS="593" HPOS="294"/>
							<String ID="string_62" HPOS="320" VPOS="575" WIDTH="223" HEIGHT="31" WC="0.96" CONTENT="underkastar"/><SP WIDTH="23" VPOS="575" HPOS="543"/>
							<String ID="string_63" HPOS="566" VPOS="576" WIDTH="52" HEIGHT="40" WC="0.96" CONTENT="sig"/><SP WIDTH="24" VPOS="576" HPOS="618"/>
							<String ID="string_64" HPOS="642" VPOS="576" WIDTH="65" HEIGHT="30" WC="0.96" CONTENT="den"/><SP WIDTH="25" VPOS="576" HPOS="707"/>
							<String ID="string_65" HPOS="732" VPOS="576" WIDTH="144" HEIGHT="41" WC="0.96" CONTENT="ändring"/><SP WIDTH="23" VPOS="576" HPOS="876"/>
							<String ID="string_66" HPOS="899" VPOS="588" WIDTH="40" HEIGHT="20" WC="0.96" CONTENT="av"/><SP WIDTH="24" VPOS="588" HPOS="939"/>
							<String ID="string_67" HPOS="963" VPOS="577" WIDTH="64" HEIGHT="30" WC="0.96" CONTENT="den"/><SP WIDTH="25" VPOS="577" HPOS="1027"/>
							<String ID="string_68" HPOS="1052" VPOS="577" WIDTH="10" HEIGHT="30" WC="0.96" CONTENT="i"/><SP WIDTH="24" VPOS="577" HPOS="1062"/>
							<String ID="string_69" HPOS="1086" VPOS="577" WIDTH="126" HEIGHT="31" WC="0.96" CONTENT="avtalet"/><SP WIDTH="24" VPOS="577" HPOS="1212"/>
							<String ID="string_70" HPOS="1236" VPOS="577" WIDTH="209" HEIGHT="41" WC="0.93" CONTENT="stipulerade"/><SP WIDTH="23" VPOS="577" HPOS="1445"/>
							<String ID="string_71" HPOS="1468" VPOS="577" WIDTH="136" HEIGHT="31" WC="0.91" CONTENT="mellan-"/>
						</TextLine>
					</TextBlock>
				</ComposedBlock>
				<ComposedBlock ID="cblock_3" HPOS="99" VPOS="625" WIDTH="1507" HEIGHT="1912">
					<TextBlock ID="block_4" HPOS="99" VPOS="625" WIDTH="1507" HEIGHT="1912">
						<TextLine ID="line_8" HPOS="102" VPOS="625" WIDTH="1504" HEIGHT="43">
							<String ID="string_72" HPOS="102" VPOS="625" WIDTH="117" HEIGHT="40" WC="0.90" CONTENT="giften,"/><SP WIDTH="26" VPOS="625" HPOS="219"/>
							<String ID="string_73" HPOS="245" VPOS="637" WIDTH="72" HEIGHT="19" WC="0.93" CONTENT="som"/><SP WIDTH="24" VPOS="637" HPOS="317"/>
							<String ID="string_74" HPOS="341" VPOS="626" WIDTH="192" HEIGHT="31" WC="0.91" CONTENT="föranledes"/><SP WIDTH="25" VPOS="626" HPOS="533"/>
							<String ID="string_75" HPOS="558" VPOS="627" WIDTH="111" HEIGHT="38" WC="0.96" CONTENT="därav,"/><SP WIDTH="25" VPOS="627" HPOS="669"/>
							<String ID="string_76" HPOS="694" VPOS="629" WIDTH="50" HEIGHT="29" WC="0.96" CONTENT="att"/><SP WIDTH="22" VPOS="629" HPOS="744"/>
							<String ID="string_77" HPOS="766" VPOS="627" WIDTH="56" HEIGHT="31" WC="0.96" CONTENT="vid"/><SP WIDTH="23" VPOS="627" HPOS="822"/>
							<String ID="string_78" HPOS="845" VPOS="627" WIDTH="160" HEIGHT="31" WC="0.96" CONTENT="blivande"/><SP WIDTH="22" VPOS="627" HPOS="1005"/>
							<String ID="string_79" HPOS="1027" VPOS="627" WIDTH="227" HEIGHT="41" WC="0.93" CONTENT="uppmätning"/><SP WIDTH="16" VPOS="627" HPOS="1254"/>
							<String ID="string_80" HPOS="1270" VPOS="639" WIDTH="39" HEIGHT="19" WC="0.92" CONTENT="av"/><SP WIDTH="16" VPOS="639" HPOS="1309"/>
							<String ID="string_81" HPOS="1325" VPOS="628" WIDTH="281" HEIGHT="31" WC="0.92" CONTENT="markområdena"/>
						</TextLine>
						<TextLine ID="line_9" HPOS="103" VPOS="675" WIDTH="1502" HEIGHT="44">
							<String ID="string_82" HPOS="103" VPOS="675" WIDTH="120" HEIGHT="31" WC="0.96" CONTENT="dessas"/><SP WIDTH="23" VPOS="675" HPOS="223"/>
							<String ID="string_83" HPOS="246" VPOS="677" WIDTH="89" HEIGHT="30" WC="0.95" CONTENT="areal"/><SP WIDTH="24" VPOS="677" HPOS="335"/>
							<String ID="string_84" HPOS="359" VPOS="677" WIDTH="186" HEIGHT="31" WC="0.96" CONTENT="fastställes"/><SP WIDTH="24" VPOS="677" HPOS="545"/>
							<String ID="string_85" HPOS="569" VPOS="678" WIDTH="51" HEIGHT="30" WC="0.95" CONTENT="till"/><SP WIDTH="26" VPOS="678" HPOS="620"/>
							<String ID="string_86" HPOS="646" VPOS="678" WIDTH="105" HEIGHT="31" WC="0.95" CONTENT="andra"/><SP WIDTH="23" VPOS="678" HPOS="751"/>
							<String ID="string_87" HPOS="774" VPOS="678" WIDTH="114" HEIGHT="31" WC="0.96" CONTENT="siffror"/><SP WIDTH="21" VPOS="678" HPOS="888"/>
							<String ID="string_88" HPOS="909" VPOS="680" WIDTH="41" HEIGHT="29" WC="0.96" CONTENT="än"/><SP WIDTH="25" VPOS="680" HPOS="950"/>
							<String ID="string_89" HPOS="975" VPOS="678" WIDTH="51" HEIGHT="38" WC="0.96" CONTENT="de,"/><SP WIDTH="24" VPOS="678" HPOS="1026"/>
							<String ID="string_90" HPOS="1050" VPOS="678" WIDTH="90" HEIGHT="31" WC="0.96" CONTENT="vilka"/><SP WIDTH="23" VPOS="678" HPOS="1140"/>
							<String ID="string_91" HPOS="1163" VPOS="678" WIDTH="90" HEIGHT="41" WC="0.95" CONTENT="ligga"/><SP WIDTH="23" VPOS="678" HPOS="1253"/>
							<String ID="string_92" HPOS="1276" VPOS="678" WIDTH="52" HEIGHT="31" WC="0.96" CONTENT="till"/><SP WIDTH="23" VPOS="678" HPOS="1328"/>
							<String ID="string_93" HPOS="1351" VPOS="679" WIDTH="111" HEIGHT="39" WC="0.96" CONTENT="grund"/><SP WIDTH="27" VPOS="679" HPOS="1462"/>
							<String ID="string_94" HPOS="1489" VPOS="679" WIDTH="51" HEIGHT="30" WC="0.96" CONTENT="för"/><SP WIDTH="23" VPOS="679" HPOS="1540"/>
							<String ID="string_95" HPOS="1563" VPOS="679" WIDTH="42" HEIGHT="30" WC="0.96" CONTENT="de"/>
						</TextLine>
						<TextLine ID="line_10" HPOS="102" VPOS="726" WIDTH="1396" HEIGHT="44">
							<String ID="string_96" HPOS="102" VPOS="726" WIDTH="9" HEIGHT="30" WC="0.93" CONTENT="i"/><SP WIDTH="26" VPOS="726" HPOS="111"/>
							<String ID="string_97" HPOS="137" VPOS="726" WIDTH="273" HEIGHT="42" WC="0.91" CONTENT="avtalsförslaget"/><SP WIDTH="22" VPOS="726" HPOS="410"/>
							<String ID="string_98" HPOS="432" VPOS="728" WIDTH="119" HEIGHT="41" WC="0.96" CONTENT="gjorda"/><SP WIDTH="22" VPOS="728" HPOS="551"/>
							<String ID="string_99" HPOS="573" VPOS="728" WIDTH="271" HEIGHT="41" WC="0.96" CONTENT="beräkningarna"/><SP WIDTH="23" VPOS="728" HPOS="844"/>
							<String ID="string_100" HPOS="867" VPOS="740" WIDTH="39" HEIGHT="19" WC="0.92" CONTENT="av"/><SP WIDTH="24" VPOS="740" HPOS="906"/>
							<String ID="string_101" HPOS="930" VPOS="729" WIDTH="308" HEIGHT="31" WC="0.90" CONTENT="kontrahenternas"/><SP WIDTH="24" VPOS="729" HPOS="1238"/>
							<String ID="string_102" HPOS="1262" VPOS="729" WIDTH="236" HEIGHT="41" WC="0.95" CONTENT="prestationer."/>
						</TextLine>
						<TextLine ID="line_11" HPOS="155" VPOS="777" WIDTH="1450" HEIGHT="44">
							<String ID="string_103" HPOS="155" VPOS="777" WIDTH="373" HEIGHT="42" WC="0.91" CONTENT="Arméförvaltningens"/><SP WIDTH="24" VPOS="777" HPOS="528"/>
							<String ID="string_104" HPOS="552" VPOS="779" WIDTH="153" HEIGHT="31" WC="0.91" CONTENT="artilleri-"/><SP WIDTH="23" VPOS="779" HPOS="705"/>
							<String ID="string_105" HPOS="728" VPOS="779" WIDTH="63" HEIGHT="31" WC="0.92" CONTENT="och"/><SP WIDTH="22" VPOS="779" HPOS="791"/>
							<String ID="string_106" HPOS="813" VPOS="779" WIDTH="484" HEIGHT="41" WC="0.91" CONTENT="fortifikationsdepartement"/><SP WIDTH="15" VPOS="779" HPOS="1297"/>
							<String ID="string_107" HPOS="1312" VPOS="780" WIDTH="94" HEIGHT="35" WC="0.96" CONTENT="hava,"/><SP WIDTH="18" VPOS="780" HPOS="1406"/>
							<String ID="string_108" HPOS="1424" VPOS="780" WIDTH="11" HEIGHT="30" WC="0.96" CONTENT="i"/><SP WIDTH="18" VPOS="780" HPOS="1435"/>
							<String ID="string_109" HPOS="1453" VPOS="780" WIDTH="152" HEIGHT="41" WC="0.96" CONTENT="enlighet"/>
						</TextLine>
						<TextLine ID="line_12" HPOS="102" VPOS="828" WIDTH="1503" HEIGHT="44">
							<String ID="string_110" HPOS="102" VPOS="828" WIDTH="78" HEIGHT="31" WC="0.96" CONTENT="med"/><SP WIDTH="46" VPOS="828" HPOS="180"/>
							<String ID="string_111" HPOS="226" VPOS="828" WIDTH="52" HEIGHT="31" WC="0.94" CONTENT="vad"/><SP WIDTH="33" VPOS="828" HPOS="278"/>
							<String ID="string_112" HPOS="311" VPOS="829" WIDTH="119" HEIGHT="31" WC="0.96" CONTENT="chefen"/><SP WIDTH="34" VPOS="829" HPOS="430"/>
							<String ID="string_113" HPOS="464" VPOS="831" WIDTH="52" HEIGHT="29" WC="0.96" CONTENT="för"/><SP WIDTH="33" VPOS="831" HPOS="516"/>
							<String ID="string_114" HPOS="549" VPOS="829" WIDTH="91" HEIGHT="32" WC="0.92" CONTENT="Göta"/><SP WIDTH="33" VPOS="829" HPOS="640"/>
							<String ID="string_115" HPOS="673" VPOS="830" WIDTH="338" HEIGHT="42" WC="0.90" CONTENT="artilleriregemente"/><SP WIDTH="33" VPOS="830" HPOS="1011"/>
							<String ID="string_116" HPOS="1044" VPOS="830" WIDTH="186" HEIGHT="37" WC="0.92" CONTENT="hemställt,"/><SP WIDTH="24" VPOS="830" HPOS="1230"/>
							<String ID="string_117" HPOS="1254" VPOS="830" WIDTH="184" HEIGHT="42" WC="0.96" CONTENT="föreslagit,"/><SP WIDTH="25" VPOS="830" HPOS="1438"/>
							<String ID="string_118" HPOS="1463" VPOS="832" WIDTH="48" HEIGHT="30" WC="0.96" CONTENT="att"/><SP WIDTH="36" VPOS="832" HPOS="1511"/>
							<String ID="string_119" HPOS="1547" VPOS="831" WIDTH="58" HEIGHT="31" WC="0.96" CONTENT="det"/>
						</TextLine>
						<TextLine ID="line_13" HPOS="102" VPOS="878" WIDTH="1502" HEIGHT="45">
							<String ID="string_120" HPOS="102" VPOS="878" WIDTH="130" HEIGHT="32" WC="0.96" CONTENT="kronan"/><SP WIDTH="34" VPOS="878" HPOS="232"/>
							<String ID="string_121" HPOS="266" VPOS="880" WIDTH="106" HEIGHT="41" WC="0.95" CONTENT="enligt"/><SP WIDTH="34" VPOS="880" HPOS="372"/>
							<String ID="string_122" HPOS="406" VPOS="880" WIDTH="124" HEIGHT="31" WC="0.96" CONTENT="avtalet"/><SP WIDTH="33" VPOS="880" HPOS="530"/>
							<String ID="string_123" HPOS="563" VPOS="881" WIDTH="258" HEIGHT="31" WC="0.96" CONTENT="tillkommande"/><SP WIDTH="23" VPOS="881" HPOS="821"/>
							<String ID="string_124" HPOS="844" VPOS="882" WIDTH="164" HEIGHT="30" WC="0.93" CONTENT="kontanta"/><SP WIDTH="23" VPOS="882" HPOS="1008"/>
							<String ID="string_125" HPOS="1031" VPOS="881" WIDTH="194" HEIGHT="42" WC="0.92" CONTENT="vederlaget"/><SP WIDTH="23" VPOS="881" HPOS="1225"/>
							<String ID="string_126" HPOS="1248" VPOS="883" WIDTH="104" HEIGHT="29" WC="0.96" CONTENT="måtte"/><SP WIDTH="24" VPOS="883" HPOS="1352"/>
							<String ID="string_127" HPOS="1376" VPOS="883" WIDTH="32" HEIGHT="29" WC="0.97" CONTENT="få"/><SP WIDTH="23" VPOS="883" HPOS="1408"/>
							<String ID="string_128" HPOS="1431" VPOS="882" WIDTH="173" HEIGHT="31" WC="0.96" CONTENT="användas"/>
						</TextLine>
						<TextLine ID="line_14" HPOS="102" VPOS="930" WIDTH="1501" HEIGHT="44">
							<String ID="string_129" HPOS="102" VPOS="930" WIDTH="53" HEIGHT="30" WC="0.96" CONTENT="för"/><SP WIDTH="27" VPOS="930" HPOS="155"/>
							<String ID="string_130" HPOS="182" VPOS="930" WIDTH="213" HEIGHT="41" WC="0.95" CONTENT="uppförande"/><SP WIDTH="34" VPOS="930" HPOS="395"/>
							<String ID="string_131" HPOS="429" VPOS="942" WIDTH="40" HEIGHT="20" WC="0.95" CONTENT="av"/><SP WIDTH="34" VPOS="942" HPOS="469"/>
							<String ID="string_132" HPOS="503" VPOS="933" WIDTH="49" HEIGHT="29" WC="0.96" CONTENT="ett"/><SP WIDTH="28" VPOS="933" HPOS="552"/>
							<String ID="string_133" HPOS="580" VPOS="934" WIDTH="75" HEIGHT="38" WC="0.93" CONTENT="nytt"/><SP WIDTH="34" VPOS="934" HPOS="655"/>
							<String ID="string_134" HPOS="689" VPOS="932" WIDTH="505" HEIGHT="31" WC="0.91" CONTENT="artilleriammunitionsförråd"/><SP WIDTH="34" VPOS="932" HPOS="1194"/>
							<String ID="string_135" HPOS="1228" VPOS="933" WIDTH="52" HEIGHT="30" WC="0.96" CONTENT="för"/><SP WIDTH="33" VPOS="933" HPOS="1280"/>
							<String ID="string_136" HPOS="1313" VPOS="935" WIDTH="211" HEIGHT="39" WC="0.95" CONTENT="regementet"/><SP WIDTH="22" VPOS="935" HPOS="1524"/>
							<String ID="string_137" HPOS="1546" VPOS="932" WIDTH="57" HEIGHT="32" WC="0.96" CONTENT="vid"/>
						</TextLine>
						<TextLine ID="line_15" HPOS="102" VPOS="980" WIDTH="1395" HEIGHT="45">
							<String ID="string_138" HPOS="102" VPOS="980" WIDTH="152" HEIGHT="41" WC="0.96" CONTENT="Kviberg"/><SP WIDTH="24" VPOS="980" HPOS="254"/>
							<String ID="string_139" HPOS="278" VPOS="984" WIDTH="87" HEIGHT="28" WC="0.95" CONTENT="samt"/><SP WIDTH="23" VPOS="984" HPOS="365"/>
							<String ID="string_140" HPOS="388" VPOS="982" WIDTH="52" HEIGHT="30" WC="0.95" CONTENT="för"/><SP WIDTH="23" VPOS="982" HPOS="440"/>
							<String ID="string_141" HPOS="463" VPOS="982" WIDTH="176" HEIGHT="31" WC="0.96" CONTENT="ordnande"/><SP WIDTH="23" VPOS="982" HPOS="639"/>
							<String ID="string_142" HPOS="662" VPOS="994" WIDTH="40" HEIGHT="20" WC="0.93" CONTENT="av"/><SP WIDTH="22" VPOS="994" HPOS="702"/>
							<String ID="string_143" HPOS="724" VPOS="983" WIDTH="495" HEIGHT="41" WC="0.91" CONTENT="förläggningsförhållandena"/><SP WIDTH="23" VPOS="983" HPOS="1219"/>
							<String ID="string_144" HPOS="1242" VPOS="986" WIDTH="18" HEIGHT="28" WC="0.89" CONTENT="å"/><SP WIDTH="23" VPOS="986" HPOS="1260"/>
							<String ID="string_145" HPOS="1283" VPOS="983" WIDTH="116" HEIGHT="42" WC="0.95" CONTENT="Tånga"/><SP WIDTH="22" VPOS="983" HPOS="1399"/>
							<String ID="string_146" HPOS="1421" VPOS="984" WIDTH="76" HEIGHT="31" WC="0.96" CONTENT="hed."/>
						</TextLine>
						<TextLine ID="line_16" HPOS="154" VPOS="1031" WIDTH="1450" HEIGHT="44">
							<String ID="string_147" HPOS="154" VPOS="1031" WIDTH="101" HEIGHT="39" WC="0.91" CONTENT="Enär,"/><SP WIDTH="25" VPOS="1031" HPOS="255"/>
							<String ID="string_148" HPOS="280" VPOS="1034" WIDTH="113" HEIGHT="29" WC="0.92" CONTENT="såsom"/><SP WIDTH="17" VPOS="1034" HPOS="393"/>
							<String ID="string_149" HPOS="410" VPOS="1032" WIDTH="151" HEIGHT="31" WC="0.91" CONTENT="artilleri-"/><SP WIDTH="17" VPOS="1032" HPOS="561"/>
							<String ID="string_150" HPOS="578" VPOS="1033" WIDTH="64" HEIGHT="31" WC="0.93" CONTENT="och"/><SP WIDTH="16" VPOS="1033" HPOS="642"/>
							<String ID="string_151" HPOS="658" VPOS="1034" WIDTH="527" HEIGHT="41" WC="0.90" CONTENT="fortifikationsdepartementen"/><SP WIDTH="17" VPOS="1034" HPOS="1185"/>
							<String ID="string_152" HPOS="1202" VPOS="1034" WIDTH="155" HEIGHT="41" WC="0.95" CONTENT="påpekat,"/><SP WIDTH="19" VPOS="1034" HPOS="1357"/>
							<String ID="string_153" HPOS="1376" VPOS="1036" WIDTH="228" HEIGHT="39" WC="0.95" CONTENT="regementets"/>
						</TextLine>
						<TextLine ID="line_17" HPOS="101" VPOS="1082" WIDTH="1505" HEIGHT="44">
							<String ID="string_154" HPOS="101" VPOS="1082" WIDTH="196" HEIGHT="31" WC="0.93" CONTENT="nuvarande"/><SP WIDTH="34" VPOS="1082" HPOS="297"/>
							<String ID="string_155" HPOS="331" VPOS="1083" WIDTH="581" HEIGHT="43" WC="0.88" CONTENT="ammunitionsförrådsbyggnader"/><SP WIDTH="29" VPOS="1083" HPOS="912"/>
							<String ID="string_156" HPOS="941" VPOS="1085" WIDTH="95" HEIGHT="31" WC="0.96" CONTENT="skola"/><SP WIDTH="35" VPOS="1085" HPOS="1036"/>
							<String ID="string_157" HPOS="1071" VPOS="1096" WIDTH="67" HEIGHT="19" WC="0.93" CONTENT="vara"/><SP WIDTH="23" VPOS="1096" HPOS="1138"/>
							<String ID="string_158" HPOS="1161" VPOS="1085" WIDTH="158" HEIGHT="41" WC="0.92" CONTENT="utrymda"/><SP WIDTH="24" VPOS="1085" HPOS="1319"/>
							<String ID="string_159" HPOS="1343" VPOS="1085" WIDTH="62" HEIGHT="31" WC="0.96" CONTENT="och"/><SP WIDTH="24" VPOS="1085" HPOS="1405"/>
							<String ID="string_160" HPOS="1429" VPOS="1085" WIDTH="177" HEIGHT="31" WC="0.96" CONTENT="bortförda"/>
						</TextLine>
						<TextLine ID="line_18" HPOS="102" VPOS="1133" WIDTH="1500" HEIGHT="44">
							<String ID="string_161" HPOS="102" VPOS="1133" WIDTH="66" HEIGHT="30" WC="0.96" CONTENT="den"/><SP WIDTH="37" VPOS="1133" HPOS="168"/>
							<String ID="string_162" HPOS="205" VPOS="1135" WIDTH="14" HEIGHT="29" WC="0.95" CONTENT="1"/><SP WIDTH="26" VPOS="1135" HPOS="219"/>
							<String ID="string_163" HPOS="245" VPOS="1133" WIDTH="143" HEIGHT="32" WC="0.96" CONTENT="oktober"/><SP WIDTH="25" VPOS="1133" HPOS="388"/>
							<String ID="string_164" HPOS="413" VPOS="1135" WIDTH="87" HEIGHT="37" WC="0.96" CONTENT="1933,"/><SP WIDTH="26" VPOS="1135" HPOS="500"/>
							<String ID="string_165" HPOS="526" VPOS="1136" WIDTH="108" HEIGHT="30" WC="0.96" CONTENT="måste"/><SP WIDTH="25" VPOS="1136" HPOS="634"/>
							<String ID="string_166" HPOS="659" VPOS="1137" WIDTH="48" HEIGHT="29" WC="0.96" CONTENT="ett"/><SP WIDTH="23" VPOS="1137" HPOS="707"/>
							<String ID="string_167" HPOS="730" VPOS="1137" WIDTH="75" HEIGHT="39" WC="0.93" CONTENT="nytt"/><SP WIDTH="23" VPOS="1137" HPOS="805"/>
							<String ID="string_168" HPOS="828" VPOS="1135" WIDTH="363" HEIGHT="31" WC="0.92" CONTENT="ammunitionsförråd"/><SP WIDTH="22" VPOS="1135" HPOS="1191"/>
							<String ID="string_169" HPOS="1213" VPOS="1136" WIDTH="165" HEIGHT="40" WC="0.96" CONTENT="uppföras"/><SP WIDTH="23" VPOS="1136" HPOS="1378"/>
							<String ID="string_170" HPOS="1401" VPOS="1136" WIDTH="72" HEIGHT="30" WC="0.96" CONTENT="före"/><SP WIDTH="24" VPOS="1136" HPOS="1473"/>
							<String ID="string_171" HPOS="1497" VPOS="1135" WIDTH="105" HEIGHT="42" WC="0.96" CONTENT="sagda"/>
						</TextLine>
						<TextLine ID="line_19" HPOS="102" VPOS="1183" WIDTH="1503" HEIGHT="44">
							<String ID="string_172" HPOS="102" VPOS="1183" WIDTH="75" HEIGHT="42" WC="0.96" CONTENT="dag."/><SP WIDTH="45" VPOS="1183" HPOS="177"/>
							<String ID="string_173" HPOS="222" VPOS="1184" WIDTH="242" HEIGHT="32" WC="0.95" CONTENT="Kostnaderna"/><SP WIDTH="32" VPOS="1184" HPOS="464"/>
							<String ID="string_174" HPOS="496" VPOS="1186" WIDTH="52" HEIGHT="30" WC="0.96" CONTENT="för"/><SP WIDTH="33" VPOS="1186" HPOS="548"/>
							<String ID="string_175" HPOS="581" VPOS="1185" WIDTH="59" HEIGHT="31" WC="0.96" CONTENT="det"/><SP WIDTH="30" VPOS="1185" HPOS="640"/>
							<String ID="string_176" HPOS="670" VPOS="1197" WIDTH="65" HEIGHT="30" WC="0.96" CONTENT="nya"/><SP WIDTH="23" VPOS="1197" HPOS="735"/>
							<String ID="string_177" HPOS="758" VPOS="1186" WIDTH="150" HEIGHT="31" WC="0.96" CONTENT="förrådet"/><SP WIDTH="23" VPOS="1186" HPOS="908"/>
							<String ID="string_178" HPOS="931" VPOS="1197" WIDTH="100" HEIGHT="20" WC="0.96" CONTENT="anser"/><SP WIDTH="23" VPOS="1197" HPOS="1031"/>
							<String ID="string_179" HPOS="1054" VPOS="1188" WIDTH="84" HEIGHT="29" WC="0.96" CONTENT="även"/><SP WIDTH="21" VPOS="1188" HPOS="1138"/>
							<String ID="string_180" HPOS="1159" VPOS="1186" WIDTH="57" HEIGHT="41" WC="0.96" CONTENT="jag"/><SP WIDTH="22" VPOS="1186" HPOS="1216"/>
							<String ID="string_181" HPOS="1238" VPOS="1186" WIDTH="184" HEIGHT="41" WC="0.96" CONTENT="lämpligen"/><SP WIDTH="23" VPOS="1186" HPOS="1422"/>
							<String ID="string_182" HPOS="1445" VPOS="1186" WIDTH="83" HEIGHT="31" WC="0.93" CONTENT="böra"/><SP WIDTH="23" VPOS="1186" HPOS="1528"/>
							<String ID="string_183" HPOS="1551" VPOS="1186" WIDTH="54" HEIGHT="31" WC="0.92" CONTENT="be-"/>
						</TextLine>
						<TextLine ID="line_20" HPOS="102" VPOS="1234" WIDTH="1500" HEIGHT="44">
							<String ID="string_184" HPOS="102" VPOS="1234" WIDTH="126" HEIGHT="31" WC="0.92" CONTENT="stridas"/><SP WIDTH="23" VPOS="1234" HPOS="228"/>
							<String ID="string_185" HPOS="251" VPOS="1247" WIDTH="39" HEIGHT="19" WC="0.96" CONTENT="av"/><SP WIDTH="24" VPOS="1247" HPOS="290"/>
							<String ID="string_186" HPOS="314" VPOS="1235" WIDTH="65" HEIGHT="31" WC="0.96" CONTENT="den"/><SP WIDTH="24" VPOS="1235" HPOS="379"/>
							<String ID="string_187" HPOS="403" VPOS="1236" WIDTH="72" HEIGHT="30" WC="0.96" CONTENT="från"/><SP WIDTH="25" VPOS="1236" HPOS="475"/>
							<String ID="string_188" HPOS="500" VPOS="1236" WIDTH="121" HEIGHT="31" WC="0.96" CONTENT="staden"/><SP WIDTH="23" VPOS="1236" HPOS="621"/>
							<String ID="string_189" HPOS="644" VPOS="1236" WIDTH="188" HEIGHT="42" WC="0.96" CONTENT="inflytande"/><SP WIDTH="24" VPOS="1236" HPOS="832"/>
							<String ID="string_190" HPOS="856" VPOS="1237" WIDTH="165" HEIGHT="31" WC="0.96" CONTENT="kontanta"/><SP WIDTH="23" VPOS="1237" HPOS="1021"/>
							<String ID="string_191" HPOS="1044" VPOS="1237" WIDTH="244" HEIGHT="40" WC="0.95" CONTENT="ersättningen."/><SP WIDTH="46" VPOS="1237" HPOS="1288"/>
							<String ID="string_192" HPOS="1334" VPOS="1237" WIDTH="53" HEIGHT="31" WC="0.69" CONTENT="Då"/><SP WIDTH="24" VPOS="1237" HPOS="1387"/>
							<String ID="string_193" HPOS="1411" VPOS="1237" WIDTH="191" HEIGHT="31" WC="0.96" CONTENT="emellertid"/>
						</TextLine>
						<TextLine ID="line_21" HPOS="101" VPOS="1286" WIDTH="1502" HEIGHT="43">
							<String ID="string_194" HPOS="101" VPOS="1286" WIDTH="59" HEIGHT="31" WC="0.96" CONTENT="det"/><SP WIDTH="22" VPOS="1286" HPOS="160"/>
							<String ID="string_195" HPOS="182" VPOS="1286" WIDTH="52" HEIGHT="31" WC="0.96" CONTENT="för"/><SP WIDTH="26" VPOS="1286" HPOS="234"/>
							<String ID="string_196" HPOS="260" VPOS="1286" WIDTH="254" HEIGHT="42" WC="0.96" CONTENT="ifrågavarande"/><SP WIDTH="23" VPOS="1286" HPOS="514"/>
							<String ID="string_197" HPOS="537" VPOS="1287" WIDTH="245" HEIGHT="42" WC="0.96" CONTENT="nybyggnader"/><SP WIDTH="23" VPOS="1287" HPOS="782"/>
							<String ID="string_198" HPOS="805" VPOS="1299" WIDTH="39" HEIGHT="20" WC="0.93" CONTENT="av"/><SP WIDTH="23" VPOS="1299" HPOS="844"/>
							<String ID="string_199" HPOS="867" VPOS="1288" WIDTH="518" HEIGHT="41" WC="0.90" CONTENT="fortifikationsdepartementet"/><SP WIDTH="25" VPOS="1288" HPOS="1385"/>
							<String ID="string_200" HPOS="1410" VPOS="1288" WIDTH="193" HEIGHT="31" WC="0.95" CONTENT="beräknade"/>
						</TextLine>
						<TextLine ID="line_22" HPOS="100" VPOS="1336" WIDTH="1502" HEIGHT="44">
							<String ID="string_201" HPOS="100" VPOS="1336" WIDTH="173" HEIGHT="41" WC="0.93" CONTENT="beloppet,"/><SP WIDTH="25" VPOS="1336" HPOS="273"/>
							<String ID="string_202" HPOS="298" VPOS="1337" WIDTH="135" HEIGHT="38" WC="0.92" CONTENT="300,000"/><SP WIDTH="22" VPOS="1337" HPOS="433"/>
							<String ID="string_203" HPOS="455" VPOS="1337" WIDTH="134" HEIGHT="39" WC="0.96" CONTENT="kronor,"/><SP WIDTH="18" VPOS="1337" HPOS="589"/>
							<String ID="string_204" HPOS="607" VPOS="1349" WIDTH="103" HEIGHT="30" WC="0.96" CONTENT="synes"/><SP WIDTH="17" VPOS="1349" HPOS="710"/>
							<String ID="string_205" HPOS="727" VPOS="1338" WIDTH="114" HEIGHT="31" WC="0.96" CONTENT="alltför"/><SP WIDTH="15" VPOS="1338" HPOS="841"/>
							<String ID="string_206" HPOS="856" VPOS="1339" WIDTH="92" HEIGHT="41" WC="0.96" CONTENT="högt,"/><SP WIDTH="17" VPOS="1339" HPOS="948"/>
							<String ID="string_207" HPOS="965" VPOS="1338" WIDTH="63" HEIGHT="32" WC="0.93" CONTENT="bör"/><SP WIDTH="16" VPOS="1338" HPOS="1028"/>
							<String ID="string_208" HPOS="1044" VPOS="1338" WIDTH="281" HEIGHT="32" WC="0.91" CONTENT="medelsbehovet"/><SP WIDTH="16" VPOS="1338" HPOS="1325"/>
							<String ID="string_209" HPOS="1341" VPOS="1339" WIDTH="52" HEIGHT="30" WC="0.96" CONTENT="för"/><SP WIDTH="16" VPOS="1339" HPOS="1393"/>
							<String ID="string_210" HPOS="1409" VPOS="1338" WIDTH="193" HEIGHT="31" WC="0.95" CONTENT="ändamålet"/>
						</TextLine>
						<TextLine ID="line_23" HPOS="101" VPOS="1387" WIDTH="1499" HEIGHT="43">
							<String ID="string_211" HPOS="101" VPOS="1387" WIDTH="224" HEIGHT="31" WC="0.96" CONTENT="underkastas"/><SP WIDTH="34" VPOS="1387" HPOS="325"/>
							<String ID="string_212" HPOS="359" VPOS="1388" WIDTH="143" HEIGHT="41" WC="0.96" CONTENT="förnyad"/><SP WIDTH="24" VPOS="1388" HPOS="502"/>
							<String ID="string_213" HPOS="526" VPOS="1388" WIDTH="185" HEIGHT="42" WC="0.96" CONTENT="utredning"/><SP WIDTH="23" VPOS="1388" HPOS="711"/>
							<String ID="string_214" HPOS="734" VPOS="1389" WIDTH="62" HEIGHT="31" WC="0.96" CONTENT="och"/><SP WIDTH="24" VPOS="1389" HPOS="796"/>
							<String ID="string_215" HPOS="820" VPOS="1389" WIDTH="119" HEIGHT="31" WC="0.96" CONTENT="därvid"/><SP WIDTH="23" VPOS="1389" HPOS="939"/>
							<String ID="string_216" HPOS="962" VPOS="1389" WIDTH="258" HEIGHT="41" WC="0.96" CONTENT="undersökning"/><SP WIDTH="24" VPOS="1389" HPOS="1220"/>
							<String ID="string_217" HPOS="1244" VPOS="1389" WIDTH="67" HEIGHT="38" WC="0.95" CONTENT="ske,"/><SP WIDTH="25" VPOS="1389" HPOS="1311"/>
							<String ID="string_218" HPOS="1336" VPOS="1389" WIDTH="168" HEIGHT="31" WC="0.96" CONTENT="huruvida"/><SP WIDTH="22" VPOS="1389" HPOS="1504"/>
							<String ID="string_219" HPOS="1526" VPOS="1389" WIDTH="74" HEIGHT="31" WC="0.96" CONTENT="icke"/>
						</TextLine>
						<TextLine ID="line_24" HPOS="99" VPOS="1438" WIDTH="1505" HEIGHT="42">
							<String ID="string_220" HPOS="99" VPOS="1438" WIDTH="93" HEIGHT="30" WC="0.96" CONTENT="vissa"/><SP WIDTH="23" VPOS="1438" HPOS="192"/>
							<String ID="string_221" HPOS="215" VPOS="1438" WIDTH="10" HEIGHT="30" WC="0.91" CONTENT="1"/><SP WIDTH="23" VPOS="1438" HPOS="225"/>
							<String ID="string_222" HPOS="248" VPOS="1438" WIDTH="305" HEIGHT="41" WC="0.91" CONTENT="byggnadsplanen"/><SP WIDTH="23" VPOS="1438" HPOS="553"/>
							<String ID="string_223" HPOS="576" VPOS="1439" WIDTH="169" HEIGHT="41" WC="0.96" CONTENT="ingående"/><SP WIDTH="23" VPOS="1439" HPOS="745"/>
							<String ID="string_224" HPOS="768" VPOS="1439" WIDTH="140" HEIGHT="32" WC="0.96" CONTENT="arbeten"/><SP WIDTH="25" VPOS="1439" HPOS="908"/>
							<String ID="string_225" HPOS="933" VPOS="1439" WIDTH="161" HEIGHT="41" WC="0.95" CONTENT="möjligen"/><SP WIDTH="24" VPOS="1439" HPOS="1094"/>
							<String ID="string_226" HPOS="1118" VPOS="1439" WIDTH="124" HEIGHT="38" WC="0.96" CONTENT="kunna,"/><SP WIDTH="26" VPOS="1439" HPOS="1242"/>
							<String ID="string_227" HPOS="1268" VPOS="1441" WIDTH="112" HEIGHT="29" WC="0.96" CONTENT="såsom"/><SP WIDTH="24" VPOS="1441" HPOS="1380"/>
							<String ID="string_228" HPOS="1404" VPOS="1439" WIDTH="73" HEIGHT="31" WC="0.93" CONTENT="icke"/><SP WIDTH="22" VPOS="1439" HPOS="1477"/>
							<String ID="string_229" HPOS="1499" VPOS="1439" WIDTH="105" HEIGHT="31" WC="0.92" CONTENT="ound-"/>
						</TextLine>
						<TextLine ID="line_25" HPOS="101" VPOS="1488" WIDTH="1503" HEIGHT="42">
							<String ID="string_230" HPOS="101" VPOS="1488" WIDTH="180" HEIGHT="41" WC="0.90" CONTENT="gängligen"/><SP WIDTH="24" VPOS="1488" HPOS="281"/>
							<String ID="string_231" HPOS="305" VPOS="1488" WIDTH="189" HEIGHT="42" WC="0.96" CONTENT="behövliga,"/><SP WIDTH="25" VPOS="1488" HPOS="494"/>
							<String ID="string_232" HPOS="519" VPOS="1490" WIDTH="179" HEIGHT="37" WC="0.96" CONTENT="uteslutas,"/><SP WIDTH="25" VPOS="1490" HPOS="698"/>
							<String ID="string_233" HPOS="723" VPOS="1492" WIDTH="161" HEIGHT="29" WC="0.19" CONTENT="ävensom"/><SP WIDTH="23" VPOS="1492" HPOS="884"/>
							<String ID="string_234" HPOS="907" VPOS="1489" WIDTH="169" HEIGHT="31" WC="0.96" CONTENT="huruvida"/><SP WIDTH="23" VPOS="1489" HPOS="1076"/>
							<String ID="string_235" HPOS="1099" VPOS="1490" WIDTH="42" HEIGHT="31" WC="0.96" CONTENT="de"/><SP WIDTH="23" VPOS="1490" HPOS="1141"/>
							<String ID="string_236" HPOS="1164" VPOS="1489" WIDTH="192" HEIGHT="32" WC="0.96" CONTENT="beräknade"/><SP WIDTH="17" VPOS="1489" HPOS="1356"/>
							<String ID="string_237" HPOS="1373" VPOS="1489" WIDTH="231" HEIGHT="31" WC="0.96" CONTENT="kostnaderna"/>
						</TextLine>
						<TextLine ID="line_26" HPOS="101" VPOS="1539" WIDTH="1435" HEIGHT="42">
							<String ID="string_238" HPOS="101" VPOS="1539" WIDTH="115" HEIGHT="30" WC="0.96" CONTENT="kunna"/><SP WIDTH="22" VPOS="1539" HPOS="216"/>
							<String ID="string_239" HPOS="238" VPOS="1550" WIDTH="122" HEIGHT="29" WC="0.93" CONTENT="genom"/><SP WIDTH="24" VPOS="1550" HPOS="360"/>
							<String ID="string_240" HPOS="384" VPOS="1539" WIDTH="205" HEIGHT="41" WC="0.91" CONTENT="vidtagande"/><SP WIDTH="23" VPOS="1539" HPOS="589"/>
							<String ID="string_241" HPOS="612" VPOS="1551" WIDTH="41" HEIGHT="20" WC="0.96" CONTENT="av"/><SP WIDTH="23" VPOS="1551" HPOS="653"/>
							<String ID="string_242" HPOS="676" VPOS="1540" WIDTH="230" HEIGHT="41" WC="0.96" CONTENT="förenklingar"/><SP WIDTH="23" VPOS="1540" HPOS="906"/>
							<String ID="string_243" HPOS="929" VPOS="1540" WIDTH="82" HEIGHT="31" WC="0.96" CONTENT="eller"/><SP WIDTH="22" VPOS="1540" HPOS="1011"/>
							<String ID="string_244" HPOS="1033" VPOS="1542" WIDTH="44" HEIGHT="39" WC="0.96" CONTENT="på"/><SP WIDTH="23" VPOS="1542" HPOS="1077"/>
							<String ID="string_245" HPOS="1100" VPOS="1542" WIDTH="104" HEIGHT="29" WC="0.96" CONTENT="annat"/><SP WIDTH="24" VPOS="1542" HPOS="1204"/>
							<String ID="string_246" HPOS="1228" VPOS="1542" WIDTH="67" HEIGHT="29" WC="0.93" CONTENT="sätt"/><SP WIDTH="23" VPOS="1542" HPOS="1295"/>
							<String ID="string_247" HPOS="1318" VPOS="1540" WIDTH="218" HEIGHT="40" WC="0.92" CONTENT="nedbringas."/>
						</TextLine>
						<TextLine ID="line_27" HPOS="154" VPOS="1589" WIDTH="1450" HEIGHT="42">
							<String ID="string_248" HPOS="154" VPOS="1589" WIDTH="74" HEIGHT="31" WC="0.96" CONTENT="Vad"/><SP WIDTH="34" VPOS="1589" HPOS="228"/>
							<String ID="string_249" HPOS="262" VPOS="1590" WIDTH="147" HEIGHT="30" WC="0.96" CONTENT="härefter"/><SP WIDTH="33" VPOS="1590" HPOS="409"/>
							<String ID="string_250" HPOS="442" VPOS="1592" WIDTH="103" HEIGHT="38" WC="0.96" CONTENT="angår"/><SP WIDTH="28" VPOS="1592" HPOS="545"/>
							<String ID="string_251" HPOS="573" VPOS="1590" WIDTH="116" HEIGHT="41" WC="0.76" CONTENT="Tånga"/><SP WIDTH="23" VPOS="1590" HPOS="689"/>
							<String ID="string_252" HPOS="712" VPOS="1591" WIDTH="75" HEIGHT="37" WC="0.96" CONTENT="hed,"/><SP WIDTH="25" VPOS="1591" HPOS="787"/>
							<String ID="string_253" HPOS="812" VPOS="1590" WIDTH="61" HEIGHT="31" WC="0.96" CONTENT="har"/><SP WIDTH="22" VPOS="1590" HPOS="873"/>
							<String ID="string_254" HPOS="895" VPOS="1591" WIDTH="56" HEIGHT="40" WC="0.96" CONTENT="jag"/><SP WIDTH="23" VPOS="1591" HPOS="951"/>
							<String ID="string_255" HPOS="974" VPOS="1590" WIDTH="56" HEIGHT="31" WC="0.96" CONTENT="vid"/><SP WIDTH="24" VPOS="1590" HPOS="1030"/>
							<String ID="string_256" HPOS="1054" VPOS="1590" WIDTH="191" HEIGHT="41" WC="0.95" CONTENT="personligt"/><SP WIDTH="23" VPOS="1590" HPOS="1245"/>
							<String ID="string_257" HPOS="1268" VPOS="1590" WIDTH="106" HEIGHT="31" WC="0.96" CONTENT="besök"/><SP WIDTH="23" VPOS="1590" HPOS="1374"/>
							<String ID="string_258" HPOS="1397" VPOS="1590" WIDTH="85" HEIGHT="31" WC="0.96" CONTENT="varit"/><SP WIDTH="24" VPOS="1590" HPOS="1482"/>
							<String ID="string_259" HPOS="1506" VPOS="1590" WIDTH="9" HEIGHT="30" WC="0.93" CONTENT="i"/><SP WIDTH="25" VPOS="1590" HPOS="1515"/>
							<String ID="string_260" HPOS="1540" VPOS="1591" WIDTH="64" HEIGHT="30" WC="0.92" CONTENT="till-"/>
						</TextLine>
						<TextLine ID="line_28" HPOS="102" VPOS="1639" WIDTH="1503" HEIGHT="43">
							<String ID="string_261" HPOS="102" VPOS="1639" WIDTH="78" HEIGHT="31" WC="0.92" CONTENT="fälle"/><SP WIDTH="35" VPOS="1639" HPOS="180"/>
							<String ID="string_262" HPOS="215" VPOS="1642" WIDTH="47" HEIGHT="28" WC="0.95" CONTENT="att"/><SP WIDTH="34" VPOS="1642" HPOS="262"/>
							<String ID="string_263" HPOS="296" VPOS="1640" WIDTH="206" HEIGHT="37" WC="0.96" CONTENT="konstatera,"/><SP WIDTH="25" VPOS="1640" HPOS="502"/>
							<String ID="string_264" HPOS="527" VPOS="1643" WIDTH="49" HEIGHT="28" WC="0.96" CONTENT="att"/><SP WIDTH="34" VPOS="1643" HPOS="576"/>
							<String ID="string_265" HPOS="610" VPOS="1641" WIDTH="42" HEIGHT="30" WC="0.96" CONTENT="de"/><SP WIDTH="24" VPOS="1641" HPOS="652"/>
							<String ID="string_266" HPOS="676" VPOS="1641" WIDTH="269" HEIGHT="41" WC="0.92" CONTENT="anmärkningar,"/><SP WIDTH="26" VPOS="1641" HPOS="945"/>
							<String ID="string_267" HPOS="971" VPOS="1652" WIDTH="73" HEIGHT="20" WC="0.96" CONTENT="som"/><SP WIDTH="24" VPOS="1652" HPOS="1044"/>
							<String ID="string_268" HPOS="1068" VPOS="1641" WIDTH="122" HEIGHT="31" WC="0.96" CONTENT="riktats"/><SP WIDTH="24" VPOS="1641" HPOS="1190"/>
							<String ID="string_269" HPOS="1214" VPOS="1643" WIDTH="70" HEIGHT="29" WC="0.93" CONTENT="mot"/><SP WIDTH="23" VPOS="1643" HPOS="1284"/>
							<String ID="string_270" HPOS="1307" VPOS="1641" WIDTH="298" HEIGHT="41" WC="0.91" CONTENT="förläggningsför-"/>
						</TextLine>
						<TextLine ID="line_29" HPOS="101" VPOS="1690" WIDTH="1500" HEIGHT="43">
							<String ID="string_271" HPOS="101" VPOS="1690" WIDTH="205" HEIGHT="31" WC="0.91" CONTENT="hållandena"/><SP WIDTH="23" VPOS="1690" HPOS="306"/>
							<String ID="string_272" HPOS="329" VPOS="1690" WIDTH="187" HEIGHT="37" WC="0.95" CONTENT="därstädes,"/><SP WIDTH="25" VPOS="1690" HPOS="516"/>
							<String ID="string_273" HPOS="541" VPOS="1693" WIDTH="57" HEIGHT="29" WC="0.96" CONTENT="äro"/><SP WIDTH="25" VPOS="1693" HPOS="598"/>
							<String ID="string_274" HPOS="623" VPOS="1691" WIDTH="77" HEIGHT="31" WC="0.96" CONTENT="fullt"/><SP WIDTH="22" VPOS="1691" HPOS="700"/>
							<String ID="string_275" HPOS="722" VPOS="1691" WIDTH="222" HEIGHT="42" WC="0.93" CONTENT="berättigade."/><SP WIDTH="46" VPOS="1691" HPOS="944"/>
							<String ID="string_276" HPOS="990" VPOS="1691" WIDTH="286" HEIGHT="42" WC="0.82" CONTENT="Anordningarna"/><SP WIDTH="23" VPOS="1691" HPOS="1276"/>
							<String ID="string_277" HPOS="1299" VPOS="1692" WIDTH="51" HEIGHT="30" WC="0.96" CONTENT="för"/><SP WIDTH="27" VPOS="1692" HPOS="1350"/>
							<String ID="string_278" HPOS="1377" VPOS="1692" WIDTH="224" HEIGHT="41" WC="0.95" CONTENT="personalens"/>
						</TextLine>
						<TextLine ID="line_30" HPOS="103" VPOS="1741" WIDTH="1499" HEIGHT="42">
							<String ID="string_279" HPOS="103" VPOS="1741" WIDTH="213" HEIGHT="41" WC="0.95" CONTENT="förläggning"/><SP WIDTH="34" VPOS="1741" HPOS="316"/>
							<String ID="string_280" HPOS="350" VPOS="1743" WIDTH="57" HEIGHT="29" WC="0.69" CONTENT="äro"/><SP WIDTH="34" VPOS="1743" HPOS="407"/>
							<String ID="string_281" HPOS="441" VPOS="1741" WIDTH="11" HEIGHT="31" WC="0.83" CONTENT="1"/><SP WIDTH="34" VPOS="1741" HPOS="452"/>
							<String ID="string_282" HPOS="486" VPOS="1742" WIDTH="67" HEIGHT="40" WC="0.96" CONTENT="hög"/><SP WIDTH="26" VPOS="1742" HPOS="553"/>
							<String ID="string_283" HPOS="579" VPOS="1742" WIDTH="83" HEIGHT="41" WC="0.93" CONTENT="grad"/><SP WIDTH="24" VPOS="1742" HPOS="662"/>
							<String ID="string_284" HPOS="686" VPOS="1742" WIDTH="207" HEIGHT="41" WC="0.91" CONTENT="otidsenliga"/><SP WIDTH="23" VPOS="1742" HPOS="893"/>
							<String ID="string_285" HPOS="916" VPOS="1742" WIDTH="63" HEIGHT="31" WC="0.96" CONTENT="och"/><SP WIDTH="24" VPOS="1742" HPOS="979"/>
							<String ID="string_286" HPOS="1003" VPOS="1742" WIDTH="114" HEIGHT="31" WC="0.96" CONTENT="därtill"/><SP WIDTH="25" VPOS="1742" HPOS="1117"/>
							<String ID="string_287" HPOS="1142" VPOS="1742" WIDTH="218" HEIGHT="41" WC="0.96" CONTENT="synnerligen"/><SP WIDTH="24" VPOS="1742" HPOS="1360"/>
							<String ID="string_288" HPOS="1384" VPOS="1742" WIDTH="218" HEIGHT="41" WC="0.95" CONTENT="bristfälliga;"/>
						</TextLine>
						<TextLine ID="line_31" HPOS="101" VPOS="1791" WIDTH="1503" HEIGHT="42">
							<String ID="string_289" HPOS="101" VPOS="1791" WIDTH="121" HEIGHT="31" WC="0.96" CONTENT="härvid"/><SP WIDTH="33" VPOS="1791" HPOS="222"/>
							<String ID="string_290" HPOS="255" VPOS="1791" WIDTH="62" HEIGHT="31" WC="0.95" CONTENT="bör"/><SP WIDTH="34" VPOS="1791" HPOS="317"/>
							<String ID="string_291" HPOS="351" VPOS="1792" WIDTH="138" HEIGHT="31" WC="0.92" CONTENT="särskilt"/><SP WIDTH="34" VPOS="1792" HPOS="489"/>
							<String ID="string_292" HPOS="523" VPOS="1793" WIDTH="244" HEIGHT="40" WC="0.96" CONTENT="understrykas"/><SP WIDTH="31" VPOS="1793" HPOS="767"/>
							<String ID="string_293" HPOS="798" VPOS="1793" WIDTH="58" HEIGHT="31" WC="0.92" CONTENT="det"/><SP WIDTH="23" VPOS="1793" HPOS="856"/>
							<String ID="string_294" HPOS="879" VPOS="1793" WIDTH="340" HEIGHT="31" WC="0.92" CONTENT="otillfredsställande"/><SP WIDTH="24" VPOS="1793" HPOS="1219"/>
							<String ID="string_295" HPOS="1243" VPOS="1793" WIDTH="59" HEIGHT="37" WC="0.95" CONTENT="uti,"/><SP WIDTH="25" VPOS="1793" HPOS="1302"/>
							<String ID="string_296" HPOS="1327" VPOS="1795" WIDTH="49" HEIGHT="28" WC="0.96" CONTENT="att"/><SP WIDTH="23" VPOS="1795" HPOS="1376"/>
							<String ID="string_297" HPOS="1399" VPOS="1793" WIDTH="129" HEIGHT="30" WC="0.95" CONTENT="kronan"/><SP WIDTH="24" VPOS="1793" HPOS="1528"/>
							<String ID="string_298" HPOS="1552" VPOS="1794" WIDTH="52" HEIGHT="30" WC="0.96" CONTENT="för"/>
						</TextLine>
						<TextLine ID="line_32" HPOS="101" VPOS="1842" WIDTH="1502" HEIGHT="42">
							<String ID="string_299" HPOS="101" VPOS="1842" WIDTH="224" HEIGHT="40" WC="0.96" CONTENT="personalens"/><SP WIDTH="34" VPOS="1842" HPOS="325"/>
							<String ID="string_300" HPOS="359" VPOS="1842" WIDTH="230" HEIGHT="42" WC="0.96" CONTENT="inkvartering"/><SP WIDTH="34" VPOS="1842" HPOS="589"/>
							<String ID="string_301" HPOS="623" VPOS="1844" WIDTH="109" HEIGHT="30" WC="0.96" CONTENT="under"/><SP WIDTH="34" VPOS="1844" HPOS="732"/>
							<String ID="string_302" HPOS="766" VPOS="1844" WIDTH="41" HEIGHT="30" WC="0.95" CONTENT="de"/><SP WIDTH="35" VPOS="1844" HPOS="807"/>
							<String ID="string_303" HPOS="842" VPOS="1843" WIDTH="167" HEIGHT="41" WC="0.96" CONTENT="perioder,"/><SP WIDTH="36" VPOS="1843" HPOS="1009"/>
							<String ID="string_304" HPOS="1045" VPOS="1846" WIDTH="211" HEIGHT="37" WC="0.96" CONTENT="regementet"/><SP WIDTH="31" VPOS="1846" HPOS="1256"/>
							<String ID="string_305" HPOS="1287" VPOS="1843" WIDTH="108" HEIGHT="31" WC="0.96" CONTENT="under"/><SP WIDTH="30" VPOS="1843" HPOS="1395"/>
							<String ID="string_306" HPOS="1425" VPOS="1844" WIDTH="42" HEIGHT="30" WC="0.96" CONTENT="de"/><SP WIDTH="30" VPOS="1844" HPOS="1467"/>
							<String ID="string_307" HPOS="1497" VPOS="1843" WIDTH="106" HEIGHT="41" WC="0.95" CONTENT="årliga"/>
						</TextLine>
						<TextLine ID="line_33" HPOS="100" VPOS="1892" WIDTH="1502" HEIGHT="42">
							<String ID="string_308" HPOS="100" VPOS="1892" WIDTH="417" HEIGHT="42" WC="0.90" CONTENT="repetitionsövningarna"/><SP WIDTH="22" VPOS="1892" HPOS="517"/>
							<String ID="string_309" HPOS="539" VPOS="1893" WIDTH="170" HEIGHT="41" WC="0.92" CONTENT="förlägges"/><SP WIDTH="24" VPOS="1893" HPOS="709"/>
							<String ID="string_310" HPOS="733" VPOS="1894" WIDTH="52" HEIGHT="30" WC="0.96" CONTENT="till"/><SP WIDTH="23" VPOS="1894" HPOS="785"/>
							<String ID="string_311" HPOS="808" VPOS="1893" WIDTH="122" HEIGHT="38" WC="0.96" CONTENT="heden,"/><SP WIDTH="24" VPOS="1893" HPOS="930"/>
							<String ID="string_312" HPOS="954" VPOS="1894" WIDTH="73" HEIGHT="30" WC="0.96" CONTENT="icke"/><SP WIDTH="25" VPOS="1894" HPOS="1027"/>
							<String ID="string_313" HPOS="1052" VPOS="1893" WIDTH="276" HEIGHT="31" WC="0.96" CONTENT="tillhandahåller"/><SP WIDTH="23" VPOS="1893" HPOS="1328"/>
							<String ID="string_314" HPOS="1351" VPOS="1896" WIDTH="103" HEIGHT="28" WC="0.95" CONTENT="annat"/><SP WIDTH="17" VPOS="1896" HPOS="1454"/>
							<String ID="string_315" HPOS="1471" VPOS="1896" WIDTH="41" HEIGHT="28" WC="0.96" CONTENT="än"/><SP WIDTH="18" VPOS="1896" HPOS="1512"/>
							<String ID="string_316" HPOS="1530" VPOS="1895" WIDTH="72" HEIGHT="30" WC="0.95" CONTENT="tält."/>
						</TextLine>
						<TextLine ID="line_34" HPOS="99" VPOS="1942" WIDTH="1504" HEIGHT="43">
							<String ID="string_317" HPOS="99" VPOS="1942" WIDTH="126" HEIGHT="31" WC="0.96" CONTENT="Vidare"/><SP WIDTH="35" VPOS="1942" HPOS="225"/>
							<String ID="string_318" HPOS="260" VPOS="1954" WIDTH="102" HEIGHT="29" WC="0.96" CONTENT="synas"/><SP WIDTH="35" VPOS="1954" HPOS="362"/>
							<String ID="string_319" HPOS="397" VPOS="1943" WIDTH="276" HEIGHT="40" WC="0.95" CONTENT="anordningarna"/><SP WIDTH="26" VPOS="1943" HPOS="673"/>
							<String ID="string_320" HPOS="699" VPOS="1944" WIDTH="52" HEIGHT="30" WC="0.93" CONTENT="för"/><SP WIDTH="23" VPOS="1944" HPOS="751"/>
							<String ID="string_321" HPOS="774" VPOS="1944" WIDTH="219" HEIGHT="40" WC="0.92" CONTENT="manskapets"/><SP WIDTH="24" VPOS="1944" HPOS="993"/>
							<String ID="string_322" HPOS="1017" VPOS="1943" WIDTH="198" HEIGHT="42" WC="0.92" CONTENT="utspisning"/><SP WIDTH="24" VPOS="1943" HPOS="1215"/>
							<String ID="string_323" HPOS="1239" VPOS="1946" WIDTH="87" HEIGHT="28" WC="0.96" CONTENT="samt"/><SP WIDTH="23" VPOS="1946" HPOS="1326"/>
							<String ID="string_324" HPOS="1349" VPOS="1944" WIDTH="52" HEIGHT="30" WC="0.96" CONTENT="för"/><SP WIDTH="22" VPOS="1944" HPOS="1401"/>
							<String ID="string_325" HPOS="1423" VPOS="1944" WIDTH="180" HEIGHT="30" WC="0.95" CONTENT="hästarnas"/>
						</TextLine>
						<TextLine ID="line_35" HPOS="102" VPOS="1993" WIDTH="1501" HEIGHT="41">
							<String ID="string_326" HPOS="102" VPOS="1993" WIDTH="240" HEIGHT="40" WC="0.90" CONTENT="uppstallande"/><SP WIDTH="34" VPOS="1993" HPOS="342"/>
							<String ID="string_327" HPOS="376" VPOS="2004" WIDTH="79" HEIGHT="19" WC="0.95" CONTENT="vara"/><SP WIDTH="32" VPOS="2004" HPOS="455"/>
							<String ID="string_328" HPOS="487" VPOS="1993" WIDTH="10" HEIGHT="30" WC="0.95" CONTENT="i"/><SP WIDTH="32" VPOS="1993" HPOS="497"/>
							<String ID="string_329" HPOS="529" VPOS="1993" WIDTH="188" HEIGHT="41" WC="0.95" CONTENT="trängande"/><SP WIDTH="22" VPOS="1993" HPOS="717"/>
							<String ID="string_330" HPOS="739" VPOS="1993" WIDTH="112" HEIGHT="31" WC="0.96" CONTENT="behov"/><SP WIDTH="24" VPOS="1993" HPOS="851"/>
							<String ID="string_331" HPOS="875" VPOS="2005" WIDTH="39" HEIGHT="19" WC="0.96" CONTENT="av"/><SP WIDTH="23" VPOS="2005" HPOS="914"/>
							<String ID="string_332" HPOS="937" VPOS="1993" WIDTH="214" HEIGHT="41" WC="0.94" CONTENT="förbättring."/><SP WIDTH="47" VPOS="1993" HPOS="1151"/>
							<String ID="string_333" HPOS="1198" VPOS="1994" WIDTH="65" HEIGHT="40" WC="0.96" CONTENT="Jag"/><SP WIDTH="23" VPOS="1994" HPOS="1263"/>
							<String ID="string_334" HPOS="1286" VPOS="1994" WIDTH="60" HEIGHT="30" WC="0.95" CONTENT="har"/><SP WIDTH="24" VPOS="1994" HPOS="1346"/>
							<String ID="string_335" HPOS="1370" VPOS="1993" WIDTH="108" HEIGHT="31" WC="0.96" CONTENT="under"/><SP WIDTH="23" VPOS="1993" HPOS="1478"/>
							<String ID="string_336" HPOS="1501" VPOS="1994" WIDTH="102" HEIGHT="31" WC="0.96" CONTENT="dessa"/>
						</TextLine>
						<TextLine ID="line_36" HPOS="101" VPOS="2043" WIDTH="1502" HEIGHT="42">
							<String ID="string_337" HPOS="101" VPOS="2043" WIDTH="234" HEIGHT="31" WC="0.96" CONTENT="förhållanden"/><SP WIDTH="37" VPOS="2043" HPOS="335"/>
							<String ID="string_338" HPOS="372" VPOS="2043" WIDTH="112" HEIGHT="31" WC="0.95" CONTENT="funnit"/><SP WIDTH="34" VPOS="2043" HPOS="484"/>
							<String ID="string_339" HPOS="518" VPOS="2044" WIDTH="57" HEIGHT="30" WC="0.95" CONTENT="det"/><SP WIDTH="34" VPOS="2044" HPOS="575"/>
							<String ID="string_340" HPOS="609" VPOS="2044" WIDTH="189" HEIGHT="41" WC="0.96" CONTENT="angeläget,"/><SP WIDTH="24" VPOS="2044" HPOS="798"/>
							<String ID="string_341" HPOS="822" VPOS="2046" WIDTH="49" HEIGHT="29" WC="0.96" CONTENT="att"/><SP WIDTH="35" VPOS="2046" HPOS="871"/>
							<String ID="string_342" HPOS="906" VPOS="2044" WIDTH="155" HEIGHT="41" WC="0.96" CONTENT="åtgärder"/><SP WIDTH="33" VPOS="2044" HPOS="1061"/>
							<String ID="string_343" HPOS="1094" VPOS="2055" WIDTH="46" HEIGHT="19" WC="0.95" CONTENT="nu"/><SP WIDTH="24" VPOS="2055" HPOS="1140"/>
							<String ID="string_344" HPOS="1164" VPOS="2044" WIDTH="155" HEIGHT="41" WC="0.95" CONTENT="vidtagas"/><SP WIDTH="24" VPOS="2044" HPOS="1319"/>
							<String ID="string_345" HPOS="1343" VPOS="2044" WIDTH="10" HEIGHT="30" WC="0.96" CONTENT="1"/><SP WIDTH="25" VPOS="2044" HPOS="1353"/>
							<String ID="string_346" HPOS="1378" VPOS="2045" WIDTH="87" HEIGHT="40" WC="0.95" CONTENT="syfte"/><SP WIDTH="24" VPOS="2045" HPOS="1465"/>
							<String ID="string_347" HPOS="1489" VPOS="2046" WIDTH="49" HEIGHT="29" WC="0.96" CONTENT="att"/><SP WIDTH="23" VPOS="2046" HPOS="1538"/>
							<String ID="string_348" HPOS="1561" VPOS="2045" WIDTH="42" HEIGHT="30" WC="0.96" CONTENT="de"/>
						</TextLine>
						<TextLine ID="line_37" HPOS="102" VPOS="2094" WIDTH="1500" HEIGHT="42">
							<String ID="string_349" HPOS="102" VPOS="2105" WIDTH="92" HEIGHT="19" WC="0.94" CONTENT="mera"/><SP WIDTH="33" VPOS="2105" HPOS="194"/>
							<String ID="string_350" HPOS="227" VPOS="2094" WIDTH="170" HEIGHT="40" WC="0.94" CONTENT="påtagliga"/><SP WIDTH="34" VPOS="2094" HPOS="397"/>
							<String ID="string_351" HPOS="431" VPOS="2094" WIDTH="170" HEIGHT="31" WC="0.95" CONTENT="bristerna"/><SP WIDTH="34" VPOS="2094" HPOS="601"/>
							<String ID="string_352" HPOS="635" VPOS="2095" WIDTH="9" HEIGHT="30" WC="0.62" CONTENT="1"/><SP WIDTH="37" VPOS="2095" HPOS="644"/>
							<String ID="string_353" HPOS="681" VPOS="2095" WIDTH="91" HEIGHT="40" WC="0.96" CONTENT="fråga"/><SP WIDTH="33" VPOS="2095" HPOS="772"/>
							<String ID="string_354" HPOS="805" VPOS="2106" WIDTH="54" HEIGHT="19" WC="0.89" CONTENT="om"/><SP WIDTH="36" VPOS="2106" HPOS="859"/>
							<String ID="string_355" HPOS="895" VPOS="2095" WIDTH="256" HEIGHT="40" WC="0.58" CONTENT="förläggningen"/><SP WIDTH="36" VPOS="2095" HPOS="1151"/>
							<String ID="string_356" HPOS="1187" VPOS="2095" WIDTH="135" HEIGHT="30" WC="0.96" CONTENT="komma"/><SP WIDTH="23" VPOS="2095" HPOS="1322"/>
							<String ID="string_357" HPOS="1345" VPOS="2096" WIDTH="50" HEIGHT="29" WC="0.96" CONTENT="att"/><SP WIDTH="23" VPOS="2096" HPOS="1395"/>
							<String ID="string_358" HPOS="1418" VPOS="2095" WIDTH="184" HEIGHT="41" WC="0.95" CONTENT="avhjälpas."/>
						</TextLine>
						<TextLine ID="line_38" HPOS="102" VPOS="2144" WIDTH="1498" HEIGHT="42">
							<String ID="string_359" HPOS="102" VPOS="2144" WIDTH="77" HEIGHT="31" WC="0.96" CONTENT="Mot"/><SP WIDTH="24" VPOS="2144" HPOS="179"/>
							<String ID="string_360" HPOS="203" VPOS="2146" WIDTH="48" HEIGHT="29" WC="0.96" CONTENT="att"/><SP WIDTH="23" VPOS="2146" HPOS="251"/>
							<String ID="string_361" HPOS="274" VPOS="2144" WIDTH="229" HEIGHT="31" WC="0.96" CONTENT="kostnaderna"/><SP WIDTH="23" VPOS="2144" HPOS="503"/>
							<String ID="string_362" HPOS="526" VPOS="2144" WIDTH="115" HEIGHT="31" WC="0.95" CONTENT="härför"/><SP WIDTH="23" VPOS="2144" HPOS="641"/>
							<String ID="string_363" HPOS="664" VPOS="2145" WIDTH="171" HEIGHT="31" WC="0.96" CONTENT="bestridas"/><SP WIDTH="24" VPOS="2145" HPOS="835"/>
							<String ID="string_364" HPOS="859" VPOS="2157" WIDTH="39" HEIGHT="19" WC="0.93" CONTENT="av"/><SP WIDTH="25" VPOS="2157" HPOS="898"/>
							<String ID="string_365" HPOS="923" VPOS="2145" WIDTH="223" HEIGHT="31" WC="0.86" CONTENT="omförmälda"/><SP WIDTH="24" VPOS="2145" HPOS="1146"/>
							<String ID="string_366" HPOS="1170" VPOS="2145" WIDTH="336" HEIGHT="41" WC="0.90" CONTENT="ersättningsbelopp"/><SP WIDTH="24" VPOS="2145" HPOS="1506"/>
							<String ID="string_367" HPOS="1530" VPOS="2147" WIDTH="70" HEIGHT="29" WC="0.96" CONTENT="från"/>
						</TextLine>
						<TextLine ID="line_39" HPOS="102" VPOS="2195" WIDTH="1500" HEIGHT="41">
							<String ID="string_368" HPOS="102" VPOS="2195" WIDTH="193" HEIGHT="40" WC="0.94" CONTENT="Göteborgs"/><SP WIDTH="35" VPOS="2195" HPOS="295"/>
							<String ID="string_369" HPOS="330" VPOS="2195" WIDTH="76" HEIGHT="31" WC="0.96" CONTENT="stad"/><SP WIDTH="34" VPOS="2195" HPOS="406"/>
							<String ID="string_370" HPOS="440" VPOS="2195" WIDTH="60" HEIGHT="30" WC="0.96" CONTENT="har"/><SP WIDTH="32" VPOS="2195" HPOS="500"/>
							<String ID="string_371" HPOS="532" VPOS="2196" WIDTH="55" HEIGHT="40" WC="0.95" CONTENT="jag"/><SP WIDTH="34" VPOS="2196" HPOS="587"/>
							<String ID="string_372" HPOS="621" VPOS="2195" WIDTH="73" HEIGHT="31" WC="0.96" CONTENT="icke"/><SP WIDTH="28" VPOS="2195" HPOS="694"/>
							<String ID="string_373" HPOS="722" VPOS="2197" WIDTH="104" HEIGHT="38" WC="0.96" CONTENT="något"/><SP WIDTH="23" VPOS="2197" HPOS="826"/>
							<String ID="string_374" HPOS="849" VPOS="2198" WIDTH="50" HEIGHT="28" WC="0.96" CONTENT="att"/><SP WIDTH="24" VPOS="2198" HPOS="899"/>
							<String ID="string_375" HPOS="923" VPOS="2196" WIDTH="119" HEIGHT="30" WC="0.94" CONTENT="erinra."/><SP WIDTH="49" VPOS="2196" HPOS="1042"/>
							<String ID="string_376" HPOS="1091" VPOS="2196" WIDTH="199" HEIGHT="30" WC="0.96" CONTENT="Emellertid"/><SP WIDTH="24" VPOS="2196" HPOS="1290"/>
							<String ID="string_377" HPOS="1314" VPOS="2196" WIDTH="108" HEIGHT="30" WC="0.96" CONTENT="håller"/><SP WIDTH="21" VPOS="2196" HPOS="1422"/>
							<String ID="string_378" HPOS="1443" VPOS="2196" WIDTH="55" HEIGHT="40" WC="0.96" CONTENT="jag"/><SP WIDTH="23" VPOS="2196" HPOS="1498"/>
							<String ID="string_379" HPOS="1521" VPOS="2196" WIDTH="81" HEIGHT="37" WC="0.95" CONTENT="före,"/>
						</TextLine>
						<TextLine ID="line_40" HPOS="102" VPOS="2245" WIDTH="1501" HEIGHT="41">
							<String ID="string_380" HPOS="102" VPOS="2247" WIDTH="50" HEIGHT="28" WC="0.94" CONTENT="att"/><SP WIDTH="34" VPOS="2247" HPOS="152"/>
							<String ID="string_381" HPOS="186" VPOS="2245" WIDTH="230" HEIGHT="31" WC="0.94" CONTENT="kostnaderna"/><SP WIDTH="35" VPOS="2245" HPOS="416"/>
							<String ID="string_382" HPOS="451" VPOS="2246" WIDTH="50" HEIGHT="30" WC="0.91" CONTENT="för"/><SP WIDTH="33" VPOS="2246" HPOS="501"/>
							<String ID="string_383" HPOS="534" VPOS="2246" WIDTH="277" HEIGHT="40" WC="0.91" CONTENT="förläggningens"/><SP WIDTH="36" VPOS="2246" HPOS="811"/>
							<String ID="string_384" HPOS="847" VPOS="2245" WIDTH="175" HEIGHT="31" WC="0.95" CONTENT="ordnande"/><SP WIDTH="34" VPOS="2245" HPOS="1022"/>
							<String ID="string_385" HPOS="1056" VPOS="2246" WIDTH="84" HEIGHT="30" WC="0.96" CONTENT="böra"/><SP WIDTH="33" VPOS="2246" HPOS="1140"/>
							<String ID="string_386" HPOS="1173" VPOS="2246" WIDTH="115" HEIGHT="30" WC="0.96" CONTENT="kunna"/><SP WIDTH="32" VPOS="2246" HPOS="1288"/>
							<String ID="string_387" HPOS="1320" VPOS="2246" WIDTH="183" HEIGHT="40" WC="0.63" CONTENT="väsentligt"/><SP WIDTH="22" VPOS="2246" HPOS="1503"/>
							<String ID="string_388" HPOS="1525" VPOS="2246" WIDTH="78" HEIGHT="30" WC="0.90" CONTENT="ned-"/>
						</TextLine>
						<TextLine ID="line_41" HPOS="101" VPOS="2294" WIDTH="1503" HEIGHT="42">
							<String ID="string_389" HPOS="101" VPOS="2294" WIDTH="139" HEIGHT="39" WC="0.92" CONTENT="bringas"/><SP WIDTH="34" VPOS="2294" HPOS="240"/>
							<String ID="string_390" HPOS="274" VPOS="2295" WIDTH="7" HEIGHT="30" WC="0.90" CONTENT="1"/><SP WIDTH="38" VPOS="2295" HPOS="281"/>
							<String ID="string_391" HPOS="319" VPOS="2295" WIDTH="210" HEIGHT="30" WC="0.94" CONTENT="förhållande"/><SP WIDTH="36" VPOS="2295" HPOS="529"/>
							<String ID="string_392" HPOS="565" VPOS="2295" WIDTH="51" HEIGHT="30" WC="0.95" CONTENT="till"/><SP WIDTH="32" VPOS="2295" HPOS="616"/>
							<String ID="string_393" HPOS="648" VPOS="2296" WIDTH="65" HEIGHT="30" WC="0.96" CONTENT="den"/><SP WIDTH="28" VPOS="2296" HPOS="713"/>
							<String ID="string_394" HPOS="741" VPOS="2308" WIDTH="39" HEIGHT="18" WC="0.96" CONTENT="av"/><SP WIDTH="25" VPOS="2308" HPOS="780"/>
							<String ID="string_395" HPOS="805" VPOS="2296" WIDTH="283" HEIGHT="40" WC="0.96" CONTENT="myndigheterna"/><SP WIDTH="23" VPOS="2296" HPOS="1088"/>
							<String ID="string_396" HPOS="1111" VPOS="2296" WIDTH="145" HEIGHT="39" WC="0.96" CONTENT="angivna"/><SP WIDTH="23" VPOS="2296" HPOS="1256"/>
							<String ID="string_397" HPOS="1279" VPOS="2307" WIDTH="165" HEIGHT="25" WC="0.92" CONTENT="summan,"/><SP WIDTH="25" VPOS="2307" HPOS="1444"/>
							<String ID="string_398" HPOS="1469" VPOS="2296" WIDTH="135" HEIGHT="37" WC="0.90" CONTENT="270,730"/>
						</TextLine>
						<TextLine ID="line_42" HPOS="104" VPOS="2345" WIDTH="132" HEIGHT="30">
							<String ID="string_399" HPOS="104" VPOS="2345" WIDTH="132" HEIGHT="30" WC="0.95" CONTENT="kronor."/>
						</TextLine>
						<TextLine ID="line_43" HPOS="170" VPOS="2395" WIDTH="1432" HEIGHT="41">
							<String ID="string_400" HPOS="170" VPOS="2395" WIDTH="308" HEIGHT="39" WC="0.0" CONTENT="tegementschefen"/><SP WIDTH="40" VPOS="2395" HPOS="478"/>
							<String ID="string_401" HPOS="518" VPOS="2395" WIDTH="57" HEIGHT="30" WC="0.95" CONTENT="har"/><SP WIDTH="35" VPOS="2395" HPOS="575"/>
							<String ID="string_402" HPOS="610" VPOS="2396" WIDTH="209" HEIGHT="30" WC="0.90" CONTENT="beträffande"/><SP WIDTH="24" VPOS="2396" HPOS="819"/>
							<String ID="string_403" HPOS="843" VPOS="2395" WIDTH="275" HEIGHT="41" WC="0.95" CONTENT="anordningarna"/><SP WIDTH="24" VPOS="2395" HPOS="1118"/>
							<String ID="string_404" HPOS="1142" VPOS="2397" WIDTH="51" HEIGHT="29" WC="0.96" CONTENT="för"/><SP WIDTH="24" VPOS="2397" HPOS="1193"/>
							<String ID="string_405" HPOS="1217" VPOS="2396" WIDTH="222" HEIGHT="40" WC="0.92" CONTENT="personalens"/><SP WIDTH="24" VPOS="2396" HPOS="1439"/>
							<String ID="string_406" HPOS="1463" VPOS="2396" WIDTH="139" HEIGHT="39" WC="0.91" CONTENT="förlägg-"/>
						</TextLine>
						<TextLine ID="line_44" HPOS="105" VPOS="2445" WIDTH="1497" HEIGHT="41">
							<String ID="string_407" HPOS="105" VPOS="2445" WIDTH="80" HEIGHT="39" WC="0.95" CONTENT="ning"/><SP WIDTH="23" VPOS="2445" HPOS="185"/>
							<String ID="string_408" HPOS="208" VPOS="2445" WIDTH="97" HEIGHT="30" WC="0.95" CONTENT="väckt"/><SP WIDTH="23" VPOS="2445" HPOS="305"/>
							<String ID="string_409" HPOS="328" VPOS="2448" WIDTH="49" HEIGHT="27" WC="0.96" CONTENT="ett"/><SP WIDTH="23" VPOS="2448" HPOS="377"/>
							<String ID="string_410" HPOS="400" VPOS="2445" WIDTH="134" HEIGHT="40" WC="0.96" CONTENT="förslag,"/><SP WIDTH="26" VPOS="2445" HPOS="534"/>
							<String ID="string_411" HPOS="560" VPOS="2457" WIDTH="72" HEIGHT="19" WC="0.96" CONTENT="som"/><SP WIDTH="26" VPOS="2457" HPOS="632"/>
							<String ID="string_412" HPOS="658" VPOS="2448" WIDTH="58" HEIGHT="37" WC="0.96" CONTENT="går"/><SP WIDTH="23" VPOS="2448" HPOS="716"/>
							<String ID="string_413" HPOS="739" VPOS="2449" WIDTH="37" HEIGHT="27" WC="0.96" CONTENT="ut"/><SP WIDTH="23" VPOS="2449" HPOS="776"/>
							<String ID="string_414" HPOS="799" VPOS="2447" WIDTH="51" HEIGHT="39" WC="0.96" CONTENT="på,"/><SP WIDTH="26" VPOS="2447" HPOS="850"/>
							<String ID="string_415" HPOS="876" VPOS="2448" WIDTH="50" HEIGHT="28" WC="0.95" CONTENT="att"/><SP WIDTH="23" VPOS="2448" HPOS="926"/>
							<String ID="string_416" HPOS="949" VPOS="2447" WIDTH="51" HEIGHT="29" WC="0.96" CONTENT="för"/><SP WIDTH="23" VPOS="2447" HPOS="1000"/>
							<String ID="string_417" HPOS="1023" VPOS="2446" WIDTH="94" HEIGHT="30" WC="0.96" CONTENT="detta"/><SP WIDTH="23" VPOS="2446" HPOS="1117"/>
							<String ID="string_418" HPOS="1140" VPOS="2446" WIDTH="153" HEIGHT="30" WC="0.87" CONTENT="ändamål"/><SP WIDTH="20" VPOS="2446" HPOS="1293"/>
							<String ID="string_419" HPOS="1313" VPOS="2446" WIDTH="109" HEIGHT="30" WC="0.96" CONTENT="skulle"/><SP WIDTH="18" VPOS="2446" HPOS="1422"/>
							<String ID="string_420" HPOS="1440" VPOS="2447" WIDTH="162" HEIGHT="39" WC="0.96" CONTENT="uppföras"/>
						</TextLine>
						<TextLine ID="line_45" HPOS="104" VPOS="2495" WIDTH="1498" HEIGHT="42">
							<String ID="string_421" HPOS="104" VPOS="2495" WIDTH="157" HEIGHT="42" WC="0.93" CONTENT="flyttbara"/><SP WIDTH="33" VPOS="2495" HPOS="261"/>
							<String ID="string_422" HPOS="294" VPOS="2496" WIDTH="321" HEIGHT="40" WC="0.91" CONTENT="barackbyggnader"/><SP WIDTH="34" VPOS="2496" HPOS="615"/>
							<String ID="string_423" HPOS="649" VPOS="2508" WIDTH="39" HEIGHT="18" WC="0.95" CONTENT="av"/><SP WIDTH="36" VPOS="2508" HPOS="688"/>
							<String ID="string_424" HPOS="724" VPOS="2496" WIDTH="204" HEIGHT="39" WC="0.95" CONTENT="korrugerad"/><SP WIDTH="24" VPOS="2496" HPOS="928"/>
							<String ID="string_425" HPOS="952" VPOS="2496" WIDTH="79" HEIGHT="41" WC="0.95" CONTENT="plåt,"/><SP WIDTH="28" VPOS="2496" HPOS="1031"/>
							<String ID="string_426" HPOS="1059" VPOS="2496" WIDTH="176" HEIGHT="39" WC="0.96" CONTENT="invändigt"/><SP WIDTH="25" VPOS="2496" HPOS="1235"/>
							<String ID="string_427" HPOS="1260" VPOS="2496" WIDTH="157" HEIGHT="31" WC="0.96" CONTENT="försedda"/><SP WIDTH="24" VPOS="2496" HPOS="1417"/>
							<String ID="string_428" HPOS="1441" VPOS="2497" WIDTH="74" HEIGHT="30" WC="0.93" CONTENT="med"/><SP WIDTH="27" VPOS="2497" HPOS="1515"/>
							<String ID="string_429" HPOS="1542" VPOS="2499" WIDTH="60" HEIGHT="28" WC="0.73" CONTENT="trä-"/>
						</TextLine>
					</TextBlock>
				</ComposedBlock>
			</PrintSpace>
		</Page>
	</Layout>
</alto>
