1884 2784
392 169 125 29 Första
538 168 245 40 lagutskottets
805 168 180 30 utlåtande
1004 177 44 20 nr
1066 168 41 30 33
1126 168 40 29 år
1187 168 84 29 1957
1548 167 39 31 37

81 255 171 29 männens
275 255 9 28 i
305 254 211 29 berättelsen
537 254 120 39 gjorda
679 254 206 29 uttalanden
906 262 102 21 anses
1029 254 72 38 äga,
1123 252 11 29 i
1155 254 160 28 närmast
1335 252 156 38 följande
1512 254 73 29 äm-

80 305 262 29 betsberättelse
368 304 178 30 redovisar
571 305 65 29 vad
664 304 147 30 sålunda
837 303 236 31 förekommit.

124 355 177 30 Utskottet
325 355 147 29 föreslår
497 354 69 31 viss
589 354 233 31 redaktionell
848 355 150 40 ändring
1023 364 41 20 av
1084 355 155 39 lydelsen
1265 365 41 20 av
1332 356 41 30 13
1399 355 27 37 8.
1452 355 130 31 Genom

82 408 49 28 att
164 407 237 39 »klaganden>
436 406 138 39 utbytes
603 408 74 28 mot
712 407 87 29 »den
832 415 74 21 som
937 406 190 30 framställt
1159 406 208 40 anspråket>
1403 407 179 30 utmärkes

81 457 170 39 tydligare
277 457 44 29 än
346 465 123 32 genom
491 456 241 40 avfattningen
758 457 10 29 i
793 456 263 41 propositionen
1082 458 49 28 att
1157 457 190 40 anspråket
1371 458 77 30 icke
1473 457 110 31 måste

81 508 44 30 ha
145 508 123 30 väckts
290 516 123 32 genom
435 508 174 40 klagomål
631 510 96 33 utan,
750 508 115 30 såsom
887 508 106 30 också
1012 508 309 40 inledningsorden
1342 508 11 29 i
1374 509 209 39 paragrafen

82 566 114 32 anger,
221 559 71 30 kan
316 559 44 29 ha
382 558 223 40 uppkommit
626 559 45 39 på
694 560 108 29 annat
827 560 78 28 sätt.
928 559 130 30 Därvid
1081 559 205 30 förutsättes
1309 559 274 40 uppenbarligen

82 611 49 28 att
153 609 250 39 målsäganden
424 610 45 39 på
491 609 180 40 förfrågan
693 609 80 30 från
794 609 234 30 ombudsman
1050 610 191 29 framställt
1259 610 153 39 anspråk
1433 610 44 40 på
1498 612 86 38 gott-

82 660 131 39 görelse
241 660 55 30 för
324 660 118 35 skada,
471 669 74 21 som
572 659 179 31 åsamkats
779 668 124 31 genom
931 670 42 20 av
994 661 234 29 ombudsman
1255 661 328 39 uppmärksammat

55 728 2 2 »
82 710 161 40 felaktigt
264 710 203 30 förfarande
490 710 78 30 från
590 710 227 39 tjänsteman.

126 763 12 28 I
158 762 290 39 remissyttrande
467 762 81 29 över
569 762 81 30 1955
671 761 57 31 års
747 762 130 40 förslag
895 762 65 29 har
981 761 197 33 dåvarande
1197 762 387 39 justitieombudsman-

81 822 77 25 nen,
183 814 112 29 under
314 812 257 31 framhållande
595 822 42 20 av
659 814 51 28 att
734 812 268 40 redovisningen
1026 822 42 20 av
1090 813 127 39 Kungl.
1242 812 122 40 Maj:ts
1388 814 160 38 åtgärder
1571 813 12 30 i

81 863 190 41 anledning
298 873 42 20 av
365 863 115 30 beslut
507 864 64 29 och
597 863 304 40 framställningar
929 873 42 20 av
996 863 188 40 riksdagen
1212 865 38 28 är
1279 864 221 39 synnerligen
1526 864 57 29 be-

80 914 177 39 tungande
284 914 44 40 på
355 915 113 38 grund
496 924 42 20 av
561 914 177 30 brådskan
766 916 50 28 att
841 914 269 40 iordningställa
1137 915 116 29 denna
1278 914 222 40 redovisning
1525 914 56 30 för

80 964 187 40 intagande
294 965 10 29 i
331 965 356 34 ämbetsberättelsen,
715 965 185 39 ifrågasatt
927 974 56 20 om
1009 965 76 30 icke
1112 965 267 40 redovisningen
1406 965 118 31 kunde
1546 965 36 30 få

81 1016 180 30 avlämnas
288 1015 90 30 skild
403 1015 81 30 från
509 1016 346 29 ämbetsberättelsen
879 1016 66 29 och
969 1016 58 30 vid
1053 1025 41 21 en
1120 1025 121 20 senare
1268 1016 165 40 tidpunkt
1459 1017 44 29 än
1527 1016 56 30 be-

80 1066 177 30 rättelsen.
283 1066 102 30 Detta
411 1066 191 35 önskemål,
627 1067 110 30 vilket
763 1068 86 28 även
875 1068 67 29 den
968 1067 202 30 nuvarande
1195 1066 387 40 justitieombudsman-

80 1126 66 20 nen
174 1117 45 40 på
245 1116 181 40 förfrågan
448 1117 81 29 från
555 1117 171 30 utskottet
751 1117 245 30 understrukit
1022 1117 64 30 och
1114 1126 74 20 som
1216 1117 55 31 för
1297 1118 285 39 departementen

79 1167 275 40 uppenbarligen
376 1167 31 40 ej
434 1168 197 30 föranleder
654 1168 115 39 någon
792 1167 193 40 olägenhet,
1009 1168 63 30 har
1094 1168 172 29 utskottet
1288 1169 113 29 ansett
1425 1168 52 41 sig
1496 1168 86 30 böra

79 1218 221 40 tillmötesgå.
325 1219 66 29 För
415 1219 96 30 detta
530 1218 163 31 ändamål
716 1219 65 30 har
802 1218 72 32 viss
897 1218 257 40 omredigering
1178 1219 92 29 skett
1293 1228 42 20 av
1359 1219 39 30 18
1424 1218 28 37 8.

123 1270 13 30 I
162 1269 168 40 förslaget
354 1270 63 29 har
442 1270 42 30 de
510 1278 47 21 nu
578 1269 160 39 gällande
764 1269 320 30 instruktionernas
1112 1269 177 40 språkliga
1315 1270 231 39 uttryckssätt
1569 1269 12 30 i

81 1322 86 28 stort
185 1322 67 28 sett
268 1320 210 31 bibehållits.
498 1320 97 30 Inom
613 1321 172 30 utskottet
801 1320 64 30 har
881 1320 215 40 ifrågasatts,
1115 1320 175 30 huruvida
1307 1320 76 30 icke
1401 1330 42 20 en
1462 1320 121 40 språk-

80 1371 46 40 lig
153 1371 267 40 överarbetning
447 1371 107 30 borde
580 1371 73 36 ske,
682 1381 81 20 men
790 1370 44 31 då
861 1380 42 21 en
932 1371 222 39 grundligare
1182 1370 196 40 revidering
1405 1371 11 29 i
1445 1371 137 39 angivet

78 1422 199 29 hänseende
293 1422 110 29 skulle
419 1421 166 30 innebära
601 1431 42 20 en
658 1422 126 29 nästan
800 1421 258 40 genomgående
1074 1421 290 41 omformulering
1378 1430 42 21 av
1435 1422 40 29 de
1489 1420 93 31 olika

79 1472 309 30 bestämmelserna
413 1473 85 29 utan
523 1474 49 28 att
595 1472 160 30 medföra
779 1472 218 29 nämnvärda
1022 1471 132 39 sakliga
1178 1471 163 34 fördelar,
1364 1471 108 30 vilket
1495 1472 88 29 även

80 1522 213 30 framhållits
313 1522 11 29 i
345 1523 82 30 1955
449 1522 56 30 års
525 1522 140 40 förslag,
685 1522 65 30 har
768 1523 171 29 utskottet
960 1523 141 29 stannat
1121 1521 55 30 för
1196 1524 50 28 att
1265 1523 75 29 icke
1360 1522 142 30 förorda
1522 1521 60 30 nå-

80 1581 65 31 gon
169 1573 110 30 sådan
300 1573 276 40 överarbetning.

123 1624 48 29 På
192 1625 113 38 grund
326 1633 42 20 av
386 1625 67 29 vad
474 1623 148 31 sålunda
641 1623 137 31 anförts
799 1623 54 31 får
873 1624 172 30 utskottet
1062 1641 45 3 —
1125 1624 112 29 under
1258 1623 253 40 förutsättning
1531 1625 50 28 att

80 1675 55 30 det
153 1674 117 30 såsom
287 1674 138 30 vilande
444 1676 150 38 antagna
613 1674 168 40 förslaget
798 1674 53 30 till
870 1674 134 30 ändrad
1023 1674 129 39 lydelse
1170 1684 42 20 av
1230 1674 40 30 96
1290 1674 64 30 och
1373 1674 148 30 99—101
1541 1673 37 37 $$

80 1725 316 39 regeringsformen
418 1734 42 21 av
480 1724 186 40 riksdagen
688 1725 134 39 slutligt
844 1725 202 39 godkännes
1066 1743 44 2 —
1130 1725 195 36 hemställa,

434 1777 50 28 att
502 1775 196 40 riksdagen,
718 1776 78 29 med
815 1776 118 39 avslag
950 1775 19 30 å
987 1775 220 30 motionerna
1225 1775 45 30 II:
1287 1775 63 30 589
1368 1775 65 30 och
1447 1776 45 29 II:
1508 1775 72 34 609,

389 1826 109 29 måtte
522 1828 125 36 antaga
672 1827 57 29 det
751 1826 57 29 vid
832 1826 263 39 propositionen
1119 1826 124 38 fogade
1268 1826 166 39 förslaget
1457 1826 51 30 till
1530 1825 52 30 in-

390 1875 176 31 struktion
591 1877 54 29 för
669 1876 206 39 riksdagens
899 1876 235 30 ombudsmän
1158 1877 79 28 med
1262 1877 147 29 allenast
1433 1877 41 29 de
1500 1876 83 29 änd-

390 1926 165 39 ringarna
577 1928 49 28 att
650 1927 39 29 13
711 1927 65 28 och
800 1926 38 30 18
858 1926 37 37 $$
920 1926 147 29 erhåller
1089 1926 157 39 följande
1269 1927 143 39 lydelse:

223 2019 143 38 (Kungl.
386 2018 125 40 Maj:ts
531 2018 148 40 förslag)
1029 2017 213 35 (Utskottets
1262 2018 149 39 förslag)

403 2112 38 29 13
466 2112 27 35 8.

121 2170 238 39 Uppkommer
387 2170 99 38 fråga
514 2179 54 19 om
596 2170 129 29 enskilt
753 2179 58 20 an-

1177 2110 40 30 13
1240 2110 27 36 8.

899 2169 238 38 Uppkommer
1165 2168 99 39 fråga
1290 2177 56 20 om
1372 2168 129 30 enskilt
1527 2177 58 19 an-

80 2220 104 38 språk
208 2220 43 38 på
275 2220 111 38 grund
411 2229 41 19 av
476 2220 228 28 ämbetsbrott
728 2220 81 29 eller

78 2273 106 27 annat
222 2270 103 32 brott,
362 2269 198 37 varigenom
590 2269 218 29 ämbetsman

80 2319 170 30 åsidosatt
274 2319 52 29 sin
351 2319 230 39 tjänsteplikt,
605 2319 110 38 åligge
740 2328 71 19 om-

78 2370 174 28 budsman
280 2371 48 27 att
355 2369 136 29 biträda
519 2369 75 29 med
622 2370 187 37 utredning

77 2429 55 19 om
157 2420 139 32 brottet,
321 2420 119 28 oaktat
466 2420 104 28 straff
594 2419 120 29 därför
740 2420 68 28 för-

78 2470 99 28 fallit.
224 2469 113 30 Sådan
383 2469 197 39 skyldighet
623 2469 184 38 föreligger

855 2219 106 38 språk
984 2219 45 38 på
1052 2219 112 38 grund
1188 2228 42 18 av
1252 2218 229 29 ämbetsbrott
1503 2218 82 29 eller

854 2270 108 27 annat
998 2268 102 33 brott,
1138 2268 201 37 varigenom
1367 2268 217 29 ämbetsman

853 2318 170 29 åsidosatt
1049 2318 53 28 sin
1127 2317 219 38 tjänsteplikt
1374 2317 63 29 och
1463 2318 39 28 är
1525 2326 60 19 an-

855 2368 145 39 språket
1022 2368 72 29 icke
1116 2367 247 39 preskriberat,
1386 2367 109 38 åligge
1516 2375 70 20 om-

855 2418 175 29 budsman
1056 2420 49 28 att
1131 2417 138 30 biträda
1296 2417 77 29 med
1400 2416 187 39 utredning

856 2478 56 20 om
937 2468 138 33 brottet,
1100 2468 120 29 oaktat
1246 2467 104 29 straff
1375 2467 119 29 därför
1519 2467 67 29 för-
