<?xml version="1.0" encoding="UTF-8"?>
<alto xmlns="http://www.loc.gov/standards/alto/ns-v3#" xmlns:xlink="http://www.w3.org/1999/xlink" xmlns:xsi="http://www.w3.org/2001/XMLSchema-instance" xsi:schemaLocation="http://www.loc.gov/standards/alto/ns-v3# http://www.loc.gov/alto/v3/alto-3-0.xsd">
	<Description>
		<MeasurementUnit>pixel</MeasurementUnit>
		<sourceImageInformation>
			<fileName>/tmp/tess_kfelxv1n_input.PNG</fileName>
		</sourceImageInformation>
		<OCRProcessing ID="OCR_0">
			<ocrProcessingStep>
				<processingSoftware>
					<softwareName>tesseract 5.3.0</softwareName>
				</processingSoftware>
			</ocrProcessingStep>
		</OCRProcessing>
	</Description>
	<Layout>
		<Page WIDTH="1884" HEIGHT="2838" PHYSICAL_IMG_NR="0" ID="page_0">
			<PrintSpace HPOS="0" VPOS="0" WIDTH="1884" HEIGHT="2838">
				<ComposedBlock ID="cblock_0" HPOS="66" VPOS="1635" WIDTH="131" HEIGHT="23">
					<TextBlock ID="block_0" HPOS="66" VPOS="1635" WIDTH="131" HEIGHT="23">
						<TextLine ID="line_0" HPOS="66" VPOS="1635" WIDTH="131" HEIGHT="23">
							<String ID="string_0" HPOS="66" VPOS="1635" WIDTH="131" HEIGHT="23" WC="0.88" CONTENT="Utskottet."/>
						</TextLine>
					</TextBlock>
				</ComposedBlock>
				<ComposedBlock ID="cblock_1" HPOS="251" VPOS="155" WIDTH="1009" HEIGHT="37">
					<TextBlock ID="block_1" HPOS="251" VPOS="155" WIDTH="1009" HEIGHT="37">
						<TextLine ID="line_1" HPOS="251" VPOS="155" WIDTH="1009" HEIGHT="37">
							<String ID="string_1" HPOS="251" VPOS="155" WIDTH="41" HEIGHT="31" WC="0.95" CONTENT="56"/><SP WIDTH="447" VPOS="155" HPOS="292"/>
							<String ID="string_2" HPOS="739" VPOS="160" WIDTH="230" HEIGHT="29" WC="0.75" CONTENT="Statsutskottets"/><SP WIDTH="21" VPOS="160" HPOS="969"/>
							<String ID="string_3" HPOS="990" VPOS="162" WIDTH="150" HEIGHT="28" WC="0.95" CONTENT="utlåtande"/><SP WIDTH="21" VPOS="162" HPOS="1140"/>
							<String ID="string_4" HPOS="1161" VPOS="162" WIDTH="50" HEIGHT="28" WC="0.92" CONTENT="Nr"/><SP WIDTH="21" VPOS="162" HPOS="1211"/>
							<String ID="string_5" HPOS="1232" VPOS="160" WIDTH="28" HEIGHT="32" WC="0.68" CONTENT="Å."/>
						</TextLine>
					</TextBlock>
				</ComposedBlock>
				<ComposedBlock ID="cblock_2" HPOS="250" VPOS="220" WIDTH="1503" HEIGHT="106">
					<TextBlock ID="block_2" HPOS="250" VPOS="220" WIDTH="1503" HEIGHT="106">
						<TextLine ID="line_2" HPOS="250" VPOS="220" WIDTH="1503" HEIGHT="57">
							<String ID="string_6" HPOS="250" VPOS="232" WIDTH="121" HEIGHT="31" WC="0.96" CONTENT="väckta"/><SP WIDTH="32" VPOS="232" HPOS="371"/>
							<String ID="string_7" HPOS="403" VPOS="233" WIDTH="215" HEIGHT="32" WC="0.95" CONTENT="motionerna"/><SP WIDTH="32" VPOS="233" HPOS="618"/>
							<String ID="string_8" HPOS="650" VPOS="233" WIDTH="37" HEIGHT="42" WC="0.96" CONTENT="(I:"/><SP WIDTH="26" VPOS="233" HPOS="687"/>
							<String ID="string_9" HPOS="713" VPOS="235" WIDTH="60" HEIGHT="31" WC="0.96" CONTENT="123"/><SP WIDTH="34" VPOS="235" HPOS="773"/>
							<String ID="string_10" HPOS="807" VPOS="235" WIDTH="64" HEIGHT="31" WC="0.96" CONTENT="och"/><SP WIDTH="32" VPOS="235" HPOS="871"/>
							<String ID="string_11" HPOS="903" VPOS="235" WIDTH="46" HEIGHT="32" WC="0.88" CONTENT="II:"/><SP WIDTH="24" VPOS="235" HPOS="949"/>
							<String ID="string_12" HPOS="973" VPOS="235" WIDTH="72" HEIGHT="42" WC="0.96" CONTENT="201)"/><SP WIDTH="24" VPOS="235" HPOS="1045"/>
							<String ID="string_13" HPOS="1069" VPOS="236" WIDTH="63" HEIGHT="32" WC="0.97" CONTENT="och"/><SP WIDTH="23" VPOS="236" HPOS="1132"/>
							<String ID="string_14" HPOS="1155" VPOS="236" WIDTH="78" HEIGHT="32" WC="0.93" CONTENT="herr"/><SP WIDTH="22" VPOS="236" HPOS="1233"/>
							<String ID="string_15" HPOS="1255" VPOS="237" WIDTH="42" HEIGHT="32" WC="0.91" CONTENT="N."/><SP WIDTH="30" VPOS="237" HPOS="1297"/>
							<String ID="string_16" HPOS="1327" VPOS="220" WIDTH="272" HEIGHT="50" WC="0.91" CONTENT="Christiernssons"/><SP WIDTH="23" VPOS="220" HPOS="1599"/>
							<String ID="string_17" HPOS="1622" VPOS="238" WIDTH="131" HEIGHT="32" WC="0.96" CONTENT="motion"/>
						</TextLine>
						<TextLine ID="line_3" HPOS="250" VPOS="281" WIDTH="1371" HEIGHT="45">
							<String ID="string_18" HPOS="250" VPOS="281" WIDTH="58" HEIGHT="42" WC="0.73" CONTENT="(II:"/><SP WIDTH="24" VPOS="281" HPOS="308"/>
							<String ID="string_19" HPOS="332" VPOS="281" WIDTH="73" HEIGHT="42" WC="0.95" CONTENT="294)"/><SP WIDTH="21" VPOS="281" HPOS="405"/>
							<String ID="string_20" HPOS="426" VPOS="282" WIDTH="61" HEIGHT="32" WC="0.96" CONTENT="har"/><SP WIDTH="21" VPOS="282" HPOS="487"/>
							<String ID="string_21" HPOS="508" VPOS="283" WIDTH="183" HEIGHT="43" WC="0.96" CONTENT="riksdagen"/><SP WIDTH="22" VPOS="283" HPOS="691"/>
							<String ID="string_22" HPOS="713" VPOS="285" WIDTH="108" HEIGHT="31" WC="0.96" CONTENT="redan"/><SP WIDTH="22" VPOS="285" HPOS="821"/>
							<String ID="string_23" HPOS="843" VPOS="286" WIDTH="99" HEIGHT="31" WC="0.96" CONTENT="fattat"/><SP WIDTH="25" VPOS="286" HPOS="942"/>
							<String ID="string_24" HPOS="967" VPOS="286" WIDTH="127" HEIGHT="39" WC="0.96" CONTENT="beslut;"/><SP WIDTH="24" VPOS="286" HPOS="1094"/>
							<String ID="string_25" HPOS="1118" VPOS="298" WIDTH="113" HEIGHT="20" WC="0.96" CONTENT="varom"/><SP WIDTH="26" VPOS="298" HPOS="1231"/>
							<String ID="string_26" HPOS="1257" VPOS="287" WIDTH="169" HEIGHT="32" WC="0.95" CONTENT="utskottet"/><SP WIDTH="22" VPOS="287" HPOS="1426"/>
							<String ID="string_27" HPOS="1448" VPOS="288" WIDTH="90" HEIGHT="32" WC="0.96" CONTENT="velat"/><SP WIDTH="21" VPOS="288" HPOS="1538"/>
							<String ID="string_28" HPOS="1559" VPOS="288" WIDTH="62" HEIGHT="32" WC="0.96" CONTENT="här"/>
						</TextLine>
					</TextBlock>
				</ComposedBlock>
				<ComposedBlock ID="cblock_3" HPOS="854" VPOS="353" WIDTH="118" HEIGHT="32">
					<TextBlock ID="block_3" HPOS="854" VPOS="353" WIDTH="118" HEIGHT="32">
						<TextLine ID="line_4" HPOS="854" VPOS="353" WIDTH="118" HEIGHT="32">
							<String ID="string_29" HPOS="854" VPOS="353" WIDTH="118" HEIGHT="32" WC="0.96" CONTENT="erinra."/>
						</TextLine>
					</TextBlock>
				</ComposedBlock>
				<ComposedBlock ID="cblock_4" HPOS="658" VPOS="455" WIDTH="676" HEIGHT="52">
					<TextBlock ID="block_4" HPOS="658" VPOS="455" WIDTH="676" HEIGHT="52">
						<TextLine ID="line_5" HPOS="658" VPOS="455" WIDTH="676" HEIGHT="52">
							<String ID="string_30" HPOS="658" VPOS="455" WIDTH="47" HEIGHT="40" WC="0.92" CONTENT="De"/><SP WIDTH="27" VPOS="455" HPOS="705"/>
							<String ID="string_31" HPOS="732" VPOS="455" WIDTH="259" HEIGHT="50" WC="0.92" CONTENT="värnpliktigas"/><SP WIDTH="28" VPOS="455" HPOS="991"/>
							<String ID="string_32" HPOS="1019" VPOS="456" WIDTH="164" HEIGHT="51" WC="0.91" CONTENT="avlöning"/><SP WIDTH="31" VPOS="456" HPOS="1183"/>
							<String ID="string_33" HPOS="1214" VPOS="469" WIDTH="44" HEIGHT="28" WC="0.91" CONTENT="m."/><SP WIDTH="31" VPOS="469" HPOS="1258"/>
							<String ID="string_34" HPOS="1289" VPOS="469" WIDTH="45" HEIGHT="29" WC="0.92" CONTENT="m."/>
						</TextLine>
					</TextBlock>
				</ComposedBlock>
				<ComposedBlock ID="cblock_5" HPOS="250" VPOS="530" WIDTH="1504" HEIGHT="184">
					<TextBlock ID="block_5" HPOS="250" VPOS="530" WIDTH="1504" HEIGHT="184">
						<TextLine ID="line_6" HPOS="306" VPOS="530" WIDTH="1448" HEIGHT="47">
							<String ID="string_35" HPOS="306" VPOS="530" WIDTH="103" HEIGHT="43" WC="0.86" CONTENT="103:0)"/><SP WIDTH="23" VPOS="530" HPOS="409"/>
							<String ID="string_36" HPOS="432" VPOS="532" WIDTH="41" HEIGHT="31" WC="0.93" CONTENT="De"/><SP WIDTH="22" VPOS="532" HPOS="473"/>
							<String ID="string_37" HPOS="495" VPOS="533" WIDTH="218" HEIGHT="38" WC="0.92" CONTENT="värnpliktigas"/><SP WIDTH="23" VPOS="533" HPOS="713"/>
							<String ID="string_38" HPOS="736" VPOS="534" WIDTH="139" HEIGHT="38" WC="0.91" CONTENT="avlöning"/><SP WIDTH="25" VPOS="534" HPOS="875"/>
							<String ID="string_39" HPOS="900" VPOS="535" WIDTH="56" HEIGHT="30" WC="0.96" CONTENT="och"/><SP WIDTH="23" VPOS="535" HPOS="956"/>
							<String ID="string_40" HPOS="979" VPOS="535" WIDTH="106" HEIGHT="30" WC="0.93" CONTENT="färder"/><SP WIDTH="23" VPOS="535" HPOS="1085"/>
							<String ID="string_41" HPOS="1108" VPOS="543" WIDTH="36" HEIGHT="23" WC="0.91" CONTENT="m."/><SP WIDTH="25" VPOS="543" HPOS="1144"/>
							<String ID="string_42" HPOS="1169" VPOS="543" WIDTH="37" HEIGHT="23" WC="0.88" CONTENT="m."/><SP WIDTH="37" VPOS="543" HPOS="1206"/>
							<String ID="string_43" HPOS="1243" VPOS="534" WIDTH="128" HEIGHT="42" WC="0.95" CONTENT="Kungl."/><SP WIDTH="17" VPOS="534" HPOS="1371"/>
							<String ID="string_44" HPOS="1388" VPOS="535" WIDTH="97" HEIGHT="41" WC="0.96" CONTENT="Maj:t"/><SP WIDTH="15" VPOS="535" HPOS="1485"/>
							<String ID="string_45" HPOS="1500" VPOS="535" WIDTH="62" HEIGHT="32" WC="0.96" CONTENT="har"/><SP WIDTH="14" VPOS="535" HPOS="1562"/>
							<String ID="string_46" HPOS="1576" VPOS="536" WIDTH="178" HEIGHT="41" WC="0.96" CONTENT="föreslagit"/>
						</TextLine>
						<TextLine ID="line_7" HPOS="250" VPOS="581" WIDTH="1504" HEIGHT="47">
							<String ID="string_47" HPOS="250" VPOS="581" WIDTH="184" HEIGHT="42" WC="0.96" CONTENT="riksdagen"/><SP WIDTH="32" VPOS="581" HPOS="434"/>
							<String ID="string_48" HPOS="466" VPOS="582" WIDTH="122" HEIGHT="42" WC="0.96" CONTENT="(punkt"/><SP WIDTH="34" VPOS="582" HPOS="588"/>
							<String ID="string_49" HPOS="622" VPOS="582" WIDTH="68" HEIGHT="38" WC="0.95" CONTENT="132,"/><SP WIDTH="25" VPOS="582" HPOS="690"/>
							<String ID="string_50" HPOS="715" VPOS="583" WIDTH="64" HEIGHT="31" WC="0.95" CONTENT="sid."/><SP WIDTH="38" VPOS="583" HPOS="779"/>
							<String ID="string_51" HPOS="817" VPOS="584" WIDTH="59" HEIGHT="31" WC="0.96" CONTENT="178"/><SP WIDTH="33" VPOS="584" HPOS="876"/>
							<String ID="string_52" HPOS="909" VPOS="583" WIDTH="64" HEIGHT="32" WC="0.95" CONTENT="och"/><SP WIDTH="35" VPOS="583" HPOS="973"/>
							<String ID="string_53" HPOS="1008" VPOS="584" WIDTH="70" HEIGHT="42" WC="0.95" CONTENT="179)"/><SP WIDTH="30" VPOS="584" HPOS="1078"/>
							<String ID="string_54" HPOS="1108" VPOS="586" WIDTH="50" HEIGHT="30" WC="0.96" CONTENT="att"/><SP WIDTH="21" VPOS="586" HPOS="1158"/>
							<String ID="string_55" HPOS="1179" VPOS="584" WIDTH="54" HEIGHT="32" WC="0.96" CONTENT="till"/><SP WIDTH="23" VPOS="584" HPOS="1233"/>
							<String ID="string_56" HPOS="1256" VPOS="585" WIDTH="43" HEIGHT="32" WC="0.93" CONTENT="de"/><SP WIDTH="22" VPOS="585" HPOS="1299"/>
							<String ID="string_57" HPOS="1321" VPOS="585" WIDTH="248" HEIGHT="42" WC="0.92" CONTENT="värnpliktigas"/><SP WIDTH="22" VPOS="585" HPOS="1569"/>
							<String ID="string_58" HPOS="1591" VPOS="586" WIDTH="163" HEIGHT="42" WC="0.91" CONTENT="avlöning"/>
						</TextLine>
						<TextLine ID="line_8" HPOS="251" VPOS="631" WIDTH="1501" HEIGHT="47">
							<String ID="string_59" HPOS="251" VPOS="631" WIDTH="65" HEIGHT="32" WC="0.96" CONTENT="och"/><SP WIDTH="22" VPOS="631" HPOS="316"/>
							<String ID="string_60" HPOS="338" VPOS="632" WIDTH="112" HEIGHT="31" WC="0.93" CONTENT="färder"/><SP WIDTH="22" VPOS="632" HPOS="450"/>
							<String ID="string_61" HPOS="472" VPOS="643" WIDTH="42" HEIGHT="21" WC="0.87" CONTENT="m."/><SP WIDTH="18" VPOS="643" HPOS="514"/>
							<String ID="string_62" HPOS="532" VPOS="644" WIDTH="42" HEIGHT="21" WC="0.90" CONTENT="m."/><SP WIDTH="24" VPOS="644" HPOS="574"/>
							<String ID="string_63" HPOS="598" VPOS="633" WIDTH="53" HEIGHT="32" WC="0.96" CONTENT="för"/><SP WIDTH="13" VPOS="633" HPOS="651"/>
							<String ID="string_64" HPOS="664" VPOS="633" WIDTH="205" HEIGHT="42" WC="0.92" CONTENT="budgetåret"/><SP WIDTH="17" VPOS="633" HPOS="869"/>
							<String ID="string_65" HPOS="886" VPOS="634" WIDTH="178" HEIGHT="40" WC="0.91" CONTENT="1935/1936"/><SP WIDTH="15" VPOS="634" HPOS="1064"/>
							<String ID="string_66" HPOS="1079" VPOS="635" WIDTH="118" HEIGHT="32" WC="0.96" CONTENT="anvisa"/><SP WIDTH="15" VPOS="635" HPOS="1197"/>
							<String ID="string_67" HPOS="1212" VPOS="637" WIDTH="49" HEIGHT="30" WC="0.93" CONTENT="ett"/><SP WIDTH="15" VPOS="637" HPOS="1261"/>
							<String ID="string_68" HPOS="1276" VPOS="636" WIDTH="270" HEIGHT="42" WC="0.91" CONTENT="förslagsanslag"/><SP WIDTH="13" VPOS="636" HPOS="1546"/>
							<String ID="string_69" HPOS="1559" VPOS="647" WIDTH="40" HEIGHT="21" WC="0.93" CONTENT="av"/><SP WIDTH="18" VPOS="647" HPOS="1599"/>
							<String ID="string_70" HPOS="1617" VPOS="637" WIDTH="135" HEIGHT="38" WC="0.92" CONTENT="141,500"/>
						</TextLine>
						<TextLine ID="line_9" HPOS="250" VPOS="682" WIDTH="137" HEIGHT="32">
							<String ID="string_71" HPOS="250" VPOS="682" WIDTH="137" HEIGHT="32" WC="0.95" CONTENT="kronor."/>
						</TextLine>
					</TextBlock>
				</ComposedBlock>
				<ComposedBlock ID="cblock_6" HPOS="250" VPOS="758" WIDTH="1505" HEIGHT="134">
					<TextBlock ID="block_6" HPOS="250" VPOS="758" WIDTH="1505" HEIGHT="134">
						<TextLine ID="line_10" HPOS="304" VPOS="758" WIDTH="1451" HEIGHT="48">
							<String ID="string_72" HPOS="304" VPOS="758" WIDTH="69" HEIGHT="32" WC="0.96" CONTENT="För"/><SP WIDTH="31" VPOS="758" HPOS="373"/>
							<String ID="string_73" HPOS="404" VPOS="759" WIDTH="230" HEIGHT="33" WC="0.96" CONTENT="innevarande"/><SP WIDTH="32" VPOS="759" HPOS="634"/>
							<String ID="string_74" HPOS="666" VPOS="760" WIDTH="169" HEIGHT="42" WC="0.96" CONTENT="budgetår"/><SP WIDTH="32" VPOS="760" HPOS="835"/>
							<String ID="string_75" HPOS="867" VPOS="763" WIDTH="37" HEIGHT="29" WC="0.96" CONTENT="är"/><SP WIDTH="25" VPOS="763" HPOS="904"/>
							<String ID="string_76" HPOS="929" VPOS="761" WIDTH="171" HEIGHT="33" WC="0.92" CONTENT="ordinarie"/><SP WIDTH="22" VPOS="761" HPOS="1100"/>
							<String ID="string_77" HPOS="1122" VPOS="762" WIDTH="302" HEIGHT="42" WC="0.92" CONTENT="förslagsanslaget"/><SP WIDTH="22" VPOS="762" HPOS="1424"/>
							<String ID="string_78" HPOS="1446" VPOS="763" WIDTH="54" HEIGHT="32" WC="0.96" CONTENT="till"/><SP WIDTH="22" VPOS="763" HPOS="1500"/>
							<String ID="string_79" HPOS="1522" VPOS="763" WIDTH="43" HEIGHT="32" WC="0.93" CONTENT="de"/><SP WIDTH="22" VPOS="763" HPOS="1565"/>
							<String ID="string_80" HPOS="1587" VPOS="764" WIDTH="168" HEIGHT="42" WC="0.91" CONTENT="värnplik-"/>
						</TextLine>
						<TextLine ID="line_11" HPOS="250" VPOS="809" WIDTH="1504" HEIGHT="47">
							<String ID="string_81" HPOS="250" VPOS="809" WIDTH="90" HEIGHT="42" WC="0.90" CONTENT="tigas"/><SP WIDTH="23" VPOS="809" HPOS="340"/>
							<String ID="string_82" HPOS="363" VPOS="810" WIDTH="161" HEIGHT="42" WC="0.92" CONTENT="avlöning"/><SP WIDTH="22" VPOS="810" HPOS="524"/>
							<String ID="string_83" HPOS="546" VPOS="810" WIDTH="64" HEIGHT="32" WC="0.96" CONTENT="och"/><SP WIDTH="22" VPOS="810" HPOS="610"/>
							<String ID="string_84" HPOS="632" VPOS="811" WIDTH="113" HEIGHT="31" WC="0.93" CONTENT="färder"/><SP WIDTH="22" VPOS="811" HPOS="745"/>
							<String ID="string_85" HPOS="767" VPOS="822" WIDTH="43" HEIGHT="20" WC="0.88" CONTENT="m."/><SP WIDTH="17" VPOS="822" HPOS="810"/>
							<String ID="string_86" HPOS="827" VPOS="822" WIDTH="42" HEIGHT="21" WC="0.88" CONTENT="m."/><SP WIDTH="24" VPOS="822" HPOS="869"/>
							<String ID="string_87" HPOS="893" VPOS="814" WIDTH="166" HEIGHT="40" WC="0.96" CONTENT="upptaget"/><SP WIDTH="23" VPOS="814" HPOS="1059"/>
							<String ID="string_88" HPOS="1082" VPOS="812" WIDTH="78" HEIGHT="32" WC="0.91" CONTENT="med"/><SP WIDTH="24" VPOS="812" HPOS="1160"/>
							<String ID="string_89" HPOS="1184" VPOS="813" WIDTH="134" HEIGHT="38" WC="0.91" CONTENT="137,300"/><SP WIDTH="18" VPOS="813" HPOS="1318"/>
							<String ID="string_90" HPOS="1336" VPOS="813" WIDTH="135" HEIGHT="32" WC="0.96" CONTENT="kronor."/><SP WIDTH="39" VPOS="813" HPOS="1471"/>
							<String ID="string_91" HPOS="1510" VPOS="814" WIDTH="166" HEIGHT="42" WC="0.96" CONTENT="Anslaget"/><SP WIDTH="15" VPOS="814" HPOS="1676"/>
							<String ID="string_92" HPOS="1691" VPOS="815" WIDTH="63" HEIGHT="31" WC="0.96" CONTENT="har"/>
						</TextLine>
						<TextLine ID="line_12" HPOS="250" VPOS="859" WIDTH="364" HEIGHT="33">
							<String ID="string_93" HPOS="250" VPOS="859" WIDTH="184" HEIGHT="32" WC="0.96" CONTENT="beräknats"/><SP WIDTH="23" VPOS="859" HPOS="434"/>
							<String ID="string_94" HPOS="457" VPOS="860" WIDTH="157" HEIGHT="32" WC="0.96" CONTENT="sålunda:"/>
						</TextLine>
					</TextBlock>
				</ComposedBlock>
				<ComposedBlock ID="cblock_7" HPOS="250" VPOS="915" WIDTH="1505" HEIGHT="147">
					<TextBlock ID="block_7" HPOS="250" VPOS="915" WIDTH="1505" HEIGHT="147">
						<TextLine ID="line_13" HPOS="250" VPOS="915" WIDTH="1505" HEIGHT="65">
							<String ID="string_95" HPOS="250" VPOS="917" WIDTH="91" HEIGHT="32" WC="0.91" CONTENT="Titel"/><SP WIDTH="68" VPOS="917" HPOS="341"/>
							<String ID="string_96" HPOS="409" VPOS="918" WIDTH="26" HEIGHT="32" WC="0.87" CONTENT="I"/><SP WIDTH="45" VPOS="918" HPOS="435"/>
							<String ID="string_97" HPOS="480" VPOS="918" WIDTH="53" HEIGHT="32" WC="0.90" CONTENT="De"/><SP WIDTH="24" VPOS="918" HPOS="533"/>
							<String ID="string_98" HPOS="557" VPOS="915" WIDTH="246" HEIGHT="65" WC="0.90" CONTENT="värnpliktigas"/><SP WIDTH="23" VPOS="915" HPOS="803"/>
							<String ID="string_99" HPOS="826" VPOS="920" WIDTH="160" HEIGHT="42" WC="0.83" CONTENT="avlöning"/><SP WIDTH="23" VPOS="920" HPOS="986"/>
							<String ID="string_100" HPOS="1009" VPOS="945" WIDTH="372" HEIGHT="6" WC="0.0" CONTENT="seccsssmsesenesssssnrrnsn"/><SP WIDTH="26" VPOS="945" HPOS="1381"/>
							<String ID="string_101" HPOS="1407" VPOS="922" WIDTH="127" HEIGHT="32" WC="0.93" CONTENT="kronor"/><SP WIDTH="24" VPOS="922" HPOS="1534"/>
							<String ID="string_102" HPOS="1558" VPOS="923" WIDTH="142" HEIGHT="37" WC="0.90" CONTENT="104,300:"/><SP WIDTH="14" VPOS="923" HPOS="1700"/>
							<String ID="string_103" HPOS="1714" VPOS="942" WIDTH="41" HEIGHT="4" WC="0.91" CONTENT="—"/>
						</TextLine>
						<TextLine ID="line_14" HPOS="250" VPOS="968" WIDTH="1504" HEIGHT="85">
							<String ID="string_104" HPOS="250" VPOS="968" WIDTH="92" HEIGHT="32" WC="0.93" CONTENT="Titel"/><SP WIDTH="47" VPOS="968" HPOS="342"/>
							<String ID="string_105" HPOS="389" VPOS="969" WIDTH="46" HEIGHT="32" WC="0.93" CONTENT="II."/><SP WIDTH="45" VPOS="969" HPOS="435"/>
							<String ID="string_106" HPOS="480" VPOS="969" WIDTH="201" HEIGHT="32" WC="0.96" CONTENT="Understöd"/><SP WIDTH="22" VPOS="969" HPOS="681"/>
							<String ID="string_107" HPOS="703" VPOS="972" WIDTH="35" HEIGHT="30" WC="0.97" CONTENT="åt"/><SP WIDTH="22" VPOS="972" HPOS="738"/>
							<String ID="string_108" HPOS="760" VPOS="970" WIDTH="94" HEIGHT="32" WC="0.93" CONTENT="vissa"/><SP WIDTH="21" VPOS="970" HPOS="854"/>
							<String ID="string_109" HPOS="875" VPOS="971" WIDTH="246" HEIGHT="42" WC="0.92" CONTENT="värnpliktigas"/><SP WIDTH="22" VPOS="971" HPOS="1121"/>
							<String ID="string_110" HPOS="1143" VPOS="968" WIDTH="147" HEIGHT="85" WC="0.93" CONTENT="familjer"/><SP WIDTH="31" VPOS="968" HPOS="1290"/>
							<String ID="string_111" HPOS="1321" VPOS="997" WIDTH="62" HEIGHT="5" WC="0.0" CONTENT="ennen"/><SP WIDTH="71" VPOS="997" HPOS="1383"/>
							<String ID="string_112" HPOS="1454" VPOS="986" WIDTH="12" HEIGHT="15" WC="0.49" CONTENT="&gt;"/><SP WIDTH="131" VPOS="986" HPOS="1466"/>
							<String ID="string_113" HPOS="1597" VPOS="974" WIDTH="102" HEIGHT="38" WC="0.90" CONTENT="3,000:"/><SP WIDTH="15" VPOS="974" HPOS="1699"/>
							<String ID="string_114" HPOS="1714" VPOS="993" WIDTH="40" HEIGHT="3" WC="0.89" CONTENT="—"/>
						</TextLine>
						<TextLine ID="line_15" HPOS="250" VPOS="1018" WIDTH="1505" HEIGHT="44">
							<String ID="string_115" HPOS="250" VPOS="1018" WIDTH="92" HEIGHT="33" WC="0.96" CONTENT="Titel"/><SP WIDTH="26" VPOS="1018" HPOS="342"/>
							<String ID="string_116" HPOS="368" VPOS="1019" WIDTH="65" HEIGHT="32" WC="0.92" CONTENT="III."/><SP WIDTH="45" VPOS="1019" HPOS="433"/>
							<String ID="string_117" HPOS="478" VPOS="1019" WIDTH="279" HEIGHT="33" WC="0.81" CONTENT="Färdkostnader"/><SP WIDTH="23" VPOS="1019" HPOS="757"/>
							<String ID="string_118" HPOS="780" VPOS="1045" WIDTH="396" HEIGHT="6" WC="0.0" CONTENT=".o.smsmsmsrsorasrssressrsresreni"/><SP WIDTH="13" VPOS="1045" HPOS="1176"/>
							<String ID="string_119" HPOS="1189" VPOS="1014" WIDTH="161" HEIGHT="50" WC="0.0" CONTENT="sorereererernsn"/><SP WIDTH="9" VPOS="1014" HPOS="1350"/>
							<String ID="string_120" HPOS="1359" VPOS="1014" WIDTH="26" HEIGHT="50" WC="0.0" CONTENT="nen"/><SP WIDTH="70" VPOS="1014" HPOS="1385"/>
							<String ID="string_121" HPOS="1455" VPOS="1036" WIDTH="12" HEIGHT="15" WC="0.88" CONTENT="»"/><SP WIDTH="110" VPOS="1036" HPOS="1467"/>
							<String ID="string_122" HPOS="1577" VPOS="1024" WIDTH="178" HEIGHT="38" WC="0.90" CONTENT="30,000:"/><SP WIDTH="-29" VPOS="1024" HPOS="1755"/>
							<String ID="string_123" HPOS="1726" VPOS="1016" WIDTH="32" HEIGHT="50" WC="0.92" CONTENT="—"/>
						</TextLine>
					</TextBlock>
				</ComposedBlock>
				<ComposedBlock ID="cblock_8" HPOS="1244" VPOS="1081" WIDTH="510" HEIGHT="41">
					<TextBlock ID="block_8" HPOS="1244" VPOS="1081" WIDTH="510" HEIGHT="41">
						<TextLine ID="line_16" HPOS="1244" VPOS="1081" WIDTH="510" HEIGHT="41">
							<String ID="string_124" HPOS="1244" VPOS="1081" WIDTH="142" HEIGHT="33" WC="0.95" CONTENT="Summa"/><SP WIDTH="21" VPOS="1081" HPOS="1386"/>
							<String ID="string_125" HPOS="1407" VPOS="1082" WIDTH="126" HEIGHT="32" WC="0.92" CONTENT="kronor"/><SP WIDTH="24" VPOS="1082" HPOS="1533"/>
							<String ID="string_126" HPOS="1557" VPOS="1084" WIDTH="142" HEIGHT="38" WC="0.91" CONTENT="137,300:"/><SP WIDTH="14" VPOS="1084" HPOS="1699"/>
							<String ID="string_127" HPOS="1713" VPOS="1103" WIDTH="41" HEIGHT="3" WC="0.91" CONTENT="—"/>
						</TextLine>
					</TextBlock>
				</ComposedBlock>
				<ComposedBlock ID="cblock_9" HPOS="249" VPOS="1146" WIDTH="1507" HEIGHT="449">
					<TextBlock ID="block_9" HPOS="249" VPOS="1146" WIDTH="1507" HEIGHT="449">
						<TextLine ID="line_17" HPOS="303" VPOS="1146" WIDTH="1451" HEIGHT="47">
							<String ID="string_128" HPOS="303" VPOS="1146" WIDTH="77" HEIGHT="31" WC="0.96" CONTENT="Den"/><SP WIDTH="16" VPOS="1146" HPOS="380"/>
							<String ID="string_129" HPOS="396" VPOS="1146" WIDTH="198" HEIGHT="42" WC="0.92" CONTENT="beräkning,"/><SP WIDTH="17" VPOS="1146" HPOS="594"/>
							<String ID="string_130" HPOS="611" VPOS="1146" WIDTH="378" HEIGHT="42" WC="0.89" CONTENT="departementschefen"/><SP WIDTH="15" VPOS="1146" HPOS="989"/>
							<String ID="string_131" HPOS="1004" VPOS="1148" WIDTH="78" HEIGHT="32" WC="0.96" CONTENT="låtit"/><SP WIDTH="15" VPOS="1148" HPOS="1082"/>
							<String ID="string_132" HPOS="1097" VPOS="1149" WIDTH="182" HEIGHT="32" WC="0.96" CONTENT="verkställa"/><SP WIDTH="15" VPOS="1149" HPOS="1279"/>
							<String ID="string_133" HPOS="1294" VPOS="1160" WIDTH="41" HEIGHT="21" WC="0.96" CONTENT="av"/><SP WIDTH="15" VPOS="1160" HPOS="1335"/>
							<String ID="string_134" HPOS="1350" VPOS="1150" WIDTH="129" HEIGHT="32" WC="0.93" CONTENT="antalet"/><SP WIDTH="16" VPOS="1150" HPOS="1479"/>
							<String ID="string_135" HPOS="1495" VPOS="1151" WIDTH="259" HEIGHT="42" WC="0.90" CONTENT="tjänstgörings-"/>
						</TextLine>
						<TextLine ID="line_18" HPOS="250" VPOS="1195" WIDTH="1503" HEIGHT="46">
							<String ID="string_136" HPOS="250" VPOS="1195" WIDTH="105" HEIGHT="43" WC="0.96" CONTENT="dagar"/><SP WIDTH="35" VPOS="1195" HPOS="355"/>
							<String ID="string_137" HPOS="390" VPOS="1196" WIDTH="53" HEIGHT="32" WC="0.96" CONTENT="för"/><SP WIDTH="31" VPOS="1196" HPOS="443"/>
							<String ID="string_138" HPOS="474" VPOS="1197" WIDTH="228" HEIGHT="42" WC="0.96" CONTENT="värnpliktiga"/><SP WIDTH="32" VPOS="1197" HPOS="702"/>
							<String ID="string_139" HPOS="734" VPOS="1198" WIDTH="58" HEIGHT="31" WC="0.96" CONTENT="vid"/><SP WIDTH="32" VPOS="1198" HPOS="792"/>
							<String ID="string_140" HPOS="824" VPOS="1198" WIDTH="195" HEIGHT="42" WC="0.96" CONTENT="flygvapnet"/><SP WIDTH="22" VPOS="1198" HPOS="1019"/>
							<String ID="string_141" HPOS="1041" VPOS="1199" WIDTH="111" HEIGHT="32" WC="0.96" CONTENT="under"/><SP WIDTH="20" VPOS="1199" HPOS="1152"/>
							<String ID="string_142" HPOS="1172" VPOS="1199" WIDTH="206" HEIGHT="42" WC="0.93" CONTENT="budgetåret"/><SP WIDTH="23" VPOS="1199" HPOS="1378"/>
							<String ID="string_143" HPOS="1401" VPOS="1201" WIDTH="188" HEIGHT="40" WC="0.92" CONTENT="1935/1936,"/><SP WIDTH="25" VPOS="1201" HPOS="1589"/>
							<String ID="string_144" HPOS="1614" VPOS="1202" WIDTH="139" HEIGHT="39" WC="0.96" CONTENT="utvisar,"/>
						</TextLine>
						<TextLine ID="line_19" HPOS="250" VPOS="1246" WIDTH="1505" HEIGHT="46">
							<String ID="string_145" HPOS="250" VPOS="1248" WIDTH="51" HEIGHT="30" WC="0.93" CONTENT="att"/><SP WIDTH="15" VPOS="1248" HPOS="301"/>
							<String ID="string_146" HPOS="316" VPOS="1246" WIDTH="414" HEIGHT="43" WC="0.91" CONTENT="tjänstgöringsdagarnas"/><SP WIDTH="12" VPOS="1246" HPOS="730"/>
							<String ID="string_147" HPOS="742" VPOS="1249" WIDTH="94" HEIGHT="31" WC="0.95" CONTENT="antal"/><SP WIDTH="13" VPOS="1249" HPOS="836"/>
							<String ID="string_148" HPOS="849" VPOS="1249" WIDTH="109" HEIGHT="31" WC="0.96" CONTENT="skulle"/><SP WIDTH="12" VPOS="1249" HPOS="958"/>
							<String ID="string_149" HPOS="970" VPOS="1251" WIDTH="122" HEIGHT="40" WC="0.93" CONTENT="utgöra"/><SP WIDTH="11" VPOS="1251" HPOS="1092"/>
							<String ID="string_150" HPOS="1103" VPOS="1250" WIDTH="146" HEIGHT="42" WC="0.91" CONTENT="tillhopa"/><SP WIDTH="13" VPOS="1250" HPOS="1249"/>
							<String ID="string_151" HPOS="1262" VPOS="1251" WIDTH="143" HEIGHT="38" WC="0.90" CONTENT="166,000,"/><SP WIDTH="10" VPOS="1251" HPOS="1405"/>
							<String ID="string_152" HPOS="1415" VPOS="1251" WIDTH="102" HEIGHT="32" WC="0.93" CONTENT="därav"/><SP WIDTH="14" VPOS="1251" HPOS="1517"/>
							<String ID="string_153" HPOS="1531" VPOS="1252" WIDTH="134" HEIGHT="38" WC="0.91" CONTENT="121,000"/><SP WIDTH="12" VPOS="1252" HPOS="1665"/>
							<String ID="string_154" HPOS="1677" VPOS="1253" WIDTH="78" HEIGHT="31" WC="0.96" CONTENT="med"/>
						</TextLine>
						<TextLine ID="line_20" HPOS="249" VPOS="1297" WIDTH="1507" HEIGHT="46">
							<String ID="string_155" HPOS="249" VPOS="1297" WIDTH="276" HEIGHT="42" WC="0.90" CONTENT="penningbidrag"/><SP WIDTH="22" VPOS="1297" HPOS="525"/>
							<String ID="string_156" HPOS="547" VPOS="1309" WIDTH="41" HEIGHT="20" WC="0.96" CONTENT="av"/><SP WIDTH="21" VPOS="1309" HPOS="588"/>
							<String ID="string_157" HPOS="609" VPOS="1299" WIDTH="41" HEIGHT="31" WC="0.96" CONTENT="50"/><SP WIDTH="22" VPOS="1299" HPOS="650"/>
							<String ID="string_158" HPOS="672" VPOS="1300" WIDTH="58" HEIGHT="30" WC="0.96" CONTENT="öre"/><SP WIDTH="23" VPOS="1300" HPOS="730"/>
							<String ID="string_159" HPOS="753" VPOS="1299" WIDTH="65" HEIGHT="32" WC="0.93" CONTENT="och"/><SP WIDTH="22" VPOS="1299" HPOS="818"/>
							<String ID="string_160" HPOS="840" VPOS="1300" WIDTH="115" HEIGHT="38" WC="0.92" CONTENT="45,000"/><SP WIDTH="22" VPOS="1300" HPOS="955"/>
							<String ID="string_161" HPOS="977" VPOS="1300" WIDTH="78" HEIGHT="32" WC="0.93" CONTENT="med"/><SP WIDTH="22" VPOS="1300" HPOS="1055"/>
							<String ID="string_162" HPOS="1077" VPOS="1300" WIDTH="276" HEIGHT="43" WC="0.91" CONTENT="penningbidrag"/><SP WIDTH="21" VPOS="1300" HPOS="1353"/>
							<String ID="string_163" HPOS="1374" VPOS="1313" WIDTH="40" HEIGHT="20" WC="0.96" CONTENT="av"/><SP WIDTH="18" VPOS="1313" HPOS="1414"/>
							<String ID="string_164" HPOS="1432" VPOS="1303" WIDTH="15" HEIGHT="30" WC="0.95" CONTENT="1"/><SP WIDTH="17" VPOS="1303" HPOS="1447"/>
							<String ID="string_165" HPOS="1464" VPOS="1302" WIDTH="115" HEIGHT="32" WC="0.95" CONTENT="krona."/><SP WIDTH="41" VPOS="1302" HPOS="1579"/>
							<String ID="string_166" HPOS="1620" VPOS="1303" WIDTH="69" HEIGHT="32" WC="0.90" CONTENT="För"/><SP WIDTH="15" VPOS="1303" HPOS="1689"/>
							<String ID="string_167" HPOS="1704" VPOS="1314" WIDTH="52" HEIGHT="20" WC="0.90" CONTENT="av-"/>
						</TextLine>
						<TextLine ID="line_21" HPOS="249" VPOS="1347" WIDTH="1506" HEIGHT="48">
							<String ID="string_168" HPOS="249" VPOS="1347" WIDTH="260" HEIGHT="43" WC="0.91" CONTENT="löningstillägg"/><SP WIDTH="32" VPOS="1347" HPOS="509"/>
							<String ID="string_169" HPOS="541" VPOS="1350" WIDTH="36" HEIGHT="30" WC="0.93" CONTENT="åt"/><SP WIDTH="31" VPOS="1350" HPOS="577"/>
							<String ID="string_170" HPOS="608" VPOS="1350" WIDTH="446" HEIGHT="42" WC="0.91" CONTENT="reservofficersaspiranter"/><SP WIDTH="32" VPOS="1350" HPOS="1054"/>
							<String ID="string_171" HPOS="1086" VPOS="1351" WIDTH="62" HEIGHT="31" WC="0.96" CONTENT="har"/><SP WIDTH="31" VPOS="1351" HPOS="1148"/>
							<String ID="string_172" HPOS="1179" VPOS="1351" WIDTH="12" HEIGHT="31" WC="0.96" CONTENT="i"/><SP WIDTH="29" VPOS="1351" HPOS="1191"/>
							<String ID="string_173" HPOS="1220" VPOS="1352" WIDTH="153" HEIGHT="41" WC="0.96" CONTENT="enlighet"/><SP WIDTH="22" VPOS="1352" HPOS="1373"/>
							<String ID="string_174" HPOS="1395" VPOS="1352" WIDTH="78" HEIGHT="32" WC="0.93" CONTENT="med"/><SP WIDTH="22" VPOS="1352" HPOS="1473"/>
							<String ID="string_175" HPOS="1495" VPOS="1352" WIDTH="260" HEIGHT="43" WC="0.92" CONTENT="flygstyrelsens"/>
						</TextLine>
						<TextLine ID="line_22" HPOS="249" VPOS="1398" WIDTH="1507" HEIGHT="48">
							<String ID="string_176" HPOS="249" VPOS="1398" WIDTH="130" HEIGHT="42" WC="0.96" CONTENT="förslag"/><SP WIDTH="21" VPOS="1398" HPOS="379"/>
							<String ID="string_177" HPOS="400" VPOS="1398" WIDTH="183" HEIGHT="33" WC="0.96" CONTENT="beräknats"/><SP WIDTH="23" VPOS="1398" HPOS="583"/>
							<String ID="string_178" HPOS="606" VPOS="1401" WIDTH="49" HEIGHT="30" WC="0.96" CONTENT="ett"/><SP WIDTH="21" VPOS="1401" HPOS="655"/>
							<String ID="string_179" HPOS="676" VPOS="1399" WIDTH="130" HEIGHT="43" WC="0.96" CONTENT="belopp"/><SP WIDTH="24" VPOS="1399" HPOS="806"/>
							<String ID="string_180" HPOS="830" VPOS="1412" WIDTH="40" HEIGHT="20" WC="0.90" CONTENT="av"/><SP WIDTH="22" VPOS="1412" HPOS="870"/>
							<String ID="string_181" HPOS="892" VPOS="1401" WIDTH="93" HEIGHT="38" WC="0.90" CONTENT="3,000"/><SP WIDTH="21" VPOS="1401" HPOS="985"/>
							<String ID="string_182" HPOS="1006" VPOS="1401" WIDTH="135" HEIGHT="32" WC="0.93" CONTENT="kronor."/><SP WIDTH="38" VPOS="1401" HPOS="1141"/>
							<String ID="string_183" HPOS="1179" VPOS="1401" WIDTH="287" HEIGHT="33" WC="0.91" CONTENT="Medelsbehovet"/><SP WIDTH="15" VPOS="1401" HPOS="1466"/>
							<String ID="string_184" HPOS="1481" VPOS="1403" WIDTH="109" HEIGHT="31" WC="0.93" CONTENT="under"/><SP WIDTH="15" VPOS="1403" HPOS="1590"/>
							<String ID="string_185" HPOS="1605" VPOS="1404" WIDTH="151" HEIGHT="42" WC="0.90" CONTENT="anslags-"/>
						</TextLine>
						<TextLine ID="line_23" HPOS="250" VPOS="1449" WIDTH="1503" HEIGHT="46">
							<String ID="string_186" HPOS="250" VPOS="1449" WIDTH="78" HEIGHT="32" WC="0.96" CONTENT="titel"/><SP WIDTH="14" VPOS="1449" HPOS="328"/>
							<String ID="string_187" HPOS="342" VPOS="1450" WIDTH="27" HEIGHT="38" WC="0.96" CONTENT="I,"/><SP WIDTH="17" VPOS="1450" HPOS="369"/>
							<String ID="string_188" HPOS="386" VPOS="1450" WIDTH="164" HEIGHT="31" WC="0.96" CONTENT="beräknat"/><SP WIDTH="16" VPOS="1450" HPOS="550"/>
							<String ID="string_189" HPOS="566" VPOS="1450" WIDTH="52" HEIGHT="32" WC="0.93" CONTENT="till"/><SP WIDTH="16" VPOS="1450" HPOS="618"/>
							<String ID="string_190" HPOS="634" VPOS="1451" WIDTH="147" HEIGHT="41" WC="0.92" CONTENT="(121,000"/><SP WIDTH="18" VPOS="1451" HPOS="781"/>
							<String ID="string_191" HPOS="799" VPOS="1458" WIDTH="27" HEIGHT="27" WC="0.89" CONTENT="X"/><SP WIDTH="18" VPOS="1458" HPOS="826"/>
							<String ID="string_192" HPOS="844" VPOS="1452" WIDTH="70" HEIGHT="31" WC="0.93" CONTENT="0.50"/><SP WIDTH="19" VPOS="1452" HPOS="914"/>
							<String ID="string_193" HPOS="933" VPOS="1457" WIDTH="30" HEIGHT="30" WC="0.91" CONTENT="+"/><SP WIDTH="17" VPOS="1457" HPOS="963"/>
							<String ID="string_194" HPOS="980" VPOS="1452" WIDTH="116" HEIGHT="38" WC="0.90" CONTENT="45,000"/><SP WIDTH="19" VPOS="1452" HPOS="1096"/>
							<String ID="string_195" HPOS="1115" VPOS="1460" WIDTH="26" HEIGHT="26" WC="0.75" CONTENT="x"/><SP WIDTH="21" VPOS="1460" HPOS="1141"/>
							<String ID="string_196" HPOS="1162" VPOS="1454" WIDTH="67" HEIGHT="30" WC="0.93" CONTENT="1.00"/><SP WIDTH="20" VPOS="1454" HPOS="1229"/>
							<String ID="string_197" HPOS="1249" VPOS="1458" WIDTH="30" HEIGHT="29" WC="0.82" CONTENT="-+"/><SP WIDTH="18" VPOS="1458" HPOS="1279"/>
							<String ID="string_198" HPOS="1297" VPOS="1453" WIDTH="95" HEIGHT="37" WC="0.92" CONTENT="3,000"/><SP WIDTH="13" VPOS="1453" HPOS="1392"/>
							<String ID="string_199" HPOS="1405" VPOS="1453" WIDTH="49" HEIGHT="42" WC="0.49" CONTENT="=)"/><SP WIDTH="19" VPOS="1453" HPOS="1454"/>
							<String ID="string_200" HPOS="1473" VPOS="1454" WIDTH="133" HEIGHT="38" WC="0.92" CONTENT="108,500"/><SP WIDTH="11" VPOS="1454" HPOS="1606"/>
							<String ID="string_201" HPOS="1617" VPOS="1455" WIDTH="136" HEIGHT="38" WC="0.96" CONTENT="kronor,"/>
						</TextLine>
						<TextLine ID="line_24" HPOS="251" VPOS="1498" WIDTH="1505" HEIGHT="74">
							<String ID="string_202" HPOS="251" VPOS="1500" WIDTH="111" HEIGHT="31" WC="0.96" CONTENT="skulle"/><SP WIDTH="32" VPOS="1500" HPOS="362"/>
							<String ID="string_203" HPOS="394" VPOS="1500" WIDTH="198" HEIGHT="42" WC="0.95" CONTENT="härigenom"/><SP WIDTH="35" VPOS="1500" HPOS="592"/>
							<String ID="string_204" HPOS="627" VPOS="1501" WIDTH="136" HEIGHT="32" WC="0.95" CONTENT="komma"/><SP WIDTH="33" VPOS="1501" HPOS="763"/>
							<String ID="string_205" HPOS="796" VPOS="1504" WIDTH="50" HEIGHT="29" WC="0.95" CONTENT="att"/><SP WIDTH="23" VPOS="1504" HPOS="846"/>
							<String ID="string_206" HPOS="869" VPOS="1502" WIDTH="82" HEIGHT="32" WC="0.96" CONTENT="ökas"/><SP WIDTH="23" VPOS="1502" HPOS="951"/>
							<String ID="string_207" HPOS="974" VPOS="1502" WIDTH="78" HEIGHT="32" WC="0.92" CONTENT="med"/><SP WIDTH="21" VPOS="1502" HPOS="1052"/>
							<String ID="string_208" HPOS="1073" VPOS="1503" WIDTH="95" HEIGHT="39" WC="0.91" CONTENT="4,200"/><SP WIDTH="22" VPOS="1503" HPOS="1168"/>
							<String ID="string_209" HPOS="1190" VPOS="1499" WIDTH="137" HEIGHT="73" WC="0.9" CONTENT="SKO"/><SP WIDTH="46" VPOS="1499" HPOS="1327"/>
							<String ID="string_210" HPOS="1373" VPOS="1498" WIDTH="125" HEIGHT="48" WC="0.93" CONTENT="Övriga"/><SP WIDTH="22" VPOS="1498" HPOS="1498"/>
							<String ID="string_211" HPOS="1520" VPOS="1505" WIDTH="236" HEIGHT="41" WC="0.89" CONTENT="anslagstitlar"/>
						</TextLine>
						<TextLine ID="line_25" HPOS="249" VPOS="1550" WIDTH="801" HEIGHT="45">
							<String ID="string_212" HPOS="249" VPOS="1550" WIDTH="89" HEIGHT="32" WC="0.96" CONTENT="hava"/><SP WIDTH="21" VPOS="1550" HPOS="338"/>
							<String ID="string_213" HPOS="359" VPOS="1551" WIDTH="177" HEIGHT="41" WC="0.96" CONTENT="upptagits"/><SP WIDTH="23" VPOS="1551" HPOS="536"/>
							<String ID="string_214" HPOS="559" VPOS="1552" WIDTH="78" HEIGHT="31" WC="0.96" CONTENT="med"/><SP WIDTH="26" VPOS="1552" HPOS="637"/>
							<String ID="string_215" HPOS="663" VPOS="1552" WIDTH="227" HEIGHT="32" WC="0.96" CONTENT="oförändrade"/><SP WIDTH="23" VPOS="1552" HPOS="890"/>
							<String ID="string_216" HPOS="913" VPOS="1553" WIDTH="137" HEIGHT="42" WC="0.96" CONTENT="belopp."/>
						</TextLine>
					</TextBlock>
				</ComposedBlock>
				<ComposedBlock ID="cblock_10" HPOS="250" VPOS="1626" WIDTH="1505" HEIGHT="286">
					<TextBlock ID="block_10" HPOS="250" VPOS="1626" WIDTH="1505" HEIGHT="140">
						<TextLine ID="line_26" HPOS="304" VPOS="1626" WIDTH="1450" HEIGHT="47">
							<String ID="string_217" HPOS="304" VPOS="1626" WIDTH="188" HEIGHT="39" WC="0.96" CONTENT="Utskottet,"/><SP WIDTH="24" VPOS="1626" HPOS="492"/>
							<String ID="string_218" HPOS="516" VPOS="1638" WIDTH="75" HEIGHT="21" WC="0.96" CONTENT="som"/><SP WIDTH="33" VPOS="1638" HPOS="591"/>
							<String ID="string_219" HPOS="624" VPOS="1627" WIDTH="76" HEIGHT="32" WC="0.95" CONTENT="icke"/><SP WIDTH="30" VPOS="1627" HPOS="700"/>
							<String ID="string_220" HPOS="730" VPOS="1628" WIDTH="116" HEIGHT="32" WC="0.96" CONTENT="funnit"/><SP WIDTH="25" VPOS="1628" HPOS="846"/>
							<String ID="string_221" HPOS="871" VPOS="1628" WIDTH="185" HEIGHT="42" WC="0.96" CONTENT="anledning"/><SP WIDTH="23" VPOS="1628" HPOS="1056"/>
							<String ID="string_222" HPOS="1079" VPOS="1629" WIDTH="53" HEIGHT="32" WC="0.96" CONTENT="till"/><SP WIDTH="22" VPOS="1629" HPOS="1132"/>
							<String ID="string_223" HPOS="1154" VPOS="1630" WIDTH="136" HEIGHT="31" WC="0.95" CONTENT="erinran"/><SP WIDTH="24" VPOS="1630" HPOS="1290"/>
							<String ID="string_224" HPOS="1314" VPOS="1632" WIDTH="72" HEIGHT="30" WC="0.96" CONTENT="mot"/><SP WIDTH="22" VPOS="1632" HPOS="1386"/>
							<String ID="string_225" HPOS="1408" VPOS="1630" WIDTH="126" HEIGHT="42" WC="0.94" CONTENT="Kungl."/><SP WIDTH="25" VPOS="1630" HPOS="1534"/>
							<String ID="string_226" HPOS="1559" VPOS="1631" WIDTH="117" HEIGHT="42" WC="0.93" CONTENT="Maj:ts"/><SP WIDTH="23" VPOS="1631" HPOS="1676"/>
							<String ID="string_227" HPOS="1699" VPOS="1632" WIDTH="55" HEIGHT="31" WC="0.91" CONTENT="be-"/>
						</TextLine>
						<TextLine ID="line_27" HPOS="250" VPOS="1677" WIDTH="1505" HEIGHT="45">
							<String ID="string_228" HPOS="250" VPOS="1677" WIDTH="145" HEIGHT="42" WC="0.96" CONTENT="räkning"/><SP WIDTH="22" VPOS="1677" HPOS="395"/>
							<String ID="string_229" HPOS="417" VPOS="1689" WIDTH="39" HEIGHT="20" WC="0.96" CONTENT="av"/><SP WIDTH="23" VPOS="1689" HPOS="456"/>
							<String ID="string_230" HPOS="479" VPOS="1678" WIDTH="155" HEIGHT="41" WC="0.96" CONTENT="anslaget"/><SP WIDTH="22" VPOS="1678" HPOS="634"/>
							<String ID="string_231" HPOS="656" VPOS="1678" WIDTH="53" HEIGHT="32" WC="0.96" CONTENT="till"/><SP WIDTH="26" VPOS="1678" HPOS="709"/>
							<String ID="string_232" HPOS="735" VPOS="1678" WIDTH="43" HEIGHT="32" WC="0.93" CONTENT="de"/><SP WIDTH="23" VPOS="1678" HPOS="778"/>
							<String ID="string_233" HPOS="801" VPOS="1679" WIDTH="245" HEIGHT="42" WC="0.92" CONTENT="värnpliktigas"/><SP WIDTH="23" VPOS="1679" HPOS="1046"/>
							<String ID="string_234" HPOS="1069" VPOS="1680" WIDTH="160" HEIGHT="42" WC="0.91" CONTENT="avlöning"/><SP WIDTH="22" VPOS="1680" HPOS="1229"/>
							<String ID="string_235" HPOS="1251" VPOS="1681" WIDTH="65" HEIGHT="31" WC="0.96" CONTENT="och"/><SP WIDTH="15" VPOS="1681" HPOS="1316"/>
							<String ID="string_236" HPOS="1331" VPOS="1681" WIDTH="113" HEIGHT="32" WC="0.93" CONTENT="färder"/><SP WIDTH="15" VPOS="1681" HPOS="1444"/>
							<String ID="string_237" HPOS="1459" VPOS="1693" WIDTH="42" HEIGHT="20" WC="0.92" CONTENT="m."/><SP WIDTH="18" VPOS="1693" HPOS="1501"/>
							<String ID="string_238" HPOS="1519" VPOS="1693" WIDTH="53" HEIGHT="27" WC="0.89" CONTENT="m.,"/><SP WIDTH="16" VPOS="1693" HPOS="1572"/>
							<String ID="string_239" HPOS="1588" VPOS="1682" WIDTH="52" HEIGHT="31" WC="0.96" CONTENT="får"/><SP WIDTH="14" VPOS="1682" HPOS="1640"/>
							<String ID="string_240" HPOS="1654" VPOS="1683" WIDTH="101" HEIGHT="31" WC="0.96" CONTENT="alltså"/>
						</TextLine>
						<TextLine ID="line_28" HPOS="250" VPOS="1727" WIDTH="192" HEIGHT="39">
							<String ID="string_241" HPOS="250" VPOS="1727" WIDTH="192" HEIGHT="39" WC="0.87" CONTENT="hemställa,"/>
						</TextLine>
					</TextBlock>
					<TextBlock ID="block_11" HPOS="518" VPOS="1779" WIDTH="1237" HEIGHT="133">
						<TextLine ID="line_29" HPOS="572" VPOS="1779" WIDTH="1182" HEIGHT="44">
							<String ID="string_242" HPOS="572" VPOS="1780" WIDTH="50" HEIGHT="30" WC="0.95" CONTENT="att"/><SP WIDTH="25" VPOS="1780" HPOS="622"/>
							<String ID="string_243" HPOS="647" VPOS="1779" WIDTH="184" HEIGHT="42" WC="0.96" CONTENT="riksdagen"/><SP WIDTH="23" VPOS="1779" HPOS="831"/>
							<String ID="string_244" HPOS="854" VPOS="1781" WIDTH="54" HEIGHT="29" WC="0.96" CONTENT="må"/><SP WIDTH="16" VPOS="1781" HPOS="908"/>
							<String ID="string_245" HPOS="924" VPOS="1780" WIDTH="51" HEIGHT="31" WC="0.96" CONTENT="till"/><SP WIDTH="16" VPOS="1780" HPOS="975"/>
							<String ID="string_246" HPOS="991" VPOS="1780" WIDTH="37" HEIGHT="32" WC="0.93" CONTENT="de"/><SP WIDTH="15" VPOS="1780" HPOS="1028"/>
							<String ID="string_247" HPOS="1043" VPOS="1781" WIDTH="238" HEIGHT="40" WC="0.90" CONTENT="värnpliktigas"/><SP WIDTH="15" VPOS="1781" HPOS="1281"/>
							<String ID="string_248" HPOS="1296" VPOS="1782" WIDTH="153" HEIGHT="40" WC="0.92" CONTENT="avlöning"/><SP WIDTH="16" VPOS="1782" HPOS="1449"/>
							<String ID="string_249" HPOS="1465" VPOS="1782" WIDTH="54" HEIGHT="32" WC="0.96" CONTENT="och"/><SP WIDTH="7" VPOS="1782" HPOS="1519"/>
							<String ID="string_250" HPOS="1526" VPOS="1782" WIDTH="121" HEIGHT="41" WC="0.93" CONTENT="färder"/><SP WIDTH="14" VPOS="1782" HPOS="1647"/>
							<String ID="string_251" HPOS="1661" VPOS="1795" WIDTH="40" HEIGHT="20" WC="0.86" CONTENT="m."/><SP WIDTH="15" VPOS="1795" HPOS="1701"/>
							<String ID="string_252" HPOS="1716" VPOS="1795" WIDTH="38" HEIGHT="20" WC="0.87" CONTENT="m."/>
						</TextLine>
						<TextLine ID="line_30" HPOS="518" VPOS="1829" WIDTH="1237" HEIGHT="45">
							<String ID="string_253" HPOS="518" VPOS="1829" WIDTH="54" HEIGHT="31" WC="0.96" CONTENT="för"/><SP WIDTH="32" VPOS="1829" HPOS="572"/>
							<String ID="string_254" HPOS="604" VPOS="1829" WIDTH="204" HEIGHT="42" WC="0.93" CONTENT="budgetåret"/><SP WIDTH="34" VPOS="1829" HPOS="808"/>
							<String ID="string_255" HPOS="842" VPOS="1831" WIDTH="178" HEIGHT="39" WC="0.66" CONTENT="1935/1936"/><SP WIDTH="33" VPOS="1831" HPOS="1020"/>
							<String ID="string_256" HPOS="1053" VPOS="1831" WIDTH="118" HEIGHT="32" WC="0.96" CONTENT="anvisa"/><SP WIDTH="22" VPOS="1831" HPOS="1171"/>
							<String ID="string_257" HPOS="1193" VPOS="1833" WIDTH="50" HEIGHT="30" WC="0.93" CONTENT="ett"/><SP WIDTH="22" VPOS="1833" HPOS="1243"/>
							<String ID="string_258" HPOS="1265" VPOS="1832" WIDTH="269" HEIGHT="42" WC="0.91" CONTENT="förslagsanslag"/><SP WIDTH="22" VPOS="1832" HPOS="1534"/>
							<String ID="string_259" HPOS="1556" VPOS="1845" WIDTH="40" HEIGHT="19" WC="0.92" CONTENT="av"/><SP WIDTH="24" VPOS="1845" HPOS="1596"/>
							<String ID="string_260" HPOS="1620" VPOS="1834" WIDTH="135" HEIGHT="38" WC="0.91" CONTENT="141,500"/>
						</TextLine>
						<TextLine ID="line_31" HPOS="520" VPOS="1879" WIDTH="136" HEIGHT="33">
							<String ID="string_261" HPOS="520" VPOS="1879" WIDTH="136" HEIGHT="33" WC="0.96" CONTENT="kronor."/>
						</TextLine>
					</TextBlock>
				</ComposedBlock>
				<ComposedBlock ID="cblock_11" HPOS="851" VPOS="1974" WIDTH="317" HEIGHT="50">
					<TextBlock ID="block_12" HPOS="851" VPOS="1974" WIDTH="317" HEIGHT="50">
						<TextLine ID="line_32" HPOS="851" VPOS="1974" WIDTH="317" HEIGHT="50">
							<String ID="string_262" HPOS="851" VPOS="1974" WIDTH="177" HEIGHT="50" WC="0.91" CONTENT="Expenser"/><SP WIDTH="29" VPOS="1974" HPOS="1028"/>
							<String ID="string_263" HPOS="1057" VPOS="1986" WIDTH="44" HEIGHT="28" WC="0.85" CONTENT="m."/><SP WIDTH="23" VPOS="1986" HPOS="1101"/>
							<String ID="string_264" HPOS="1124" VPOS="1986" WIDTH="44" HEIGHT="28" WC="0.91" CONTENT="m."/>
						</TextLine>
					</TextBlock>
				</ComposedBlock>
				<ComposedBlock ID="cblock_12" HPOS="250" VPOS="2049" WIDTH="1507" HEIGHT="446">
					<TextBlock ID="block_13" HPOS="250" VPOS="2049" WIDTH="1507" HEIGHT="190">
						<TextLine ID="line_33" HPOS="305" VPOS="2049" WIDTH="1450" HEIGHT="47">
							<String ID="string_265" HPOS="305" VPOS="2049" WIDTH="104" HEIGHT="41" WC="0.87" CONTENT="104:0)"/><SP WIDTH="23" VPOS="2049" HPOS="409"/>
							<String ID="string_266" HPOS="432" VPOS="2050" WIDTH="275" HEIGHT="32" WC="0.91" CONTENT="Skrivmaterialier"/><SP WIDTH="33" VPOS="2050" HPOS="707"/>
							<String ID="string_267" HPOS="740" VPOS="2052" WIDTH="58" HEIGHT="30" WC="0.90" CONTENT="och"/><SP WIDTH="36" VPOS="2052" HPOS="798"/>
							<String ID="string_268" HPOS="834" VPOS="2060" WIDTH="151" HEIGHT="30" WC="0.89" CONTENT="expenser"/><SP WIDTH="23" VPOS="2060" HPOS="985"/>
							<String ID="string_269" HPOS="1008" VPOS="2061" WIDTH="36" HEIGHT="22" WC="0.90" CONTENT="m."/><SP WIDTH="27" VPOS="2061" HPOS="1044"/>
							<String ID="string_270" HPOS="1071" VPOS="2061" WIDTH="36" HEIGHT="22" WC="0.92" CONTENT="m."/><SP WIDTH="45" VPOS="2061" HPOS="1107"/>
							<String ID="string_271" HPOS="1152" VPOS="2053" WIDTH="364" HEIGHT="39" WC="0.90" CONTENT="Tryckningskostnader."/><SP WIDTH="45" VPOS="2053" HPOS="1516"/>
							<String ID="string_272" HPOS="1561" VPOS="2054" WIDTH="18" HEIGHT="31" WC="0.91" CONTENT="I"/><SP WIDTH="23" VPOS="2054" HPOS="1579"/>
							<String ID="string_273" HPOS="1602" VPOS="2054" WIDTH="153" HEIGHT="42" WC="0.96" CONTENT="enlighet"/>
						</TextLine>
						<TextLine ID="line_34" HPOS="251" VPOS="2099" WIDTH="1505" HEIGHT="46">
							<String ID="string_274" HPOS="251" VPOS="2099" WIDTH="79" HEIGHT="32" WC="0.95" CONTENT="med"/><SP WIDTH="33" VPOS="2099" HPOS="330"/>
							<String ID="string_275" HPOS="363" VPOS="2100" WIDTH="124" HEIGHT="41" WC="0.95" CONTENT="Kungl."/><SP WIDTH="35" VPOS="2100" HPOS="487"/>
							<String ID="string_276" HPOS="522" VPOS="2100" WIDTH="116" HEIGHT="42" WC="0.96" CONTENT="Maj:ts"/><SP WIDTH="22" VPOS="2100" HPOS="638"/>
							<String ID="string_277" HPOS="660" VPOS="2101" WIDTH="129" HEIGHT="42" WC="0.96" CONTENT="förslag"/><SP WIDTH="22" VPOS="2101" HPOS="789"/>
							<String ID="string_278" HPOS="811" VPOS="2101" WIDTH="202" HEIGHT="42" WC="0.96" CONTENT="(punkterna"/><SP WIDTH="26" VPOS="2101" HPOS="1013"/>
							<String ID="string_279" HPOS="1039" VPOS="2103" WIDTH="59" HEIGHT="30" WC="0.96" CONTENT="133"/><SP WIDTH="23" VPOS="2103" HPOS="1098"/>
							<String ID="string_280" HPOS="1121" VPOS="2103" WIDTH="64" HEIGHT="31" WC="0.96" CONTENT="och"/><SP WIDTH="26" VPOS="2103" HPOS="1185"/>
							<String ID="string_281" HPOS="1211" VPOS="2103" WIDTH="67" HEIGHT="38" WC="0.96" CONTENT="134,"/><SP WIDTH="26" VPOS="2103" HPOS="1278"/>
							<String ID="string_282" HPOS="1304" VPOS="2103" WIDTH="63" HEIGHT="32" WC="0.96" CONTENT="sid."/><SP WIDTH="26" VPOS="2103" HPOS="1367"/>
							<String ID="string_283" HPOS="1393" VPOS="2104" WIDTH="59" HEIGHT="31" WC="0.96" CONTENT="179"/><SP WIDTH="24" VPOS="2104" HPOS="1452"/>
							<String ID="string_284" HPOS="1476" VPOS="2104" WIDTH="63" HEIGHT="31" WC="0.96" CONTENT="och"/><SP WIDTH="25" VPOS="2104" HPOS="1539"/>
							<String ID="string_285" HPOS="1564" VPOS="2103" WIDTH="70" HEIGHT="42" WC="0.96" CONTENT="180)"/><SP WIDTH="24" VPOS="2103" HPOS="1634"/>
							<String ID="string_286" HPOS="1658" VPOS="2105" WIDTH="63" HEIGHT="31" WC="0.96" CONTENT="och"/><SP WIDTH="23" VPOS="2105" HPOS="1721"/>
							<String ID="string_287" HPOS="1744" VPOS="2105" WIDTH="12" HEIGHT="31" WC="0.96" CONTENT="i"/>
						</TextLine>
						<TextLine ID="line_35" HPOS="250" VPOS="2150" WIDTH="1507" HEIGHT="45">
							<String ID="string_288" HPOS="250" VPOS="2150" WIDTH="201" HEIGHT="42" WC="0.95" CONTENT="anslutning"/><SP WIDTH="33" VPOS="2150" HPOS="451"/>
							<String ID="string_289" HPOS="484" VPOS="2150" WIDTH="54" HEIGHT="32" WC="0.95" CONTENT="till"/><SP WIDTH="32" VPOS="2150" HPOS="538"/>
							<String ID="string_290" HPOS="570" VPOS="2151" WIDTH="65" HEIGHT="31" WC="0.96" CONTENT="vad"/><SP WIDTH="34" VPOS="2151" HPOS="635"/>
							<String ID="string_291" HPOS="669" VPOS="2162" WIDTH="73" HEIGHT="21" WC="0.96" CONTENT="som"/><SP WIDTH="34" VPOS="2162" HPOS="742"/>
							<String ID="string_292" HPOS="776" VPOS="2152" WIDTH="54" HEIGHT="31" WC="0.96" CONTENT="för"/><SP WIDTH="24" VPOS="2152" HPOS="830"/>
							<String ID="string_293" HPOS="854" VPOS="2152" WIDTH="231" HEIGHT="32" WC="0.96" CONTENT="innevarande"/><SP WIDTH="22" VPOS="2152" HPOS="1085"/>
							<String ID="string_294" HPOS="1107" VPOS="2153" WIDTH="168" HEIGHT="41" WC="0.96" CONTENT="budgetår"/><SP WIDTH="23" VPOS="2153" HPOS="1275"/>
							<String ID="string_295" HPOS="1298" VPOS="2155" WIDTH="57" HEIGHT="40" WC="0.96" CONTENT="ägt"/><SP WIDTH="22" VPOS="2155" HPOS="1355"/>
							<String ID="string_296" HPOS="1377" VPOS="2165" WIDTH="85" HEIGHT="27" WC="0.96" CONTENT="rum,"/><SP WIDTH="25" VPOS="2165" HPOS="1462"/>
							<String ID="string_297" HPOS="1487" VPOS="2154" WIDTH="199" HEIGHT="32" WC="0.93" CONTENT="hemställer"/><SP WIDTH="22" VPOS="2154" HPOS="1686"/>
							<String ID="string_298" HPOS="1708" VPOS="2158" WIDTH="49" HEIGHT="29" WC="0.92" CONTENT="ut-"/>
						</TextLine>
						<TextLine ID="line_36" HPOS="250" VPOS="2201" WIDTH="139" HEIGHT="38">
							<String ID="string_299" HPOS="250" VPOS="2201" WIDTH="139" HEIGHT="38" WC="0.96" CONTENT="skottet,"/>
						</TextLine>
					</TextBlock>
					<TextBlock ID="block_14" HPOS="572" VPOS="2252" WIDTH="332" HEIGHT="42">
						<TextLine ID="line_37" HPOS="572" VPOS="2252" WIDTH="332" HEIGHT="42">
							<String ID="string_300" HPOS="572" VPOS="2254" WIDTH="50" HEIGHT="29" WC="0.96" CONTENT="att"/><SP WIDTH="21" VPOS="2254" HPOS="622"/>
							<String ID="string_301" HPOS="643" VPOS="2252" WIDTH="184" HEIGHT="42" WC="0.96" CONTENT="riksdagen"/><SP WIDTH="23" VPOS="2252" HPOS="827"/>
							<String ID="string_302" HPOS="850" VPOS="2254" WIDTH="54" HEIGHT="30" WC="0.96" CONTENT="må"/>
						</TextLine>
					</TextBlock>
					<TextBlock ID="block_15" HPOS="520" VPOS="2301" WIDTH="1236" HEIGHT="95">
						<TextLine ID="line_38" HPOS="573" VPOS="2301" WIDTH="1183" HEIGHT="46">
							<String ID="string_303" HPOS="573" VPOS="2301" WIDTH="30" HEIGHT="42" WC="0.96" CONTENT="a)"/><SP WIDTH="21" VPOS="2301" HPOS="603"/>
							<String ID="string_304" HPOS="624" VPOS="2302" WIDTH="54" HEIGHT="31" WC="0.91" CONTENT="till"/><SP WIDTH="35" VPOS="2302" HPOS="678"/>
							<String ID="string_305" HPOS="713" VPOS="2303" WIDTH="290" HEIGHT="32" WC="0.91" CONTENT="skrivmaterialier"/><SP WIDTH="36" VPOS="2303" HPOS="1003"/>
							<String ID="string_306" HPOS="1039" VPOS="2303" WIDTH="54" HEIGHT="32" WC="0.92" CONTENT="och"/><SP WIDTH="36" VPOS="2303" HPOS="1093"/>
							<String ID="string_307" HPOS="1129" VPOS="2314" WIDTH="152" HEIGHT="31" WC="0.91" CONTENT="expenser"/><SP WIDTH="36" VPOS="2314" HPOS="1281"/>
							<String ID="string_308" HPOS="1317" VPOS="2315" WIDTH="39" HEIGHT="21" WC="0.77" CONTENT="m."/><SP WIDTH="30" VPOS="2315" HPOS="1356"/>
							<String ID="string_309" HPOS="1386" VPOS="2316" WIDTH="39" HEIGHT="20" WC="0.84" CONTENT="m."/><SP WIDTH="39" VPOS="2316" HPOS="1425"/>
							<String ID="string_310" HPOS="1464" VPOS="2305" WIDTH="53" HEIGHT="31" WC="0.96" CONTENT="för"/><SP WIDTH="35" VPOS="2305" HPOS="1517"/>
							<String ID="string_311" HPOS="1552" VPOS="2305" WIDTH="204" HEIGHT="42" WC="0.96" CONTENT="budgetåret"/>
						</TextLine>
						<TextLine ID="line_39" HPOS="520" VPOS="2352" WIDTH="1124" HEIGHT="44">
							<String ID="string_312" HPOS="520" VPOS="2352" WIDTH="179" HEIGHT="36" WC="0.90" CONTENT="1935/1936"/><SP WIDTH="23" VPOS="2352" HPOS="699"/>
							<String ID="string_313" HPOS="722" VPOS="2353" WIDTH="119" HEIGHT="32" WC="0.96" CONTENT="anvisa"/><SP WIDTH="22" VPOS="2353" HPOS="841"/>
							<String ID="string_314" HPOS="863" VPOS="2356" WIDTH="49" HEIGHT="29" WC="0.93" CONTENT="ett"/><SP WIDTH="21" VPOS="2356" HPOS="912"/>
							<String ID="string_315" HPOS="933" VPOS="2354" WIDTH="351" HEIGHT="42" WC="0.90" CONTENT="reservationsanslag"/><SP WIDTH="23" VPOS="2354" HPOS="1284"/>
							<String ID="string_316" HPOS="1307" VPOS="2366" WIDTH="40" HEIGHT="19" WC="0.93" CONTENT="av"/><SP WIDTH="22" VPOS="2366" HPOS="1347"/>
							<String ID="string_317" HPOS="1369" VPOS="2355" WIDTH="116" HEIGHT="37" WC="0.92" CONTENT="40,300"/><SP WIDTH="22" VPOS="2355" HPOS="1485"/>
							<String ID="string_318" HPOS="1507" VPOS="2356" WIDTH="137" HEIGHT="37" WC="0.96" CONTENT="kronor,"/>
						</TextLine>
					</TextBlock>
					<TextBlock ID="block_16" HPOS="518" VPOS="2402" WIDTH="1239" HEIGHT="93">
						<TextLine ID="line_40" HPOS="571" VPOS="2402" WIDTH="1186" HEIGHT="44">
							<String ID="string_319" HPOS="571" VPOS="2402" WIDTH="34" HEIGHT="42" WC="0.89" CONTENT="b)"/><SP WIDTH="22" VPOS="2402" HPOS="605"/>
							<String ID="string_320" HPOS="627" VPOS="2402" WIDTH="53" HEIGHT="32" WC="0.93" CONTENT="till"/><SP WIDTH="24" VPOS="2402" HPOS="680"/>
							<String ID="string_321" HPOS="704" VPOS="2403" WIDTH="357" HEIGHT="41" WC="0.58" CONTENT="iryckningskostnader"/><SP WIDTH="26" VPOS="2403" HPOS="1061"/>
							<String ID="string_322" HPOS="1087" VPOS="2404" WIDTH="51" HEIGHT="32" WC="0.96" CONTENT="för"/><SP WIDTH="18" VPOS="2404" HPOS="1138"/>
							<String ID="string_323" HPOS="1156" VPOS="2404" WIDTH="204" HEIGHT="42" WC="0.93" CONTENT="budgetåret"/><SP WIDTH="18" VPOS="2404" HPOS="1360"/>
							<String ID="string_324" HPOS="1378" VPOS="2405" WIDTH="178" HEIGHT="39" WC="0.92" CONTENT="1935/1936"/><SP WIDTH="16" VPOS="2405" HPOS="1556"/>
							<String ID="string_325" HPOS="1572" VPOS="2406" WIDTH="118" HEIGHT="32" WC="0.96" CONTENT="anvisa"/><SP WIDTH="16" VPOS="2406" HPOS="1690"/>
							<String ID="string_326" HPOS="1706" VPOS="2409" WIDTH="51" HEIGHT="29" WC="0.96" CONTENT="ett"/>
						</TextLine>
						<TextLine ID="line_41" HPOS="518" VPOS="2453" WIDTH="707" HEIGHT="42">
							<String ID="string_327" HPOS="518" VPOS="2453" WIDTH="352" HEIGHT="42" WC="0.92" CONTENT="reservationsanslag"/><SP WIDTH="22" VPOS="2453" HPOS="870"/>
							<String ID="string_328" HPOS="892" VPOS="2465" WIDTH="40" HEIGHT="20" WC="0.93" CONTENT="av"/><SP WIDTH="24" VPOS="2465" HPOS="932"/>
							<String ID="string_329" HPOS="956" VPOS="2455" WIDTH="113" HEIGHT="38" WC="0.92" CONTENT="11,000"/><SP WIDTH="22" VPOS="2455" HPOS="1069"/>
							<String ID="string_330" HPOS="1091" VPOS="2454" WIDTH="134" HEIGHT="33" WC="0.96" CONTENT="kronor."/>
						</TextLine>
					</TextBlock>
				</ComposedBlock>
			</PrintSpace>
		</Page>
	</Layout>
</alto>
