1888 2838
72 247 132 25 Utskottet.

61 2036 133 24 Utskottet.

254 156 45 44 44
751 164 230 29 Statsutskottets
1003 166 150 28 utlåtande
1174 167 49 27 Nr
1245 164 28 32 Å.

311 236 182 32 Utskottet
525 238 61 31 har
619 238 74 32 icke
716 241 113 30 ansett
852 239 53 42 sig
926 240 84 31 böra
1032 240 173 43 tillstyrka
1228 242 187 31 anvisande
1438 253 40 20 av
1501 242 107 42 högre
1631 243 128 42 belopp

257 287 43 30 än
324 297 75 21 som
422 298 41 21 av
485 288 127 42 Kungl.
637 289 98 41 Maj:t
757 290 125 32 äskats.
928 290 49 32 På
999 292 111 40 grund
1134 292 103 31 härav
1259 293 51 31 får
1332 293 171 32 utskottet
1524 294 161 41 avstyrka
1700 294 58 32 det

256 336 11 31 i
290 336 224 33 förenämnda
536 339 171 32 motioner
729 340 120 41 gjorda
870 341 177 41 yrkandet.

309 387 182 33 Utskottet
513 389 208 39 hemställer,

577 476 50 30 att
649 475 182 42 riksdagen
853 478 64 37 må,
941 477 79 32 med
1041 477 97 32 bifall
1161 478 53 31 till
1236 478 128 43 Kungl.
1388 480 117 40 Maj:ts
1526 480 129 42 förslag
1671 483 89 29 samt

524 525 77 31 med
636 526 115 42 avslag
783 528 20 30 å
835 526 80 32 herr
946 527 32 32 J.
1012 528 40 31 B.
1086 528 220 33 Johanssons
1340 541 42 20 m.
1406 530 32 31 fl.
1470 530 65 32 och
1557 530 79 32 herr
1658 531 102 31 Lind-

523 586 98 21 mans
643 587 42 20 m.
709 577 31 31 fl.
764 577 171 32 motioner
956 577 71 42 (I:5
1050 578 65 32 och
1137 579 47 31 II:
1199 579 59 42 17),
1287 579 5 32 i
1316 580 43 31 de
1382 580 94 32 delar
1497 592 116 21 varom
1637 581 62 32 här
1720 583 37 30 är

522 626 103 42 fråga,
649 627 54 31 till
725 628 263 33 kustartilleriets
1010 629 264 42 krigsberedskap
1297 630 56 32 och
1374 631 159 41 övningar
1548 631 53 32 för
1616 632 141 41 budget-

523 678 72 30 året
619 678 179 39 1935/1936
821 679 119 31 anvisa
962 681 50 30 ett
1033 680 354 43 reservationsanslag
1408 692 41 21 av
1470 682 138 39 475,000
1622 682 137 32 kronor.

306 785 85 42 19:0)
415 787 234 39 Krigsövningar
675 789 46 30 vid
750 789 290 40 kustfästningarna.
1084 790 20 32 I
1130 790 151 43 enlighet
1304 791 78 32 med
1405 791 126 43 Kungl.
1555 792 118 42 Maj:ts
1696 793 63 32 för-

253 836 74 42 slag
349 836 122 42 (punkt
492 838 50 39 97,
566 838 64 32 sid.
656 838 71 42 145)
749 839 199 32 hemställer
969 840 180 40 utskottet,

574 917 51 29 att
657 915 183 42 riksdagen
873 918 63 36 må,
960 917 12 31 i
993 917 110 32 likhet
1136 917 79 32 med
1247 918 65 32 vad
1346 930 74 20 som
1454 919 53 32 för
1527 919 232 33 innevarande

520 965 170 42 budgetår
711 968 57 40 ägt
789 978 85 27 rum,
891 967 53 31 till
966 967 251 42 krigsövningar
1238 969 56 32 vid
1316 969 309 41 kustfästningarna
1641 971 118 31 anvisa

521 1018 50 29 ett
591 1017 352 42 reservationsanslag
965 1029 40 20 av
1027 1018 117 39 20,000
1165 1018 135 33 kronor.

302 1116 86 43 80:0)
412 1118 150 31 Motioner
584 1127 47 23 om
656 1120 107 38 anslag
785 1120 49 30 för
857 1121 156 30 ordnande
1037 1129 36 23 av
1097 1121 356 33 kustartilleriförsvaret
1469 1120 38 41 på
1524 1123 138 31 Gotland.
1695 1123 62 32 Uti

249 1168 92 31 förut
356 1168 150 32 nämnda
528 1170 124 30 tvenne
675 1169 218 41 likalydande
916 1170 179 39 motioner,
1111 1171 128 39 väckta,
1257 1171 67 32 den
1347 1183 65 20 ena
1433 1172 95 32 inom
1543 1173 109 31 första
1667 1173 88 31 kam-

250 1229 116 21 maren
400 1230 41 20 av
474 1219 79 31 herr
585 1219 44 32 K.
669 1219 38 33 G.
748 1220 164 32 Westman
944 1232 40 20 m.
1000 1222 39 40 fl.
1074 1221 52 42 (nr
1151 1221 51 42 65)
1225 1222 63 31 och
1313 1222 67 32 den
1403 1223 107 31 andra
1531 1223 95 32 inom
1649 1223 107 32 andra

249 1269 197 32 kammaren
479 1281 40 20 av
551 1270 80 32 herr
668 1263 187 40 Österström
888 1282 40 21 m.
944 1273 39 40 AA.
1017 1271 53 42 (nr
1095 1273 83 38 202),
1201 1273 62 31 har
1284 1273 206 39 hemställts,
1513 1274 107 32 bland
1643 1277 113 36 annat,

249 1321 50 30 att
320 1320 184 42 riksdagen
527 1323 106 29 måtte
656 1321 53 31 för
730 1322 217 42 anskaffning
966 1333 40 21 av
1021 1323 156 31 materiel
1192 1323 53 32 till
1260 1323 122 42 rörligt
1396 1324 359 33 kustartilleriförsvar

248 1372 45 39 på
316 1370 154 32 Gotland
492 1371 119 32 anvisa
634 1373 49 30 ett
704 1372 352 43 reservationsanslag
1078 1384 41 20 av
1142 1374 136 38 210,000
1300 1374 135 32 kronor.

300 1420 128 32 Vidare
461 1421 62 31 har
556 1422 51 31 uti
639 1422 93 31 förut
764 1423 148 31 nämnda
944 1423 93 32 inom
1072 1424 107 31 andra
1211 1424 197 32 kammaren
1441 1436 40 20 av
1507 1425 80 32 herr
1614 1425 141 33 Ossbahr

248 1472 84 40 m.fl.
350 1471 120 32 väckta
491 1472 132 31 motion
647 1472 51 42 (nr
721 1472 70 42 178)
814 1473 203 39 hemställts,
1041 1474 107 31 bland
1170 1476 113 36 annat,
1301 1477 50 29 att
1372 1475 184 42 riksdagen
1579 1478 106 30 måtte
1700 1476 53 32 för

248 1521 177 32 ordnande
458 1533 41 20 av
531 1523 392 33 kustartilleriförsvaret
945 1526 20 30 å
987 1524 153 32 Gotland
1163 1525 125 41 bevilja
1311 1527 50 30 ett
1391 1527 94 30 extra
1511 1526 242 32 reservations-

248 1572 120 42 anslag
391 1583 41 20 av
454 1573 137 38 210,000
612 1573 135 32 kronor.

300 1622 19 32 I
341 1623 95 41 fråga
457 1634 55 20 om
539 1623 43 32 de
606 1624 83 38 skäl,
706 1625 254 32 motionärerna
981 1626 114 31 anfört
1116 1626 54 31 till
1194 1626 79 32 stöd
1294 1627 54 31 för
1363 1627 76 31 sina
1453 1627 301 42 framställningar,

248 1673 51 31 får
322 1673 170 32 utskottet
514 1674 144 32 hänvisa
679 1675 53 31 till
758 1676 216 32 motionerna
995 1677 28 31 I:
1047 1677 41 31 65
1111 1677 65 31 och
1198 1677 46 31 II:
1271 1678 69 31 178.

300 1775 20 31 I
353 1775 77 32 sina
462 1777 313 41 anslagsäskanden
808 1778 53 32 för
883 1780 99 30 nästa
1003 1779 170 42 budgetår
1194 1779 62 32 har
1278 1780 364 42 marinförvaltningen
1666 1781 90 31 hem-

249 1827 104 38 ställt,
370 1829 52 30 att
443 1827 53 32 för
517 1827 62 32 här
600 1828 255 41 ifrågavarande
879 1829 157 32 ändamål
1059 1831 106 30 måtte
1188 1830 136 32 anvisas
1348 1833 49 29 ett
1418 1831 129 42 belopp
1564 1843 40 20 av
1621 1833 136 38 210,000

248 1877 136 32 kronor.
429 1878 389 41 Departementschefen
840 1879 63 31 har
925 1880 192 32 emellertid
1140 1880 114 32 funnit
1276 1881 54 41 sig
1351 1881 75 31 icke
1441 1881 84 32 böra
1540 1882 148 39 förorda,
1705 1885 50 30 att

249 1927 111 32 medel
383 1928 116 32 härför
520 1928 146 33 beredas
689 1931 19 30 å
729 1930 186 32 riksstaten
938 1931 53 31 för
1012 1931 205 41 budgetåret
1241 1932 188 40 1935/1936.

300 2030 83 32 Med
416 2030 134 42 hänsyn
583 2031 54 31 till
671 2031 170 32 Gotlands
872 2033 197 41 synnerliga
1090 2033 178 41 betydelse
1290 2045 42 20 ur
1353 2034 402 43 riksförsvarssynpunkt

247 2081 160 31 framstår
428 2081 59 32 det
508 2082 53 31 för
586 2082 171 32 utskottet
779 2093 74 21 som
877 2094 42 20 en
942 2084 249 41 angelägenhet
1213 2096 41 19 av
1275 2085 81 38 vikt,
1373 2087 50 29 att
1437 2086 54 31 för
1505 2086 250 33 kustförsvaret

247 2131 180 32 därstädes
450 2132 172 32 anskaffas
644 2132 125 42 rörliga
794 2133 399 33 kustartilleribatterier.
1230 2135 183 32 Utskottet
1434 2135 62 32 har
1511 2136 116 32 därför
1642 2140 114 29 ansett

248 2182 51 41 sig
331 2182 86 31 böra
439 2182 172 42 tillstyrka
634 2183 43 31 de
699 2183 205 32 motionsvis
926 2184 119 41 gjorda
1067 2184 345 43 framställningarna,
1436 2188 50 29 att
1507 2187 54 31 för
1582 2188 171 31 nästkom-

247 2232 124 32 mande
404 2232 168 43 budgetår
594 2235 106 30 måtte
722 2234 53 32 för
796 2234 193 32 ändamålet
1011 2235 146 41 beviljas
1180 2237 50 30 ett
1252 2236 120 41 anslag
1394 2248 40 20 av
1457 2238 137 38 210,000
1616 2238 135 33 kronor.

299 2283 181 32 Utskottet
502 2284 207 38 hemställer,

567 2363 51 29 att
639 2361 183 42 riksdagen
844 2364 65 46 må,
926 2362 77 31 med
1025 2362 98 32 bifall
1145 2362 54 32 till
1222 2364 94 31 såväl
1338 2363 79 32 herr
1436 2364 43 32 K.
1496 2364 40 32 G.
1554 2365 198 32 Westmans

514 2422 44 21 m.
581 2412 32 31 fl.
639 2412 64 31 och
725 2412 79 31 herr
827 2406 231 38 Österströms
1081 2425 43 20 m.
1148 2413 31 32 fl.
1204 2414 171 32 motioner
1396 2413 38 42 (I:
1458 2415 41 32 65
1522 2416 64 31 och
1609 2416 47 31 II:
1681 2416 74 42 202)

516 2472 73 21 som
607 2462 79 32 herr
702 2462 174 32 Ossbahrs
892 2474 42 21 m.
947 2463 32 32 fl.
997 2463 132 32 motion
1141 2463 58 42 (II:
1215 2464 79 42 178),
1319 2465 158 41 samtliga
1492 2466 173 31 motioner
1679 2466 12 31 i
1707 2466 42 32 de
