2240 2656
753 202 228 37 Lagutskottets
1008 201 161 30 Utlåtande
1193 201 56 29 N:o
1272 200 46 29 15.
1816 197 18 30 3

395 282 145 47 Frågan
581 294 57 22 om
676 280 218 36 förändrade
937 278 276 37 bestämmelser
1255 278 192 47 angående
1482 276 284 48 förvandlingen
1800 276 39 36 af

235 337 104 36 böter
367 337 12 34 i
408 336 64 35 fall
502 335 38 36 af
560 335 189 36 bristande
778 335 158 47 tillgång
964 333 56 36 till
1050 334 105 35 deras
1185 333 183 47 gäldande
1398 333 66 35 har
1492 331 63 37 vid
1582 331 252 37 innevarande

235 392 152 46 riksdag
430 393 77 33 åter
547 390 125 47 bragts
703 392 19 33 å
750 389 95 36 bane
888 388 39 36 af
965 400 136 23 samme
1146 387 189 44 motionär,
1366 386 153 37 hvilken
1566 386 55 36 uti
1654 398 46 23 en
1736 385 96 37 inom

236 446 130 35 Andra
395 446 225 34 Kammaren
650 444 121 44 väckt,
802 444 57 34 till
887 442 244 47 lagutskottet
1159 441 180 37 hänvisad
1368 441 149 44 motion,
1544 453 60 23 n:o
1628 443 60 42 58,
1711 440 122 35 anför:

403 499 262 37 »Hänvisande
694 498 57 35 till
780 496 271 47 motiveringen
1079 496 12 35 i
1120 496 76 35 min
1221 495 138 36 motion
1379 508 60 23 n:o
1463 497 46 33 55
1531 494 63 37 vid
1613 494 223 48 föregående

237 557 95 33 årets
374 554 153 46 riksdag
562 566 56 23 om
654 552 193 36 skrifvelse
881 551 57 36 till
966 551 135 46 Kongl.
1134 550 108 48 Maj:t
1271 550 191 47 angående
1490 549 258 36 bestämmelse
1778 561 56 24 om

237 609 210 35 underrätts
478 607 215 48 skyldighet
726 609 52 33 att
813 606 62 36 vid
905 605 202 35 ådömande
1139 605 38 34 af
1201 605 104 35 böter
1333 604 13 35 i
1374 604 162 47 utslaget
1563 603 182 36 fastställa
1775 603 62 35 det

236 667 96 31 emot
374 661 279 47 bötesbeloppet
696 661 178 36 svarande
919 659 406 46 förvandlingsstraffet,
1356 657 55 36 får
1447 658 64 48 jag
1541 663 100 30 ännu
1667 670 46 22 en
1737 659 99 45 gång

237 718 153 35 besvära
420 715 216 47 Riksdagen
667 716 82 34 med
780 727 45 22 en
854 712 272 48 framställning
1153 713 13 35 1
1196 716 133 32 ämnet.

395 771 237 46 Föregående
670 772 57 33 års
756 768 205 47 lagutskott
989 767 241 35 underkände
1259 766 82 36 icke
1372 766 75 35 min
1489 765 232 47 motivering,
1753 778 84 22 men

235 826 127 34 kunde
392 824 30 48 ej
455 827 45 44 gå
530 825 84 34 med
643 826 46 44 på
710 824 71 34 den
800 821 225 47 förändring,
1054 821 64 48 jag
1137 820 198 47 föreslagit.
1393 820 71 46 Jag
1483 820 76 34 kan
1578 819 82 35 icke
1680 819 157 35 tillmäta

236 879 201 36 utskottets
480 879 81 35 skäl
602 878 56 35 för
688 877 238 48 afstyrkande
955 878 123 44 någon
1113 875 199 47 afgörande
1340 874 201 48 betydelse,
1574 874 78 35 dels
1682 874 155 34 emedan

238 937 52 38 ett
315 933 232 37 afsevärdare
576 932 239 47 bötesbelopp
840 930 56 36 för
924 929 142 36 mindre
1095 929 216 35 bemedlade
1341 928 105 36 alltid
1475 933 39 30 är
1547 927 179 49 liktydigt
1754 928 83 35 med

237 988 178 47 fängelse,
447 988 67 35 och
558 986 78 36 dels
679 989 53 32 att
776 986 61 34 det
877 984 31 48 ej
940 989 39 30 är
1007 994 100 25 mera
1135 983 245 35 nedsättande
1408 982 56 35 för
1493 983 73 34 den
1593 981 242 47 förmögnare,

238 1046 53 32 att
320 1042 249 36 allmänheten
598 1041 56 35 får
695 1043 95 41 veta,
823 1042 51 33 att
904 1040 62 34 det
995 1039 130 34 endast
1154 1043 39 30 är
1229 1038 70 34 den
1329 1036 241 36 ekonomiska
1599 1035 236 48 ställningen,

238 1110 75 23 som
356 1097 135 34 räddar
532 1096 135 35 honom
710 1094 81 35 från
822 1094 70 34 den
922 1093 115 44 skam,
1067 1092 155 36 hvilken
1261 1091 157 35 drabbar
1447 1092 71 34 den
1546 1090 131 47 fattige
1707 1091 131 34 endast

237 1151 57 36 för
324 1152 62 34 det
414 1151 74 34 han
518 1156 39 29 är
586 1149 109 47 fattig
724 1149 68 35 och
822 1147 31 49 ej
886 1148 74 34 kan
989 1147 149 46 erlägga
1167 1146 162 35 böterna.

399 1205 44 35 Så
487 1204 66 37 vill
591 1203 65 49 jag
696 1204 122 34 denna
847 1204 98 45 gång
973 1200 203 36 inskränka
1206 1200 75 47 mig
1309 1199 57 36 till
1395 1202 53 33 att
1476 1199 142 45 föreslå,
1650 1202 53 32 att
1732 1198 105 36 Riks-

240 1260 121 46 dagen
404 1261 114 33 måtte
546 1258 13 35 i
588 1257 194 36 skrifvelse
821 1256 58 36 till
920 1255 136 47 Kongl.
1088 1254 107 49 Maj:t
1232 1254 147 35 anhålla
1409 1266 54 23 om
1495 1253 279 47 framläggande
1804 1253 39 35 af

240 1314 132 35 sådant
413 1312 138 47 förslag
590 1312 58 36 till
691 1310 157 47 ändring
875 1309 14 36 i
917 1309 171 47 gällande
1128 1309 71 47 lag,
1232 1311 53 33 att
1322 1308 156 36 ådömda
1505 1307 104 36 böter
1633 1307 116 45 skola,
1781 1320 56 23 om

240 1368 72 35 den
355 1368 132 34 dömde
530 1367 136 35 saknar
706 1365 211 47 tillgångar,
948 1363 211 38 förvandlas
1202 1375 131 35 genom
1378 1374 124 24 annan
1539 1361 231 50 myndighet.
1793 1367 47 30 än

239 1434 51 23 nu
320 1421 119 36 sker.»

401 1839 64 36 Uti
509 1840 72 34 den
623 1838 255 48 föreliggande
918 1838 187 36 motionen
1133 1837 66 35 har
1223 1837 82 35 icke
1342 1835 39 35 af
1406 1835 229 36 motionären
1665 1835 176 47 angifvits

242 1897 112 44 något
385 1897 72 32 sätt
485 1893 55 36 för
577 1893 185 36 vinnande
806 1893 39 35 af
883 1905 46 23 en
971 1891 209 47 förenkling
1211 1891 39 36 af
1286 1892 62 34 det
1375 1891 214 36 nuvarande
1617 1889 227 37 förfarandet

245 1949 61 35 vid
339 1947 354 47 bötesförvandling,
738 1947 62 36 vid
833 1946 143 37 hvilket
1004 1946 231 36 förhållande
1282 1944 247 36 motionärens
1571 1944 272 47 framställning

245 2015 108 35 synes
383 2002 181 35 utskottet
597 2014 87 23 vara
719 2001 55 36 till
805 2000 230 36 innebörden
1055 2000 64 36 allt
1139 1999 55 36 för
1214 2000 189 35 obestämd
1423 2002 53 32 att
1494 1998 202 48 lämpligen
1715 1998 128 36 kunna

244 2057 128 46 läggas
401 2056 57 35 till
487 2056 121 46 grund
636 2055 55 36 för
719 2058 113 44 något
875 2054 233 48 Riksdagens
1137 2054 191 35 uttalande
1356 2053 13 35 i
1399 2057 132 32 ämnet.

405 2111 133 45 Någon
568 2109 158 35 särskild
756 2109 202 46 anledning
988 2112 53 32 att
1070 2108 146 47 påkalla
1245 2108 135 46 Kongl.
1413 2106 124 49 Maj:ts
1567 2107 275 47 uppmärksam-

245 2165 63 35 het
344 2167 19 32 å
399 2163 253 47 föreliggande
695 2163 102 47 fråga
848 2163 104 35 torde
995 2162 31 48 ej
1071 2162 115 35 heller
1233 2162 131 43 finnas,
1396 2162 45 34 då
1476 2162 212 35 densamma
1729 2162 116 34 redan

246 2219 96 35 lärer
384 2221 130 43 utgöra
556 2217 151 36 föremål
748 2217 55 35 för
835 2216 228 47 behandling
1095 2216 98 35 inom
1225 2216 72 35 den
1326 2215 39 36 af
1389 2215 135 47 Kongl.
1555 2215 109 49 Maj:t
1690 2215 154 36 tillsatta

246 2272 165 36 komitén
441 2272 54 35 för
523 2272 243 35 utarbetande
797 2271 39 35 af
860 2271 136 46 förslag
1024 2271 56 35 till
1125 2270 156 46 ändring
1310 2270 13 34 i
1352 2270 96 36 vissa
1478 2270 101 35 delar
1608 2270 39 35 af
1672 2270 171 46 gällande
