2179 2670
681 125 242 32 Statsutskottets
952 126 167 33 Utlåtande
1142 128 62 31 N:o
1227 129 53 31 45.
1709 134 37 31 19

180 214 126 35 låtelse
345 216 36 32 åt
421 206 140 44 Örebro
602 214 81 36 stad
723 214 40 36 af
800 215 155 36 berörda
994 217 242 36 tomtområde
1265 224 77 30 mot
1369 221 208 48 ersättning
1604 223 98 34 såväl
1731 222 57 36 för

180 263 131 47 själfva
350 269 144 31 tomten
526 277 77 23 som
631 262 61 39 för
719 266 45 35 de
791 266 88 35 därå
907 267 183 48 uppförda
1116 268 217 50 byggnader
1361 271 82 36 med
1472 271 144 50 belopp,
1646 273 141 37 hvilket

179 318 46 45 på
265 316 148 35 stadens
454 315 205 37 bekostnad
695 317 116 36 skulle
839 318 220 36 bestämmas
1086 319 12 35 i
1126 320 70 36 den
1224 321 170 49 ordning,
1424 321 265 52 förordningen
1717 325 67 36 den

182 369 43 32 14
268 368 95 46 april
395 369 94 34 1866
518 368 188 48 angående
730 368 104 48 jords
862 370 89 35 eller
978 370 190 48 lägenhets
1196 372 189 36 afstående
1412 373 59 36 för
1497 375 154 35 allmänt
1677 376 113 36 behof

178 416 194 50 stadgade;
415 418 128 36 därvid
572 419 275 45 statskontoret,
875 420 46 35 då
948 420 112 37 Eders
1087 419 135 51 Kungl.
1252 423 115 48 Maj:t,
1395 425 12 35 i
1436 424 104 49 fråga
1566 439 60 22 om
1650 427 71 36 den
1748 431 39 32 år

183 470 94 34 1885
320 468 39 36 af
400 469 205 47 Riksdagen
645 470 187 47 medgifna
856 471 326 48 jordupplåtelsen,
1211 485 134 37 genom
1374 475 129 49 nådigt
1530 476 85 36 bref
1638 477 72 36 den
1740 480 43 33 21

178 519 93 48 april
316 521 92 35 1886
449 520 176 36 anbefallt
665 520 112 37 Eders
817 521 140 49 Kungl
998 523 122 47 Maj:ts
1161 524 406 50 befallningshafvande
1595 529 108 40 tillse,
1732 535 54 29 att

178 572 253 47 ersättningen
459 571 206 37 bestämdes
693 577 54 31 att
775 576 90 46 utgå
893 572 83 37 med
1003 575 91 35 visst
1122 574 111 48 årligt
1260 576 132 49 belopp
1412 578 58 35 till
1490 578 207 37 dåvarande
1717 580 68 36 och

177 621 189 36 blifvande
417 622 238 37 innehafvare
708 623 41 36 af
790 624 546 52 landshöfdingbeställningen,
1383 628 210 37 föreställde
1635 631 66 47 sig,
1730 636 54 31 att

172 673 141 47 jämväl
351 673 229 36 beträffande
608 674 70 36 den
706 688 50 22 nu
784 674 254 48 ifrågakomna
1065 678 230 47 upplåtelsen
1323 692 46 23 en
1396 680 170 37 liknande
1596 681 189 37 föreskrift

176 723 122 36 kunde
325 725 13 34 i
366 725 118 35 sinom
512 725 55 35 tid
595 725 194 37 meddelas.

310 826 16 34 I
367 826 170 36 afseende
566 830 20 32 å
613 827 69 35 den
709 829 13 34 i
751 829 152 35 ärendet
943 829 203 48 åberopade
1182 832 319 48 jordupplåtelsen
1540 833 41 36 af
1618 838 40 32 år
1687 837 94 34 1885

175 877 140 35 tillåter
349 877 67 48 jag
456 878 76 47 mig
560 878 120 35 erinra
708 891 61 23 om
796 878 171 49 följande.
1023 880 68 36 För
1119 886 53 31 att
1200 882 149 36 komma
1375 884 12 34 i
1414 884 145 36 tillfälle
1587 891 55 30 att
1668 887 115 47 enligt

175 927 128 35 därför
341 928 187 48 uppgjord
569 930 84 46 plan
684 930 199 35 verkställa
910 932 186 48 reglering
1124 933 66 35 och
1219 934 247 48 kanalisering
1493 935 40 36 af
1557 934 152 38 Svartån
1738 941 45 44 på

174 979 184 49 sträckan
384 980 135 34 mellan
559 979 177 36 Storbron
765 981 12 34 i
804 981 128 36 staden
973 983 67 34 och
1081 983 146 36 stadens
1255 989 98 31 östra
1381 993 110 40 gräns
1519 987 62 35 vid
1609 987 171 40 Skebäck,

174 1029 121 35 anhöll
337 1030 140 36 Örebro
515 1030 81 36 stad
633 1043 57 23 om
721 1032 204 51 upplåtelse
953 1033 56 35 till
1037 1033 128 37 staden
1193 1034 44 45 af,
1267 1035 112 37 bland
1407 1042 121 39 annat,
1559 1039 73 35 viss
1660 1039 59 35 del
1747 1039 38 35 af

173 1080 71 35 den
284 1081 55 34 till
372 1081 436 48 landshöfdingbostället
841 1083 6 34 i
876 1084 140 35 Örebro
1044 1085 60 34 län
1132 1085 160 37 hörande
1319 1100 26 22 s.
1375 1087 34 35 k.
1439 1089 341 47 slottsträdgården.

173 1130 72 36 Vid
289 1131 233 49 underdånig
562 1131 263 50 föredragning
856 1134 41 35 af
921 1134 100 36 detta
1050 1136 133 37 ärende
1211 1137 148 48 yttrade
1386 1138 206 37 dåvarande
1620 1139 162 37 föredra-

170 1181 120 47 gande
318 1182 415 48 departementschefen,
763 1189 52 30 att
844 1185 71 35 han
943 1189 131 43 ansåge
1102 1187 56 48 sig
1185 1188 125 36 kunna
1335 1190 186 48 tillstyrka
1541 1192 238 47 upplåtelsen,

172 1238 76 30 mot
290 1233 61 35 det
391 1233 127 36 staden
557 1234 165 47 iakttoge
750 1235 96 36 vissa
873 1237 144 43 villkor,
1048 1237 205 47 hvarjämte
1280 1239 59 36 till
1367 1240 206 37 dåvarande
1601 1242 66 35 och
1696 1242 85 36 blif-

171 1283 117 36 vande
329 1283 238 37 innehafvare
609 1284 41 36 af
686 1286 534 51 landshöfdingbeställningen
1247 1290 13 35 i
1287 1291 99 35 länet
1426 1292 112 36 borde
1571 1297 88 43 utgå
1687 1295 94 47 årlig

170 1335 208 48 ersättning
415 1335 58 35 för
502 1336 70 35 den
600 1337 155 35 mistade
784 1337 106 36 delen
918 1337 40 36 af
982 1339 235 47 trädgården,
1247 1342 65 34 och
1342 1342 215 37 hemställde
1585 1343 112 50 förty,
1726 1350 54 30 att

170 1385 115 36 Eders
325 1386 136 50 Kungl.
503 1386 102 47 Maj:t
647 1390 112 33 måtte
786 1389 12 34 i
826 1390 227 47 proposition
1095 1389 134 38 föreslå
1265 1392 210 49 Riksdagen
1502 1394 196 49 medgifva,
1727 1402 54 29 att

170 1437 58 34 till
270 1436 127 36 staden
439 1438 141 36 Örebro
620 1438 83 35 med
737 1438 70 36 full
835 1440 217 48 äganderätt
1080 1443 178 46 upplätes,
1288 1444 110 35 bland
1426 1451 120 37 annat,
1577 1451 76 30 mot
1678 1448 102 34 lösen

170 1488 57 34 till
269 1487 113 36 Eders
422 1487 133 49 Kungl.
598 1489 103 47 Maj:t
741 1490 67 35 och
849 1491 139 35 kronan
1029 1498 95 29 samt
1155 1495 217 46 ersättning,
1402 1495 139 46 jämväl
1568 1497 58 35 till
1654 1498 125 35 veder-

170 1538 162 36 börande
359 1539 375 48 indelningshafvare,
764 1540 57 36 för
848 1542 110 35 skada
986 1543 67 34 och
1081 1544 160 47 intrång,
1272 1547 82 33 med
1383 1546 142 49 belopp,
1555 1560 77 23 som
1660 1549 119 35 skulle

169 1589 221 35 bestämmas
418 1591 13 33 i
459 1590 69 35 den
556 1591 168 48 ordning,
754 1591 262 50 förordningen
1044 1594 71 35 den
1145 1597 44 32 14
1218 1596 93 46 april
1341 1598 93 34 1866
1465 1599 186 46 angående
1675 1599 104 46 jords

167 1640 92 34 eller
287 1640 191 47 lägenhets
506 1640 188 37 afstående
723 1641 57 36 för
808 1643 151 35 allmänt
987 1643 114 36 behof
1126 1645 186 47 stadgade,
1342 1647 69 35 den
1431 1651 37 32 så
1488 1649 143 36 kallade
1649 1648 129 37 Slotts-

169 1689 223 47 trädgården
436 1690 84 36 med
561 1692 191 48 undantag
779 1693 39 35 af
841 1694 74 35 viss
943 1694 58 35 del
1030 1694 115 46 däraf,
1175 1702 76 30 mot
1278 1698 209 48 skyldighet
1515 1699 179 47 därjämte
1721 1700 57 36 för

168 1740 129 36 staden
325 1746 55 30 att
408 1742 83 35 med
519 1742 143 48 belopp,
693 1756 76 23 som
789 1744 12 34 i
820 1745 249 47 nyssnämnda
1094 1747 159 48 ordning
1276 1749 215 44 bestämdes,
1511 1756 137 30 ersätta
1667 1752 111 35 skada

168 1791 66 35 och
263 1791 160 47 intrång,
452 1805 78 22 som
558 1792 106 36 äfven
693 1793 58 36 för
779 1795 112 35 andra
918 1802 47 28 än
994 1796 114 36 Eders
1136 1797 133 49 Kungl.
1299 1798 104 48 Maj:t
1431 1801 66 34 och
1525 1801 139 36 kronan
1684 1808 95 30 samt

167 1841 361 49 indelningshafvare
555 1844 123 35 kunde
707 1849 134 43 uppstå
868 1858 132 35 genom
1028 1848 161 36 nämnda
1214 1850 211 47 upplåtelse,
1446 1857 94 30 samt
1559 1857 54 30 att
1632 1853 11 34 i
1662 1852 114 50 öfrigt

168 1893 107 34 ställa
311 1894 56 46 sig
394 1894 57 34 till
480 1893 242 38 efterrättelse
750 1896 44 35 de
821 1904 168 28 närmare
1016 1899 144 43 villkor,
1189 1899 180 37 förbehåll
1397 1902 65 35 och
1489 1899 286 52 bestämmelser,

167 1942 114 36 Eders
311 1943 134 47 Kungl.
477 1944 103 47 Maj:t
607 1945 125 36 kunde
758 1947 100 35 finna
886 1947 40 35 af
943 1948 361 48 omständigheterna
1324 1951 194 37 erfordras.
1560 1953 16 35 I
1595 1952 182 38 öfverens-

168 1996 208 34 stämmelse
404 1995 151 35 härmed
584 1996 104 36 afläts
717 1999 227 46 proposition
973 2000 57 34 till
1058 1999 217 51 Riksdagen.

302 2045 119 36 Sedan
461 2046 209 47 Riksdagen
712 2048 137 36 bifallit
888 2049 114 36 Eders
1044 2050 134 48 Kungl.
1221 2052 119 48 Maj:ts
1372 2053 287 53 framställning,
1690 2057 82 43 blef,

163 2096 152 46 Jämlikt
352 2097 129 48 nådigt
521 2097 85 36 bref
631 2098 71 36 den
731 2101 38 33 21
804 2101 93 46 april
927 2102 107 42 1886,
1064 2101 282 50 ifrågavarande
1374 2106 146 35 område
1549 2107 56 35 till
1636 2106 139 37 Örebro

168 2147 80 35 stad
291 2149 177 47 upplåtet,
511 2149 130 35 därvid
682 2150 113 36 Eders
838 2151 131 48 Kungl.
1013 2152 104 48 Maj:t
1145 2154 139 46 jämväl
1312 2156 168 36 lämnade
1507 2157 71 36 den
1605 2157 39 36 af
1669 2163 106 31 stats-

167 2198 171 36 kontoret
374 2212 50 22 nu
453 2199 243 37 omförmälda
723 2200 247 43 föreskriften,
1001 2208 55 30 att
1084 2203 112 37 Eders
1225 2205 134 48 Kungl.
1390 2206 121 47 Maj:ts
1539 2208 236 48 befallnings-
