2219 2690
399 165 38 30 12
919 170 230 31 Statsutskottets
1179 172 151 30 Utlåtande
1352 174 58 28 N:o
1434 174 47 28 96.

396 251 128 31 stämts
564 248 58 35 till
662 247 63 36 två
763 248 139 37 kronor
936 248 58 37 för
1026 250 149 48 patient,
1206 249 163 38 förutom
1396 251 63 36 vid
1487 252 44 36 de
1559 252 41 36 af
1625 253 376 46 medicinalstyrelsen

397 297 153 46 angifna
578 300 185 44 anstalter,
786 301 139 45 jämväl
952 301 62 36 vid
1042 301 210 36 Malmöhus
1279 304 81 34 läns
1383 303 203 47 landstings
1609 306 393 46 upptagningsanstalt

396 349 63 36 vid
490 349 126 36 Lunds
643 351 163 47 hospital
833 351 47 49 på
907 353 122 45 grund
1057 353 39 36 af
1119 353 128 48 nådigt
1273 355 121 35 beslut
1422 354 69 37 den
1521 358 44 33 17
1593 355 165 38 februari
1787 359 106 35 1905.
1945 357 57 36 Då

397 400 70 37 den
511 415 52 22 nu
607 401 211 49 föreslagna
858 403 227 47 dagafgiften
1127 404 156 37 sålunda
1323 405 343 39 öfverensstämmer
1705 409 84 35 med
1831 409 45 36 de
1916 409 87 46 dag-

395 451 156 47 afgifter,
593 466 78 23 som
711 453 47 47 på
798 467 127 24 senare
959 458 86 34 åren
1073 456 190 37 fastställts
1291 456 57 37 för
1375 459 443 46 upptagningsanstalter,
1846 460 68 36 och
1942 461 61 36 det

395 517 108 32 synes
535 505 76 46 mig
642 506 179 47 lämpligt,
849 512 54 30 att
930 519 140 24 samma
1097 507 108 47 afgift
1232 509 116 47 gäller
1375 508 58 37 för
1460 510 172 49 samtliga
1659 510 128 49 dylika
1815 512 188 45 anstalter,

395 555 67 36 har
485 556 65 47 jag
576 557 81 35 icke
683 557 113 46 något
823 563 54 30 att
904 558 127 36 härvid
1062 560 207 35 anmärka.»

497 657 56 36 Då
591 660 203 46 väsentliga
833 659 162 38 fördelar
1035 661 118 37 skulle
1192 675 134 33 genom
1357 663 61 36 det
1449 676 51 22 nu
1527 662 255 49 föreliggande
1808 663 194 48 förslagets

396 709 209 45 antagande
633 710 67 35 och
727 710 197 37 utförande
952 713 129 35 vinnas
1109 718 164 31 närmast
1299 713 58 36 för
1385 714 135 35 vården
1549 714 40 35 af
1615 714 45 36 de
1686 716 12 34 i
1726 717 46 33 46
1802 712 17 48 $
1847 715 40 36 af
1909 716 92 36 före-

394 760 164 35 nämnda
597 760 129 46 stadga
765 761 150 37 afsedda
955 763 237 48 sinnessjuka,
1232 765 187 45 nämligen
1458 764 149 44 sådana,
1640 778 79 23 som
1751 779 88 23 vore
1866 767 12 35 i
1904 771 98 31 trän-

395 811 120 47 gande
542 811 115 36 behof
680 811 41 37 af
743 813 91 36 värd
863 813 20 36 å
910 814 169 47 hospital,
1105 828 85 23 men
1217 815 58 36 för
1301 816 128 36 hvilka
1451 817 96 47 plats
1573 816 188 37 därstädes
1780 818 79 36 icke
1877 818 126 36 kunde

395 867 129 41 genast
556 863 160 45 beredas,
745 865 67 35 och
840 864 47 36 då
913 866 182 35 villkoren
1122 867 12 35 i
1160 866 177 46 förslaget
1364 874 123 38 syntes
1515 867 177 37 affattade
1719 869 85 36 med
1833 869 169 47 behörigt

395 913 172 37 afseende
606 914 21 36 å
666 916 101 35 såväl
807 920 136 33 statens
983 929 79 24 som
1102 918 117 36 länets
1250 919 187 44 intressen,
1470 919 219 36 hemställde
1717 919 285 49 departements-

396 965 140 45 chefen,
576 971 54 30 att
662 966 135 46 Kungl.
829 967 102 47 Maj:t
956 968 114 37 måtte
1095 969 67 36 hos
1190 969 211 47 Riksdagen
1429 978 90 38 göra
1546 984 51 22 nu
1623 970 244 38 förevarande
1893 972 111 36 fram-

395 1017 186 46 ställning.

496 1118 51 36 På
587 1119 44 36 de
671 1120 89 45 skäl,
800 1133 79 23 som
919 1122 57 35 till
1008 1123 82 36 stöd
1121 1122 59 36 för
1206 1122 136 49 Kungl.
1369 1123 120 48 Maj:ts
1516 1123 141 50 förslag
1684 1123 124 38 blifvit
1835 1123 168 46 anförda,

394 1169 57 37 får
477 1171 177 36 utskottet
680 1171 202 46 hemställa,

898 1279 54 30 att
987 1273 135 48 Kungl.
1158 1275 118 48 Maj:ts
1308 1275 283 48 ifrågavarande
1618 1277 230 46 proposition
1875 1276 61 36 må
1964 1276 41 36 af

796 1324 210 49 Riksdagen
1035 1325 155 37 bifallas.

496 1407 213 38 Stockholm
737 1409 70 37 den
835 1411 46 35 28
909 1411 95 47 april
1033 1411 105 35 1905.

922 1562 53 36 På
1002 1564 288 35 statsutskottets
1318 1571 153 38 vägnar:

1040 1747 138 39 HUGO
1205 1749 154 37 TAMM.
