1926 2838
576 170 290 32 Slalsutskottets
891 170 186 31 utlåtande
1103 170 52 31 Nr
1186 173 46 27 10.
1555 171 40 30 27

133 255 78 21 vars
235 246 124 30 storlek
396 246 181 35 riksdagen
601 249 124 32 ansäge
750 246 80 31 böra
855 247 205 30 bestimmaus
1085 247 55 30 till
1164 247 100 36 högst
1288 248 118 35 30,000
1430 248 136 35 kronor,
1590 249 50 30 in-

133 298 125 30 räknas
281 298 11 30 i
315 297 157 36 anslaget
500 298 54 30 för
582 298 254 30 verkställande
859 308 45 20 av
927 299 288 36 undersöknings-
1238 299 62 31 och
1325 300 315 31 försvarsarbetena

131 349 62 30 och
216 349 179 31 användas
419 350 9 30 i
454 350 334 30 överensstimmelse
812 350 76 31 med
913 350 67 31 vad
997 352 213 30 motionären
1227 351 187 36 föreslagit.
1448 352 65 31 Det
1525 353 114 35 gamla

130 401 154 34 anslaget
307 401 102 31 borde
434 402 51 30 för
508 402 64 30 den
595 402 91 30 skull
710 402 132 30 erhålla
864 402 187 31 förändrad
1075 403 210 36 benämning
1309 404 62 30 och
1395 406 114 33 syntes
1533 405 106 36 lämp-

132 452 93 35 ligen
247 453 119 30 kunna
390 454 193 30 betecknas:
611 453 313 37 »Undersöknings-
948 454 62 30 och
1035 455 290 30 försvarsarbeten
1341 457 21 28 å
1378 456 170 35 områden,
1564 466 74 21 som

130 512 122 26 genom
276 504 159 36 Sveriges
458 505 195 35 geologiska
678 504 273 37 undersöknings
975 506 132 35 försorg
1131 508 59 28 äro
1213 507 83 30 eller
1320 507 119 30 kunna
1462 508 107 30 varda
1585 508 54 30 för

130 555 151 30 kronans
304 556 150 35 räkning
478 556 187 35 inmutade,
689 566 45 21 m.
752 566 63 21 m.>»
848 557 60 30 Ett
924 558 35 29 så
976 557 82 35 högt
1074 557 119 36 belopp
1205 567 72 21 som
1290 558 57 31 det
1362 569 45 20 av
1424 560 214 31 motionären

131 607 192 35 föreslagna
358 607 54 30 för
445 607 114 36 själva
593 608 285 36 undersöknings-
905 609 62 30 och
991 609 314 31 försvarsarbetena
1327 612 129 34 ansåge
1478 612 51 35 sig
1553 612 86 30 riks-

130 658 110 36 dagen
263 659 191 31 emellertid
479 659 72 31 icke
574 660 120 30 kunna
716 661 134 35 anvisa,
874 663 84 28 utan
986 662 114 35 syntes
1123 662 261 36 sammanlagda
1407 663 157 36 anslaget
1584 664 54 30 för

129 710 97 30 såväl
262 711 266 35 ifrågavarande
550 712 138 31 arbeten
716 722 72 21 som
811 712 105 37 inköp
940 723 43 20 av
1010 713 308 36 jordägarandelar
1345 714 84 31 böra
1456 715 182 36 begränsas

129 762 56 30 till
210 763 139 35 100,000
374 763 135 31 kronor.
556 764 120 31 Skulle
699 764 54 31 det
776 765 55 30 för
853 765 107 36 inköp
983 775 43 20 av
1046 765 307 36 jordägarandelar
1368 767 13 30 i
1397 776 45 21 av
1459 769 110 30 staten
1586 768 50 31 in-

129 815 140 30 mutade
292 815 220 36 fyndigheter
534 818 21 29 å
577 816 134 31 enskild
736 817 99 30 mark
858 817 148 31 avsedda
1028 817 154 36 beloppet
1208 836 38 3 —
1271 818 73 31 helt
1366 818 81 31 eller
1471 819 109 31 delvis
1597 838 39 3 —

128 867 74 30 icke
236 869 98 34 tagas
362 867 12 31 i
402 869 162 35 anspråk,
588 868 101 31 borde
712 869 110 36 enligt
845 869 201 36 riksdagens
1069 870 141 35 mening
1235 870 67 31 vad
1326 880 73 22 som
1423 871 215 37 odisponerat

127 919 167 31 återstode
328 919 35 30 få
397 920 178 31 användas
610 921 52 30 för
693 921 40 30 de
770 921 288 37 undersöknings-
1081 922 62 30 och
1179 923 303 37 försvarsarbeten,
1518 934 119 21 varom

128 971 99 36 fråga
250 981 90 21 vore.

171 1022 129 32 Genom
335 1024 112 31 beslut
480 1024 63 31 den
578 1025 39 30 13
645 1025 67 36 juli
737 1026 84 30 1928
844 1026 140 30 ställdes
1006 1028 47 29 ett
1077 1026 121 36 belopp
1220 1037 45 20 av
1290 1027 118 36 70,000
1434 1028 126 31 kronor
1582 1029 55 30 till

127 1075 159 36 Sveriges
320 1076 196 36 geologiska
538 1076 273 37 undersöknings
841 1077 201 37 förfogande
1071 1079 55 30 för
1157 1078 208 32 bedrivande
1388 1089 44 20 av
1456 1080 183 31 undersök-

125 1127 117 37 nings-
264 1128 62 30 och
349 1128 304 32 försvarsarbeten.
699 1129 111 31 Sedan
834 1129 56 31 det
912 1130 93 30 visat
1027 1130 64 37 sig,
1114 1131 52 30 att
1188 1131 251 37 förutsättning
1463 1132 53 31 för
1533 1132 104 32 fram-

126 1180 169 31 ställande
329 1191 44 20 av
409 1181 53 30 för
494 1181 133 31 kronan
656 1181 224 43 fördelaktigt
904 1182 127 36 förslag
1056 1183 56 30 till
1136 1183 106 36 inköp
1265 1193 44 21 av
1332 1184 305 36 jordägarandelar

126 1231 74 32 icke
223 1232 130 37 förelåg
377 1233 86 31 efter
486 1233 226 37 användning
735 1243 43 21 av
801 1234 236 37 nyssnämnda
1065 1234 131 37 belopp,
1223 1235 149 37 medgav
1389 1235 132 38 Kungl.
1535 1236 101 37 Maj:t

127 1284 65 31 den
216 1285 40 30 28
280 1285 189 36 september
493 1286 83 30 1928
601 1287 43 35 på
667 1286 117 30 därom
807 1297 45 20 av
876 1286 196 37 geologiska
1095 1287 304 37 undersökningen
1420 1288 97 36 gjord
1533 1288 104 32 fram-

126 1336 180 37 ställning,
340 1338 51 29 att
425 1338 48 30 ett
507 1337 202 36 ytterligare
744 1338 121 36 belopp
893 1348 44 21 av
967 1339 117 35 28,000
1114 1339 126 31 kronor
1264 1339 91 37 finge
1377 1341 179 30 användas
1580 1342 56 30 till

127 1388 232 36 nyssnämnda
382 1388 148 31 arbeten.

171 1483 57 30 Av
262 1484 368 36 statsrådsprotokollet
664 1485 175 30 inhämtas
874 1495 58 25 nu,
961 1487 51 29 att
1034 1486 121 30 chefen
1178 1487 54 30 för
1255 1486 162 37 Sveriges
1440 1488 196 36 geologiska

127 1535 259 37 undersökning
409 1536 12 31 i
445 1536 166 31 skrivelse
635 1537 55 31 till
714 1537 133 37 Kungl.
871 1537 101 37 Maj:t
995 1538 92 35 gjort
1110 1538 260 38 framställning
1394 1549 55 21 om
1474 1541 48 30 ett
1538 1542 98 30 extra

129 1589 350 36 reservationsanslag
507 1599 44 21 av
575 1590 138 35 100,000
737 1590 128 31 kronor
890 1608 38 3 —
953 1590 81 31 eller
1057 1590 182 32 enahanda
1262 1591 122 37 belopp
1407 1601 73 22 som
1504 1592 55 32 det
1583 1593 55 31 för

128 1640 145 37 löpande
300 1641 167 37 budgetår
490 1642 169 36 beviljade
682 1660 43 4 —
748 1643 53 30 för
825 1643 257 31 verkställande
1105 1653 44 20 av
1174 1644 288 36 undersöknings-
1485 1645 62 31 och
1571 1645 66 31 för-

127 1693 239 31 svarsarbeten
402 1694 94 30 inom
531 1694 39 31 de
603 1694 174 36 områden,
810 1705 71 20 som
906 1703 123 28 genom
1052 1695 322 37 undersökningens
1398 1696 131 37 försorg
1553 1708 83 20 voro

127 1744 84 31 eller
233 1745 115 31 kunde
372 1746 107 31 varda
503 1747 52 30 för
578 1747 149 30 kronans
751 1747 150 35 räkning
924 1747 189 36 inmutade,
1138 1758 42 20 m.
1205 1758 45 20 m.

171 1797 131 31 Därvid
325 1798 64 30 har
413 1798 181 36 framlagts
617 1799 149 35 följande
789 1799 193 36 beräkning
1006 1799 147 31 rörande
1176 1800 54 31 det
1246 1801 225 37 erforderliga
1487 1802 150 36 anslags-

127 1850 168 36 beloppet:

127 1911 138 31 Arvode
287 1911 56 31 till
367 1921 42 21 en
432 1912 260 37 bergsingenjör
1269 1914 127 31 kronor
1428 1910 20 45 =
1464 1916 105 35 8,124:
1585 1934 38 3 —

129 1955 66 30 För
208 1964 93 22 resor
312 1955 62 31 och
387 1956 419 37 traktamentsersättning
820 1956 55 31 till
888 1957 211 37 ingenjören,
1113 1958 18 30 2
1146 1958 103 31 biträ-

215 1998 110 32 dande
347 1999 157 37 geologer
527 2000 62 31 och
613 2010 41 21 en
678 2002 96 32 extra
798 2000 119 37 geolog
940 2001 169 31 beräknas
1216 2026 14 4 .
1330 2014 13 16 »
1442 2002 126 36 13,000:
1584 2021 39 3 —

128 2042 66 30 För
207 2042 256 37 hantlanghing
476 2054 43 20 m.
533 2054 45 20 m.
592 2044 165 31 beräknas
842 2069 3 4 .
1328 2057 13 16 »
1464 2046 105 35 3,876:
1585 2065 37 3 —

128 2085 197 31 Elektriska
341 2086 61 31 och
420 2088 213 35 magnetiska
649 2088 200 36 mätningar
861 2088 169 31 beräknas
1042 2070 139 49 utförda
1195 2089 50 30 för

214 2139 42 21 en
280 2130 144 31 kostnad
448 2140 44 21 av
517 2131 146 36 ungefär
1326 2144 13 16 »
1442 2133 126 35 35,000:
1584 2152 38 2 —

126 2173 266 37 Schaktningar,
403 2176 263 35 sprängningar,
677 2154 314 62 diamantborrning
1006 2158 18 53 :
1020 2186 42 20 m.
1074 2186 44 20 m.
1130 2156 116 51 beräk-
1372 2207 4 4 .

213 2226 61 21 nas
298 2217 106 35 draga
428 2228 41 20 en
492 2218 143 31 kostnad
660 2229 45 20 av
728 2220 95 30 cirka
878 2244 46 4 ..
1325 2231 13 16 »
1442 2220 126 35 40,000:
1586 2239 37 2 —

1103 2281 143 31 Summa
1270 2282 126 30 kronor
1421 2282 147 36 100,000:
1584 2300 49 13 —.

172 2374 120 30 Därest
325 2374 110 31 medel
469 2376 110 30 skulle
614 2375 153 32 befinnas
802 2376 183 37 behövliga
1009 2377 54 30 för
1086 2377 142 31 förvärv
1252 2387 45 21 av
1321 2377 313 36 jordägarandelar,

130 2417 114 31 kunde
267 2417 96 32 dessa
387 2418 139 32 beredas
550 2428 122 27 genom
696 2420 242 31 motsvarande
962 2420 224 36 jämkningar
1208 2422 13 29 i
1244 2421 41 31 de
1309 2421 88 31 båda
1420 2421 215 32 sistnämnda

129 2462 108 30 större
259 2463 168 34 posterna.
