1888 2780
546 169 253 27 Statsutskottets
823 167 162 27 utlåtande
1008 175 39 18 nr
1069 167 16 26 6
1108 166 36 27 år
1168 166 75 27 1958
1598 167 40 29 27

152 251 126 39 belopp
300 260 101 21 anses
422 252 87 29 även
530 251 84 29 böra
635 250 81 39 ingå
737 249 238 30 kostnaderna
997 248 111 29 under
1131 246 222 31 sistnämnda
1374 245 38 30 år
1434 245 56 29 för
1513 246 126 27 motor-

153 306 110 38 vägen
284 305 52 29 till
359 304 195 39 Halmsjön.
577 304 77 29 Med
677 304 137 38 hänsyn
837 302 52 30 till
911 301 184 40 befintliga
1117 300 253 30 reservationer
1393 299 20 29 å
1435 299 41 29 de
1500 297 140 39 statliga

153 358 415 40 vägbyggnadsanslagen
590 366 102 21 anses
716 355 364 39 medelsanvisningen
1103 354 55 30 för
1181 352 294 32 nästkommande
1498 351 143 39 budget-

153 412 39 30 år
211 413 122 28 kunna
352 412 188 39 begränsas
560 411 52 30 till
633 410 63 30 238
717 410 89 29 mkr.
827 410 168 29 Förutom
1017 408 222 30 sistnämnda
1258 407 124 39 belopp
1403 405 173 30 beräknas
1597 422 44 3 —

153 466 58 29 vid
233 475 48 20 nu
304 466 166 29 förutsatt
493 463 368 39 medelsförbrukning
884 463 111 29 under
1018 461 244 31 kalenderåret
1287 460 83 29 1958
1393 477 44 4 —
1459 469 43 20 en
1526 458 114 39 dispo-

155 520 92 29 nibel
275 520 257 38 anslagsreserv
559 527 57 21 om
644 517 61 30 140
734 517 89 29 mkr.
851 516 168 39 föreligga
1044 516 57 29 vid
1129 515 173 39 ingången
1331 523 41 20 av
1399 512 242 30 kalenderåret

156 573 95 30 1959.

210 628 13 28 I
246 627 188 39 anledning
456 636 42 19 av
518 626 66 29 vad
606 624 386 41 departementschefen
1016 623 148 29 sålunda
1187 622 179 38 föreslagit
1388 621 60 28 vill
1471 620 170 29 utskottet

153 682 118 29 erinra
292 690 57 20 om
370 680 60 30 sitt
450 679 180 30 uttalande
651 679 58 29 vid
730 678 160 39 fjolårets
912 677 153 38 riksdag,
1087 678 51 27 att
1160 676 111 29 under
1294 675 41 29 de
1358 675 176 29 närmaste
1558 672 84 30 åren

155 734 259 39 kontinuerliga
442 733 190 39 höjningar
658 732 107 29 borde
795 732 60 29 ske
886 740 42 19 av
955 729 379 40 väginvesteringarna,
1363 727 120 30 varvid
1513 728 87 28 även
1630 725 11 29 i

155 790 111 28 större
293 787 244 39 utsträckning
564 788 44 28 än
635 795 75 20 som
736 785 146 39 tidigare
911 786 117 37 syntes
1056 784 44 28 ha
1128 783 93 29 skett
1248 782 119 29 dessas
1394 780 247 40 produktions-

158 842 199 39 främjande
376 843 104 27 natur
498 840 106 29 borde
622 839 156 30 beaktas.
799 838 176 30 Utskottet
995 837 115 29 finner
1130 837 57 29 det
1208 835 120 30 därför
1347 833 295 32 tillfredsställan-

153 896 54 34 de,
231 898 51 27 att
307 904 43 20 en
373 895 148 39 höjning
546 903 47 20 nu
617 892 182 30 befunnits
824 891 133 39 möjlig.
990 890 95 30 även
1109 899 58 20 om
1191 889 94 30 vissa
1312 889 75 29 skäl
1412 888 72 29 tala
1509 887 54 30 för
1589 887 52 28 att

156 949 238 29 kostnaderna
415 948 55 30 för
491 946 333 40 tidigareläggandet
846 954 41 20 av
910 945 165 29 arbetena
1096 943 44 40 på
1163 944 225 37 motorvägen
1411 941 89 30 förbi
1525 940 118 29 Halm-

156 1003 81 39 sjön
263 1003 78 29 bort
369 1002 117 39 läggas
514 1000 142 30 utanför
684 1000 67 29 den
779 999 199 38 föreslagna
1006 996 413 38 medelsförbrukningen
1447 995 116 28 finner
1592 993 51 39 sig

157 1057 171 29 utskottet
348 1056 88 29 dock
454 1072 45 3 —
518 1054 77 29 med
616 1054 138 38 hänsyn
775 1052 52 29 till
848 1052 57 29 det
926 1050 401 30 samhällsekonomiska
1349 1049 89 38 läget
1458 1066 44 2 —
1522 1048 121 28 kunna

154 1110 150 39 godtaga
326 1109 66 29 den
415 1118 41 20 av
479 1106 386 41 departementschefen
888 1105 186 29 förordade
1098 1113 122 20 ramen
1243 1112 58 20 om
1325 1102 61 30 330
1412 1102 88 28 mkr.
1525 1101 116 29 Härav

152 1164 106 39 följer
283 1165 51 27 att
357 1163 171 29 utskottet
552 1161 75 29 icke
652 1160 72 29 kan
747 1158 139 30 biträda
912 1158 66 29 den
1004 1158 11 29 i
1040 1157 222 29 motionerna
1288 1156 29 29 I:
1333 1155 62 30 222
1422 1155 66 30 och
1514 1153 45 30 II:
1575 1153 63 30 273

155 1219 91 28 samt
268 1217 45 29 II:
330 1216 59 30 311
413 1216 199 38 föreslagna
631 1213 194 40 höjningen
847 1221 42 21 av
910 1210 414 39 medelsförbrukningen
1345 1209 54 30 för
1422 1209 38 29 år
1484 1207 83 30 1959
1588 1207 52 30 till

155 1271 64 30 343
238 1280 90 29 resp.
347 1270 62 29 360
428 1269 90 29 mkr.

212 1324 122 30 Såsom
362 1321 386 41 departementschefen
777 1319 179 39 föreslagit
983 1319 63 29 bör
1075 1319 56 28 det
1160 1317 37 30 få
1226 1317 190 29 ankomma
1443 1315 45 40 på
1517 1315 125 39 Kungl.

156 1378 106 39 Maj:t
284 1380 50 26 att
353 1395 44 2 —
417 1377 116 29 därest
555 1373 403 39 arbetsmarknadsläget
981 1372 38 29 så
1040 1371 176 39 medgiver
1238 1371 83 28 eller
1342 1369 159 40 påkallar
1522 1386 44 3 —
1586 1368 56 29 be-

155 1431 167 40 myndiga
349 1428 369 41 vägförvaltningarna
746 1428 51 28 att
825 1426 108 30 utöka
960 1423 451 41 byggnadsverksamheten
1439 1430 125 31 genom
1592 1422 51 29 att

156 1485 112 30 under
289 1483 204 39 budgetåret
514 1483 11 28 i
548 1482 121 38 förväg
691 1483 80 36 taga
793 1480 11 29 i
827 1479 154 39 anspråk
1004 1478 229 38 erforderliga
1253 1477 125 38 belopp
1401 1485 42 20 av
1465 1476 41 29 de
1530 1475 112 29 medel

152 1538 46 41 på
220 1538 42 30 de
285 1534 427 33 kalenderårsberäknade
737 1533 177 38 anslagen,
938 1541 76 20 som
1037 1532 60 29 äro
1121 1530 153 30 avsedda
1297 1529 55 30 för
1375 1529 67 29 den
1465 1523 175 49 ordinarie

154 1591 270 30 verksamheten
442 1589 112 30 under
573 1588 109 30 andra
701 1587 158 29 halvåret
879 1585 95 30 1959.

211 1646 13 28 I
244 1645 203 38 anslutning
466 1643 52 29 till
538 1643 56 29 det
613 1641 208 39 föregående
839 1640 60 29 vill
919 1639 171 29 utskottet
1109 1637 107 30 också
1235 1636 235 39 understryka
1490 1635 153 30 nödvän-

155 1699 165 39 digheten
350 1707 42 20 av
422 1699 50 28 att
502 1706 43 20 en
575 1696 83 39 plan
690 1695 54 29 för
775 1694 41 29 de
847 1693 165 29 fortsatta
1042 1691 368 40 väginvesteringarna
1440 1689 202 29 fastställes.

157 1751 312 39 Förutsättningen
501 1750 54 29 för
586 1758 43 21 en
660 1758 42 20 ur
735 1747 94 30 såväl
861 1746 164 30 tekniska
1057 1754 75 21 som
1163 1744 231 30 ekonomiska
1426 1742 219 40 synpunkter

157 1806 178 29 rationellt
351 1804 165 30 bedriven
533 1800 472 41 vägbyggnadsverksamhet
1024 1799 97 29 torde
1140 1797 177 39 nämligen
1335 1806 83 20 vara
1436 1806 43 19 en
1497 1796 148 29 investe-

156 1858 235 40 ringspolitik,
418 1866 75 21 som
520 1865 57 31 ger
604 1854 222 40 möjligheter
853 1853 53 29 till
934 1862 43 20 en
1004 1860 96 21 mera
1126 1850 190 39 långsiktig
1343 1848 301 40 arbetsplanering

157 1915 86 27 utan
265 1912 189 38 ändringar
475 1910 38 29 år
535 1909 79 30 från
636 1909 48 29 år.
706 1908 133 29 Endast
861 1906 204 38 härigenom
1087 1904 66 29 blir
1176 1904 57 29 det
1256 1903 137 39 möjligt
1415 1904 50 28 att
1488 1902 156 39 utnyttja

157 1967 41 29 de
215 1965 162 33 fördelar,
395 1973 75 21 som
486 1963 53 29 stå
554 1964 50 28 att
618 1962 108 29 vinna
741 1969 125 30 genom
881 1958 172 39 övergång
1069 1957 80 30 från
1166 1957 137 29 mindre
1319 1956 50 29 till
1388 1957 110 28 större
1515 1955 130 29 arbets-

160 2020 134 38 företag
312 2018 44 40 på
376 2020 67 28 sätt
464 2027 73 20 som
558 2017 175 30 förordats
754 2026 41 19 av
814 2016 45 29 bl.
874 2026 29 21 a.
925 2015 308 30 statsrevisorerna
1252 2014 11 28 i
1284 2014 100 28 deras
1403 2013 57 28 vid
1484 2011 83 30 1956
1588 2011 57 29 års

159 2073 143 38 riksdag
320 2072 145 38 avgivna
483 2071 194 29 berättelse.
696 2071 74 28 Den
788 2069 154 30 rådande
961 2068 198 29 ovissheten
1178 2077 57 20 om
1254 2067 41 29 de
1314 2066 211 29 kommande
1544 2065 102 29 årens

156 2125 329 38 medelstilldelning
503 2124 203 30 förhindrar
724 2123 105 29 också
846 2123 10 28 i
876 2124 72 28 stor
966 2121 245 39 utsträckning
1230 2120 223 39 utläggandet
1472 2128 41 20 av
1532 2119 110 29 större

156 2179 280 38 entreprenader,
453 2177 172 39 varjämte
643 2176 221 30 överblicken
882 2184 42 20 av
940 2175 146 29 behovet
1104 2174 64 29 och
1187 2172 312 40 sysselsättningen
1518 2172 9 28 i
1544 2171 99 38 fråga

155 2241 57 20 om
227 2232 139 29 verkets
382 2239 84 31 egen
482 2229 214 30 arbetskraft
713 2228 188 30 försvåras.
918 2227 163 29 Framför
1097 2226 62 30 allt
1175 2226 42 29 de
1236 2228 94 27 stora
1348 2224 294 39 eftersläpningar

157 2294 75 20 som
249 2284 167 39 föreligga
431 2283 45 39 på
491 2282 251 40 vägväsendets
760 2280 142 30 område
920 2279 285 38 nödvändiggöra
1222 2288 43 20 en
1283 2278 44 39 på
1345 2278 119 38 längre
1483 2277 69 29 sikt
1570 2277 73 39 pla-

156 2337 120 33 nerad,
292 2337 145 38 kraftigt
454 2335 130 30 utökad
600 2333 416 40 byggnadsverksamhet.
1033 2333 12 28 I
1062 2332 175 29 avvaktan
1252 2331 44 39 på
1312 2331 57 29 det
1385 2337 163 33 program
1564 2329 79 29 här-

157 2390 55 30 för
228 2399 75 20 som
318 2389 166 39 begärdes
499 2389 107 29 redan
622 2397 42 20 av
680 2387 160 39 fjolårets
856 2386 142 37 riksdag
1014 2385 64 29 och
1094 2384 108 30 vilket
1219 2383 170 30 utskottet
1405 2401 23 3 -—
1465 2384 10 28 i
1491 2381 153 40 enlighet

159 2443 77 29 med
252 2443 156 39 yrkande
425 2443 9 28 i
453 2442 216 29 motionerna
686 2441 28 29 I:
731 2441 62 28 222
811 2440 63 29 och
892 2440 44 28 II:
953 2439 63 29 273
1039 2432 28 54 —
1091 2438 206 30 förutsätter
1315 2437 140 28 komma
1472 2438 50 27 att
1539 2436 106 29 fram-

159 2497 116 39 läggas
302 2497 9 28 i
338 2495 291 31 nästkommande
655 2495 56 29 års
738 2491 422 40 stalsverksproposition,
1189 2500 102 30 synes
1317 2490 65 30 den
1409 2499 42 20 av
1476 2491 78 38 väg-
1580 2489 64 30 och
