1878 2772
240 169 44 34 48
636 169 252 31 Statsutskottets
911 171 164 30 utlåtande
1097 181 39 20 nr
1158 174 17 27 6
1197 173 36 28 år
1255 172 76 30 1958

302 251 96 33 23:0)
429 252 138 31 Statens
594 253 271 40 bilinspektion:
896 254 274 32 Omkostnader.
1213 255 125 40 Kungl.
1368 256 105 39 Maj:t
1502 257 64 29 har
1599 256 131 40 (punkt

246 303 51 34 23,
321 312 25 20 s.
369 303 147 35 90—92)
558 304 178 40 föreslagit
769 306 186 39 riksdagen
991 309 51 28 att
1079 307 51 29 till
1167 308 138 29 Statens
1340 309 267 39 bilinspektion:
1645 309 82 30 Om-

245 357 189 29 kostnader
456 357 55 30 för
532 358 204 40 budgetåret
761 359 140 35 1958/59
924 360 122 29 anvisa
1068 363 48 27 ett
1138 361 273 40 förslagsanslag
1434 372 42 20 av
1499 362 62 29 905
1577 362 62 30 000
1664 363 63 33 kr.,

245 412 51 27 att
320 411 174 30 avräknas
520 414 72 27 mot
617 412 460 31 automobilskattemedlen.

298 517 165 40 Anslaget
483 520 39 28 är
542 518 11 29 i
574 519 159 39 gällande
753 520 146 30 riksstat
920 520 145 40 uppfört
1087 522 78 29 med
1187 522 60 29 851
1264 522 63 29 500
1348 523 52 29 kr.

304 571 84 39 Väg-
410 572 64 28 och
500 572 470 40 vattenbyggnadsstyrelsen
996 575 65 29 har
1084 575 179 30 hemställt
1288 585 56 20 om
1370 585 43 20 en
1437 576 291 40 anslagshöjning

246 624 80 29 med
350 624 41 30 83
405 624 63 30 500
495 625 52 29 kr.

301 678 228 30 Beträffande
553 679 67 29 den
642 681 162 29 närmare
828 681 215 30 innebörden
1068 691 42 20 av
1133 682 189 39 styrelsens
1346 682 261 41 framställning
1630 683 99 30 torde

247 731 36 29 få
305 731 164 30 hänvisas
492 732 54 30 till
569 733 263 40 propositionen
861 734 42 34 (s.
928 734 75 34 91).

300 784 87 31 Över
416 786 190 39 styrelsens
635 786 261 41 framställning
924 788 65 29 har
1018 788 180 31 utlåtande
1227 790 146 39 avgivits
1403 799 44 20 av
1475 790 253 30 statskontoret

252 838 43 34 (s.
321 838 73 34 91).

306 945 394 41 Departementschefen
743 948 65 30 har
848 948 180 40 föreslagit
1073 949 20 30 å
1134 959 65 21 ena
1242 950 100 30 sidan
1383 960 43 20 en
1470 951 175 40 sänkning
1687 961 42 21 av

247 998 316 41 sjukvårdsposten
601 1000 78 30 med
719 1001 94 30 3000
852 1002 52 29 kr.
944 1005 92 27 samt
1074 1003 20 29 å
1134 1003 110 30 andra
1283 1004 101 29 sidan
1422 1014 44 20 en
1505 1005 224 40 uppräkning

246 1062 43 20 av
319 1053 155 40 anslaget
505 1054 80 29 med
615 1054 116 30 30000
761 1055 52 29 kr.
844 1055 55 30 för
928 1056 324 40 reseersättningar,
1283 1057 94 30 3000
1408 1058 52 29 kr.
1493 1058 55 30 för
1578 1058 151 34 bränsle,

246 1106 72 39 lyse
342 1107 65 29 och
430 1109 121 28 vatten
577 1110 90 27 samt
691 1108 118 30 23500
834 1109 51 29 kr.
911 1109 54 29 för
992 1110 119 39 övriga
1135 1119 178 30 expenser.
1352 1110 227 32 Sistnämnda
1603 1111 125 41 belopp

246 1159 65 30 har
335 1160 207 30 framkomit
567 1170 75 21 som
666 1163 49 28 ett
740 1162 147 30 resultat
912 1172 43 20 av
979 1172 45 20 en
1049 1163 131 40 ökning
1207 1173 42 20 av
1274 1166 124 38 posten
1424 1165 80 29 med
1530 1164 40 31 45
1586 1165 63 30 200
1676 1166 52 29 kr.

246 1213 66 30 och
329 1223 43 20 en
391 1214 206 40 minskning
616 1224 42 20 av
678 1215 205 30 densamma
902 1216 80 30 med
1003 1216 38 30 21
1061 1216 60 29 700
1142 1217 63 34 kr.,
1227 1217 170 31 avseende
1418 1218 54 30 för
1492 1219 236 29 innevarande

246 1266 169 40 budgetår
440 1268 167 30 anvisade
634 1268 355 40 engångskostnader.

300 1373 13 29 I
341 1374 94 29 detta
465 1375 256 40 sammanhang
748 1376 64 29 har
841 1376 171 30 utskottet
1041 1377 52 29 till
1122 1378 212 40 behandling
1364 1379 154 30 förehaft
1548 1379 41 30 de
1620 1379 110 30 under

247 1426 207 40 föregående
484 1428 115 40 punkt
627 1429 214 30 omnämnda
869 1430 222 30 motionerna
1121 1431 104 30 1:223
1255 1432 65 29 och
1350 1432 44 30 II:
1411 1432 75 34 274,
1516 1434 11 28 i
1557 1433 67 30 vad
1655 1433 75 29 däri

245 1481 132 38 yrkats,
402 1483 51 28 att
477 1482 188 39 riksdagen
689 1482 108 30 måtte
821 1483 54 30 för
898 1483 207 39 budgetåret
1132 1484 141 36 1958/59
1298 1486 51 29 till
1377 1486 138 30 Statens
1541 1486 189 40 bilinspek-

246 1534 89 30 tion:
361 1535 260 30 Omkostnader
644 1536 121 30 anvisa
789 1538 48 28 ett
861 1536 274 41 förslagsanslag
1159 1548 41 20 av
1224 1538 62 30 915
1301 1539 62 29 000
1390 1540 51 29 kr.

301 1641 186 30 Utskottet.
507 1642 66 30 Det
592 1643 9 29 i
621 1643 220 30 motionerna
861 1644 27 29 1:
904 1644 62 29 223
986 1645 67 29 och
1074 1645 44 29 II:
1134 1645 63 29 274
1217 1645 197 31 framförda
1432 1646 175 40 yrkandet
1627 1649 39 29 är
1686 1656 44 21 en

244 1694 220 31 konsekvens
481 1705 42 20 av
537 1697 279 29 motionärernas
832 1697 131 40 förslag
978 1698 112 29 under
1106 1698 207 40 föregående
1328 1700 114 39 punkt
1458 1710 57 20 om
1530 1701 200 39 ytterligare

246 1748 448 41 personalförstärkningar
721 1751 96 29 inom
844 1751 308 40 bilinspektionen,
1179 1752 108 30 vilket
1316 1754 170 29 utskottet
1513 1755 75 29 icke
1617 1756 114 27 ansett

247 1802 52 39 sig
323 1802 121 30 kunna
469 1803 148 30 biträda.
655 1804 78 29 Med
758 1804 138 39 hänsyn
923 1805 118 29 härtill
1068 1806 65 29 och
1158 1806 44 29 då
1227 1807 171 29 utskottet
1423 1807 76 30 icke
1526 1808 119 30 funnit
1671 1817 60 20 an-

247 1855 141 40 ledning
423 1857 52 29 till
511 1857 141 29 erinran
684 1859 74 28 mot
791 1858 125 39 Kungl.
950 1858 126 39 Maj:ts
1110 1859 228 30 förevarande
1363 1860 142 40 förslag,
1529 1861 202 31 hemställer

246 1909 182 35 utskottet,

557 1966 51 28 att
626 1964 188 40 riksdagen
834 1964 67 34 må,
922 1965 80 30 med
1022 1965 100 30 bifall
1144 1967 51 29 till
1218 1967 125 39 Kungl.
1366 1967 124 39 Maj:ts
1512 1968 131 40 förslag
1665 1968 65 30 och

511 2017 80 29 med
616 2018 118 39 avslag
760 2017 20 30 å
807 2018 219 30 motionerna
1056 2019 28 29 1:
1101 2019 62 30 223
1191 2020 65 29 och
1283 2020 45 29 II:
1345 2020 74 35 274,
1448 2020 104 31 såvitt
1579 2031 47 21 nu
1655 2024 38 28 är
1722 2022 9 28 i

512 2071 110 39 fråga,
655 2071 51 29 till
740 2071 140 30 Statens
915 2071 266 40 bilinspektion:
1218 2073 259 30 Omkostnader
1511 2074 55 31 för
1587 2075 144 39 budget-

513 2124 74 30 året
626 2124 141 36 1958/59
802 2125 121 29 anvisa
959 2127 49 28 ett
1046 2125 273 40 förslagsanslag
1356 2137 43 20 av
1424 2128 62 29 905
1502 2128 62 30 000
1590 2129 64 33 kr.,
1680 2130 50 28 ati

512 2178 173 29 avräknas
713 2181 72 27 mot
814 2179 460 30 automobilskattemedlen.

302 2284 97 34 24:0)
430 2285 138 32 Statens
589 2285 272 40 bilinspektion:
887 2286 221 40 Utrustning.
1146 2287 12 29 I
1181 2287 153 39 enlighet
1357 2289 79 29 med
1459 2289 126 39 Kungl.
1610 2290 123 40 Maj:ts

247 2337 131 39 förslag
410 2337 132 39 (punkt
569 2337 52 34 24,
649 2347 25 20 s.
702 2337 162 35 92—94),
893 2347 76 20 som
995 2338 147 30 innebär
1169 2339 214 31 oförändrad
1412 2341 320 40 medelsanvisning

248 2389 54 30 för
322 2391 100 29 nästa
441 2390 181 40 budgetår,
642 2391 203 30 hemställer
864 2392 184 34 utskottet,

558 2446 50 28 att
629 2445 188 39 riksdagen
838 2445 57 30 må
916 2445 53 30 till
992 2445 140 31 Statens
1155 2446 266 41 bilinspektion:
1447 2449 207 40 Utrustning
1677 2450 55 30 för

512 2498 205 39 budgetåret
749 2498 142 36 1958/59
922 2499 123 30 anvisa
1075 2502 49 27 ett
1153 2501 358 41 reservationsanslag
1542 2513 42 20 av
1613 2503 41 30 50
1668 2503 63 29 000

512 2552 64 35 kr.,
602 2554 49 28 att
677 2552 174 31 avräknas
877 2554 72 29 mot
977 2553 459 33 automobilskattemedlen.
