1880 2776
239 171 42 30 28
635 169 252 28 Statsutskottets
911 170 163 27 utlåtande
1096 179 40 19 nr
1157 171 16 27 6
1196 171 36 27 år
1254 171 77 28 1958

240 248 472 40 vattenbyggnadsstyrelsen
734 250 195 39 framlagda
949 251 128 39 planen
1098 251 84 30 böra
1204 252 116 39 läggas
1343 252 51 29 till
1417 253 113 38 grund
1552 252 55 30 för
1627 253 99 29 verk-

242 302 191 29 samheten.
453 303 65 29 Det
539 302 175 39 förtjänar
734 303 121 29 därvid
876 304 144 29 särskilt
1040 304 206 30 framhållas
1268 307 50 28 att
1338 306 138 38 planen,
1500 306 116 29 såsom
1638 306 10 29 i
1669 307 57 29 det

240 355 208 39 föregående
474 357 152 33 nämnts,
652 357 264 29 sammanfaller
942 358 79 29 med
1047 358 56 29 det
1128 366 164 31 program
1318 368 75 20 som
1419 368 41 20 av
1486 359 240 39 delegationen

241 408 56 30 för
317 409 201 39 översiktlig
539 410 248 39 vägplanering
806 428 44 3 —
871 413 232 27 sammansatt
1125 421 42 19 av
1188 414 280 37 representanter
1491 413 54 29 för
1568 413 158 39 närings-

240 462 92 34 livet,
357 462 498 40 trafikantorganisationerna
879 464 65 29 och
968 465 232 38 vägväsendet
1225 465 109 39 jämte
1360 466 366 30 nationalekonomisk

240 516 66 29 och
324 515 343 40 näringsgeografisk
685 517 150 38 expertis
852 535 45 3 —
914 518 169 39 enhälligt
1101 518 64 29 och
1184 519 79 29 med
1283 519 76 29 stöd
1379 528 42 20 av
1440 521 48 28 ett
1508 520 218 29 omfattande

241 569 368 39 utredningsmaterial
632 570 157 29 förordat
813 571 11 28 i
849 571 58 29 sitt
931 571 231 30 betänkande.
1188 573 154 29 Nämnas
1368 572 57 30 må
1450 574 86 29 även
1562 575 50 27 att
1637 574 89 29 dele-

241 623 172 38 gationen,
434 632 76 20 som
530 623 113 29 starkt
663 623 242 30 understrukit
925 625 306 39 nödvändigheten
1251 635 42 19 av
1314 628 50 27 att
1384 626 128 39 planen
1534 628 85 28 utan
1640 636 86 30 upp-

241 676 87 29 skov
346 676 181 30 realiseras
547 676 43 29 fr.
604 685 30 20 o.
649 686 44 19 m.
713 676 39 30 år
773 676 92 35 1958,
886 677 55 30 för
960 678 97 29 tiden
1076 678 87 30 efter
1184 678 84 30 1962
1289 679 179 39 föreslagit
1489 689 43 20 en
1553 680 173 30 successiv

240 729 132 39 ökning
392 738 41 20 av
453 730 41 29 de
515 730 140 39 statliga
674 730 369 39 väginvesteringarna
1062 732 78 29 med
1163 732 62 29 100
1247 733 88 28 mkr.
1357 742 61 30 per
1440 733 38 29 år
1499 733 93 29 fram
1614 733 52 30 till
1687 733 39 30 år

242 782 95 30 1967.
361 783 71 29 Mot
454 783 185 39 bakgrund
662 783 109 30 härav
794 784 97 29 torde
915 785 57 29 det
998 785 53 29 stå
1074 785 92 29 klart
1190 788 50 27 att
1265 786 67 29 den
1357 795 42 20 av
1424 787 171 38 styrelsen
1619 787 107 29 fram-

239 836 102 39 lagda
360 836 260 40 femårsplanen
638 837 11 29 i
667 839 77 27 vart
762 837 62 29 fall
843 838 75 29 icke
937 838 147 30 innebär
1103 838 114 40 någon
1236 840 265 39 överskattning
1520 849 42 20 av
1581 841 145 29 medels-

239 889 156 30 behovet.
413 890 176 29 Utskottet
606 890 63 29 har
686 890 129 35 därför,
834 891 78 29 med
929 891 196 30 beaktande
1141 892 132 39 jämväl
1291 902 42 20 av
1349 893 66 29 vad
1433 894 9 28 i
1460 894 112 39 övrigt
1590 894 136 30 anförts

239 943 65 29 och
322 945 84 27 utan
424 943 245 39 föregripande
688 953 41 19 av
748 953 120 20 senare
887 945 263 39 överväganden
1168 946 10 28 i
1197 946 189 39 anledning
1406 956 41 20 av
1466 947 259 39 delegationens

239 996 142 39 förslag,
400 996 118 30 funnit
537 997 51 39 sig
605 997 84 29 böra
707 997 141 29 förorda
866 1000 50 27 att
934 998 129 39 planen
1080 1017 44 2 —
1140 1008 58 20 om
1216 1000 65 28 ock
1300 1000 78 29 med
1397 1000 67 29 den
1484 1000 242 40 förskjutning

239 1049 10 29 i
271 1050 95 29 tiden
388 1059 75 20 som
485 1050 197 29 föranledes
705 1059 42 20 av
768 1051 188 29 utskottets
979 1052 336 39 ställningstagande
1337 1053 222 30 beträffande
1582 1054 144 29 omslut-

240 1103 129 39 ningen
390 1112 41 20 av
455 1103 84 29 1958
561 1103 64 29 och
649 1103 83 29 1959
755 1103 56 30 års
832 1104 254 40 investeringar
1107 1123 13 3 —
1171 1106 10 28 i
1204 1106 136 39 princip
1363 1106 192 30 fastställes
1579 1116 76 21 som
1678 1109 47 28 ett

238 1164 163 32 program
423 1156 54 30 för
500 1156 42 30 de
565 1157 211 29 kommande
798 1157 94 29 åren.

295 1210 393 39 Departementschefen
708 1210 64 30 har
791 1211 56 29 vid
868 1211 54 29 sin
941 1212 213 39 behandling
1174 1222 42 19 av
1237 1212 123 39 frågan
1381 1222 57 20 om
1459 1213 267 40 investeringar-

239 1272 64 20 nas
329 1263 129 29 storlek
483 1263 206 34 framhållit,
716 1266 50 27 att
790 1264 57 29 vid
872 1264 257 40 bedömningen
1155 1275 42 20 av
1222 1267 66 28 vad
1315 1275 75 21 som
1416 1267 98 29 reellt
1541 1268 184 39 nedlägges

238 1316 45 40 på
300 1316 57 30 det
375 1317 179 29 allmänna
570 1318 163 38 vägnätet
750 1318 86 29 även
853 1318 85 29 böra
955 1318 146 30 beaktas
1120 1319 40 29 de
1178 1319 360 40 beredskapsarbeten
1557 1321 44 39 på
1619 1322 106 38 vägar

239 1370 65 29 och
321 1372 97 36 gator
434 1379 75 20 som
526 1371 111 29 under
653 1380 121 20 senare
791 1371 38 29 år
845 1371 149 30 kommit
1012 1374 50 27 att
1079 1372 134 30 utföras
1230 1373 11 28 i
1258 1373 91 30 ökad
1367 1374 223 39 omfattning.
1609 1375 116 29 Under

239 1423 96 29 såväl
358 1423 236 30 innevarande
619 1433 75 20 som
718 1425 100 28 nästa
842 1424 170 40 budgetår
1035 1425 172 30 beräknas
1233 1426 115 29 denna
1372 1427 224 30 verksamhet
1622 1428 36 29 få
1682 1438 43 19 en

239 1476 215 40 omslutning
475 1486 43 19 av
538 1477 107 29 minst
665 1486 39 20 ca
725 1477 40 29 50
788 1478 88 29 mkr.
898 1477 173 41 Omkring
1092 1479 135 30 hälften
1249 1489 42 20 av
1312 1480 101 29 dessa
1436 1481 142 29 arbeten
1601 1481 123 40 avsåge

238 1529 135 40 företag
391 1532 10 29 i
420 1530 307 39 flerårsplanerna.
747 1531 117 29 Under
882 1532 157 38 anslaget
1059 1532 52 29 till
1130 1533 101 29 Vissa
1250 1533 392 40 vägbyggnadsarbeten
1661 1535 64 29 har

236 1583 120 29 vidare
376 1583 198 39 föreslagits
594 1592 43 20 en
658 1583 110 30 sådan
787 1584 235 40 omläggning,
1043 1587 51 27 att
1115 1586 432 40 sysselsättningsarbeten
1570 1588 54 29 för
1644 1589 80 38 väg-

238 1636 66 29 och
324 1636 438 40 vattenbyggnadsverkets
784 1646 87 30 egna
893 1638 158 30 arbetare
1073 1639 75 29 icke
1171 1640 118 38 längre
1312 1640 99 29 skola
1432 1641 143 29 komma
1597 1642 52 29 till
1673 1644 51 27 ut-

237 1689 147 30 förande
407 1690 78 29 med
509 1690 178 30 anlitande
711 1700 42 20 av
776 1691 110 29 medel
910 1692 112 29 under
1046 1692 94 29 detta
1164 1693 131 39 anslag.
1320 1694 13 28 I
1359 1694 115 29 stället
1498 1695 90 29 skall
1613 1696 111 29 under

237 1743 107 29 femte
362 1743 222 30 huvudtiteln
604 1746 170 37 upptagas
794 1746 47 27 ett
861 1745 143 30 särskilt
1024 1746 129 39 anslag,
1173 1746 167 30 benämnt
1360 1747 363 40 Beredskapsarbeten

235 1796 46 39 på
298 1797 105 38 vägar
421 1797 65 29 och
506 1799 109 37 gator,
634 1799 50 27 att
702 1797 173 30 avräknas
894 1800 73 27 mot
986 1799 450 30 automobilskattemedlen
1455 1801 66 29 och
1540 1804 112 27 avsett
1672 1803 50 28 att

236 1849 127 29 bereda
380 1850 267 39 sysselsättning
663 1850 34 30 åt
713 1851 152 30 friställd
882 1852 214 30 arbetskraft
1113 1853 142 29 utanför
1271 1850 243 43 vägväsendet.
1532 1855 65 29 Det
1615 1855 109 30 förut-

237 1904 107 28 sättes
371 1903 123 29 härvid
521 1905 50 28 att
599 1904 66 29 den
692 1904 174 30 ordinarie
893 1905 261 39 vägbyggnads-
1181 1907 64 29 och
1272 1907 451 39 vägunderhållsverksam-

235 1956 106 29 heten
359 1956 38 29 så
415 1956 163 39 planeras
598 1957 65 29 och
680 1957 168 34 bedrives,
867 1960 51 27 att
936 1958 101 39 jämn
1057 1959 269 40 sysselsättning
1344 1970 43 20 av
1404 1962 80 38 väg-
1504 1962 66 28 och
1589 1963 133 28 vatten-

234 2009 320 39 byggnadsverkets
573 2010 224 39 vägarbetare
816 2011 73 30 året
908 2021 57 20 om
984 2012 113 31 ernås.

291 2062 176 30 Utskottet
486 2064 60 29 vill
567 2064 11 29 i
598 2064 189 39 anledning
806 2064 109 30 härav
934 2065 200 35 framhålla,
1155 2068 51 28 att
1226 2076 43 21 en
1289 2068 78 29 klar
1388 2069 104 38 gräns
1512 2069 64 29 bör
1595 2069 126 39 dragas

235 2116 129 29 mellan
393 2117 66 28 den
488 2117 176 30 ordinarie
692 2118 502 40 investeringsverksamheten
1224 2121 65 29 och
1319 2121 41 29 de
1391 2122 78 29 med
1500 2122 112 29 medel
1642 2123 79 29 från

233 2169 339 41 beredskapsanslag
601 2171 167 29 bedrivna
798 2172 174 31 arbetena.
1004 2173 49 29 De
1085 2183 120 20 senare
1235 2174 86 29 böra
1352 2174 148 30 sålunda
1531 2176 107 39 enligt
1669 2179 52 27 ut-

234 2222 148 30 skottets
409 2223 228 40 uppfattning
664 2225 117 39 läggas
808 2226 71 29 helt
905 2226 144 30 utanför
1076 2227 66 29 den
1168 2227 247 30 förstnämnda
1441 2229 279 30 verksamheten.

233 2276 166 39 Anslaget
426 2277 54 29 för
506 2278 156 29 nämnda
688 2278 151 35 arbeten,
865 2279 96 29 vilka
987 2280 171 30 utskottet
1185 2281 207 30 förutsätter
1418 2282 143 29 komma
1589 2285 49 27 att
1665 2284 55 29 be-

232 2329 118 30 drivas
372 2330 37 29 så
429 2330 163 30 effektivt
613 2340 75 20 som
709 2332 147 40 möjligt,
877 2333 63 29 bör
963 2333 133 30 således
1118 2334 174 40 utnyttjas
1315 2337 85 27 utan
1423 2336 141 39 förfång
1587 2337 54 29 för
1663 2337 56 29 det

232 2383 175 30 ordinarie
430 2384 273 40 vägbyggandet.
729 2385 185 35 Utskottet,
941 2395 76 21 som
1042 2387 75 29 icke
1143 2387 118 30 funnit
1286 2389 189 39 anledning
1501 2390 52 29 till
1579 2390 141 30 erinran

233 2438 74 27 mot
331 2437 66 29 den
421 2437 200 40 föreslagna
645 2439 421 40 anslagsomläggningen,
1092 2441 101 39 utgår
1217 2442 90 29 dock
1332 2442 123 30 härvid
1481 2443 81 29 från
1588 2446 50 27 att
1663 2445 55 28 vid

232 2490 286 39 uppkommande
544 2491 112 30 behov
683 2492 235 39 föreliggande
946 2493 221 39 möjligheter
1195 2495 174 40 utnyttjas
1397 2498 50 27 att
1473 2515 44 2 —
1544 2497 55 29 för
1625 2497 94 30 bere-
