<?xml version="1.0" encoding="UTF-8"?>
<alto xmlns="http://www.loc.gov/standards/alto/ns-v3#" xmlns:xlink="http://www.w3.org/1999/xlink" xmlns:xsi="http://www.w3.org/2001/XMLSchema-instance" xsi:schemaLocation="http://www.loc.gov/standards/alto/ns-v3# http://www.loc.gov/alto/v3/alto-3-0.xsd">
	<Description>
		<MeasurementUnit>pixel</MeasurementUnit>
		<sourceImageInformation>
			<fileName>/tmp/tess_o7lxi0_6_input.PNG</fileName>
		</sourceImageInformation>
		<OCRProcessing ID="OCR_0">
			<ocrProcessingStep>
				<processingSoftware>
					<softwareName>tesseract 5.3.0</softwareName>
				</processingSoftware>
			</ocrProcessingStep>
		</OCRProcessing>
	</Description>
	<Layout>
		<Page WIDTH="1856" HEIGHT="2774" PHYSICAL_IMG_NR="0" ID="page_0">
			<PrintSpace HPOS="0" VPOS="0" WIDTH="1856" HEIGHT="2774">
				<ComposedBlock ID="cblock_0" HPOS="241" VPOS="174" WIDTH="1181" HEIGHT="40">
					<TextBlock ID="block_0" HPOS="241" VPOS="174" WIDTH="1181" HEIGHT="40">
						<TextLine ID="line_0" HPOS="241" VPOS="174" WIDTH="1181" HEIGHT="40">
							<String ID="string_0" HPOS="241" VPOS="175" WIDTH="18" HEIGHT="29" WC="0.95" CONTENT="2"/><SP WIDTH="282" VPOS="175" HPOS="259"/>
							<String ID="string_1" HPOS="541" VPOS="174" WIDTH="121" HEIGHT="39" WC="0.93" CONTENT="Tredje"/><SP WIDTH="22" VPOS="174" HPOS="662"/>
							<String ID="string_2" HPOS="684" VPOS="175" WIDTH="245" HEIGHT="39" WC="0.91" CONTENT="lagutskottets"/><SP WIDTH="23" VPOS="175" HPOS="929"/>
							<String ID="string_3" HPOS="952" VPOS="176" WIDTH="179" HEIGHT="31" WC="0.96" CONTENT="utlåtande"/><SP WIDTH="21" VPOS="176" HPOS="1131"/>
							<String ID="string_4" HPOS="1152" VPOS="186" WIDTH="43" HEIGHT="21" WC="0.96" CONTENT="nr"/><SP WIDTH="20" VPOS="186" HPOS="1195"/>
							<String ID="string_5" HPOS="1215" VPOS="178" WIDTH="42" HEIGHT="29" WC="0.96" CONTENT="24"/><SP WIDTH="21" VPOS="178" HPOS="1257"/>
							<String ID="string_6" HPOS="1278" VPOS="178" WIDTH="38" HEIGHT="29" WC="0.96" CONTENT="år"/><SP WIDTH="22" VPOS="178" HPOS="1316"/>
							<String ID="string_7" HPOS="1338" VPOS="180" WIDTH="84" HEIGHT="28" WC="0.94" CONTENT="1965"/>
						</TextLine>
					</TextBlock>
				</ComposedBlock>
				<ComposedBlock ID="cblock_1" HPOS="394" VPOS="253" WIDTH="398" HEIGHT="40">
					<TextBlock ID="block_1" HPOS="394" VPOS="253" WIDTH="398" HEIGHT="40">
						<TextLine ID="line_1" HPOS="394" VPOS="253" WIDTH="398" HEIGHT="40">
							<String ID="string_8" HPOS="394" VPOS="253" WIDTH="226" HEIGHT="31" WC="0.95" CONTENT="(Nuvarande"/><SP WIDTH="25" VPOS="253" HPOS="620"/>
							<String ID="string_9" HPOS="645" VPOS="255" WIDTH="147" HEIGHT="38" WC="0.94" CONTENT="lydelse)"/>
						</TextLine>
					</TextBlock>
				</ComposedBlock>
				<ComposedBlock ID="cblock_2" HPOS="1167" VPOS="258" WIDTH="399" HEIGHT="40">
					<TextBlock ID="block_2" HPOS="1167" VPOS="258" WIDTH="399" HEIGHT="40">
						<TextLine ID="line_2" HPOS="1167" VPOS="258" WIDTH="399" HEIGHT="40">
							<String ID="string_10" HPOS="1167" VPOS="258" WIDTH="225" HEIGHT="40" WC="0.95" CONTENT="(Föreslagen"/><SP WIDTH="26" VPOS="258" HPOS="1392"/>
							<String ID="string_11" HPOS="1418" VPOS="259" WIDTH="148" HEIGHT="39" WC="0.96" CONTENT="lydelse)"/>
						</TextLine>
					</TextBlock>
				</ComposedBlock>
				<ComposedBlock ID="cblock_3" HPOS="929" VPOS="318" WIDTH="94" HEIGHT="37">
					<TextBlock ID="block_3" HPOS="929" VPOS="318" WIDTH="94" HEIGHT="37">
						<TextLine ID="line_3" HPOS="929" VPOS="318" WIDTH="94" HEIGHT="37">
							<String ID="string_12" HPOS="929" VPOS="318" WIDTH="40" HEIGHT="29" WC="0.96" CONTENT="14"/><SP WIDTH="27" VPOS="318" HPOS="969"/>
							<String ID="string_13" HPOS="996" VPOS="318" WIDTH="27" HEIGHT="37" WC="0.89" CONTENT="8."/>
						</TextLine>
					</TextBlock>
				</ComposedBlock>
				<ComposedBlock ID="cblock_4" HPOS="229" VPOS="1298" WIDTH="717" HEIGHT="704">
					<TextBlock ID="block_4" HPOS="229" VPOS="1298" WIDTH="717" HEIGHT="704">
						<TextLine ID="line_4" HPOS="278" VPOS="1298" WIDTH="667" HEIGHT="43">
							<String ID="string_14" HPOS="278" VPOS="1298" WIDTH="18" HEIGHT="29" WC="0.96" CONTENT="6"/><SP WIDTH="37" VPOS="1298" HPOS="296"/>
							<String ID="string_15" HPOS="333" VPOS="1308" WIDTH="127" HEIGHT="20" WC="0.93" CONTENT="mom."/><SP WIDTH="40" VPOS="1308" HPOS="460"/>
							<String ID="string_16" HPOS="500" VPOS="1300" WIDTH="135" HEIGHT="39" WC="0.92" CONTENT="Intages"/><SP WIDTH="26" VPOS="1300" HPOS="635"/>
							<String ID="string_17" HPOS="661" VPOS="1301" WIDTH="113" HEIGHT="39" WC="0.93" CONTENT="någon"/><SP WIDTH="28" VPOS="1301" HPOS="774"/>
							<String ID="string_18" HPOS="802" VPOS="1302" WIDTH="20" HEIGHT="29" WC="0.87" CONTENT="å"/><SP WIDTH="27" VPOS="1302" HPOS="822"/>
							<String ID="string_19" HPOS="849" VPOS="1302" WIDTH="96" HEIGHT="39" WC="0.92" CONTENT="sjuk-"/>
						</TextLine>
						<TextLine ID="line_5" HPOS="232" VPOS="1342" WIDTH="713" HEIGHT="41">
							<String ID="string_20" HPOS="232" VPOS="1342" WIDTH="301" HEIGHT="41" WC="0.91" CONTENT="vårdsinrättning"/><SP WIDTH="26" VPOS="1342" HPOS="533"/>
							<String ID="string_21" HPOS="559" VPOS="1344" WIDTH="81" HEIGHT="30" WC="0.96" CONTENT="eller"/><SP WIDTH="26" VPOS="1344" HPOS="640"/>
							<String ID="string_22" HPOS="666" VPOS="1345" WIDTH="279" HEIGHT="31" WC="0.95" CONTENT="ålderdomshem"/>
						</TextLine>
						<TextLine ID="line_6" HPOS="234" VPOS="1387" WIDTH="710" HEIGHT="42">
							<String ID="string_23" HPOS="234" VPOS="1387" WIDTH="81" HEIGHT="29" WC="0.93" CONTENT="eller"/><SP WIDTH="29" VPOS="1387" HPOS="315"/>
							<String ID="string_24" HPOS="344" VPOS="1387" WIDTH="20" HEIGHT="29" WC="0.90" CONTENT="å"/><SP WIDTH="29" VPOS="1387" HPOS="364"/>
							<String ID="string_25" HPOS="393" VPOS="1387" WIDTH="255" HEIGHT="40" WC="0.91" CONTENT="förbättrings-,"/><SP WIDTH="31" VPOS="1387" HPOS="648"/>
							<String ID="string_26" HPOS="679" VPOS="1389" WIDTH="265" HEIGHT="40" WC="0.91" CONTENT="uppfostrings-,"/>
						</TextLine>
						<TextLine ID="line_7" HPOS="234" VPOS="1430" WIDTH="709" HEIGHT="43">
							<String ID="string_27" HPOS="234" VPOS="1430" WIDTH="256" HEIGHT="40" WC="0.83" CONTENT="tvångsarbets-"/><SP WIDTH="33" VPOS="1430" HPOS="490"/>
							<String ID="string_28" HPOS="523" VPOS="1426" WIDTH="13" HEIGHT="51" WC="0.0" CONTENT="—"/><SP WIDTH="16" VPOS="1426" HPOS="536"/>
							<String ID="string_29" HPOS="552" VPOS="1433" WIDTH="81" HEIGHT="31" WC="0.87" CONTENT="eller"/><SP WIDTH="30" VPOS="1433" HPOS="633"/>
							<String ID="string_30" HPOS="663" VPOS="1426" WIDTH="14" HEIGHT="51" WC="0.53" CONTENT="—"/><SP WIDTH="18" VPOS="1426" HPOS="677"/>
							<String ID="string_31" HPOS="695" VPOS="1434" WIDTH="248" HEIGHT="39" WC="0.87" CONTENT="straffanstalt,"/>
						</TextLine>
						<TextLine ID="line_8" HPOS="232" VPOS="1475" WIDTH="712" HEIGHT="43">
							<String ID="string_32" HPOS="232" VPOS="1475" WIDTH="135" HEIGHT="29" WC="0.96" CONTENT="medför"/><SP WIDTH="19" VPOS="1475" HPOS="367"/>
							<String ID="string_33" HPOS="386" VPOS="1476" WIDTH="95" HEIGHT="30" WC="0.96" CONTENT="detta"/><SP WIDTH="19" VPOS="1476" HPOS="481"/>
							<String ID="string_34" HPOS="500" VPOS="1477" WIDTH="31" HEIGHT="39" WC="0.96" CONTENT="ej"/><SP WIDTH="23" VPOS="1477" HPOS="531"/>
							<String ID="string_35" HPOS="554" VPOS="1477" WIDTH="204" HEIGHT="41" WC="0.96" CONTENT="förändring"/><SP WIDTH="18" VPOS="1477" HPOS="758"/>
							<String ID="string_36" HPOS="776" VPOS="1479" WIDTH="11" HEIGHT="29" WC="0.93" CONTENT="i"/><SP WIDTH="18" VPOS="1479" HPOS="787"/>
							<String ID="string_37" HPOS="805" VPOS="1488" WIDTH="139" HEIGHT="21" WC="0.92" CONTENT="avseen-"/>
						</TextLine>
						<TextLine ID="line_9" HPOS="231" VPOS="1518" WIDTH="713" HEIGHT="44">
							<String ID="string_38" HPOS="231" VPOS="1518" WIDTH="41" HEIGHT="30" WC="0.93" CONTENT="de"/><SP WIDTH="19" VPOS="1518" HPOS="272"/>
							<String ID="string_39" HPOS="291" VPOS="1519" WIDTH="20" HEIGHT="30" WC="0.88" CONTENT="å"/><SP WIDTH="20" VPOS="1519" HPOS="311"/>
							<String ID="string_40" HPOS="331" VPOS="1520" WIDTH="88" HEIGHT="30" WC="0.96" CONTENT="hans"/><SP WIDTH="21" VPOS="1520" HPOS="419"/>
							<String ID="string_41" HPOS="440" VPOS="1521" WIDTH="312" HEIGHT="41" WC="0.96" CONTENT="kyrkobokföring,"/><SP WIDTH="15" VPOS="1521" HPOS="752"/>
							<String ID="string_42" HPOS="767" VPOS="1523" WIDTH="117" HEIGHT="30" WC="0.93" CONTENT="såvida"/><SP WIDTH="14" VPOS="1523" HPOS="884"/>
							<String ID="string_43" HPOS="898" VPOS="1524" WIDTH="46" HEIGHT="29" WC="0.77" CONTENT="ic-"/>
						</TextLine>
						<TextLine ID="line_10" HPOS="231" VPOS="1562" WIDTH="710" HEIGHT="36">
							<String ID="string_44" HPOS="231" VPOS="1562" WIDTH="42" HEIGHT="30" WC="0.96" CONTENT="ke"/><SP WIDTH="22" VPOS="1562" HPOS="273"/>
							<String ID="string_45" HPOS="295" VPOS="1564" WIDTH="110" HEIGHT="29" WC="0.96" CONTENT="under"/><SP WIDTH="23" VPOS="1564" HPOS="405"/>
							<String ID="string_46" HPOS="428" VPOS="1565" WIDTH="96" HEIGHT="29" WC="0.96" CONTENT="tiden"/><SP WIDTH="23" VPOS="1565" HPOS="524"/>
							<String ID="string_47" HPOS="547" VPOS="1566" WIDTH="129" HEIGHT="30" WC="0.96" CONTENT="sådana"/><SP WIDTH="23" VPOS="1566" HPOS="676"/>
							<String ID="string_48" HPOS="699" VPOS="1567" WIDTH="242" HEIGHT="31" WC="0.95" CONTENT="förhållanden"/>
						</TextLine>
						<TextLine ID="line_11" HPOS="230" VPOS="1607" WIDTH="712" HEIGHT="43">
							<String ID="string_49" HPOS="230" VPOS="1607" WIDTH="157" HEIGHT="37" WC="0.95" CONTENT="inträffa,"/><SP WIDTH="15" VPOS="1607" HPOS="387"/>
							<String ID="string_50" HPOS="402" VPOS="1611" WIDTH="51" HEIGHT="27" WC="0.96" CONTENT="att"/><SP WIDTH="15" VPOS="1611" HPOS="453"/>
							<String ID="string_51" HPOS="468" VPOS="1610" WIDTH="71" HEIGHT="29" WC="0.96" CONTENT="han"/><SP WIDTH="14" VPOS="1610" HPOS="539"/>
							<String ID="string_52" HPOS="553" VPOS="1610" WIDTH="43" HEIGHT="39" WC="0.96" CONTENT="på"/><SP WIDTH="13" VPOS="1610" HPOS="596"/>
							<String ID="string_53" HPOS="609" VPOS="1611" WIDTH="113" HEIGHT="39" WC="0.96" CONTENT="grund"/><SP WIDTH="14" VPOS="1611" HPOS="722"/>
							<String ID="string_54" HPOS="736" VPOS="1611" WIDTH="107" HEIGHT="31" WC="0.96" CONTENT="därav"/><SP WIDTH="12" VPOS="1611" HPOS="843"/>
							<String ID="string_55" HPOS="855" VPOS="1613" WIDTH="87" HEIGHT="33" WC="0.96" CONTENT="bort,"/>
						</TextLine>
						<TextLine ID="line_12" HPOS="232" VPOS="1651" WIDTH="714" HEIGHT="44">
							<String ID="string_56" HPOS="232" VPOS="1651" WIDTH="115" HEIGHT="30" WC="0.96" CONTENT="därest"/><SP WIDTH="20" VPOS="1651" HPOS="347"/>
							<String ID="string_57" HPOS="367" VPOS="1653" WIDTH="70" HEIGHT="29" WC="0.96" CONTENT="han"/><SP WIDTH="23" VPOS="1653" HPOS="437"/>
							<String ID="string_58" HPOS="460" VPOS="1654" WIDTH="31" HEIGHT="39" WC="0.96" CONTENT="ej"/><SP WIDTH="23" VPOS="1654" HPOS="491"/>
							<String ID="string_59" HPOS="514" VPOS="1655" WIDTH="89" HEIGHT="30" WC="0.96" CONTENT="varit"/><SP WIDTH="19" VPOS="1655" HPOS="603"/>
							<String ID="string_60" HPOS="622" VPOS="1656" WIDTH="141" HEIGHT="39" WC="0.93" CONTENT="intagen"/><SP WIDTH="20" VPOS="1656" HPOS="763"/>
							<String ID="string_61" HPOS="783" VPOS="1657" WIDTH="22" HEIGHT="29" WC="0.92" CONTENT="å"/><SP WIDTH="18" VPOS="1657" HPOS="805"/>
							<String ID="string_62" HPOS="823" VPOS="1657" WIDTH="123" HEIGHT="30" WC="0.91" CONTENT="inrätt-"/>
						</TextLine>
						<TextLine ID="line_13" HPOS="232" VPOS="1696" WIDTH="712" HEIGHT="39">
							<String ID="string_63" HPOS="232" VPOS="1696" WIDTH="127" HEIGHT="39" WC="0.96" CONTENT="ningen"/><SP WIDTH="29" VPOS="1696" HPOS="359"/>
							<String ID="string_64" HPOS="388" VPOS="1698" WIDTH="83" HEIGHT="30" WC="0.96" CONTENT="eller"/><SP WIDTH="29" VPOS="1698" HPOS="471"/>
							<String ID="string_65" HPOS="500" VPOS="1700" WIDTH="184" HEIGHT="34" WC="0.95" CONTENT="anstalten,"/><SP WIDTH="30" VPOS="1700" HPOS="684"/>
							<String ID="string_66" HPOS="714" VPOS="1702" WIDTH="230" HEIGHT="30" WC="0.96" CONTENT="annorstädes"/>
						</TextLine>
						<TextLine ID="line_14" HPOS="232" VPOS="1740" WIDTH="713" HEIGHT="45">
							<String ID="string_67" HPOS="232" VPOS="1740" WIDTH="292" HEIGHT="39" WC="0.91" CONTENT="kyrkobokföras."/><SP WIDTH="32" VPOS="1740" HPOS="524"/>
							<String ID="string_68" HPOS="556" VPOS="1743" WIDTH="12" HEIGHT="29" WC="0.96" CONTENT="I"/><SP WIDTH="32" VPOS="1743" HPOS="568"/>
							<String ID="string_69" HPOS="600" VPOS="1744" WIDTH="97" HEIGHT="40" WC="0.96" CONTENT="fråga"/><SP WIDTH="31" VPOS="1744" HPOS="697"/>
							<String ID="string_70" HPOS="728" VPOS="1754" WIDTH="58" HEIGHT="21" WC="0.93" CONTENT="om"/><SP WIDTH="32" VPOS="1754" HPOS="786"/>
							<String ID="string_71" HPOS="818" VPOS="1746" WIDTH="127" HEIGHT="39" WC="0.93" CONTENT="kyrko-"/>
						</TextLine>
						<TextLine ID="line_15" HPOS="230" VPOS="1784" WIDTH="713" HEIGHT="45">
							<String ID="string_72" HPOS="230" VPOS="1784" WIDTH="185" HEIGHT="41" WC="0.96" CONTENT="bokföring"/><SP WIDTH="22" VPOS="1784" HPOS="415"/>
							<String ID="string_73" HPOS="437" VPOS="1796" WIDTH="42" HEIGHT="20" WC="0.96" CONTENT="av"/><SP WIDTH="23" VPOS="1796" HPOS="479"/>
							<String ID="string_74" HPOS="502" VPOS="1787" WIDTH="66" HEIGHT="29" WC="0.96" CONTENT="den"/><SP WIDTH="23" VPOS="1787" HPOS="568"/>
							<String ID="string_75" HPOS="591" VPOS="1796" WIDTH="73" HEIGHT="21" WC="0.95" CONTENT="som"/><SP WIDTH="22" VPOS="1796" HPOS="664"/>
							<String ID="string_76" HPOS="686" VPOS="1789" WIDTH="189" HEIGHT="40" WC="0.92" CONTENT="villkorligt"/><SP WIDTH="23" VPOS="1789" HPOS="875"/>
							<String ID="string_77" HPOS="898" VPOS="1790" WIDTH="45" HEIGHT="30" WC="0.92" CONTENT="el-"/>
						</TextLine>
						<TextLine ID="line_16" HPOS="231" VPOS="1828" WIDTH="710" HEIGHT="43">
							<String ID="string_78" HPOS="231" VPOS="1828" WIDTH="48" HEIGHT="29" WC="0.96" CONTENT="ler"/><SP WIDTH="23" VPOS="1828" HPOS="279"/>
							<String ID="string_79" HPOS="302" VPOS="1828" WIDTH="44" HEIGHT="39" WC="0.96" CONTENT="på"/><SP WIDTH="22" VPOS="1828" HPOS="346"/>
							<String ID="string_80" HPOS="368" VPOS="1838" WIDTH="88" HEIGHT="30" WC="0.96" CONTENT="prov"/><SP WIDTH="24" VPOS="1838" HPOS="456"/>
							<String ID="string_81" HPOS="480" VPOS="1831" WIDTH="148" HEIGHT="40" WC="0.96" CONTENT="frigivits"/><SP WIDTH="25" VPOS="1831" HPOS="628"/>
							<String ID="string_82" HPOS="653" VPOS="1833" WIDTH="82" HEIGHT="29" WC="0.93" CONTENT="eller"/><SP WIDTH="24" VPOS="1833" HPOS="735"/>
							<String ID="string_83" HPOS="759" VPOS="1834" WIDTH="182" HEIGHT="30" WC="0.91" CONTENT="utskrivits"/>
						</TextLine>
						<TextLine ID="line_17" HPOS="230" VPOS="1872" WIDTH="713" HEIGHT="41">
							<String ID="string_84" HPOS="230" VPOS="1872" WIDTH="78" HEIGHT="30" WC="0.91" CONTENT="från"/><SP WIDTH="38" VPOS="1872" HPOS="308"/>
							<String ID="string_85" HPOS="346" VPOS="1873" WIDTH="321" HEIGHT="40" WC="0.91" CONTENT="fångvårdsanstalt"/><SP WIDTH="38" VPOS="1873" HPOS="667"/>
							<String ID="string_86" HPOS="705" VPOS="1877" WIDTH="90" HEIGHT="30" WC="0.95" CONTENT="skall"/><SP WIDTH="39" VPOS="1877" HPOS="795"/>
							<String ID="string_87" HPOS="834" VPOS="1879" WIDTH="109" HEIGHT="29" WC="0.96" CONTENT="under"/>
						</TextLine>
						<TextLine ID="line_18" HPOS="230" VPOS="1917" WIDTH="711" HEIGHT="37">
							<String ID="string_88" HPOS="230" VPOS="1917" WIDTH="203" HEIGHT="37" WC="0.89" CONTENT="prövotiden"/><SP WIDTH="30" VPOS="1917" HPOS="433"/>
							<String ID="string_89" HPOS="463" VPOS="1919" WIDTH="39" HEIGHT="29" WC="0.96" CONTENT="så"/><SP WIDTH="27" VPOS="1919" HPOS="502"/>
							<String ID="string_90" HPOS="529" VPOS="1928" WIDTH="101" HEIGHT="22" WC="0.96" CONTENT="anses"/><SP WIDTH="30" VPOS="1928" HPOS="630"/>
							<String ID="string_91" HPOS="660" VPOS="1929" WIDTH="74" HEIGHT="21" WC="0.96" CONTENT="som"/><SP WIDTH="28" VPOS="1929" HPOS="734"/>
							<String ID="string_92" HPOS="762" VPOS="1931" WIDTH="80" HEIGHT="21" WC="0.95" CONTENT="vore"/><SP WIDTH="30" VPOS="1931" HPOS="842"/>
							<String ID="string_93" HPOS="872" VPOS="1923" WIDTH="69" HEIGHT="29" WC="0.96" CONTENT="han"/>
						</TextLine>
						<TextLine ID="line_19" HPOS="229" VPOS="1960" WIDTH="626" HEIGHT="42">
							<String ID="string_94" HPOS="229" VPOS="1960" WIDTH="217" HEIGHT="32" WC="0.95" CONTENT="fortfarande"/><SP WIDTH="23" VPOS="1960" HPOS="446"/>
							<String ID="string_95" HPOS="469" VPOS="1963" WIDTH="139" HEIGHT="39" WC="0.93" CONTENT="intagen"/><SP WIDTH="22" VPOS="1963" HPOS="608"/>
							<String ID="string_96" HPOS="630" VPOS="1964" WIDTH="19" HEIGHT="29" WC="0.91" CONTENT="å"/><SP WIDTH="22" VPOS="1964" HPOS="649"/>
							<String ID="string_97" HPOS="671" VPOS="1966" WIDTH="184" HEIGHT="30" WC="0.96" CONTENT="anstalten."/>
						</TextLine>
					</TextBlock>
				</ComposedBlock>
				<ComposedBlock ID="cblock_5" HPOS="999" VPOS="372" WIDTH="725" HEIGHT="1772">
					<TextBlock ID="block_5" HPOS="1007" VPOS="372" WIDTH="717" HEIGHT="306">
						<TextLine ID="line_20" HPOS="1055" VPOS="372" WIDTH="668" HEIGHT="41">
							<String ID="string_98" HPOS="1055" VPOS="372" WIDTH="18" HEIGHT="28" WC="0.85" CONTENT="3"/><SP WIDTH="31" VPOS="372" HPOS="1073"/>
							<String ID="string_99" HPOS="1104" VPOS="381" WIDTH="126" HEIGHT="20" WC="0.93" CONTENT="mom."/><SP WIDTH="31" VPOS="381" HPOS="1230"/>
							<String ID="string_100" HPOS="1261" VPOS="373" WIDTH="74" HEIGHT="28" WC="0.96" CONTENT="Den"/><SP WIDTH="22" VPOS="373" HPOS="1335"/>
							<String ID="string_101" HPOS="1357" VPOS="382" WIDTH="73" HEIGHT="20" WC="0.95" CONTENT="som"/><SP WIDTH="25" VPOS="382" HPOS="1430"/>
							<String ID="string_102" HPOS="1455" VPOS="373" WIDTH="126" HEIGHT="30" WC="0.95" CONTENT="beretts"/><SP WIDTH="19" VPOS="373" HPOS="1581"/>
							<String ID="string_103" HPOS="1600" VPOS="374" WIDTH="92" HEIGHT="39" WC="0.96" CONTENT="plats"/><SP WIDTH="21" VPOS="374" HPOS="1692"/>
							<String ID="string_104" HPOS="1713" VPOS="375" WIDTH="10" HEIGHT="28" WC="0.96" CONTENT="i"/>
						</TextLine>
						<TextLine ID="line_21" HPOS="1010" VPOS="415" WIDTH="712" HEIGHT="42">
							<String ID="string_105" HPOS="1010" VPOS="415" WIDTH="278" HEIGHT="30" WC="0.96" CONTENT="ålderdomshem"/><SP WIDTH="35" VPOS="415" HPOS="1288"/>
							<String ID="string_106" HPOS="1323" VPOS="417" WIDTH="11" HEIGHT="28" WC="0.94" CONTENT="i"/><SP WIDTH="30" VPOS="417" HPOS="1334"/>
							<String ID="string_107" HPOS="1364" VPOS="426" WIDTH="117" HEIGHT="21" WC="0.95" CONTENT="annan"/><SP WIDTH="34" VPOS="426" HPOS="1481"/>
							<String ID="string_108" HPOS="1515" VPOS="418" WIDTH="207" HEIGHT="39" WC="0.95" CONTENT="församling"/>
						</TextLine>
						<TextLine ID="line_22" HPOS="1010" VPOS="459" WIDTH="714" HEIGHT="41">
							<String ID="string_109" HPOS="1010" VPOS="460" WIDTH="44" HEIGHT="29" WC="0.96" CONTENT="än"/><SP WIDTH="23" VPOS="460" HPOS="1054"/>
							<String ID="string_110" HPOS="1077" VPOS="459" WIDTH="77" HEIGHT="37" WC="0.96" CONTENT="den,"/><SP WIDTH="23" VPOS="459" HPOS="1154"/>
							<String ID="string_111" HPOS="1177" VPOS="460" WIDTH="63" HEIGHT="29" WC="0.96" CONTENT="där"/><SP WIDTH="21" VPOS="460" HPOS="1240"/>
							<String ID="string_112" HPOS="1261" VPOS="460" WIDTH="69" HEIGHT="30" WC="0.96" CONTENT="han"/><SP WIDTH="23" VPOS="460" HPOS="1330"/>
							<String ID="string_113" HPOS="1353" VPOS="461" WIDTH="183" HEIGHT="39" WC="0.96" CONTENT="rätteligen"/><SP WIDTH="23" VPOS="461" HPOS="1536"/>
							<String ID="string_114" HPOS="1559" VPOS="471" WIDTH="60" HEIGHT="21" WC="0.96" CONTENT="var"/><SP WIDTH="22" VPOS="471" HPOS="1619"/>
							<String ID="string_115" HPOS="1641" VPOS="463" WIDTH="83" HEIGHT="29" WC="0.96" CONTENT="eller"/>
						</TextLine>
						<TextLine ID="line_23" HPOS="1012" VPOS="504" WIDTH="709" HEIGHT="41">
							<String ID="string_116" HPOS="1012" VPOS="504" WIDTH="75" HEIGHT="29" WC="0.96" CONTENT="bort"/><SP WIDTH="15" VPOS="504" HPOS="1087"/>
							<String ID="string_117" HPOS="1102" VPOS="513" WIDTH="80" HEIGHT="21" WC="0.93" CONTENT="vara"/><SP WIDTH="16" VPOS="513" HPOS="1182"/>
							<String ID="string_118" HPOS="1198" VPOS="505" WIDTH="264" HEIGHT="40" WC="0.91" CONTENT="kyrkobokförd"/><SP WIDTH="14" VPOS="505" HPOS="1462"/>
							<String ID="string_119" HPOS="1476" VPOS="507" WIDTH="65" HEIGHT="29" WC="0.96" CONTENT="när"/><SP WIDTH="14" VPOS="507" HPOS="1541"/>
							<String ID="string_120" HPOS="1555" VPOS="507" WIDTH="70" HEIGHT="29" WC="0.96" CONTENT="han"/><SP WIDTH="15" VPOS="507" HPOS="1625"/>
							<String ID="string_121" HPOS="1640" VPOS="507" WIDTH="81" HEIGHT="29" WC="0.96" CONTENT="kom"/>
						</TextLine>
						<TextLine ID="line_24" HPOS="1009" VPOS="548" WIDTH="715" HEIGHT="42">
							<String ID="string_122" HPOS="1009" VPOS="548" WIDTH="11" HEIGHT="29" WC="0.93" CONTENT="i"/><SP WIDTH="22" VPOS="548" HPOS="1020"/>
							<String ID="string_123" HPOS="1042" VPOS="548" WIDTH="208" HEIGHT="39" WC="0.96" CONTENT="åtnjutande"/><SP WIDTH="24" VPOS="548" HPOS="1250"/>
							<String ID="string_124" HPOS="1274" VPOS="558" WIDTH="43" HEIGHT="21" WC="0.95" CONTENT="av"/><SP WIDTH="12" VPOS="558" HPOS="1317"/>
							<String ID="string_125" HPOS="1329" VPOS="550" WIDTH="84" HEIGHT="30" WC="0.96" CONTENT="vård"/><SP WIDTH="11" VPOS="550" HPOS="1413"/>
							<String ID="string_126" HPOS="1424" VPOS="550" WIDTH="82" HEIGHT="30" WC="0.95" CONTENT="eller"/><SP WIDTH="13" VPOS="550" HPOS="1506"/>
							<String ID="string_127" HPOS="1519" VPOS="551" WIDTH="117" HEIGHT="39" WC="0.95" CONTENT="tillsyn"/><SP WIDTH="13" VPOS="551" HPOS="1636"/>
							<String ID="string_128" HPOS="1649" VPOS="551" WIDTH="11" HEIGHT="29" WC="0.93" CONTENT="i"/><SP WIDTH="9" VPOS="551" HPOS="1660"/>
							<String ID="string_129" HPOS="1669" VPOS="551" WIDTH="55" HEIGHT="30" WC="0.92" CONTENT="så-"/>
						</TextLine>
						<TextLine ID="line_25" HPOS="1007" VPOS="592" WIDTH="714" HEIGHT="42">
							<String ID="string_130" HPOS="1007" VPOS="592" WIDTH="85" HEIGHT="31" WC="0.96" CONTENT="dant"/><SP WIDTH="19" VPOS="592" HPOS="1092"/>
							<String ID="string_131" HPOS="1111" VPOS="593" WIDTH="90" HEIGHT="37" WC="0.96" CONTENT="hem,"/><SP WIDTH="21" VPOS="593" HPOS="1201"/>
							<String ID="string_132" HPOS="1222" VPOS="594" WIDTH="81" HEIGHT="39" WC="0.96" CONTENT="äger"/><SP WIDTH="21" VPOS="594" HPOS="1303"/>
							<String ID="string_133" HPOS="1324" VPOS="603" WIDTH="80" HEIGHT="21" WC="0.93" CONTENT="vara"/><SP WIDTH="21" VPOS="603" HPOS="1404"/>
							<String ID="string_134" HPOS="1425" VPOS="595" WIDTH="264" HEIGHT="39" WC="0.91" CONTENT="kyrkobokförd"/><SP WIDTH="21" VPOS="595" HPOS="1689"/>
							<String ID="string_135" HPOS="1710" VPOS="596" WIDTH="11" HEIGHT="29" WC="0.96" CONTENT="i"/>
						</TextLine>
						<TextLine ID="line_26" HPOS="1009" VPOS="636" WIDTH="456" HEIGHT="42">
							<String ID="string_136" HPOS="1009" VPOS="636" WIDTH="219" HEIGHT="31" WC="0.96" CONTENT="sistnämnda"/><SP WIDTH="19" VPOS="636" HPOS="1228"/>
							<String ID="string_137" HPOS="1247" VPOS="638" WIDTH="218" HEIGHT="40" WC="0.96" CONTENT="församling."/>
						</TextLine>
					</TextBlock>
					<TextBlock ID="block_6" HPOS="1005" VPOS="681" WIDTH="717" HEIGHT="620">
						<TextLine ID="line_27" HPOS="1055" VPOS="681" WIDTH="667" HEIGHT="42">
							<String ID="string_138" HPOS="1055" VPOS="681" WIDTH="63" HEIGHT="29" WC="0.96" CONTENT="Om"/><SP WIDTH="30" VPOS="681" HPOS="1118"/>
							<String ID="string_139" HPOS="1148" VPOS="682" WIDTH="174" HEIGHT="30" WC="0.95" CONTENT="särskilda"/><SP WIDTH="29" VPOS="682" HPOS="1322"/>
							<String ID="string_140" HPOS="1351" VPOS="683" WIDTH="78" HEIGHT="29" WC="0.96" CONTENT="skäl"/><SP WIDTH="28" VPOS="683" HPOS="1429"/>
							<String ID="string_141" HPOS="1457" VPOS="683" WIDTH="178" HEIGHT="40" WC="0.96" CONTENT="föreligga,"/><SP WIDTH="29" VPOS="683" HPOS="1635"/>
							<String ID="string_142" HPOS="1664" VPOS="684" WIDTH="58" HEIGHT="30" WC="0.96" CONTENT="må"/>
						</TextLine>
						<TextLine ID="line_28" HPOS="1007" VPOS="725" WIDTH="711" HEIGHT="41">
							<String ID="string_143" HPOS="1007" VPOS="725" WIDTH="66" HEIGHT="29" WC="0.95" CONTENT="den"/><SP WIDTH="26" VPOS="725" HPOS="1073"/>
							<String ID="string_144" HPOS="1099" VPOS="735" WIDTH="73" HEIGHT="20" WC="0.96" CONTENT="som"/><SP WIDTH="29" VPOS="735" HPOS="1172"/>
							<String ID="string_145" HPOS="1201" VPOS="726" WIDTH="126" HEIGHT="30" WC="0.96" CONTENT="beretts"/><SP WIDTH="25" VPOS="726" HPOS="1327"/>
							<String ID="string_146" HPOS="1352" VPOS="728" WIDTH="91" HEIGHT="38" WC="0.95" CONTENT="plats"/><SP WIDTH="27" VPOS="728" HPOS="1443"/>
							<String ID="string_147" HPOS="1470" VPOS="728" WIDTH="10" HEIGHT="29" WC="0.93" CONTENT="i"/><SP WIDTH="25" VPOS="728" HPOS="1480"/>
							<String ID="string_148" HPOS="1505" VPOS="728" WIDTH="213" HEIGHT="30" WC="0.92" CONTENT="ålderdoms-"/>
						</TextLine>
						<TextLine ID="line_29" HPOS="1008" VPOS="769" WIDTH="714" HEIGHT="43">
							<String ID="string_149" HPOS="1008" VPOS="769" WIDTH="79" HEIGHT="30" WC="0.96" CONTENT="hem"/><SP WIDTH="20" VPOS="769" HPOS="1087"/>
							<String ID="string_150" HPOS="1107" VPOS="770" WIDTH="64" HEIGHT="29" WC="0.96" CONTENT="och"/><SP WIDTH="21" VPOS="770" HPOS="1171"/>
							<String ID="string_151" HPOS="1192" VPOS="771" WIDTH="39" HEIGHT="29" WC="0.93" CONTENT="är"/><SP WIDTH="19" VPOS="771" HPOS="1231"/>
							<String ID="string_152" HPOS="1250" VPOS="771" WIDTH="265" HEIGHT="40" WC="0.91" CONTENT="kyrkobokförd"/><SP WIDTH="20" VPOS="771" HPOS="1515"/>
							<String ID="string_153" HPOS="1535" VPOS="772" WIDTH="12" HEIGHT="30" WC="0.96" CONTENT="i"/><SP WIDTH="19" VPOS="772" HPOS="1547"/>
							<String ID="string_154" HPOS="1566" VPOS="772" WIDTH="65" HEIGHT="30" WC="0.93" CONTENT="den"/><SP WIDTH="20" VPOS="772" HPOS="1631"/>
							<String ID="string_155" HPOS="1651" VPOS="773" WIDTH="71" HEIGHT="39" WC="0.93" CONTENT="för-"/>
						</TextLine>
						<TextLine ID="line_30" HPOS="1008" VPOS="814" WIDTH="714" HEIGHT="40">
							<String ID="string_156" HPOS="1008" VPOS="814" WIDTH="150" HEIGHT="40" WC="0.95" CONTENT="samling"/><SP WIDTH="38" VPOS="814" HPOS="1158"/>
							<String ID="string_157" HPOS="1196" VPOS="815" WIDTH="63" HEIGHT="29" WC="0.91" CONTENT="där"/><SP WIDTH="40" VPOS="815" HPOS="1259"/>
							<String ID="string_158" HPOS="1299" VPOS="815" WIDTH="354" HEIGHT="31" WC="0.88" CONTENT="ålderdomshemmet"/><SP WIDTH="29" VPOS="815" HPOS="1653"/>
							<String ID="string_159" HPOS="1682" VPOS="818" WIDTH="40" HEIGHT="29" WC="0.96" CONTENT="är"/>
						</TextLine>
						<TextLine ID="line_31" HPOS="1009" VPOS="858" WIDTH="713" HEIGHT="40">
							<String ID="string_160" HPOS="1009" VPOS="858" WIDTH="141" HEIGHT="40" WC="0.96" CONTENT="beläget,"/><SP WIDTH="27" VPOS="858" HPOS="1150"/>
							<String ID="string_161" HPOS="1177" VPOS="861" WIDTH="83" HEIGHT="28" WC="0.96" CONTENT="utan"/><SP WIDTH="25" VPOS="861" HPOS="1260"/>
							<String ID="string_162" HPOS="1285" VPOS="860" WIDTH="125" HEIGHT="30" WC="0.96" CONTENT="hinder"/><SP WIDTH="23" VPOS="860" HPOS="1410"/>
							<String ID="string_163" HPOS="1433" VPOS="870" WIDTH="43" HEIGHT="21" WC="0.93" CONTENT="av"/><SP WIDTH="27" VPOS="870" HPOS="1476"/>
							<String ID="string_164" HPOS="1503" VPOS="861" WIDTH="219" HEIGHT="31" WC="0.91" CONTENT="bestämmel-"/>
						</TextLine>
						<TextLine ID="line_32" HPOS="1008" VPOS="903" WIDTH="711" HEIGHT="42">
							<String ID="string_165" HPOS="1008" VPOS="912" WIDTH="102" HEIGHT="21" WC="0.96" CONTENT="serna"/><SP WIDTH="24" VPOS="912" HPOS="1110"/>
							<String ID="string_166" HPOS="1134" VPOS="903" WIDTH="11" HEIGHT="30" WC="0.91" CONTENT="i"/><SP WIDTH="24" VPOS="903" HPOS="1145"/>
							<String ID="string_167" HPOS="1169" VPOS="904" WIDTH="40" HEIGHT="29" WC="0.90" CONTENT="13"/><SP WIDTH="21" VPOS="904" HPOS="1209"/>
							<String ID="string_168" HPOS="1230" VPOS="904" WIDTH="22" HEIGHT="37" WC="0.90" CONTENT="$"/><SP WIDTH="24" VPOS="904" HPOS="1252"/>
							<String ID="string_169" HPOS="1276" VPOS="905" WIDTH="15" HEIGHT="29" WC="0.95" CONTENT="1"/><SP WIDTH="26" VPOS="905" HPOS="1291"/>
							<String ID="string_170" HPOS="1317" VPOS="914" WIDTH="105" HEIGHT="20" WC="0.95" CONTENT="mom."/><SP WIDTH="28" VPOS="914" HPOS="1422"/>
							<String ID="string_171" HPOS="1450" VPOS="905" WIDTH="110" HEIGHT="40" WC="0.95" CONTENT="tredje"/><SP WIDTH="25" VPOS="905" HPOS="1560"/>
							<String ID="string_172" HPOS="1585" VPOS="906" WIDTH="134" HEIGHT="39" WC="0.96" CONTENT="stycket"/>
						</TextLine>
						<TextLine ID="line_33" HPOS="1009" VPOS="947" WIDTH="712" HEIGHT="43">
							<String ID="string_173" HPOS="1009" VPOS="947" WIDTH="163" HEIGHT="40" WC="0.96" CONTENT="bokföras"/><SP WIDTH="27" VPOS="947" HPOS="1172"/>
							<String ID="string_174" HPOS="1199" VPOS="948" WIDTH="44" HEIGHT="39" WC="0.96" CONTENT="på"/><SP WIDTH="28" VPOS="948" HPOS="1243"/>
							<String ID="string_175" HPOS="1271" VPOS="957" WIDTH="117" HEIGHT="22" WC="0.95" CONTENT="annan"/><SP WIDTH="28" VPOS="957" HPOS="1388"/>
							<String ID="string_176" HPOS="1416" VPOS="949" WIDTH="168" HEIGHT="41" WC="0.95" CONTENT="fastighet"/><SP WIDTH="29" VPOS="949" HPOS="1584"/>
							<String ID="string_177" HPOS="1613" VPOS="951" WIDTH="11" HEIGHT="29" WC="0.93" CONTENT="i"/><SP WIDTH="25" VPOS="951" HPOS="1624"/>
							<String ID="string_178" HPOS="1649" VPOS="951" WIDTH="72" HEIGHT="39" WC="0.92" CONTENT="för-"/>
						</TextLine>
						<TextLine ID="line_34" HPOS="1007" VPOS="991" WIDTH="713" HEIGHT="43">
							<String ID="string_179" HPOS="1007" VPOS="991" WIDTH="204" HEIGHT="40" WC="0.96" CONTENT="samlingen."/><SP WIDTH="20" VPOS="991" HPOS="1211"/>
							<String ID="string_180" HPOS="1231" VPOS="993" WIDTH="46" HEIGHT="29" WC="0.96" CONTENT="Är"/><SP WIDTH="20" VPOS="993" HPOS="1277"/>
							<String ID="string_181" HPOS="1297" VPOS="993" WIDTH="65" HEIGHT="30" WC="0.96" CONTENT="den"/><SP WIDTH="21" VPOS="993" HPOS="1362"/>
							<String ID="string_182" HPOS="1383" VPOS="1003" WIDTH="74" HEIGHT="20" WC="0.96" CONTENT="som"/><SP WIDTH="24" VPOS="1003" HPOS="1457"/>
							<String ID="string_183" HPOS="1481" VPOS="994" WIDTH="126" HEIGHT="30" WC="0.96" CONTENT="beretts"/><SP WIDTH="21" VPOS="994" HPOS="1607"/>
							<String ID="string_184" HPOS="1628" VPOS="995" WIDTH="92" HEIGHT="39" WC="0.96" CONTENT="plats"/>
						</TextLine>
						<TextLine ID="line_35" HPOS="1006" VPOS="1036" WIDTH="714" HEIGHT="43">
							<String ID="string_185" HPOS="1006" VPOS="1036" WIDTH="11" HEIGHT="29" WC="0.96" CONTENT="i"/><SP WIDTH="20" VPOS="1036" HPOS="1017"/>
							<String ID="string_186" HPOS="1037" VPOS="1036" WIDTH="278" HEIGHT="31" WC="0.92" CONTENT="ålderdomshem"/><SP WIDTH="23" VPOS="1036" HPOS="1315"/>
							<String ID="string_187" HPOS="1338" VPOS="1038" WIDTH="266" HEIGHT="41" WC="0.91" CONTENT="kyrkobokförd"/><SP WIDTH="22" VPOS="1038" HPOS="1604"/>
							<String ID="string_188" HPOS="1626" VPOS="1040" WIDTH="12" HEIGHT="29" WC="0.93" CONTENT="i"/><SP WIDTH="21" VPOS="1040" HPOS="1638"/>
							<String ID="string_189" HPOS="1659" VPOS="1049" WIDTH="61" HEIGHT="20" WC="0.92" CONTENT="an-"/>
						</TextLine>
						<TextLine ID="line_36" HPOS="1006" VPOS="1081" WIDTH="714" HEIGHT="42">
							<String ID="string_190" HPOS="1006" VPOS="1089" WIDTH="70" HEIGHT="21" WC="0.96" CONTENT="nan"/><SP WIDTH="16" VPOS="1089" HPOS="1076"/>
							<String ID="string_191" HPOS="1092" VPOS="1081" WIDTH="218" HEIGHT="40" WC="0.95" CONTENT="församling,"/><SP WIDTH="18" VPOS="1081" HPOS="1310"/>
							<String ID="string_192" HPOS="1328" VPOS="1082" WIDTH="58" HEIGHT="30" WC="0.96" CONTENT="må"/><SP WIDTH="16" VPOS="1082" HPOS="1386"/>
							<String ID="string_193" HPOS="1402" VPOS="1083" WIDTH="70" HEIGHT="29" WC="0.96" CONTENT="han"/><SP WIDTH="20" VPOS="1083" HPOS="1472"/>
							<String ID="string_194" HPOS="1492" VPOS="1083" WIDTH="164" HEIGHT="40" WC="0.95" CONTENT="bokföras"/><SP WIDTH="18" VPOS="1083" HPOS="1656"/>
							<String ID="string_195" HPOS="1674" VPOS="1084" WIDTH="46" HEIGHT="39" WC="0.96" CONTENT="på"/>
						</TextLine>
						<TextLine ID="line_37" HPOS="1007" VPOS="1125" WIDTH="713" HEIGHT="42">
							<String ID="string_196" HPOS="1007" VPOS="1125" WIDTH="65" HEIGHT="29" WC="0.96" CONTENT="den"/><SP WIDTH="19" VPOS="1125" HPOS="1072"/>
							<String ID="string_197" HPOS="1091" VPOS="1125" WIDTH="167" HEIGHT="40" WC="0.96" CONTENT="fastighet"/><SP WIDTH="19" VPOS="1125" HPOS="1258"/>
							<String ID="string_198" HPOS="1277" VPOS="1127" WIDTH="62" HEIGHT="29" WC="0.96" CONTENT="där"/><SP WIDTH="18" VPOS="1127" HPOS="1339"/>
							<String ID="string_199" HPOS="1357" VPOS="1127" WIDTH="70" HEIGHT="30" WC="0.96" CONTENT="han"/><SP WIDTH="18" VPOS="1127" HPOS="1427"/>
							<String ID="string_200" HPOS="1445" VPOS="1128" WIDTH="97" HEIGHT="39" WC="0.96" CONTENT="förut"/><SP WIDTH="18" VPOS="1128" HPOS="1542"/>
							<String ID="string_201" HPOS="1560" VPOS="1137" WIDTH="59" HEIGHT="21" WC="0.92" CONTENT="var"/><SP WIDTH="19" VPOS="1137" HPOS="1619"/>
							<String ID="string_202" HPOS="1638" VPOS="1128" WIDTH="82" HEIGHT="30" WC="0.92" CONTENT="bok-"/>
						</TextLine>
						<TextLine ID="line_38" HPOS="1007" VPOS="1169" WIDTH="713" HEIGHT="42">
							<String ID="string_203" HPOS="1007" VPOS="1169" WIDTH="81" HEIGHT="39" WC="0.96" CONTENT="förd"/><SP WIDTH="27" VPOS="1169" HPOS="1088"/>
							<String ID="string_204" HPOS="1115" VPOS="1170" WIDTH="83" HEIGHT="30" WC="0.95" CONTENT="eller"/><SP WIDTH="31" VPOS="1170" HPOS="1198"/>
							<String ID="string_205" HPOS="1229" VPOS="1171" WIDTH="109" HEIGHT="30" WC="0.96" CONTENT="under"/><SP WIDTH="29" VPOS="1171" HPOS="1338"/>
							<String ID="string_206" HPOS="1367" VPOS="1172" WIDTH="124" HEIGHT="29" WC="0.93" CONTENT="rubrik"/><SP WIDTH="30" VPOS="1172" HPOS="1491"/>
							<String ID="string_207" HPOS="1521" VPOS="1173" WIDTH="19" HEIGHT="29" WC="0.92" CONTENT="å"/><SP WIDTH="31" VPOS="1173" HPOS="1540"/>
							<String ID="string_208" HPOS="1571" VPOS="1173" WIDTH="149" HEIGHT="38" WC="0.92" CONTENT="försam-"/>
						</TextLine>
						<TextLine ID="line_39" HPOS="1010" VPOS="1213" WIDTH="707" HEIGHT="39">
							<String ID="string_209" HPOS="1010" VPOS="1213" WIDTH="114" HEIGHT="39" WC="0.96" CONTENT="lingen"/><SP WIDTH="32" VPOS="1213" HPOS="1124"/>
							<String ID="string_210" HPOS="1156" VPOS="1214" WIDTH="143" HEIGHT="31" WC="0.96" CONTENT="skrivna"/><SP WIDTH="33" VPOS="1214" HPOS="1299"/>
							<String ID="string_211" HPOS="1332" VPOS="1216" WIDTH="92" HEIGHT="36" WC="0.96" CONTENT="eller,"/><SP WIDTH="32" VPOS="1216" HPOS="1424"/>
							<String ID="string_212" HPOS="1456" VPOS="1226" WIDTH="56" HEIGHT="20" WC="0.95" CONTENT="om"/><SP WIDTH="33" VPOS="1226" HPOS="1512"/>
							<String ID="string_213" HPOS="1545" VPOS="1217" WIDTH="172" HEIGHT="30" WC="0.95" CONTENT="särskilda"/>
						</TextLine>
						<TextLine ID="line_40" HPOS="1005" VPOS="1258" WIDTH="690" HEIGHT="43">
							<String ID="string_214" HPOS="1005" VPOS="1258" WIDTH="78" HEIGHT="29" WC="0.96" CONTENT="skäl"/><SP WIDTH="22" VPOS="1258" HPOS="1083"/>
							<String ID="string_215" HPOS="1105" VPOS="1259" WIDTH="177" HEIGHT="39" WC="0.96" CONTENT="föreligga,"/><SP WIDTH="24" VPOS="1259" HPOS="1282"/>
							<String ID="string_216" HPOS="1306" VPOS="1260" WIDTH="44" HEIGHT="39" WC="0.96" CONTENT="på"/><SP WIDTH="25" VPOS="1260" HPOS="1350"/>
							<String ID="string_217" HPOS="1375" VPOS="1269" WIDTH="118" HEIGHT="21" WC="0.96" CONTENT="annan"/><SP WIDTH="26" VPOS="1269" HPOS="1493"/>
							<String ID="string_218" HPOS="1519" VPOS="1261" WIDTH="176" HEIGHT="40" WC="0.95" CONTENT="fastighet."/>
						</TextLine>
					</TextBlock>
					<TextBlock ID="block_7" HPOS="999" VPOS="1303" WIDTH="718" HEIGHT="841">
						<TextLine ID="line_41" HPOS="1049" VPOS="1303" WIDTH="666" HEIGHT="43">
							<String ID="string_219" HPOS="1049" VPOS="1303" WIDTH="19" HEIGHT="29" WC="0.96" CONTENT="6"/><SP WIDTH="39" VPOS="1303" HPOS="1068"/>
							<String ID="string_220" HPOS="1107" VPOS="1312" WIDTH="126" HEIGHT="21" WC="0.93" CONTENT="mom."/><SP WIDTH="41" VPOS="1312" HPOS="1233"/>
							<String ID="string_221" HPOS="1274" VPOS="1304" WIDTH="134" HEIGHT="40" WC="0.90" CONTENT="Intages"/><SP WIDTH="28" VPOS="1304" HPOS="1408"/>
							<String ID="string_222" HPOS="1436" VPOS="1305" WIDTH="114" HEIGHT="39" WC="0.96" CONTENT="någon"/><SP WIDTH="30" VPOS="1305" HPOS="1550"/>
							<String ID="string_223" HPOS="1580" VPOS="1306" WIDTH="12" HEIGHT="29" WC="0.92" CONTENT="i"/><SP WIDTH="27" VPOS="1306" HPOS="1592"/>
							<String ID="string_224" HPOS="1619" VPOS="1307" WIDTH="96" HEIGHT="39" WC="0.92" CONTENT="sjuk-"/>
						</TextLine>
						<TextLine ID="line_42" HPOS="1005" VPOS="1347" WIDTH="712" HEIGHT="42">
							<String ID="string_225" HPOS="1005" VPOS="1347" WIDTH="297" HEIGHT="41" WC="0.91" CONTENT="vårdsinrättning"/><SP WIDTH="43" VPOS="1347" HPOS="1302"/>
							<String ID="string_226" HPOS="1345" VPOS="1349" WIDTH="82" HEIGHT="30" WC="0.95" CONTENT="eller"/><SP WIDTH="46" VPOS="1349" HPOS="1427"/>
							<String ID="string_227" HPOS="1473" VPOS="1350" WIDTH="12" HEIGHT="28" WC="0.93" CONTENT="i"/><SP WIDTH="45" VPOS="1350" HPOS="1485"/>
							<String ID="string_228" HPOS="1530" VPOS="1350" WIDTH="187" HEIGHT="39" WC="0.89" CONTENT="ungdoms-"/>
						</TextLine>
						<TextLine ID="line_43" HPOS="1004" VPOS="1391" WIDTH="711" HEIGHT="41">
							<String ID="string_229" HPOS="1004" VPOS="1391" WIDTH="213" HEIGHT="37" WC="0.92" CONTENT="vårdsskola,"/><SP WIDTH="27" VPOS="1391" HPOS="1217"/>
							<String ID="string_230" HPOS="1244" VPOS="1392" WIDTH="205" HEIGHT="40" WC="0.91" CONTENT="fångvårds-"/><SP WIDTH="26" VPOS="1392" HPOS="1449"/>
							<String ID="string_231" HPOS="1475" VPOS="1395" WIDTH="84" HEIGHT="29" WC="0.93" CONTENT="eller"/><SP WIDTH="26" VPOS="1395" HPOS="1559"/>
							<String ID="string_232" HPOS="1585" VPOS="1394" WIDTH="130" HEIGHT="30" WC="0.92" CONTENT="arbets-"/>
						</TextLine>
						<TextLine ID="line_44" HPOS="1001" VPOS="1436" WIDTH="712" HEIGHT="42">
							<String ID="string_233" HPOS="1001" VPOS="1436" WIDTH="139" HEIGHT="35" WC="0.95" CONTENT="anstalt,"/><SP WIDTH="27" VPOS="1436" HPOS="1140"/>
							<String ID="string_234" HPOS="1167" VPOS="1436" WIDTH="136" HEIGHT="30" WC="0.96" CONTENT="medför"/><SP WIDTH="25" VPOS="1436" HPOS="1303"/>
							<String ID="string_235" HPOS="1328" VPOS="1437" WIDTH="94" HEIGHT="30" WC="0.96" CONTENT="detta"/><SP WIDTH="26" VPOS="1437" HPOS="1422"/>
							<String ID="string_236" HPOS="1448" VPOS="1438" WIDTH="30" HEIGHT="39" WC="0.96" CONTENT="ej"/><SP WIDTH="30" VPOS="1438" HPOS="1478"/>
							<String ID="string_237" HPOS="1508" VPOS="1438" WIDTH="205" HEIGHT="40" WC="0.96" CONTENT="förändring"/>
						</TextLine>
						<TextLine ID="line_45" HPOS="1004" VPOS="1479" WIDTH="713" HEIGHT="43">
							<String ID="string_238" HPOS="1004" VPOS="1479" WIDTH="80" HEIGHT="29" WC="0.95" CONTENT="med"/><SP WIDTH="38" VPOS="1479" HPOS="1084"/>
							<String ID="string_239" HPOS="1122" VPOS="1480" WIDTH="169" HEIGHT="30" WC="0.95" CONTENT="avseende"/><SP WIDTH="37" VPOS="1480" HPOS="1291"/>
							<String ID="string_240" HPOS="1328" VPOS="1481" WIDTH="45" HEIGHT="39" WC="0.96" CONTENT="på"/><SP WIDTH="29" VPOS="1481" HPOS="1373"/>
							<String ID="string_241" HPOS="1402" VPOS="1482" WIDTH="89" HEIGHT="29" WC="0.93" CONTENT="hans"/><SP WIDTH="29" VPOS="1482" HPOS="1491"/>
							<String ID="string_242" HPOS="1520" VPOS="1483" WIDTH="197" HEIGHT="39" WC="0.92" CONTENT="kyrkobok-"/>
						</TextLine>
						<TextLine ID="line_46" HPOS="1005" VPOS="1523" WIDTH="712" HEIGHT="40">
							<String ID="string_243" HPOS="1005" VPOS="1523" WIDTH="124" HEIGHT="40" WC="0.92" CONTENT="föring,"/><SP WIDTH="28" VPOS="1523" HPOS="1129"/>
							<String ID="string_244" HPOS="1157" VPOS="1524" WIDTH="119" HEIGHT="30" WC="0.96" CONTENT="såvida"/><SP WIDTH="27" VPOS="1524" HPOS="1276"/>
							<String ID="string_245" HPOS="1303" VPOS="1525" WIDTH="75" HEIGHT="30" WC="0.96" CONTENT="icke"/><SP WIDTH="27" VPOS="1525" HPOS="1378"/>
							<String ID="string_246" HPOS="1405" VPOS="1527" WIDTH="111" HEIGHT="29" WC="0.96" CONTENT="under"/><SP WIDTH="26" VPOS="1527" HPOS="1516"/>
							<String ID="string_247" HPOS="1542" VPOS="1527" WIDTH="95" HEIGHT="29" WC="0.93" CONTENT="tiden"/><SP WIDTH="27" VPOS="1527" HPOS="1637"/>
							<String ID="string_248" HPOS="1664" VPOS="1528" WIDTH="53" HEIGHT="29" WC="0.92" CONTENT="så-"/>
						</TextLine>
						<TextLine ID="line_47" HPOS="1003" VPOS="1568" WIDTH="712" HEIGHT="37">
							<String ID="string_249" HPOS="1003" VPOS="1568" WIDTH="90" HEIGHT="29" WC="0.96" CONTENT="dana"/><SP WIDTH="24" VPOS="1568" HPOS="1093"/>
							<String ID="string_250" HPOS="1117" VPOS="1568" WIDTH="245" HEIGHT="31" WC="0.96" CONTENT="förhållanden"/><SP WIDTH="25" VPOS="1568" HPOS="1362"/>
							<String ID="string_251" HPOS="1387" VPOS="1570" WIDTH="158" HEIGHT="35" WC="0.96" CONTENT="inträffa,"/><SP WIDTH="26" VPOS="1570" HPOS="1545"/>
							<String ID="string_252" HPOS="1571" VPOS="1573" WIDTH="50" HEIGHT="28" WC="0.96" CONTENT="att"/><SP WIDTH="25" VPOS="1573" HPOS="1621"/>
							<String ID="string_253" HPOS="1646" VPOS="1572" WIDTH="69" HEIGHT="30" WC="0.96" CONTENT="han"/>
						</TextLine>
						<TextLine ID="line_48" HPOS="1003" VPOS="1612" WIDTH="709" HEIGHT="44">
							<String ID="string_254" HPOS="1003" VPOS="1612" WIDTH="44" HEIGHT="39" WC="0.96" CONTENT="på"/><SP WIDTH="24" VPOS="1612" HPOS="1047"/>
							<String ID="string_255" HPOS="1071" VPOS="1613" WIDTH="113" HEIGHT="38" WC="0.96" CONTENT="grund"/><SP WIDTH="24" VPOS="1613" HPOS="1184"/>
							<String ID="string_256" HPOS="1208" VPOS="1613" WIDTH="106" HEIGHT="30" WC="0.96" CONTENT="därav"/><SP WIDTH="23" VPOS="1613" HPOS="1314"/>
							<String ID="string_257" HPOS="1337" VPOS="1614" WIDTH="87" HEIGHT="34" WC="0.96" CONTENT="bort,"/><SP WIDTH="25" VPOS="1614" HPOS="1424"/>
							<String ID="string_258" HPOS="1449" VPOS="1615" WIDTH="117" HEIGHT="30" WC="0.96" CONTENT="därest"/><SP WIDTH="23" VPOS="1615" HPOS="1566"/>
							<String ID="string_259" HPOS="1589" VPOS="1616" WIDTH="69" HEIGHT="30" WC="0.96" CONTENT="han"/><SP WIDTH="24" VPOS="1616" HPOS="1658"/>
							<String ID="string_260" HPOS="1682" VPOS="1617" WIDTH="30" HEIGHT="39" WC="0.96" CONTENT="ej"/>
						</TextLine>
						<TextLine ID="line_49" HPOS="1002" VPOS="1657" WIDTH="714" HEIGHT="41">
							<String ID="string_261" HPOS="1002" VPOS="1657" WIDTH="89" HEIGHT="29" WC="0.96" CONTENT="varit"/><SP WIDTH="18" VPOS="1657" HPOS="1091"/>
							<String ID="string_262" HPOS="1109" VPOS="1657" WIDTH="141" HEIGHT="39" WC="0.96" CONTENT="intagen"/><SP WIDTH="19" VPOS="1657" HPOS="1250"/>
							<String ID="string_263" HPOS="1269" VPOS="1658" WIDTH="11" HEIGHT="29" WC="0.91" CONTENT="i"/><SP WIDTH="16" VPOS="1658" HPOS="1280"/>
							<String ID="string_264" HPOS="1296" VPOS="1658" WIDTH="238" HEIGHT="40" WC="0.91" CONTENT="inrättningen"/><SP WIDTH="21" VPOS="1658" HPOS="1534"/>
							<String ID="string_265" HPOS="1555" VPOS="1661" WIDTH="81" HEIGHT="29" WC="0.93" CONTENT="eller"/><SP WIDTH="20" VPOS="1661" HPOS="1636"/>
							<String ID="string_266" HPOS="1656" VPOS="1671" WIDTH="60" HEIGHT="20" WC="0.92" CONTENT="an-"/>
						</TextLine>
						<TextLine ID="line_50" HPOS="1003" VPOS="1701" WIDTH="711" HEIGHT="42">
							<String ID="string_267" HPOS="1003" VPOS="1701" WIDTH="136" HEIGHT="34" WC="0.92" CONTENT="stalten,"/><SP WIDTH="28" VPOS="1701" HPOS="1139"/>
							<String ID="string_268" HPOS="1167" VPOS="1703" WIDTH="228" HEIGHT="30" WC="0.93" CONTENT="annorstädes"/><SP WIDTH="29" VPOS="1703" HPOS="1395"/>
							<String ID="string_269" HPOS="1424" VPOS="1704" WIDTH="290" HEIGHT="39" WC="0.92" CONTENT="kyrkobokföras."/>
						</TextLine>
						<TextLine ID="line_51" HPOS="1003" VPOS="1745" WIDTH="711" HEIGHT="44">
							<String ID="string_270" HPOS="1003" VPOS="1745" WIDTH="12" HEIGHT="29" WC="0.96" CONTENT="I"/><SP WIDTH="29" VPOS="1745" HPOS="1015"/>
							<String ID="string_271" HPOS="1044" VPOS="1745" WIDTH="97" HEIGHT="40" WC="0.96" CONTENT="fråga"/><SP WIDTH="28" VPOS="1745" HPOS="1141"/>
							<String ID="string_272" HPOS="1169" VPOS="1755" WIDTH="56" HEIGHT="21" WC="0.96" CONTENT="om"/><SP WIDTH="27" VPOS="1755" HPOS="1225"/>
							<String ID="string_273" HPOS="1252" VPOS="1747" WIDTH="301" HEIGHT="42" WC="0.96" CONTENT="kyrkobokföring"/><SP WIDTH="27" VPOS="1747" HPOS="1553"/>
							<String ID="string_274" HPOS="1580" VPOS="1759" WIDTH="41" HEIGHT="20" WC="0.96" CONTENT="av"/><SP WIDTH="27" VPOS="1759" HPOS="1621"/>
							<String ID="string_275" HPOS="1648" VPOS="1751" WIDTH="66" HEIGHT="29" WC="0.96" CONTENT="den"/>
						</TextLine>
						<TextLine ID="line_52" HPOS="1002" VPOS="1791" WIDTH="713" HEIGHT="40">
							<String ID="string_276" HPOS="1002" VPOS="1799" WIDTH="74" HEIGHT="20" WC="0.96" CONTENT="som"/><SP WIDTH="21" VPOS="1799" HPOS="1076"/>
							<String ID="string_277" HPOS="1097" VPOS="1791" WIDTH="190" HEIGHT="40" WC="0.96" CONTENT="villkorligt"/><SP WIDTH="22" VPOS="1791" HPOS="1287"/>
							<String ID="string_278" HPOS="1309" VPOS="1792" WIDTH="148" HEIGHT="39" WC="0.96" CONTENT="frigivits"/><SP WIDTH="24" VPOS="1792" HPOS="1457"/>
							<String ID="string_279" HPOS="1481" VPOS="1794" WIDTH="83" HEIGHT="29" WC="0.93" CONTENT="eller"/><SP WIDTH="23" VPOS="1794" HPOS="1564"/>
							<String ID="string_280" HPOS="1587" VPOS="1795" WIDTH="128" HEIGHT="29" WC="0.90" CONTENT="utskri-"/>
						</TextLine>
						<TextLine ID="line_53" HPOS="1003" VPOS="1835" WIDTH="711" HEIGHT="40">
							<String ID="string_281" HPOS="1003" VPOS="1835" WIDTH="67" HEIGHT="29" WC="0.96" CONTENT="vits"/><SP WIDTH="31" VPOS="1835" HPOS="1070"/>
							<String ID="string_282" HPOS="1101" VPOS="1835" WIDTH="79" HEIGHT="29" WC="0.92" CONTENT="från"/><SP WIDTH="32" VPOS="1835" HPOS="1180"/>
							<String ID="string_283" HPOS="1212" VPOS="1835" WIDTH="203" HEIGHT="40" WC="0.92" CONTENT="fångvårds-"/><SP WIDTH="43" VPOS="1835" HPOS="1415"/>
							<String ID="string_284" HPOS="1458" VPOS="1838" WIDTH="83" HEIGHT="29" WC="0.92" CONTENT="eller"/><SP WIDTH="43" VPOS="1838" HPOS="1541"/>
							<String ID="string_285" HPOS="1584" VPOS="1839" WIDTH="130" HEIGHT="29" WC="0.92" CONTENT="arbets-"/>
						</TextLine>
						<TextLine ID="line_54" HPOS="1002" VPOS="1880" WIDTH="712" HEIGHT="43">
							<String ID="string_286" HPOS="1002" VPOS="1880" WIDTH="128" HEIGHT="29" WC="0.96" CONTENT="anstalt"/><SP WIDTH="26" VPOS="1880" HPOS="1130"/>
							<String ID="string_287" HPOS="1156" VPOS="1880" WIDTH="82" HEIGHT="29" WC="0.96" CONTENT="eller"/><SP WIDTH="25" VPOS="1880" HPOS="1238"/>
							<String ID="string_288" HPOS="1263" VPOS="1890" WIDTH="74" HEIGHT="20" WC="0.95" CONTENT="som"/><SP WIDTH="28" VPOS="1890" HPOS="1337"/>
							<String ID="string_289" HPOS="1365" VPOS="1882" WIDTH="88" HEIGHT="38" WC="0.95" CONTENT="efter"/><SP WIDTH="25" VPOS="1882" HPOS="1453"/>
							<String ID="string_290" HPOS="1478" VPOS="1883" WIDTH="80" HEIGHT="29" WC="0.91" CONTENT="dom"/><SP WIDTH="26" VPOS="1883" HPOS="1558"/>
							<String ID="string_291" HPOS="1584" VPOS="1883" WIDTH="20" HEIGHT="29" WC="0.91" CONTENT="å"/><SP WIDTH="26" VPOS="1883" HPOS="1604"/>
							<String ID="string_292" HPOS="1630" VPOS="1892" WIDTH="84" HEIGHT="31" WC="0.91" CONTENT="ung-"/>
						</TextLine>
						<TextLine ID="line_55" HPOS="1001" VPOS="1923" WIDTH="713" HEIGHT="44">
							<String ID="string_293" HPOS="1001" VPOS="1923" WIDTH="256" HEIGHT="40" WC="0.92" CONTENT="domsfängelse"/><SP WIDTH="23" VPOS="1923" HPOS="1257"/>
							<String ID="string_294" HPOS="1280" VPOS="1925" WIDTH="81" HEIGHT="29" WC="0.93" CONTENT="eller"/><SP WIDTH="23" VPOS="1925" HPOS="1361"/>
							<String ID="string_295" HPOS="1384" VPOS="1926" WIDTH="214" HEIGHT="41" WC="0.92" CONTENT="internering"/><SP WIDTH="21" VPOS="1926" HPOS="1598"/>
							<String ID="string_296" HPOS="1619" VPOS="1928" WIDTH="95" HEIGHT="29" WC="0.92" CONTENT="över-"/>
						</TextLine>
						<TextLine ID="line_56" HPOS="1000" VPOS="1968" WIDTH="713" HEIGHT="39">
							<String ID="string_297" HPOS="1000" VPOS="1968" WIDTH="89" HEIGHT="39" WC="0.96" CONTENT="förts"/><SP WIDTH="18" VPOS="1968" HPOS="1089"/>
							<String ID="string_298" HPOS="1107" VPOS="1968" WIDTH="52" HEIGHT="30" WC="0.96" CONTENT="till"/><SP WIDTH="17" VPOS="1968" HPOS="1159"/>
							<String ID="string_299" HPOS="1176" VPOS="1969" WIDTH="85" HEIGHT="29" WC="0.96" CONTENT="vård"/><SP WIDTH="17" VPOS="1969" HPOS="1261"/>
							<String ID="string_300" HPOS="1278" VPOS="1971" WIDTH="94" HEIGHT="28" WC="0.96" CONTENT="utom"/><SP WIDTH="21" VPOS="1971" HPOS="1372"/>
							<String ID="string_301" HPOS="1393" VPOS="1972" WIDTH="131" HEIGHT="29" WC="0.96" CONTENT="anstalt"/><SP WIDTH="19" VPOS="1972" HPOS="1524"/>
							<String ID="string_302" HPOS="1543" VPOS="1972" WIDTH="88" HEIGHT="30" WC="0.92" CONTENT="skall"/><SP WIDTH="19" VPOS="1972" HPOS="1631"/>
							<String ID="string_303" HPOS="1650" VPOS="1982" WIDTH="63" HEIGHT="19" WC="0.92" CONTENT="un-"/>
						</TextLine>
						<TextLine ID="line_57" HPOS="1002" VPOS="2012" WIDTH="708" HEIGHT="40">
							<String ID="string_304" HPOS="1002" VPOS="2012" WIDTH="60" HEIGHT="30" WC="0.93" CONTENT="der"/><SP WIDTH="31" VPOS="2012" HPOS="1062"/>
							<String ID="string_305" HPOS="1093" VPOS="2014" WIDTH="205" HEIGHT="38" WC="0.92" CONTENT="prövotiden"/><SP WIDTH="30" VPOS="2014" HPOS="1298"/>
							<String ID="string_306" HPOS="1328" VPOS="2015" WIDTH="82" HEIGHT="29" WC="0.96" CONTENT="eller"/><SP WIDTH="32" VPOS="2015" HPOS="1410"/>
							<String ID="string_307" HPOS="1442" VPOS="2016" WIDTH="110" HEIGHT="29" WC="0.96" CONTENT="under"/><SP WIDTH="32" VPOS="2016" HPOS="1552"/>
							<String ID="string_308" HPOS="1584" VPOS="2017" WIDTH="126" HEIGHT="29" WC="0.96" CONTENT="vården"/>
						</TextLine>
						<TextLine ID="line_58" HPOS="1001" VPOS="2058" WIDTH="709" HEIGHT="34">
							<String ID="string_309" HPOS="1001" VPOS="2058" WIDTH="95" HEIGHT="28" WC="0.95" CONTENT="utom"/><SP WIDTH="25" VPOS="2058" HPOS="1096"/>
							<String ID="string_310" HPOS="1121" VPOS="2058" WIDTH="130" HEIGHT="29" WC="0.95" CONTENT="anstalt"/><SP WIDTH="25" VPOS="2058" HPOS="1251"/>
							<String ID="string_311" HPOS="1276" VPOS="2058" WIDTH="37" HEIGHT="30" WC="0.96" CONTENT="så"/><SP WIDTH="23" VPOS="2058" HPOS="1313"/>
							<String ID="string_312" HPOS="1336" VPOS="2068" WIDTH="102" HEIGHT="21" WC="0.96" CONTENT="anses"/><SP WIDTH="25" VPOS="2068" HPOS="1438"/>
							<String ID="string_313" HPOS="1463" VPOS="2069" WIDTH="75" HEIGHT="21" WC="0.96" CONTENT="som"/><SP WIDTH="25" VPOS="2069" HPOS="1538"/>
							<String ID="string_314" HPOS="1563" VPOS="2070" WIDTH="54" HEIGHT="20" WC="0.96" CONTENT="om"/><SP WIDTH="25" VPOS="2070" HPOS="1617"/>
							<String ID="string_315" HPOS="1642" VPOS="2062" WIDTH="68" HEIGHT="30" WC="0.96" CONTENT="han"/>
						</TextLine>
						<TextLine ID="line_59" HPOS="999" VPOS="2101" WIDTH="711" HEIGHT="43">
							<String ID="string_316" HPOS="999" VPOS="2101" WIDTH="217" HEIGHT="31" WC="0.96" CONTENT="fortfarande"/><SP WIDTH="19" VPOS="2101" HPOS="1216"/>
							<String ID="string_317" HPOS="1235" VPOS="2112" WIDTH="80" HEIGHT="21" WC="0.96" CONTENT="vore"/><SP WIDTH="20" VPOS="2112" HPOS="1315"/>
							<String ID="string_318" HPOS="1335" VPOS="2104" WIDTH="139" HEIGHT="40" WC="0.96" CONTENT="intagen"/><SP WIDTH="21" VPOS="2104" HPOS="1474"/>
							<String ID="string_319" HPOS="1495" VPOS="2105" WIDTH="11" HEIGHT="29" WC="0.95" CONTENT="i"/><SP WIDTH="20" VPOS="2105" HPOS="1506"/>
							<String ID="string_320" HPOS="1526" VPOS="2107" WIDTH="184" HEIGHT="29" WC="0.95" CONTENT="anstalten."/>
						</TextLine>
					</TextBlock>
				</ComposedBlock>
				<ComposedBlock ID="cblock_6" HPOS="226" VPOS="2228" WIDTH="1482" HEIGHT="152">
					<TextBlock ID="block_8" HPOS="226" VPOS="2228" WIDTH="1482" HEIGHT="152">
						<TextLine ID="line_60" HPOS="272" VPOS="2228" WIDTH="930" HEIGHT="45">
							<String ID="string_321" HPOS="272" VPOS="2228" WIDTH="120" HEIGHT="29" WC="0.96" CONTENT="Denna"/><SP WIDTH="16" VPOS="2228" HPOS="392"/>
							<String ID="string_322" HPOS="408" VPOS="2228" WIDTH="206" HEIGHT="41" WC="0.96" CONTENT="förordning"/><SP WIDTH="17" VPOS="2228" HPOS="614"/>
							<String ID="string_323" HPOS="631" VPOS="2231" WIDTH="116" HEIGHT="30" WC="0.96" CONTENT="träder"/><SP WIDTH="17" VPOS="2231" HPOS="747"/>
							<String ID="string_324" HPOS="764" VPOS="2232" WIDTH="9" HEIGHT="29" WC="0.96" CONTENT="i"/><SP WIDTH="17" VPOS="2232" HPOS="773"/>
							<String ID="string_325" HPOS="790" VPOS="2232" WIDTH="95" HEIGHT="30" WC="0.96" CONTENT="kraft"/><SP WIDTH="18" VPOS="2232" HPOS="885"/>
							<String ID="string_326" HPOS="903" VPOS="2234" WIDTH="65" HEIGHT="29" WC="0.96" CONTENT="den"/><SP WIDTH="22" VPOS="2234" HPOS="968"/>
							<String ID="string_327" HPOS="990" VPOS="2234" WIDTH="12" HEIGHT="29" WC="0.96" CONTENT="1"/><SP WIDTH="21" VPOS="2234" HPOS="1002"/>
							<String ID="string_328" HPOS="1023" VPOS="2234" WIDTH="66" HEIGHT="39" WC="0.96" CONTENT="juli"/><SP WIDTH="20" VPOS="2234" HPOS="1089"/>
							<String ID="string_329" HPOS="1109" VPOS="2235" WIDTH="93" HEIGHT="29" WC="0.96" CONTENT="1965."/>
						</TextLine>
						<TextLine ID="line_61" HPOS="271" VPOS="2281" WIDTH="1437" HEIGHT="48">
							<String ID="string_330" HPOS="271" VPOS="2281" WIDTH="71" HEIGHT="29" WC="0.96" CONTENT="Den"/><SP WIDTH="22" VPOS="2281" HPOS="342"/>
							<String ID="string_331" HPOS="364" VPOS="2290" WIDTH="73" HEIGHT="20" WC="0.96" CONTENT="som"/><SP WIDTH="20" VPOS="2290" HPOS="437"/>
							<String ID="string_332" HPOS="457" VPOS="2282" WIDTH="76" HEIGHT="30" WC="0.93" CONTENT="före"/><SP WIDTH="20" VPOS="2282" HPOS="533"/>
							<String ID="string_333" HPOS="553" VPOS="2283" WIDTH="267" HEIGHT="41" WC="0.91" CONTENT="förordningens"/><SP WIDTH="19" VPOS="2283" HPOS="820"/>
							<String ID="string_334" HPOS="839" VPOS="2286" WIDTH="281" HEIGHT="31" WC="0.96" CONTENT="ikraftträdande"/><SP WIDTH="19" VPOS="2286" HPOS="1120"/>
							<String ID="string_335" HPOS="1139" VPOS="2288" WIDTH="128" HEIGHT="30" WC="0.96" CONTENT="beretts"/><SP WIDTH="19" VPOS="2288" HPOS="1267"/>
							<String ID="string_336" HPOS="1286" VPOS="2286" WIDTH="90" HEIGHT="43" WC="0.96" CONTENT="plats"/><SP WIDTH="22" VPOS="2286" HPOS="1376"/>
							<String ID="string_337" HPOS="1398" VPOS="2291" WIDTH="10" HEIGHT="28" WC="0.96" CONTENT="i"/><SP WIDTH="20" VPOS="2291" HPOS="1408"/>
							<String ID="string_338" HPOS="1428" VPOS="2290" WIDTH="280" HEIGHT="31" WC="0.96" CONTENT="ålderdomshem"/>
						</TextLine>
						<TextLine ID="line_62" HPOS="226" VPOS="2333" WIDTH="1194" HEIGHT="47">
							<String ID="string_339" HPOS="226" VPOS="2333" WIDTH="79" HEIGHT="39" WC="0.96" CONTENT="äger"/><SP WIDTH="19" VPOS="2333" HPOS="305"/>
							<String ID="string_340" HPOS="324" VPOS="2334" WIDTH="139" HEIGHT="39" WC="0.96" CONTENT="påkalla"/><SP WIDTH="20" VPOS="2334" HPOS="463"/>
							<String ID="string_341" HPOS="483" VPOS="2337" WIDTH="49" HEIGHT="28" WC="0.95" CONTENT="att"/><SP WIDTH="20" VPOS="2337" HPOS="532"/>
							<String ID="string_342" HPOS="552" VPOS="2336" WIDTH="40" HEIGHT="30" WC="0.96" CONTENT="de"/><SP WIDTH="19" VPOS="2336" HPOS="592"/>
							<String ID="string_343" HPOS="611" VPOS="2346" WIDTH="66" HEIGHT="30" WC="0.96" CONTENT="nya"/><SP WIDTH="18" VPOS="2346" HPOS="677"/>
							<String ID="string_344" HPOS="695" VPOS="2337" WIDTH="310" HEIGHT="32" WC="0.95" CONTENT="bestämmelserna"/><SP WIDTH="19" VPOS="2337" HPOS="1005"/>
							<String ID="string_345" HPOS="1024" VPOS="2340" WIDTH="175" HEIGHT="40" WC="0.96" CONTENT="tillämpas"/><SP WIDTH="20" VPOS="2340" HPOS="1199"/>
							<String ID="string_346" HPOS="1219" VPOS="2342" WIDTH="44" HEIGHT="38" WC="0.96" CONTENT="på"/><SP WIDTH="19" VPOS="2342" HPOS="1263"/>
							<String ID="string_347" HPOS="1282" VPOS="2343" WIDTH="138" HEIGHT="29" WC="0.96" CONTENT="honom."/>
						</TextLine>
					</TextBlock>
				</ComposedBlock>
			</PrintSpace>
		</Page>
	</Layout>
</alto>
