1856 2786
266 187 40 29 10
666 182 111 26 Andra
802 180 217 36 lagutskottets
1046 179 161 27 utlåtande
1232 187 40 18 nr
1297 178 48 27 20.

324 264 63 28 Det
413 264 37 28 är
477 262 202 39 tillräckligt
706 263 50 28 att
783 260 197 34 framhålla,
1008 261 51 28 att
1084 260 111 29 under
1222 258 222 30 förarbetena
1471 258 52 29 till
1550 258 41 29 de
1620 259 137 27 senaste

271 308 234 38 ändringarna
524 307 10 29 i
555 306 270 38 semesterlagen
845 305 79 29 från
943 304 177 39 åtskilliga
1139 303 72 30 håll
1231 303 153 40 påstods,
1406 304 50 27 att
1475 303 58 29 det
1552 311 80 20 vore
1654 302 104 29 önsk-

268 354 86 31 värt,
382 353 50 28 att
458 352 191 28 semestern
676 350 100 29 alltid
804 350 111 29 skulle
942 349 143 29 komma
1112 350 51 27 att
1189 349 159 37 utläggas
1375 348 11 28 i
1414 348 48 28 ett
1490 347 267 38 sammanhang,

267 396 121 30 såvida
411 396 76 29 icke
511 395 340 29 överenskommelse
876 402 57 20 om
958 402 119 20 annan
1102 392 149 39 ordning
1277 391 171 30 träffades
1474 390 129 30 mellan
1629 391 129 29 arbets-

268 441 116 38 givare
406 440 64 29 och
492 440 247 38 arbetstagare.
762 439 139 28 Främst
922 437 214 39 åberopades
1159 436 124 30 härvid
1305 436 452 39 rekreationssynpunkter.

269 486 65 28 Det
352 485 75 28 blev
446 484 192 29 emellertid
657 483 112 38 aldrig
788 483 159 38 klarlagt,
967 481 175 29 huruvida
1161 490 43 20 en
1223 480 348 39 sammanhängande
1592 482 166 27 semester

269 538 42 20 ur
332 528 402 39 rekreationssynpunkt
756 527 117 29 kunde
895 535 102 20 anses
1020 525 272 39 fördelaktigare
1315 526 44 28 än
1382 525 176 38 uppdelad
1581 526 177 28 semester.

268 574 102 28 Vissa
396 573 75 29 skäl
497 573 113 29 talade
636 572 55 29 för
717 573 51 28 att
793 580 43 20 en
860 570 216 40 uppdelning
1102 579 42 20 av
1169 571 193 27 semestern
1387 569 52 29 till
1466 570 155 38 exempel
1648 569 45 39 på
1720 568 38 29 så

269 619 79 32 sätt,
368 619 50 27 att
437 626 43 20 en
499 618 54 28 del
574 626 41 20 av
636 617 193 28 semestern
849 617 115 36 uttogs
985 615 111 29 under
1116 614 203 29 vårvintern
1340 614 64 29 och
1425 613 200 30 återstoden
1645 614 113 29 under

268 671 210 24 sommaren,
501 662 112 29 skulle
634 661 78 38 giva
733 661 113 28 bättre
867 659 199 29 rekreation
1088 660 45 28 än
1155 668 43 19 en
1221 658 347 39 sammanhängande
1592 660 166 27 semester

268 706 121 29 enbart
415 705 44 40 på
483 714 209 24 sommaren,
717 704 95 29 Även
837 704 109 29 andra
971 703 76 29 skäl
1072 703 213 29 framfördes
1311 702 55 29 för
1391 703 50 28 att
1465 711 83 20 man
1573 702 107 30 borde
1706 705 53 26 ut-

267 751 116 38 nyttja
411 751 40 28 de
481 749 267 29 tillkommande
778 748 321 38 semesterdagarna
1129 747 54 29 för
1212 749 51 27 att
1291 747 110 29 under
1430 747 69 28 viss
1529 747 53 28 del
1612 757 41 19 av
1682 747 75 29 året

269 795 86 29 söka
379 795 116 29 införa
520 793 322 39 femdagarsvecka.

326 839 47 29 På
396 838 287 39 arbetsgivarhåll
708 837 74 30 åter
806 838 75 28 lade
905 846 84 20 man
1011 836 11 29 i
1047 836 55 29 sin
1126 835 284 40 argumentering
1434 836 242 29 huvudvikten
1701 836 58 29 vid

269 882 399 41 produktionstekniska
692 882 157 29 faktorer
872 881 64 29 och
960 881 176 33 framhöll,
1160 882 51 27 att
1233 880 98 29 inom
1355 880 152 29 flertalet
1530 880 82 29 fack
1637 881 123 29 skade-

269 928 259 38 verkningarna
553 936 40 19 ur
618 925 419 41 produktionssynpunkt
1061 934 42 20 av
1127 925 67 29 den
1219 924 185 39 förlängda
1429 926 192 27 semestern
1646 925 113 29 skulle

270 972 122 29 kunna
417 972 169 32 minskas,
613 980 56 20 om
696 971 117 29 denna
839 970 93 38 finge
958 969 170 39 uppdelas
1153 969 11 29 i
1191 968 89 30 flera
1306 969 169 39 perioder.
1503 968 12 29 I
1543 969 127 39 många
1698 970 61 28 fall

271 1016 199 29 förklarade
494 1015 262 38 arbetsgivarna
779 1015 56 28 det
857 1022 82 21 vara
961 1013 178 33 önskvärt,
1163 1014 51 28 att
1236 1013 41 29 de
1301 1013 266 29 tillkommande
1591 1014 18 29 6
1633 1023 128 20 semes-

271 1061 208 38 terdagarna
499 1061 137 37 uttogos
656 1059 10 29 i
687 1059 93 29 form
802 1068 41 20 av
862 1058 67 29 fria
949 1058 171 38 lördagar.
1142 1057 12 29 I
1176 1057 177 39 åtskilliga
1373 1057 190 30 branscher
1584 1059 98 28 torde
1703 1059 58 29 det

269 1105 91 29 dock
383 1113 82 20 vara
490 1104 215 38 nödvändigt
730 1105 50 27 att
805 1103 139 38 utlägga
970 1104 192 27 semestern
1186 1103 11 27 i
1223 1103 49 28 ett
1297 1102 256 39 sammanhang
1578 1103 65 28 och
1670 1112 90 20 sam-

271 1149 102 38 tidigt
393 1149 54 29 för
468 1149 57 29 det
546 1148 240 38 övervägande
808 1148 130 28 antalet
959 1146 169 30 arbetare.
1148 1164 44 3 —
1213 1147 76 28 Den
1310 1146 220 39 utformning
1552 1147 101 39 lagen
1676 1148 85 29 slut-

272 1194 92 38 ligen
387 1193 109 29 erhöll
519 1192 54 29 får
595 1192 181 29 betraktas
801 1200 74 20 som
898 1200 43 20 en
964 1191 247 39 kompromiss.

328 1238 64 28 Det
412 1237 112 29 skulle
544 1245 81 20 vara
646 1236 224 38 synnerligen
890 1235 176 39 olyckligt,
1087 1244 56 20 om
1164 1236 101 37 lagen
1286 1244 47 20 nu
1355 1235 112 29 skulle
1488 1236 129 29 ändras
1638 1236 45 39 på
1704 1237 57 29 det

272 1283 69 28 sätt
362 1281 260 29 motionärerna
645 1280 191 38 föreslagit.
859 1280 213 38 Härigenom
1095 1279 112 29 skulle
1231 1288 43 20 en
1297 1288 42 20 av
1362 1280 399 39 produktionstekniska

271 1326 77 29 skäl
375 1325 163 39 betingad
567 1324 217 40 uppdelning
812 1333 41 20 av
882 1325 191 27 semestern
1101 1324 143 28 komma
1273 1325 51 28 att
1352 1323 212 35 förhindras,
1595 1324 38 29 så
1663 1326 99 28 snart

268 1370 341 30 överenskommelse
627 1369 125 29 härom
770 1369 76 28 icke
864 1369 117 28 kunde
1001 1368 127 29 träffas
1146 1368 130 28 mellan
1294 1368 234 38 arbetsgivare
1547 1369 64 29 och
1631 1369 130 29 arbets-

270 1417 127 36 tagare.

327 1459 73 29 Vad
427 1459 165 38 förslaget
616 1458 10 29 i
653 1458 135 29 motion
814 1467 41 20 nr
882 1458 60 29 189
968 1459 11 28 i
1006 1458 110 30 första
1142 1459 208 29 kammaren
1375 1459 181 34 beträffar,
1584 1460 177 38 nämligen

270 1505 51 27 att
366 1504 191 28 semestern
602 1502 99 29 alltid
749 1503 112 28 skulle
906 1503 159 38 utläggas
1112 1503 111 29 under
1270 1503 382 34 sommarmånaderna,
1700 1504 60 29 vill

271 1547 207 38 föreningen
497 1547 87 28 blott
603 1546 200 34 framhålla,
823 1548 50 28 att
892 1547 57 29 det
968 1547 117 29 finnes
1104 1547 93 30 vissa
1218 1547 168 30 områden
1405 1548 97 29 inom
1522 1548 238 39 näringslivet,

272 1592 63 28 där
359 1592 56 28 det
439 1600 80 20 vore
544 1591 182 39 olämpligt
751 1592 82 28 eller
858 1591 133 29 kanske
1017 1592 52 29 till
1095 1592 64 29 och
1184 1592 80 29 med
1290 1592 146 39 ogörligt
1462 1594 50 28 att
1537 1594 120 37 uttaga
1683 1593 78 29 hela

272 1637 192 27 semestern
482 1636 111 28 under
614 1636 155 28 nämnda
789 1635 60 29 tid.
870 1636 101 29 Detta
991 1636 107 38 gäller
1117 1636 210 39 exempelvis
1348 1637 68 29 alla
1437 1637 40 29 de
1498 1637 178 34 områden,
1698 1637 63 30 där

272 1680 197 38 högsäsong
498 1679 101 29 råder
628 1680 113 28 under
772 1688 198 20 sommaren
1001 1680 64 29 och
1095 1680 186 39 utpräglad
1312 1680 183 40 lågsäsong
1526 1682 111 29 under
1668 1682 94 29 vissa

273 1725 111 28 andra
400 1724 94 29 delar
512 1733 41 20 av
569 1723 83 29 året.

872 1823 281 25 UTSKOTTET.

328 1893 47 27 De
404 1892 139 39 förslag,
573 1901 74 19 som
676 1900 125 31 genom
830 1893 219 29 motionerna
1077 1893 131 33 väckts,
1237 1894 168 29 innebära
1435 1895 72 28 dels
1536 1894 186 30 införande
1751 1895 11 28 i

271 1946 269 38 semesterlagen
561 1955 40 19 av
622 1946 245 28 bestämmelse
888 1955 56 19 om
966 1946 227 39 obligatorisk
1215 1946 221 40 förläggning
1458 1957 41 19 av
1522 1949 165 27 semester
1710 1948 52 28 till

272 1999 262 33 sommartiden,
554 1999 72 28 dels
646 1999 270 38 undanröjande
936 2009 41 19 av
997 2000 67 28 den
1084 2009 46 19 nu
1150 2000 10 28 i
1180 2000 100 38 lagen
1301 2001 101 38 givna
1423 2002 115 28 rätten
1558 2001 53 29 för
1632 2001 131 29 arbets-

273 2052 115 39 givare
411 2054 50 27 att
483 2052 150 39 uppdela
657 2052 229 33 semestertid,
911 2061 74 20 som
1010 2053 188 38 överstiger
1222 2054 71 28 tolv
1316 2054 116 38 dagar.

328 2105 136 39 Frågan
486 2114 56 20 om
565 2106 49 28 att
635 2105 10 29 i
668 2106 270 38 semesterlagen
960 2106 118 39 intaga
1102 2107 191 38 stadgande
1317 2108 50 28 att
1391 2109 164 28 semester
1580 2109 89 28 skall
1693 2108 70 30 för-

271 2160 118 37 läggas
419 2159 50 29 till
498 2159 69 28 viss
597 2159 54 29 del
680 2168 43 19 av
751 2158 74 29 året
854 2160 209 38 övervägdes
1092 2159 170 39 ingående
1291 2160 58 29 vid
1379 2162 287 39 semesterlagens
1696 2161 68 29 till-

272 2212 128 32 komst.
423 2212 128 29 Därvid
574 2212 184 33 uttalades,
782 2214 50 27 att
855 2213 251 29 sommartiden
1128 2213 10 28 i
1161 2214 92 38 regel
1276 2214 160 39 lämpade
1460 2215 51 38 sig
1534 2215 77 29 bäst
1635 2215 53 29 för
1713 2225 51 19 se-

271 2267 129 27 mester
425 2265 63 28 och
514 2266 49 28 att
588 2264 222 39 förläggning
836 2275 40 19 av
902 2267 166 27 semester
1094 2266 51 29 till
1171 2275 120 21 annan
1315 2267 109 30 årstid
1450 2267 55 30 för
1531 2268 67 29 den
1624 2270 141 28 övervä-

272 2318 112 39 gande
406 2318 100 29 delen
528 2327 41 20 av
592 2318 265 38 arbetstagarna
880 2318 172 30 framstod
1076 2319 115 29 såsom
1214 2320 137 29 mindre
1376 2320 198 39 förmånlig.
1598 2322 167 29 Emeller-

273 2372 51 28 tid
342 2380 80 20 vore
441 2372 56 28 det
515 2371 176 39 knappast
709 2371 140 39 möjligt
867 2373 50 28 att
935 2372 10 29 i
965 2373 101 38 lagen
1085 2372 115 30 införa
1220 2382 44 20 en
1283 2375 91 37 regel
1394 2376 50 28 att
1464 2376 166 28 semester
1650 2375 114 29 skulle

271 2424 176 39 förläggas
485 2424 51 29 till
574 2424 70 29 viss
683 2424 112 30 årstid
832 2426 86 28 utan
957 2427 50 27 att
1035 2425 195 31 föreskriva
1257 2427 285 30 vittomfattande
1572 2429 190 38 undantag.

272 2478 83 29 Man
375 2478 168 29 stannade
563 2478 78 29 med
661 2478 140 39 hänsyn
820 2479 118 29 härtill
958 2479 57 29 vid
1035 2481 51 28 att
1104 2480 11 28 i
1136 2480 100 39 lagen
1255 2481 290 30 rekommendera
1566 2484 50 27 att
1637 2491 128 20 semes-

272 2532 80 28 tern
375 2531 171 39 förlägges
570 2531 51 29 till
645 2532 264 29 sommartiden.
