2178 2647
398 208 36 29 14

615 294 101 31 Mom.

615 1066 97 33 Mom.

615 1632 105 33 Mom.

610 2247 100 35 Mom,

853 204 97 35 Stats-
963 199 165 48 Utskottets
1143 205 161 34 Utlåtande
1326 205 64 32 N:o
1416 208 50 29 47.

744 294 56 29 13.
845 292 122 32 Derest
1001 291 113 33 hamn-
1150 291 61 33 och
1248 290 112 33 kanal-
1401 291 77 32 eller
1508 291 105 32 andra
1636 290 163 34 likartade
1825 291 133 41 afgifter

758 344 85 32 efter
881 342 299 43 arbetsföretagets
1216 342 230 34 fullbordande
1474 342 95 34 skola
1592 342 131 33 komma
1750 346 48 30 att
1821 343 72 32 utaf
1916 343 39 32 de

757 394 225 34 trafikerande
1006 398 175 39 upptagas,
1205 394 61 33 bör
1288 398 80 30 taxa
1390 396 83 31 härå
1496 406 79 22 vara
1597 394 168 39 faststäld,
1782 396 37 31 så
1833 394 123 41 lindrig

759 458 69 21 som
865 446 150 42 skäligen
1054 447 87 32 låter
1164 447 50 39 sig
1242 449 92 39 göra.
1390 446 149 34 Sålunda
1565 446 179 34 faststälda
1769 446 133 41 afgifter
1924 447 32 32 få

755 498 74 33 icke
853 498 160 43 förhöjas,
1042 498 73 33 med
1138 498 130 33 mindre
1292 498 119 43 Kongl.
1441 498 102 42 Maj:t,
1571 499 43 41 på
1629 498 106 41 grund
1753 498 36 34 af
1800 498 157 33 särskildt

755 550 273 33 förekommande
1064 550 299 42 omständigheter,
1396 550 134 43 pröfvar
1564 550 125 41 skäligt
1713 551 111 32 dertill
1848 550 110 33 lemna

757 602 103 40 bifall,
883 606 78 29 utan
988 603 82 32 böra
1095 603 152 32 deremot
1275 602 218 41 ovilkorligen
1518 602 185 40 nedsättas,
1728 604 37 31 så
1789 605 93 30 snart
1902 602 57 33 det

755 655 35 32 af
821 654 224 40 redogörelse,
1081 665 68 22 som
1172 654 98 33 hvart
1297 654 100 33 femte
1422 656 37 31 år
1481 654 49 32 till
1553 654 119 41 Kongl.
1702 654 109 42 Maj:ts
1835 654 122 32 Befall-

755 705 263 41 ningshafvande
1061 705 60 31 bör
1152 705 150 40 ingifvas,
1332 705 160 38 befinnes,
1518 708 49 29 att
1590 704 156 33 behållna
1768 706 189 31 inkomsten

756 756 199 42 öfverstiger
991 767 37 21 en
1061 757 76 39 viss,
1164 756 34 33 af
1218 756 118 41 Kongl.
1364 756 93 43 Maj:t
1480 756 157 32 faststäld
1660 759 140 38 procent
1823 757 71 31 utaf
1917 756 38 32 de

754 808 49 32 till
838 808 165 41 företaget
1034 808 155 32 lemnade
1224 808 153 33 enskilda
1415 808 138 41 bidrag;
1589 807 62 33 och
1678 808 82 32 skall
1785 808 168 32 dessutom

755 871 39 22 en
829 861 65 31 viss
929 860 36 32 af
989 859 119 42 Kongl.
1132 859 92 43 Maj:t
1246 859 161 33 likaledes
1432 859 154 33 bestämd
1609 859 99 32 andel
1737 859 73 33 utaf
1836 859 40 32 de
1905 859 46 32 af-

754 911 109 42 gifter,
888 922 70 22 som
982 911 177 42 uppbäras,
1183 911 49 33 till
1260 911 295 42 reparationsfond
1579 911 149 33 afsättas.

744 1069 52 29 14.
844 1065 214 34 Beträffande
1091 1066 118 41 anslag
1241 1069 80 29 utan
1345 1066 460 42 återbetalningsskyldighet
1828 1066 49 32 till
1900 1077 57 21 un-

756 1117 239 42 derstödjande
1031 1118 35 32 af
1104 1118 126 32 sådana
1253 1118 287 42 myrutdikningar
1563 1118 62 32 och
1654 1117 304 43 vattenaftappnin-

757 1180 70 30 gar,
864 1180 70 21 som
971 1169 238 32 företrädesvis
1246 1169 70 32 afse
1354 1173 49 29 att
1435 1170 184 32 förminska
1642 1169 313 40 frostländigheten,

757 1220 82 33 skall
863 1220 179 41 iakttagas,
1067 1220 71 33 dels
1166 1223 49 30 att
1242 1220 155 43 anslaget
1419 1222 54 32 må
1495 1220 237 33 företrädesvis
1757 1220 133 33 anvisas
1908 1220 49 32 till

756 1272 126 33 sådana
916 1275 108 29 större
1063 1272 142 41 företag,
1242 1282 70 22 som
1349 1283 96 22 anses
1479 1272 9 32 i
1512 1272 161 41 väsentlig
1696 1273 75 31 mån
1794 1272 165 42 befrämja

756 1324 57 32 det
850 1323 133 32 dermed
1017 1323 139 32 afsedda
1191 1324 167 39 ändamål,
1393 1324 71 32 dels
1492 1323 62 33 ock
1578 1327 49 29 att
1650 1323 119 41 Kongl.
1792 1323 92 42 Maj:t
1906 1325 53 31 må

755 1385 63 31 ega
852 1378 59 36 att,
946 1375 10 31 i
981 1374 41 33 de
1056 1374 68 40 fall,
1151 1375 58 32 der
1231 1375 122 33 sådant
1376 1386 98 22 anses
1499 1385 79 23 vara
1602 1374 36 33 af
1657 1375 160 32 behofvet
1842 1374 115 42 påkal-

755 1426 82 39 ladt,
861 1427 10 31 i
895 1426 105 32 nåder
1027 1425 163 42 medgifva
1214 1428 49 30 att
1286 1428 110 39 någon
1420 1427 53 32 del
1497 1427 37 32 af
1546 1427 154 41 anslaget
1713 1428 53 31 må
1781 1426 176 33 förskotts-

758 1478 46 32 vis
826 1477 51 33 till
901 1477 255 34 vederbörande
1184 1477 181 34 utbetalas.

750 1632 52 31 15.
847 1631 66 32 För
936 1631 39 32 de
999 1631 50 32 till
1076 1630 254 43 sjösänkningar
1354 1631 63 32 och
1444 1631 284 42 myrutdikningar
1752 1631 80 33 eller
1856 1631 105 33 andra

756 1682 462 42 vattenaftappningsföretag
1240 1682 206 33 utbekomna
1469 1682 264 32 låneunderstöd
1755 1683 95 32 skola
1877 1682 84 33 efter

757 1737 51 29 tre
843 1735 54 31 års
931 1733 132 42 förlopp
1091 1733 73 33 från
1194 1734 63 32 den
1283 1733 75 42 dag,
1388 1733 42 33 då
1452 1733 212 34 lånemedlen
1687 1733 74 33 från
1784 1733 175 34 Statskon-

755 1787 87 30 toret
877 1784 247 40 utbekommits,
1162 1785 126 41 årligen
1320 1785 152 41 erläggas
1497 1796 58 22 sex
1577 1788 142 39 procent
1748 1787 19 31 å
1793 1785 78 32 hela
1895 1785 63 33 den

757 1836 125 42 lyftade
906 1836 239 39 lånesumman,
1170 1836 120 33 hvaraf
1310 1839 97 30 ränta
1430 1836 182 42 godtgöres
1636 1836 83 32 efter
1742 1837 72 42 fyra
1834 1836 64 33 och
1918 1848 40 21 en

758 1887 71 33 half
862 1887 52 33 för
948 1887 132 33 hundra
1117 1888 34 32 af
1183 1887 157 33 obetalda
1362 1888 296 42 kapitalbeloppet,
1684 1888 62 32 och
1772 1888 57 32 det
1853 1887 105 41 öfriga

756 1942 100 38 utgör
879 1938 208 42 afbetalning
1111 1939 91 33 derå.
1257 1939 14 32 I
1294 1939 159 33 afseende
1477 1941 43 40 på
1544 1941 104 31 sättet
1664 1939 63 32 och
1744 1938 213 42 ansvarighe-

756 1994 54 29 ten
833 1990 52 33 för
908 1990 101 34 dessa
1024 1990 265 41 inbetalningars
1306 1990 247 33 verkställande
1574 1991 83 33 böra
1675 1990 101 34 lända
1791 1990 50 33 till
1858 1991 98 32 efter-

756 2042 139 32 rättelse
931 2041 97 33 ofvan
1062 2042 191 41 åberopade
1287 2042 119 41 Kongl.
1430 2042 221 42 kungörelser
1675 2041 34 33 af
1730 2042 62 32 den
1817 2044 37 31 13
1878 2042 79 33 Juni

758 2096 78 30 1845
862 2092 62 34 och
950 2093 63 33 den
1038 2097 18 30 3
1079 2093 187 33 November
1297 2096 90 30 1848.

743 2250 53 29 26.
840 2246 74 33 Alla
944 2246 190 39 kostnader,
1160 2247 34 32 af
1215 2246 85 33 hvad
1323 2256 98 23 namn
1447 2247 40 33 de
1514 2257 75 23 vara
1612 2248 63 39 må,
1701 2257 71 22 som
1779 2242 20 50 1
1827 2246 83 42 följd
1924 2247 35 32 af

757 2298 151 33 erhållna
942 2297 117 42 anslag
1092 2297 82 33 eller
1209 2298 56 33 lån
1288 2297 183 34 föranledts
1496 2297 51 34 för
1575 2297 262 41 Statskontoret,
1861 2298 94 33 skola
