1944 2816
301 139 40 29 40
704 145 123 32 Första
846 147 239 37 lagutskottets
1106 150 175 32 utlåtande
1301 153 49 30 Nr
1367 154 50 30 24.

302 235 40 20 en
364 224 225 41 begränsning
613 239 41 20 av
674 228 218 39 jordägarens
914 234 69 28 rätt
1005 231 53 32 till
1079 233 124 37 avgäld
1223 234 126 37 jämväl
1369 235 13 32 i
1405 235 100 39 fråga
1528 248 51 21 om
1602 237 102 33 tiden.
1749 238 59 33 Ut-

305 273 125 35 skottet
452 276 141 33 föreslår
613 277 213 41 härutinnan,
850 283 51 29 att
923 281 164 38 avgälden
1111 282 86 33 skall
1218 284 153 38 upphöra
1394 289 50 29 att
1466 288 92 38 utgå,
1583 287 101 33 sedan
1707 289 102 38 regel-

302 324 131 33 bunden
455 326 160 39 brytning
638 339 41 21 av
703 329 288 39 inmutningsbara
1017 332 139 33 mineral
1180 334 121 38 pågått
1321 335 89 33 inom
1434 338 142 32 utmålet
1595 339 106 32 under
1724 351 83 20 sam-

303 375 151 39 manlagt
473 377 97 38 tjugu
588 378 48 32 år.

347 426 174 34 Utskottet
541 429 106 38 vågar
669 433 135 37 antaga,
827 435 51 29 att
899 432 226 40 uträkningen
1147 447 42 20 av
1211 436 182 38 avgäldens
1417 438 176 39 årsbelopp
1617 439 73 33 icke
1712 440 12 31 i
1747 440 59 32 all-

301 477 136 33 mänhet
459 478 88 33 skall
568 479 80 39 giva
672 481 136 38 upphov
829 482 54 32 till
908 483 391 41 meningsskiljaktighet
1322 488 123 32 mellan
1468 489 256 40 gruvföretaget
1747 491 60 32 och

300 527 213 39 jordägaren.
560 529 66 34 För
650 531 127 33 sådana
802 532 74 39 fall,
904 533 61 32 där
990 535 183 33 emellertid
1199 548 39 21 en
1263 538 172 32 rättstvist
1459 539 228 39 uppkommer,
1713 541 94 32 torde

301 578 55 33 det
379 591 83 21 vara
487 580 282 40 ändamålsenligt
793 586 51 29 att
868 584 71 32 låta
964 585 124 33 tvisten
1114 591 141 34 avgöras
1282 600 42 20 av
1350 588 189 39 skiljemän.
1592 590 67 33 Det
1684 603 43 21 av
1754 596 50 27 ut-

300 628 127 34 skottet
445 630 12 31 i
476 630 119 33 sådant
613 632 94 37 syfte
727 633 193 39 föreslagna
940 635 211 40 stadgandet,
1173 649 69 20 som
1262 638 187 33 innefattar
1470 652 39 20 en
1530 640 202 40 hänvisning
1752 642 54 32 till

302 679 40 32 18
366 678 52 39 $i
443 679 172 42 förslaget,
638 681 139 34 innebär
799 683 102 33 bland
925 689 112 36 annat,
1060 690 51 29 att
1134 687 420 39 skiljedomskostnaderna
1576 691 74 33 icke
1673 692 132 33 komma

298 733 51 29 att
369 731 92 32 åvila
479 731 209 41 jordägaren,
710 734 117 33 såvida
847 735 67 33 han
933 736 74 33 icke
1027 738 264 39 uppenbarligen
1313 740 155 38 påkallat
1489 742 213 33 förfarandet
1723 747 81 28 utan

295 779 89 32 skäl.
428 780 18 31 I
468 781 90 33 detta
577 784 241 39 sammanhang
838 785 61 32 vill
919 786 165 34 utskottet
1104 788 126 38 jämväl
1249 789 189 40 hemställa,
1458 791 167 33 huruvida
1646 792 73 33 icke
1742 793 61 33 den

297 830 134 39 nämnd,
454 843 69 20 som
545 833 105 32 under
672 835 192 33 nuvarande
885 836 234 34 förhållanden
1142 839 62 32 har
1226 843 51 29 att
1298 840 78 32 från
1397 841 145 33 kronans
1567 842 73 32 sida
1661 843 140 32 bestäm-

297 892 54 20 ma
378 880 155 40 beloppet
558 895 42 20 av
626 885 294 38 arrendeavgiften
947 887 53 32 för
1027 900 42 20 av
1094 889 127 34 kronan
1247 891 241 33 utarrenderad
1514 892 287 40 jordägareandel,

296 929 113 34 kunde
428 943 116 26 genom
563 933 179 34 föreskrift
758 935 12 32 i
789 936 249 34 administrativ
1057 939 142 39 ordning
1217 940 140 39 åläggas
1379 945 51 29 att
1447 942 12 32 i
1477 943 68 32 viss
1566 944 236 39 utsträckning

297 980 103 33 ställa
426 982 53 32 sin
506 983 219 41 sakkunskap
753 986 53 32 till
834 986 202 39 förfogande
1062 989 57 32 vid
1149 990 184 40 uträkning
1359 992 126 38 jämväl
1515 1005 42 20 av
1588 994 62 33 den
1678 995 124 38 avgäld

296 1042 115 21 varom
429 1044 45 21 nu
492 1038 37 27 är
546 1034 110 39 fråga.

340 1082 52 34 De
411 1083 192 40 föreslagna
623 1086 152 39 reglerna
795 1099 51 20 om
865 1089 125 38 avgäld
1010 1102 102 26 synas
1131 1091 183 40 lämpligen
1336 1093 80 33 böra
1436 1096 244 32 sammanföras
1704 1097 11 31 i
1737 1097 65 32 för-

296 1133 127 39 slagets
442 1135 40 31 53
501 1135 28 39 $,
546 1147 77 22 vars
640 1136 274 36 hittillsvarande
930 1139 148 34 innehåll
1095 1144 82 29 utan
1196 1142 176 39 olägenhet
1389 1144 94 33 torde
1500 1144 114 34 kunna
1631 1150 170 35 upptagas

295 1183 12 32 i
325 1187 49 29 ett
393 1184 55 32 till
467 1186 40 31 51
528 1186 19 39 $
566 1186 97 39 fogat
684 1191 78 34 nytt
780 1189 128 38 stycke.
948 1190 173 34 Utskottet
1141 1192 143 33 föreslår
1303 1194 11 31 i
1334 1194 162 33 samband
1515 1195 138 34 härmed
1673 1197 127 32 ändrad

296 1233 198 41 avfattning
513 1248 42 20 av
575 1237 158 33 rubriken
754 1239 54 31 till
831 1240 18 31 6
870 1239 146 39 kapitlet
1036 1241 11 32 i
1069 1238 174 47 förslaget.

340 1333 78 34 Vad
444 1335 169 34 beträffar
639 1337 39 33 de
704 1338 134 39 sakliga
865 1340 150 40 nyheter,
1043 1353 69 21 som
1141 1346 116 30 utöver
1283 1344 40 33 de
1349 1357 46 19 nu
1421 1345 139 34 berörda
1587 1347 213 40 principiella

295 1384 283 41 förändringarna
594 1387 186 34 innefattas
798 1390 12 31 i
828 1389 165 40 förslaget
1010 1392 60 32 och
1088 1393 53 32 för
1158 1394 93 32 vilka
1269 1394 166 34 utskottet
1453 1396 92 33 förut
1563 1397 128 33 lämnat
1710 1399 89 32 redo-

289 1435 143 39 görelse,
453 1436 61 33 har
531 1437 165 34 utskottet
713 1439 30 38 ej
763 1439 114 34 funnit
895 1441 182 40 anledning
1095 1443 54 32 till
1168 1445 109 38 någon
1295 1446 170 39 väsentlig
1486 1447 143 33 erinran.
1668 1445 130 36 Ätskil-

293 1485 72 40 liga
389 1498 43 21 av
456 1487 96 33 dessa
575 1488 141 38 nyheter
739 1490 93 33 torde
855 1503 83 21 vara
962 1493 130 38 ägnade
1116 1497 51 29 att
1191 1494 119 34 bereda
1334 1497 264 39 gruvföretagen
1623 1498 175 34 beaktans-

292 1536 107 33 värda
421 1537 157 34 fördelar.
620 1538 150 34 Sålunda
792 1541 54 32 må
867 1542 127 33 erinras
1019 1555 52 20 om
1092 1544 63 32 den
1175 1545 145 39 vidgade
1342 1547 216 39 möjligheten
1582 1548 54 33 för
1656 1550 142 32 inmuta-

292 1598 57 21 ren
367 1590 52 29 att
437 1588 128 33 erhålla
584 1590 107 32 utmål
709 1602 43 21 av
769 1591 319 36 tillfredsställande
1107 1595 126 33 storlek
1251 1596 60 32 och
1331 1601 51 28 att
1400 1598 127 38 jämväl
1546 1602 92 29 utom
1657 1601 141 32 utmålet

292 1637 38 32 få
350 1637 178 39 disponera
548 1639 95 33 mark
664 1640 54 32 för
738 1641 170 34 särskilda
928 1643 167 33 ändamål.
1135 1645 56 33 Av
1214 1646 171 38 betydelse
1406 1653 38 27 är
1466 1648 63 32 den
1549 1652 106 30 större
1676 1650 121 39 stadga

291 1687 60 32 och
370 1687 156 34 säkerhet
544 1701 69 20 som
633 1690 165 33 förlänats
818 1692 110 38 själva
946 1698 208 35 gruvrätten,
1175 1696 70 32 dels
1265 1709 117 26 genom
1402 1698 221 39 borttagande
1643 1712 43 20 av
1706 1701 90 32 vissa

289 1748 44 20 nu
352 1737 159 38 gällande
530 1738 392 42 förverkandepåföljder
941 1743 60 32 och
1021 1743 68 33 dels
1109 1756 117 27 genom
1247 1746 183 39 ändringar
1448 1748 12 32 i
1482 1749 152 38 reglerna
1654 1762 52 20 om
1724 1750 70 33 kla-

289 1800 67 27 gan
374 1794 79 27 över
470 1790 290 40 utmålsläggning
778 1792 60 32 och
857 1805 52 20 om
928 1793 133 34 försvar
1079 1808 42 20 av
1139 1800 166 34 gruvrätt.
1342 1798 80 38 Nya
1442 1799 354 39 detaljbestämmelser

290 1839 73 32 med
384 1840 162 33 avseende
566 1841 20 32 å
604 1841 192 40 inmutning
817 1847 87 29 samt
924 1845 150 33 ansökan
1094 1858 51 20 om
1165 1848 106 32 utmål
1294 1853 57 27 äro
1372 1850 130 38 ägnade
1524 1855 51 28 att
1595 1852 200 39 möjliggöra

289 1900 39 21 en
348 1901 91 21 mera
459 1902 173 27 noggrann
651 1893 167 39 prövning
837 1906 43 20 av
900 1895 119 38 dylika
1040 1897 153 33 ärenden.
1233 1898 48 32 Ur
1301 1899 224 34 rättsteknisk
1547 1903 174 37 synpunkt
1742 1903 50 33 be-

289 1939 140 33 tecknar
456 1940 62 33 den
544 1953 90 21 mera
661 1945 228 32 uttömmande
919 1946 177 39 reglering,
1126 1960 69 20 som
1227 1949 164 39 förslaget
1418 1951 13 31 i
1459 1952 111 38 övrigt
1597 1953 196 39 innefattar,

287 1989 146 39 givetvis
454 1995 48 29 ett
521 1991 164 40 framsteg
702 1993 141 38 jämfört
862 1996 74 32 med
956 1996 62 33 den
1038 2009 45 20 nu
1101 1998 158 38 gällande
1277 1997 262 47 gruvestadgan.

330 2039 268 36 Vidkommande
621 2043 55 33 det
700 2044 193 40 föreslagna
915 2047 240 38 upphävandet
1178 2061 42 20 av
1242 2050 99 38 lagen
1364 2051 63 32 den
1451 2053 40 31 28
1518 2053 87 38 april
1630 2054 84 32 1926
1740 2066 51 21 om

287 2089 248 42 inskränkning
555 2093 12 32 i
588 2097 110 29 rätten
720 2095 54 32 till
795 2095 193 41 inmutning
1009 2098 88 32 inom
1118 2099 92 33 vissa
1232 2100 63 40 län
1320 2101 139 33 innebär
1482 2115 39 20 en
1543 2104 106 32 sådan
1672 2105 120 39 åtgärd

284 2141 201 40 visserligen
504 2146 48 30 ett
570 2144 233 39 eftergivande
824 2158 42 21 av
887 2147 63 33 den
969 2149 317 40 monopolställning
1308 2151 129 34 kronan
1457 2154 104 32 under
1582 2166 39 21 en
1643 2155 86 38 följd
1750 2168 42 20 av

286 2191 38 32 år
347 2192 127 39 intagit
498 2194 72 32 med
595 2196 163 33 avseende
783 2197 20 31 å
828 2199 188 32 eventuella
1042 2200 321 40 malmfyndigheter
1389 2204 20 31 å
1434 2203 177 39 kronojord
1638 2206 12 31 i
1677 2206 39 33 de
1741 2210 50 29 tre

285 2242 208 39 nordligaste
512 2244 106 33 länen.
656 2245 18 32 I
694 2246 107 33 likhet
820 2248 74 32 med
915 2248 128 40 Kungl.
1065 2250 102 39 Maj:t
1189 2251 106 33 håller
1315 2253 185 33 emellertid
1522 2256 165 33 utskottet
1709 2253 81 47 före,

284 2295 51 29 att
353 2293 56 32 det
428 2294 169 33 allmänna
615 2295 158 34 intresset
791 2310 42 20 av
852 2299 290 40 malmletningens
1163 2302 60 32 och
1243 2302 321 40 företagsamhetens
1587 2306 202 39 befrämjan-

284 2341 39 33 de
343 2343 90 33 talar
453 2349 86 28 emot
557 2349 48 29 ett
625 2346 141 34 fortsatt
784 2348 234 35 bibehållande
1039 2363 42 20 av
1103 2353 144 32 nämnda
1267 2354 228 38 provisoriska
1519 2356 67 39 lag.
1627 2356 65 33 Att
1714 2357 74 32 den-

283 2403 128 22 samma
432 2407 45 20 nu
496 2396 171 38 upphäves
689 2398 71 32 står
780 2398 61 32 ock
861 2399 12 32 i
893 2400 65 38 god
979 2404 327 32 överensstämmelse
1327 2404 146 39 därmed,
1496 2411 51 28 att
1566 2407 145 32 kronans
1734 2419 55 20 an-

283 2442 144 34 delsrätt
447 2444 12 32 i
480 2457 106 27 gruva
607 2447 107 39 enligt
736 2448 165 40 förslaget
924 2451 85 33 löses
1033 2452 77 32 från
1133 2453 159 34 beroende
1314 2466 43 21 av
1378 2451 237 49 markägande.
