1878 2786
443 151 409 46 Bevillningsutskottets
871 153 222 36 betänkande
1110 154 45 35 nr
1172 156 52 32 47.
1579 156 17 31 7

81 239 218 42 ringsavgift,
327 242 52 29 att
404 241 256 40 investeringar
687 241 55 31 för
768 241 424 41 bränntorvtillverkning
1217 242 67 30 och
1311 242 55 30 för
1393 242 136 39 lagring
1556 251 42 21 av

79 290 140 31 bränsle
239 291 149 41 fritagas
409 291 82 31 från
511 292 224 41 avgiftsplikt
754 292 12 30 i
785 292 121 31 vidare
926 293 84 30 mån
1030 294 46 29 än
1097 302 76 21 som
1193 294 72 29 kan
1287 292 90 40 följa
1397 302 44 21 av
1460 292 137 30 förord-

80 341 148 40 ningens
252 342 183 31 allmänna
457 343 481 40 undantagsbestämmelser.
963 344 178 30 Utskottet
1166 343 185 40 avstyrker
1375 343 150 30 sålunda
1548 343 51 30 bi-

81 392 64 31 fall
161 392 53 31 till
230 393 42 31 de
289 393 241 41 föreliggande
548 396 233 29 motionerna.

126 494 116 31 Under
263 494 224 41 åberopande
509 504 43 22 av
572 495 68 31 vad
662 495 152 31 sålunda
835 496 139 30 anförts
996 496 55 30 får
1074 496 173 30 utskottet
1269 496 198 34 hemställa,

437 548 51 28 att
505 547 45 30 de
570 546 12 30 i
601 546 192 40 anledning
813 556 43 21 av
876 547 128 39 Kungl.
1025 546 125 40 Maj:ts
1171 546 221 41 proposition
1412 556 43 20 nr
1476 547 40 29 87
1539 556 60 21 an-

390 596 132 40 gående
539 597 164 40 åtgärder
717 597 55 30 till
788 597 204 39 främjande
1009 607 42 21 av
1067 597 410 40 bränsleförsörjningen
1494 598 104 30 väck-

390 649 37 29 ta
451 647 227 40 likalydande
702 647 222 32 motionerna
950 649 29 29 I:
996 648 64 31 388
1085 658 43 21 av
1151 649 124 29 herrar
1301 648 207 40 Söderquist
1532 648 66 30 och

392 698 127 31 Petrén
538 700 93 29 samt
649 699 46 30 II:
709 699 64 30 516
793 708 43 22 av
853 699 124 30 herrar
997 698 113 41 Sjölin
1129 699 65 30 och
1215 699 158 31 Schmidt
1392 698 78 31 icke
1489 699 109 30 måtte

390 749 185 31 föranleda
592 749 117 40 någon
726 749 209 40 riksdagens
954 750 133 39 åtgärd.

123 849 203 31 Stockholm
347 850 68 30 den
435 850 20 30 8
474 850 72 40 maj
571 851 95 30 1952.

509 952 50 30 På
579 951 407 40 bevillningsutskottets
1008 953 147 37 vägnar:

604 1053 119 30 FILIP
743 1053 317 31 KRISTENSSON.

710 1357 246 29 Närvarande:

120 1423 80 31 från
260 1425 141 29 första
434 1425 225 30 kammaren:
684 1424 124 31 herrar
833 1425 157 39 Sjödahl,
1015 1425 126 30 Gustaf
1165 1425 177 34 Elofsson,
1368 1425 137 33 Petrén,
1531 1426 64 29 Ve-

76 1466 132 35 lander,
225 1466 184 40 Ramberg,
424 1466 201 35 Niklasson,
642 1466 153 40 Wehtje,
811 1467 214 34 Damström,
1045 1467 115 39 Snygg
1176 1467 66 30 och
1260 1467 100 30 Rune
1377 1466 218 35 Johansson;

77 1510 91 29 samt

120 1568 81 30 från
230 1568 157 30 andra
416 1568 224 31 kammaren:
662 1568 124 30 herrar
806 1568 229 30 Kristensson
1055 1568 11 29 i
1088 1568 104 39 Osby,
1214 1567 211 40 Björklund,
1447 1567 147 40 Orgård,

77 1610 221 35 Sundström,
322 1610 162 39 Hagberg
505 1610 12 30 i
540 1610 140 35 Malmö,
705 1610 122 39 Sjölin,
853 1610 177 35 Olofsson,
1055 1610 264 35 Gunnarsson”,
1344 1609 163 40 Vigelsbo
1530 1610 66 30 och

78 1652 225 31 Kärrlander.

88 1705 33 25 =
143 1719 65 26 Icke
225 1720 133 25 närvarit
375 1720 50 25 vid
442 1721 147 31 justering
607 1728 35 17 av
660 1720 209 26 betänkandet.

676 1997 324 35 Reservationer:

119 2091 32 33 ID)
180 2099 43 21 av
249 2091 124 30 herrar
401 2090 227 31 Kristensson
657 2090 11 29 i
697 2090 105 40 Osby,
830 2091 139 36 Petrén,
1002 2091 180 39 Velander,
1215 2091 150 39 Wehtje,
1394 2091 162 39 Hagberg
1585 2090 11 29 i

75 2140 139 35 Malmö,
233 2140 114 41 Sjölin
369 2141 65 29 och
455 2141 240 36 Gunnarsson,
717 2140 96 31 vilka
833 2141 129 33 anfört,
985 2142 50 28 att
1054 2141 58 29 det
1133 2149 42 21 ur
1194 2141 401 39 beredskapssynpunkt

75 2191 94 39 finge
191 2191 168 30 bedömas
383 2191 182 39 angeläget
586 2192 52 29 att
658 2190 203 39 ytterligare
884 2191 161 30 utveckla
1072 2191 339 39 torvproduktionen
1434 2191 65 29 och
1523 2191 73 30 vid-

75 2244 80 36 taga
173 2241 161 39 åtgärder
354 2240 55 30 för
426 2240 92 30 ökad
536 2240 290 39 bränslelagring,
845 2241 120 30 varför
984 2240 210 30 hithörande
1214 2240 256 39 invesleringar
1489 2241 107 30 borde

75 2291 221 38 undantagas
319 2290 82 31 från
422 2289 356 40 investeringsavgift,
801 2292 92 28 samt
915 2289 45 40 på
981 2290 113 39 grund
1117 2291 110 29 härav
1249 2290 192 35 hemställt,

434 2342 52 28 att
505 2339 189 40 riksdagen
712 2357 44 3 —
774 2340 80 30 med
873 2339 100 30 bifall
993 2339 53 30 till
1066 2340 42 29 de
1127 2339 227 40 likalydande
1373 2341 221 30 motionerna

386 2390 30 30 I:
430 2390 64 30 388
512 2399 42 21 av
570 2390 123 30 herrar
710 2389 205 41 Söderquist
933 2390 65 30 och
1016 2390 126 29 Petrén
1160 2392 92 28 samt
1271 2390 44 30 11:
1330 2390 64 30 516
1413 2400 42 21 av
1472 2390 123 30 herrar

389 2440 113 40 Sjölin
520 2440 65 31 och
604 2439 158 32 Schmidt
780 2457 45 4 —
842 2440 109 30 måtte
970 2441 127 38 antaga
1114 2440 159 39 följande
