1874 2778
279 162 18 29 6
641 158 409 39 Bevillningsutskottets
1070 156 221 31 betänkande
1311 165 41 21 nr
1371 155 52 31 47.

282 245 118 30 vidare
422 245 54 29 för
497 243 255 39 investeringar
774 242 10 29 i
806 241 179 31 maskiner
1007 241 66 29 och
1094 240 111 30 andra
1227 240 56 29 för
1305 238 270 41 stadigvarande
1595 238 94 30 bruk
1709 238 12 29 i
1742 239 54 29 rö-

282 296 89 29 relse
392 295 152 30 avsedda
565 293 225 35 inventarier,
813 302 75 20 som
910 292 45 29 ha
978 301 44 20 en
1043 290 295 39 varaktighetstid
1360 299 43 21 av
1424 289 110 30 minst
1555 290 53 29 tre
1630 288 49 30 år.
1703 289 93 30 Från

283 345 330 40 avgiftsskyldighet
629 345 60 29 äro
706 343 188 33 frikallade
909 343 45 29 bl.
971 352 30 21 a.
1020 341 154 31 Svenska
1191 339 437 41 skifferoljeaktiebolaget
1645 339 65 30 och
1728 339 69 29 Ak-

283 397 184 37 tiebolaget
497 395 134 30 Svensk
658 394 266 38 torvförädling.
954 393 102 29 Vissa
1084 391 256 39 investeringar
1369 392 60 28 äro
1458 390 229 39 undantagna
1716 389 81 30 från

283 446 230 39 avgiftsplikt.
541 445 154 30 Sålunda
720 444 142 39 stadgas
889 442 293 41 avgiftsbefrielse
1208 442 56 29 för
1289 440 266 40 investeringar,
1583 449 75 21 som
1685 439 111 40 gjorts

283 497 80 29 med
390 497 77 29 stöd
494 506 43 20 av
564 496 133 38 statligt
724 495 133 38 bidrag,
885 494 59 29 lån
971 494 83 29 eller
1081 492 231 39 lånegaranti,
1339 492 54 29 till
1421 491 68 30 den
1516 491 55 30 del
1598 490 199 30 kostnaden

284 548 114 29 täckts
417 557 42 19 av
476 547 158 38 bidraget
651 546 84 29 eller
753 545 94 29 lånet
865 545 83 29 eller
967 552 125 31 genom
1110 543 229 39 utnyttjande
1358 552 42 20 av
1418 541 275 40 lånegarantien.
1712 541 87 30 Där-

283 599 110 38 jämte
414 598 90 29 skall
524 596 224 39 investering,
770 605 75 20 som
866 595 224 30 uteslutande
1110 594 83 30 eller
1212 593 220 39 väsentligen
1451 591 206 31 tillkommit
1677 590 55 31 för
1753 591 46 30 ci-

284 648 220 30 vilförsvars-
526 648 83 30 eller
632 645 384 41 beredskapsändamål
1039 645 76 29 icke
1138 653 103 21 anses
1265 644 118 30 såsom
1407 642 258 40 avgiftspliktig
1686 641 111 31 inves-

284 699 123 39 tering.

329 750 64 29 Till
419 751 77 29 stöd
520 751 54 29 för
598 751 55 29 det
677 750 10 29 i
710 748 221 31 motionerna
956 747 197 31 framförda
1175 747 176 39 yrkandet
1375 756 57 20 om
1453 746 164 30 befrielse
1640 745 80 30 från
1741 754 58 22 av-

284 800 173 40 siftsplikt
478 801 53 30 för
552 801 177 29 maskiner
746 800 65 30 och
829 799 253 40 anläggningar
1101 799 53 30 för
1171 796 424 40 bränntorvtillverkning
1611 796 46 30 ha
1675 796 123 30 motio-

286 853 149 29 närerna
455 851 167 40 åberopat
642 851 190 30 innehållet
853 851 8 28 i
882 860 41 20 en
944 850 97 29 inom
1059 850 133 29 statens
1212 847 377 31 bränslekommission
1608 847 189 40 upprättad

285 903 38 28 V.
343 903 35 28 P.
398 902 42 29 M.
460 901 179 38 angående
658 899 346 39 investeringsavgift
1023 898 54 30 för
1095 897 257 38 investeringar
1371 897 11 28 i
1400 895 400 40 bränntorvproduktio-

286 962 79 20 nen.
389 953 12 28 I
425 951 262 40 promemorian
709 951 65 29 har
797 948 423 32 bränslekommissionen
1244 956 76 21 som
1344 947 55 30 sin
1422 946 143 39 mening
1589 946 137 34 uttalat,
1751 947 51 29 aft

286 1013 42 19 en
345 1003 45 39 på
408 1002 171 39 grundval
596 1011 42 20 av
654 1001 95 30 vissa
765 1000 93 31 avtal
875 1000 270 30 åstadkommen
1163 997 296 41 torvproduktion
1476 997 91 30 hade
1584 996 217 40 väsentligen

287 1054 168 29 karaktär
477 1062 44 21 av
541 1051 352 40 beredskapsåtgärd.
917 1049 428 31 Bränslekommissionen
1369 1047 206 31 framhåller
1597 1047 131 34 vidare,
1752 1049 50 27 att

287 1104 115 29 denna
422 1103 229 40 uppfattning
671 1102 97 30 delas
789 1111 43 20 av
851 1101 257 30 riksnämnden
1128 1101 55 29 för
1205 1099 211 30 ekonomisk
1436 1097 366 40 försvarsberedskap,

287 1155 80 30 med
384 1154 118 30 vilken
519 1153 281 30 kommissionen
819 1151 149 31 samrått
984 1151 12 29 i
1013 1151 136 39 frågan.

334 1204 120 30 Såsom
471 1204 209 39 motivering
697 1203 56 30 för
770 1203 174 39 yrkandet
962 1211 57 21 om
1037 1203 51 29 att
1104 1201 256 39 anläggningar
1377 1200 56 31 för
1451 1199 135 40 lagring
1604 1209 43 21 av
1662 1199 141 30 bränsle

287 1256 85 29 böra
394 1255 221 38 undantagas
638 1254 82 30 från
742 1252 347 40 investeringsavgift
1110 1252 46 30 ha
1178 1251 265 30 motionärerna
1465 1250 129 34 anfört,
1618 1251 52 29 att
1693 1249 110 30 sådan

288 1306 145 39 lagring,
453 1305 128 30 främst
600 1314 42 21 av
660 1304 190 39 brännolja
868 1304 65 29 och
951 1303 136 35 bensin,
1106 1311 82 21 vore
1207 1311 44 21 en
1269 1300 342 41 beredskapsåtgärd
1630 1310 43 20 av
1692 1300 112 30 första

289 1356 195 39 ordningen
504 1356 55 29 för
579 1357 51 27 att
649 1355 133 38 främja
802 1363 43 20 en
864 1354 163 30 rationell
1046 1352 375 39 bränsleförsörjning.

334 1406 183 30 Huruvida
543 1405 347 39 investeringsavgift
917 1405 90 29 skall
1033 1404 84 39 utgå
1143 1404 54 29 för
1224 1403 43 30 de
1293 1403 12 29 i
1331 1402 223 30 motionerna
1579 1401 149 31 berörda
1754 1401 52 30 in-

289 1457 264 39 vesteringarna
573 1458 37 28 är
631 1456 10 29 i
661 1456 71 29 viss
754 1456 83 29 mån
857 1464 43 20 en
921 1455 101 39 fråga
1041 1464 57 20 om
1117 1453 164 40 tolkning
1302 1463 43 20 av
1365 1453 57 30 det
1443 1452 249 30 ovannämnda
1713 1452 93 30 stad-

289 1508 137 38 gandet,
451 1509 51 27 att
525 1506 224 39 investering,
774 1515 76 20 som
873 1505 225 30 uteslutande
1122 1505 83 29 eller
1228 1505 39 30 så
1292 1505 73 38 gott
1389 1512 75 21 som
1489 1503 225 30 uteslutande
1737 1502 70 30 till-

289 1558 150 29 kommit
466 1558 54 29 för
547 1556 394 40 beredskapsändamål,
969 1556 77 29 icke
1074 1556 90 29 skall
1191 1554 172 31 hänföras
1390 1554 54 29 till
1470 1553 258 40 avgiftspliktig
1754 1553 52 29 in-

288 1608 185 39 vestering.
491 1608 68 29 Till
575 1608 68 29 den
660 1607 55 31 del
731 1607 222 30 motionerna
969 1607 125 29 beröra
1110 1605 274 40 tillämpningen
1401 1614 42 21 av
1460 1604 259 39 författningen
1736 1604 71 30 för-

290 1659 125 29 anleda
436 1659 182 29 desamma
637 1658 77 29 icke
735 1658 107 39 något
863 1657 143 30 särskilt
1027 1657 165 39 yttrande
1213 1656 82 30 från
1316 1656 191 30 utskottets
1530 1654 86 35 sida,
1638 1654 167 30 eftersom

290 1710 58 29 det
366 1709 76 29 icke
462 1709 208 29 ankommer
690 1708 45 40 på
755 1708 172 30 utskottet
945 1709 51 28 att
1015 1707 97 30 tolka
1132 1707 162 39 gällande
1314 1705 223 40 författning.
1557 1705 179 31 Utskottet
1756 1705 51 29 in-

290 1760 173 29 skränker
479 1759 52 38 sig
546 1759 121 30 därför
683 1759 53 29 till
753 1760 52 31 att
820 1759 11 28 i
847 1759 95 29 detta
958 1758 170 30 avseende
1145 1757 149 31 hänvisa
1311 1757 53 30 till
1381 1765 90 22 ovan
1487 1756 181 39 återgivna
1684 1756 122 40 depar-

289 1810 437 39 dementschefsyttrande.
760 1810 76 29 Vad
870 1809 156 30 härefter
1061 1808 108 39 angår
1205 1809 58 29 det
1295 1808 12 29 i
1341 1807 222 30 motionerna
1586 1806 221 31 behandlade

290 1861 209 39 spörsmålet
516 1861 11 28 i
544 1860 112 39 övrigt
673 1860 55 30 får
745 1860 173 29 utskottet
935 1859 117 30 erinra
1068 1868 57 21 om
1142 1860 52 29 att
1212 1858 255 39 förordningen
1484 1867 58 20 om
1559 1857 247 39 investerings-

290 1911 110 39 avgift
424 1911 181 38 avsiktligt
630 1911 102 38 givits
758 1920 43 20 en
826 1910 151 38 generell
1002 1909 222 40 utformning
1249 1909 55 30 för
1330 1910 51 28 att
1406 1908 158 30 effekten
1589 1917 43 21 av
1657 1907 150 40 lagstift-

290 1962 129 39 ningen
441 1962 77 28 icke
542 1961 113 29 skulle
679 1962 197 37 äventyras.
899 1960 59 29 Ett
980 1962 109 28 annat
1111 1959 110 31 motiv
1246 1960 54 29 för
1323 1961 51 28 att
1397 1959 226 38 undantagen
1647 1958 81 30 från
1751 1966 57 21 av-

291 2012 176 39 giftsplikt
492 2012 111 39 gjorts
628 2011 225 40 synnerligen
875 2011 218 39 begränsade
1115 2010 65 30 har
1203 2010 92 30 varit
1319 2010 58 30 det
1401 2009 248 34 förhållandet,
1675 2010 50 29 att
1750 2008 57 30 det

291 2064 77 28 icke
386 2063 91 30 varit
495 2062 140 39 möjligt
653 2064 51 28 att
722 2063 164 29 närmare
906 2063 45 28 än
970 2062 93 29 skett
1080 2062 89 38 väga
1187 2060 207 31 samhällets
1413 2060 149 30 intresse
1582 2069 42 21 av
1643 2059 95 30 olika
1756 2058 52 30 in-

290 2113 226 39 vesteringar.
547 2112 245 31 Förevarande
822 2111 313 40 motionsyrkande
1164 2111 114 30 måste
1307 2111 109 39 enligt
1445 2111 191 30 utskottets
1664 2109 144 39 mening

290 2164 167 29 bedömas
474 2166 73 27 mot
563 2163 233 39 bakgrunden
813 2172 43 21 av
872 2164 103 29 dessa
991 2163 232 39 synpunkter.
1240 2162 90 30 Lika
1347 2162 90 40 goda
1453 2161 78 30 skäl
1548 2170 77 21 som
1642 2161 52 34 de,
1712 2160 96 30 vilka

291 2214 263 30 motionärerna
573 2214 129 34 anfört,
723 2214 115 30 skulle
857 2214 123 30 kunna
999 2213 170 40 åberopas
1188 2213 55 30 till
1262 2212 142 31 förmån
1423 2212 56 30 för
1500 2211 179 40 åtskilliga
1697 2210 112 31 andra

292 2265 432 39 undantagsstadganden.
745 2264 259 39 Investeringar
1023 2263 96 31 inom
1139 2266 23 27 t.
1183 2273 51 21 ex.
1255 2263 68 30 den
1343 2263 162 30 kemiska
1523 2262 200 30 industrien
1743 2260 64 31 och

292 2315 414 30 läkemedelsindustrien
725 2315 47 30 ha
791 2315 74 30 ofta
884 2315 131 30 utförts
1033 2314 79 30 med
1130 2314 200 30 beaktande
1349 2323 43 21 av
1409 2311 400 42 beredskapssynpunk-

291 2367 63 33 ter,
374 2367 86 28 utan
479 2367 51 28 att
549 2365 305 40 investeringarna
873 2365 223 30 fördenskull
1114 2365 124 30 kunna
1260 2365 101 38 sägas
1381 2364 46 31 ha
1447 2363 207 30 tillkommit
1673 2362 137 30 väsent-

294 2416 91 39 ligen
402 2416 55 30 för
473 2416 395 40 beredskapsändamål.
886 2415 179 30 Utskottet
1081 2415 118 30 finner
1217 2415 52 39 sig
1284 2415 83 30 med
1383 2413 214 40 hänvisning
1614 2413 53 30 till
1685 2412 58 30 det
1760 2420 49 21 nu

293 2467 150 30 anförda
463 2466 77 30 icke
561 2467 122 29 kunna
704 2466 179 40 tillstyrka
904 2475 43 21 en
968 2465 110 31 sådan
1100 2465 152 42 ändring
1273 2466 12 29 i
1306 2464 255 41 förordningen
1582 2472 58 23 om
1661 2462 148 31 investe-
