1886 2784
547 173 111 27 Pörsta
683 172 228 35 lagutskottets
935 175 168 28 utlåtande
1127 184 37 19 nr
1191 176 47 28 14.
1641 175 11 29 1

824 389 61 40 Nr
917 389 61 40 14.

451 494 186 31 Utlåtande
675 496 10 28 i
715 496 192 40 anledning
937 507 42 20 av
1010 498 128 39 Kungl.
1168 498 126 40 Maj:ts
1324 499 220 40 proposition
1575 498 81 30 med

672 556 135 40 förslag
843 557 53 30 till
931 557 56 40 lag
1021 558 181 39 angående
1238 559 144 39 fortsatt
1417 560 161 39 giltighet
1613 568 42 21 av

674 617 100 38 lagen
795 617 67 30 den
883 618 42 29 29
945 618 82 39 juni
1047 619 85 30 1946
1156 619 61 35 (nr
1237 619 82 35 408)
1343 628 56 22 om
1420 620 235 30 användande

673 685 42 21 av
751 678 350 39 statspolispersonal
1134 679 57 39 för
1228 679 91 30 vissa
1355 679 177 31 särskilda
1569 689 86 31 upp-

672 737 116 39 gifter.

192 838 132 30 Genom
348 848 43 21 en
414 840 69 29 den
508 841 16 28 7
550 849 95 21 mars
672 840 83 31 1952
781 842 231 39 dagtecknad,
1037 844 52 28 till
1114 843 195 40 lagutskott
1332 844 173 30 hänvisad
1529 853 125 32 propo-

137 890 116 35 sition,
280 900 43 20 nr
349 891 73 35 110,
448 892 120 29 vilken
592 892 210 31 behandlats
829 903 42 20 av
896 894 112 30 första
1035 895 240 39 lagutskottet,
1302 896 64 30 har
1393 896 127 40 Kungl.
1547 897 107 39 Maj:t

136 943 112 30 under
277 942 223 41 åberopande
530 953 43 21 av
602 945 266 39 propositionen
897 946 110 39 bilagt
1036 947 127 40 utdrag
1193 957 42 20 av
1266 948 387 40 statsrådsprotokollet

136 995 81 29 över
242 995 294 31 inrikesärenden
563 996 182 39 föreslagit
771 997 191 40 riksdagen
990 1000 50 28 att
1069 1000 127 38 antaga
1224 999 159 40 följande
1409 1001 59 29 vid
1495 1002 158 39 proposi-

135 1046 120 30 tionen
279 1046 126 41 fogade
431 1048 133 39 förslag
589 1048 53 30 till

851 1137 83 41 Lag

183 1204 183 40 angående
389 1204 144 32 fortsatt
556 1205 162 41 giltighet
740 1217 43 20 av
805 1206 105 40 lagen
935 1206 70 31 den
1028 1207 49 31 29
1099 1208 81 39 juni
1206 1207 96 32 1946
1331 1208 63 39 (nr
1418 1208 93 40 408)
1540 1220 61 20 om

251 1256 235 31 användande
507 1268 43 20 av
571 1257 350 41 statspolispersonal
942 1258 60 31 för
1022 1260 93 30 vissa
1137 1259 176 32 särskilda
1333 1260 198 41 uppgifter.

189 1359 215 39 Härigenom
437 1360 200 36 förordnas,
671 1363 51 28 att
755 1362 102 39 lagen
890 1363 69 29 den
993 1362 42 30 29
1057 1363 80 39 juni
1162 1363 84 30 1946
1269 1372 58 21 om
1350 1364 234 30 användande
1608 1373 42 21 av

133 1411 347 40 statspolispersonal
509 1412 56 30 för
592 1413 95 29 vissa
715 1413 176 30 särskilda
919 1414 191 40 uppgifter,
1140 1415 119 29 vilken
1288 1415 108 39 enligt
1425 1416 56 39 lag
1511 1416 68 29 den
1608 1415 41 30 25

133 1462 156 30 februari
313 1462 84 30 1949
424 1463 60 33 (nr
505 1463 60 34 47)
592 1464 108 39 gäller
721 1464 53 30 till
796 1465 64 29 och
883 1465 80 30 med
986 1466 68 29 den
1077 1465 40 30 30
1140 1466 80 39 juni
1243 1466 95 35 1952,
1362 1466 91 31 skall
1476 1468 64 39 äga
1562 1467 87 30 fort-

133 1515 68 28 satt
224 1514 159 40 giltighet
407 1514 89 30 efter
522 1515 222 30 sistnämnda
768 1516 77 39 dag.

187 1745 229 31 Beträffande
442 1747 42 29 de
510 1747 88 34 skäl,
626 1756 75 20 som
727 1748 90 39 ligga
843 1748 52 30 till
921 1750 116 38 grund
1063 1749 55 29 för
1144 1749 177 40 förslaget,
1347 1750 55 29 får
1428 1751 183 34 utskottet,
1637 1752 10 28 i

131 1797 69 29 den
223 1796 85 31 mån
333 1798 221 39 redogörelse
580 1799 121 29 därför
727 1799 77 30 icke
830 1800 137 29 lämnas
994 1801 66 29 här
1086 1801 125 34 nedan,
1238 1802 148 29 hänvisa
1412 1802 52 30 till
1490 1803 158 39 proposi-

131 1848 129 30 tionen.

185 1951 13 28 I
221 1952 266 39 propositionen
511 1953 103 29 anför
635 1953 257 39 föredragande
918 1954 401 40 departlementschefen,
1343 1956 191 30 statsrådet
1556 1955 91 31 Hed-

130 2002 95 37 lund,
251 2003 108 30 bland
384 2005 110 28 annat
518 2004 175 39 följande:

184 2055 67 28 För
274 2056 51 28 att
348 2055 183 39 tillgodose
554 2056 148 30 behovet
725 2067 42 20 av
791 2058 257 39 polispersonal
1072 2058 55 30 för
1152 2059 110 30 sådan
1287 2059 184 40 spanings-
1495 2061 66 28 och
1585 2069 60 21 an-

129 2115 70 20 nan
226 2106 329 39 polisverksamhet,
584 2117 75 20 som
687 2108 89 30 efter
803 2109 68 29 den
898 2110 181 29 allmänna
1109 2111 362 39 säkerhetstjänstens
1500 2112 146 29 avveck-

128 2158 72 38 ling
222 2158 38 29 år
286 2157 83 30 1946
392 2159 185 29 fordrades
602 2160 54 28 för
679 2162 51 27 att
752 2160 128 30 hindra
904 2161 66 29 och
994 2162 165 39 uppdaga
1184 2162 154 39 spioneri
1362 2163 66 29 och
1451 2163 113 30 andra
1589 2163 55 30 för

128 2209 108 29 rikets
256 2209 165 30 säkerhet
440 2210 161 39 skadliga
620 2211 103 33 brott,
743 2211 130 30 beslöts
894 2213 156 29 nämnda
1071 2213 38 29 år
1129 2222 43 20 en
1191 2213 174 40 utökning
1386 2223 42 20 av
1449 2215 196 39 statspolis-

127 2261 296 38 organisationen.
450 2262 12 27 I
488 2261 172 30 samband
684 2263 145 29 därmed
854 2265 125 36 antogs
1005 2264 100 38 lagen
1131 2264 67 29 den
1222 2264 42 29 29
1287 2265 79 38 juni
1393 2265 84 30 1946
1502 2275 57 19 om
1584 2275 60 20 an-

127 2312 183 29 vändande
346 2321 41 20 av
422 2313 347 39 statspolispersonal
805 2314 54 28 för
895 2314 94 29 vissa
1025 2315 176 29 särskilda
1225 2316 188 39 uppgifter.
1440 2317 124 30 Denna
1588 2318 56 37 lag

127 2363 195 29 innehåller
344 2365 60 31 att,
427 2364 109 38 enligt
557 2364 41 29 de
621 2365 162 28 närmare
806 2365 224 29 föreskrifter
1053 2366 197 38 Konungen
1272 2367 190 35 meddelar,
1484 2368 59 30 vid
1566 2377 78 31 spa-

128 2415 116 38 nings-
267 2415 83 28 eller
373 2424 119 20 annan
515 2415 318 39 polisverksamhet
856 2416 54 29 för
934 2418 51 28 att
1008 2417 128 30 hindra
1160 2418 83 29 eller
1267 2419 164 39 uppdaga
1452 2419 95 30 brott
1570 2422 72 27 mot

127 2467 19 28 8
171 2467 78 39 kap.
274 2466 208 38 strafflagen
508 2467 63 29 och
598 2467 109 29 andra
732 2467 103 34 brott,
861 2468 93 29 vilka
981 2468 119 30 kunna
1127 2469 108 30 skada
1262 2470 108 30 rikets
1396 2471 138 30 försvar
1559 2472 84 29 eller

121 2548 40 18 669
174 2549 24 17 52
246 2539 116 35 Bihang
386 2539 44 27 till
453 2539 171 34 riksdagens
647 2539 143 36 protokoll
820 2540 85 28 1952.
954 2542 17 24 9
994 2541 81 27 saml.
1128 2542 12 26 I
1165 2541 64 28 avd.
1279 2542 42 27 Nr
1349 2542 44 28 14.
