2183 2665
216 315 137 24 Utskottets

220 351 127 30 yttrande.

455 219 19 31 2
891 216 259 33 Statsutskottets
1177 216 171 32 utlåtande
1375 215 53 32 Nr
1455 217 52 30 98.

502 301 52 36 På
583 305 71 33 sätt
689 300 4 37 i
723 300 86 37 herr
838 299 263 37 Vennerstens
1130 297 144 37 motion
1290 297 165 48 anföres,
1473 309 118 51 synes
1612 296 64 37 det
1695 296 161 37 emellan
1876 295 120 36 armé-

399 354 287 49 förvaltningen
727 356 21 34 å
788 352 142 49 Kungl.
972 352 124 48 Maj:ts
1139 351 71 37 och
1250 351 166 36 kronans
1443 354 147 44 vägnar
1618 349 71 37 och
1717 348 133 37 staden
1876 348 120 37 Borås

401 408 73 36 den
518 409 45 35 10
606 379 93 81 april
744 407 95 35 1907
879 382 227 76 upprättade
1147 403 180 37 kontrakt
1356 402 197 50 angående
1581 401 213 51 upplåtelse
1822 401 42 37 af
1889 401 107 36 mark

399 460 59 37 till
499 459 227 48 öfningsfält
767 472 47 22 m.
857 472 47 22 m.
947 458 59 36 för
1042 450 204 56 Ålfsborgs
1273 460 222 45 regemente
1524 455 117 49 lägga
1668 454 136 37 hinder
1830 454 12 36 i
1871 458 124 45 vägen

400 513 60 37 för
480 517 54 32 att
561 488 93 61 utan
683 511 163 37 särskild
874 511 227 49 uppgörelse
1130 486 94 60 med
1245 485 116 61 Borås
1390 508 84 37 stad
1502 508 155 48 vidtaga
1682 507 73 37 den
1773 478 224 82 ifrågasatta

402 565 276 49 försäljningen
720 565 41 36 af
798 578 48 23 en
888 563 61 37 del
986 563 39 36 af
1058 567 258 43 regementets
1345 561 225 49 öfningsfält
1597 538 126 59 väster
1752 574 60 23 om
1840 540 154 56 Viskan.

505 618 87 37 Med
627 618 150 48 hänsyn
813 616 129 38 härtill
983 616 70 36 och
1096 616 46 36 då
1170 615 112 37 äfven
1312 614 41 37 af
1378 628 128 23 annan
1533 613 210 48 anledning
1774 612 222 49 ytterligare

401 671 207 48 utredning
650 671 40 36 af
728 670 159 36 ärendet
927 669 55 36 lär
1022 682 90 23 vara
1154 667 189 37 önskvärd
1386 672 97 32 samt
1524 666 120 49 enligt
1685 642 186 60 utskottet
1911 665 84 36 från

403 723 136 37 chefen
568 723 58 36 för
654 721 584 63 landtförsvarsdepartementet
1265 720 169 36 lämnadt
1460 695 248 60 meddelande
1738 718 64 36 det
1821 718 41 35 af
1877 717 119 36 Borås

402 776 83 37 stad
515 776 145 49 afgifna
687 773 414 59 försäljningsanbudet
1130 776 20 33 å
1178 772 74 37 den
1280 772 117 43 mark,
1428 785 80 24 som
1535 771 12 36 i
1576 770 248 38 förevarande
1853 769 145 38 motion

403 829 100 36 afses
545 805 56 60 till
642 828 129 48 inköp,
814 828 72 36 den
929 829 21 34 3
988 826 73 49 maj
1105 827 95 35 1912
1240 825 126 36 blifvit
1393 816 225 58 ytterligare
1646 823 196 49 förlängdt
1871 827 53 32 att
1950 825 48 47 på

403 881 249 37 oförändrade
680 880 137 37 villkor
845 879 101 50 gälla
973 878 58 36 till
1059 878 73 37 den
1164 880 17 34 1
1207 877 71 49 juli
1302 879 109 45 1913,
1433 890 112 23 anser
1563 875 197 48 utskottet,
1772 852 62 59 att
1854 874 142 50 Kungl.

402 934 128 49 Maj:ts
567 909 301 73 ifrågavarande
885 931 239 50 proposition
1152 930 83 37 icke
1264 930 60 37 för
1352 929 237 37 närvarande
1616 928 69 37 bör
1711 904 49 61 af
1776 904 222 72 Riksdagen

401 987 162 37 bifallas.

505 1039 196 38 Utskottet
729 1037 218 38 hemställer
976 1035 156 38 sålunda

906 1105 33 50 a)
977 1110 55 32 att
1070 1104 139 50 Kungl.
1248 1104 127 49 Maj:ts
1412 1103 147 49 förslag
1591 1116 60 23 om
1680 1107 54 32 att
1761 1101 122 49 fjärde
1911 1101 86 37 huf-

802 1158 207 37 vudtitelns
1047 1158 190 36 allmänna
1273 1157 250 57 besparingar
1559 1158 60 33 må
1655 1160 111 43 tagas
1793 1155 10 35 i
1834 1154 163 49 anspråk

802 1211 59 36 för
897 1210 270 37 förvärfvande
1205 1212 36 33 åt
1268 1209 168 45 Kronan,
1465 1208 13 36 i
1506 1208 72 36 och
1606 1207 58 36 för
1693 1206 239 59 anläggning
1960 1206 41 36 af

802 1277 47 23 en
887 1263 201 49 skjutbana
1120 1262 60 36 för
1207 1255 206 55 Älfsborgs
1442 1265 231 43 regemente,
1704 1259 41 36 af
1768 1259 101 36 vissa
1891 1259 106 62 jord-

803 1316 181 37 områden
1013 1315 70 36 och
1112 1315 59 36 för
1198 1287 192 80 flyttning
1409 1314 41 36 af
1476 1327 48 22 en
1543 1311 271 49 kraftledning,
1835 1311 60 37 för
1913 1315 85 32 när-

802 1368 167 37 varande
997 1367 85 37 icke
1110 1369 59 34 må
1198 1368 41 35 af
1262 1367 220 47 Riksdagen
1509 1365 165 45 bifallas;

906 1419 39 50 b)
976 1425 52 31 att
1056 1418 140 50 Kungl.
1225 1418 126 49 Maj:ts
1379 1418 147 48 förslag
1554 1422 55 32 att
1628 1430 48 23 en
1695 1416 62 37 del
1777 1416 42 37 af
1833 1416 165 36 nämnda

802 1477 238 45 regementes
1069 1471 225 49 öfningsfält
1323 1473 70 46 må,
1422 1471 12 36 i
1462 1470 74 37 den
1563 1472 86 35 mån
1678 1469 73 37 den
1771 1468 98 37 efter
1887 1469 111 37 verk-

803 1525 113 37 ställd
957 1525 204 47 utredning
1202 1524 171 36 befinnes
1416 1522 194 49 obehöflig
1650 1522 60 36 för
1742 1526 255 44 regementets

804 1577 191 49 öfningar,
1037 1577 177 49 försäljas
1256 1577 70 36 och
1366 1575 424 49 försäljningssumman
1835 1573 162 37 tillföras

802 1606 315 60 landtförsvarsts
1157 1629 100 58 fond
1303 1629 58 36 för
1402 1627 227 49 byggnader
1670 1627 71 36 och
1777 1626 117 37 andra
1922 1626 76 37 för-

804 1680 296 48 svarsändamål,
1130 1681 34 49 ej
1194 1680 119 37 heller
1341 1683 60 33 må
1421 1680 60 36 för
1500 1679 236 37 närvarande
1756 1679 116 36 vinna
1891 1678 107 36 Riks-

802 1735 145 49 dagens
975 1710 125 69 bifall;
1126 1695 98 75 samt

906 1786 34 48 c)
971 1792 52 30 att
1051 1786 88 36 herr
1167 1785 258 36 Vennerstens
1454 1784 143 36 motion
1626 1797 45 22 nr
1701 1785 71 35 303
1802 1786 60 33 må
1885 1795 112 24 anses

802 1851 139 36 genom
982 1838 100 36 hvad
1118 1837 187 37 utskottet
1339 1837 4 35 i
1373 1849 110 23 mom.
1513 1835 37 49 b)
1580 1835 192 37 hemställt
1799 1834 197 38 besvarad.

509 1908 219 37 Stockholm
757 1908 72 37 den
860 1910 46 34 14
935 1907 72 49 maj
1042 1909 108 34 1912.

918 1986 51 36 På
999 1985 299 37 statsutskottets
1327 1989 158 44 vägnar:

1055 2062 45 38 G.
1131 2062 220 38 BILLING.

509 2171 64 27 Vid
595 2170 201 29 förestående
820 2171 133 27 ärendes
978 2170 263 37 slutbebandling
1263 2170 87 27 inom
1374 2170 158 27 utskottet
1555 2168 97 28 hafva
1674 2168 156 27 närvarit:

509 2214 110 27 herrar
652 2213 34 28 ÅA.
723 2213 35 29 G.
783 2213 35 28 LD.
843 2212 122 36 Billing,
1000 2214 34 27 A.
1060 2212 124 35 Ekman,
1219 2192 108 56 grobve
1350 2212 35 28 F.
1416 2211 222 34 Wachtmeister,
1675 2210 31 29 O.
1731 2210 134 34 Jonsson,
1899 2209 35 29 A.
1959 2209 37 28 N.

405 2256 99 35 Hamm,
539 2256 133 28 friherre
698 2255 30 28 J.
756 2256 30 27 T.
813 2255 192 36 Gripenstedt,
1030 2256 108 36 gretve
1161 2255 34 28 P.
1219 2222 34 61 0.
1279 2255 35 28 L.
1345 2254 165 36 Klingspor,
1534 2254 132 27 friherre
1691 2252 29 28 C.
1746 2252 41 28 H.
1808 2252 189 36 Falkenberg,

405 2299 132 27 friherre
569 2298 29 28 J.
626 2298 34 28 G.
688 2298 179 34 Beck-Frus,
901 2298 35 28 A.
963 2297 30 29 C.
1017 2297 154 34 Tindblad,
1209 2296 29 29 C.
1264 2297 34 28 G.
1323 2297 124 34 Ekman,
1470 2296 36 28 F.
1531 2295 158 37 Berglund,
1712 2295 38 28 N.
1777 2295 32 28 O.
1833 2295 105 34 Bruce,
1961 2295 36 27 A.

415 2339 143 36 Wiklund,
593 2341 42 28 H.
671 2336 172 38 Andersson,
877 2340 36 28 F.
944 2340 44 28 W.
1016 2340 151 34 Thorsson,
1205 2339 29 28 C.
1259 2339 135 34 Persson,
1429 2339 37 27 K.
1496 2338 30 27 V.
1551 2338 111 35 Bydén,
1692 2337 30 28 J.
1747 2338 34 27 A.
1806 2337 59 36 Sjö,
1899 2337 36 28 N.
1960 2337 36 28 E.

406 2383 153 37 Lindberg,
582 2383 29 29 J.
636 2382 104 35 Ström,
764 2383 36 28 E.
825 2382 34 29 A.
883 2382 111 34 Nilson,
1019 2382 29 29 J.
1076 2382 133 35 Olofsson
1232 2382 57 28 och
1312 2381 29 28 J.
1366 2381 164 29 Andersson
1552 2381 10 27 i
1585 2380 114 29 Stärte.
