2192 2583
784 161 250 33 Statsutskottets
1063 159 171 34 Utlåtande
1258 159 61 33 N:o
1344 159 50 32 11.
1745 158 41 30 25

251 242 369 47 lasarettsläkarnes,
650 247 64 31 äro
734 240 11 37 i
762 240 206 38 allmänhet
983 239 279 38 tillförsäkrade
1277 242 77 32 rätt
1369 237 57 37 till
1441 251 47 23 en
1502 235 171 51 pension,
1689 234 155 37 hvilken

252 295 137 36 tillåter
432 294 84 36 dem
559 299 53 31 att
654 293 86 37 med
781 293 185 50 trygghet
1002 305 39 24 se
1069 291 200 38 framtiden
1299 303 56 23 an.
1412 290 75 36 För
1513 286 331 39 lasarettsläkarne

251 347 107 35 torde
386 346 258 49 pensionsrätt
672 359 91 23 vara
792 348 39 33 så
859 345 152 48 mycket
1040 358 101 22 mera
1170 341 232 49 nödvändig,
1432 354 79 23 som
1532 340 86 36 med
1638 338 206 48 anledning

254 398 39 36 af
330 398 73 36 den
446 399 112 36 ofvan
600 398 195 49 påpekade
824 397 128 36 starka
979 395 275 49 utvecklingen
1283 394 41 37 af
1347 391 361 39 lasarettsväsendet
1736 389 109 37 deras

255 450 54 36 tid
343 450 6 35 i
378 453 140 46 många
552 449 66 37 fall
647 461 154 24 numera
830 449 12 35 i
871 449 66 35 allt
965 448 119 49 högre
1112 448 92 48 grad
1235 451 109 43 tages
1372 446 12 34 i
1413 444 163 49 anspråk
1605 443 57 36 för
1689 443 156 36 lasaret-

254 507 76 32 tets
358 515 99 36 egen
488 501 177 48 räkning,
694 500 12 36 i
733 500 95 48 följd
856 500 138 36 hvaraf
1019 503 80 33 åter
1126 499 45 35 de
1199 498 82 36 icke
1310 497 13 36 i
1351 509 142 24 samma
1521 498 86 33 mån
1636 507 79 24 som
1743 494 103 36 förut

258 559 64 31 äro
350 554 12 36 i
391 554 147 36 tillfälle
568 557 55 31 att
650 565 139 35 genom
820 551 149 36 enskild
997 550 152 49 praktik
1177 548 119 37 skaffa
1324 548 61 48 sig
1414 552 54 32 ett
1495 545 185 49 behöfligt
1706 545 141 48 tillägg

254 605 59 36 till
342 606 94 47 sina,
461 605 81 48 just
571 604 85 36 med
684 603 150 49 hänsyn
862 603 57 35 till
947 602 122 36 denna
1097 600 215 38 beräknade
1340 598 153 50 praktik
1513 598 12 35 i
1541 596 205 37 allmänhet
1765 596 82 48 lågt

257 657 177 48 tilltagna
463 655 388 49 aflöningsförmåner.
909 654 54 36 Då
992 653 145 37 således
1157 666 46 23 en
1222 650 321 39 lasarettsläkares
1563 647 284 49 sammanlagda

256 709 209 36 inkomster
491 707 13 36 i
532 710 139 45 många
698 707 65 36 fall
792 707 32 48 ej
855 705 108 37 torde
992 719 91 23 vara
1111 704 154 50 mycket
1292 707 133 43 större,
1455 707 48 30 än
1521 700 100 37 hvad
1641 712 79 25 som
1738 701 110 47 åtgår

256 761 56 35 till
339 759 244 38 bestridande
612 759 41 36 af
678 759 45 36 de
752 758 142 48 nödiga
921 755 480 47 lefnadsomkostnaderna,
1431 758 41 32 är
1499 752 63 37 det
1589 773 51 6 —
1667 751 71 37 och
1764 750 83 36 nu
1816 746 32 64 i

257 813 120 47 högre
405 811 92 49 grad
526 816 48 32 än
601 812 78 35 förr
706 833 49 3 —
784 813 104 33 svårt
916 809 59 37 för
1001 809 139 36 honom
1170 813 52 32 att
1250 809 56 36 för
1335 806 59 49 sig
1422 806 70 36 och
1520 805 57 36 sin
1596 803 118 48 familj
1737 815 111 36 spara

257 863 226 49 tillräckligt
509 863 57 36 till
594 863 74 36 den
695 863 67 46 tid,
792 862 49 52 då
866 861 75 36 han
968 863 47 47 på
1042 860 127 49 grund
1198 860 40 36 af
1254 859 104 37 ålder
1373 857 70 37 och
1461 855 222 50 försvagade
1703 854 145 36 krafter

258 917 69 36 bör
355 916 85 35 från
469 915 167 48 tjänsten
665 914 99 47 afgå.
820 916 61 32 Ån
910 917 108 30 värre
1048 911 128 36 ställer
1204 911 59 48 sig
1291 910 129 46 saken,
1449 908 138 46 därest,
1617 909 122 33 såsom
1769 905 79 36 ofta

260 973 41 30 är
329 965 265 48 förhållandet,
628 963 352 38 lasarettsläkarens
999 962 230 48 utbildning,
1252 961 156 36 hvilken
1423 959 107 36 torde
1547 959 37 36 få
1600 970 109 24 anses
1724 959 123 34 såsom

258 1019 73 36 den
365 1018 225 49 dyrbaraste
615 1016 40 36 af
681 1016 69 36 alla
781 1016 160 46 läkares,
971 1014 145 48 nödgat
1136 1014 138 35 honom
1299 1013 54 35 till
1374 1010 296 48 skuldsättning,
1690 1007 157 37 hvilken

258 1071 48 35 då
342 1070 179 48 vanligen
549 1068 112 50 följer
689 1068 140 36 honom
858 1067 122 36 under
1008 1066 92 49 lång
1128 1065 64 37 tid.

387 1173 15 36 I
444 1172 157 37 ärendet
641 1171 120 37 hörda
802 1169 273 51 myndigheter
1114 1168 115 37 hafva
1261 1167 85 36 icke
1379 1166 83 36 haft
1489 1168 119 45 något
1637 1168 55 33 att
1720 1162 127 38 erinra

257 1232 78 31 mot
376 1225 101 36 hvad
507 1223 289 37 kommitterade
826 1222 127 37 anfört
980 1221 12 36 i
1020 1221 109 49 fråga
1157 1233 60 23 om
1246 1217 286 49 behöfligheten
1562 1217 40 36 af
1628 1229 47 23 en
1705 1214 141 37 ordnad

259 1277 272 50 pensionering
559 1276 40 36 af
623 1274 348 38 lasarettsläkarne.

387 1329 75 35 För
489 1328 76 36 min
595 1326 59 37 del
672 1328 119 35 finner
807 1327 70 48 jag
896 1324 248 37 kommitténs
1163 1322 160 48 mening
1343 1319 231 38 härutinnan
1594 1318 251 50 välgrundad.

391 1432 9 35 [
431 1432 110 47 fråga
569 1445 59 21 om
659 1430 44 35 de
733 1428 100 37 olika
862 1433 87 42 sätt,
978 1430 48 47 på
1054 1427 130 36 hvilka
1213 1439 47 22 en
1289 1424 118 36 sådan
1433 1421 272 51 pensionering
1725 1421 123 37 skulle

259 1485 128 36 kunna
416 1483 290 46 åstadkommas,
735 1479 152 51 yttrade
915 1479 239 37 kommittén:

388 1535 142 36 »Bland
563 1534 158 49 möjliga
748 1537 165 43 utvägar
941 1544 90 24 vore
1061 1544 47 23 en
1138 1534 55 31 att
1217 1529 107 48 gifva
1352 1539 105 24 mera
1485 1526 173 37 bestämd
1687 1525 96 37 form
1813 1526 39 34 åt

261 1589 71 36 den
375 1587 248 47 landstingen
664 1598 48 24 nu
756 1583 216 37 anbefallda
1012 1582 148 49 plikten
1193 1585 55 31 att
1276 1580 101 48 sörja
1412 1578 59 37 för
1498 1577 353 37 lasarettsläkarnes

261 1639 276 50 pensionering
564 1641 47 46 på
640 1636 135 37 sådant
804 1640 87 42 sätt,
921 1640 54 31 att
1002 1634 132 48 hvarje
1154 1631 197 48 landsting
1371 1630 122 36 skulle
1514 1630 158 48 åläggas
1690 1633 55 31 att
1765 1624 84 56 med

261 1697 55 30 ett
344 1691 69 36 fixt
442 1691 138 48 belopp
608 1688 229 50 pensionera
867 1687 45 36 de
941 1686 64 36 vid
1034 1686 87 35 dess
1145 1685 157 36 lasarett
1322 1681 189 38 anställda
1529 1680 321 43 lasarettsläkare,

261 1747 40 32 så
327 1748 106 31 snart
461 1742 46 36 de
536 1743 163 47 uppnått
727 1753 45 22 en
803 1739 77 36 viss
909 1737 172 38 bestämd
1110 1736 112 36 ålder.
1279 1735 113 35 Detta
1422 1738 76 32 sätt
1519 1733 106 36 torde
1646 1732 96 37 dock
1763 1744 90 23 vara

261 1795 148 36 mindre
452 1799 55 31 att
535 1792 165 47 förorda,
731 1796 93 31 enär
851 1790 111 36 häraf
986 1788 122 38 skulle
1138 1787 118 37 vållas
1284 1788 140 46 många
1453 1784 240 49 ojämnheter
1720 1783 12 36 i
1760 1795 93 37 pen-

262 1845 362 48 sioneringsbördan
653 1843 104 37 såväl
786 1842 103 36 inom
919 1846 54 31 ett
1001 1840 70 37 och
1101 1852 141 24 samma
1270 1835 373 50 landstingsområde
1672 1847 80 24 som
1783 1833 70 36 ock

262 1899 45 36 de
337 1898 102 36 olika
466 1894 423 49 landstingsområdena
917 1892 172 37 emellan.
1149 1889 205 51 Ojämnhet
1381 1888 102 37 inom
1513 1887 340 47 landstingsområ-

262 1951 63 36 det
367 1949 122 37 skulle
531 1949 127 36 kunna
699 1946 115 37 vållas
857 1945 41 36 af
935 1945 70 36 den
1049 1941 350 49 omständigheten,
1430 1944 54 32 att
1512 1939 101 37 inom
1643 1938 210 37 detsamma

263 2003 122 35 finnes
414 2001 134 37 endast
576 2004 56 32 ett
661 1999 89 36 fåtal
779 1996 317 37 lasarettsläkare.
1143 1995 75 36 Det
1246 1992 123 38 skulle
1390 1991 128 36 därför
1537 1992 129 35 kunna
1685 1988 167 47 inträffa,

264 2059 55 31 att
346 2054 121 35 under
497 2066 46 22 en
571 2051 95 49 följd
696 2050 40 37 af
762 2052 41 34 år
830 2049 118 48 ingen
976 2046 159 51 pension
1164 2045 177 49 utginge,
1372 2042 136 37 medan
1537 2042 167 38 därefter
1731 2040 123 37 under

264 2119 47 22 en
352 2117 122 24 annan
517 2102 131 51 period
690 2101 206 37 kostnader
938 2100 59 36 för
1038 2099 88 36 flere
1169 2096 204 51 pensioner
1414 2094 163 37 behöfde
1605 2092 246 38 utdebiteras.

263 2156 233 48 Härigenom
539 2155 120 36 skulle
688 2167 47 22 en
764 2165 132 24 senare
925 2150 225 50 generation
1179 2149 40 36 af
1244 2145 281 50 skattskyldige
1553 2145 148 48 nödgas
1730 2142 124 54 betala

265 2208 99 37 hvad
394 2221 81 22 som
504 2206 203 48 rätteligen
735 2205 86 35 bort
849 2202 165 38 fördelas
1042 2201 112 36 äfven
1185 2202 44 47 på
1252 2213 47 23 en
1320 2198 231 48 föregående
1571 2197 127 37 sådan.
1728 2195 126 35 Äfven

265 2261 45 35 de
353 2259 101 36 olika
494 2256 422 50 landstingsområdena
945 2253 157 38 emellan
1132 2252 120 37 skulle
1281 2249 238 50 ojämnheter
1547 2250 130 36 kunna
1706 2248 148 47 uppstå

349 2319 73 32 Bih.
447 2319 47 32 till
519 2318 109 31 Riksd.
652 2317 88 31 Prot.
767 2317 92 31 1903.
906 2316 19 31 4
949 2315 97 32 Saml.
1074 2315 16 30 1
1115 2311 78 41 Afd.
1218 2312 40 30 11
1283 2309 94 40 Häft.
1792 2306 19 30 4
