2193 2578
735 157 250 32 Statsutskottets
1014 157 167 32 Utlåtande
1203 156 62 32 N:o
1290 158 50 30 11.
1746 157 38 31 71

366 236 85 37 »Uti
492 235 237 49 underdånig
771 235 201 38 skrifvelse
1007 235 74 37 den
1112 237 42 34 11
1186 234 209 38 november
1425 236 96 35 1902
1550 235 70 36 har
1648 236 180 36 arméför-

237 287 226 49 valtningen
491 290 20 34 å
540 287 469 50 artilleridepartementet,
1040 289 97 36 efter
1166 286 282 50 framställning
1472 287 41 36 af
1533 287 296 49 tygmästaren
1811 282 23 59 i

239 338 231 49 Stockholm,
512 339 205 48 hemställt,
761 344 55 32 att
857 340 137 48 Kungl.
1029 340 106 48 Maj:t
1162 339 145 36 täcktes
1336 339 68 36 hos
1432 339 218 48 Riksdagen
1680 338 149 37 anhålla

237 404 59 24 om
332 392 160 49 pension
526 392 83 36 från
643 391 187 36 allmänna
864 391 374 49 indragningsstaten
1269 394 38 33 åt
1335 396 106 31 extra
1469 390 360 38 sadelmakeriarbe-

238 449 107 31 taren
388 444 60 36 vid
478 443 239 37 Stockholms
744 443 296 48 tygverkstäder
1068 442 116 37 Oscar
1211 442 218 37 Ferdinand
1459 442 104 36 Knut
1591 442 154 49 Tiberg,
1775 448 53 31 att

236 498 92 45 utgå
371 495 86 37 med
501 496 73 35 500
615 494 140 36 kronor
788 494 146 49 årligen
963 495 84 36 från
1076 494 70 36 och
1176 494 83 36 med
1289 494 185 36 månaden
1504 498 85 31 näst
1618 495 97 36 efter
1744 495 84 47 den,

239 548 46 35 då
314 547 144 48 ”Tiberg
486 548 165 47 uppnått
679 547 48 34 60
756 548 49 33 år.

365 597 74 37 Till
480 598 84 36 stöd
607 597 129 36 härför
777 596 68 37 har
888 596 388 47 arméförvaltningen
1311 595 137 37 anfört:
1480 601 54 31 att
1563 596 153 49 Tiberg,
1747 610 79 23 som

235 663 91 24 vore
368 649 90 38 född
500 649 73 36 den
618 650 43 35 17
701 648 161 36 oktober
910 650 107 45 1843,
1055 648 120 49 enligt
1204 647 98 36 hvad
1332 652 262 44 tygmästaren
1624 648 202 48 meddelat,

236 702 146 37 arbetat
419 705 20 33 å
467 700 249 38 förenämnda
744 700 297 49 tygverkstäder
1068 700 120 36 under
1216 702 90 34 åren
1338 700 250 36 1856—1862
1618 706 97 30 samt
1743 700 83 37 där-

236 754 96 37 efter
360 753 66 36 allt
454 753 116 37 sedan
600 755 41 33 år
673 753 96 46 1864
798 752 224 49 tjänstgjort
1050 751 196 37 därstädes
1275 754 123 34 såsom
1428 756 106 32 extra
1559 752 170 36 arbetare
1749 758 78 30 mot

235 819 47 23 en
323 805 254 49 timpenning,
622 817 79 23 som
743 804 121 36 under
899 817 131 23 senare
1059 803 102 37 tiden
1190 803 147 48 utgjort
1367 805 45 34 36
1438 809 76 41 öre,
1544 803 280 47 motsvarande,

234 858 95 35 efter
372 858 45 35 10
458 857 170 36 timmars
670 854 214 49 arbetsdag,
927 868 46 23 en
1002 855 268 49 dagspenning
1303 855 41 35 af
1365 857 21 33 3
1415 855 140 36 kronor
1584 856 46 35 60
1660 861 80 40 öre;
1771 861 56 31 att

234 909 75 36 han
352 909 40 36 af
429 912 263 44 tygmästaren
729 907 149 35 erhållit
906 907 62 35 det
997 906 154 47 vitsord,
1177 911 56 31 att
1262 907 74 34 han
1364 906 119 36 under
1511 906 66 36 sitt
1604 907 220 49 fyrtiofyra-

234 960 104 48 åriga
371 960 129 36 arbete
528 958 12 36 i
568 958 165 36 kronans
761 958 121 47 tjänst
910 957 204 49 ådagalagt
1141 962 55 32 ett
1224 958 11 35 i
1265 957 72 36 allo
1366 957 192 37 hedrande
1588 959 236 47 uppförande

233 1016 99 32 samt
361 1009 346 50 arbetsduglighet;
738 1009 70 36 och
836 1014 55 31 att
918 1008 141 49 Tiberg
1086 1012 48 45 på
1161 1009 125 48 grund
1315 1009 42 35 af
1382 1008 111 48 ålder,
1514 1009 207 49 försvagad
1737 1023 86 35 syn-

233 1063 174 48 förmåga
436 1062 68 36 och
534 1061 211 50 sjuklighet
773 1061 33 48 ej
837 1061 133 49 längre
999 1061 126 36 kunde
1153 1060 177 37 fortsätta
1360 1060 84 37 med
1472 1061 146 37 arbetet
1647 1061 61 36 vid
1736 1067 88 44 tyg-

234 1114 283 37 verkstäderna.

360 1166 67 37 Uti
455 1165 177 37 häröfver
660 1165 73 36 den
761 1166 44 34 12
831 1163 198 37 december
1056 1166 96 35 1902
1173 1164 164 48 afgifvet
1355 1164 255 48 underdånigt
1629 1164 194 37 utlåtande

232 1218 67 36 har
331 1218 274 36 statskontoret
644 1217 135 46 anfört,
809 1221 54 31 att
892 1216 282 46 statskontoret,
1206 1216 85 37 med
1320 1216 176 36 afseende
1527 1218 19 34 å
1575 1216 100 36 hvad
1705 1217 117 36 armé-

232 1269 286 48 förvaltningen
550 1273 131 44 yttrat,
711 1270 142 46 ansåge
882 1267 60 48 sig
970 1268 90 35 böra
1088 1267 147 37 biträda
1264 1267 288 48 ifrågavarande
1582 1268 239 48 hemställan,

231 1321 120 36 under
370 1320 151 38 erinran
550 1319 134 48 tillika,
712 1320 180 35 hurusom
925 1320 92 35 1901
1049 1321 60 33 års
1137 1319 169 48 Riksdag
1334 1319 10 35 i
1373 1319 208 48 ariedning
1609 1319 40 36 af
1674 1333 47 22 en
1749 1320 70 36 lik-

230 1373 123 36 nande
382 1372 293 49 pensionsfråga
702 1371 149 46 uttalat,
881 1375 56 31 att
965 1369 218 49 Riksdagen
1205 1373 140 45 ansåge
1366 1371 156 48 pension
1542 1372 42 34 af
1600 1371 220 37 statsmedel

229 1424 82 36 icke
339 1423 92 37 böra
458 1423 200 48 förvägras
687 1421 58 37 till
774 1422 78 48 hög
880 1421 104 36 ålder
1012 1422 137 36 komne
1179 1422 68 35 och
1278 1422 42 35 af
1337 1422 208 48 sjuklighet
1564 1422 151 37 lidande
1736 1436 83 35 per-

229 1488 123 34 soner,
395 1488 78 23 som
516 1474 119 36 under
676 1473 153 50 mycket
870 1473 90 48 lång
997 1473 54 36 tid
1080 1473 80 36 haft
1188 1473 127 49 stadig
1343 1473 233 49 anställning
1604 1474 61 36 vid
1696 1479 122 32 staten

228 1526 193 49 tillhöriga
463 1525 256 49 inrättningar
760 1526 70 36 och
873 1525 58 36 för
968 1524 55 37 sin
1052 1524 131 37 därvid
1212 1525 182 36 utöfvade
1422 1525 241 37 verksamhet
1691 1526 128 36 blifvit

229 1578 60 36 väl
317 1578 216 36 vitsordade
562 1582 96 31 samt
687 1581 129 44 syntes
846 1577 148 35 befinna
1023 1576 61 48 sig
1112 1576 10 36 i
1153 1576 239 37 behöfvande
1421 1576 337 49 omständigheter.

356 1629 130 48 Enligt
521 1633 54 32 ett
604 1629 72 36 den
705 1631 21 33 8
756 1628 205 36 november
992 1629 95 35 1902
1109 1628 191 36 utfärdadt
1327 1629 249 48 läkarebetyg
1606 1633 41 32 är
1676 1629 142 50 Tiberg

226 1680 150 37 lidande
406 1681 39 36 af
469 1681 153 36 kronisk
651 1679 248 38 rheumatism
928 1680 68 36 och
1025 1682 109 34 svåra
1162 1679 205 37 åderbråck
1396 1683 19 33 å
1443 1680 96 36 båda
1569 1681 123 36 benen
1721 1686 96 32 samt

227 1735 47 46 på
315 1732 127 49 grund
470 1733 40 35 af
536 1732 108 36 dessa
673 1731 220 49 sjukdomar
920 1731 233 36 urståndsatt
1182 1736 55 31 att
1265 1731 191 49 nöjaktigt
1484 1732 164 48 fullgöra
1676 1733 140 36 honom

227 1783 202 49 åliggande
469 1783 173 49 göromål
684 1784 68 35 och
795 1783 134 36 varder
958 1782 191 37 sannolikt
1177 1783 120 36 under
1326 1783 45 37 de
1400 1788 190 31 närmaste
1620 1786 89 34 åren
1737 1784 79 36 helt

227 1835 70 36 och
325 1835 117 37 hållet
471 1836 221 48 oförmögen
722 1840 52 31 att
805 1835 85 36 med
918 1834 274 49 kroppsarbete
1222 1835 62 48 sig
1313 1835 194 49 försörja.»

354 1887 89 36 Med
484 1887 178 36 afseende
705 1889 20 33 å
757 1886 99 36 hvad
886 1886 153 36 sålunda
1067 1886 241 36 förekommit
1337 1887 70 36 och
1435 1886 46 37 då
1510 1887 154 48 Tiberg,
1694 1887 120 47 enligt

225 1943 54 31 ett
308 1939 40 35 af
373 1938 283 37 vederbörande
685 1943 171 31 roteman
884 1937 191 37 utfärdadt
1102 1937 123 49 intyg,
1255 1938 166 36 befunne
1451 1938 60 48 sig
1538 1938 11 36 1
1570 1938 243 37 obemedlade

225 1989 333 50 omständigheter,
601 1990 68 36 har
710 1988 420 50 departementschefen
1164 1989 194 36 hemställt
1393 2004 59 21 om
1481 1990 187 36 aflåtande
1698 1991 40 35 af
1763 2004 48 22 nu

223 2042 291 48 ifrågavarande
542 2041 295 48 framställning.

352 2145 88 36 Med
469 2145 150 48 hänsyn
647 2144 57 36 till
732 2144 100 36 hvad
861 2144 12 35 i
901 2144 414 49 statsrådsprotokollet
1343 2143 207 37 meddelats
1571 2158 61 22 om
1652 2144 160 48 Tibergs

224 2196 114 48 ålder,
368 2196 210 49 tjänstetid,
609 2196 211 49 sjuklighet
847 2196 68 36 och
946 2195 245 37 medellöshet
1220 2209 111 23 anser
1359 2196 186 36 utskottet
1572 2197 160 48 pension
1761 2210 49 22 nu

223 2248 91 37 böra
343 2248 136 36 honom
509 2247 169 37 beredas.
734 2247 73 37 Vid
830 2247 220 49 jämförelse
1080 2248 85 36 med
1194 2247 46 37 de
1268 2247 213 50 pensioner,
1511 2261 81 23 som
1621 2248 63 36 vid
1712 2247 98 37 före-
