2175 2578
409 162 40 30 48
908 160 250 32 Statsutskottets
1186 159 166 32 Utlåtande
1376 160 59 31 N:o
1460 162 48 30 11.

363 238 119 49 högre
512 238 127 37 skolor
667 238 59 35 för
754 237 177 49 kvinnlig
958 237 170 49 ungdom
1156 236 187 50 uppförda
1370 238 132 48 anslag
1520 238 147 36 täcktes
1688 237 136 37 föreslå
1843 236 109 37 Riks-

367 290 122 49 dagen
532 294 55 31 att
629 289 110 36 däraf
776 289 112 36 äfven
932 292 116 33 måtte
1091 288 129 36 kunna
1259 289 150 36 anvisas
1446 289 64 36 det
1545 289 151 50 belopp,
1727 302 79 24 som
1835 288 118 36 Eders

364 342 142 48 Kungl.
536 341 108 48 Maj:t
668 340 126 36 kunde
814 340 104 36 finna
937 340 224 49 tillräckligt
1181 340 59 36 för
1260 345 54 31 att
1334 345 141 43 trygga
1494 340 460 48 pensionsinrättningens

364 392 261 37 förbindelser.
682 391 125 37 Sedan
854 392 272 36 statskontoret
1170 392 12 35 1
1228 392 178 36 häröfver
1451 391 164 48 afgifvet
1655 392 195 35 utlåtande
1892 391 62 36 be-

366 444 185 36 träffande
594 444 62 35 det
696 443 225 48 ifrågasatta
958 443 363 37 statsunderstödets
1350 443 139 36 storlek
1516 448 121 43 yttrat
1665 447 65 42 att,
1760 443 47 35 då
1836 442 120 47 enligt

364 494 463 49 lifförsäkringsbolagens
855 495 158 36 tabeller
1041 507 47 24 en
1116 494 277 49 tjugufemårig
1422 494 141 35 kvinna
1592 494 96 36 hade
1718 498 55 32 att
1801 493 155 48 erlägga

366 561 46 22 en
454 546 203 50 årspremie
695 547 39 36 af
769 547 47 35 85
846 547 142 36 kronor
1018 549 44 33 71
1094 552 62 30 öre
1185 546 56 36 för
1270 551 54 31 att
1353 545 61 36 vid
1444 545 206 37 femtiofem
1682 549 60 32 års
1770 544 102 37 ålder
1901 557 54 22 er-

366 598 100 36 hålla
507 612 45 22 en
593 599 152 36 lifränta
787 598 40 36 af
865 600 74 34 400
982 598 148 46 kronor,
1170 595 45 39 en
1253 597 282 50 fyllnadsafgift
1563 598 41 35 af
1632 599 45 34 10
1706 597 142 35 kronor
1874 595 82 37 icke

366 650 114 36 borde
520 650 128 36 kunna
690 663 110 24 anses
842 650 59 36 för
942 649 94 48 högt
1073 649 187 49 tilltagen,
1296 650 165 47 föreslog
1489 649 119 36 Eders
1637 648 143 48 Kungl.
1811 646 147 49 Maj:t
1937 642 23 60 i

366 701 493 50 statsverkspropositionen
887 701 56 35 till
979 702 96 35 1896
1106 704 59 33 års
1196 701 180 48 Riksdag,
1406 706 55 31 att
1491 701 40 35 af
1555 700 174 48 anslaget
1755 699 60 36 till
1838 699 119 47 högre

366 753 127 36 skolor
519 754 60 35 för
607 754 174 47 kvinnlig
808 753 169 47 ungdom
1007 756 117 33 måtte
1154 753 127 35 kunna
1307 752 159 47 anvisas,
1488 752 113 36 bland
1623 756 126 41 annat,
1772 756 55 31 ett
1847 749 112 48 årligt

366 804 136 48 bidrag
529 805 56 35 till
614 804 460 49 pensionsinrättningen,
1104 805 266 35 motsvarande
1397 805 114 46 högst
1544 805 43 35 10
1617 804 140 35 kronor
1786 804 57 34 för
1868 802 91 35 hvar

368 856 69 35 och
471 869 47 22 en
546 856 39 35 af
611 857 45 35 de
685 856 213 48 delägande
926 855 222 48 lärarinnor,
1178 869 80 23 som
1288 856 125 36 erlade
1442 855 186 48 årsafgift.
1685 855 134 35 Denna
1843 854 116 35 fram-

369 907 183 47 ställning
595 907 125 37 bifölls
763 907 40 36 af
828 907 237 48 Riksdagen;
1105 908 69 35 och
1203 908 72 49 har
1297 908 118 36 Eders
1444 907 140 48 Kungl.
1613 906 109 48 Maj:t
1750 906 211 36 sedermera

369 959 147 48 årligen
545 959 95 36 efter
668 959 248 36 inhämtande
942 961 40 34 af
997 960 195 48 uppgifter
1212 959 198 48 angående
1431 958 143 36 antalet
1593 958 219 46 lärarinnor,
1834 956 128 36 hvilka

370 1012 123 35 såsom
536 1010 177 48 delägare
756 1011 12 35 i
796 1011 444 48 pensionsinrättningen
1271 1011 122 47 erlagt
1421 1009 188 49 årsafgift,
1640 1010 39 35 af
1704 1008 164 37 nämnda
1898 1020 64 23 an-

370 1062 84 48 slag
495 1061 147 37 anvisat
683 1062 111 36 häraf
831 1062 200 47 betingadt
1072 1062 138 48 belopp
1249 1064 122 33 såsom
1400 1061 134 48 bidrag
1562 1061 57 35 till
1647 1060 314 49 pensionsinrätt-

370 1125 153 36 ningen.

498 1164 53 36 På
591 1163 175 48 uppdrag
807 1164 41 35 af
886 1168 55 31 ett
982 1163 11 35 i
1032 1162 218 37 Stockholm
1280 1166 40 33 år
1352 1164 92 35 1901
1475 1162 117 36 hållet
1621 1167 99 31 möte
1750 1162 84 35 med
1862 1161 98 36 före-

371 1215 175 36 ståndare
588 1215 70 35 och
694 1214 351 37 föreståndarinnor
1080 1214 59 36 vid
1171 1213 176 49 Sveriges
1375 1214 117 48 högre
1522 1214 104 35 flick-
1657 1213 69 36 och
1755 1212 208 37 samskolor

372 1266 107 36 afläts
517 1280 141 22 samma
691 1269 40 32 år
759 1266 57 36 till
844 1267 119 35 Eders
992 1266 141 47 Kungl.
1165 1266 109 47 Maj:t
1303 1279 46 22 en
1378 1265 238 47 underdånig
1644 1264 160 50 petition
1833 1264 129 35 därom

372 1323 65 42 att,
480 1318 46 35 då
562 1318 161 36 berörda
756 1318 319 48 pensionsbelopp
1106 1317 39 36 af
1170 1319 74 34 400
1273 1317 141 36 kronor
1443 1330 87 23 vore
1561 1317 123 36 alltför
1713 1316 122 48 ringa,
1865 1315 99 36 helst

373 1370 12 35 i
421 1370 220 49 jämförelse
684 1369 84 36 med
811 1369 74 36 den
921 1369 172 49 pension,
1128 1382 79 22 som
1237 1369 161 48 åtnjötes
1428 1369 39 36 af
1493 1368 232 37 folkskolans
1753 1367 211 37 lärarinnor

376 1421 89 36 eller
506 1421 116 36 andra
662 1421 11 35 i
715 1421 63 36 det
807 1421 208 36 allmännas
1043 1421 120 48 tjänst
1191 1420 186 37 anställda
1405 1420 164 36 kvinnor
1597 1419 86 37 med
1711 1419 147 36 mindre
1887 1431 77 23 om-

375 1473 172 36 fattande
588 1472 220 47 utbildning
849 1477 46 31 än
938 1473 45 35 de
1012 1472 118 48 högre
1159 1471 285 37 flickskolornas
1471 1471 221 47 lärarinnor,
1722 1483 87 23 men
1838 1472 127 45 någon

375 1523 224 49 förhöjning
640 1523 40 36 af
719 1523 197 37 skolornas
958 1524 69 36 och
1068 1523 283 36 lärarinnornas
1388 1523 137 48 bidrag
1560 1523 83 36 icke
1681 1527 121 44 gärna
1839 1520 125 36 kunde

376 1575 254 48 ifrågasättas,
660 1575 64 36 det
752 1575 149 48 bidrag,
931 1589 78 22 som
1041 1575 40 36 af
1095 1575 247 36 förenämnda
1361 1575 131 48 anslag
1511 1575 162 48 utginge
1693 1574 58 35 till
1770 1572 194 50 pensions-

377 1626 275 49 inrättningen,
693 1629 117 34 måtte
853 1627 129 36 kunna
1023 1626 106 49 höjas
1170 1626 58 36 till
1271 1628 46 35 50
1350 1627 140 36 kronor
1518 1627 58 36 för
1605 1625 131 48 hvarje
1764 1624 201 46 lärarinna,

377 1678 251 48 hvarigenom
674 1678 120 48 enligt
834 1678 316 49 petitionärernas
1191 1677 214 50 beräkning
1445 1677 362 50 pensionsbeloppet
1847 1675 120 37 skulle

379 1730 128 36 kunna
537 1730 91 36 ökas
657 1730 56 36 till
743 1732 73 34 600
845 1730 150 36 kronor.

506 1781 87 36 Med
622 1781 83 36 stöd
735 1781 41 36 af
801 1795 46 23 en
876 1783 85 35 utaf
984 1782 219 49 professorn
1231 1781 44 35 A.
1305 1780 200 37 Lindstedt
1532 1779 208 37 verkställd
1763 1778 206 48 utredning

383 1832 196 49 angående
621 1833 72 36 den
735 1833 162 49 höjning
938 1834 12 35 i
983 1833 228 48 årsafgifter,
1242 1845 78 23 som
1352 1846 45 22 en
1426 1832 106 49 dylik
1560 1831 146 48 ökning
1733 1830 12 36 i
1772 1830 195 50 pensions-

381 1884 180 49 beloppet
594 1884 120 36 skulle
748 1884 144 48 kräfva,
922 1884 127 37 anhöll
1077 1884 213 36 sedermera
1317 1882 464 51 pensionsinrättningens
1809 1881 160 50 styrelse

379 1935 13 36 i
419 1935 238 49 underdånig
685 1936 199 36 skrifvelse
914 1936 71 37 den
1016 1938 44 34 17
1090 1935 204 37 november
1324 1937 109 45 1901,
1463 1940 52 31 att
1544 1935 120 37 Eders
1692 1933 142 49 Kungl.
1864 1933 106 49 Maj:t

381 1986 90 36 ville
501 1987 57 36 för
585 1988 231 48 pensionens
845 1988 162 50 höjande
1036 1987 57 37 till
1124 1989 72 35 600
1225 1986 140 38 kronor
1394 1988 39 36 af
1456 1986 221 49 Riksdagen
1706 1986 92 36 äska
1826 1990 52 32 ett
1907 1998 63 23 an-

382 2038 94 49 slag,
505 2039 194 36 hvarifrån
727 2039 58 36 till
813 2040 147 37 förmån
988 2040 59 36 för
1075 2040 46 36 de
1149 2039 221 48 lärarinnor,
1399 2039 58 36 för
1485 2038 91 36 eller
1605 2038 40 36 af
1665 2037 130 36 hvilka
1816 2037 156 49 afgifter

384 2089 147 37 erlades
559 2090 57 36 till
645 2091 280 49 sammanlagdt
952 2092 138 48 belopp
1120 2091 39 36 af
1186 2092 46 35 60
1261 2091 141 36 kronor
1431 2090 156 48 årligen,
1617 2092 118 33 måtte
1763 2089 129 37 kunna
1915 2088 57 36 till

383 2141 445 50 pensionsinrättningen
870 2144 151 36 anvisas
1064 2143 79 35 dels
1185 2147 54 31 ett
1275 2143 114 48 årligt
1416 2142 134 48 bidrag
1579 2142 40 35 af
1646 2142 70 35 105
1746 2141 141 36 kronor
1915 2140 58 35 för

384 2206 48 23 en
460 2193 93 36 hvar
581 2193 41 36 af
645 2194 96 47 dem,
772 2208 81 23 som
881 2196 79 36 före
988 2197 198 46 utgången
1215 2194 40 35 af
1280 2196 39 34 år
1349 2195 96 35 1900
1473 2193 142 37 inträdt
1639 2196 124 33 såsom
1783 2192 189 48 delägare,

384 2244 80 36 dels
488 2244 70 37 ock
588 2249 55 32 ett
671 2245 115 48 årligt
813 2246 138 50 bidrag
978 2247 40 37 af
1044 2247 48 34 60
1121 2246 141 36 kronor
1290 2246 59 36 för
1376 2245 132 49 hvarje
1536 2244 201 47 lärarinna,
1776 2257 80 23 som
1877 2243 96 35 efter
