2190 2579
760 168 249 32 Statsutskottets
1038 169 169 33 Utlåtande
1230 168 62 32 N:o
1317 169 47 31 11.
1766 167 38 31 77

392 244 63 37 Uti
496 246 177 37 häröfver
712 245 210 38 infordradt
963 247 70 37 och
1074 247 74 38 den
1194 248 45 36 14
1281 246 188 37 nästlidne
1507 244 153 50 januari
1688 245 161 57 afgifvet

264 295 255 51 underdånigt
537 297 195 38 utlåtande
752 299 69 36 har
841 298 401 51 medicinalstyrelsen,
1264 299 46 36 då
1326 298 122 50 enligt
1467 298 209 50 styrelsens
1691 296 158 49 mening

264 347 132 50 hvarje
438 326 121 60 utsikt
600 350 187 38 saknades
829 350 57 37 till
927 355 54 32 att
1022 351 167 37 Theorin
1218 351 120 36 skulle
1366 351 130 36 kunna
1523 349 59 37 till
1610 349 133 36 hälsan
1772 348 75 36 för-

264 399 143 38 bättras
436 401 12 37 i
476 401 73 37 den
578 405 87 34 mån
695 407 53 32 att
776 401 75 38 han
882 403 123 36 kunde
1034 406 81 35 åter
1142 403 151 36 inträda
1321 402 11 36 i
1356 402 131 49 tjänst,
1508 401 187 49 tillstyrkt
1714 400 133 49 nådigt

263 451 108 37 bifall
400 452 56 37 till
484 453 73 37 den
586 454 137 48 gjorda
751 454 342 59 framställningen.

391 503 294 50 Statskontoret,
709 506 117 36 hvars
854 507 179 56 yttrande
1058 506 12 36 i
1090 506 158 37 ärendet
1267 505 142 49 Kungl.
1431 506 108 48 Maj:t
1558 518 138 36 genom
1712 504 134 36 remiss

257 556 146 47 jämväl
444 556 168 65 behagat
651 534 181 81 inhämta,
874 557 67 37 har
980 558 56 36 uti
1078 557 163 50 afgifvet
1282 556 193 38 utlåtande
1518 535 72 58 den
1624 558 45 34 31
1695 555 150 49 januari

260 607 257 37 innevarande
560 611 52 70 äg,
641 609 85 36 med
755 608 151 37 erinran
936 613 55 32 att
1020 609 165 37 Theorin
1216 608 119 49 enligt
1363 608 179 49 gällande
1571 613 75 32 stat
1673 607 172 49 uppbure

262 672 46 23 en
350 659 63 37 lön
455 660 41 36 af
523 661 110 47 1,500
662 660 150 47 kronor,
842 660 12 36 i
882 660 304 50 underdånighet
1215 638 205 70 hemställt,
1451 665 66 41 att,
1548 660 46 36 då
1622 660 72 35 han
1724 659 121 48 enligt

260 710 45 36 de
349 711 53 36 uti
443 689 138 71 nådiga
622 712 204 37 cirkuläret
868 712 71 38 den
982 715 46 34 22
1065 713 86 49 juni
1198 715 108 45 1877,
1343 689 196 71 angående
1567 726 51 35 ny
1647 685 198 80 pensions-

260 762 195 49 reglering
495 763 59 37 för
596 765 141 47 armén,
780 763 105 49 gifna
917 765 288 37 bestämmelser
1232 764 168 37 hvarken
1429 777 87 24 vore
1545 762 215 50 berättigad
1789 763 57 37 till

260 815 216 36 erhållande
506 815 42 36 af
571 815 161 50 pension
760 816 84 36 från
874 816 145 36 arméns
1048 817 293 48 pensionskassa
1364 816 121 48 jämte
1515 815 330 50 fyllnadspenaion

260 866 92 36 eller
392 866 125 37 kunde
558 870 48 46 på
647 867 124 48 grund
816 867 40 36 af
880 868 45 36 de
954 867 11 36 i
993 868 281 49 författningen
1303 867 179 37 särskildt
1507 867 159 48 angifna
1693 866 153 37 orsaker

259 922 90 31 utan
390 930 98 36 egen
529 918 170 37 ansökan
740 918 82 36 från
850 919 169 47 tjänsten
1048 919 133 49 skiljas
1210 923 79 33 mot
1317 919 224 48 åtnjutande
1570 919 42 36 af
1636 919 161 49 pension
1825 921 20 33 å

259 968 190 37 allmänna
476 969 393 50 indragningsstaten,
898 970 234 50 proposition
1160 974 118 33 måtte
1307 970 56 36 till
1393 970 219 48 Riksdagen
1635 970 129 37 aflåtas
1784 983 59 23 om

260 1020 213 49 beviljande
501 1021 59 37 för
588 1021 138 37 honom
757 1022 41 36 af
822 1034 46 24 en
896 1022 97 49 årlig
1020 1022 159 50 pension
1208 1025 20 34 å
1252 1022 191 37 allmänna
1462 1021 381 49 indragningsstaten

260 1073 40 35 af
328 1074 109 44 1,200
466 1072 168 38 kronor.»

389 1124 50 37 På
480 1125 126 48 grund
649 1126 39 36 af
712 1126 103 37 hvad
852 1125 159 37 sålunda
1039 1125 246 37 förekommit
1314 1126 65 37 har
1407 1125 435 59 departementschefen,

258 1189 81 23 som
381 1179 142 46 ansåge
565 1177 64 36 det
670 1190 90 24 vara
799 1177 239 50 ådagalagdt,
1069 1183 56 32 att
1154 1178 166 36 Theorin
1351 1190 87 24 vore
1466 1177 58 37 till
1552 1177 128 37 vidare
1708 1178 135 48 tjänst-

257 1226 140 60 göring
434 1231 123 34 såsom
599 1228 129 38 officer
770 1207 237 71 oförmögen,
1031 1206 161 60 hvarför
1221 1230 74 36 han
1324 1229 81 37 icke
1433 1228 134 51 längre
1596 1234 130 44 syntes
1753 1229 91 37 böra

257 1279 62 37 vid
361 1280 58 37 sin
462 1280 117 49 tjänst
622 1280 219 48 bibehållas,
884 1280 193 37 hemställt
1105 1295 60 23 om
1196 1282 185 36 aflåtande
1410 1281 38 37 af
1475 1295 50 22 nu
1554 1268 289 61 ifrågavarande

256 1331 243 48 proposition.

384 1434 56 36 Då
481 1434 118 37 utsikt
640 1435 81 37 icke
762 1435 100 37 lärer
903 1437 217 46 förefinnas,
1151 1441 53 31 att
1237 1436 189 48 kaptenen
1458 1436 163 37 'Theorin
1654 1437 188 48 någonsin

255 1486 129 37 vidare
414 1485 94 37 skall
537 1486 117 38 blifva
682 1487 201 50 tjänstbar,
913 1501 114 36 synes
1055 1488 64 36 det
1138 1501 91 24 vara
1249 1488 180 49 önskligt,
1451 1493 55 31 att
1525 1489 139 36 honom
1686 1488 156 37 beredes

253 1537 148 37 tillfälle
442 1542 56 33 att
538 1539 87 36 med
666 1538 161 50 pension
858 1553 45 23 ur
930 1540 169 49 tjänsten
1129 1540 98 49 afgå,
1258 1540 68 37 och
1357 1541 46 35 då
1431 1540 189 37 utskottet
1647 1540 84 37 icke
1761 1540 82 36 haft

253 1592 119 46 något
414 1594 53 32 att
511 1596 76 30 mot
629 1591 64 36 det
731 1591 218 50 föreslagna
980 1591 362 50 pensionsbeloppet
1370 1592 134 48 erinra,
1535 1592 219 37 hemställer
1785 1597 56 31 ut-

253 1640 156 48 skottet,

781 1751 55 30 att
885 1746 220 49 Riksdagen
1154 1749 60 34 må
1262 1745 125 37 bifalla
1436 1746 139 49 Kungl.
1620 1747 126 49 Maj:ts
1789 1761 48 23 nu

650 1797 292 50 ifrågavarande
970 1797 298 50 framställning.

384 1899 95 49 18:0)
509 1900 142 49 Kungl.
682 1901 107 48 Maj:t
818 1901 66 36 har
911 1901 12 35 i
950 1901 236 49 proposition
1215 1914 61 23 n:o
1305 1902 59 47 81,
1386 1902 139 37 aflåten
1546 1903 55 36 till
1622 1902 216 47 Riksdagen

251 1952 70 36 den
370 1954 42 33 13
457 1965 99 23 mars
601 1954 109 46 1903,
750 1953 197 48 föreslagit
976 1952 217 49 Riksdagen
1225 1958 54 31 att
1306 1956 20 33 å
1355 1953 186 37 allmänna
1572 1954 266 49 indragnings-

252 2008 125 31 staten
421 2004 156 62 uppföra
622 2007 122 33 såsom
788 2004 114 48 årligt
942 2005 218 46 understöd,
1205 2009 55 31 att
1287 2008 90 45 utgå
1407 2004 86 37 från
1522 2006 70 35 och
1620 2006 84 36 med
1732 2006 106 37 inne-

252 2055 163 35 varande
457 2058 51 42 år,
552 2055 79 37 dels
672 2033 316 71 etthundratjugu
1030 2033 140 59 kronor
1198 2056 57 36 till
1284 2057 198 36 arbetaren
1510 2058 179 36 Johannes
1721 2059 117 35 Gran-

250 2107 100 48 bergs
390 2106 98 36 änka
515 2108 125 36 Maria
668 2108 211 48 Eufrosyna
906 2108 234 46 Mattsdotter,
1170 2111 40 32 så
1239 2108 114 48 länge
1381 2109 76 36 hon
1486 2109 12 35 i
1526 2108 66 37 sitt
1620 2110 218 36 nuvarande

248 2157 211 37 änkestånd
498 2158 197 48 förblefve,
738 2159 70 36 och
850 2158 78 37 dels
970 2159 121 36 sextio
1134 2159 142 37 kronor
1310 2159 57 37 till
1394 2161 164 35 nämnda
1591 2161 148 37 makars
1769 2174 67 23 son

247 2210 103 36 Emil
375 2211 185 36 Johannes
593 2184 193 78 Granberg,
817 2210 55 37 till
902 2210 85 37 dess
1016 2211 73 36 han
1120 2211 85 48 fyllt
1238 2213 45 34 15
1313 2214 49 33 år.

1875 1911 65 31 Ang.
1961 1912 88 23 under-

1857 1946 52 24 stöd
1926 1943 23 26 åt
1968 1947 92 22 arbeta-

1865 1989 43 15 ren
1927 1981 21 24 J.
1973 1981 78 23 Gran

1884 2016 65 30 bergs
1968 2015 63 24 änka

1903 2052 39 21 och
1963 2058 49 16 son.
