2199 2578
375 179 40 30 78
831 176 249 31 Statsutskottets
1110 173 167 33 Utlåtande
1301 173 60 32 N:o
1393 176 43 29 11.

462 255 212 38 Statsrådet
703 254 67 36 och
801 254 136 36 chefen
965 254 57 36 för
1049 252 582 49 landtförsvarsdepartementet
1660 253 65 36 har
1754 251 56 38 till
1834 252 109 37 sist-.

333 308 160 37 berörda
521 305 372 50 statsrådsprotokoll
921 306 132 36 härom
1079 309 122 45 yttrat
1231 304 176 48 följande.

463 360 35 35 »I
539 372 47 23 en
628 370 140 36 genom
810 357 140 48 Kungl.
981 357 127 49 Maj:ts
1137 355 424 49 befallningshafvande
1590 356 11 34 i
1633 356 287 36 Västerbottens

334 412 63 36 län
439 411 72 36 den
554 412 45 34 31
633 409 76 48 maj
744 410 95 35 1902
868 408 85 37 med
981 408 219 50 tillstyrkan
1229 408 40 36 af
1292 407 106 36 bifall
1426 406 134 37 insänd
1589 407 239 48 underdånig
1856 420 63 23 an-

335 463 166 48 sökning
542 461 96 37 hade
682 460 198 37 arbetaren
923 460 196 37 Johannes
1156 459 222 49 Granbergs
1421 459 98 36 änka
1560 458 118 36 Maria
1707 458 214 48 Eufrosyna

335 514 241 37 Mattsdotter
617 513 12 36 i
671 512 150 37 Sörfors
863 512 40 36 af
939 512 118 37 Umeå
1097 511 344 48 landtförsamling,
1471 510 120 36 under
1619 509 237 48 åberopande
1886 509 39 36 af

335 566 66 36 det
443 565 235 37 förhållande
722 569 54 31 att
816 577 161 24 mannen
1004 563 122 38 under
1155 562 233 49 anställning
1416 561 65 37 vid
1508 560 374 49 fästningsarbetena
1910 560 12 35 i

336 617 131 36 Boden
504 630 138 35 genom
672 615 314 50 olyckshändelse
1015 616 72 35 den
1117 617 21 34 3
1168 615 163 36 nämnda
1359 613 136 37 månad
1525 613 104 49 ljutit
1657 612 135 47 döden,
1821 612 102 47 gjort

335 668 282 49 framställning
663 682 58 22 om
766 667 96 49 årlig
896 667 153 36 lifränta
1076 667 61 37 för
1167 667 58 48 sig
1254 666 68 37 och
1353 666 59 36 sin
1443 664 252 48 minderårige
1725 677 69 23 son
1821 662 100 37 Emil

335 721 206 46 Johannes,
583 720 122 48 enligt
747 719 226 49 prästbetyg
1008 718 89 37 född
1127 719 74 36 den
1230 720 45 34 29
1300 717 152 47 januari
1483 718 107 35 1902.
1648 716 125 36 Sedan
1802 715 119 36 armé-

336 772 283 48 förvaltningen
651 775 20 33 å
700 770 574 49 fortifikationsdepartementet
1301 769 176 36 häröfver
1498 767 152 49 afgifvit
1668 766 255 48 underdånigt

336 824 206 46 utlåtande,
584 823 130 36 inkom
755 822 140 48 Kungl.
939 822 125 48 Maj:ts
1108 820 422 48 befallningshafvande
1572 819 12 36 i
1617 818 95 49 följd
1742 824 36 30 at
1807 818 116 47 nådig

338 875 133 36 remiss
512 874 85 37 med
641 873 208 49 utredning
890 874 11 35 i
939 873 154 37 ärendet
1136 878 98 32 samt
1268 877 87 44 eget
1383 870 257 49 underdånigt
1667 869 189 50 yttrande,
1887 870 39 35 af

337 926 155 36 hvilken
524 925 209 50 utredning
761 925 197 49 framgick,
988 930 54 31 att
1072 925 201 48 Granberg
1301 924 121 37 under
1450 923 197 50 pågående
1676 926 247 44 stenspräng-

337 977 246 50 ningsarbete
616 978 149 36 träffats
794 977 40 36 af
859 990 46 24 en
934 983 93 41 sten,
1058 977 122 36 under
1208 977 63 36 det
1299 976 76 36 han
1405 974 204 51 uppehållit
1625 974 61 49 sig
1705 974 11 35 i
1733 986 45 24 en
1797 973 126 49 bygg-

339 1030 85 47 nad,
454 1030 67 36 där
549 1029 73 47 det,
653 1029 121 48 enligt
802 1028 577 37 fortifikationsbefälhafvarens
1410 1026 162 50 uppgift,
1600 1026 98 36 varit
1727 1025 195 36 arbetarne

339 1081 190 49 förbjudet
558 1085 54 32 att
640 1081 94 36 söka
762 1080 135 48 skydd,
927 1092 85 23 men
1041 1084 55 31 att
1124 1079 234 46 riktigheten
1379 1078 40 36 af
1436 1078 123 36 denna
1578 1077 156 49 uppgift
1754 1076 168 36 emeller-

338 1132 55 37 tid
423 1133 41 36 af
489 1132 89 36 flera
605 1131 65 36 vid
699 1131 131 36 förhör
858 1129 197 49 angående
1084 1129 340 49 olyckshändelsen
1451 1128 236 36 närvarande
1714 1127 127 36 blifvit
1860 1127 63 35 be-

339 1183 138 44 stridd;
520 1183 70 36 och
624 1182 223 37 tillerkände
875 1181 138 49 Kungl.
1045 1181 107 50 Maj:t
1180 1194 139 36 genom
1349 1179 133 49 nådigt
1509 1179 124 37 beslut
1662 1179 74 36 den
1766 1180 46 34 26
1842 1191 81 35 sep-

339 1235 145 36 tember
515 1235 95 36 1902
639 1233 175 37 bemälda
842 1233 97 36 änka
959 1233 68 36 och
1043 1232 145 38 hennes
1204 1233 93 36 barn
1313 1234 122 34 såsom
1456 1230 207 38 understöd
1684 1230 58 36 för
1761 1229 164 36 nämnda

341 1289 39 33 år
408 1300 47 22 en
483 1285 259 49 gratifikation
771 1288 19 32 å
823 1286 70 35 180
922 1285 139 36 kronor
1089 1289 99 32 samt
1217 1283 212 38 anbefallde
1458 1281 387 48 arméförvaltningen
1871 1285 55 31 att

341 1337 191 37 inkomma
574 1337 86 36 med
703 1336 176 49 förnyadt
919 1336 253 46 underdånigt
1211 1335 179 50 yttrande
1432 1335 10 36 i
1482 1335 107 48 fråga
1622 1347 60 23 om
1711 1332 214 38 sökandens

342 1389 69 36 och
439 1388 143 37 hennes
610 1388 114 37 barns
752 1387 178 38 framtida
957 1388 200 36 underhåll
1185 1388 71 36 och
1282 1387 96 36 huru
1399 1386 134 37 sådant
1552 1385 121 37 skulle
1693 1385 128 36 kunna
1841 1384 83 36 dem

342 1440 171 37 beredas.
570 1440 175 37 Därefter
786 1440 69 36 har
896 1439 386 48 arméförvaltningen
1316 1438 12 36 i
1356 1437 238 48 underdånig
1622 1436 201 37 skrifvelse
1853 1436 71 36 den

343 1494 20 35 5
407 1492 205 36 november
656 1493 95 35 1902
795 1491 201 47 hemställt,
1039 1491 63 35 det
1130 1491 141 48 Kungl.
1301 1490 108 48 Maj:t
1436 1489 147 36 täcktes
1611 1488 69 36 hos
1707 1487 220 48 Riksdagen

343 1549 94 43 göra
478 1543 283 48 framställning
802 1556 58 22 om
905 1542 96 48 årlig
1029 1543 158 48 pension
1215 1543 84 35 från
1328 1541 189 37 allmänna
1544 1539 384 49 indragningsstaten

344 1599 38 32 åt
422 1595 123 36 änkan
586 1594 117 36 Maria
744 1594 214 49 Eufrosyna
1000 1594 243 37 Mattsdotter
1281 1594 39 35 af
1349 1594 71 35 120
1450 1592 139 37 kronor
1617 1591 70 37 och
1716 1593 38 34 åt
1782 1590 146 37 hennes

344 1646 253 49 minderårige
639 1659 68 23 son
749 1646 98 36 Emil
883 1645 192 37 Johannes
1106 1646 39 36 af
1171 1646 47 36 60
1247 1645 151 46 kronor,
1428 1649 55 31 att
1511 1646 92 33 utgå
1631 1643 84 36 från
1745 1641 70 37 och
1843 1641 82 37 med

344 1701 39 32 år
414 1699 94 36 1903
539 1698 55 36 till
623 1698 137 46 änkan,
790 1700 39 34 så
857 1698 113 48 länge
1000 1698 75 36 hon
1103 1697 101 36 lefde
1234 1696 111 49 ogift,
1374 1696 70 36 och
1472 1695 57 36 till
1557 1707 130 33 sonen,
1717 1693 97 37 intill
1843 1693 85 36 dess

347 1750 72 35 han
447 1752 163 47 uppnått
642 1750 44 36 15
716 1752 51 33 år.

472 1801 64 36 Uti
578 1801 176 36 häröfver
799 1800 203 37 infordradt
1046 1800 256 48 underdånigt
1343 1798 193 38 utlåtande
1563 1799 65 34 har
1657 1796 268 37 statskontoret

346 1851 135 48 anfört,
511 1852 179 37 hurusom
720 1852 40 36 af
790 1851 277 49 handlingarna
1095 1852 11 36 i
1135 1852 156 37 ärendet
1319 1850 247 38 inhämtades.

478 1909 54 31 att
558 1904 198 37 Johannes
784 1903 213 49 Granberg,
1025 1904 91 36 född
1145 1904 72 36 den
1248 1905 47 34 24
1318 1902 73 48 juli
1422 1904 96 34 1873
1549 1901 70 36 och
1648 1900 115 37 sedan
1792 1898 139 37 medlet

347 1956 40 35 af
421 1955 165 37 februari
632 1957 96 35 1902
763 1955 161 37 anställd
954 1955 62 36 vid
1046 1955 375 48 fästningsarbetena
1449 1953 11 36 i
1488 1953 141 46 Boden,
1659 1952 119 36 aflidit
1806 1950 72 37 den
1908 1952 20 33 3

347 2007 72 49 maj
464 2021 141 23 samma
647 2011 40 33 år
729 2007 11 37 i
778 2007 91 49 följd
899 2007 41 36 af
964 2007 149 46 skador,
1144 2007 165 47 ådragna
1339 2005 121 37 under
1488 2003 329 50 stensprängning
1845 2002 85 36 sist-

348 2059 163 36 nämnda
540 2059 91 49 dag;

468 2115 56 31 att
565 2111 75 35 han
681 2111 64 36 vid
788 2111 63 36 sitt
894 2111 172 36 frånfälle
1099 2111 242 36 efterlämnat
1370 2109 108 46 änka,
1511 2110 44 35 26
1586 2111 41 34 år
1654 2107 178 49 gammal,
1862 2107 66 36 och

350 2176 44 22 en
425 2175 83 31 son;

478 2218 55 31 att
560 2212 364 50 bouppteckningen
952 2213 97 37 efter
1078 2213 198 49 Granberg
1299 2212 174 36 utvisade
1503 2224 45 23 en
1568 2210 221 48 behållning
1808 2210 40 36 af
1859 2210 73 35 514

349 2265 140 37 kronor
517 2265 46 36 65
593 2269 80 40 öre;
