2204 2579
416 167 19 31 8
863 167 249 33 Statsutskottets
1142 165 168 34 Utlåtande
1333 166 62 32 N:o
1420 168 50 32 11.

374 245 182 49 njutande
597 248 49 46 på
687 245 124 48 grund
853 244 40 37 af
930 246 118 36 redan
1089 244 281 37 innehafvande
1405 245 119 48 tjänst
1552 244 64 37 vid
1645 245 224 48 civilstaten,
1900 258 59 24 om

373 296 75 37 han
471 297 13 36 i
513 297 218 36 densamma
759 295 200 38 kvarstått.

501 348 75 36 För
606 352 55 32 att
688 347 115 37 vinna
832 353 120 31 mesta
980 347 156 49 möjliga
1165 347 246 48 användning
1431 347 40 36 af
1492 346 74 37 den
1585 347 60 36 del
1667 348 40 35 af
1721 348 238 48 personalen,

374 412 81 23 som
484 400 97 35 efter
608 399 164 36 nämnda
801 399 241 48 åldersgräns
1070 404 102 31 ännu
1200 411 90 24 vore
1317 398 203 49 tjänstbar,
1550 401 141 45 ansåge
1720 399 239 48 kommittén,

375 456 56 30 att
472 464 48 23 en
560 450 95 37 hvar
695 451 41 36 af
773 450 504 37 marinintendenturkårens
1310 450 190 49 personal,
1529 462 80 24 som
1637 463 45 22 ur
1709 450 169 48 tjänsten
1907 451 54 36 af-

375 502 119 48 ginge
535 502 85 37 med
661 502 340 50 fyllnadspension,
1044 501 120 38 skulle
1201 515 90 24 vara
1319 501 214 37 förbunden
1563 505 55 32 att
1645 500 63 37 vid
1736 501 225 36 inträffande

376 553 86 49 krig
503 554 92 37 eller
636 559 119 32 större
797 554 232 49 rustningar,
1072 554 46 36 då
1152 557 40 33 så
1219 552 254 51 påfordrades,
1499 552 12 36 i
1538 552 231 48 befattning,
1799 552 163 36 likartad

375 606 84 36 med
490 606 73 36 den
590 606 77 36 han
694 606 100 36 förut
821 606 185 47 innehaft,
1035 606 213 48 tjänstgöra
1276 604 99 37 intill
1403 604 116 49 fyllda
1550 606 47 33 70
1625 603 198 37 lefnadsår.

504 657 73 37 För
604 657 99 38 hvad
735 657 227 37 kommittén
991 657 124 36 anfört
1142 657 160 36 rörande
1327 655 309 38 önskvärdheten
1660 655 117 47 däraf,
1803 660 55 32 att
1878 669 85 36 per-

376 708 157 37 sonalen
575 709 65 36 vid
680 708 486 38 marinintendenturkåren
1205 708 128 37 blefve
1365 708 13 36 i
1405 707 101 37 vissa
1533 706 68 37 fall
1628 706 215 50 berättigad
1872 707 92 37 eller

375 759 210 51 förpliktad
614 766 54 31 att
696 761 85 36 med
810 761 71 36 full
908 760 158 50 pension
1095 760 70 36 och
1189 759 329 50 fyllnadspension
1537 759 91 48 afgå
1648 759 95 36 efter
1761 759 202 49 uppnådda

378 813 47 34 60
466 812 166 36 lefnads-
675 813 71 36 och
788 813 47 36 30
877 813 173 48 tjänstår,
1093 812 67 36 har
1197 813 69 47 jag
1293 811 198 48 redogjort
1518 810 12 36 i
1559 810 87 36 mitt
1673 810 204 36 anförande
1905 809 59 37 till

377 863 415 49 stalsrådsprotokollet
820 864 107 36 öfver
954 863 392 50 sjöförsvarsärenden
1375 862 73 36 den
1471 864 45 34 12
1537 861 256 38 innevarande
1814 861 148 48 månad,

376 913 160 38 likasom
565 915 70 36 ock
662 915 59 36 för
749 915 209 37 motiverna
985 915 58 36 till
1069 915 244 36 kommitténs
1341 914 145 49 förslag
1514 912 82 38 dels
1624 913 13 36 i
1665 913 106 48 fråga
1799 926 61 24 om
1888 917 76 32 rätt

377 966 59 36 för
462 966 232 48 tjänsteman
717 967 65 37 vid
802 966 489 38 marinintendenturkåren
1310 971 55 31 att
1383 966 121 36 under
1523 964 101 37 vissa
1643 965 321 48 förutsättningar

378 1017 89 48 afgå
494 1018 86 36 med
608 1018 204 37 reducerad
840 1019 173 49 pension,
1042 1018 80 36 dels
1151 1017 69 37 ock
1247 1017 236 37 beträffande
1510 1020 75 33 rätt
1614 1016 57 36 för
1698 1016 84 49 den,
1807 1030 81 23 som
1907 1016 56 37 öf-

378 1071 152 47 vergått
557 1069 84 37 från
668 1071 154 35 flottans
850 1069 168 37 civilstat
1044 1068 58 36 till
1130 1068 499 47 marinintendenturkåren,
1656 1072 55 32 att
1737 1068 10 36 i
1766 1068 198 48 pensions-

378 1120 217 37 hänseende
637 1124 122 34 såsom
798 1120 201 49 tjänstetid
1038 1119 166 37 beräkna
1245 1119 55 36 tid
1340 1119 57 36 för
1438 1118 232 49 anställning
1707 1122 122 33 såsom
1858 1124 107 31 extra

364 1171 203 36 "ordinarie
595 1171 362 37 kammarskrifvare
985 1171 65 36 vid
1077 1171 145 36 flottan.

506 1223 79 36 Mot
613 1223 246 37 kommitténs
886 1223 144 49 förslag
1048 1222 234 37 beträffande
1301 1220 272 50 pensionering
1602 1221 40 35 af
1658 1221 224 48 personalen
1902 1221 63 36 vid

379 1274 487 37 marinintendenturkåren
894 1275 68 36 har
990 1274 252 49 anmärkning
1269 1273 83 37 icke
1380 1272 128 37 blifvit
1534 1272 213 37 framställd
1775 1272 42 37 af
1837 1275 128 45 någon

379 1338 125 24 annan
546 1326 85 36 utaf
667 1326 46 37 de
749 1326 13 36 i
803 1326 156 37 ärendet
999 1326 118 36 hörda
1159 1325 317 49 myndigheterna
1509 1328 49 31 än
1593 1323 238 38 direktionen
1859 1324 108 37 öfver

380 1377 152 37 flottans
573 1378 306 49 pensionskassa.
935 1377 409 48 Marinförvaltningen
1384 1377 70 36 har
1489 1376 13 36 i
1529 1375 65 37 sitt
1621 1375 260 50 underdåniga
1908 1380 58 31 ut-

379 1428 151 38 låtande
571 1429 155 37 förmält
766 1430 59 48 sig
867 1434 152 44 antaga,
1060 1434 54 32 att
1148 1431 115 46 något
1290 1427 178 50 yttrande
1497 1427 12 36 i
1538 1427 125 37 denna
1690 1428 62 36 del
1778 1428 83 36 icke
1890 1427 76 37 för-

380 1481 185 36 väntades
592 1482 86 36 från
706 1480 419 50 marinförvaltningen.

509 1533 248 36 Direktionen
785 1533 105 36 öfver
917 1533 154 36 flottans
1099 1533 293 48 pensionskassa
1412 1531 68 37 har
1498 1536 79 32 mot
1597 1532 73 37 den
1690 1531 41 36 af
1747 1530 221 37 kommittén

381 1584 218 49 föreslagna
640 1584 306 48 bestämmelsen,
981 1589 55 31 att
1069 1584 85 47 den,
1184 1597 81 23 som
1292 1589 90 43 toge
1411 1583 133 37 afsked
1573 1584 86 36 med
1686 1581 202 51 uppnådda
1918 1582 48 35 60

380 1635 165 37 lefnads-
587 1636 68 37 och
700 1638 46 35 35
788 1636 175 50 tjänstår,
1006 1635 119 37 skulle
1168 1635 140 37 erhålla
1340 1635 13 36 i
1380 1635 159 49 pension
1570 1636 45 35 75
1644 1639 157 45 procent
1829 1633 41 37 af
1895 1632 73 36 den

381 1687 173 49 pension,
583 1688 138 37 honom
751 1688 125 36 skolat
903 1687 222 47 tillkomma,
1155 1687 126 37 därest
1309 1687 76 36 han
1412 1689 163 46 uppnått
1604 1688 47 34 65
1675 1685 201 47 lefnadsår,
1898 1684 70 36 och

382 1738 124 37 denna
546 1740 107 48 lägre
694 1740 161 48 pension
896 1740 37 36 få
975 1742 92 46 utgå
1107 1739 100 36 intill
1247 1738 117 50 fyllda
1399 1740 47 34 65
1477 1740 40 34 år
1545 1743 98 31 samt
1671 1737 72 37 den
1770 1737 198 48 pensions-

381 1791 165 48 tagande
588 1791 167 36 därefter
791 1804 90 23 vara
909 1791 215 48 berättigad
1153 1795 55 32 att
1236 1791 148 47 åtnjuta
1412 1790 73 36 den
1513 1789 172 49 pension,
1714 1788 139 36 honom
1882 1787 87 37 bort

382 1842 160 48 tillfalla,
585 1856 60 23 om
687 1843 75 36 han
802 1842 65 37 vid
909 1842 337 48 afskedstagandet
1279 1844 163 46 uppnått
1475 1842 47 35 65
1551 1840 203 48 lefnadsår,
1784 1839 185 47 anmärkt,

384 1898 57 31 att
467 1893 125 38 denna
620 1894 266 37 bestämmelse
915 1894 116 37 borde
1060 1894 141 36 erhålla
1229 1893 73 36 den
1330 1893 166 36 ändrade
1524 1892 262 49 formulering,
1808 1896 55 31 att
1882 1890 86 48 den,

383 1959 81 23 som
492 1951 89 44 toge
615 1946 132 37 afsked
774 1946 87 37 med
889 1945 201 50 uppnådda
1120 1947 48 34 60
1195 1944 165 38 lefnads-
1390 1944 70 37 och
1489 1945 46 35 35
1566 1944 168 48 tjänstår,
1764 1941 121 38 skulle
1914 1955 55 23 er-

383 1997 100 37 hålla
511 1997 13 36 i
550 1998 329 49 fyllnadspension
909 1999 46 35 75
984 2001 158 45 procent
1171 1997 40 36 af
1236 1997 71 36 den
1334 1995 329 50 fyllnadspension
1687 1995 139 36 honom
1846 1993 125 37 skolat

383 2049 225 48 tillkomma,
643 2049 127 37 därest
796 2049 76 36 han
900 2052 163 47 uppnått
1092 2050 46 35 65
1167 2049 202 47 lefnadsår,
1399 2048 70 37 och
1498 2048 126 35 denna
1651 2047 107 48 lägre
1787 2045 183 49 fyllnads-

383 2100 160 48 pension
570 2103 94 45 utgå
690 2101 98 36 intill
815 2101 121 49 fyllda
965 2103 46 34 65
1041 2103 51 45 år,
1113 2106 97 31 samt
1233 2100 74 37 den
1325 2098 349 51 pensionstagande
1694 2097 166 37 därefter
1880 2110 91 23 vara

384 2152 216 49 berättigad
641 2157 56 31 att
737 2153 147 49 åtnjuta
926 2153 46 36 de
1012 2152 383 50 pensionsförmåner,
1428 2151 139 36 honom
1605 2150 87 36 bort
1719 2148 161 48 tillfalla,
1910 2162 60 22 om

385 2204 75 37 han
488 2203 64 37 vid
581 2203 339 49 afskedstagandet
947 2207 161 46 uppnått
1137 2205 45 36 65
1211 2203 200 38 lefnadsår.

514 2256 140 36 Vidare
681 2256 68 36 har
778 2256 237 37 direktionen
1042 2256 126 36 funnit
1188 2256 59 48 sig
1266 2256 80 36 icke
1367 2254 130 37 kunna
1515 2252 193 50 tillstyrka
1728 2251 243 38 kommitténs
