1880 2794
251 179 111 26 Första
384 177 202 27 kammarens
608 176 161 27 allmänna
792 175 324 35 beredningsutskotts
1141 174 159 28 utlåtande
1323 183 37 19 nr
1386 175 44 26 12.
1582 174 19 30 5

95 268 116 30 naden
231 268 67 30 och
317 266 261 40 kyrkogården.
599 267 58 29 Ett
679 265 235 40 fråntagande
935 275 43 21 av
999 265 274 39 möjligheterna
1295 264 57 30 för
1372 262 226 40 församling-

95 331 43 20 en
159 324 51 27 att
229 321 89 39 själv
338 321 112 30 ordna
471 321 103 29 dessa
594 320 296 39 angelägenheter
910 337 45 3 —
972 318 60 31 vid
1053 320 113 29 större
1187 318 146 30 arbeten
1352 317 10 30 i
1384 316 214 32 samverkan

94 375 81 30 med
197 374 357 40 byggnadsstyrelsen
577 391 45 3 —
643 373 114 30 skulle
781 373 58 30 för
861 372 513 39 församlingsmedlemmarna
1399 374 34 27 te
1459 370 52 39 sig
1536 370 62 30 allt

95 431 110 27 annat
219 428 46 30 än
280 427 198 31 tilltalande
495 428 68 29 och
579 425 151 32 framstå
744 436 77 20 som
838 425 106 40 något
960 426 104 39 högst
1080 424 191 40 opåkallat.
1291 425 96 29 Enär
1403 423 195 39 taxerings-

94 481 195 39 längderna
310 481 39 30 är
369 481 180 39 upplagda
570 479 293 40 församlingsvis,
886 479 102 30 torde
1009 479 59 30 vid
1089 477 202 32 bibehållen
1315 476 283 40 församlingsin-

95 534 143 40 delning
264 535 58 30 det
348 533 129 37 arbete,
506 544 77 20 som
609 534 240 39 uppkommer
875 533 57 30 vid
958 532 249 39 utdebitering,
1237 532 78 29 icke
1342 540 84 21 vara
1454 530 144 31 särskilt

96 591 97 27 stort.
215 588 174 30 Fördelen
407 588 81 29 med
510 597 43 20 en
575 586 156 40 enhetlig
751 586 239 39 utdebitering
1011 586 98 30 inom
1132 585 250 30 storkommun
1404 584 81 30 med
1508 584 90 30 flera

95 641 253 40 församlingar
366 640 57 31 får
440 641 124 30 därför
582 641 32 38 ej
634 640 231 31 överskattas.

141 695 242 39 Domkapitlet
402 695 119 30 finner
540 695 58 29 det
617 694 78 30 icke
714 694 133 39 rimligt
867 696 50 28 att
939 693 90 30 efter
1048 692 281 40 genomförande
1347 701 43 21 av
1409 691 189 30 kommun-

95 749 228 39 indelningen
342 747 199 41 igångsätta
560 758 44 20 en
622 758 47 28 ny
687 747 212 31 tidsödande
918 747 68 30 och
1005 745 356 31 kostnadskrävande
1383 744 216 39 indelnings-

95 802 199 40 utredning,
320 803 95 29 detta
440 801 39 31 så
504 802 143 39 mycket
671 801 140 30 mindre
836 810 77 21 som
939 800 202 30 motionens
1166 799 92 39 syfte
1284 799 11 29 i
1320 798 70 31 viss
1416 797 85 31 mån
1527 798 72 30 kan

95 856 204 40 tillgodoses
325 855 217 40 därigenom,
570 858 51 27 att
647 864 83 21 man
756 854 98 30 inom
881 863 124 21 ramen
1032 854 57 29 för
1115 851 483 40 församlingsstyrelselagen

95 910 115 30 bildar
229 909 163 39 kyrkliga
412 908 291 40 samfälligheter,
724 909 64 29 där
808 907 300 39 förutsättningar
1127 906 124 30 därför
1271 905 199 39 föreligger.
1493 905 106 30 Dom-

95 963 150 39 kapitlet
267 962 139 31 erinrar
423 962 53 30 till
500 962 63 30 sist
586 972 59 20 om
666 965 51 27 att
740 961 59 30 vid
822 961 67 30 den
911 959 184 41 pågående
1118 959 236 39 utredningen
1378 968 59 20 om
1461 958 138 30 ändrad

95 1016 363 40 pastoratsindelning
483 1014 127 41 frågan
636 1025 59 20 om
720 1014 271 39 församlingars
1019 1013 315 31 sammanförande
1360 1011 54 31 till
1438 1014 161 37 pastorat

96 1080 44 20 av
156 1069 146 40 lämplig
321 1069 133 30 storlek
473 1069 67 30 och
560 1078 58 20 om
637 1069 134 30 antalet
791 1068 139 39 präster
949 1067 99 30 inom
1067 1066 98 39 varje
1184 1068 161 37 pastorat
1364 1065 165 30 kommer
1548 1067 52 28 att

95 1126 174 36 upptagas
293 1123 53 30 till
369 1122 227 39 behandling.
624 1121 341 31 Lönekostnaderna
987 1120 59 30 för
1068 1120 141 39 präster
1231 1119 130 30 liksom
1387 1118 57 30 för
1469 1117 130 39 kyrko-

96 1176 159 31 musiker
272 1177 39 29 är
332 1174 108 32 också
459 1185 44 21 en
523 1175 267 40 angelägenhet,
811 1184 77 21 som
906 1174 213 30 ankommer
1138 1171 47 41 på
1204 1175 206 37 pastoraten
1433 1171 68 30 och
1521 1171 78 30 icke

96 1229 45 41 på
159 1229 311 40 församlingarna.
492 1229 244 39 Domkapitlet
756 1229 185 38 avstyrker
959 1229 201 39 utredning.

140 1302 113 30 Skara
269 1301 215 39 domkapitel
505 1301 105 30 anför
629 1301 11 29 i
659 1300 202 30 huvudsak:

141 1364 53 30 En
215 1363 154 31 revision
390 1373 42 21 av
453 1362 461 40 församlingsindelningen
936 1363 41 29 är
997 1363 178 30 beroende
1197 1373 43 20 av
1261 1363 58 30 det
1341 1363 157 35 resultat,
1522 1372 78 21 som

97 1417 70 31 kan
195 1417 203 30 föranledas
427 1426 43 21 av
499 1416 237 39 utredningen
765 1426 58 20 om
851 1415 420 40 pastoratsindelningen,
1302 1416 123 30 varför
1452 1415 147 31 domka-

96 1471 100 39 pitlet
218 1471 110 29 redan
349 1480 43 20 av
412 1470 97 30 detta
531 1470 77 30 skäl
630 1470 154 29 bestämt
803 1469 187 39 avstyrker
1010 1468 193 31 motionen.
1228 1468 93 31 Från
1343 1469 67 30 den
1435 1469 164 39 kyrkliga

97 1524 305 39 organisationens
425 1524 183 38 synpunkt
632 1523 96 30 finns
752 1523 32 38 ej
808 1521 109 40 några
940 1532 77 20 som
1039 1522 92 30 helst
1155 1522 76 30 skäl
1254 1523 56 29 för
1334 1532 42 20 en
1397 1522 201 40 utredning.

96 1578 50 30 De
169 1577 11 30 i
203 1577 183 31 motionen
410 1577 153 30 anförda
587 1576 123 30 skälen
735 1575 118 31 såsom
877 1579 23 27 t.
926 1585 51 20 ex.
1008 1575 199 30 »skiftande
1233 1575 367 39 församlingsskatter

96 1631 57 30 för
172 1630 95 31 olika
286 1631 98 29 delar
405 1640 42 20 av
468 1630 239 30 kommunen>
731 1630 41 29 är
789 1629 78 30 icke
887 1639 45 20 av
950 1629 69 30 den
1040 1631 64 33 art,
1126 1632 51 27 att
1198 1629 42 30 de
1261 1629 64 30 bör
1346 1637 40 31 ge
1406 1628 194 40 anledning

96 1684 53 30 till
171 1683 199 40 utredning.
393 1683 79 30 Med
495 1682 253 40 domkapitlets
772 1682 205 31 erfarenhet
999 1692 43 20 av
1067 1681 274 31 förhållandena
1364 1682 97 30 inom
1487 1682 113 30 stiftet

97 1736 73 31 står
187 1737 58 30 det
264 1737 144 30 alldeles
426 1737 104 35 klart,
551 1739 51 27 att
621 1736 254 39 befolkningen
897 1736 39 30 är
955 1734 98 41 långt
1073 1735 161 31 starkare
1253 1735 136 30 knuten
1409 1735 59 30 vid
1488 1735 111 31 lokal-

96 1791 256 38 församlingen
376 1791 45 29 än
443 1789 60 31 vid
525 1788 97 32 såväl
645 1790 68 29 den
735 1789 199 39 borgerliga
958 1789 219 30 kommunen
1202 1798 77 21 som
1302 1791 206 37 pastoratet.
1534 1789 66 30 Det

96 1853 104 29 synes
216 1844 123 29 därför
358 1843 78 30 icke
454 1843 91 30 blott
563 1852 42 20 ur
623 1842 262 30 administrativ
905 1842 183 38 synpunkt
1107 1842 145 38 onödigt
1273 1842 67 30 och
1359 1842 81 30 med
1459 1842 140 38 hänsyn

97 1897 52 30 till
169 1897 68 30 den
258 1896 163 39 kyrkliga
442 1896 274 30 verksamheten
738 1895 200 39 ödesdigert
960 1898 87 27 utan
1069 1894 109 30 också
1200 1895 103 38 högst
1324 1895 125 30 oklokt
1472 1898 51 27 att
1546 1903 53 31 ge-

96 1959 84 21 nom
203 1949 102 30 bifall
330 1949 53 30 till
407 1949 183 29 motionen
615 1949 112 30 väcka
753 1958 43 20 en
821 1948 97 35 strid,
945 1947 45 31 då
1014 1948 81 38 inga
1121 1957 76 21 som
1224 1948 91 30 helst
1341 1948 158 30 bärande
1523 1948 77 30 skäl

96 2003 119 30 därtill
234 2002 198 39 föreligger.

141 2074 174 39 Styrelsen
333 2074 56 36 för
409 2073 158 31 Svenska
586 2075 219 37 pastoratens
825 2072 232 37 riksförbund
1075 2072 105 30 anför
1201 2072 45 30 bl.
1269 2081 44 21 a.:

142 2135 44 31 Så
206 2137 102 37 länge
331 2145 83 20 man
434 2135 66 30 har
522 2145 43 20 en
588 2135 210 30 kommunal
820 2133 279 40 skatteordning,
1123 2143 77 20 som
1222 2134 149 34 medför,
1395 2137 52 27 att
1470 2133 131 30 skatte-

97 2189 138 38 trycket
252 2189 122 29 växlar
392 2188 98 30 inom
509 2188 96 30 olika
623 2188 224 35 kommuner,
868 2188 40 29 är
925 2188 58 29 det
1002 2187 180 38 naturligt,
1202 2190 51 26 att
1272 2187 95 30 detta
1387 2186 103 39 tryck
1511 2187 89 29 även

97 2242 122 29 växlar
234 2242 98 29 inom
351 2241 95 30 olika
463 2240 263 38 församlingar.
747 2240 67 30 Om
832 2250 82 20 man
932 2239 61 30 vill
1012 2239 86 30 ernå
1116 2249 43 20 en
1178 2239 329 38 skatteutjämning,
1529 2239 71 30 kan

97 2295 96 29 detta
209 2293 103 31 ernås
330 2297 85 26 utan
433 2293 329 39 sammanslagning
777 2302 43 21 av
836 2302 82 21 vare
935 2292 52 38 sig
1003 2292 216 29 kommuner
1236 2292 84 30 eller
1336 2291 263 39 församlingar.

98 2347 95 31 Enär
217 2346 374 39 församlingsskatten
617 2355 77 20 som
719 2346 94 38 regel
839 2346 104 38 utgör
968 2354 43 20 en
1038 2344 180 39 obetydlig
1244 2345 55 29 del
1326 2354 42 20 av
1395 2345 68 29 den
1490 2345 110 29 totala

97 2401 151 33 skatten,
276 2400 99 29 torde
403 2399 285 38 utdebiteringen
713 2408 43 20 av
783 2399 67 29 den
880 2399 97 29 förra
1005 2398 141 29 skatten
1175 2397 77 30 icke
1280 2397 185 30 föranleda
1494 2396 107 39 något

97 2453 199 39 betydande
315 2453 120 29 arbete
453 2453 65 29 hos
537 2451 330 31 häradsskrivarna.
889 2451 65 30 Det
974 2450 241 30 förhållandet
1234 2453 50 27 att
1304 2450 295 39 kyrkostämman
