2212 2648
680 194 265 34 Statsutskottets
967 194 175 34 Memorial
1164 195 62 32 N:o
1249 197 49 30 74.
1738 199 14 28 1

900 732 76 42 N:o
1005 732 63 42 74.

743 885 77 30 Ank.
844 886 43 29 till
910 886 104 29 Riksd.
1039 886 94 30 kansli
1156 887 59 29 den
1239 888 38 28 19
1301 888 73 37 april
1399 888 90 35 1904,
1513 888 39 29 kl.
1577 889 17 28 3
1618 898 25 20 e.
1668 898 39 20 m.

383 1029 196 44 Memorial,
613 1030 14 34 i
658 1030 186 45 anledning
880 1029 45 44 af
944 1031 204 35 kamrarnes
1173 1031 197 46 skiljaktiga
1392 1032 105 36 beslut
1522 1033 14 34 i
1557 1033 94 35 vissa
1667 1033 129 45 frågor

583 1090 152 35 rörande
761 1090 163 45 anslagen
950 1091 112 35 under
1088 1091 202 36 riksstatens
1307 1091 124 44 fjärde
1456 1091 215 45 hufvudtitel.

1424 1189 73 50 (1:a
1524 1192 46 39 U.
1599 1191 59 49 A.)

317 1339 305 47 Statsutskottet,
664 1354 83 24 som
789 1342 151 37 erhållit
972 1341 63 38 del
1068 1342 42 37 af
1132 1342 227 37 kamrarnes
1387 1343 128 37 beslut
1541 1343 12 36 i
1582 1344 211 50 anledning

183 1389 42 38 af
249 1390 209 37 utskottets
485 1391 197 37 utlåtande
711 1405 62 24 n:o
802 1394 33 46 5,
864 1393 200 49 angående
1092 1392 247 50 regleringen
1369 1394 40 36 af
1433 1394 214 49 utgifterna
1670 1395 123 38 under

181 1440 231 38 riksstatens
440 1442 123 48 fjärde
591 1442 246 49 hufvudtitel,
867 1444 58 36 får
948 1443 69 37 här
1043 1444 127 37 nedan
1199 1443 149 50 afgifva
1376 1444 47 37 de
1451 1445 159 50 förslag,
1639 1445 154 38 hvartill

183 1504 148 25 samma
359 1492 127 37 beslut
512 1493 197 38 befunnits
738 1493 209 39 föranleda.

951 1614 68 36 1:0.

315 1695 144 48 Kungl.
498 1696 107 48 Maj:t
643 1696 100 37 hade
775 1697 12 36 i
815 1697 506 49 statsverkspropositionen
1349 1699 122 37 under
1498 1699 173 49 punkten
1700 1701 21 34 2
1750 1701 43 37 af

182 1745 125 48 fjärde
335 1745 261 38 hufvudtiteln
625 1747 203 50 föreslagit
854 1747 234 50 Riksdagen,
1118 1748 116 37 bland
1259 1754 128 42 annat,

315 1794 36 48 a)
380 1801 65 42 att,
479 1796 237 38 beträffande
745 1798 378 50 musikpersonalens
1151 1799 65 37 vid
1245 1800 155 36 arméen
1427 1801 361 49 sammansättning,

179 1846 171 49 aflöning
378 1847 71 37 och
476 1848 201 37 underhåll
705 1862 48 24 m.
783 1863 48 23 m.
853 1854 99 32 samt
966 1849 125 50 öfriga
1109 1849 211 38 kostnader
1338 1850 59 37 för
1415 1850 189 49 musiken,
1623 1851 164 48 besluta,

313 1902 48 32 att
389 1897 189 38 särskilda
611 1898 280 51 beställningar
919 1900 59 37 för
1005 1900 310 50 musikpersonal
1342 1901 63 37 vid
1433 1902 134 48 hvarje
1595 1903 195 49 truppför-

178 1947 103 38 band
305 1948 125 37 skulle
457 1948 63 37 vid
548 1950 231 48 genomförd
807 1950 237 50 härordning
1070 1951 209 38 förefinnas
1302 1951 58 38 till
1388 1951 65 38 det
1481 1952 114 49 antal,
1625 1966 80 24 som
1723 1967 66 23 an-

178 1999 138 48 gåfves
349 1998 12 37 i
394 2012 48 24 en
469 1999 179 39 däröfver
675 2001 220 49 upprättad,
923 2002 64 37 vid
1015 2002 426 50 statsrådsprotokollet
1467 2004 108 37 öfver
1602 2003 187 39 landtför-

176 2049 283 38 svarsärenden
488 2050 74 38 den
591 2053 45 35 12
667 2051 175 38 sistlidne
863 2052 154 49 januari
1045 2053 119 49 fogad
1190 2052 135 47 tabell;

310 2105 48 32 att
385 2100 125 38 denna
534 2102 264 49 organisation
826 2103 123 37 skulle
976 2104 250 49 genomföras
1253 2104 12 37 i
1293 2104 74 37 den
1387 2107 88 35 mån
1496 2105 292 39 förhållandena

175 2150 67 38 det
270 2151 221 49 medgåfve;

310 2207 48 32 att
384 2202 478 40 musikunderofficerarne
890 2204 88 38 med
1006 2205 182 38 afseende
1215 2208 51 48 på
1286 2205 398 50 aflöningsförmåner,
1705 2207 83 38 däri

182 2251 262 39 inberäknade
471 2253 266 51 inkvartering
764 2254 39 38 in
829 2260 137 33 natura
982 2255 94 38 eller
1090 2256 428 51 inkvarteringsbidrag
1536 2263 101 33 samt
1651 2258 140 38 servis-

214 2309 74 32 Bih.
316 2309 52 33 till
391 2309 114 34 Riksd.
530 2309 89 34 Erot.
643 2314 90 30 1904.
778 2315 21 29 4
822 2312 98 33 Saml.
966 2316 18 28 1
1006 2313 81 41 Afd.
1131 2315 43 30 50
1195 2313 100 42 Häft.
1340 2314 76 41 (N:o
1438 2316 63 33 74).
1728 2319 15 27 1
