<?xml version="1.0" encoding="UTF-8"?>
<alto xmlns="http://www.loc.gov/standards/alto/ns-v3#" xmlns:xlink="http://www.w3.org/1999/xlink" xmlns:xsi="http://www.w3.org/2001/XMLSchema-instance" xsi:schemaLocation="http://www.loc.gov/standards/alto/ns-v3# http://www.loc.gov/alto/v3/alto-3-0.xsd">
	<Description>
		<MeasurementUnit>pixel</MeasurementUnit>
		<sourceImageInformation>
			<fileName>/tmp/tess_a3usn3_v_input.PNG</fileName>
		</sourceImageInformation>
		<OCRProcessing ID="OCR_0">
			<ocrProcessingStep>
				<processingSoftware>
					<softwareName>tesseract 5.3.0</softwareName>
				</processingSoftware>
			</ocrProcessingStep>
		</OCRProcessing>
	</Description>
	<Layout>
		<Page WIDTH="2212" HEIGHT="2638" PHYSICAL_IMG_NR="0" ID="page_0">
			<PrintSpace HPOS="0" VPOS="0" WIDTH="2212" HEIGHT="2638">
				<ComposedBlock ID="cblock_0" HPOS="461" VPOS="183" WIDTH="1083" HEIGHT="38">
					<TextBlock ID="block_0" HPOS="461" VPOS="183" WIDTH="1083" HEIGHT="38">
						<TextLine ID="line_0" HPOS="461" VPOS="183" WIDTH="1083" HEIGHT="38">
							<String ID="string_0" HPOS="461" VPOS="185" WIDTH="20" HEIGHT="28" WC="0.96" CONTENT="4"/><SP WIDTH="446" VPOS="185" HPOS="481"/>
							<String ID="string_1" HPOS="927" VPOS="183" WIDTH="265" HEIGHT="35" WC="0.90" CONTENT="Statsutskottets"/><SP WIDTH="23" VPOS="183" HPOS="1192"/>
							<String ID="string_2" HPOS="1215" VPOS="186" WIDTH="173" HEIGHT="33" WC="0.96" CONTENT="Memorial"/><SP WIDTH="22" VPOS="186" HPOS="1388"/>
							<String ID="string_3" HPOS="1410" VPOS="188" WIDTH="63" HEIGHT="32" WC="0.96" CONTENT="N:o"/><SP WIDTH="22" VPOS="188" HPOS="1473"/>
							<String ID="string_4" HPOS="1495" VPOS="191" WIDTH="49" HEIGHT="30" WC="0.87" CONTENT="74."/>
						</TextLine>
					</TextBlock>
				</ComposedBlock>
				<ComposedBlock ID="cblock_1" HPOS="417" VPOS="267" WIDTH="1609" HEIGHT="264">
					<TextBlock ID="block_1" HPOS="417" VPOS="267" WIDTH="1609" HEIGHT="264">
						<TextLine ID="line_1" HPOS="417" VPOS="267" WIDTH="1609" HEIGHT="60">
							<String ID="string_5" HPOS="417" VPOS="267" WIDTH="151" HEIGHT="38" WC="0.89" CONTENT="hvaruti"/><SP WIDTH="37" VPOS="267" HPOS="568"/>
							<String ID="string_6" HPOS="605" VPOS="269" WIDTH="147" HEIGHT="49" WC="0.92" CONTENT="yrkats,"/><SP WIDTH="29" VPOS="269" HPOS="752"/>
							<String ID="string_7" HPOS="781" VPOS="273" WIDTH="54" HEIGHT="34" WC="0.96" CONTENT="att"/><SP WIDTH="26" VPOS="273" HPOS="835"/>
							<String ID="string_8" HPOS="861" VPOS="269" WIDTH="235" HEIGHT="51" WC="0.96" CONTENT="Riksdagen,"/><SP WIDTH="29" VPOS="269" HPOS="1096"/>
							<String ID="string_9" HPOS="1125" VPOS="273" WIDTH="89" HEIGHT="36" WC="0.93" CONTENT="med"/><SP WIDTH="28" VPOS="273" HPOS="1214"/>
							<String ID="string_10" HPOS="1242" VPOS="273" WIDTH="128" HEIGHT="50" WC="0.92" CONTENT="afslag"/><SP WIDTH="28" VPOS="273" HPOS="1370"/>
							<String ID="string_11" HPOS="1398" VPOS="277" WIDTH="20" HEIGHT="33" WC="0.93" CONTENT="å"/><SP WIDTH="28" VPOS="277" HPOS="1418"/>
							<String ID="string_12" HPOS="1446" VPOS="274" WIDTH="64" HEIGHT="37" WC="0.96" CONTENT="det"/><SP WIDTH="28" VPOS="274" HPOS="1510"/>
							<String ID="string_13" HPOS="1538" VPOS="276" WIDTH="42" HEIGHT="37" WC="0.96" CONTENT="af"/><SP WIDTH="23" VPOS="276" HPOS="1580"/>
							<String ID="string_14" HPOS="1603" VPOS="277" WIDTH="144" HEIGHT="49" WC="0.96" CONTENT="Kungl."/><SP WIDTH="28" VPOS="277" HPOS="1747"/>
							<String ID="string_15" HPOS="1775" VPOS="278" WIDTH="107" HEIGHT="49" WC="0.93" CONTENT="Maj:t"/><SP WIDTH="27" VPOS="278" HPOS="1882"/>
							<String ID="string_16" HPOS="1909" VPOS="281" WIDTH="117" HEIGHT="37" WC="0.91" CONTENT="fram-"/>
						</TextLine>
						<TextLine ID="line_2" HPOS="419" VPOS="318" WIDTH="1606" HEIGHT="59">
							<String ID="string_17" HPOS="419" VPOS="318" WIDTH="116" HEIGHT="50" WC="0.94" CONTENT="lagda"/><SP WIDTH="39" VPOS="318" HPOS="535"/>
							<String ID="string_18" HPOS="574" VPOS="319" WIDTH="189" HEIGHT="49" WC="0.94" CONTENT="förslaget"/><SP WIDTH="39" VPOS="319" HPOS="763"/>
							<String ID="string_19" HPOS="802" VPOS="319" WIDTH="56" HEIGHT="38" WC="0.95" CONTENT="till"/><SP WIDTH="41" VPOS="319" HPOS="858"/>
							<String ID="string_20" HPOS="899" VPOS="323" WIDTH="329" HEIGHT="48" WC="0.96" CONTENT="omorganisation"/><SP WIDTH="41" VPOS="323" HPOS="1228"/>
							<String ID="string_21" HPOS="1269" VPOS="325" WIDTH="42" HEIGHT="36" WC="0.92" CONTENT="af"/><SP WIDTH="24" VPOS="325" HPOS="1311"/>
							<String ID="string_22" HPOS="1335" VPOS="326" WIDTH="175" HEIGHT="36" WC="0.89" CONTENT="arméens"/><SP WIDTH="28" VPOS="326" HPOS="1510"/>
							<String ID="string_23" HPOS="1538" VPOS="327" WIDTH="321" HEIGHT="50" WC="0.91" CONTENT="musikpersonal,"/><SP WIDTH="37" VPOS="327" HPOS="1859"/>
							<String ID="string_24" HPOS="1896" VPOS="331" WIDTH="129" HEIGHT="37" WC="0.96" CONTENT="ville"/><SP WIDTH="-23" VPOS="331" HPOS="2025"/>
							<String ID="string_25" HPOS="2002" VPOS="314" WIDTH="26" HEIGHT="67" WC="0.96" CONTENT="i"/>
						</TextLine>
						<TextLine ID="line_3" HPOS="419" VPOS="369" WIDTH="1606" HEIGHT="59">
							<String ID="string_26" HPOS="419" VPOS="369" WIDTH="205" HEIGHT="38" WC="0.95" CONTENT="skrifvelse"/><SP WIDTH="41" VPOS="369" HPOS="624"/>
							<String ID="string_27" HPOS="665" VPOS="371" WIDTH="59" HEIGHT="36" WC="0.95" CONTENT="till"/><SP WIDTH="33" VPOS="371" HPOS="724"/>
							<String ID="string_28" HPOS="757" VPOS="371" WIDTH="142" HEIGHT="50" WC="0.95" CONTENT="Kungl."/><SP WIDTH="28" VPOS="371" HPOS="899"/>
							<String ID="string_29" HPOS="927" VPOS="372" WIDTH="109" HEIGHT="49" WC="0.96" CONTENT="Maj:t"/><SP WIDTH="27" VPOS="372" HPOS="1036"/>
							<String ID="string_30" HPOS="1063" VPOS="373" WIDTH="164" HEIGHT="49" WC="0.95" CONTENT="anhålla,"/><SP WIDTH="30" VPOS="373" HPOS="1227"/>
							<String ID="string_31" HPOS="1257" VPOS="374" WIDTH="64" HEIGHT="38" WC="0.96" CONTENT="det"/><SP WIDTH="26" VPOS="374" HPOS="1321"/>
							<String ID="string_32" HPOS="1347" VPOS="375" WIDTH="149" HEIGHT="38" WC="0.96" CONTENT="täcktes"/><SP WIDTH="27" VPOS="375" HPOS="1496"/>
							<String ID="string_33" HPOS="1523" VPOS="377" WIDTH="142" HEIGHT="51" WC="0.96" CONTENT="Kungl."/><SP WIDTH="30" VPOS="377" HPOS="1665"/>
							<String ID="string_34" HPOS="1695" VPOS="379" WIDTH="107" HEIGHT="48" WC="0.96" CONTENT="Maj:t"/><SP WIDTH="26" VPOS="379" HPOS="1802"/>
							<String ID="string_35" HPOS="1828" VPOS="379" WIDTH="58" HEIGHT="37" WC="0.96" CONTENT="till"/><SP WIDTH="27" VPOS="379" HPOS="1886"/>
							<String ID="string_36" HPOS="1913" VPOS="387" WIDTH="112" HEIGHT="32" WC="0.96" CONTENT="nästa"/>
						</TextLine>
						<TextLine ID="line_4" HPOS="418" VPOS="420" WIDTH="1607" HEIGHT="60">
							<String ID="string_37" HPOS="418" VPOS="420" WIDTH="173" HEIGHT="50" WC="0.96" CONTENT="Riksdag"/><SP WIDTH="41" VPOS="420" HPOS="591"/>
							<String ID="string_38" HPOS="632" VPOS="421" WIDTH="218" HEIGHT="50" WC="0.91" CONTENT="framlägga"/><SP WIDTH="32" VPOS="421" HPOS="850"/>
							<String ID="string_39" HPOS="882" VPOS="422" WIDTH="181" HEIGHT="50" WC="0.91" CONTENT="förnyadt"/><SP WIDTH="27" VPOS="422" HPOS="1063"/>
							<String ID="string_40" HPOS="1090" VPOS="424" WIDTH="149" HEIGHT="50" WC="0.96" CONTENT="förslag"/><SP WIDTH="26" VPOS="424" HPOS="1239"/>
							<String ID="string_41" HPOS="1265" VPOS="426" WIDTH="56" HEIGHT="36" WC="0.96" CONTENT="till"/><SP WIDTH="29" VPOS="426" HPOS="1321"/>
							<String ID="string_42" HPOS="1350" VPOS="427" WIDTH="195" HEIGHT="38" WC="0.96" CONTENT="ordnande"/><SP WIDTH="29" VPOS="427" HPOS="1545"/>
							<String ID="string_43" HPOS="1574" VPOS="430" WIDTH="42" HEIGHT="36" WC="0.96" CONTENT="af"/><SP WIDTH="23" VPOS="430" HPOS="1616"/>
							<String ID="string_44" HPOS="1639" VPOS="430" WIDTH="167" HEIGHT="36" WC="0.96" CONTENT="nämnda"/><SP WIDTH="27" VPOS="430" HPOS="1806"/>
							<String ID="string_45" HPOS="1833" VPOS="432" WIDTH="192" HEIGHT="48" WC="0.96" CONTENT="personal,"/>
						</TextLine>
						<TextLine ID="line_5" HPOS="418" VPOS="470" WIDTH="1605" HEIGHT="61">
							<String ID="string_46" HPOS="418" VPOS="470" WIDTH="12" HEIGHT="37" WC="0.95" CONTENT="i"/><SP WIDTH="39" VPOS="470" HPOS="430"/>
							<String ID="string_47" HPOS="469" VPOS="472" WIDTH="100" HEIGHT="49" WC="0.96" CONTENT="syfte"/><SP WIDTH="39" VPOS="472" HPOS="569"/>
							<String ID="string_48" HPOS="608" VPOS="477" WIDTH="56" HEIGHT="32" WC="0.96" CONTENT="att"/><SP WIDTH="40" VPOS="477" HPOS="664"/>
							<String ID="string_49" HPOS="704" VPOS="472" WIDTH="261" HEIGHT="38" WC="0.96" CONTENT="kostnaderna"/><SP WIDTH="39" VPOS="472" HPOS="965"/>
							<String ID="string_50" HPOS="1004" VPOS="474" WIDTH="58" HEIGHT="37" WC="0.96" CONTENT="för"/><SP WIDTH="40" VPOS="474" HPOS="1062"/>
							<String ID="string_51" HPOS="1102" VPOS="475" WIDTH="224" HEIGHT="39" WC="0.96" CONTENT="densamma"/><SP WIDTH="34" VPOS="475" HPOS="1326"/>
							<String ID="string_52" HPOS="1360" VPOS="481" WIDTH="118" HEIGHT="34" WC="0.96" CONTENT="måtte"/><SP WIDTH="28" VPOS="481" HPOS="1478"/>
							<String ID="string_53" HPOS="1506" VPOS="480" WIDTH="244" HEIGHT="49" WC="0.93" CONTENT="väsentligen"/><SP WIDTH="27" VPOS="480" HPOS="1750"/>
							<String ID="string_54" HPOS="1777" VPOS="481" WIDTH="246" HEIGHT="50" WC="0.92" CONTENT="nedbringas."/>
						</TextLine>
					</TextBlock>
				</ComposedBlock>
				<ComposedBlock ID="cblock_2" HPOS="417" VPOS="572" WIDTH="1609" HEIGHT="259">
					<TextBlock ID="block_2" HPOS="417" VPOS="572" WIDTH="1609" HEIGHT="259">
						<TextLine ID="line_6" HPOS="552" VPOS="572" WIDTH="1474" HEIGHT="59">
							<String ID="string_55" HPOS="552" VPOS="572" WIDTH="57" HEIGHT="37" WC="0.93" CONTENT="Då"/><SP WIDTH="40" VPOS="572" HPOS="609"/>
							<String ID="string_56" HPOS="649" VPOS="573" WIDTH="224" HEIGHT="38" WC="0.89" CONTENT="kamrarnes"/><SP WIDTH="34" VPOS="573" HPOS="873"/>
							<String ID="string_57" HPOS="907" VPOS="573" WIDTH="222" HEIGHT="51" WC="0.96" CONTENT="skiljaktiga"/><SP WIDTH="28" VPOS="573" HPOS="1129"/>
							<String ID="string_58" HPOS="1157" VPOS="577" WIDTH="128" HEIGHT="38" WC="0.96" CONTENT="beslut"/><SP WIDTH="26" VPOS="577" HPOS="1285"/>
							<String ID="string_59" HPOS="1311" VPOS="578" WIDTH="11" HEIGHT="36" WC="0.96" CONTENT="i"/><SP WIDTH="28" VPOS="578" HPOS="1322"/>
							<String ID="string_60" HPOS="1350" VPOS="579" WIDTH="126" HEIGHT="37" WC="0.96" CONTENT="denna"/><SP WIDTH="27" VPOS="579" HPOS="1476"/>
							<String ID="string_61" HPOS="1503" VPOS="579" WIDTH="110" HEIGHT="50" WC="0.96" CONTENT="fråga"/><SP WIDTH="27" VPOS="579" HPOS="1613"/>
							<String ID="string_62" HPOS="1640" VPOS="581" WIDTH="85" HEIGHT="37" WC="0.96" CONTENT="icke"/><SP WIDTH="28" VPOS="581" HPOS="1725"/>
							<String ID="string_63" HPOS="1753" VPOS="595" WIDTH="114" HEIGHT="36" WC="0.91" CONTENT="synes"/><SP WIDTH="28" VPOS="595" HPOS="1867"/>
							<String ID="string_64" HPOS="1895" VPOS="583" WIDTH="131" HEIGHT="38" WC="0.96" CONTENT="kunna"/>
						</TextLine>
						<TextLine ID="line_7" HPOS="418" VPOS="623" WIDTH="1607" HEIGHT="51">
							<String ID="string_65" HPOS="418" VPOS="623" WIDTH="337" HEIGHT="49" WC="0.91" CONTENT="sammanjämkas,"/><SP WIDTH="41" VPOS="623" HPOS="755"/>
							<String ID="string_66" HPOS="796" VPOS="625" WIDTH="71" HEIGHT="37" WC="0.96" CONTENT="och"/><SP WIDTH="41" VPOS="625" HPOS="867"/>
							<String ID="string_67" HPOS="908" VPOS="625" WIDTH="137" HEIGHT="49" WC="0.96" CONTENT="frågan"/><SP WIDTH="38" VPOS="625" HPOS="1045"/>
							<String ID="string_68" HPOS="1083" VPOS="627" WIDTH="84" HEIGHT="37" WC="0.96" CONTENT="icke"/><SP WIDTH="41" VPOS="627" HPOS="1167"/>
							<String ID="string_69" HPOS="1208" VPOS="628" WIDTH="109" HEIGHT="38" WC="0.96" CONTENT="torde"/><SP WIDTH="41" VPOS="628" HPOS="1317"/>
							<String ID="string_70" HPOS="1358" VPOS="643" WIDTH="92" HEIGHT="24" WC="0.96" CONTENT="vara"/><SP WIDTH="41" VPOS="643" HPOS="1450"/>
							<String ID="string_71" HPOS="1491" VPOS="631" WIDTH="42" HEIGHT="36" WC="0.96" CONTENT="af"/><SP WIDTH="23" VPOS="631" HPOS="1533"/>
							<String ID="string_72" HPOS="1556" VPOS="631" WIDTH="266" HEIGHT="39" WC="0.96" CONTENT="beskaffenhet"/><SP WIDTH="28" VPOS="631" HPOS="1822"/>
							<String ID="string_73" HPOS="1850" VPOS="638" WIDTH="55" HEIGHT="33" WC="0.96" CONTENT="att"/><SP WIDTH="27" VPOS="638" HPOS="1905"/>
							<String ID="string_74" HPOS="1932" VPOS="633" WIDTH="93" HEIGHT="38" WC="0.95" CONTENT="böra"/>
						</TextLine>
						<TextLine ID="line_8" HPOS="417" VPOS="677" WIDTH="1607" HEIGHT="56">
							<String ID="string_75" HPOS="417" VPOS="687" WIDTH="141" HEIGHT="36" WC="0.95" CONTENT="genom"/><SP WIDTH="40" VPOS="687" HPOS="558"/>
							<String ID="string_76" HPOS="598" VPOS="688" WIDTH="226" HEIGHT="35" WC="0.95" CONTENT="gemensam"/><SP WIDTH="40" VPOS="688" HPOS="824"/>
							<String ID="string_77" HPOS="864" VPOS="677" WIDTH="178" HEIGHT="49" WC="0.93" CONTENT="votering"/><SP WIDTH="38" VPOS="677" HPOS="1042"/>
							<String ID="string_78" HPOS="1080" VPOS="678" WIDTH="170" HEIGHT="49" WC="0.89" CONTENT="afgöras,"/><SP WIDTH="40" VPOS="678" HPOS="1250"/>
							<String ID="string_79" HPOS="1290" VPOS="680" WIDTH="121" HEIGHT="37" WC="0.95" CONTENT="finner"/><SP WIDTH="32" VPOS="680" HPOS="1411"/>
							<String ID="string_80" HPOS="1443" VPOS="681" WIDTH="189" HEIGHT="38" WC="0.96" CONTENT="utskottet"/><SP WIDTH="28" VPOS="681" HPOS="1632"/>
							<String ID="string_81" HPOS="1660" VPOS="683" WIDTH="112" HEIGHT="37" WC="0.96" CONTENT="alltså"/><SP WIDTH="26" VPOS="683" HPOS="1772"/>
							<String ID="string_82" HPOS="1798" VPOS="684" WIDTH="137" HEIGHT="49" WC="0.96" CONTENT="frågan"/><SP WIDTH="29" VPOS="684" HPOS="1935"/>
							<String ID="string_83" HPOS="1964" VPOS="698" WIDTH="60" HEIGHT="23" WC="0.96" CONTENT="om"/>
						</TextLine>
						<TextLine ID="line_9" HPOS="418" VPOS="725" WIDTH="1606" HEIGHT="57">
							<String ID="string_84" HPOS="418" VPOS="725" WIDTH="227" HEIGHT="49" WC="0.96" CONTENT="förändring"/><SP WIDTH="32" VPOS="725" HPOS="645"/>
							<String ID="string_85" HPOS="677" VPOS="726" WIDTH="12" HEIGHT="36" WC="0.95" CONTENT="i"/><SP WIDTH="28" VPOS="726" HPOS="689"/>
							<String ID="string_86" HPOS="717" VPOS="726" WIDTH="312" HEIGHT="50" WC="0.96" CONTENT="organisationen"/><SP WIDTH="41" VPOS="726" HPOS="1029"/>
							<String ID="string_87" HPOS="1070" VPOS="729" WIDTH="42" HEIGHT="36" WC="0.93" CONTENT="af"/><SP WIDTH="38" VPOS="729" HPOS="1112"/>
							<String ID="string_88" HPOS="1150" VPOS="731" WIDTH="176" HEIGHT="36" WC="0.89" CONTENT="arméens"/><SP WIDTH="41" VPOS="731" HPOS="1326"/>
							<String ID="string_89" HPOS="1367" VPOS="731" WIDTH="307" HEIGHT="51" WC="0.89" CONTENT="musikpersonal"/><SP WIDTH="29" VPOS="731" HPOS="1674"/>
							<String ID="string_90" HPOS="1703" VPOS="734" WIDTH="115" HEIGHT="38" WC="0.95" CONTENT="hafva"/><SP WIDTH="29" VPOS="734" HPOS="1818"/>
							<String ID="string_91" HPOS="1847" VPOS="735" WIDTH="177" HEIGHT="47" WC="0.95" CONTENT="förfallit;"/>
						</TextLine>
						<TextLine ID="line_10" HPOS="418" VPOS="775" WIDTH="1036" HEIGHT="56">
							<String ID="string_92" HPOS="418" VPOS="775" WIDTH="146" HEIGHT="38" WC="0.96" CONTENT="hvilket"/><SP WIDTH="26" VPOS="775" HPOS="564"/>
							<String ID="string_93" HPOS="590" VPOS="776" WIDTH="189" HEIGHT="38" WC="0.96" CONTENT="utskottet"/><SP WIDTH="27" VPOS="776" HPOS="779"/>
							<String ID="string_94" HPOS="806" VPOS="777" WIDTH="160" HEIGHT="38" WC="0.96" CONTENT="härmed"/><SP WIDTH="28" VPOS="777" HPOS="966"/>
							<String ID="string_95" HPOS="994" VPOS="779" WIDTH="125" HEIGHT="38" WC="0.96" CONTENT="skolat"/><SP WIDTH="27" VPOS="779" HPOS="1119"/>
							<String ID="string_96" HPOS="1146" VPOS="780" WIDTH="60" HEIGHT="38" WC="0.96" CONTENT="för"/><SP WIDTH="26" VPOS="780" HPOS="1206"/>
							<String ID="string_97" HPOS="1232" VPOS="781" WIDTH="222" HEIGHT="50" WC="0.96" CONTENT="Riksdagen"/>
						</TextLine>
					</TextBlock>
				</ComposedBlock>
				<ComposedBlock ID="cblock_3" HPOS="869" VPOS="880" WIDTH="163" HEIGHT="38">
					<TextBlock ID="block_3" HPOS="869" VPOS="880" WIDTH="163" HEIGHT="38">
						<TextLine ID="line_11" HPOS="869" VPOS="880" WIDTH="163" HEIGHT="38">
							<String ID="string_98" HPOS="869" VPOS="880" WIDTH="163" HEIGHT="38" WC="0.95" CONTENT="anmäla."/>
						</TextLine>
					</TextBlock>
				</ComposedBlock>
				<ComposedBlock ID="cblock_4" HPOS="1185" VPOS="1002" WIDTH="72" HEIGHT="36">
					<TextBlock ID="block_4" HPOS="1185" VPOS="1002" WIDTH="72" HEIGHT="36">
						<TextLine ID="line_12" HPOS="1185" VPOS="1002" WIDTH="72" HEIGHT="36">
							<String ID="string_99" HPOS="1185" VPOS="1002" WIDTH="72" HEIGHT="36" WC="0.88" CONTENT="2:0."/>
						</TextLine>
					</TextBlock>
				</ComposedBlock>
				<ComposedBlock ID="cblock_5" HPOS="413" VPOS="1081" WIDTH="1610" HEIGHT="303">
					<TextBlock ID="block_5" HPOS="413" VPOS="1081" WIDTH="1610" HEIGHT="303">
						<TextLine ID="line_13" HPOS="548" VPOS="1081" WIDTH="1475" HEIGHT="54">
							<String ID="string_100" HPOS="548" VPOS="1081" WIDTH="144" HEIGHT="50" WC="0.94" CONTENT="Kungl."/><SP WIDTH="29" VPOS="1081" HPOS="692"/>
							<String ID="string_101" HPOS="721" VPOS="1082" WIDTH="106" HEIGHT="49" WC="0.96" CONTENT="Maj:t"/><SP WIDTH="27" VPOS="1082" HPOS="827"/>
							<String ID="string_102" HPOS="854" VPOS="1082" WIDTH="100" HEIGHT="37" WC="0.96" CONTENT="hade"/><SP WIDTH="28" VPOS="1082" HPOS="954"/>
							<String ID="string_103" HPOS="982" VPOS="1082" WIDTH="130" HEIGHT="38" WC="0.96" CONTENT="vidare"/><SP WIDTH="28" VPOS="1082" HPOS="1112"/>
							<String ID="string_104" HPOS="1140" VPOS="1084" WIDTH="124" HEIGHT="37" WC="0.96" CONTENT="under"/><SP WIDTH="26" VPOS="1084" HPOS="1264"/>
							<String ID="string_105" HPOS="1290" VPOS="1086" WIDTH="172" HEIGHT="48" WC="0.92" CONTENT="punkten"/><SP WIDTH="29" VPOS="1086" HPOS="1462"/>
							<String ID="string_106" HPOS="1491" VPOS="1089" WIDTH="58" HEIGHT="34" WC="0.76" CONTENT="2:0"/><SP WIDTH="20" VPOS="1089" HPOS="1549"/>
							<String ID="string_107" HPOS="1569" VPOS="1086" WIDTH="42" HEIGHT="37" WC="0.96" CONTENT="af"/><SP WIDTH="11" VPOS="1086" HPOS="1611"/>
							<String ID="string_108" HPOS="1622" VPOS="1087" WIDTH="123" HEIGHT="48" WC="0.93" CONTENT="fjärde"/><SP WIDTH="18" VPOS="1087" HPOS="1745"/>
							<String ID="string_109" HPOS="1763" VPOS="1087" WIDTH="260" HEIGHT="39" WC="0.89" CONTENT="hufvudtiteln"/>
						</TextLine>
						<TextLine ID="line_14" HPOS="414" VPOS="1131" WIDTH="1609" HEIGHT="56">
							<String ID="string_110" HPOS="414" VPOS="1131" WIDTH="201" HEIGHT="49" WC="0.96" CONTENT="föreslagit"/><SP WIDTH="40" VPOS="1131" HPOS="615"/>
							<String ID="string_111" HPOS="655" VPOS="1131" WIDTH="222" HEIGHT="51" WC="0.96" CONTENT="Riksdagen"/><SP WIDTH="40" VPOS="1131" HPOS="877"/>
							<String ID="string_112" HPOS="917" VPOS="1137" WIDTH="67" HEIGHT="43" WC="0.96" CONTENT="att,"/><SP WIDTH="37" VPOS="1137" HPOS="984"/>
							<String ID="string_113" HPOS="1021" VPOS="1134" WIDTH="87" HEIGHT="36" WC="0.96" CONTENT="med"/><SP WIDTH="27" VPOS="1134" HPOS="1108"/>
							<String ID="string_114" HPOS="1135" VPOS="1134" WIDTH="286" HEIGHT="48" WC="0.96" CONTENT="godkännande"/><SP WIDTH="28" VPOS="1134" HPOS="1421"/>
							<String ID="string_115" HPOS="1449" VPOS="1136" WIDTH="44" HEIGHT="37" WC="0.93" CONTENT="af"/><SP WIDTH="24" VPOS="1136" HPOS="1493"/>
							<String ID="string_116" HPOS="1517" VPOS="1137" WIDTH="425" HEIGHT="50" WC="0.91" CONTENT="statsrådsprotokollet"/><SP WIDTH="27" VPOS="1137" HPOS="1942"/>
							<String ID="string_117" HPOS="1969" VPOS="1140" WIDTH="54" HEIGHT="37" WC="0.91" CONTENT="bi-"/>
						</TextLine>
						<TextLine ID="line_15" HPOS="413" VPOS="1182" WIDTH="1608" HEIGHT="56">
							<String ID="string_118" HPOS="413" VPOS="1182" WIDTH="116" HEIGHT="49" WC="0.93" CONTENT="lagda"/><SP WIDTH="27" VPOS="1182" HPOS="529"/>
							<String ID="string_119" HPOS="556" VPOS="1182" WIDTH="406" HEIGHT="50" WC="0.92" CONTENT="kostnadsberäkning"/><SP WIDTH="28" VPOS="1182" HPOS="962"/>
							<String ID="string_120" HPOS="990" VPOS="1184" WIDTH="71" HEIGHT="37" WC="0.96" CONTENT="och"/><SP WIDTH="27" VPOS="1184" HPOS="1061"/>
							<String ID="string_121" HPOS="1088" VPOS="1184" WIDTH="150" HEIGHT="50" WC="0.96" CONTENT="förslag"/><SP WIDTH="14" VPOS="1184" HPOS="1238"/>
							<String ID="string_122" HPOS="1252" VPOS="1185" WIDTH="57" HEIGHT="37" WC="0.96" CONTENT="till"/><SP WIDTH="17" VPOS="1185" HPOS="1309"/>
							<String ID="string_123" HPOS="1326" VPOS="1192" WIDTH="121" HEIGHT="31" WC="0.96" CONTENT="stater"/><SP WIDTH="15" VPOS="1192" HPOS="1447"/>
							<String ID="string_124" HPOS="1462" VPOS="1188" WIDTH="59" HEIGHT="36" WC="0.96" CONTENT="för"/><SP WIDTH="14" VPOS="1188" HPOS="1521"/>
							<String ID="string_125" HPOS="1535" VPOS="1187" WIDTH="233" HEIGHT="48" WC="0.96" CONTENT="infanteriet,"/><SP WIDTH="16" VPOS="1187" HPOS="1768"/>
							<String ID="string_126" HPOS="1784" VPOS="1189" WIDTH="237" HEIGHT="49" WC="0.96" CONTENT="kavalleriet,"/>
						</TextLine>
						<TextLine ID="line_16" HPOS="415" VPOS="1233" WIDTH="1608" HEIGHT="57">
							<String ID="string_127" HPOS="415" VPOS="1233" WIDTH="207" HEIGHT="48" WC="0.93" CONTENT="artilleriet,"/><SP WIDTH="30" VPOS="1233" HPOS="622"/>
							<String ID="string_128" HPOS="652" VPOS="1233" WIDTH="219" HEIGHT="38" WC="0.91" CONTENT="artilleriets"/><SP WIDTH="27" VPOS="1233" HPOS="871"/>
							<String ID="string_129" HPOS="898" VPOS="1234" WIDTH="178" HEIGHT="38" WC="0.96" CONTENT="tekniska"/><SP WIDTH="26" VPOS="1234" HPOS="1076"/>
							<String ID="string_130" HPOS="1102" VPOS="1236" WIDTH="193" HEIGHT="49" WC="0.93" CONTENT="personal,"/><SP WIDTH="29" VPOS="1236" HPOS="1295"/>
							<String ID="string_131" HPOS="1324" VPOS="1237" WIDTH="299" HEIGHT="38" WC="0.91" CONTENT="fortifikationen"/><SP WIDTH="29" VPOS="1237" HPOS="1623"/>
							<String ID="string_132" HPOS="1652" VPOS="1240" WIDTH="72" HEIGHT="36" WC="0.93" CONTENT="och"/><SP WIDTH="19" VPOS="1240" HPOS="1724"/>
							<String ID="string_133" HPOS="1743" VPOS="1245" WIDTH="175" HEIGHT="44" WC="0.92" CONTENT="trängen,"/><SP WIDTH="17" VPOS="1245" HPOS="1918"/>
							<String ID="string_134" HPOS="1935" VPOS="1241" WIDTH="88" HEIGHT="49" WC="0.96" CONTENT="höja"/>
						</TextLine>
						<TextLine ID="line_17" HPOS="414" VPOS="1284" WIDTH="1608" HEIGHT="56">
							<String ID="string_135" HPOS="414" VPOS="1284" WIDTH="176" HEIGHT="49" WC="0.96" CONTENT="anslaget"/><SP WIDTH="37" VPOS="1284" HPOS="590"/>
							<String ID="string_136" HPOS="627" VPOS="1284" WIDTH="59" HEIGHT="37" WC="0.92" CONTENT="till"/><SP WIDTH="40" VPOS="1284" HPOS="686"/>
							<String ID="string_137" HPOS="726" VPOS="1284" WIDTH="169" HEIGHT="50" WC="0.90" CONTENT="aflöning"/><SP WIDTH="41" VPOS="1284" HPOS="895"/>
							<String ID="string_138" HPOS="936" VPOS="1286" WIDTH="72" HEIGHT="36" WC="0.93" CONTENT="och"/><SP WIDTH="38" VPOS="1286" HPOS="1008"/>
							<String ID="string_139" HPOS="1046" VPOS="1286" WIDTH="245" HEIGHT="50" WC="0.93" CONTENT="rekrytering"/><SP WIDTH="40" VPOS="1286" HPOS="1291"/>
							<String ID="string_140" HPOS="1331" VPOS="1301" WIDTH="47" HEIGHT="24" WC="0.91" CONTENT="m."/><SP WIDTH="43" VPOS="1301" HPOS="1378"/>
							<String ID="string_141" HPOS="1421" VPOS="1302" WIDTH="62" HEIGHT="35" WC="0.86" CONTENT="m.,"/><SP WIDTH="41" VPOS="1302" HPOS="1483"/>
							<String ID="string_142" HPOS="1524" VPOS="1302" WIDTH="49" HEIGHT="24" WC="0.92" CONTENT="nu"/><SP WIDTH="45" VPOS="1302" HPOS="1573"/>
							<String ID="string_143" HPOS="1618" VPOS="1291" WIDTH="221" HEIGHT="47" WC="0.92" CONTENT="15,345,697"/><SP WIDTH="29" VPOS="1291" HPOS="1839"/>
							<String ID="string_144" HPOS="1868" VPOS="1291" WIDTH="154" HEIGHT="49" WC="0.96" CONTENT="kronor,"/>
						</TextLine>
						<TextLine ID="line_18" HPOS="413" VPOS="1335" WIDTH="964" HEIGHT="49">
							<String ID="string_145" HPOS="413" VPOS="1335" WIDTH="88" HEIGHT="37" WC="0.93" CONTENT="med"/><SP WIDTH="29" VPOS="1335" HPOS="501"/>
							<String ID="string_146" HPOS="530" VPOS="1336" WIDTH="161" HEIGHT="46" WC="0.90" CONTENT="629,108"/><SP WIDTH="29" VPOS="1336" HPOS="691"/>
							<String ID="string_147" HPOS="720" VPOS="1335" WIDTH="141" HEIGHT="37" WC="0.96" CONTENT="kronor"/><SP WIDTH="26" VPOS="1335" HPOS="861"/>
							<String ID="string_148" HPOS="887" VPOS="1336" WIDTH="57" HEIGHT="36" WC="0.92" CONTENT="till"/><SP WIDTH="32" VPOS="1336" HPOS="944"/>
							<String ID="string_149" HPOS="976" VPOS="1337" WIDTH="222" HEIGHT="47" WC="0.91" CONTENT="15,974,805"/><SP WIDTH="29" VPOS="1337" HPOS="1198"/>
							<String ID="string_150" HPOS="1227" VPOS="1338" WIDTH="150" HEIGHT="38" WC="0.96" CONTENT="kronor."/>
						</TextLine>
					</TextBlock>
				</ComposedBlock>
				<ComposedBlock ID="cblock_6" HPOS="413" VPOS="1436" WIDTH="1610" HEIGHT="866">
					<TextBlock ID="block_6" HPOS="415" VPOS="1436" WIDTH="1607" HEIGHT="105">
						<TextLine ID="line_19" HPOS="547" VPOS="1436" WIDTH="1475" HEIGHT="49">
							<String ID="string_151" HPOS="547" VPOS="1436" WIDTH="18" HEIGHT="36" WC="0.96" CONTENT="I"/><SP WIDTH="29" VPOS="1436" HPOS="565"/>
							<String ID="string_152" HPOS="594" VPOS="1436" WIDTH="280" HEIGHT="49" WC="0.96" CONTENT="sammanhang"/><SP WIDTH="27" VPOS="1436" HPOS="874"/>
							<String ID="string_153" HPOS="901" VPOS="1437" WIDTH="157" HEIGHT="37" WC="0.95" CONTENT="härmed"/><SP WIDTH="28" VPOS="1437" HPOS="1058"/>
							<String ID="string_154" HPOS="1086" VPOS="1437" WIDTH="100" HEIGHT="38" WC="0.96" CONTENT="hade"/><SP WIDTH="27" VPOS="1437" HPOS="1186"/>
							<String ID="string_155" HPOS="1213" VPOS="1439" WIDTH="56" HEIGHT="37" WC="0.96" CONTENT="uti"/><SP WIDTH="28" VPOS="1439" HPOS="1269"/>
							<String ID="string_156" HPOS="1297" VPOS="1452" WIDTH="47" HEIGHT="24" WC="0.96" CONTENT="en"/><SP WIDTH="27" VPOS="1452" HPOS="1344"/>
							<String ID="string_157" HPOS="1371" VPOS="1440" WIDTH="103" HEIGHT="37" WC="0.96" CONTENT="inom"/><SP WIDTH="28" VPOS="1440" HPOS="1474"/>
							<String ID="string_158" HPOS="1502" VPOS="1441" WIDTH="131" HEIGHT="38" WC="0.95" CONTENT="Andra"/><SP WIDTH="23" VPOS="1441" HPOS="1633"/>
							<String ID="string_159" HPOS="1656" VPOS="1442" WIDTH="232" HEIGHT="38" WC="0.96" CONTENT="Kammaren"/><SP WIDTH="20" VPOS="1442" HPOS="1888"/>
							<String ID="string_160" HPOS="1908" VPOS="1445" WIDTH="114" HEIGHT="37" WC="0.96" CONTENT="väckt"/>
						</TextLine>
						<TextLine ID="line_20" HPOS="415" VPOS="1480" WIDTH="1152" HEIGHT="61">
							<String ID="string_161" HPOS="415" VPOS="1486" WIDTH="144" HEIGHT="37" WC="0.95" CONTENT="motion"/><SP WIDTH="29" VPOS="1486" HPOS="559"/>
							<String ID="string_162" HPOS="588" VPOS="1485" WIDTH="75" HEIGHT="48" WC="0.95" CONTENT="(n:o"/><SP WIDTH="30" VPOS="1485" HPOS="663"/>
							<String ID="string_163" HPOS="693" VPOS="1485" WIDTH="59" HEIGHT="49" WC="0.96" CONTENT="58)"/><SP WIDTH="29" VPOS="1485" HPOS="752"/>
							<String ID="string_164" HPOS="781" VPOS="1488" WIDTH="88" HEIGHT="36" WC="0.93" CONTENT="herr"/><SP WIDTH="26" VPOS="1488" HPOS="869"/>
							<String ID="string_165" HPOS="895" VPOS="1480" WIDTH="46" HEIGHT="45" WC="0.93" CONTENT="Å."/><SP WIDTH="29" VPOS="1480" HPOS="941"/>
							<String ID="string_166" HPOS="970" VPOS="1490" WIDTH="47" HEIGHT="35" WC="0.92" CONTENT="H."/><SP WIDTH="28" VPOS="1490" HPOS="1017"/>
							<String ID="string_167" HPOS="1045" VPOS="1488" WIDTH="288" HEIGHT="47" WC="0.96" CONTENT="Hammarskjöld"/><SP WIDTH="24" VPOS="1488" HPOS="1333"/>
							<String ID="string_168" HPOS="1357" VPOS="1491" WIDTH="210" HEIGHT="50" WC="0.95" CONTENT="föreslagit,"/>
						</TextLine>
					</TextBlock>
					<TextBlock ID="block_7" HPOS="413" VPOS="1538" WIDTH="1610" HEIGHT="595">
						<TextLine ID="line_21" HPOS="550" VPOS="1538" WIDTH="1473" HEIGHT="53">
							<String ID="string_169" HPOS="550" VPOS="1542" WIDTH="49" HEIGHT="32" WC="0.96" CONTENT="att"/><SP WIDTH="26" VPOS="1542" HPOS="599"/>
							<String ID="string_170" HPOS="625" VPOS="1538" WIDTH="224" HEIGHT="49" WC="0.66" CONTENT="Riksdagen"/><SP WIDTH="27" VPOS="1538" HPOS="849"/>
							<String ID="string_171" HPOS="876" VPOS="1559" WIDTH="49" HEIGHT="4" WC="0.90" CONTENT="—"/><SP WIDTH="28" VPOS="1559" HPOS="925"/>
							<String ID="string_172" HPOS="953" VPOS="1539" WIDTH="122" HEIGHT="37" WC="0.93" CONTENT="under"/><SP WIDTH="26" VPOS="1539" HPOS="1075"/>
							<String ID="string_173" HPOS="1101" VPOS="1540" WIDTH="200" HEIGHT="38" WC="0.95" CONTENT="uttalande"/><SP WIDTH="28" VPOS="1540" HPOS="1301"/>
							<String ID="string_174" HPOS="1329" VPOS="1542" WIDTH="42" HEIGHT="36" WC="0.92" CONTENT="af"/><SP WIDTH="24" VPOS="1542" HPOS="1371"/>
							<String ID="string_175" HPOS="1395" VPOS="1542" WIDTH="323" HEIGHT="49" WC="0.91" CONTENT="önskvärdheten,"/><SP WIDTH="28" VPOS="1542" HPOS="1718"/>
							<String ID="string_176" HPOS="1746" VPOS="1546" WIDTH="71" HEIGHT="36" WC="0.96" CONTENT="dels"/><SP WIDTH="26" VPOS="1546" HPOS="1817"/>
							<String ID="string_177" HPOS="1843" VPOS="1545" WIDTH="113" HEIGHT="37" WC="0.96" CONTENT="däraf"/><SP WIDTH="13" VPOS="1545" HPOS="1956"/>
							<String ID="string_178" HPOS="1969" VPOS="1552" WIDTH="54" HEIGHT="31" WC="0.96" CONTENT="att"/>
						</TextLine>
						<TextLine ID="line_22" HPOS="414" VPOS="1587" WIDTH="1605" HEIGHT="59">
							<String ID="string_179" HPOS="414" VPOS="1587" WIDTH="75" HEIGHT="37" WC="0.96" CONTENT="den"/><SP WIDTH="40" VPOS="1587" HPOS="489"/>
							<String ID="string_180" HPOS="529" VPOS="1588" WIDTH="217" HEIGHT="49" WC="0.96" CONTENT="ersättning"/><SP WIDTH="37" VPOS="1588" HPOS="746"/>
							<String ID="string_181" HPOS="783" VPOS="1602" WIDTH="141" HEIGHT="36" WC="0.90" CONTENT="genom"/><SP WIDTH="43" VPOS="1602" HPOS="924"/>
							<String ID="string_182" HPOS="967" VPOS="1590" WIDTH="240" HEIGHT="37" WC="0.84" CONTENT="anställande"/><SP WIDTH="42" VPOS="1590" HPOS="1207"/>
							<String ID="string_183" HPOS="1249" VPOS="1592" WIDTH="42" HEIGHT="36" WC="0.96" CONTENT="af"/><SP WIDTH="35" VPOS="1592" HPOS="1291"/>
							<String ID="string_184" HPOS="1326" VPOS="1593" WIDTH="187" HEIGHT="49" WC="0.96" CONTENT="manskap"/><SP WIDTH="35" VPOS="1593" HPOS="1513"/>
							<String ID="string_185" HPOS="1548" VPOS="1597" WIDTH="49" HEIGHT="46" WC="0.96" CONTENT="på"/><SP WIDTH="25" VPOS="1597" HPOS="1597"/>
							<String ID="string_186" HPOS="1622" VPOS="1595" WIDTH="128" HEIGHT="48" WC="0.96" CONTENT="grund"/><SP WIDTH="28" VPOS="1595" HPOS="1750"/>
							<String ID="string_187" HPOS="1778" VPOS="1596" WIDTH="41" HEIGHT="36" WC="0.95" CONTENT="af"/><SP WIDTH="26" VPOS="1596" HPOS="1819"/>
							<String ID="string_188" HPOS="1845" VPOS="1596" WIDTH="174" HEIGHT="50" WC="0.95" CONTENT="frivilligt"/>
						</TextLine>
						<TextLine ID="line_23" HPOS="415" VPOS="1638" WIDTH="1604" HEIGHT="58">
							<String ID="string_189" HPOS="415" VPOS="1638" WIDTH="93" HEIGHT="37" WC="0.91" CONTENT="aftal"/><SP WIDTH="40" VPOS="1638" HPOS="508"/>
							<String ID="string_190" HPOS="548" VPOS="1639" WIDTH="53" HEIGHT="36" WC="0.93" CONTENT="uti"/><SP WIDTH="35" VPOS="1639" HPOS="601"/>
							<String ID="string_191" HPOS="636" VPOS="1639" WIDTH="197" HEIGHT="49" WC="0.91" CONTENT="afgången"/><SP WIDTH="27" VPOS="1639" HPOS="833"/>
							<String ID="string_192" HPOS="860" VPOS="1640" WIDTH="12" HEIGHT="36" WC="0.96" CONTENT="i"/><SP WIDTH="28" VPOS="1640" HPOS="872"/>
							<String ID="string_193" HPOS="900" VPOS="1641" WIDTH="75" HEIGHT="36" WC="0.96" CONTENT="den"/><SP WIDTH="27" VPOS="1641" HPOS="975"/>
							<String ID="string_194" HPOS="1002" VPOS="1640" WIDTH="144" HEIGHT="38" WC="0.93" CONTENT="indelta"/><SP WIDTH="28" VPOS="1640" HPOS="1146"/>
							<String ID="string_195" HPOS="1174" VPOS="1644" WIDTH="347" HEIGHT="48" WC="0.91" CONTENT="nummerstyrkan,"/><SP WIDTH="29" VPOS="1644" HPOS="1521"/>
							<String ID="string_196" HPOS="1550" VPOS="1645" WIDTH="158" HEIGHT="36" WC="0.92" CONTENT="hvarom"/><SP WIDTH="28" VPOS="1645" HPOS="1708"/>
							<String ID="string_197" HPOS="1736" VPOS="1646" WIDTH="12" HEIGHT="36" WC="0.96" CONTENT="i"/><SP WIDTH="27" VPOS="1646" HPOS="1748"/>
							<String ID="string_198" HPOS="1775" VPOS="1646" WIDTH="244" HEIGHT="50" WC="0.96" CONTENT="Riksdagens"/>
						</TextLine>
						<TextLine ID="line_24" HPOS="416" VPOS="1689" WIDTH="1601" HEIGHT="52">
							<String ID="string_199" HPOS="416" VPOS="1689" WIDTH="201" HEIGHT="38" WC="0.96" CONTENT="skrifvelse"/><SP WIDTH="29" VPOS="1689" HPOS="617"/>
							<String ID="string_200" HPOS="646" VPOS="1690" WIDTH="75" HEIGHT="37" WC="0.96" CONTENT="den"/><SP WIDTH="28" VPOS="1690" HPOS="721"/>
							<String ID="string_201" HPOS="749" VPOS="1693" WIDTH="20" HEIGHT="33" WC="0.95" CONTENT="2"/><SP WIDTH="24" VPOS="1693" HPOS="769"/>
							<String ID="string_202" HPOS="793" VPOS="1690" WIDTH="84" HEIGHT="49" WC="0.95" CONTENT="juni"/><SP WIDTH="30" VPOS="1690" HPOS="877"/>
							<String ID="string_203" HPOS="907" VPOS="1693" WIDTH="109" HEIGHT="45" WC="0.96" CONTENT="1901,"/><SP WIDTH="28" VPOS="1693" HPOS="1016"/>
							<String ID="string_204" HPOS="1044" VPOS="1706" WIDTH="60" HEIGHT="23" WC="0.96" CONTENT="n:o"/><SP WIDTH="30" VPOS="1706" HPOS="1104"/>
							<String ID="string_205" HPOS="1134" VPOS="1694" WIDTH="85" HEIGHT="46" WC="0.93" CONTENT="120,"/><SP WIDTH="29" VPOS="1694" HPOS="1219"/>
							<String ID="string_206" HPOS="1248" VPOS="1693" WIDTH="193" HEIGHT="48" WC="0.91" CONTENT="förmäles,"/><SP WIDTH="29" VPOS="1693" HPOS="1441"/>
							<String ID="string_207" HPOS="1470" VPOS="1698" WIDTH="115" HEIGHT="34" WC="0.96" CONTENT="måtte"/><SP WIDTH="29" VPOS="1698" HPOS="1585"/>
							<String ID="string_208" HPOS="1614" VPOS="1696" WIDTH="106" HEIGHT="37" WC="0.95" CONTENT="såväl"/><SP WIDTH="26" VPOS="1696" HPOS="1720"/>
							<String ID="string_209" HPOS="1746" VPOS="1696" WIDTH="97" HEIGHT="37" WC="0.96" CONTENT="intill"/><SP WIDTH="21" VPOS="1696" HPOS="1843"/>
							<String ID="string_210" HPOS="1864" VPOS="1701" WIDTH="40" HEIGHT="34" WC="0.96" CONTENT="år"/><SP WIDTH="18" VPOS="1701" HPOS="1904"/>
							<String ID="string_211" HPOS="1922" VPOS="1701" WIDTH="95" HEIGHT="35" WC="0.96" CONTENT="1908"/>
						</TextLine>
						<TextLine ID="line_25" HPOS="413" VPOS="1740" WIDTH="1606" HEIGHT="56">
							<String ID="string_212" HPOS="413" VPOS="1753" WIDTH="83" HEIGHT="23" WC="0.96" CONTENT="som"/><SP WIDTH="41" VPOS="1753" HPOS="496"/>
							<String ID="string_213" HPOS="537" VPOS="1740" WIDTH="72" HEIGHT="37" WC="0.96" CONTENT="ock"/><SP WIDTH="40" VPOS="1740" HPOS="609"/>
							<String ID="string_214" HPOS="649" VPOS="1740" WIDTH="170" HEIGHT="38" WC="0.93" CONTENT="därefter"/><SP WIDTH="33" VPOS="1740" HPOS="819"/>
							<String ID="string_215" HPOS="852" VPOS="1742" WIDTH="229" HEIGHT="37" WC="0.91" CONTENT="inskränkas"/><SP WIDTH="41" VPOS="1742" HPOS="1081"/>
							<String ID="string_216" HPOS="1122" VPOS="1743" WIDTH="57" HEIGHT="36" WC="0.94" CONTENT="till"/><SP WIDTH="47" VPOS="1743" HPOS="1179"/>
							<String ID="string_217" HPOS="1226" VPOS="1744" WIDTH="101" HEIGHT="37" WC="0.93" CONTENT="hvad"/><SP WIDTH="28" VPOS="1744" HPOS="1327"/>
							<String ID="string_218" HPOS="1355" VPOS="1744" WIDTH="183" HEIGHT="38" WC="0.91" CONTENT="behofvet"/><SP WIDTH="27" VPOS="1744" HPOS="1538"/>
							<String ID="string_219" HPOS="1565" VPOS="1746" WIDTH="180" HEIGHT="49" WC="0.93" CONTENT="rimligen"/><SP WIDTH="27" VPOS="1746" HPOS="1745"/>
							<String ID="string_220" HPOS="1772" VPOS="1747" WIDTH="148" HEIGHT="49" WC="0.91" CONTENT="kräfde,"/><SP WIDTH="28" VPOS="1747" HPOS="1920"/>
							<String ID="string_221" HPOS="1948" VPOS="1752" WIDTH="71" HEIGHT="34" WC="0.96" CONTENT="dels"/>
						</TextLine>
						<TextLine ID="line_26" HPOS="415" VPOS="1790" WIDTH="1603" HEIGHT="57">
							<String ID="string_222" HPOS="415" VPOS="1790" WIDTH="112" HEIGHT="38" WC="0.96" CONTENT="däraf"/><SP WIDTH="24" VPOS="1790" HPOS="527"/>
							<String ID="string_223" HPOS="551" VPOS="1795" WIDTH="55" HEIGHT="32" WC="0.96" CONTENT="att"/><SP WIDTH="29" VPOS="1795" HPOS="606"/>
							<String ID="string_224" HPOS="635" VPOS="1792" WIDTH="75" HEIGHT="36" WC="0.96" CONTENT="den"/><SP WIDTH="27" VPOS="1792" HPOS="710"/>
							<String ID="string_225" HPOS="737" VPOS="1805" WIDTH="140" HEIGHT="35" WC="0.96" CONTENT="genom"/><SP WIDTH="32" VPOS="1805" HPOS="877"/>
							<String ID="string_226" HPOS="909" VPOS="1794" WIDTH="93" HEIGHT="35" WC="0.96" CONTENT="1901"/><SP WIDTH="31" VPOS="1794" HPOS="1002"/>
							<String ID="string_227" HPOS="1033" VPOS="1796" WIDTH="59" HEIGHT="34" WC="0.93" CONTENT="års"/><SP WIDTH="24" VPOS="1796" HPOS="1092"/>
							<String ID="string_228" HPOS="1116" VPOS="1794" WIDTH="239" HEIGHT="50" WC="0.91" CONTENT="härordning"/><SP WIDTH="18" VPOS="1794" HPOS="1355"/>
							<String ID="string_229" HPOS="1373" VPOS="1795" WIDTH="200" HEIGHT="39" WC="0.96" CONTENT="beslutade"/><SP WIDTH="16" VPOS="1795" HPOS="1573"/>
							<String ID="string_230" HPOS="1589" VPOS="1797" WIDTH="194" HEIGHT="50" WC="0.95" CONTENT="ökningen"/><SP WIDTH="15" VPOS="1797" HPOS="1783"/>
							<String ID="string_231" HPOS="1798" VPOS="1799" WIDTH="43" HEIGHT="35" WC="0.93" CONTENT="af"/><SP WIDTH="8" VPOS="1799" HPOS="1841"/>
							<String ID="string_232" HPOS="1849" VPOS="1798" WIDTH="169" HEIGHT="39" WC="0.92" CONTENT="kavalle-"/>
						</TextLine>
						<TextLine ID="line_27" HPOS="413" VPOS="1841" WIDTH="1604" HEIGHT="56">
							<String ID="string_233" HPOS="413" VPOS="1841" WIDTH="73" HEIGHT="36" WC="0.92" CONTENT="riet"/><SP WIDTH="31" VPOS="1841" HPOS="486"/>
							<String ID="string_234" HPOS="517" VPOS="1842" WIDTH="72" HEIGHT="36" WC="0.96" CONTENT="och"/><SP WIDTH="28" VPOS="1842" HPOS="589"/>
							<String ID="string_235" HPOS="617" VPOS="1842" WIDTH="198" HEIGHT="37" WC="0.96" CONTENT="artilleriet"/><SP WIDTH="27" VPOS="1842" HPOS="815"/>
							<String ID="string_236" HPOS="842" VPOS="1846" WIDTH="129" HEIGHT="44" WC="0.96" CONTENT="måtte,"/><SP WIDTH="30" VPOS="1846" HPOS="971"/>
							<String ID="string_237" HPOS="1001" VPOS="1843" WIDTH="57" HEIGHT="37" WC="0.96" CONTENT="för"/><SP WIDTH="28" VPOS="1843" HPOS="1058"/>
							<String ID="string_238" HPOS="1086" VPOS="1849" WIDTH="55" HEIGHT="32" WC="0.96" CONTENT="att"/><SP WIDTH="26" VPOS="1849" HPOS="1141"/>
							<String ID="string_239" HPOS="1167" VPOS="1845" WIDTH="85" HEIGHT="36" WC="0.96" CONTENT="icke"/><SP WIDTH="28" VPOS="1845" HPOS="1252"/>
							<String ID="string_240" HPOS="1280" VPOS="1845" WIDTH="73" HEIGHT="37" WC="0.96" CONTENT="den"/><SP WIDTH="27" VPOS="1845" HPOS="1353"/>
							<String ID="string_241" HPOS="1380" VPOS="1860" WIDTH="76" HEIGHT="35" WC="0.93" CONTENT="nya"/><SP WIDTH="28" VPOS="1860" HPOS="1456"/>
							<String ID="string_242" HPOS="1484" VPOS="1847" WIDTH="286" HEIGHT="50" WC="0.91" CONTENT="härordningen"/><SP WIDTH="23" VPOS="1847" HPOS="1770"/>
							<String ID="string_243" HPOS="1793" VPOS="1849" WIDTH="71" HEIGHT="37" WC="0.91" CONTENT="och"/><SP WIDTH="27" VPOS="1849" HPOS="1864"/>
							<String ID="string_244" HPOS="1891" VPOS="1850" WIDTH="126" HEIGHT="37" WC="0.91" CONTENT="öfver-"/>
						</TextLine>
						<TextLine ID="line_28" HPOS="413" VPOS="1892" WIDTH="1603" HEIGHT="49">
							<String ID="string_245" HPOS="413" VPOS="1895" WIDTH="155" HEIGHT="46" WC="0.96" CONTENT="gången"/><SP WIDTH="39" VPOS="1895" HPOS="568"/>
							<String ID="string_246" HPOS="607" VPOS="1892" WIDTH="59" HEIGHT="37" WC="0.93" CONTENT="till"/><SP WIDTH="37" VPOS="1892" HPOS="666"/>
							<String ID="string_247" HPOS="703" VPOS="1893" WIDTH="222" HEIGHT="38" WC="0.96" CONTENT="densamma"/><SP WIDTH="29" VPOS="1893" HPOS="925"/>
							<String ID="string_248" HPOS="954" VPOS="1894" WIDTH="121" HEIGHT="38" WC="0.96" CONTENT="skulle"/><SP WIDTH="27" VPOS="1894" HPOS="1075"/>
							<String ID="string_249" HPOS="1102" VPOS="1895" WIDTH="11" HEIGHT="36" WC="0.93" CONTENT="i"/><SP WIDTH="28" VPOS="1895" HPOS="1113"/>
							<String ID="string_250" HPOS="1141" VPOS="1895" WIDTH="409" HEIGHT="40" WC="0.91" CONTENT="kostnadshänseende"/><SP WIDTH="28" VPOS="1895" HPOS="1550"/>
							<String ID="string_251" HPOS="1578" VPOS="1898" WIDTH="120" HEIGHT="38" WC="0.96" CONTENT="blifva"/><SP WIDTH="29" VPOS="1898" HPOS="1698"/>
							<String ID="string_252" HPOS="1727" VPOS="1899" WIDTH="126" HEIGHT="37" WC="0.93" CONTENT="alltför"/><SP WIDTH="27" VPOS="1899" HPOS="1853"/>
							<String ID="string_253" HPOS="1880" VPOS="1900" WIDTH="136" HEIGHT="37" WC="0.92" CONTENT="betun-"/>
						</TextLine>
						<TextLine ID="line_29" HPOS="413" VPOS="1943" WIDTH="1603" HEIGHT="56">
							<String ID="string_254" HPOS="413" VPOS="1943" WIDTH="139" HEIGHT="48" WC="0.96" CONTENT="gande,"/><SP WIDTH="28" VPOS="1943" HPOS="552"/>
							<String ID="string_255" HPOS="580" VPOS="1943" WIDTH="79" HEIGHT="37" WC="0.96" CONTENT="tills"/><SP WIDTH="28" VPOS="1943" HPOS="659"/>
							<String ID="string_256" HPOS="687" VPOS="1943" WIDTH="131" HEIGHT="38" WC="0.96" CONTENT="vidare"/><SP WIDTH="28" VPOS="1943" HPOS="818"/>
							<String ID="string_257" HPOS="846" VPOS="1945" WIDTH="228" HEIGHT="49" WC="0.95" CONTENT="begränsas:"/><SP WIDTH="28" VPOS="1945" HPOS="1074"/>
							<String ID="string_258" HPOS="1102" VPOS="1946" WIDTH="65" HEIGHT="36" WC="0.96" CONTENT="vid"/><SP WIDTH="28" VPOS="1946" HPOS="1167"/>
							<String ID="string_259" HPOS="1195" VPOS="1947" WIDTH="225" HEIGHT="37" WC="0.96" CONTENT="kavalleriet"/><SP WIDTH="26" VPOS="1947" HPOS="1420"/>
							<String ID="string_260" HPOS="1446" VPOS="1961" WIDTH="139" HEIGHT="36" WC="0.96" CONTENT="genom"/><SP WIDTH="29" VPOS="1961" HPOS="1585"/>
							<String ID="string_261" HPOS="1614" VPOS="1949" WIDTH="224" HEIGHT="50" WC="0.96" CONTENT="minskning"/><SP WIDTH="18" VPOS="1949" HPOS="1838"/>
							<String ID="string_262" HPOS="1856" VPOS="1951" WIDTH="42" HEIGHT="37" WC="0.93" CONTENT="af"/><SP WIDTH="11" VPOS="1951" HPOS="1898"/>
							<String ID="string_263" HPOS="1909" VPOS="1952" WIDTH="107" HEIGHT="37" WC="0.92" CONTENT="skva-"/>
						</TextLine>
						<TextLine ID="line_30" HPOS="415" VPOS="1993" WIDTH="1601" HEIGHT="57">
							<String ID="string_264" HPOS="415" VPOS="1993" WIDTH="210" HEIGHT="38" WC="0.91" CONTENT="dronernas"/><SP WIDTH="29" VPOS="1993" HPOS="625"/>
							<String ID="string_265" HPOS="654" VPOS="1995" WIDTH="132" HEIGHT="49" WC="0.96" CONTENT="styrka"/><SP WIDTH="27" VPOS="1995" HPOS="786"/>
							<String ID="string_266" HPOS="813" VPOS="2001" WIDTH="99" HEIGHT="31" WC="0.96" CONTENT="samt"/><SP WIDTH="28" VPOS="2001" HPOS="912"/>
							<String ID="string_267" HPOS="940" VPOS="1995" WIDTH="63" HEIGHT="37" WC="0.96" CONTENT="vid"/><SP WIDTH="27" VPOS="1995" HPOS="1003"/>
							<String ID="string_268" HPOS="1030" VPOS="1996" WIDTH="199" HEIGHT="38" WC="0.96" CONTENT="artilleriet"/><SP WIDTH="26" VPOS="1996" HPOS="1229"/>
							<String ID="string_269" HPOS="1255" VPOS="2011" WIDTH="139" HEIGHT="36" WC="0.96" CONTENT="genom"/><SP WIDTH="17" VPOS="2011" HPOS="1394"/>
							<String ID="string_270" HPOS="1411" VPOS="2004" WIDTH="55" HEIGHT="31" WC="0.94" CONTENT="att"/><SP WIDTH="14" VPOS="2004" HPOS="1466"/>
							<String ID="string_271" HPOS="1480" VPOS="1999" WIDTH="83" HEIGHT="37" WC="0.93" CONTENT="icke"/><SP WIDTH="15" VPOS="1999" HPOS="1563"/>
							<String ID="string_272" HPOS="1578" VPOS="2005" WIDTH="182" HEIGHT="45" WC="0.92" CONTENT="uppsätta"/><SP WIDTH="14" VPOS="2005" HPOS="1760"/>
							<String ID="string_273" HPOS="1774" VPOS="2001" WIDTH="242" HEIGHT="38" WC="0.91" CONTENT="fälthaubits-"/>
						</TextLine>
						<TextLine ID="line_31" HPOS="414" VPOS="2044" WIDTH="1601" HEIGHT="56">
							<String ID="string_274" HPOS="414" VPOS="2044" WIDTH="157" HEIGHT="37" WC="0.96" CONTENT="artilleri"/><SP WIDTH="41" VPOS="2044" HPOS="571"/>
							<String ID="string_275" HPOS="612" VPOS="2046" WIDTH="72" HEIGHT="36" WC="0.96" CONTENT="och"/><SP WIDTH="27" VPOS="2046" HPOS="684"/>
							<String ID="string_276" HPOS="711" VPOS="2059" WIDTH="141" HEIGHT="35" WC="0.95" CONTENT="genom"/><SP WIDTH="29" VPOS="2059" HPOS="852"/>
							<String ID="string_277" HPOS="881" VPOS="2051" WIDTH="55" HEIGHT="32" WC="0.96" CONTENT="att"/><SP WIDTH="27" VPOS="2051" HPOS="936"/>
							<String ID="string_278" HPOS="963" VPOS="2047" WIDTH="207" HEIGHT="37" WC="0.93" CONTENT="inskränka"/><SP WIDTH="28" VPOS="2047" HPOS="1170"/>
							<String ID="string_279" HPOS="1198" VPOS="2048" WIDTH="303" HEIGHT="50" WC="0.91" CONTENT="landfästnings-"/><SP WIDTH="27" VPOS="2048" HPOS="1501"/>
							<String ID="string_280" HPOS="1528" VPOS="2051" WIDTH="71" HEIGHT="36" WC="0.93" CONTENT="och"/><SP WIDTH="27" VPOS="2051" HPOS="1599"/>
							<String ID="string_281" HPOS="1626" VPOS="2051" WIDTH="389" HEIGHT="49" WC="0.92" CONTENT="positionsartilleriet"/>
						</TextLine>
						<TextLine ID="line_32" HPOS="413" VPOS="2095" WIDTH="387" HEIGHT="38">
							<String ID="string_282" HPOS="413" VPOS="2113" WIDTH="48" HEIGHT="6" WC="0.91" CONTENT="—"/><SP WIDTH="28" VPOS="2113" HPOS="461"/>
							<String ID="string_283" HPOS="489" VPOS="2098" WIDTH="117" HEIGHT="34" WC="0.96" CONTENT="måtte"/><SP WIDTH="27" VPOS="2098" HPOS="606"/>
							<String ID="string_284" HPOS="633" VPOS="2095" WIDTH="167" HEIGHT="38" WC="0.96" CONTENT="besluta:"/>
						</TextLine>
					</TextBlock>
					<TextBlock ID="block_8" HPOS="413" VPOS="2146" WIDTH="1603" HEIGHT="156">
						<TextLine ID="line_33" HPOS="547" VPOS="2146" WIDTH="1469" HEIGHT="53">
							<String ID="string_285" HPOS="547" VPOS="2151" WIDTH="48" HEIGHT="31" WC="0.96" CONTENT="att"/><SP WIDTH="27" VPOS="2151" HPOS="595"/>
							<String ID="string_286" HPOS="622" VPOS="2146" WIDTH="145" HEIGHT="37" WC="0.96" CONTENT="antalet"/><SP WIDTH="34" VPOS="2146" HPOS="767"/>
							<String ID="string_287" HPOS="801" VPOS="2147" WIDTH="278" HEIGHT="50" WC="0.90" CONTENT="beställningar"/><SP WIDTH="29" VPOS="2147" HPOS="1079"/>
							<String ID="string_288" HPOS="1108" VPOS="2149" WIDTH="150" HEIGHT="50" WC="0.90" CONTENT="»öfriga"/><SP WIDTH="27" VPOS="2149" HPOS="1258"/>
							<String ID="string_289" HPOS="1285" VPOS="2149" WIDTH="238" HEIGHT="39" WC="0.96" CONTENT="volontärer»"/><SP WIDTH="30" VPOS="2149" HPOS="1523"/>
							<String ID="string_290" HPOS="1553" VPOS="2151" WIDTH="64" HEIGHT="37" WC="0.96" CONTENT="vid"/><SP WIDTH="27" VPOS="2151" HPOS="1617"/>
							<String ID="string_291" HPOS="1644" VPOS="2152" WIDTH="220" HEIGHT="38" WC="0.96" CONTENT="infanteriet"/><SP WIDTH="28" VPOS="2152" HPOS="1864"/>
							<String ID="string_292" HPOS="1892" VPOS="2155" WIDTH="124" HEIGHT="37" WC="0.96" CONTENT="skulle"/>
						</TextLine>
						<TextLine ID="line_34" HPOS="413" VPOS="2198" WIDTH="1603" HEIGHT="56">
							<String ID="string_293" HPOS="413" VPOS="2198" WIDTH="60" HEIGHT="37" WC="0.96" CONTENT="för"/><SP WIDTH="27" VPOS="2198" HPOS="473"/>
							<String ID="string_294" HPOS="500" VPOS="2200" WIDTH="40" HEIGHT="34" WC="0.96" CONTENT="år"/><SP WIDTH="29" VPOS="2200" HPOS="540"/>
							<String ID="string_295" HPOS="569" VPOS="2198" WIDTH="96" HEIGHT="36" WC="0.96" CONTENT="1905"/><SP WIDTH="28" VPOS="2198" HPOS="665"/>
							<String ID="string_296" HPOS="693" VPOS="2203" WIDTH="138" HEIGHT="44" WC="0.96" CONTENT="utgöra"/><SP WIDTH="27" VPOS="2203" HPOS="831"/>
							<String ID="string_297" HPOS="858" VPOS="2199" WIDTH="117" HEIGHT="49" WC="0.90" CONTENT="högst"/><SP WIDTH="27" VPOS="2199" HPOS="975"/>
							<String ID="string_298" HPOS="1002" VPOS="2202" WIDTH="109" HEIGHT="44" WC="0.90" CONTENT="4,623"/><SP WIDTH="29" VPOS="2202" HPOS="1111"/>
							<String ID="string_299" HPOS="1140" VPOS="2213" WIDTH="187" HEIGHT="34" WC="0.96" CONTENT="nummer,"/><SP WIDTH="28" VPOS="2213" HPOS="1327"/>
							<String ID="string_300" HPOS="1355" VPOS="2202" WIDTH="87" HEIGHT="36" WC="0.96" CONTENT="med"/><SP WIDTH="27" VPOS="2202" HPOS="1442"/>
							<String ID="string_301" HPOS="1469" VPOS="2206" WIDTH="77" HEIGHT="32" WC="0.96" CONTENT="rätt"/><SP WIDTH="26" VPOS="2206" HPOS="1546"/>
							<String ID="string_302" HPOS="1572" VPOS="2203" WIDTH="59" HEIGHT="36" WC="0.96" CONTENT="för"/><SP WIDTH="27" VPOS="2203" HPOS="1631"/>
							<String ID="string_303" HPOS="1658" VPOS="2203" WIDTH="143" HEIGHT="50" WC="0.95" CONTENT="Kungl."/><SP WIDTH="28" VPOS="2203" HPOS="1801"/>
							<String ID="string_304" HPOS="1829" VPOS="2205" WIDTH="109" HEIGHT="49" WC="0.96" CONTENT="Maj:t"/><SP WIDTH="23" VPOS="2205" HPOS="1938"/>
							<String ID="string_305" HPOS="1961" VPOS="2211" WIDTH="55" HEIGHT="32" WC="0.96" CONTENT="att"/>
						</TextLine>
						<TextLine ID="line_35" HPOS="413" VPOS="2247" WIDTH="1293" HEIGHT="55">
							<String ID="string_306" HPOS="413" VPOS="2247" WIDTH="147" HEIGHT="39" WC="0.96" CONTENT="fördela"/><SP WIDTH="28" VPOS="2247" HPOS="560"/>
							<String ID="string_307" HPOS="588" VPOS="2248" WIDTH="107" HEIGHT="37" WC="0.96" CONTENT="detta"/><SP WIDTH="29" VPOS="2248" HPOS="695"/>
							<String ID="string_308" HPOS="724" VPOS="2249" WIDTH="102" HEIGHT="37" WC="0.96" CONTENT="antal"/><SP WIDTH="27" VPOS="2249" HPOS="826"/>
							<String ID="string_309" HPOS="853" VPOS="2253" WIDTH="49" HEIGHT="46" WC="0.93" CONTENT="på"/><SP WIDTH="28" VPOS="2253" HPOS="902"/>
							<String ID="string_310" HPOS="930" VPOS="2250" WIDTH="268" HEIGHT="50" WC="0.92" CONTENT="vederbörliga"/><SP WIDTH="28" VPOS="2250" HPOS="1198"/>
							<String ID="string_311" HPOS="1226" VPOS="2251" WIDTH="480" HEIGHT="51" WC="0.91" CONTENT="infanteritruppförband;"/>
						</TextLine>
					</TextBlock>
				</ComposedBlock>
			</PrintSpace>
		</Page>
	</Layout>
</alto>
