1924 2784
324 170 20 29 4
639 171 123 36 Tredje
778 171 246 37 lagutskottets
1040 173 181 30 utlåtande
1235 182 42 21 nr
1294 174 40 29 17
1348 173 40 30 år
1404 175 85 29 1966

325 259 103 37 ening
449 259 145 36 beviljas
617 259 57 29 lån
696 260 147 30 allenast
863 261 112 29 under
996 260 252 38 förutsättning
1269 263 50 28 att
1340 262 223 38 föreningens
1584 264 140 37 stadgar
1743 274 63 19 un-

325 312 59 29 der
407 312 95 29 tiden
525 313 89 29 intill
638 314 77 28 dess
737 313 94 30 lånet
851 314 52 29 till
927 314 86 29 fullo
1034 315 129 37 guldits
1184 315 194 29 innehåller
1400 315 182 31 föreskrift
1603 317 131 35 därom,
1755 320 51 28 att

324 365 363 31 bostadsrättshavare
709 367 75 29 icke
805 368 86 28 utan
914 368 227 36 medgivande
1163 377 41 20 av
1225 368 224 38 föreningens
1472 370 144 36 styrelse
1637 370 54 30 får
1711 372 95 29 över-

324 418 71 30 låta
419 419 53 29 sin
498 419 213 31 bostadsrätt
734 421 82 28 eller
839 420 128 37 uthyra
990 430 41 20 av
1053 421 129 30 honom
1205 422 174 30 innehavd
1402 422 170 38 lägenhet.
1594 424 127 30 Vidare
1742 425 63 29 har

323 472 314 37 bostadsstyrelsen
662 473 65 30 den
750 473 40 30 28
813 474 186 30 november
1023 475 82 29 1958
1127 474 158 31 utfärdat
1306 476 92 29 vissa
1419 476 272 36 bestämmelser,
1712 478 93 29 vilka

325 533 105 29 anger
451 526 41 29 de
512 526 125 29 villkor
657 536 74 20 som
752 527 88 29 skall
861 527 177 38 uppfyllas
1059 528 54 29 för
1132 530 51 28 att
1202 531 48 27 ett
1269 529 134 38 företag
1422 530 89 29 skall
1530 531 204 36 godkännas
1753 532 52 29 så-

323 588 74 20 som
425 579 125 30 sådant
575 580 217 37 kooperativt
817 581 216 37 organiserat
1057 582 64 29 och
1146 583 85 29 utan
1255 583 129 29 enskilt
1407 583 187 37 vinstsyfte
1618 584 187 31 arbetande

323 632 136 38 företag
482 642 74 21 som
580 642 97 21 avses
701 634 11 29 i
735 634 18 30 9
780 634 14 34 $
820 634 112 31 första
955 636 133 36 stycket
1110 635 37 35 b)
1176 636 447 38 tertiärlånekungörelsen.
1646 638 158 30 Nämnda

322 686 261 30 bestämmelser
609 688 10 28 i
646 687 435 38 tertiärlånekungörelsen
1108 689 65 29 och
1199 699 41 20 av
1264 690 315 37 bostadsstyrelsen
1605 692 200 37 uppställda

322 739 127 30 villkor
474 749 100 21 anses
598 741 120 29 kunna
741 740 36 30 få
800 750 135 21 samma
957 743 129 28 verkan
1111 751 74 21 som
1208 743 65 29 den
1296 744 10 28 i
1328 743 127 38 många
1476 744 329 31 bodstadsrättsför-

323 793 163 37 eningars
506 794 139 37 stadgar
663 795 137 36 vanliga
817 795 268 30 bestämmelsen
1103 797 50 28 att
1171 796 203 31 överlåtelse
1391 806 42 21 av
1450 798 214 30 bostadsrätt
1681 799 124 30 kräver

322 847 257 36 godkännande
597 856 41 21 av
657 847 223 38 föreningens
899 849 144 36 styrelse
1060 849 65 30 och
1143 851 50 28 att
1209 850 204 30 överlåtelse
1429 851 31 37 ej
1480 851 56 30 må
1554 852 60 30 ske
1630 852 52 30 till
1700 852 104 38 högre

322 900 106 29 värde
447 902 44 28 än
511 910 73 20 som
603 902 195 29 motsvarar
816 902 268 38 grundavgiften
1103 903 109 36 jämte
1230 904 212 30 verkställda
1461 906 262 37 amorteringar.

366 953 315 31 Bestämmelserna
704 955 10 29 i
738 955 437 38 tertiärlånekungörelsen
1199 957 63 29 har
1286 958 195 30 sedermera
1504 960 125 29 ersatts
1653 968 42 20 av
1717 959 88 30 före-

322 1006 145 31 skrifter
485 1008 10 29 i
514 1008 231 37 kungörelsen
763 1009 66 29 den
848 1009 18 29 5
885 1009 144 30 oktober
1048 1009 82 30 1962
1155 1010 58 34 (nr
1230 1010 78 35 537)
1332 1020 57 20 om
1406 1012 202 29 bostadslån
1632 1012 172 34 (bostads-

322 1060 346 38 lånekungörelsen).

822 1205 210 39 Offentliga
1055 1207 241 38 utredningar

363 1273 38 30 A.
420 1273 118 38 Enligt
555 1274 124 37 Kungl.
697 1275 124 36 Maj:ts
838 1276 278 38 bemyndigande
1134 1278 66 29 den
1221 1278 37 29 12
1276 1278 143 36 januari
1439 1279 83 29 1962
1540 1280 64 29 har
1621 1280 183 30 tillkallats

316 1326 175 30 särskilda
517 1327 220 38 sakkunniga
767 1329 481 36 (bostadsrättskommittén)
1280 1331 54 30 för
1362 1333 51 28 att
1438 1332 189 30 verkställa
1655 1334 147 36 översyn

316 1388 42 20 av
379 1379 513 40 bostadsrättslagstiftningen.
918 1383 13 28 I
956 1383 193 30 direktiven
1179 1384 54 34 (se
1256 1385 373 36 riksdagsberättelsen
1654 1386 38 29 år
1719 1386 82 30 1963

316 1441 25 22 s,
364 1432 40 30 63
427 1432 57 36 ff.)
512 1434 173 30 uttalades
706 1434 42 37 på
772 1435 148 31 anförda
944 1436 74 30 skäl
1041 1438 50 29 att
1113 1446 42 20 en
1178 1438 187 37 utredning
1386 1447 57 20 om
1466 1439 335 37 bostadsrättslagen

314 1485 107 31 borde
440 1486 225 37 igångsättas.
686 1487 282 38 Avslutningsvis
988 1489 164 30 anfördes
1173 1490 166 37 följande.

359 1556 78 30 Med
455 1557 137 37 hänsyn
609 1557 52 29 till
679 1558 42 30 de
737 1559 94 30 stora
849 1558 257 39 förändringar,
1125 1569 75 21 som
1218 1560 87 30 efter
1323 1562 118 36 lagens
1459 1562 172 30 tillkomst
1650 1563 92 29 skett
1758 1563 44 37 på

315 1601 58 30 det
389 1600 143 31 område
550 1601 98 37 lagen
666 1603 160 36 reglerar,
844 1612 103 28 synes
965 1613 41 20 en
1024 1605 130 29 allmän
1172 1606 147 36 översyn
1336 1606 85 29 böra
1440 1606 70 30 ske.
1528 1607 129 30 Därvid
1675 1607 62 30 bör
1754 1607 48 31 ef-

316 1646 190 29 tersträvas
524 1655 41 20 en
583 1646 276 38 modernisering
877 1657 43 21 av
937 1649 366 36 lagbestämmelserna
1320 1651 65 28 och
1403 1659 42 20 en
1465 1652 213 37 anpassning
1696 1652 106 30 därav

316 1689 52 30 till
388 1690 43 29 de
450 1691 203 30 nuvarande
673 1691 279 32 förhållandena.
972 1693 321 37 Uppmärksamhet
1312 1695 62 29 bör
1396 1696 107 36 ägnas
1524 1696 36 29 åt
1580 1696 135 37 frågan,
1735 1697 67 29 hur

315 1733 207 38 erforderlig
547 1735 160 37 trygghet
732 1736 89 30 skall
848 1737 128 37 skapas
1002 1737 54 30 för
1081 1738 393 31 bostadsrättshavarna
1500 1741 64 29 och
1590 1741 67 29 hur
1683 1743 119 28 dessas

316 1778 246 31 förhållanden
579 1780 162 30 inbördes
760 1782 64 29 och
843 1781 52 29 till
914 1781 205 38 föreningen
1138 1783 187 37 lämpligen
1343 1784 63 29 bör
1424 1785 161 36 regleras.
1603 1785 65 30 Vid
1687 1786 115 29 utred-

315 1823 130 36 ningen
463 1822 63 31 bör
545 1823 105 30 också
669 1824 187 38 övervägas
875 1826 11 28 i
905 1825 117 30 vilken
1042 1827 244 37 utsträckning
1306 1828 153 30 kontroll
1481 1829 79 29 från
1581 1830 57 29 det
1658 1830 144 30 allmän-

315 1876 63 21 nas
403 1867 76 30 sida
502 1868 38 30 är
564 1868 204 38 erforderlig
790 1869 223 30 beträffande
1038 1871 143 31 särskilt
1205 1871 504 39 bostadsrättsföreningarnas
1735 1875 67 30 till-

315 1911 117 31 komst
450 1912 65 30 och
531 1912 67 29 hur
616 1912 198 31 kontrollen
832 1915 81 28 över
931 1914 118 30 huvud
1069 1915 187 37 lämpligen
1273 1916 63 30 bör
1355 1917 186 30 anordnas.
1561 1917 240 38 Ifrågavaran-

315 1956 40 29 de
377 1956 201 37 rättsregler
597 1957 62 29 bör
679 1957 119 30 vidare
818 1957 188 38 förebygga
1026 1959 235 37 uppkomsten
1283 1970 41 20 av
1345 1961 223 30 ekonomiskt
1588 1963 135 30 osunda
1743 1963 58 30 bo-

315 1999 392 39 stadsrättsföreningar
722 2001 65 30 och
803 2001 207 38 möjliggöra
1025 2011 42 21 en
1084 2003 160 30 rationell
1260 2004 350 39 bostadskooperativ
1625 2007 176 30 verksam-

314 2044 69 30 het.
405 2043 78 30 Med
505 2044 264 38 utgångspunkt
791 2045 79 30 från
892 2047 66 28 vad
981 2046 58 37 jag
1062 2047 148 30 sålunda
1233 2047 118 32 anfört
1373 2048 62 31 bör
1458 2050 231 38 utredningen
1712 2052 10 29 i
1745 2053 55 29 öv-

315 2088 67 37 rigt
402 2088 160 31 bedrivas
584 2089 353 38 förutsättningslöst.

356 2158 349 39 Utredningsarbetet
724 2160 174 30 beräknas
918 2161 107 37 enligt
1044 2162 139 37 uppgift
1203 2163 10 29 i
1233 2163 92 30 årets
1347 2164 346 38 riksdagsberättelse
1713 2168 86 37 pågå

315 2212 111 29 under
444 2212 80 30 hela
542 2212 37 30 år
600 2213 94 30 1966.

356 2282 36 30 B.
414 2282 126 38 Kungl.
559 2283 107 37 Maj:t
684 2284 255 38 bemyndigade
958 2286 65 29 den
1044 2285 41 30 26
1105 2287 88 35 april
1216 2287 82 29 1963
1320 2288 233 38 sakkunniga,
1572 2290 94 30 vilka
1688 2290 111 31 seder-

313 2344 96 22 mera
441 2337 134 37 antagit
604 2337 257 38 benämningen
892 2339 583 39 hyreslagstiftningssakkunniga,
1508 2342 54 30 för
1594 2344 51 29 att
1676 2343 123 30 utreda

312 2388 125 37 frågan
452 2398 57 21 om
524 2389 198 38 förenkling
738 2399 41 20 av
793 2391 305 37 hyreskontrollen
1113 2392 66 30 och
1195 2392 218 39 utformning
1429 2403 43 22 av
1486 2395 313 39 besittningsskyd-

313 2442 57 31 det
399 2441 56 30 för
484 2443 183 37 hyresgäst
696 2443 10 29 i
736 2444 66 30 den
833 2444 179 31 allmänna
1042 2445 383 39 hyreslagstiftningen.
1457 2447 116 38 Enligt
1605 2448 193 30 direktiven

311 2494 55 30 för
388 2496 232 37 utredningen
642 2496 62 29 bör
728 2497 138 29 samråd
891 2497 61 30 ske
974 2498 76 29 med
1073 2498 45 30 bl.
1143 2507 29 21 a.
1195 2498 456 33 bostadsrättskommittén.
1676 2501 120 30 Såsom
