1854 2768
237 136 39 30 70
555 140 119 31 Andra
689 141 245 40 lagutskottets
950 145 180 31 utlåtande
1144 155 42 21 nr
1200 147 42 30 48
1256 147 41 30 år
1313 149 84 29 1964

233 216 429 42 försäkringsdomstolen.
683 221 73 31 Har
776 222 122 31 besvär
918 224 107 30 redan
1046 226 136 30 anförts
1202 228 65 29 när
1288 228 42 30 de
1352 238 68 30 nya
1440 229 276 33 bestämmelser-

233 279 46 21 na
299 271 119 30 träder
437 272 10 29 i
468 272 105 35 kraft,
594 273 62 30 bör
676 274 358 43 besvärsprövningen
1056 279 113 40 fortgå
1189 280 108 40 enligt
1317 281 43 30 de
1380 282 95 30 äldre
1496 283 220 32 bestämmel-

233 332 113 21 serpa.
369 323 67 31 Om
457 325 157 31 däremot
635 327 204 41 visserligen
860 329 406 43 tillsynsmyndighetens
1290 334 113 31 beslut
1426 336 192 31 meddelats
1641 337 74 31 före

234 375 297 33 ikraftträdandet
551 389 79 21 men
649 380 98 31 talan
765 384 73 28 mot
858 383 56 30 det
933 383 72 31 inte
1025 384 73 31 förs
1118 385 120 31 förrän
1258 387 154 31 därefter
1430 388 63 30 bör
1511 390 42 30 de
1573 399 68 31 nya
1660 391 54 30 be-

234 429 266 32 stämmelserna
518 432 11 30 i
547 432 41 30 50
609 432 16 38 8
645 433 100 40 gälla.

228 591 170 44 Förslaget
424 594 48 31 till
496 595 198 44 förordning
719 599 174 41 angående
913 600 144 43 ändring
1077 602 11 30 i
1109 601 240 44 förordningen
1372 604 64 32 den
1463 606 43 30 14
1534 606 174 32 december

399 656 85 32 1956
500 659 58 42 (nr
573 658 81 44 630)
671 670 57 21 om
742 661 203 43 statsbidrag
960 663 49 31 till
1025 663 149 33 erkända
1189 665 354 34 arbetslöshetskassor

933 724 74 38 28.

273 779 66 31 Det
362 782 201 30 nuvarande
586 784 362 42 grundstatsbidraget
971 788 103 39 utgår
1096 789 79 30 med
1198 789 93 31 fasta
1313 791 135 40 belopp.
1472 792 13 29 I
1509 793 73 30 min
1606 793 107 31 fram-

228 832 167 41 ställning
411 834 146 40 tidigare
575 836 115 31 denna
707 838 66 40 dag
791 839 147 31 rörande
955 840 122 41 bidrag
1095 842 51 29 till
1164 843 157 30 erkända
1338 845 374 32 arbetslöshetskassor

227 884 65 30 har
308 885 61 40 jag
386 886 179 42 föreslagit
582 892 51 28 att
651 890 56 30 det
726 893 203 29 nuvarande
947 896 166 37 systemet
1131 895 118 40 utbyts
1267 899 74 28 mot
1359 900 48 27 ett
1425 901 286 37 procentsystem.

230 938 257 41 Utredningens
514 941 130 41 förslag
668 943 51 30 till
745 944 246 41 bidragstabell
1017 947 65 30 har
1107 948 121 30 därvid
1254 949 111 40 följts.
1391 951 74 30 Den
1490 952 146 30 innebär
1661 955 50 28 att

226 990 331 42 bidragsprocenten
578 995 147 39 sjunker
745 996 81 31 från
846 998 41 30 50
907 998 11 30 i
938 999 112 40 lägsta
1070 1000 51 30 till
1143 1001 39 30 35
1204 1002 11 29 i
1235 1002 125 40 högsta
1381 1003 329 41 dagpenningklass.

226 1043 415 42 Dagpenningklasserna
663 1048 156 41 framgår
841 1060 42 20 av
904 1052 41 30 29
969 1052 15 37 8
1008 1052 11 30 i
1042 1053 165 40 förslaget
1228 1055 53 30 till
1304 1055 206 41 förordning
1533 1058 178 39 angående

228 1097 150 40 ändring
400 1098 12 30 i
435 1098 250 43 förordningen
709 1111 57 21 om
789 1104 156 30 erkända
967 1105 386 33 arbetslöshetskassor.
1378 1109 12 29 I
1416 1109 98 40 fråga
1538 1120 56 20 om
1619 1111 56 31 det
1699 1112 10 29 i

226 1149 18 30 2
261 1159 107 21 mom.
385 1151 216 32 behandlade
619 1154 154 41 tillägget
790 1156 53 30 till
860 1158 361 41 grundstatsbidraget
1239 1161 70 29 kan
1326 1161 60 40 jag
1403 1162 146 31 hänvisa
1566 1164 51 29 till
1636 1165 72 29 min

224 1203 156 31 nämnda
396 1204 269 43 framställning.

934 1307 71 38 78.

268 1362 244 41 Ändringarna
533 1365 11 30 i
566 1366 114 31 denna
701 1369 166 39 paragraf
887 1370 39 29 är
947 1370 205 32 föranledda
1173 1382 42 20 av
1237 1373 167 40 förslaget
1425 1384 58 20 om
1504 1376 133 30 ändrad
1660 1386 51 20 er-

223 1415 237 41 sättningstid,
483 1427 120 21 varom
624 1420 166 31 hänvisas
812 1422 52 29 till
887 1422 39 30 31
953 1423 15 37 $
993 1423 165 41 förslaget
1179 1426 52 29 till
1254 1427 150 40 ändring
1425 1428 11 29 i
1460 1428 249 41 förordningen

222 1477 58 20 om
296 1469 156 31 erkända
468 1471 384 33 arbetslöshetskassor.

927 1577 19 30 8
973 1577 28 37 8.

267 1631 66 31 Det
353 1633 11 29 i
387 1633 390 43 förvaltningsbidraget
798 1637 168 41 ingående
988 1641 327 41 medlemsbidraget
1337 1643 64 30 har
1423 1645 10 29 i
1455 1645 151 39 enlighet
1628 1646 79 30 med

221 1684 167 42 förslaget
401 1687 10 29 i
423 1696 97 32 prop.
536 1688 98 31 1964:
653 1690 59 30 115
726 1691 97 40 höjts
836 1692 79 30 med
930 1693 14 29 1
960 1693 52 30 kr.

266 1737 118 41 Enligt
410 1749 47 20 nu
484 1741 159 38 gällande
670 1742 265 33 bestämmelser
961 1745 55 31 för
1044 1747 192 41 beräkning
1265 1758 42 22 av
1335 1751 291 40 medlemsbidrag
1654 1752 52 30 till

221 1790 116 36 kassa,
358 1801 75 21 som
450 1794 90 30 varit
559 1795 10 29 i
587 1796 224 31 verksamhet
830 1798 122 31 endast
972 1800 110 30 under
1101 1801 53 30 del
1174 1810 42 21 av
1235 1801 84 36 året,
1339 1803 65 29 har
1423 1804 284 31 medlemsbidra-

221 1846 55 36 get
299 1845 113 39 utgått
434 1847 44 39 på
500 1848 169 38 grundval
694 1859 42 21 av
759 1850 57 31 det
840 1850 54 30 för
916 1852 131 30 kassan
1070 1853 158 39 gällande
1251 1855 132 30 antalet
1408 1855 296 37 årsmedlemmar,

221 1897 107 31 vilket
350 1900 94 29 antal
468 1899 55 30 för
544 1900 109 31 sådan
675 1902 106 31 kassa
802 1904 67 29 blir
890 1904 93 40 lägre
1006 1906 45 29 än
1073 1906 57 31 det
1152 1908 284 40 genomsnittliga
1458 1910 130 31 antalet
1611 1912 95 29 med-

219 1950 149 31 lemmar
389 1952 10 30 i
420 1953 140 31 kassan.
582 1954 135 31 Kassan
738 1956 65 30 har
825 1956 200 41 därigenom
1046 1959 98 30 blivit
1166 1961 338 39 överkompenserad
1526 1964 44 38 på
1591 1965 113 38 grund

220 2012 43 22 av
279 2006 51 28 att
346 2005 157 40 bidraget
520 2008 39 28 är
576 2008 161 39 graderat
755 2009 89 30 efter
860 2010 275 32 medlemsantal.
1155 2013 74 30 Den
1247 2014 11 29 i
1276 2014 113 40 tredje
1408 2016 134 39 stycket
1561 2017 143 39 intagna

222 2058 118 38 regeln
363 2059 137 30 medför
523 2062 51 28 att
597 2061 157 41 bidraget
778 2063 158 30 kommer
960 2067 51 28 att
1035 2065 84 40 utgå
1141 2067 79 29 med
1244 2066 125 41 belopp
1395 2078 73 20 som
1494 2070 73 30 står
1590 2071 10 29 i
1625 2080 77 30 pro-

219 2111 140 38 portion
376 2112 51 30 till
445 2113 67 29 den
529 2113 54 30 del
601 2123 42 21 av
659 2114 74 31 året
751 2115 44 31 då
813 2116 130 30 kassan
957 2118 90 30 varit
1066 2119 10 29 i
1093 2119 233 31 verksamhet.

281 2273 170 44 Förslaget
466 2277 49 31 till
531 2278 55 41 lag
600 2279 171 41 angående
786 2280 143 42 ändring
944 2281 11 30 i
970 2281 98 42 lagen
1084 2282 63 31 den
1162 2284 43 31 24
1220 2295 91 20 mars
1328 2285 84 31 1938
1428 2288 58 42 (nr
1502 2286 59 44 96)
1578 2299 57 20 om

767 2333 389 45 understödsföreningar

260 2399 124 30 Såsom
407 2400 166 40 framgått
595 2412 42 21 av
659 2404 253 40 motiveringen
933 2406 51 30 till
1008 2406 42 31 50
1076 2407 15 37 $
1116 2408 10 29 i
1150 2407 166 41 förslaget
1339 2410 51 30 till
1415 2410 205 41 förordning
1643 2421 57 20 om

215 2452 150 40 ändring
396 2454 10 29 i
435 2455 608 44 arbetslöshetskasseförordningen
1071 2460 132 31 saknar
1231 2462 126 35 denna,
1388 2463 212 32 åtminstone
1631 2464 70 30 for-
