1864 2798
425 167 124 40 Tredje
570 166 245 40 lagutskottets
834 166 179 30 utlåtande
1032 175 42 20 nr
1094 166 39 29 18
1153 166 38 29 år
1213 166 83 29 1955
1572 165 38 29 19

147 252 50 29 De
221 251 224 39 sakkunniga
468 250 65 30 har
556 252 115 28 ansett
695 251 50 28 att
781 249 150 30 målet
963 249 78 30 för
1075 248 319 39 förbättring
1428 257 53 21 av
1516 250 93 28 vat-

103 305 93 27 ten-
233 301 87 30 och
355 299 620 40 avloppsförhållandena
1012 299 107 30 borde
1146 308 83 21 vara
1256 300 50 28 att
1333 299 45 29 all
1404 298 204 40 bebyggelse

103 361 43 23 av
165 352 159 39 varaktig
345 353 54 28 art
421 352 154 29 anslötes
597 351 52 30 till
671 359 262 32 gemensamma
956 351 133 29 vatten-
1110 349 65 30 och
1197 349 411 40 avloppsanläggningar,

104 403 63 30 där
189 402 130 31 sådana
340 411 40 21 ur
401 402 139 31 teknisk
563 401 64 31 och
650 401 205 31 ekonomisk
879 401 176 38 synpunkt
1076 410 82 21 vore
1181 400 171 38 lämpliga,
1376 399 65 31 och
1464 400 10 29 i
1498 399 112 38 övrigt

105 453 155 38 försåges
285 453 78 30 med
388 454 155 29 närmast
567 452 192 38 likvärdiga
786 453 156 36 separata
969 451 243 38 anordningar.
1238 451 121 30 Denna
1385 449 225 38 målsättning

106 503 97 30 stode
229 503 11 29 i
268 503 349 31 överensstämmelse
645 503 79 29 med
750 502 66 30 vad
846 510 75 21 som
948 502 11 29 i
988 502 95 29 detta
1111 501 169 30 avseende
1306 500 181 40 inrymdes
1513 500 12 30 i
1551 499 59 30 bo-

106 553 279 41 stadspolitiken,
416 553 450 40 byggnadslagstiftningen
896 552 65 30 och
990 551 367 40 hälsovårdsstadgan.
1398 551 213 29 Kostnader-

106 614 45 20 na
175 604 55 30 för
255 604 229 39 erforderliga
508 604 161 40 åtgärder
693 603 118 30 kunde
834 622 44 3 —
900 603 129 30 räknat
1054 602 88 30 efter
1170 602 83 31 1950
1278 602 57 29 års
1361 601 248 39 kostnadsläge

104 673 43 3 —
168 655 135 30 skattas
326 655 52 29 till
400 654 164 40 omkring
586 655 19 30 2
627 653 182 40 miljarder
830 654 142 29 kronor.
996 653 118 39 Enligt
1137 653 41 29 de
1201 651 242 40 sakkunnigas
1469 651 142 39 mening

105 716 80 21 vore
212 707 57 29 det
294 707 30 40 ej
353 706 153 40 orimligt
532 708 50 28 att
607 705 212 30 åtminstone
846 705 115 30 såsom
988 714 41 21 en
1056 704 263 41 arbetshypotes
1344 704 84 39 utgå
1453 704 80 30 från
1560 704 50 29 att

102 759 236 39 programmet
361 758 106 30 borde
492 758 121 30 kunna
638 757 188 29 successivt
850 756 230 38 förverkligas
1106 756 96 29 inom
1225 764 42 21 en
1291 754 154 39 tidrymd
1470 764 41 20 av
1536 763 71 21 om-

106 807 103 39 kring
233 807 42 29 20
297 806 49 30 år.

149 858 50 28 Pe
221 857 223 39 sakkunniga
465 857 130 29 uttalar
616 856 128 34 vidare,
766 858 50 27 att
838 856 41 29 de
901 855 178 30 enskildas
1101 855 157 33 intresse,
1281 854 152 30 initiativ
1453 854 65 29 och
1541 854 70 29 för-

106 908 102 39 måga
226 908 107 39 enligt
353 908 67 29 vad
439 908 68 29 den
526 907 280 30 hittillsvarande
826 906 247 39 utvecklingen
1092 905 89 31 visat
1202 905 75 30 icke
1298 914 81 20 vore
1400 904 211 39 tillräckliga

107 959 54 30 för
188 960 51 28 att
265 958 208 30 säkerställa
498 960 50 28 att
576 957 252 40 anläggningar
855 956 54 30 för
935 956 338 39 vattenförsörjning
1299 956 65 28 och
1392 955 125 40 avlopp
1544 954 68 29 till-

106 1009 140 29 komme
249 1002 22 49 i
299 1010 70 29 rätt
389 1009 50 29 tid
461 1008 65 30 och
547 1008 77 30 med
646 1008 106 39 riktig
774 1007 259 40 planläggning.
1055 1007 165 29 Däremot
1241 1006 88 29 hade
1352 1006 259 29 kommunerna

107 1060 9 29 i
140 1059 193 30 allmänhet
357 1059 89 39 goda
470 1058 221 40 möjligheter
717 1060 50 27 att
790 1058 44 40 på
857 1059 49 27 ett
929 1057 177 30 rationellt
1130 1058 69 28 sätt
1223 1057 195 39 planlägga,
1443 1056 168 29 fiansiera

106 1110 65 29 och
189 1110 151 39 utbygga
359 1109 182 39 behövliga
562 1110 109 29 större
690 1108 252 40 anläggningar
962 1108 65 29 och
1048 1107 204 39 härigenom
1271 1107 189 39 förebygga
1480 1107 132 39 olämp-

107 1161 68 39 liga
204 1160 254 39 investeringar
488 1160 11 28 i
532 1162 161 37 separata
723 1158 251 40 anläggningar
1005 1158 66 29 och
1102 1158 110 29 andra
1242 1157 216 30 irrationella
1487 1157 124 29 dellös-

107 1211 134 39 ningar.
267 1211 58 29 Att
350 1219 42 21 en
418 1211 125 29 tätorts
568 1209 111 31 behov
704 1219 42 20 av
769 1208 339 40 vattenförsörjning
1133 1208 65 29 och
1222 1208 125 39 avlopp
1372 1207 97 30 bleve
1494 1207 120 31 veder-

106 1262 158 39 börligen
285 1261 213 39 tillgodosett
521 1270 80 21 vore
625 1260 10 29 i
658 1260 170 39 väsentlig
851 1260 85 39 grad
960 1261 49 28 ett
1033 1259 148 30 intresse
1204 1258 54 30 för
1282 1259 67 29 alla
1375 1259 236 29 kommunens

108 1312 175 34 invånare,
308 1314 133 27 oavsett
464 1320 57 20 om
543 1312 40 28 de
606 1320 81 20 vore
708 1311 138 29 bosatta
868 1310 97 29 inom
988 1311 153 28 tätorten
1164 1309 81 30 eller
1267 1309 86 34 icke,
1377 1308 167 30 eftersom
1569 1317 43 20 en

107 1363 191 29 välordnad
318 1362 65 29 och
404 1361 353 39 utvecklingskraftig
777 1360 287 39 tätortsbildning
1086 1369 79 21 vore
1188 1369 41 21 av
1251 1360 285 39 grundläggande
1556 1359 58 29 be-

107 1413 131 39 tydelse
259 1412 54 30 för
334 1412 229 39 näringslivet
590 1412 2 28 i
612 1412 226 28 kommunen.
861 1411 13 28 I
896 1411 164 29 städerna
1079 1410 89 29 hade
1188 1409 339 39 vattenförsörjning
1548 1410 64 30 och

107 1464 125 38 avlopp
256 1472 41 21 av
319 1462 95 30 ålder
440 1464 132 27 ansetts
597 1471 75 20 som
695 1471 42 20 en
760 1461 207 29 kommunal
992 1460 260 39 angelägenhet.
1276 1459 92 30 Även
1393 1460 57 29 det
1474 1469 140 25 ansvar,

108 1523 76 20 som
212 1513 130 39 tillagts
372 1513 257 29 kommunerna
660 1511 44 40 på
733 1510 452 40 bebyggelseplaneringens
1216 1510 152 34 område,
1400 1510 212 30 motiverade

108 1566 50 27 att
179 1564 41 29 de
240 1563 94 39 finge
356 1562 177 41 uppgifter
552 1562 64 30 och
638 1571 126 21 ansvar
784 1563 9 28 i
815 1561 98 39 fråga
934 1570 57 20 om
1013 1561 179 29 ordnande
1213 1570 41 20 av
1273 1560 341 40 vattenförsörjning

109 1615 64 29 och
199 1614 124 39 avlopp
348 1613 54 30 för
426 1613 240 39 bebyggelsen.

153 1666 49 30 Av
227 1675 46 21 nu
300 1665 156 30 nämnda
480 1666 75 29 skäl
580 1665 63 29 har
668 1665 41 29 de
734 1663 223 40 sakkunniga
981 1662 178 41 föreslagit
1185 1663 177 40 lagregler,
1388 1662 106 41 enligt
1518 1664 94 29 vilka

109 1716 196 35 utförande,
329 1715 187 30 underhåll
540 1716 64 29 och
628 1714 86 30 drift
738 1724 41 20 av
803 1713 131 31 sådana
958 1714 132 29 vatten-
1115 1713 63 30 och
1203 1713 409 40 avloppsanläggningar,

110 1773 76 22 som
202 1765 220 30 erfordrades
440 1764 55 30 för
512 1773 93 21 mera
622 1763 212 30 omfattande
851 1762 214 38 bebyggelse,
1083 1762 121 34 skulle,
1222 1771 55 21 om
1296 1762 172 30 särskilda
1485 1762 131 30 förhål-

109 1817 127 30 landen
263 1817 29 39 ej
322 1816 204 30 föranledde
552 1815 118 35 annat,
697 1823 82 21 vara
806 1816 47 28 ett
891 1813 270 40 åliggande
1200 1813 74 30 för
1344 1822 267 21 kommunen.

153 1867 78 30 Med
253 1866 176 40 uttrycket
451 1867 171 29 kommun
644 1866 64 29 har
731 1865 40 29 de
794 1864 223 40 sakkunniga
1039 1864 130 39 åsyftat
1192 1864 147 29 allenast
1361 1864 88 33 stad,
1472 1863 140 41 köping,

111 1927 75 21 som
212 1918 101 38 utgör
339 1916 151 30 särskild
516 1916 180 34 kommun,
723 1916 64 28 och
813 1915 284 29 landskommun.
1123 1913 75 31 Vad
1224 1915 157 29 däremot
1406 1914 109 39 angår
1540 1923 75 21 mu-

113 1965 347 40 nicipalsamhällena
482 1965 110 29 skulle
613 1973 42 21 en
675 1964 169 30 eventuell
866 1962 195 37 skyldighet
1081 1962 56 29 för
1158 1962 98 30 dessa
1279 1964 47 27 att
1347 1962 117 30 utföra
1485 1964 131 28 vatten-

110 2019 64 29 och
199 2016 399 41 avloppsanläggningar
621 2015 178 34 innebära,
825 2016 50 28 att
900 2015 101 29 deras
1025 2013 175 36 invånare,
1225 2014 93 30 vilka
1343 2014 128 30 liksom
1496 2015 117 39 övriga

112 2068 166 30 invånare
297 2068 9 29 i
326 2067 339 30 moderkommunen
686 2065 93 40 finge
798 2065 143 38 bidraga
961 2064 52 30 till
1033 2066 49 27 att
1101 2065 92 29 förse
1214 2065 115 29 denna
1347 2065 78 29 med
1445 2065 171 29 erforder-

111 2117 68 39 liga
200 2118 132 28 vatten-
353 2115 64 30 och
438 2113 396 41 avloppsanordningar,
856 2113 187 30 därutöver
1064 2113 93 39 finge
1178 2121 181 21 ensamma
1378 2112 146 30 bekosta
1544 2114 72 28 vat-

113 2167 276 40 tenförsörjning
414 2167 65 29 och
504 2167 123 39 avlopp
652 2165 94 30 inom
773 2164 211 40 municipen.
1010 2164 67 30 För
1101 2165 49 29 att
1175 2164 153 30 undvika
1354 2166 115 29 denna
1493 2165 123 29 konse-

112 2220 108 28 kvens
242 2219 63 28 har
325 2218 40 29 de
386 2216 224 39 sakkunniga
630 2215 189 39 föreslagit,
840 2216 50 28 att
911 2216 41 29 de
972 2214 228 29 kommunala
1220 2215 132 29 vatten-
1372 2215 65 29 och
1457 2215 159 39 avlopps-

113 2268 223 40 uppgifterna
364 2267 113 29 skulle
504 2266 93 29 inom
626 2264 363 40 municipalsamhälle
1017 2264 90 29 åvila
1132 2265 349 29 moderkommunen,

156 2318 68 29 För
250 2318 55 29 det
332 2317 60 29 fall
420 2317 50 28 att
497 2317 132 28 vatten-
656 2316 64 28 och
745 2313 369 41 avloppsanläggning,
1143 2323 73 20 som
1244 2313 176 30 erfordras
1449 2315 53 29 för
1530 2314 87 29 flera

113 2368 222 39 fastigheters
353 2367 121 32 behov,
493 2365 76 30 icke
588 2365 133 30 utföres
740 2365 63 29 och
823 2364 113 30 drives
956 2373 40 20 av
1015 2364 225 34 kommunen,
1260 2364 233 39 uppkommer
1511 2363 106 40 enligt

114 2419 39 29 de
188 2417 221 39 sakkunniga
442 2416 110 29 behov
584 2424 41 21 av
658 2415 167 39 lagregler
857 2423 55 20 om
946 2414 165 39 lämpliga
1144 2414 359 39 sammanslutningar
1536 2414 82 30 eller

112 2468 108 30 andra
247 2475 117 32 organ,
392 2475 74 21 som
493 2466 67 30 kan
588 2465 185 29 handhava
799 2464 268 30 verksamheten
1094 2464 63 29 och
1185 2472 71 21 som
1285 2465 79 37 äger
1391 2464 226 39 erforderliga
