1864 2798
423 135 125 39 Tredje
568 134 246 39 lagutskottets
834 133 179 29 utlåtande
1032 141 41 20 nr
1093 132 39 29 18
1152 131 39 30 år
1214 132 81 29 1955
1571 127 41 31 23

152 221 71 29 Mot
241 220 57 30 det
317 219 198 40 föreslagna
545 216 533 41 avgiftssystemethari
1124 214 152 31 flertalet
1293 213 188 40 yttranden
1501 212 112 40 gjorts

107 271 196 39 erinringar
322 270 86 29 blott
427 269 222 30 beträffande
670 267 240 39 detaljfrågor.
932 268 13 29 I
965 266 93 30 vissa
1079 265 188 40 yttranden
1288 264 63 29 har
1371 263 90 30 dock
1482 263 67 30 den
1571 271 43 21 av

109 321 41 30 de
180 321 220 39 sakkunniga
431 320 185 31 förordade
645 318 273 40 likställigheten
948 317 129 30 mellan
1108 314 303 42 stadsplanelagda
1440 314 67 30 och
1537 313 76 31 icke

110 371 303 40 stadsplanelagda
433 370 168 31 områden
621 371 132 29 ansetts
773 369 94 30 möta
887 367 287 40 betänkligheter.

152 422 323 31 Förfarandet
536 420 11 30 i
569 420 152 30 ärenden
741 419 150 30 rörande
912 419 135 30 vatten-
1068 417 64 30 och
1154 414 399 42 avloppsanläggningar
1575 414 39 29 är

109 474 67 30 den
193 473 109 40 fråga,
321 472 102 40 kring
440 471 117 30 vilken
575 470 231 40 meningarna
824 469 163 40 skarpast
1004 466 109 32 brutit
1131 467 61 40 sig.
1210 468 14 29 I
1243 468 109 29 större
1370 466 100 31 delen
1488 474 42 21 av
1547 466 68 39 ytt-

108 523 156 31 randena
289 522 192 31 behandlas
507 522 133 29 vatten-
666 521 65 30 och
755 519 316 41 avloppsfrågorna
1096 519 11 30 i
1133 519 95 30 detta
1254 517 198 30 hänseende
1478 515 137 30 huvud-

109 574 158 39 sakligen
287 583 74 21 som
383 584 42 20 en
447 572 158 40 delfråga
624 572 11 29 i
656 571 228 39 landsbygds-
905 570 66 30 och
991 568 365 41 tätortsplaneringen.

153 624 376 39 Lantbruksstyrelsen
550 623 63 29 har
635 622 114 39 utgått
769 621 80 30 från
870 622 51 28 att
940 622 134 28 vatten-
1094 619 64 30 och
1180 617 313 41 avloppsfrågorna
1512 617 11 29 i
1544 618 72 28 stor

115 674 246 40 utsträckning
405 674 107 30 borde
554 673 170 29 inordnas
759 672 10 30 i
804 671 68 30 den
886 680 42 21 av
961 669 409 31 lantbruksnämnderna
1400 667 214 30 handhavda

112 724 443 41 landsbygdsplaneringen
580 725 90 28 samt
692 723 65 30 har
781 721 181 40 föreslagit
983 730 43 21 en
1050 719 298 41 syneförrättning
1371 727 42 21 av
1436 718 11 29 i
1474 718 39 30 10
1536 717 81 40 kap.

113 776 219 39 vattenlagen
356 775 145 40 avgiven
523 774 180 30 innebörd.

157 827 103 30 Vissa
284 827 305 30 remissinstanser
614 825 65 29 har
708 824 113 30 starkt
847 823 152 33 betonat,
1030 823 51 29 att
1109 821 218 30 förfarandet
1354 820 10 29 i
1392 821 134 29 vatten-
1552 818 66 30 och

113 877 264 41 avloppsfrågor
397 877 107 29 borde
524 877 101 39 göras
646 875 38 30 så
704 874 118 30 enkelt
842 882 76 22 som
939 873 149 39 möjligt.

157 930 13 29 I
191 928 209 40 yttrandena
420 927 82 30 från
517 923 581 41 vattendomstolsorganisationen
1118 922 64 30 har
1202 922 194 39 åberopats,
1415 922 52 29 att
1486 921 134 29 vatten-

114 980 109 29 täkts-
251 978 65 30 och
345 976 390 41 föroreningsfrågorna
762 975 64 30 hör
855 974 111 30 under
995 972 282 32 vattendomstol.
1306 971 218 31 Yttrandena
1553 970 66 30 har

114 1030 120 30 därför
255 1029 113 40 utgått
389 1028 81 30 från
490 1029 51 29 att
562 1029 87 28 även
671 1026 125 39 frågan
817 1034 58 21 om
896 1024 189 30 utförande
1106 1033 43 21 av
1169 1024 133 29 vatten-
1324 1022 65 30 och
1412 1022 208 39 avloppsan-

115 1080 163 40 läggning
297 1079 11 29 i
331 1081 71 28 stor
423 1078 215 39 omfattning
658 1077 108 30 borde
787 1075 168 31 hänföras
978 1075 61 30 dit.

651 1239 421 44 Departementsehefen

159 1327 38 30 T.
219 1326 25 31 f.
264 1326 125 30 chefen
409 1325 55 31 för
484 1324 426 41 justitiedepartementet,
934 1321 189 31 statsrådet
1144 1320 146 34 Lindell,
1312 1319 103 31 anför
1438 1319 45 30 bl.
1505 1328 30 21 a.
1557 1319 65 30 föl-

115 1378 117 39 jande.

160 1479 187 30 Allmänna
370 1479 220 40 synpunkter

162 1538 13 29 I
194 1537 237 31 betänkandet
448 1537 66 29 har
531 1536 249 33 konstaterats,
801 1536 51 28 att
869 1533 374 40 vattenförsörjnings-
1260 1532 65 30 och
1345 1530 280 41 avloppsförhål-

119 1589 150 29 landena
290 1588 95 29 inom
408 1587 183 30 städernas
614 1585 307 41 stadsplanelagda
942 1584 169 30 områden
1133 1585 38 29 är
1192 1583 154 30 ordnade
1368 1582 46 40 på
1433 1583 50 29 ett
1503 1581 11 30 i
1536 1582 88 29 stort

121 1638 324 30 tillfredsställande
468 1639 70 29 sätt
561 1646 80 20 men
664 1638 52 28 att
737 1634 395 41 förbättringsåtgärder
1156 1635 39 29 är
1217 1633 184 41 påkallade
1425 1632 96 30 såväl
1545 1631 79 30 med

118 1689 171 30 avseende
310 1689 19 30 å
351 1689 184 29 städernas
556 1686 294 40 randbebyggelse
873 1685 65 31 och
960 1685 260 39 landsbygdens
1243 1684 136 29 mindre
1403 1682 222 31 tätområden

120 1749 76 20 som
211 1739 222 30 beträffande
451 1739 68 30 den
537 1738 171 39 egentliga
726 1737 220 40 glesbygden.
965 1737 82 30 Som
1063 1737 48 28 ett
1129 1735 160 39 lämpligt
1305 1734 70 30 mål
1394 1733 55 31 för
1468 1734 158 29 strävan-

120 1790 90 30 dena
231 1790 44 40 på
297 1789 159 30 området
477 1789 65 29 har
564 1789 41 29 de
627 1787 224 39 sakkunniga
872 1786 142 40 angivit,
1038 1787 51 28 att
1109 1786 46 30 all
1175 1784 204 40 bebyggelse
1402 1793 43 22 av
1465 1783 161 39 varaktig

121 1842 54 28 art
195 1840 63 30 bör
278 1840 94 29 inom
392 1849 43 20 en
456 1840 50 29 tid
526 1848 42 21 av
586 1838 164 39 omkring
769 1837 99 40 tjugo
889 1837 38 29 år
949 1837 112 29 förses
1082 1836 78 29 med
1182 1835 185 39 tidsenliga
1387 1833 239 40 anordningar

122 1891 54 29 för
199 1889 340 39 vattenförsörjning
562 1889 65 29 och
650 1889 137 39 avlopp.
812 1887 117 39 Enligt
953 1887 74 29 min
1052 1885 227 40 uppfattning
1303 1886 38 29 är
1365 1885 58 29 det
1446 1884 181 39 angeläget

122 1943 50 27 att
195 1941 36 29 få
252 1940 52 29 till
326 1940 102 30 stånd
452 1949 43 20 en
519 1939 207 37 förbättring
749 1947 42 21 av
813 1936 335 37 vattenförsörjning
1168 1935 66 31 och
1257 1935 124 37 avlopp
1404 1934 55 30 för
1482 1934 67 30 den
1571 1933 57 30 be-

123 1993 170 39 byggelse,
324 2001 74 21 som
429 1993 37 29 är
497 1991 159 29 eftersatt
685 1989 10 29 i
726 1991 94 29 detta
849 1989 181 30 avseende.
1060 1988 236 30 Bedömandet
1325 1996 42 21 av
1396 1987 67 29 den
1493 1985 61 34 tid,
1585 1985 43 30 då

123 2043 105 30 målet
249 2043 69 29 kan
340 2042 147 40 uppnås,
509 2041 100 30 faller
631 2040 192 31 emellertid
844 2040 29 39 ej
898 2039 95 30 inom
1015 2047 121 21 ramen
1157 2038 54 30 för
1232 2036 395 40 lagstiftningsärendet.

167 2144 49 30 De
245 2143 222 39 sakkunniga
494 2143 74 34 har,
597 2142 127 30 främst
751 2141 100 30 ledda
879 2150 41 20 av
948 2140 108 38 syftet
1084 2140 49 29 att
1160 2139 127 29 hindra
1315 2136 312 39 felinvesteringar,

126 2193 178 40 föreslagit
335 2195 48 28 ett
414 2193 218 30 omfattande
664 2193 131 38 system
827 2200 41 20 av
899 2190 273 32 bestämmelser,
1204 2189 149 30 avsedda
1386 2189 50 28 att
1467 2188 162 29 närmare

123 2243 132 39 reglera
280 2243 202 30 utförandet
507 2243 64 29 och
596 2241 131 30 driften
752 2242 86 28 även
863 2250 42 20 av
928 2240 137 29 mindre
1090 2240 133 30 vatten-
1247 2239 64 29 och
1336 2237 292 40 avloppsföretag.

127 2293 148 30 Särskilt
298 2293 37 29 är
359 2294 50 28 att
434 2293 139 33 nämna,
598 2293 49 28 att
671 2291 41 30 de
736 2290 201 29 nuvarande
962 2288 309 30 bestämmelserna
1296 2288 10 29 i
1329 2287 220 38 vattenlagen
1574 2295 55 20 om

127 2345 68 28 rätt
225 2343 64 30 och
319 2341 198 41 skyldighet
546 2343 50 28 att
625 2340 139 30 ansluta
794 2340 51 30 till
875 2338 282 41 avloppsföretag
1187 2338 105 38 enligt
1322 2337 165 39 förslaget
1517 2335 113 31 skulle

126 2391 179 31 överföras
325 2391 51 29 till
393 2399 43 21 en
455 2390 151 30 särskild
627 2389 54 39 lag
700 2398 57 20 om
775 2390 132 28 vatten-
925 2387 66 30 och
1009 2385 399 41 avloppsanläggningar
1428 2384 64 30 och
1512 2384 10 29 i
1541 2393 91 21 sam-

126 2442 92 29 band
242 2441 143 30 därmed
409 2440 162 40 utvidgas
596 2440 51 29 till
670 2441 51 28 att
744 2448 80 21 avse
849 2440 86 28 även
960 2438 133 38 företag
1117 2437 54 29 för
1194 2435 348 39 vattenförsörjning.
1568 2435 63 29 Det
