1860 2796
415 157 123 40 Tredje
559 156 245 40 lagutskottets
824 156 179 30 utlåtande
1021 164 42 20 nr
1083 155 39 29 18
1142 154 39 30 år
1203 154 82 29 1955
1559 152 40 30 35

803 275 19 30 6
850 273 28 38 8.

136 342 405 40 Departementschefen.
569 342 169 40 Reglerna
766 350 56 21 om
849 340 294 39 anslutningsrätt
1171 340 65 31 och
1267 337 330 41 anslutningstvång

95 394 37 29 är
152 395 10 29 i
183 394 41 30 de
245 393 240 39 sakkunnigas
506 393 130 40 förslag
656 402 43 21 en
719 402 42 21 av
781 392 333 40 centralpunkterna
1134 391 11 29 i
1165 389 276 41 lagstiftningen.
1462 388 52 30 De
1533 388 64 30 har

93 443 51 30 till
166 444 137 40 uppgift
325 445 51 29 att
397 443 212 40 förverkliga
629 443 69 30 den
719 442 146 41 princip,
888 451 74 21 som
983 442 107 39 enligt
1115 441 40 30 de
1179 440 222 39 sakkunniga
1421 439 63 31 bör
1506 439 90 40 ligga

93 494 52 29 till
170 494 111 40 grund
305 494 55 30 för
385 494 46 30 all
454 493 250 41 planläggning
727 493 44 41 på
795 493 168 35 området,
989 492 175 40 nämligen
1189 493 52 29 att
1264 491 97 40 varje
1385 489 213 41 anläggning

94 543 89 31 skall
204 545 44 29 ha
271 544 65 30 den
358 543 213 41 omfattning
594 553 74 21 som
691 545 38 30 är
752 543 201 41 lämpligast
975 552 42 22 ur
1039 542 139 31 teknisk
1199 542 67 31 och
1286 540 210 31 ekonomisk
1518 549 79 30 syn-

92 594 124 39 punkt.
237 595 90 30 Från
347 595 115 30 denna
482 594 263 41 utgångspunkt
765 595 38 30 är
822 594 58 31 det
900 595 157 29 närmast
1076 593 196 40 självklart,
1292 594 50 30 att
1361 591 237 39 bestämning-

94 652 41 21 en
158 645 160 30 »>teknisk
338 645 64 30 och
423 644 208 31 ekonomisk
653 644 130 31 fördel»
805 644 11 30 i
837 644 167 39 förslaget
1025 644 182 30 anknutits
1228 643 52 30 till
1302 643 60 31 det
1382 650 216 32 gemensam-

92 703 58 21 ma
171 695 168 40 företaget
360 696 66 30 och
447 694 77 31 icke
544 695 53 31 till
620 695 43 30 de
685 694 174 31 särskilda
881 694 264 41 fastigheterna.

134 746 126 31 Därest
276 763 43 4 —
337 746 118 31 såsom
472 746 59 40 jag
550 746 181 40 föreslagit
747 763 44 4 —
807 746 127 40 frågan
953 756 56 20 om
1028 745 274 40 anläggningens
1322 743 246 41 utsträckning
1586 743 11 31 i

89 797 136 41 princip
252 797 55 30 får
331 797 82 31 bero
438 797 46 41 på
508 797 295 30 huvudmannens
829 798 75 38 eget
930 797 263 30 bestämmande
1220 804 124 31 genom
1370 797 50 29 att
1445 795 71 31 han
1543 795 55 30 får

90 847 207 40 befogenhet
318 849 51 29 att
392 847 175 31 fastställa
589 847 402 30 verksamhetsområdet
1015 847 54 30 för
1091 846 267 41 anläggningen,
1381 846 122 30 mister
1524 854 74 31 reg-

90 898 97 30 lerna
206 907 57 21 om
282 897 295 41 anslutningsrätt
597 898 65 30 och
683 897 330 41 anslutningstvång
1034 897 53 31 sin
1108 906 82 31 nyss
1211 896 150 41 angivna
1380 896 218 30 vidsträckta

89 949 185 39 betydelse.
298 948 136 30 Tvister
457 957 57 21 om
538 948 295 39 anslutningsrätt
857 949 65 29 och
945 947 330 41 anslutningstvång
1298 948 98 30 torde
1420 946 106 31 också
1549 945 48 32 bli

91 999 134 39 ganska
252 999 180 40 sällsynta.
459 998 67 31 Vid
554 998 125 31 sådant
708 998 220 31 förhållande
956 999 112 29 möter
1095 1007 42 21 ur
1164 997 161 41 praktisk
1354 997 181 41 synpunkt
1563 997 30 39 ej

90 1049 125 30 hinder
237 1049 53 30 för
311 1050 51 29 att
384 1049 101 30 dessa
508 1049 117 39 frågor
647 1049 56 30 får
725 1058 41 20 en
789 1058 94 20 mera
905 1048 310 31 individualiserad
1237 1046 215 42 behandling
1472 1055 125 33 genom

90 1101 50 28 att
162 1099 173 40 lagregeln
357 1100 11 30 i
391 1100 119 29 ämnet
531 1099 175 30 utformas
730 1099 47 35 så,
800 1100 51 29 att
872 1098 333 41 tvångsanslutning
1226 1099 81 40 åger
1328 1107 80 21 rum
1429 1098 89 30 blott
1539 1106 58 22 om

91 1150 66 30 den
175 1150 147 30 innebär
341 1149 112 31 fördel
474 1149 55 31 för
546 1150 75 39 just
640 1150 67 30 den
727 1149 176 40 fastighet,
923 1158 76 22 som
1019 1148 90 31 skall
1128 1148 169 32 anslutas.
1316 1148 124 31 Denna
1459 1147 138 41 lösning

89 1200 66 30 har
178 1200 173 40 därjämte
375 1200 68 31 den
468 1199 156 31 fördelen
648 1201 52 29 att
724 1200 66 29 den
815 1201 38 29 är
878 1208 97 22 mera
999 1199 245 41 lättförståelig
1269 1199 55 31 för
1347 1200 68 30 den
1439 1198 158 31 enskilde

90 1250 326 40 fastighetsägaren,
440 1249 118 31 vilken
582 1249 144 40 givetvis
751 1250 65 30 har
838 1249 125 31 lättare
988 1251 50 29 att
1061 1250 148 30 bedöma
1232 1249 268 41 anslutningens
1523 1258 74 21 ver-

91 1301 71 30 kan
182 1302 55 29 för
255 1301 211 40 fastigheten
486 1302 45 29 än
550 1301 79 30 dess
647 1300 132 31 verkan
798 1301 55 30 för
871 1301 256 39 anläggningen
1148 1310 74 21 som
1242 1300 128 31 helhet.

137 1392 175 39 Prövning
332 1401 43 21 av
394 1391 120 40 frågor
533 1391 149 30 rörande
703 1391 296 39 anslutningsrätt
1018 1391 66 30 och
1103 1391 332 39 anslutningstvång
1455 1391 56 30 för
1530 1390 69 30 fas-

92 1442 149 39 tigheter
262 1442 97 30 inom
381 1451 45 21 en
448 1441 230 40 anläggnings
701 1441 388 31 verksamhetsområde
1112 1442 99 29 torde
1233 1441 85 30 böra
1341 1441 191 30 ankomma
1555 1440 44 41 på

93 1492 260 39 länsstyrelsen.

138 1543 65 39 Jag
220 1543 59 31 vill
295 1542 64 31 här
378 1542 117 30 erinra
511 1551 57 21 om
584 1544 51 28 att
654 1542 42 30 de
713 1542 11 30 i
741 1542 230 31 förevarande
989 1542 166 41 paragraf
1170 1544 180 38 upptagna
1365 1542 160 40 reglerna
1541 1551 57 21 om

95 1593 296 40 anslutningsrätt
416 1592 66 31 och
509 1592 331 40 anslutningstvång
869 1592 54 31 för
950 1593 43 30 de
1020 1592 215 40 fastigheter,
1264 1602 76 21 som
1368 1592 107 40 ligger
1503 1592 97 30 inom

94 1643 413 34 verksamhetsområdet,
529 1644 78 29 med
630 1643 170 31 avseende
823 1643 20 30 å
864 1643 238 40 anordningar
1124 1643 55 30 för
1200 1643 126 40 avlopp
1348 1643 251 40 kompletteras

95 1703 42 21 av
157 1694 313 30 bestämmelserna
492 1694 10 29 i
525 1694 18 29 8
564 1694 80 39 kap.
668 1693 231 40 vattenlagen,
923 1693 108 40 enligt
1054 1693 93 31 vilka
1171 1693 205 40 anslutning
1398 1693 53 30 till
1473 1693 127 30 befint-

95 1745 46 39 lig
162 1745 81 29 eller
263 1744 168 40 planerad
452 1744 290 40 avloppsledning
761 1744 12 29 i
792 1744 94 30 vissa
906 1744 63 29 fall
988 1744 70 30 kan
1079 1743 185 41 påfordras
1286 1745 87 29 även
1392 1743 12 30 i
1423 1744 100 40 fråga
1542 1753 57 21 om

96 1795 204 39 fastigheter
325 1794 144 31 utanför
494 1794 413 30 verksamhetsområdet.

138 1844 282 40 Avslutningsvis
438 1844 61 30 vill
517 1844 59 40 jag
595 1844 137 39 tillfoga
750 1844 107 39 några
876 1844 277 39 anmärkningar
1172 1844 179 39 angående
1371 1844 227 40 möjligheten

94 1897 51 28 att
162 1895 123 39 bringa
303 1904 42 21 en
365 1894 111 31 skedd
494 1894 205 40 anslutning
717 1894 54 30 till
787 1895 133 29 allmän
937 1896 134 28 vatten-
1088 1895 65 29 och
1171 1894 360 40 avloppsanläggning
1549 1896 51 29 att

94 1946 169 39 upphöra.
293 1946 13 29 I
335 1945 96 30 detta
459 1945 199 30 hänseende
688 1944 110 31 måste
827 1945 42 30 de
898 1953 47 21 nu
976 1944 196 30 skisserade
1199 1945 314 30 bestämmelserna
1541 1954 57 21 om

97 1995 295 40 anslutningsrätt
416 1995 67 29 och
508 1995 331 40 anslutningstvång
865 1994 162 40 rimligen
1052 2004 101 21 anses
1180 1995 45 29 ha
1252 1995 52 30 till
1329 1995 172 30 innebörd
1526 1995 76 30 icke

95 2046 88 30 blott
200 2048 51 28 att
267 2055 42 21 en
328 2045 168 40 fastighet
514 2046 70 29 kan
602 2047 73 28 mot
692 2046 128 29 endera
838 2045 120 30 sidans
977 2045 223 30 bestridande
1219 2046 159 30 anslutas
1399 2046 51 30 till
1467 2048 134 28 vatten-

95 2097 64 29 och
176 2096 359 40 avloppsanläggning
551 2098 85 27 utan
652 2097 87 29 även
755 2098 50 27 att
821 2095 149 30 sålunda
987 2096 108 30 skedd
1111 2096 205 39 anslutning
1333 2096 91 30 skall
1440 2096 159 34 fortfara,

97 2147 53 29 till
171 2147 79 29 dess
272 2148 108 28 annat
402 2146 11 30 i
435 2146 77 39 laga
534 2146 149 39 ordning
704 2146 222 30 bestämmes.
949 2146 59 29 Ett
1030 2146 196 39 avgörande
1248 2146 11 29 i
1281 2146 100 40 fråga
1403 2156 57 20 om
1482 2147 121 39 fastig-

96 2197 77 30 hets
193 2198 69 28 rätt
281 2197 83 29 eller
384 2196 199 39 skyldighet
603 2196 53 30 till
674 2196 205 39 anslutning
898 2196 63 30 bör
981 2196 117 30 vidare
1118 2205 81 21 avse
1220 2196 212 40 fastigheten
1453 2206 76 21 som
1549 2197 52 30 så-

95 2247 69 29 dan
186 2248 65 28 och
271 2247 102 30 alltså
394 2247 11 29 i
426 2246 136 40 princip
583 2256 83 20 vara
688 2245 112 40 giltigt
821 2247 87 29 även
930 2248 72 27 mot
1023 2256 46 29 ny
1090 2247 102 38 ägare
1213 2256 42 20 av
1277 2247 210 39 fastigheten
1510 2249 91 28 samt

98 2298 73 28 mot
193 2296 212 30 innehavare
427 2296 85 30 eller
533 2296 163 29 blivande
720 2295 200 30 förvärvare
943 2305 43 20 av
1008 2296 214 39 begränsade
1246 2297 175 29 sakrätter
1445 2297 78 29 med
1547 2306 56 20 av-

97 2346 125 30 seende
242 2347 19 29 å
281 2347 125 29 denna.
428 2347 51 28 Av
498 2346 186 39 praktiska
703 2346 76 29 skäl
801 2347 38 28 är
860 2347 58 29 det
938 2345 192 31 emellertid
1150 2346 77 30 icke
1248 2347 138 39 möjligt
1406 2347 65 30 och
1492 2347 109 40 lämp-

99 2396 61 39 ligt
176 2398 51 28 att
243 2397 54 29 för
312 2396 97 39 varje
427 2396 73 34 fall,
517 2396 44 29 då
576 2405 43 20 en
637 2395 166 39 fastighet
819 2396 157 29 anslutes
994 2396 52 29 till
1063 2396 131 29 allmän
1210 2398 133 28 vatten-
1359 2396 65 30 och
1443 2397 160 39 avlopps-

98 2446 220 39 anläggning,
342 2446 159 30 anordna
525 2455 42 21 en
591 2446 173 39 prövning
787 2453 125 32 genom
937 2446 259 39 länsstyrelsen,
1221 2446 175 30 huruvida
1421 2447 182 30 förutsätt-
