2184 2614
428 168 18 30 6
806 169 361 42 Bevillningsutskottets
1191 169 206 32 Betänkande
1420 169 62 32 N:o
1507 172 49 30 17.

385 246 168 37 varande
581 249 113 47 utgår
720 247 60 37 för
808 261 121 34 varor,
958 247 131 37 hvilka
1116 247 83 38 icke
1227 251 48 46 på
1302 248 109 50 långt
1434 254 69 31 när
1530 249 208 49 undergått
1766 262 48 24 en
1841 253 40 33 så
1900 264 79 23 om-

385 298 171 37 fattande
593 298 256 51 bearbetning
877 312 80 24 som
987 299 319 50 hjulnafsämnen,
1337 300 194 49 nämligen
1555 301 104 48 järn-
1689 301 70 37 och
1788 301 193 49 stålgöten

386 354 98 33 samt
512 351 285 49 smältstycken.
853 351 74 36 För
946 352 120 49 öfrigt
1085 364 115 36 synes
1220 352 64 36 det
1303 352 188 37 utskottet
1511 352 119 37 under
1650 352 73 37 alla
1742 354 238 49 omständig-

385 401 105 38 heter
518 401 199 51 olämpligt
746 408 55 31 att
829 402 157 50 vidtaga
1015 416 48 24 en
1092 403 148 49 åtgärd,
1270 416 80 24 som
1379 404 176 49 tydligen
1584 404 120 37 skulle
1734 405 170 36 medföra
1933 419 47 23 en

385 453 196 50 rubbning
620 454 12 36 1
671 454 256 37 förhållandet
966 455 141 37 mellan
1148 455 46 37 de
1227 455 97 37 efter
1352 455 247 50 omsorgsfull
1627 456 185 50 pröfning
1839 456 57 37 till
1925 463 55 31 ett

386 505 121 37 flertal
549 506 100 37 olika
681 506 138 50 belopp
846 507 198 37 bestämda
1071 506 243 37 tullsatserna
1342 507 59 37 för
1424 508 106 49 järn-
1558 508 70 37 och
1657 508 186 37 stålvaror
1872 509 40 36 af
1933 522 48 23 en

385 557 142 49 mängd
557 557 102 38 olika
687 557 93 51 slag.

514 609 195 38 Utskottet
736 610 222 38 hemställer
986 610 141 48 därför,

914 719 53 31 att
1008 714 90 37 herr
1139 713 173 37 Eklunds
1347 714 250 37 förevarande
1626 715 144 37 motion
1799 729 59 24 om
1889 717 91 36 ned-

782 765 171 50 sättning
995 766 40 36 af
1072 764 122 38 tullen
1235 768 20 33 å
1282 765 310 49 hjulnafsämnen
1621 767 70 37 och
1719 767 107 37 delar
1854 769 124 36 därtill

781 817 85 37 icke
895 820 116 34 måtte
1041 817 42 37 af
1106 817 220 49 Riksdagen
1354 817 160 38 bifallas.

513 919 220 39 Stockholm
762 921 74 37 den
865 923 47 35 23
940 921 167 38 februari
1139 923 107 35 1903.

835 1025 52 37 På
915 1024 442 50 bevillningsutskottets
1386 1030 160 45 vägnar:

1025 1128 46 36 H.
1103 1127 232 38 CAVALLI.

385 1541 41 36 af
449 1541 87 37 herr
565 1542 159 36 Eklund.

510 1799 101 36 Herr
646 1800 187 45 Weinberg
871 1799 68 37 har
974 1800 136 51 begärt
1141 1803 38 36 få
1207 1801 240 47 antecknadt,
1478 1806 54 31 att
1561 1802 75 37 han
1664 1801 82 37 icke
1775 1802 163 49 deltagit
1965 1803 11 35 i

384 1849 281 51 behandlingen
695 1851 40 36 af
759 1851 105 37 detta
893 1854 138 36 ärende
1060 1854 102 37 inom
1190 1855 198 37 utskottet.

628 2316 215 47 STOCKHOLM,
863 2316 101 41 ISAAC
984 2317 149 41 MARCUS
1154 2317 492 42 BOKTRYCKERI-AKTIEBOLAG
1667 2336 73 23 1903.
