2198 2696
394 215 19 32 2
903 212 226 42 Lagutskottets
1159 213 165 34 Utlåtande
1347 213 65 32 N:o
1436 214 58 32 12.

394 301 151 36 allenast
586 299 58 36 till
686 300 44 35 de
773 313 181 34 personer,
986 313 74 23 som
1089 306 60 30 äro
1178 299 262 49 kyrkoskrifna
1467 300 97 36 inom
1592 300 91 36 hans
1712 300 140 48 fögderi
1880 302 67 35 och
1970 302 13 36 i

394 356 129 36 sådant
550 354 133 37 ärende
712 355 118 35 vända
858 355 55 47 sig
941 354 57 36 till
1025 355 132 35 honom
1185 355 55 35 för
1269 358 52 32 att
1349 355 112 35 anlita
1488 355 90 35 hans
1608 354 274 49 embetsåtgärd.

499 409 86 37 Icke
622 410 114 35 heller
776 415 39 29 är
856 409 13 35 i
907 410 60 35 det
1005 409 74 45 fall,
1111 413 52 32 att
1191 409 162 47 qvinnan
1380 410 67 34 har
1475 410 57 35 sin
1559 409 383 48 kyrkoskrifningsort
1969 411 14 35 i

394 465 80 35 stad
503 464 67 36 och
599 476 157 23 mannen
784 463 56 35 sin
868 464 380 48 kyrkoskrifningsort
1276 466 45 45 på
1348 464 134 44 landet,
1514 465 178 46 stadgadt,
1716 465 184 36 huruvida
1922 465 60 36 det

392 519 207 47 borgerliga
634 518 242 48 äktenskapet
911 518 93 36 skall
1039 518 101 47 ingås
1169 518 96 36 inför
1293 518 188 48 magistrat
1509 519 87 35 eller
1624 519 232 47 kronofogde.
1913 520 67 35 Be-

393 574 201 35 stämmelse
623 573 56 36 för
708 574 59 34 det
795 573 74 45 fall,
901 576 52 33 att
981 573 162 47 qvinnan
1171 573 124 36 tillhör
1313 573 124 36 landet
1452 573 66 36 och
1533 586 156 23 mannen
1703 573 125 36 tillhör
1842 574 136 45 staden,

392 628 133 36 saknas
555 628 117 36 äfven.

498 691 104 35 Efter
630 691 97 36 hvad
752 690 63 49 jag
843 690 135 45 erfarit,
1009 691 87 35 råda
1113 691 96 52 olika
1228 690 199 48 meningar,
1449 691 97 35 huru
1570 691 262 47 författningen
1851 692 13 34 i
1884 692 98 35 detta

391 745 206 34 hänseende
634 744 193 46 rätteligen
869 745 92 33 skall
1001 744 128 35 tolkas.
1185 745 36 34 ÅA
1249 757 68 21 ena
1346 745 104 34 sidan
1478 745 175 34 förfäktas
1682 746 71 33 den
1782 745 103 45 åsigt,
1917 749 63 41 att,

390 804 67 30 när
485 799 113 46 begge
626 798 308 35 kontrahenterna
961 797 148 36 tillhöra
1137 798 79 36 stad
1245 798 86 35 eller
1351 798 79 36 dess
1451 798 153 45 område,
1622 798 238 47 magistraten
1878 798 14 36 i
1912 799 69 35 den

392 854 89 42 stad,
526 853 63 34 der
632 853 43 34 de
718 858 59 29 äro
820 852 261 48 kyrkoskrifna
1110 852 87 35 eller
1222 853 62 34 der
1311 853 142 34 bruden
1482 858 39 29 är
1548 852 299 48 kyrkoskrifven,
1878 865 102 24 anses

391 919 87 24 vara
520 907 61 35 det
623 907 93 34 enda
744 909 93 32 rätta
866 906 116 35 forum
1012 906 54 35 för
1095 906 259 47 äktenskapets
1382 906 188 47 ingående,
1601 907 66 34 och
1691 910 54 32 att
1772 912 65 29 när
1864 907 116 47 begge

392 961 309 35 kontrahenterna
729 960 146 35 tillhöra
904 963 52 32 ett
983 960 91 36 visst
1102 960 140 47 fögderi
1270 960 87 36 eller
1385 973 56 22 om
1469 961 141 35 bruden
1639 966 39 29 är
1697 960 13 35 i
1726 961 98 35 detta
1839 960 142 48 fögderi

391 1014 296 49 kyrkoskrifven,
731 1014 112 47 ingen
885 1027 120 22 annan
1043 1020 45 30 än
1131 1015 69 34 den
1243 1014 232 47 kronofogde,
1519 1026 75 23 som
1629 1014 163 36 derinom
1823 1015 67 35 har
1918 1015 63 35 sitt

390 1068 418 50 tjenstgöringsområde,
853 1074 52 47 är
932 1068 151 48 behörig
1125 1071 52 33 att
1207 1069 60 35 det
1293 1068 204 49 borgerliga
1525 1069 242 47 äktenskapet
1794 1068 55 36 för
1878 1069 103 36 dessa

390 1124 262 35 kontrahenter
682 1123 141 35 afsluta.
882 1123 36 35 Å
946 1124 112 34 andra
1086 1122 103 36 sidan
1219 1123 134 35 drifves
1378 1123 69 35 den
1477 1127 130 40 satsen,
1639 1125 52 33 att
1716 1124 61 34 det
1805 1123 56 35 må
1894 1124 86 35 bero

389 1180 45 45 på
476 1177 313 36 kontrahenterna
822 1177 127 48 sjelfve
978 1180 52 32 att
1058 1177 56 35 för
1142 1176 219 48 äktenskaps
1390 1177 177 47 ingående
1595 1178 118 35 vända
1742 1177 56 47 sig
1825 1177 57 35 till
1910 1178 70 35 den

391 1243 68 23 ena
488 1231 87 35 eller
607 1231 113 35 andra
749 1231 39 34 af
809 1231 103 35 dessa
939 1231 264 47 myndigheter,
1230 1232 66 34 och
1325 1234 52 32 att
1406 1231 135 35 således
1571 1231 54 44 de,
1657 1243 75 23 som
1757 1236 59 30 äro
1847 1231 132 47 kyrko-

391 1285 144 35 skrifna
559 1285 28 35 "1
622 1286 90 43 stad,
744 1284 127 36 kunna
895 1285 55 35 för
974 1285 128 35 sådant
1129 1285 167 35 ändamål
1323 1285 119 35 vända
1471 1284 55 47 sig
1550 1285 133 35 endera
1710 1284 58 36 till
1791 1284 190 47 magistrat

389 1339 14 36 1
440 1342 120 44 någon
598 1339 80 35 stad
713 1339 87 35 eller
828 1338 57 36 till
913 1339 223 47 kronofogde
1159 1339 238 47 någonstädes
1425 1341 45 45 på
1498 1339 134 46 landet,
1661 1339 145 35 hvadan
1831 1339 43 35 de
1903 1351 77 35 per-

389 1405 117 32 soner,
551 1405 74 23 som
668 1399 60 29 äro
770 1393 263 47 kyrkoskrifna
1066 1395 44 45 på
1137 1392 135 45 landet,
1301 1393 126 34 kunna
1455 1393 56 34 för
1535 1393 197 46 borgerligt
1760 1393 220 48 äktenskaps

392 1447 203 35 afslutande
638 1447 112 35 anlita
786 1446 154 36 hvilken
981 1446 221 47 kronofogde
1244 1447 66 35 och
1351 1446 153 36 hvilken
1545 1446 188 47 magistrat
1768 1459 73 23 som
1871 1447 106 35 helst.

390 1501 128 47 Enligt
546 1501 119 35 denna
693 1500 94 48 åsigt
815 1501 117 35 skulle
961 1500 230 49 följaktligen
1219 1500 191 48 magistrat
1438 1500 13 35 i
1479 1501 81 35 stad
1588 1501 66 35 och
1682 1500 224 47 kronofogde
1935 1503 46 44 på

390 1555 124 35 landet
533 1555 126 35 kunna
687 1555 119 35 utföra
835 1555 103 35 dessa
966 1554 260 47 förrättningar
1249 1558 88 32 utan
1366 1555 169 35 afseende
1556 1555 119 46 derpå,
1697 1554 183 38 huruvida
1894 1554 86 36 kon-

390 1609 234 34 trahenterna
665 1608 146 36 tillhöra
854 1609 69 34 den
961 1621 67 22 ena
1069 1608 86 35 eller
1196 1609 112 34 andra
1332 1608 295 48 jurisdiktionen.
1687 1608 227 47 Giltigheten
1945 1608 40 35 af

391 1662 242 47 äktenskapet
661 1662 119 35 skulle
808 1663 86 34 bero
923 1663 127 34 endast
1078 1663 119 46 derpå,
1227 1665 52 32 att
1307 1662 61 35 det
1391 1674 84 23 vore
1494 1662 173 47 ingånget
1681 1662 97 35 inför
1790 1661 191 47 magistrat

390 1716 13 34 i
431 1718 119 44 någon
578 1716 80 35 stad
686 1716 87 35 eller
801 1716 96 35 inför
925 1716 223 46 kronofogde
1175 1716 240 46 någonstädes
1443 1718 46 44 på
1503 1716 133 44 landet,
1651 1716 200 35 oberoende
1867 1716 112 46 deraf,

389 1770 183 36 huruvida
600 1770 310 35 kontrahenterna
938 1770 12 35 i
979 1769 283 37 administrativt
1290 1770 87 35 eller
1405 1769 167 48 kyrkligt
1590 1770 205 35 hänseende
1810 1769 170 36 tillhörde

390 1824 111 35 stads-
531 1824 87 35 eller
645 1824 326 46 landsförsamling.

497 1886 68 35 Om
608 1892 45 29 än
695 1886 79 35 skäl
814 1886 126 36 kunna
967 1887 72 34 tala
1063 1886 55 35 för
1146 1886 324 47 författningarnas
1498 1886 233 47 tillämpning
1758 1885 13 36 1
1801 1886 179 36 öfverens-

388 1940 204 36 stämmelse
620 1941 82 34 med
731 1941 99 35 såväl
858 1941 70 34 den
956 1952 68 23 ena
1052 1952 74 23 som
1155 1940 70 35 den
1254 1941 112 34 andra
1391 1940 39 35 af
1455 1940 103 35 dessa
1585 1940 97 35 olika
1710 1940 144 47 åsigter,
1884 1939 97 37 visar

389 1994 116 36 likväl
533 1995 61 35 det
621 1995 151 35 sålunda
801 1995 161 44 anförda,
994 1997 52 32 att
1073 1997 118 44 någon
1219 1994 165 35 oklarhet
1412 1994 88 35 eller
1527 1994 204 48 otydlighet
1758 1994 223 36 härutinnan

390 2048 205 47 föreligger.
653 2049 83 34 Den
762 2048 363 48 tjensteförrättning,
1155 2060 74 23 som
1259 2049 43 34 de
1317 2048 203 47 borgerliga
1533 2048 303 47 myndigheterna
1849 2048 132 36 bärvid

389 2102 112 35 hafva
525 2105 52 32 att
605 2103 131 44 utföra,
768 2108 39 29 är
836 2102 92 36 dock
955 2106 89 32 utan
1071 2102 130 36 tvifvel
1230 2102 39 35 af
1294 2103 110 34 sådan
1431 2102 80 47 vigt
1539 2102 66 36 och
1633 2102 196 48 betydelse,
1852 2105 53 33 att
1920 2102 61 35 det

389 2155 199 46 ingalunda
625 2156 63 35 bör
724 2169 86 22 vara
847 2156 188 47 likgiltigt,
1062 2156 180 36 huruvida
1271 2156 61 35 det
1360 2156 238 35 öfverlemnas
1627 2156 70 35 den
1721 2169 67 22 ena
1816 2155 163 48 myndig-

388 2209 111 36 heten
528 2213 52 32 att
609 2209 80 37 fritt
716 2210 100 36 tolka
844 2210 264 47 författningen
1136 2212 45 45 på
1209 2212 51 33 ett
1288 2212 72 33 sätt
1387 2210 66 36 och
1482 2210 70 35 den
1580 2210 112 35 andra
1719 2210 260 48 myndigheten

388 2266 54 32 att
469 2263 176 36 likaledes
674 2264 159 46 ensidigt
860 2264 99 35 tolka
988 2265 69 34 den
1085 2266 45 45 på
1158 2267 51 32 ett
1233 2267 120 32 annat.
1396 2264 122 47 Begge
1545 2265 43 34 de
1608 2264 98 35 olika
1724 2264 255 46 tolkningarna

388 2317 42 35 af
472 2317 125 47 lagens
639 2318 74 35 bud
752 2318 125 35 kunna
918 2317 192 48 tydligtvis
1145 2317 81 36 icke
1254 2330 86 23 vara
1368 2317 143 47 rigtiga.
1568 2318 74 35 Det
1676 2330 67 23 ena
1771 2317 208 47 förfarings-
