2208 2685
433 174 19 30 2
897 169 233 43 Laqutskottets
1153 168 169 32 Memorial
1346 167 54 31 Nr
1424 167 52 32 öl.

391 257 58 44 51,
495 256 59 44 53,
586 256 58 44 54,
677 255 161 44 57—60,
871 254 162 44 62—68,
1065 253 58 44 70,
1156 253 58 44 71,
1246 252 58 44 74,
1338 251 57 45 75,
1428 250 162 45 77—80,
1623 249 162 44 82—85,
1819 249 164 44 88—90,

392 310 161 43 92-94,
585 308 189 44 97—130,
806 307 214 44 133—140,
1049 305 213 45 hvaremot,
1284 302 239 37 beträffande
1543 302 46 35 de
1610 300 135 48 öfriga,
1762 301 220 45 kamrarna,

388 364 51 44 på
466 362 79 35 sätt
572 360 72 36 här
672 360 125 36 nedan
827 358 252 45 omförmäles,
1110 359 157 34 stannat
1294 356 13 35 i
1336 355 105 37 olika
1468 354 138 37 beslut.

518 413 89 36 Med
648 412 209 48 anledning
900 411 41 36 af
977 411 101 36 hvad
1121 410 159 36 sålunda
1320 408 249 36 förekommit
1606 407 72 37 och
1705 406 59 36 för
1792 418 190 24 samman-

384 466 208 48 jämkning
621 465 41 36 af
686 466 74 35 den
789 464 282 48 skiljaktighet,
1102 475 80 24 som
1210 462 204 36 förefinnes
1438 461 141 36 mellan
1597 461 227 36 kamrarnas
1842 459 139 46 beslut,

388 519 60 37 får
475 519 194 36 utskottet
697 517 145 49 afgifva
869 518 46 36 de
944 517 154 47 förslag,
1128 528 80 24 som
1236 516 71 36 här
1334 515 126 35 nedan
1489 513 184 49 angifvas.

798 820 71 42 1:0)
900 815 187 43 Förslaget
1117 813 54 35 till
1201 813 57 44 lag
1288 824 54 24 om
1370 811 210 45 aktiebolag.

1146 1004 23 33 3
1193 1004 33 41 8

519 1091 132 35 Denna
679 1087 20 50 $
727 1089 71 36 har
826 1089 41 36 af
890 1090 135 34 Första
1053 1087 224 35 kammaren
1296 1085 193 47 godkänts
1509 1083 244 46 oförändrad,
1773 1083 158 36 hvarem
1941 1084 42 34 ot

391 1144 130 35 Andra
560 1143 226 35 kammaren
827 1141 159 36 beslutit
1027 1140 74 36 den
1142 1138 164 47 ändring
1333 1138 14 35 i
1374 1136 72 49 $:n,
1481 1149 81 24 som
1589 1136 217 47 föreslagits
1829 1135 13 35 i
1871 1147 47 24 en
1946 1134 44 37 af

387 1197 90 34 herr
504 1195 226 46 Lindhagen
757 1207 49 22 m.
835 1194 36 35 fl.
902 1192 167 47 afgifven
1096 1191 250 36 reservation.

518 1247 201 36 Utskottet
746 1245 58 36 får
832 1244 217 46 hemställa,

918 1352 59 33 att
1012 1350 135 34 Första
1174 1347 223 36 kammaren
1425 1347 134 44 måtte,
1588 1345 87 35 med
1702 1343 279 37 frånträdande

789 1402 41 36 af
854 1403 68 34 sitt
949 1401 105 36 förut
1081 1400 149 36 fattade
1257 1399 137 45 beslut,
1415 1398 153 36 biträda
1588 1397 131 35 Andra
1738 1397 245 35 kammarens

787 1455 165 36 berörda
979 1453 138 36 beslut.

1137 1729 45 33 24
1206 1729 34 42 8.

520 1832 136 34 Första
684 1830 223 35 kammaren
935 1829 71 35 har
1034 1829 153 46 antagit
1214 1828 66 35 det
1306 1826 144 47 förslag
1478 1826 61 35 till
1566 1825 141 47 lydelse
1736 1825 42 35 af
1803 1825 124 35 denna
1948 1824 31 46 $,

390 1896 81 24 som
498 1882 208 37 innefattas
733 1882 14 35 i
775 1895 47 23 en
849 1881 42 36 af
914 1882 90 35 herr
1031 1881 169 46 Trygger
1226 1892 50 23 m.
1305 1879 36 36 8.
1371 1878 168 47 afgifven
1558 1877 248 36 reservation.
1849 1877 133 35 Andra

390 1936 225 35 kammaren
642 1936 71 34 har
740 1937 84 33 åter
851 1934 176 47 godkänt
1054 1933 212 35 utskottets
1295 1931 155 47 förslag.

520 1988 202 36 Utskottet
749 1987 71 35 har
847 1988 138 42 ansett,
1015 1987 60 34 att
1103 1985 224 35 kamrarnas
1354 1983 164 36 berörda
1545 1982 128 35 beslut
1703 1981 92 36 böra
1824 1983 40 33 så
1883 1993 98 23 sam-

391 2040 251 47 manjämkas,
684 2042 59 33 att
783 2040 130 34 Andra
952 2038 225 35 kammaren
1209 2036 172 36 biträder
1409 2036 134 35 Första
1572 2034 241 35 kammarens
1841 2033 138 36 beslut.

519 2093 57 34 Då
617 2092 195 35 utskottet
852 2093 138 43 ansett,
1033 2092 60 33 att
1135 2091 46 33 25
1215 2088 19 46 $
1261 2089 14 34 i
1303 2089 65 34 det
1395 2087 133 47 kungl.
1557 2086 194 46 förslaget,
1781 2085 160 36 hvilken
1969 2085 13 34 i

390 2145 214 36 utskottets
645 2144 105 36 förut
791 2143 145 47 afgifna
976 2142 201 36 utlåtande
1218 2140 207 46 uteslutits,
1455 2140 72 35 bör
1554 2138 88 36 med
1669 2138 126 35 nedan
1824 2137 158 47 angifna

389 2197 142 47 lydelse
563 2200 99 43 ånyo
694 2196 135 47 inflyta
857 2196 13 35 i
897 2195 195 47 förslaget,
1135 2197 100 32 samt
1277 2193 112 36 alltså
1430 2192 73 35 den
1530 2191 13 36 i
1571 2191 213 36 utskottets
1813 2190 169 35 nämnda

389 2250 202 35 utlåtande
618 2249 187 47 vidtagna
831 2248 240 47 uppdelning
1099 2246 41 36 af
1165 2249 47 32 24
1241 2246 18 46 $
1287 2246 13 34 i
1329 2246 64 34 det
1420 2244 133 46 kungl.
1582 2243 186 47 förslaget
1798 2242 31 47 ej
1850 2242 133 36 vidare

389 2302 76 36 blir
494 2301 235 47 erforderlig,
758 2300 222 36 hemställer
1008 2299 205 46 utskottet,
