1894 2839
284 196 19 30 6
620 193 284 30 Statsutskottets
929 193 179 31 utlåtande
1133 203 43 20 nr
1202 194 62 30 102
1288 194 39 30 år
1353 194 82 30 1967

282 274 94 31 inom
398 274 450 41 försvarsdepartementets
869 275 385 31 verksamhetsområde
1277 276 145 30 föreslås
1444 277 102 29 alltså
1568 277 121 39 anslag
1711 286 56 20 om

285 329 231 37 sammanlagt
534 329 17 30 5
567 330 62 29 044
644 329 61 30 350
719 330 62 29 000
799 329 51 30 kr.
869 330 125 29 Utöver
1012 330 113 30 denna
1144 330 200 37 utgiftsram
1363 331 171 29 beräknas
1555 331 34 29 få
1608 331 158 37 dispone-

284 393 56 20 ras
358 383 72 30 dels
446 384 92 29 vissa
557 384 345 29 reservationsmedel
919 384 43 37 på
981 384 268 37 driftbudgeten,
1270 385 73 29 dels
1360 386 93 29 vissa
1471 385 221 37 outnyttjade
1711 386 55 29 be-

285 438 79 36 lopp
379 438 42 37 på
435 438 317 37 kapitalbudgeten.

326 492 135 39 Frågan
486 501 56 21 om
568 492 189 30 försvarets
784 492 217 40 utformning
1025 493 64 30 och
1114 493 41 30 de
1181 494 167 29 framtida
1373 494 394 30 försvarskostnaderna

283 547 37 29 är
341 555 74 21 som
436 547 141 29 nämnts
599 546 146 30 föremål
768 547 53 29 för
843 547 196 39 utredning.
1062 548 121 29 Såsom
1205 548 204 30 förutsattes
1431 558 41 20 av
1497 549 81 29 1963
1601 549 56 29 års
1679 549 88 29 riks-

282 600 65 40 dag
370 601 61 29 bör
456 601 273 30 statsmakterna
753 601 56 30 vid
835 602 59 29 sitt
919 601 334 40 ställningstagande
1277 603 52 29 till
1355 603 411 29 försvarskostnadernas

281 656 130 28 storlek
441 655 87 29 efter
559 656 174 38 utgången
764 665 41 20 av
835 656 303 39 fyraårsperioden
1169 666 82 20 vara
1281 657 72 29 helt
1384 657 174 30 obundna.
1590 658 176 29 Utskottet

281 718 101 20 anser
398 709 50 39 sig
462 709 119 30 därför
595 710 70 29 inte
680 719 46 20 nu
741 710 84 29 böra
839 711 81 38 göra
935 710 104 39 något
1053 711 180 29 uttalande
1247 711 10 29 i
1271 711 114 30 denna
1400 711 107 40 fråga.

327 764 175 30 Utskottet
522 773 101 20 anser
645 764 50 37 sig
715 764 120 30 kunna
855 764 174 37 tillstyrka
1050 766 49 28 att
1120 774 120 21 ramen
1262 765 53 30 för
1337 765 346 38 försvarsutgifterna
1705 775 61 20 un-

283 818 60 30 der
368 818 99 29 nästa
492 818 167 37 budgetår
684 818 172 30 beräknas
881 819 11 29 i
915 819 150 37 enlighet
1091 820 79 28 med
1196 820 402 36 departementschefens
1626 820 139 37 förslag.

283 872 74 27 Den
380 872 261 35 sammanlagda
664 872 174 35 ökningen
861 882 42 19 av
924 873 165 35 anslagen
1111 873 146 35 jämfört
1280 874 77 28 med
1382 874 188 28 riksstaten
1594 874 54 29 för
1670 875 95 28 inne-

282 924 152 30 varande
451 924 168 37 budgetår
639 924 130 38 uppgår
786 924 52 30 till
857 925 95 34 229,4
970 925 87 37 milj.
1076 925 51 30 kr.
1146 925 82 30 eller
1245 935 40 20 ca
1303 926 50 35 4,6
1372 927 46 33 2.
1438 926 65 29 Om
1522 935 82 21 man
1622 927 144 29 beaktar

283 979 66 29 den
373 989 42 19 av
438 979 186 36 riksdagen
647 979 178 30 beslutade
850 979 247 37 minskningen
1121 990 42 19 av
1187 981 411 37 medelsförbrukningen
1623 981 78 29 med
1726 991 40 20 ca

283 1032 61 30 390
372 1032 87 37 milj.
486 1032 51 30 kr.
565 1033 109 29 under
700 1033 203 36 budgetåret
932 1034 137 30 1966/67
1098 1034 144 29 innebär
1269 1035 165 36 förslaget
1461 1044 42 20 en
1530 1035 130 36 ökning
1687 1035 78 29 med

283 1087 96 34 379,4
394 1087 87 36 milj.
496 1087 51 29 kr.

323 1141 79 29 Med
427 1141 136 40 hänsyn
589 1141 51 29 till
666 1141 312 30 försvarseffekten
1003 1143 64 29 och
1093 1143 53 29 för
1172 1145 50 27 att
1248 1143 198 30 underlätta
1472 1144 216 38 övergången
1714 1144 51 28 till

281 1195 65 29 den
371 1204 68 30 nya
462 1195 230 38 utgiftsnivån
717 1195 62 30 har
804 1196 40 29 de
869 1196 197 39 föreslagna
1090 1197 325 39 materielanslagen
1439 1198 188 29 beräknats
1654 1198 37 29 så
1717 1199 49 28 att

281 1248 40 30 de
345 1250 101 37 utgör
470 1249 109 29 större
604 1249 100 29 andel
729 1259 41 19 av
794 1250 246 38 utgiftsramen
1066 1251 43 28 än
1134 1251 244 29 motsvarande
1403 1252 122 38 anslag
1548 1252 54 28 för
1627 1252 139 29 inneva-

280 1303 108 29 rande
409 1303 178 39 budgetår.
610 1303 155 29 Andelen
787 1303 64 30 har
871 1304 188 30 beräknats
1080 1305 51 29 till
1155 1314 38 20 ca
1215 1305 72 34 37,7
1308 1306 30 33 20
1365 1307 73 28 mot
1459 1315 39 20 ca
1520 1305 72 35 36,3
1613 1306 30 34 2
1671 1306 95 29 inne-

279 1357 153 28 varande
453 1357 178 38 budgetår.
655 1358 124 37 Kungl.
802 1358 123 38 Maj:ts
948 1358 130 38 förslag
1100 1359 144 29 innebär
1267 1361 50 28 att
1340 1359 41 29 de
1403 1361 51 27 tre
1479 1362 93 27 stora
1595 1360 171 29 materiel-

280 1411 165 38 anslagen
463 1410 89 29 skall
569 1410 84 30 ökas
670 1410 79 30 från
767 1411 232 40 sammanlagt
1016 1421 39 20 ca
1074 1412 92 30 1790
1183 1412 87 40 milj.
1288 1413 51 29 kr.
1357 1413 52 29 till
1427 1422 39 20 ca
1486 1413 92 29 1957
1597 1413 87 40 milj.
1703 1413 61 34 kr.,

283 1473 41 20 en
339 1464 130 36 ökning
483 1464 77 29 med
577 1464 128 30 inemot
723 1465 60 29 168
798 1465 88 36 milj.
900 1465 52 29 kr.

324 1521 124 39 Kungl.
483 1521 123 39 Maj:ts
641 1521 130 39 förslag
804 1522 145 28 innebär
982 1524 50 27 att
1065 1522 434 38 materielanskaffningen
1537 1521 138 31 1967/68
1712 1521 53 29 får

280 1575 107 29 minst
410 1575 71 29 lika
505 1576 71 28 stor
599 1575 213 39 omfattning
835 1584 75 20 som
933 1575 112 29 under
1067 1576 235 29 innevarande
1325 1575 179 39 budgetår.
1529 1576 113 38 Några
1667 1575 98 29 avbe-

280 1629 205 38 ställningar
509 1638 97 20 avses
631 1629 70 29 inte
726 1629 70 29 ske.
821 1629 303 39 Nybeställningar
1148 1629 70 29 kan
1243 1630 99 38 göras
1367 1629 10 29 i
1402 1629 75 30 icke
1501 1630 100 37 ringa
1625 1629 140 29 omfatt-

279 1683 93 39 ning.
401 1683 109 29 Bland
540 1683 174 39 förslagen
742 1683 52 29 till
823 1683 256 40 nybeställning
1107 1683 119 30 märks
1256 1683 229 39 anskaffning
1514 1693 41 19 av
1582 1692 44 20 en
1655 1683 110 29 första

280 1737 88 28 serie
382 1736 156 40 flygplan
553 1736 39 29 37
609 1748 14 16 »
629 1737 162 38 Viggen».

323 1791 71 29 Mot
422 1791 184 38 bakgrund
635 1800 41 20 av
704 1791 55 29 det
788 1791 148 29 anförda
964 1791 191 39 tillstyrker
1184 1791 170 30 utskottet
1383 1793 50 27 att
1463 1791 232 39 förbrukning
1724 1800 42 20 av

279 1844 346 29 reservationsmedel
650 1844 44 39 på
719 1844 260 39 driftbudgeten
1004 1845 64 29 och
1092 1845 222 39 outnyttjade
1339 1845 112 29 medel
1476 1845 44 39 på
1546 1845 219 39 kapitalbud-

280 1900 99 36 geten
402 1898 79 29 sker
501 1898 125 29 endast
649 1898 11 29 i
681 1898 67 29 den
770 1898 244 39 utsträckning
1037 1908 74 20 som
1135 1899 384 39 departementschefen
1543 1899 140 39 angivit.
1707 1899 58 29 Ut-

280 1952 129 29 skottet
428 1952 63 29 har
511 1952 29 39 ej
563 1952 107 29 heller
689 1953 11 28 i
719 1952 109 39 övrigt
848 1952 113 39 någon
981 1953 139 29 erinran
1140 1955 71 27 mot
1231 1953 66 29 vad
1317 1953 124 39 Kungl.
1462 1953 104 39 Maj:t
1587 1953 178 39 föreslagit

278 2006 149 29 rörande
440 2006 281 39 ramberäkning.

322 2060 67 28 För
412 2060 225 38 planeringen
661 2069 41 19 av
724 2060 517 38 anskaffningsverksamheten
1264 2061 63 28 har
1351 2061 196 38 föreslagits
1571 2070 116 20 ramar
1711 2061 53 29 för

277 2113 326 38 materielanslagen
625 2113 111 29 under
756 2114 213 38 budgetåren
994 2114 338 31 1967/68—1973/74.
1355 2114 130 29 Genom
1508 2116 50 28 att
1580 2115 184 38 godkänna

279 2167 101 30 dessa
398 2176 117 20 ramar
535 2167 190 39 föregripes
745 2167 75 29 icke
839 2167 211 30 kommande
1069 2167 114 30 beslut
1203 2177 56 20 om
1280 2168 412 30 försvarskostnadernas
1712 2170 52 27 ut-

277 2221 169 39 veckling.
464 2221 175 29 Ramarna
655 2221 89 29 skall
760 2221 122 29 enbart
897 2221 99 39 tjäna
1011 2221 51 29 till
1080 2221 139 39 ledning
1236 2222 54 29 för
1306 2222 226 39 planeringen
1549 2231 41 20 av
1607 2222 156 29 anskaff-

278 2274 382 39 ningsverksamheten.
690 2274 58 29 Att
777 2284 164 20 ramarna
970 2284 98 20 avser
1096 2275 49 29 tid
1176 2275 87 29 efter
1293 2275 56 29 det
1378 2276 155 29 aktuella
1561 2276 202 38 budgetåret

278 2328 145 30 innebär
446 2328 103 39 ingen
573 2328 116 39 nyhet.
713 2328 175 30 Utskottet
913 2328 115 29 finner
1051 2328 70 30 inte
1145 2329 189 39 anledning
1357 2330 50 28 att
1431 2330 166 29 motsätta
1622 2330 50 38 sig
1695 2330 68 29 för-

280 2382 118 39 slagen
411 2383 50 28 att
475 2382 186 38 godkänna
674 2390 117 21 ramar
805 2381 54 30 för
873 2381 181 40 planering
1069 2392 42 19 av
1124 2382 444 40 materielanskaffningen.

322 2436 51 29 Av
388 2436 56 29 det
459 2436 149 29 anförda
622 2436 104 39 följer
741 2437 50 28 att
806 2436 170 29 utskottet
992 2436 181 40 avstyrker
1189 2437 218 29 motionerna
1425 2437 27 29 I:
1469 2437 62 29 384
1547 2437 64 29 och
1629 2437 44 29 II:
1689 2437 73 35 480,

279 2489 29 29 I:
325 2490 61 29 485
404 2490 64 29 och
484 2490 45 29 II:
546 2489 72 35 606,
635 2490 29 28 I:
682 2489 59 30 755
758 2489 65 30 och
840 2490 44 28 II:
900 2489 62 30 944
980 2491 89 28 samt
1087 2490 27 29 I:
1131 2490 62 30 807
1210 2490 65 29 och
1292 2490 45 29 II:
1356 2490 91 34 1007,
1466 2491 160 38 samtliga
1643 2491 122 29 motio-

277 2552 62 21 ner
354 2543 103 29 såvitt
472 2552 98 20 avser
583 2543 327 39 ramberäkningen.
