1892 2828
454 178 283 30 Statsutskottets
763 175 178 31 utlåtande
966 184 43 20 nr
1035 174 62 29 102
1121 173 39 30 år
1186 173 82 29 1967
1560 172 42 31 23

162 261 184 31 Utskottet.
364 261 78 30 Med
460 261 140 28 erinran
618 269 57 20 om
691 259 65 29 vad
775 258 169 29 utskottet
961 257 118 29 anfört
1095 256 111 29 under
1224 254 158 40 punkten
1403 253 14 29 1
1436 252 165 30 hemstäl-

117 317 49 29 ler
180 316 180 33 utskottet,

426 370 50 28 att
497 368 187 39 riksdagen
707 366 57 30 må
786 366 52 29 till
860 364 173 30 Marinen:
1058 362 174 40 Övningar
1254 371 105 20 m.m.
1383 361 54 30 för
1459 360 143 40 budget-

381 423 74 29 året
486 421 139 31 1967/68
654 420 119 30 anvisa
801 421 47 28 ett
875 417 355 38 reservationsanslag
1258 425 42 20 av
1327 415 118 30 27950
1460 414 61 30 000
1550 414 52 29 kr.

171 531 94 34 16:0)
290 532 178 30 Marinen:
490 530 208 31 Beklädnad
716 540 47 19 m.
779 540 47 20 m.
848 527 112 29 Sedan
980 525 125 39 Kungl.
1126 524 106 39 Maj:t
1250 524 12 28 i
1281 522 261 41 propositionen
1563 530 41 20 nr

121 585 13 29 1
162 585 129 39 (bilaga
310 585 28 34 6,
359 584 112 40 punkt
492 583 24 30 C
532 583 54 34 15)
611 582 178 39 föreslagit
808 581 187 39 riksdagen
1014 581 59 33 att,
1093 579 12 30 i
1124 578 149 31 avbidan
1292 577 44 40 på
1356 576 151 30 särskild
1527 585 77 30 pro-

118 639 151 38 position
298 639 10 28 i
338 639 126 33 ämnet,
495 637 52 29 till
575 636 173 30 Marinen:
779 634 202 30 Beklädnad
1011 642 103 20 m.m.
1145 632 54 29 för
1227 631 204 39 budgetåret
1464 629 140 32 1967/68

118 692 155 30 beräkna
298 694 48 27 ett
372 690 356 38 reservationsanslag
753 699 41 20 av
821 688 94 30 7800
931 687 61 30 000
1018 687 62 34 kr.,
1106 686 64 30 har
1197 685 124 39 Kungl.
1347 684 106 39 Maj:t
1479 684 12 29 i
1516 684 88 28 före-

119 746 154 29 nämnda
287 745 216 40 proposition
517 754 41 19 nr
575 744 59 29 110
655 743 42 34 (s.
712 743 39 29 53
767 742 64 30 och
846 742 57 34 54)
924 740 178 39 föreslagit
1116 739 187 39 riksdagen
1319 740 50 28 att
1384 738 51 29 till
1451 737 155 30 nämnda

119 799 164 30 ändamål
312 799 54 29 för
395 808 135 20 samma
557 797 169 39 budgetår
754 796 120 30 anvisa
902 797 47 28 ett
978 793 355 39 reservationsanslag
1362 801 41 20 av
1434 791 94 30 7800
1543 790 61 30 000

120 855 52 28 kr.

165 961 165 38 Anslaget
345 961 37 28 är
397 960 54 29 för
465 958 234 30 innevarande
712 956 169 40 budgetår
895 956 143 40 uppfört
1053 955 79 30 med
1147 955 16 29 7
1180 954 61 30 050
1257 954 61 30 000
1332 954 51 29 kr.

166 1067 185 30 Utskottet.
370 1067 77 29 Med
465 1066 139 29 erinran
622 1075 57 20 om
696 1065 65 29 vad
780 1064 169 30 utskottet
966 1063 117 30 anfört
1101 1062 111 29 under
1230 1061 158 40 punkten
1408 1061 14 28 1
1442 1060 164 29 hemstäl-

122 1123 48 28 ler
185 1122 181 33 utskottet,

432 1175 49 28 att
500 1173 187 38 riksdagen
706 1172 57 29 må
781 1171 51 30 till
851 1170 174 29 Marinen:
1045 1168 204 30 Beklädnad
1267 1177 105 20 m.m.
1392 1167 55 30 för
1465 1167 142 39 budget-

388 1228 73 29 året
495 1226 138 31 1967/68
665 1226 120 29 anvisa
816 1227 48 27 ett
893 1223 355 38 reservationsanslag
1280 1232 42 19 av
1353 1221 171 30 7800000
1556 1221 51 28 kr.

177 1340 94 33 17:0)
295 1339 242 39 Anskaffning
554 1350 41 19 av
613 1335 295 42 fartygsmateriel
926 1346 47 19 m.
988 1345 48 19 m.
1057 1331 111 31 Sedan
1189 1330 124 39 Kungl.
1333 1328 105 39 Maj:t
1457 1328 11 29 i
1486 1335 124 32 propo-

125 1394 149 29 sitionen
289 1403 40 19 nr
348 1393 13 29 1
384 1392 130 39 (bilaga
529 1392 28 34 6,
573 1391 112 40 punkt
701 1390 23 29 C
738 1389 57 34 23)
816 1387 177 39 föreslagit
1008 1386 187 38 riksdagen
1212 1386 59 32 att,
1288 1384 11 29 i
1314 1383 149 30 avbidan
1478 1382 44 40 på
1539 1382 70 29 sär-

125 1447 91 30 skild
233 1446 217 41 proposition
467 1446 11 29 i
495 1446 125 33 ämnet,
638 1444 52 29 till
707 1441 238 39 Anskaffning
962 1450 41 20 av
1020 1438 293 41 fartygsmateriel
1331 1447 45 19 m.
1390 1446 44 19 m.
1452 1436 54 29 för
1524 1435 85 29 bud-

124 1501 132 39 getåret
274 1500 140 31 1967/68
430 1499 154 30 beräkna
599 1500 48 27 ett
663 1495 354 38 reservationsanslag
1033 1503 42 20 av
1091 1493 63 29 276
1168 1492 62 30 268
1246 1491 62 30 000
1324 1491 63 33 kr.,
1404 1490 63 30 har
1484 1484 125 48 Kungl.

124 1555 107 39 Maj:t
251 1555 11 29 i
281 1553 232 30 förenämnda
532 1551 216 41 proposition
768 1559 41 19 nr
833 1549 59 30 110
918 1549 42 33 (s.
983 1547 145 33 55—60)
1154 1545 178 39 föreslagit
1352 1544 187 38 riksdagen
1561 1544 49 28 att

125 1609 73 29 dels
218 1608 54 29 för
292 1607 182 40 planering
493 1615 42 21 av
553 1604 229 39 anskaffning
802 1613 41 20 av
863 1600 293 42 fartygsmateriel
1176 1609 44 20 m.
1235 1608 45 20 m.
1302 1598 185 39 godkänna
1507 1597 41 29 de
1569 1605 42 20 av

125 1660 387 41 departementschefen
534 1659 198 38 föreslagna
753 1665 165 22 ramarna
940 1656 54 29 för
1016 1655 121 38 anslag
1159 1653 65 30 och
1246 1646 365 49 medelsförbrukning

125 1716 111 29 under
253 1714 214 39 budgetåren
487 1711 338 34 1967/68—1973/74,
844 1710 72 29 dels
932 1708 209 40 bemyndiga
1158 1707 125 38 Kungl.
1301 1706 105 39 Maj:t
1424 1706 49 29 att
1491 1704 121 39 medge

126 1772 50 27 att
197 1768 250 39 beställningar
470 1776 41 20 av
532 1765 292 40 fartygsmateriel
847 1773 44 20 m.
906 1773 44 19 m.
973 1763 54 29 får
1049 1762 117 38 läggas
1188 1762 38 27 ut
1248 1760 95 29 inom
1364 1768 42 20 en
1429 1758 182 29 kostnads-

126 1832 77 20 ram
225 1832 41 20 av
290 1821 60 30 120
365 1821 63 29 000
443 1820 62 30 000
527 1820 62 34 kr.,
613 1819 72 29 dels
707 1818 65 29 ock
794 1817 51 30 till
868 1815 237 39 Anskaffning
1128 1824 41 20 av
1191 1812 293 41 fartygsmateriel
1507 1821 44 20 m.
1566 1821 45 20 m.

127 1876 55 30 för
203 1875 205 39 budgetåret
432 1873 139 31 1967/68
594 1872 110 30 under
727 1871 114 40 fjärde
863 1869 222 30 huvudtiteln
1107 1868 120 30 anvisa
1250 1869 47 27 ett
1319 1866 294 30 reservationsan-

129 1930 73 39 slag
216 1939 42 20 av
271 1928 63 30 274
349 1928 62 29 668
427 1928 62 29 000
503 1927 51 28 kr.

175 2037 13 28 I
202 2036 95 29 detta
311 2034 255 39 sammanhang
579 2033 64 30 har
657 2033 170 29 utskottet
840 2031 189 30 behandlat

174 2090 73 30 dels
267 2090 58 29 två
344 2088 224 40 likalydande
588 2087 180 33 motioner,
788 2085 125 30 väckta
932 2084 67 30 den
1019 2093 64 20 ena
1102 2083 95 29 inom
1218 2082 110 29 första
1347 2082 205 29 kammaren
1573 2089 42 20 av

128 2145 81 28 herr
234 2144 144 28 Werner
404 2143 45 33 (1:
466 2142 80 33 485)
572 2141 64 29 och
659 2141 66 28 den
746 2139 110 30 andra
876 2139 95 28 inom
992 2137 110 30 andra
1123 2137 205 28 kammaren
1351 2145 41 19 av
1412 2135 81 28 herr
1514 2135 101 28 Jans-

129 2207 63 20 son
213 2197 96 40 m.fl.
335 2197 62 34 (11:
414 2195 94 35 606),
528 2196 12 28 i
557 2195 94 29 vilka
669 2193 207 34 hemställts,
897 2192 102 29 såvitt
1018 2200 47 20 nu
1086 2191 37 29 är
1142 2191 11 29 i
1173 2190 108 38 fråga,
1302 2191 50 28 att
1372 2189 155 38 anslaget
1547 2188 68 29 An-

131 2251 183 38 skaffning
329 2259 42 21 av
384 2247 293 42 fartygsmateriel
691 2257 44 19 m.
750 2256 45 20 m.
810 2246 89 29 skall
912 2245 158 29 minskas
1085 2244 78 29 med
1177 2243 41 30 50
1232 2243 87 39 milj.
1334 2243 62 34 kr.,

175 2305 73 29 dels
268 2305 57 28 två
345 2303 223 40 likalydande
588 2302 181 33 motioner,
789 2300 125 29 väckta
934 2300 66 28 den
1020 2308 64 19 ena
1103 2298 96 29 inom
1219 2297 111 29 första
1349 2297 205 28 kammaren
1575 2305 40 19 av

130 2359 80 30 herr
227 2357 190 42 Holmberg
433 2366 45 20 m.
492 2355 38 40 fl.
554 2355 46 35 (1:
618 2354 77 34 755)
718 2354 65 30 och
801 2354 66 29 den
885 2352 110 31 andra
1012 2352 96 29 inom
1126 2351 110 30 andra
1253 2350 206 30 kammaren
1477 2359 42 20 av
1536 2349 81 29 herr

130 2412 159 30 Bohman
308 2420 46 20 m.
367 2410 39 39 fl.
430 2410 63 34 (II:
508 2408 95 35 944),
623 2409 11 29 i
651 2408 94 30 vilka
762 2406 207 34 hemställts,
989 2405 103 30 såvitt
1111 2414 47 20 nu
1178 2405 37 29 är
1234 2404 11 29 i
1264 2404 107 39 fråga,
1392 2405 50 28 att
1462 2403 155 39 anslaget

132 2465 239 38 Anskaffning
390 2474 42 19 av
451 2461 292 41 fartygsmateriel
763 2471 44 19 m.
822 2470 44 19 m.
887 2460 88 29 skall
995 2460 85 29 ökas
1099 2458 79 30 med
1198 2458 40 29 59
1252 2458 61 29 600
1329 2457 62 30 000
1411 2457 52 29 kr.
1483 2457 64 29 och
1568 2458 50 28 att
