1876 2842
274 126 39 31 12
688 126 111 29 Andra
819 126 223 34 lagutskottets
1062 125 164 29 utlåtande
1247 126 48 28 Nr
1317 130 48 26 51.

324 214 76 33 Med
425 224 39 21 en
491 212 104 33 sådan
620 212 181 38 utredning
827 211 108 33 skulle
963 211 57 33 det
1044 211 263 39 betydelsefulla
1334 212 60 32 och
1419 211 272 33 beaktansvärda
1716 213 61 31 ini-

279 264 99 32 tiativ
400 263 113 32 kunna
537 262 178 39 fullföljas,
740 274 72 20 som
833 265 74 36 togs
931 274 43 21 av
997 262 63 32 den
1082 262 353 32 socialdemokratiska
1459 263 196 38 regeringen
1681 264 96 32 1926.

279 315 103 32 Detta
403 314 80 39 gick
504 325 70 21 som
596 313 123 33 bekant
740 316 40 29 ut
801 313 44 39 på
868 316 50 29 att
940 316 265 35 representanter
1229 313 56 32 för
1307 312 385 39 Landsorganisationen
1717 313 61 33 och

281 364 150 34 Svenska
455 363 428 39 arbetsgivareföreningen
909 363 110 32 skulle
1046 363 136 32 beredas
1210 363 139 32 tillfälle
1376 366 51 29 att
1453 363 223 33 tillsammans
1703 364 75 32 med

279 427 164 27 personer,
464 414 96 33 vilka
580 414 112 32 kunna
714 425 97 21 anses
834 414 52 32 stå
907 414 155 32 neutrala
1083 413 11 32 i
1116 413 110 39 själva
1248 414 304 38 intressefrågorna
1571 414 58 32 vid
1652 414 124 33 arbets-

278 466 196 39 konflikter,
501 465 173 32 diskutera
696 464 199 33 hithörande
920 464 175 39 spörsmål.
1142 464 121 39 Enligt
1289 464 38 32 de
1352 464 156 39 direktiv,
1534 476 69 20 som
1628 466 148 37 angåvos

280 517 53 32 för
372 516 61 32 den
462 516 198 39 delegation,
688 516 37 31 åt
751 515 113 32 vilken
891 515 330 38 utredningsarbetet
1250 515 244 39 anförtroddes,
1525 515 118 40 skulle,
1675 515 102 32 innan

279 578 76 21 man
382 566 52 33 till
459 571 152 27 närmare
637 565 167 39 prövning
827 569 147 35 upptoge
1002 566 122 38 frågan
1150 577 52 20 om
1228 577 70 21 mer
1322 565 81 33 eller
1428 565 129 33 mindre
1583 566 194 38 vittgående

279 617 157 39 åtgärder
455 617 12 31 i
486 617 94 38 syfte
599 620 50 29 att
667 616 190 39 förebygga
876 616 308 39 arbetskonflikter,
1204 620 137 28 utrönas
1361 616 12 31 i
1392 616 66 32 vad
1478 617 77 31 mån
1576 616 201 32 medverkan

278 668 109 32 kunde
404 668 119 32 vinnas
544 668 76 31 från
640 667 38 32 de
696 671 125 34 parter,
840 667 121 32 mellan
979 667 96 32 vilka
1093 666 342 33 arbetskonflikterna
1456 667 112 32 direkt
1586 667 191 38 utkämpas.

279 718 298 39 Undersökningen
598 717 108 33 skulle
726 717 103 33 bland
850 721 102 29 annat
972 722 84 28 även
1078 729 75 20 avse
1175 717 134 39 frågan,
1330 717 168 32 huruvida
1517 717 114 38 lagens
1655 717 122 38 stadga

276 769 59 32 bör
368 769 95 38 givas
498 770 37 31 åt
568 769 60 31 den
653 768 154 32 faktiska
831 768 239 38 rättsordning,
1095 779 67 21 som
1186 768 106 31 under
1314 767 145 32 tidernas
1486 768 78 38 lopp
1587 767 98 32 vuxit
1707 779 70 27 upp

279 831 117 27 genom
433 819 194 33 arbetarnas
665 819 61 32 och
764 819 271 38 arbetsgivarnas
1063 818 196 38 förenings-,
1289 817 248 39 förhandlings-
1566 818 60 32 och
1652 818 124 32 avtals-

278 870 153 32 väsende.
480 870 18 32 I
525 869 160 33 samband
709 869 136 32 därmed
871 869 109 32 skulle
1004 869 122 38 frågan
1152 880 52 21 om
1230 868 184 38 förenings-
1441 868 60 32 och
1528 868 248 38 förhandlings-

279 924 125 29 rättens
425 920 218 39 lagfästande
661 923 171 36 upptagas
854 920 52 32 till
925 919 215 40 behandling,
1159 919 122 33 varvid
1301 919 130 38 hänsyn
1451 919 102 33 borde
1574 922 97 35 tagas
1693 923 84 28 även

278 971 55 32 till
352 971 125 32 sådana
495 971 315 38 löntagargrupper,
830 970 109 33 vilkas
960 970 184 32 kollektiva
1166 969 307 39 förhandlingsrätt
1494 974 89 27 ännu
1602 969 74 32 icke
1696 981 81 20 vun-

279 1022 51 32 nit
347 1022 99 32 hävd.

323 1072 120 38 Enligt
467 1072 69 31 min
561 1072 132 38 mening
717 1071 60 32 bör
803 1072 11 31 i
839 1071 100 39 fråga
964 1083 52 20 om
1042 1071 156 38 åtgärder
1224 1074 52 29 att
1302 1071 123 38 främja
1451 1070 231 32 arbetsfreden
1708 1073 70 29 stor

279 1123 75 32 vikt
379 1122 119 39 läggas
524 1122 59 32 vid
609 1134 39 20 en
673 1122 250 38 undersökning
948 1122 12 31 i
987 1122 93 38 syfte
1108 1125 50 29 att
1184 1122 37 31 få
1245 1125 123 37 utrönt,
1395 1121 169 32 huruvida
1588 1121 60 32 och
1674 1121 12 31 i
1710 1120 67 32 vad

278 1173 77 32 mån
380 1173 284 38 förutsättningar
689 1173 115 32 finnas
831 1173 52 32 för
909 1172 295 32 åstadkommande
1232 1184 43 20 av
1301 1171 334 33 överenskommelser
1663 1171 114 32 därom

278 1223 121 33 mellan
422 1223 271 39 arbetsgivarnas
718 1223 62 32 och
803 1223 194 32 arbetarnas
1022 1223 276 38 organisationer.
1345 1222 259 38 Möjligheterna
1627 1221 150 32 härutin-

278 1286 67 20 nan
367 1278 57 29 äro
445 1274 71 33 helt
537 1274 87 32 visst
645 1274 73 32 icke
741 1278 89 28 ännu
853 1274 42 38 på
917 1274 98 38 långt
1037 1278 60 27 när
1120 1273 205 38 utnyttjade.
1371 1273 66 32 Det
1460 1272 94 33 torde
1577 1272 104 32 heller
1703 1271 74 32 icke

275 1337 81 20 vara
376 1324 153 39 omöjligt
548 1328 51 28 att
621 1324 104 38 skapa
746 1336 70 26 nya
836 1324 157 31 sådana.»

841 1440 37 33 2.
922 1439 299 34 Reservation

320 1531 41 20 av
379 1519 115 31 herrar
512 1518 158 39 Norman,
689 1516 179 40 Forslund,
888 1516 145 33 Olovson
1052 1516 12 31 i
1083 1516 172 39 Västerås,
1275 1516 157 32 Hansson
1450 1515 13 32 i
1483 1514 214 33 Trollhättan
1717 1514 61 33 och

275 1570 167 38 Lindberg
463 1569 12 31 i
496 1568 202 38 Stockholm,
720 1579 70 20 som
811 1566 126 34 anfört:

320 1642 16 16 »
342 1628 134 33 Hittills
500 1627 119 39 gjorda
641 1626 253 38 överväganden
919 1625 140 33 rörande
1082 1625 221 38 lagstiftning
1324 1625 43 38 på
1390 1624 302 38 föreningsrättens
1718 1623 61 33 och

276 1679 239 32 arbetsrättens
542 1678 131 32 område
701 1677 11 32 i
742 1677 94 38 syfte
862 1680 50 28 att
940 1676 127 38 främja
1091 1675 231 33 arbetsfreden
1347 1675 93 32 torde
1468 1674 114 32 kunna
1610 1685 96 21 anses
1735 1674 44 31 ha

274 1730 99 38 visat,
392 1732 49 29 att
458 1741 40 20 en
514 1728 221 38 lagstiftning
752 1728 44 37 på
812 1727 139 32 berörda
969 1726 133 32 område
1118 1726 72 32 icke
1208 1725 68 32 kan
1293 1725 130 32 komma
1440 1728 51 28 att
1509 1724 37 33 få
1565 1724 121 33 önskat
1704 1724 75 32 stöd

275 1779 81 33 eller
379 1780 102 31 vinna
505 1778 189 33 förtroende
718 1777 104 33 bland
847 1777 38 32 de
908 1776 376 39 befolkningsgrupper,
1312 1787 66 20 som
1405 1774 140 33 särskilt
1569 1774 132 32 komma
1728 1777 51 29 att

274 1830 133 32 beröras
427 1842 42 20 av
489 1829 200 38 densamma,
713 1840 53 20 om
787 1828 53 32 till
863 1827 109 38 grund
996 1827 53 31 för
1069 1825 357 40 lagstiftningskravet
1448 1825 121 38 läggas
1594 1824 183 33 framställ-

275 1881 129 38 ningar,
428 1891 69 21 som
519 1884 57 28 äro
599 1879 90 32 klart
711 1877 162 40 präglade
896 1889 41 20 av
961 1877 127 32 önskan
1111 1880 51 28 att
1184 1876 105 38 lägga
1312 1875 115 32 hinder
1450 1876 12 31 i
1485 1880 109 33 vägen
1618 1875 53 32 för
1695 1879 84 27 även

276 1931 82 32 fullt
388 1930 102 38 lojala
521 1930 61 32 och
613 1928 338 38 samhällsgagnande
985 1926 386 39 föreningssträvanden.
1424 1925 51 33 De
1506 1925 169 38 motioner,
1709 1936 69 21 som

275 1981 91 38 legat
389 1980 54 32 till
465 1980 110 38 grund
598 1980 52 31 för
672 1978 183 33 utskottets
879 1977 210 40 hemställan,
1113 1977 95 38 syfta
1232 1976 184 33 emellertid
1438 1976 12 31 i
1471 1975 190 38 väsentliga
1686 1974 93 32 delar

275 2031 54 32 till
348 2042 39 20 en
406 2030 230 39 lagstiftning,
656 2041 69 20 som
744 2028 266 39 uppenbarligen
1031 2027 106 33 skulle
1156 2027 160 32 innebära
1336 2026 72 32 icke
1426 2026 179 38 behövliga
1624 2025 61 33 och
1704 2024 74 32 icke

275 2081 103 32 heller
401 2080 191 33 önskvärda
615 2079 284 38 inskränkningar
923 2079 13 31 i
960 2077 332 39 föreningsfriheten.
1337 2076 48 33 På
1410 2076 110 39 grund
1545 2076 106 32 härav
1674 2075 43 32 ha
1743 2075 36 31 vi

275 2131 73 32 icke
372 2131 128 32 kunnat
523 2130 135 33 biträda
679 2129 183 33 utskottets
888 2129 201 32 hemställan
1113 2128 60 32 och
1201 2128 37 32 få
1266 2127 114 33 därför
1404 2126 189 40 hemställa,

628 2209 50 29 att
702 2205 220 32 förevarande
945 2205 171 38 motioner,
1140 2204 32 31 I:
1189 2204 73 37 148,
1288 2203 33 32 I:
1337 2203 70 38 149,
1433 2203 34 31 I:
1482 2203 73 38 154,
1581 2202 109 32 I:241
1718 2200 61 33 och

585 2257 32 31 1:
639 2257 53 31 242
717 2261 156 27 ävensom
896 2254 53 33 II:
965 2256 73 37 287,
1064 2255 52 31 IT:
1131 2255 73 37 289,
1229 2254 54 31 IT:
1298 2254 72 37 340,
1395 2253 131 32 IT:496
1550 2252 60 33 och
1634 2252 143 37 IT:497,

584 2306 72 32 icke
679 2307 104 31 måtte
805 2305 174 32 föranleda
1002 2306 108 37 någon
1134 2304 199 38 riksdagens
1356 2303 153 38 åtgärd.»

435 2463 179 30 Stockholm
635 2465 85 27 1934.
764 2462 117 35 Kungl.
905 2463 249 34 Boktryckeriet,
1176 2461 34 30 P.
1233 2462 37 28 A.
1292 2461 150 29 Norstedt
1463 2460 22 29 &
1509 2456 107 33 Söner.

976 2517 98 20 341559
