1900 2833
273 169 21 30 4
648 161 286 32 Statsutskottets
950 158 178 31 utlåtande
1142 167 42 21 nr
1200 157 39 30 78
1253 157 40 30 år
1308 156 84 31 1970

953 517 51 36 Nr
1032 517 50 35 78

499 626 185 31 Utlåtande
713 625 10 29 i
749 623 189 40 anledning
965 632 42 20 av
1034 622 126 39 Kungl.
1188 620 124 40 Maj:ts
1340 618 216 41 proposition
1585 615 178 42 angående

721 678 143 40 utgifter
877 677 45 41 på
937 677 208 39 tilläggsstat
1158 676 48 28 III
1221 675 52 29 till
1286 674 189 29 riksstaten
1491 672 56 40 för
1561 671 203 39 budgetåret

722 732 150 36 1969/70
894 732 11 29 i
926 731 65 30 vad
1011 739 100 21 avser
1132 727 512 41 utbildningsdepartementets
1668 725 96 30 verk-

721 785 310 33 samhetsområde.

1576 835 77 34 (2:a
1667 834 93 34 avd.)

772 1110 498 39 DRIFTBUDCETEN

801 1222 171 43 Åttonde
992 1227 248 36 huvudtiteln

327 1340 26 28 1.
379 1336 354 38 Sjöbefälsskolorna:
753 1333 205 35 Utrustning
974 1342 43 20 m.
1035 1342 43 19 m.
1096 1332 176 30 Utskottet
1290 1330 193 39 tillstyrker
1501 1329 124 38 Kungl.
1644 1328 124 39 Maj:ts

281 1394 11 29 i
305 1392 264 41 propositionen
582 1399 42 21 nr
640 1389 71 35 105,
725 1389 115 38 bilaga
853 1387 30 35 4,
899 1396 25 21 s.
941 1386 137 34 13-—14,
1094 1385 197 39 framlagda
1304 1384 131 39 förslag
1455 1383 142 38 (utdrag
1611 1391 42 20 av
1668 1383 101 28 stats-

282 1445 293 41 rådsprotokollet
589 1444 81 30 över
685 1441 372 40 utbildningsärenden
1071 1440 55 29 för
1141 1439 67 30 den
1223 1439 18 29 6
1256 1447 94 20 mars
1368 1437 100 34 1970)
1488 1436 64 30 och
1566 1436 203 29 hemställer

647 1499 50 28 att
715 1496 188 39 riksdagen
920 1495 53 29 till
991 1493 359 40 Sjöbefälsskolorna:
1371 1490 207 38 Utrustning
1596 1499 45 20 m.
1661 1498 45 20 m.
1725 1489 45 39 på

602 1552 210 38 tilläggsstat
828 1550 46 29 III
891 1549 54 29 till
961 1548 190 29 riksstaten
1169 1547 54 29 för
1239 1545 205 40 budgetåret
1463 1544 149 35 1969/70
1630 1543 139 30 anvisar

604 1607 48 28 ett
666 1603 356 38 reservationsanslag
1036 1611 42 20 av
1093 1601 15 30 1
1124 1600 64 31 494
1202 1600 63 30 000
1279 1601 52 29 kr.

328 1734 28 28 2.
382 1733 104 29 Extra
503 1731 141 35 utgifter
661 1730 57 29 vid
736 1728 201 31 universitet
954 1728 64 29 och
1036 1726 196 35 högskolor.
1250 1725 173 30 Utskottet
1439 1724 191 36 tillstyrker
1647 1722 123 37 Kungl.

286 1787 123 40 Maj:ts
423 1786 131 39 förslag
574 1784 130 40 (punkt
719 1784 28 34 2,
763 1792 25 20 s.
805 1781 145 34 14—15)
969 1780 65 31 och
1047 1780 202 30 hemställer

649 1839 50 28 att
720 1836 189 39 riksdagen
929 1835 53 29 till
1003 1835 107 28 Extra
1134 1833 143 39 utgifter
1300 1832 56 29 vid
1378 1831 204 29 universitet
1604 1830 64 30 och
1690 1829 82 39 hög-

605 1891 119 29 skolor
740 1890 46 40 på
802 1890 209 38 tilläggsstat
1028 1888 46 29 III
1092 1888 53 29 till
1162 1887 191 29 riksstaten
1370 1886 55 29 för
1442 1884 205 40 budgetåret
1667 1883 105 36 1969/

608 1945 39 30 70
662 1945 139 30 anvisar
816 1945 47 28 ett
877 1941 356 39 reservationsanslag
1247 1950 43 20 av
1302 1939 63 31 450
1380 1939 62 30 000
1457 1939 52 29 kr.

331 2075 28 28 3.
384 2072 200 35 Ersättning
597 2071 54 30 till
666 2070 128 30 Malmö
810 2069 76 30 stad
902 2069 12 29 i
928 2067 167 31 samband
1112 2067 76 29 med
1205 2065 493 35 lärarutbildningsreformen.
1715 2063 57 30 Ut-

288 2129 129 28 skottet
433 2126 194 39 tillstyrker
643 2124 126 39 Kungl.
787 2123 124 36 Maj:ts
929 2122 131 39 förslag
1081 2121 131 39 (punkt
1229 2120 29 34 3,
1277 2129 25 20 s.
1322 2118 145 34 15—16)
1490 2118 65 30 och
1571 2118 201 29 hemställer

652 2180 50 28 att
725 2177 188 39 riksdagen
935 2176 53 29 till
1010 2174 206 39 Ersättning
1240 2173 53 29 till
1313 2172 131 30 Malmö
1467 2172 79 29 stad
1570 2171 11 29 i
1603 2170 171 30 samband

607 2231 81 31 med
705 2228 488 40 lärarutbildningsreformen
1210 2227 45 41 på
1271 2227 209 39 tilläggsstat
1497 2226 46 29 III
1561 2225 52 30 till
1629 2225 145 29 rikssta-

607 2288 59 28 ten
688 2286 54 29 för
763 2284 205 40 budgetåret
992 2282 149 35 1969/70
1163 2281 140 31 anvisar
1326 2282 47 28 ett
1395 2281 121 38 anslag
1538 2289 41 20 av
1603 2279 93 30 1500
1711 2278 63 30 000

608 2341 53 29 kr.
