2214 2588
414 156 19 30 6
827 158 345 33 Jordbruksutskottets
1195 158 162 33 utlåtande
1379 159 53 32 Nr
1455 162 50 31 57.

497 235 397 50 Premieringsnämnd
935 240 60 34 må
1036 238 108 47 dock,
1178 239 125 36 därest
1331 238 398 51 lantbruksstyrelsen,
1758 244 48 46 på
1834 242 128 37 därom

370 300 46 22 av
458 286 473 52 hushållningssällskapet
971 290 112 48 gjord
1126 290 288 49 framställning,
1452 292 136 36 sådant
1624 292 195 49 medgivit,
1857 294 107 36 bestå

370 351 47 23 av
458 339 132 36 endast
630 342 64 33 två
736 345 88 32 utav
866 341 223 50 sällskapets
1132 342 398 49 förvaltningsutskott
1567 344 58 36 för
1661 344 84 37 hela
1774 345 190 37 distriktet

369 390 158 37 utsedda
554 404 193 36 personer,
776 392 116 37 därav
921 406 45 23 en
996 394 227 37 ordförande
1251 416 47 4 —
1327 416 49 5 —
1404 417 50 4 —
1482 408 86 23 —.»

499 442 128 37 Under
668 443 146 37 erinran
857 445 129 36 härom
1028 445 69 37 har
1139 446 233 37 motionären
1408 447 215 48 framhållit,
1653 447 179 38 hurusom
1861 462 101 24 rese-

370 494 256 37 kostnaderna
667 495 58 37 för
765 496 293 49 ifrågavarande
1099 498 231 49 premiering
1370 499 101 36 inom
1513 499 101 37 vissa
1655 500 62 36 län
1758 501 153 36 särskilt
1952 501 11 36 i

370 545 217 49 Göteborgs
630 547 67 36 och
739 548 128 37 Bohus
909 549 62 36 län
1008 549 109 49 stigit
1145 550 56 35 till
1229 554 77 32 rätt
1334 551 206 36 avsevärda
1568 552 147 49 belopp.
1771 553 75 36 För
1874 552 90 37 ned-

369 597 212 50 bringande
618 612 47 23 av
694 599 108 37 dessa
830 600 204 37 kostnader
1062 606 130 44 syntes
1220 602 62 36 det
1311 602 236 37 motionären
1576 604 191 48 önskvärt,
1797 610 53 31 att
1878 605 12 35 i
1919 604 45 37 de

370 650 64 36 fall
471 650 46 36 då
555 650 384 51 lantbruksstyrelsen
968 653 196 49 medgivit,
1195 659 55 31 att
1277 654 231 49 premiering
1535 655 103 49 finge
1665 655 223 37 verkställas
1917 669 47 22 av

369 701 254 38 ordföranden
643 703 67 36 och
731 717 46 23 en
793 704 174 48 ledamot,
984 705 122 36 denne
1121 718 132 24 senare
1268 706 82 36 icke
1365 705 172 38 behövde
1552 720 90 23 vara
1657 707 133 36 utsedd
1807 707 57 36 för
1880 707 84 36 hela

369 754 451 50 premieringsdistriktet,
849 761 90 31 utan
959 756 127 37 kunde
1105 763 101 31 utses
1226 757 101 36 inom
1348 758 103 48 varje
1471 758 492 51 hushållningssällskapets

369 805 321 50 kretsavdelning.
738 807 58 36 En
824 808 165 36 ledamot
1016 808 12 36 i
1048 809 444 49 premieringsnämnden
1512 810 134 36 utsedd
1667 811 57 35 för
1743 815 54 32 ett
1816 811 147 36 mindre

369 857 149 37 område
546 858 126 37 kunde
701 859 191 49 nämligen
921 860 119 48 enligt
1068 861 255 37 motionärens
1352 862 155 48 mening
1534 862 126 36 utföra
1680 863 142 36 arbetet
1840 863 124 48 ifråga

370 910 57 35 för
455 914 54 32 ett
538 909 190 51 betydligt
756 911 145 37 mindre
929 912 137 37 arvode
1095 918 46 31 än
1171 913 72 36 den
1271 926 81 24 som
1381 913 95 37 hade
1505 919 55 31 att
1584 914 202 36 verkställa
1805 915 159 48 premie-

369 961 86 48 ring
491 961 59 36 för
578 967 54 31 ett
661 963 75 36 helt
763 963 74 47 län,
867 964 124 36 vartill
1019 964 152 37 komme
1199 965 71 36 den
1299 970 119 32 större
1447 965 305 47 ortskännedom,
1782 979 79 23 som
1892 967 72 36 den

370 1013 56 36 för
466 1014 106 48 varje
613 1014 307 49 kretsavdelning
952 1016 157 36 utsedde
1137 1017 210 36 ledamoten
1377 1016 10 36 i
1417 1017 206 36 allmänhet
1650 1017 125 37 kunde
1804 1023 160 43 antagas

368 1064 146 37 besitta.

496 1117 194 37 Utskottet
725 1118 102 37 delar
856 1119 255 37 motionärens
1140 1120 205 47 önskemål,
1375 1125 52 31 att
1455 1121 254 36 kostnaderna
1737 1121 59 36 för
1823 1122 140 48 ifråga-

368 1169 164 36 varande
574 1170 231 49 premiering
846 1173 116 34 måtte
1004 1171 117 36 hållas
1154 1174 41 33 så
1223 1172 88 48 låga
1338 1185 80 23 som
1447 1172 161 49 möjligt.
1662 1173 66 36 Att
1757 1173 206 37 emellertid

369 1220 100 37 detta
497 1221 84 36 icke
609 1222 56 36 får
693 1221 64 38 ske
784 1225 49 47 på
859 1222 208 37 bekostnad
1097 1237 45 22 av
1171 1223 240 49 sakkunskap
1441 1224 71 36 och
1540 1224 225 37 eftfektivitet
1796 1225 62 37 vid
1880 1238 83 36 pre-

369 1272 232 48 mieringens
642 1274 198 37 utförande
883 1288 112 36 synes
1036 1275 223 49 uppenbart.
1315 1275 132 49 Enligt
1484 1276 204 36 utskottets
1716 1277 249 48 uppfattning

369 1324 104 37 torde
502 1325 62 36 det
592 1325 96 37 dock
715 1326 106 49 ligga
849 1340 46 23 en
923 1326 77 36 viss
1029 1327 82 35 fara
1138 1327 81 35 däri
1247 1333 55 30 att
1329 1349 49 4 —
1406 1330 123 34 såsom
1561 1327 234 38 motionären
1823 1329 140 49 ifråga-

369 1381 114 32 sätter
512 1398 47 5 —
589 1377 12 36 i
629 1377 65 36 fall
735 1378 46 36 då
821 1378 391 49 premieringsnämnd
1250 1379 132 36 endast
1409 1379 127 37 består
1564 1393 47 22 av
1639 1379 225 38 ordförande
1893 1380 71 37 och

369 1441 46 23 en
460 1428 177 49 ledamot,
684 1429 121 38 denne
850 1443 131 24 senare
1026 1430 135 37 endast
1202 1431 119 36 skulle
1362 1431 210 49 tjänstgöra
1612 1432 102 36 inom
1756 1446 46 23 en
1843 1433 121 36 krets-

368 1480 89 36 eller
498 1480 413 51 kontraktsavdelning.
968 1482 250 37 Ledamotens
1259 1483 240 36 verksamhet
1542 1483 107 37 bleve
1690 1485 193 48 nämligen
1918 1484 46 36 då

369 1545 46 23 av
446 1532 58 36 för
532 1533 93 36 liten
655 1534 231 48 omfattning
913 1534 70 37 och
1011 1534 182 49 möjligen
1221 1534 221 50 ytterligare
1470 1535 174 36 minskad
1664 1548 138 36 genom
1831 1536 133 36 endast

367 1590 201 31 vartannat
597 1588 40 33 år
661 1586 304 37 återkommande
988 1586 242 49 premiering.
1277 1586 229 37 Ledamoten
1527 1587 121 36 skulle
1667 1588 156 35 sålunda
1842 1588 123 48 aldrig

368 1635 128 37 kunna
523 1636 177 37 förvärva
727 1637 60 49 sig
815 1638 305 36 tillnärmelsevis
1149 1651 143 23 samma
1320 1641 48 46 på
1396 1638 210 37 erfarenhet
1634 1639 69 36 och
1724 1639 240 49 jämförelser

368 1687 198 48 grundade
594 1689 228 49 skicklighet
849 1702 81 24 som
950 1689 264 48 ordföranden,
1235 1690 221 49 varigenom
1476 1691 94 36 hans
1590 1690 206 50 inflytande
1815 1695 48 45 på
1881 1704 83 37 pre-

367 1739 330 50 mieringsarbetet
724 1741 108 37 bleve
861 1741 127 37 alltför
1012 1741 224 50 obetydligt.
1284 1742 149 36 Bristen
1453 1742 225 36 härutinnan
1700 1743 120 36 skulle
1839 1744 124 36 säker-

367 1791 102 49 ligen
496 1792 83 37 icke
607 1793 116 36 heller
750 1793 129 36 kunna
906 1798 200 44 uppvägas
1134 1806 47 23 av
1209 1798 120 32 större
1357 1794 304 37 ortskännedom.

496 1844 168 37 Därmed
704 1845 64 36 vill
811 1845 96 37 dock
943 1845 188 37 utskottet
1158 1845 81 37 icke
1267 1846 97 36 hava
1392 1846 185 47 förnekat,
1607 1851 55 31 att
1689 1859 46 24 en
1759 1846 205 50 jämkning

367 1908 46 23 av
453 1895 291 50 ifrågavarande
785 1896 263 37 bestämmelse
1089 1897 75 36 kan
1200 1898 98 36 hava
1333 1898 66 47 fog
1427 1897 58 37 för
1514 1898 61 49 sig
1602 1898 232 37 beträffande
1861 1899 103 36 vissa

366 1948 418 49 premieringsdistrikt,
827 1949 151 37 särskilt
1019 1952 48 46 på
1108 1949 123 49 grund
1261 1963 46 22 av
1335 1949 218 37 distriktens
1582 1950 264 49 utsträckning
1874 1963 87 24 men

367 1999 181 49 möjligen
578 2005 95 32 även
702 2000 11 36 i
742 2001 206 49 anledning
977 2014 45 23 av
1050 2000 165 38 arbetets
1235 2001 239 49 omfattning.
1524 2001 166 37 Sålunda
1710 2007 40 31 är
1770 2002 190 46 tänkbart,

369 2056 55 31 att
450 2051 400 50 premieringsarbetet
877 2052 100 36 inom
1007 2058 52 31 ett
1087 2058 118 31 större
1234 2053 153 37 distrikt
1412 2053 121 37 skulle
1552 2054 127 36 kunna
1699 2055 189 48 medgiva,
1910 2059 54 30 att

367 2102 174 48 ledamot,
584 2104 134 37 utsedd
756 2110 54 31 att
846 2104 119 48 jämte
1000 2105 252 47 ordföranden
1285 2118 128 23 ensam
1441 2105 201 37 verkställa
1668 2106 293 49 premieringen,

367 2157 152 46 utsåges
548 2156 229 49 exempelvis
806 2169 45 23 en
880 2155 57 36 för
963 2156 105 48 varje
1095 2156 97 36 hälft
1220 2157 89 36 eller
1336 2157 181 48 tredjedel
1545 2171 47 22 av
1620 2157 200 37 distriktet.

498 2206 131 37 Skulle
669 2207 205 38 emellertid
906 2209 117 47 något
1051 2208 430 50 hushållningssällskap
1510 2222 102 34 anse,
1642 2214 55 31 att
1724 2223 47 23 en
1799 2209 166 47 ändring

369 2271 46 23 av
451 2258 260 38 ovanberörda
752 2260 229 49 reglemente
1009 2259 11 36 i
1050 2274 52 22 nu
1139 2260 142 50 antydd
1314 2261 171 48 riktning
1512 2260 95 37 låter
1635 2260 59 49 sig
1720 2260 242 48 genomföras
