2226 2708
379 245 21 29 4
696 244 212 29 Sammansatta
932 242 90 30 Stats-
1047 241 61 38 (och
1131 240 232 39 Lag-)utskottets
1391 241 151 30 Utlåtande
1565 241 58 30 N:o
1648 242 28 30 3.

382 327 117 36 ställts
527 324 120 51 någon
677 324 207 49 utredning,
911 322 186 38 huruvida
1113 323 141 48 jämväl
1272 322 185 36 städernas
1474 326 135 32 tomter
1628 321 68 37 och
1708 322 129 49 jordar
1855 321 122 37 kunde

383 382 11 35 i
423 387 53 31 ett
513 380 237 50 jordregister
791 381 37 34 så
871 383 190 44 upptagas,
1091 380 54 33 att
1174 377 99 37 detta
1301 377 122 36 kunde
1451 377 101 48 tjäna
1580 376 117 37 såsom
1726 379 54 34 ett
1807 377 170 49 lämpligt

384 435 180 49 underlag
591 434 57 37 för
676 433 185 37 städernas
888 432 337 50 fastighetsböcker.
1284 430 307 38 Kommitterades
1618 429 139 51 förslag
1773 431 66 36 har
1857 431 122 36 därför

383 489 119 46 också,
546 488 116 37 såsom
695 489 272 35 motionärerna
996 486 180 44 anmärkt,
1203 487 159 35 kommit
1385 491 54 31 att
1467 484 73 38 afse
1569 485 127 37 endast
1724 485 255 50 landsbygden

384 546 68 36 och
480 546 31 48 ej
542 544 178 43 städerna,
751 555 82 23 men
861 541 203 37 innehåller
1092 540 176 50 förslaget
1295 545 55 32 att
1372 540 56 37 för
1447 541 137 49 köping
1603 542 67 34 och
1690 553 121 23 annan
1831 540 149 36 därmed

381 598 188 51 jämförlig
597 601 68 42 ort,
693 597 142 37 ändock
864 602 54 31 att
946 597 65 36 där
1030 597 115 35 finnes
1164 596 285 49 tomtindelning
1468 597 116 35 såsom
1603 595 13 35 i
1635 594 91 45 stad,
1742 595 239 50 jordregister

384 655 96 36 skall
510 654 203 49 uppläggas
742 652 67 36 och
838 650 97 38 föras
963 649 92 38 efter
1083 651 44 36 de
1155 649 55 38 för
1229 650 253 49 landsbygden
1502 650 170 49 gällande
1691 650 288 44 bestämmelser,

384 709 120 36 såvidt
531 709 31 46 ej
594 707 205 48 Konungen
829 706 47 48 på
903 705 153 37 särskild
1084 706 274 47 framställning
1387 704 231 36 annorlunda
1645 703 201 36 förordnar.

492 761 188 36 Utskottet
723 760 117 35 håller
882 758 87 44 före,
1002 764 65 39 att,
1110 758 117 36 därest
1256 759 60 35 det
1344 759 160 35 befinnes
1532 769 92 24 vara
1651 756 40 36 af
1717 756 175 37 behofvet
1919 755 59 50 på-

385 815 146 37 kalladt
564 816 67 35 och
664 815 171 48 lämpligt
863 819 55 30 att
946 812 57 37 för
1030 813 255 49 landsbygden
1313 813 135 36 inrätta
1477 811 128 37 sådant
1628 811 246 50 jordregister,
1901 824 79 23 som

385 869 41 37 af
452 869 283 36 kommitterade
767 867 215 50 föreslagits,
1018 868 152 35 hvarom
1203 868 179 35 utskottet
1409 867 93 35 dock
1530 865 58 37 för
1618 865 229 36 närvarande
1876 865 105 36 torde

388 924 112 37 sakna
528 923 200 49 anledning
757 923 119 35 uttala
904 923 66 48 sig,
1000 922 75 36 skäl
1102 920 194 37 förefinnes
1324 926 55 31 att
1407 921 109 36 äfven
1537 919 56 37 för
1613 920 177 45 städerna,
1809 918 172 38 särskildt

386 979 96 36 hvad
522 978 44 36 de
598 978 12 35 i
638 983 135 30 tomter
815 977 31 49 ej
876 976 167 36 indelade
1071 974 197 38 områdena
1296 974 123 51 angår,
1448 974 254 37 åstadkomma
1729 980 53 30 ett
1807 972 174 37 liknande

387 1033 181 49 underlag
595 1031 57 37 för
680 1031 185 37 städernas
893 1029 336 50 fastighetsböcker,
1259 1031 68 35 och
1354 1042 105 23 anser
1485 1029 180 36 utskottet
1693 1027 126 46 likaså,
1847 1030 54 33 att
1927 1026 56 38 för

386 1087 179 37 ernående
590 1085 105 38 häraf
720 1086 176 36 särskilda
923 1084 262 37 förberedande
1213 1084 316 48 undersökningar
1556 1085 12 34 i
1597 1096 44 23 en
1670 1083 58 35 del
1758 1083 69 35 fall
1856 1083 127 35 kunna

387 1155 87 23 vara
515 1140 40 37 af
589 1140 129 37 nöden.
775 1139 55 36 Då
857 1138 216 46 emellertid,
1101 1137 91 38 efter
1221 1138 97 36 hvad
1348 1138 61 36 det
1437 1138 67 36 vill
1528 1149 118 39 synas,
1673 1136 310 50 lagberedningen

387 1199 48 46 på
463 1197 63 34 sitt
554 1208 174 36 program
758 1194 171 49 upptagit
957 1195 126 47 frågan
1112 1206 59 22 om
1196 1192 212 36 förändradt
1436 1191 434 50 fastighetsbokssystem,
1888 1195 95 32 samt

388 1249 137 50 förslag
566 1249 60 35 till
668 1249 187 48 lösningen
898 1246 39 37 af
977 1247 119 36 denna
1135 1245 102 50 fråga
1265 1247 78 35 icke
1370 1247 94 35 lärer
1492 1251 129 31 väntas
1649 1245 148 36 komma
1826 1249 55 31 att
1908 1242 75 37 afse

388 1304 128 36 endast
557 1302 255 50 landsbygden
855 1308 85 30 utan
979 1302 140 49 jämväl
1160 1300 313 45 stadssamhällen,
1510 1299 102 37 torde
1637 1299 62 36 det
1726 1298 108 37 också
1859 1299 125 35 kunna

388 1357 224 45 förutsättas,
656 1362 53 31 att
751 1356 135 48 Kungl.
929 1357 118 47 Maj:t,
1092 1359 88 32 utan
1221 1353 273 50 framställning
1535 1352 81 38 från
1645 1353 219 49 Riksdagen,
1891 1352 92 36 låter

390 1412 199 36 verkställa
617 1410 45 37 de
692 1410 240 48 utredningar
951 1410 67 35 och
1038 1408 264 37 förberedande
1322 1408 323 49 undersökningar,
1664 1420 78 23 som
1762 1406 56 37 för
1837 1405 147 50 frågans

391 1466 143 48 lösning
568 1465 139 49 jämväl
749 1463 226 37 beträffande
1017 1464 167 35 städerna
1225 1463 124 36 kunna
1390 1461 190 37 erfordras.
1634 1461 129 49 Enligt
1790 1461 196 36 utskottets

390 1519 95 37 åsikt
510 1518 195 38 förefinnes
733 1517 154 37 sålunda
914 1518 78 36 icke
1022 1517 116 37 under
1166 1516 213 37 nuvarande
1407 1515 256 38 förhållanden
1691 1515 79 37 skäl
1798 1513 58 38 för
1883 1514 102 37 Riks-

391 1574 117 48 dagen
546 1578 55 30 att
633 1573 66 35 hos
731 1572 136 49 Kungl.
907 1572 101 48 Maj:t
1044 1570 148 50 påkalla
1230 1570 110 37 sådan
1368 1571 209 48 utredning,
1607 1582 78 23 som
1714 1569 271 36 motionärerna

391 1626 199 50 föreslagit.
645 1626 71 36 För
744 1626 103 50 dylik
876 1626 197 49 utredning
1100 1624 104 37 torde
1223 1625 12 35 i
1255 1624 126 49 hvarje
1400 1623 171 38 händelse
1591 1622 208 50 beviljande
1819 1623 39 36 af
1875 1621 112 50 något

392 1681 281 48 förslagsanslag
702 1681 31 48 ej
763 1692 88 24 vara
880 1679 241 49 erforderligt.

498 1734 52 37 På
577 1734 121 49 grund
727 1735 38 35 af
792 1734 61 36 det
882 1733 154 37 anförda
1063 1732 56 37 får
1147 1734 178 35 utskottet
1353 1732 106 37 alltså
1486 1732 205 45 hemställa,

916 1808 54 33 att
997 1804 277 50 ifrågavarande
1302 1805 139 36 motion
1469 1804 79 36 icke
1576 1803 61 36 må
1664 1804 58 35 till
1741 1802 119 51 någon
1884 1802 103 37 Riks-

819 1860 137 49 dagens
984 1858 127 51 åtgärd
1139 1857 196 38 föranleda.

501 1932 213 37 Stockholm
742 1932 71 36 den
845 1934 18 35 5
895 1944 97 24 mars
1024 1932 110 37 1906.

775 2022 49 36 På
853 2021 61 36 det
941 2026 260 31 sammansatta
1230 2022 195 35 utskottets
1452 2025 152 45 vägnar:

968 2110 69 36 HJ.
1066 2109 361 38 PALMSTIERNA.

970 2343 220 24 Centraltryckeriet,
1206 2344 139 23 Stockholm,
1362 2343 58 20 1906.
