1922 2821
501 128 125 29 Första
641 128 245 38 lagutskottets
902 128 180 30 utlåtande
1095 138 44 20 nr
1152 130 42 29 42
1207 129 40 30 år
1262 129 84 30 1970
1647 134 19 29 9

177 207 80 30 med
275 207 91 30 hans
384 207 175 31 intressen
579 210 51 28 att
650 209 261 40 arbetstagaren
930 209 12 30 i
963 209 122 40 förväg
1104 209 157 40 förfogar
1282 210 80 30 över
1385 210 54 31 sin
1460 211 59 30 lön
1541 219 124 32 genom

177 262 51 28 att
250 261 155 30 överlåta
427 262 67 29 den
515 262 54 30 till
592 262 268 40 arbetsgivaren,
884 262 65 31 och
973 264 57 29 det
1052 263 98 30 finns
1173 263 222 40 följaktligen
1418 264 106 40 ingen
1548 265 118 31 anled-

176 315 86 39 ning
280 314 56 31 för
355 315 220 40 lagstiftaren
595 317 50 29 att
664 316 139 40 ingripa
821 316 12 31 i
853 317 278 39 arbetsgivarens
1150 317 159 31 intresse.
1330 318 233 31 Annorlunda
1584 319 82 30 stäl-

174 368 52 31 ler
243 368 58 31 det
319 368 52 41 sig
387 369 194 31 emellertid
596 378 58 22 om
672 379 83 21 man
774 380 53 20 ser
846 370 213 31 situationen
1076 371 81 31 från
1175 372 280 40 arbetstagarens
1473 373 191 40 synpunkt.

176 422 272 40 Arbetstagaren
468 424 71 29 kan
558 424 46 29 ha
624 424 72 39 gått
717 425 79 29 med
815 425 45 39 på
881 425 323 40 kvittningsavtalet
1225 428 86 27 utan
1333 428 51 28 att
1404 427 163 29 närmare
1588 427 76 30 tän-

177 476 46 30 ka
243 477 52 39 sig
312 477 38 30 in
368 477 11 30 i
398 478 68 30 vad
486 478 57 30 det
563 478 158 30 kommer
742 480 50 28 att
811 479 127 39 betyda
958 479 56 30 för
1033 479 141 30 honom.
1195 479 249 31 Förhållandet
1465 481 71 29 kan
1557 481 107 30 också

175 530 130 31 ändras
330 530 39 31 så
393 532 50 29 att
469 531 222 40 kvittningen
715 532 66 30 blir
807 541 74 21 mer
905 533 222 40 betungande
1152 534 46 29 än
1222 534 262 40 arbetstagaren
1507 535 156 31 räknade

175 584 80 30 med
272 585 65 30 när
354 585 72 30 han
443 585 118 40 ingick
579 586 137 32 avtalet.
735 587 103 29 Detta
854 587 71 29 kan
943 587 223 40 följaktligen
1183 588 37 30 få
1238 588 80 30 från
1337 589 128 29 sociala
1485 589 179 40 synpunk-

175 639 53 29 ter
247 638 188 40 olämpliga
455 639 260 30 konsekvenser
735 640 55 30 för
812 640 261 40 arbetstagaren
1094 641 65 30 och
1179 642 90 29 hans
1289 642 128 40 familj.
1440 642 222 40 Omständig-

176 692 98 30 heter
300 702 42 20 av
368 693 95 30 detta
489 694 73 39 slag
588 702 102 31 synes
716 694 158 30 närmast
900 695 183 30 föranleda
1109 697 50 28 att
1185 695 291 40 kvittningsavtal
1501 696 74 29 inte
1600 697 63 29 bör

176 756 84 20 vara
279 747 178 30 bindande
477 747 56 30 för
554 747 270 40 arbetstagaren.

220 801 65 39 Jag
304 801 38 28 är
361 801 108 29 likväl
487 801 72 30 inte
578 801 129 30 beredd
727 803 50 28 att
797 801 143 30 förorda
960 811 42 20 en
1024 802 109 30 sådan
1153 803 147 39 lösning.
1322 803 60 29 Att
1402 803 73 30 helt
1494 804 170 29 frånkän-

175 863 47 20 na
252 854 290 40 kvittningsavtal
573 855 176 30 bindande
779 856 132 29 verkan
943 857 72 28 mot
1048 856 260 39 arbetstagaren
1342 857 113 29 skulle
1487 857 177 39 nämligen

176 908 123 29 kunna
318 909 77 29 leda
414 909 53 29 till
485 909 147 29 resultat
652 918 75 20 som
747 909 80 29 från
847 910 110 29 andra
978 910 218 39 synpunkter
1215 910 73 30 inte
1309 911 37 28 är
1368 911 208 29 önskvärda.
1598 911 65 30 Det

176 961 237 30 förekommer
432 961 74 30 inte
526 962 111 29 sällan
659 964 49 28 att
729 963 233 39 arbetsgivare
983 971 57 31 ger
1062 964 235 39 arbetstagare
1318 964 114 29 kredit
1453 964 46 39 på
1521 965 142 29 särskilt

177 1014 212 40 förmånliga
407 1015 137 29 villkor.
567 1015 79 30 Som
667 1017 155 38 exempel
842 1016 71 30 kan
934 1017 149 29 nämnas
1106 1019 48 27 att
1176 1017 174 30 anställda
1371 1017 55 29 får
1447 1018 93 39 köpa
1561 1026 102 21 varor

177 1078 43 20 av
240 1069 259 39 arbetsgivaren
518 1069 46 39 på
584 1069 115 30 kredit
721 1070 81 29 eller
824 1072 50 27 att
896 1071 258 38 arbetsgivaren
1177 1078 57 32 ger
1256 1071 58 29 lån
1336 1071 52 29 till
1411 1072 175 29 anställda
1607 1072 56 29 för

176 1122 233 40 anskaffning
429 1132 42 20 av
489 1123 134 34 bostad,
644 1123 108 40 inköp
774 1133 42 20 av
834 1123 49 30 bil
904 1133 26 20 e.
946 1124 31 29 d.
999 1123 93 30 Från
1114 1124 130 30 allmän
1266 1124 180 39 synpunkt
1468 1125 97 29 finns
1588 1134 74 20 som

177 1176 91 39 regel
289 1176 95 39 inget
407 1178 50 28 att
477 1176 154 30 invända
652 1178 74 28 mot
748 1176 110 31 sådan
880 1177 268 40 kreditgivning.
1172 1178 75 29 Den
1271 1178 157 30 enskilde
1452 1178 211 40 arbetstaga-

177 1239 62 20 ren
257 1230 99 29 torde
374 1230 74 29 ofta
466 1230 161 30 betrakta
645 1231 67 29 den
732 1239 73 21 som
826 1240 42 20 en
886 1231 11 29 i
917 1231 65 29 och
1000 1231 55 29 för
1077 1231 50 39 sig
1147 1232 176 29 önskvärd
1342 1232 140 29 förmån
1504 1241 74 20 som
1599 1233 64 29 föl-

176 1284 54 39 jer
252 1293 42 20 av
316 1284 268 39 anställningen.
607 1284 267 39 Arbetsgivaren
897 1284 20 30 å
941 1285 53 29 sin
1019 1285 75 29 sida
1115 1286 99 29 torde
1237 1286 193 29 emellertid
1451 1286 12 29 i
1487 1286 177 40 åtskilliga

178 1337 62 30 fall
264 1337 164 40 uppfatta
451 1338 311 39 kvittningsrätten
788 1347 73 21 som
888 1347 42 21 en
955 1339 92 29 form
1073 1348 41 20 av
1140 1339 162 30 säkerhet
1328 1339 54 30 för
1408 1340 67 29 den
1500 1340 164 29 lämnade

176 1391 170 29 krediten.
367 1391 316 39 Kvittningsrätten
702 1392 71 29 kan
790 1392 79 30 med
889 1393 108 29 andra
1018 1393 62 29 ord
1099 1394 100 28 antas
1218 1393 46 30 ha
1284 1402 42 21 en
1345 1394 318 40 kreditfrämjande

177 1445 120 29 effekt.
315 1444 67 31 Om
399 1445 229 40 möjligheten
644 1446 54 29 till
714 1445 176 40 kvittning
905 1447 54 28 tas
976 1446 87 35 bort,
1083 1447 70 29 kan
1171 1447 95 29 detta
1283 1446 222 40 följaktligen
1523 1447 139 30 befaras

177 1500 77 29 leda
275 1499 52 29 till
350 1501 50 27 att
423 1500 261 39 arbetsgivarna
704 1500 190 39 begränsar
917 1500 54 29 sin
993 1500 267 40 kreditgivning.
1285 1501 116 39 Enligt
1424 1502 75 28 min
1521 1502 142 39 mening

175 1554 72 28 kan
261 1563 83 20 man
359 1554 73 29 inte
446 1554 116 29 bortse
577 1553 80 30 från
673 1554 67 29 den
755 1554 128 34 risken,
901 1554 65 29 och
982 1554 67 29 den
1064 1554 62 29 bör
1143 1554 119 30 därför
1279 1555 144 29 beaktas
1440 1555 57 29 vid
1514 1555 148 30 utform-

176 1608 130 38 ningen
320 1617 41 20 av
375 1608 167 39 lagregler
557 1616 56 21 om
627 1607 251 39 arbetsgivares
892 1607 69 29 rätt
975 1608 52 29 till
1042 1607 184 40 kvittning.

223 1661 65 30 Det
309 1661 63 30 bör
395 1661 134 30 således
551 1661 118 29 finnas
694 1663 47 27 ett
764 1661 85 29 visst
872 1663 176 37 utrymme
1071 1661 55 29 för
1150 1661 233 39 arbetsgivare
1407 1662 65 29 och
1497 1662 167 29 arbetsta-

179 1722 81 31 gare
278 1716 50 28 att
346 1715 80 29 med
442 1715 177 29 bindande
637 1715 131 29 verkan
787 1715 114 29 avtala
920 1723 56 21 om
996 1714 168 30 framtida
1182 1715 185 39 kvittning.
1396 1715 6 28 I
1422 1715 67 29 den
1508 1715 83 30 mån
1612 1716 53 29 så-

179 1769 93 28 dana
293 1768 92 29 avtal
407 1768 152 29 erkänns
583 1776 74 21 som
680 1768 118 39 giltiga
818 1768 147 29 innebär
988 1768 56 29 det
1067 1770 50 27 att
1139 1768 289 39 kvittningsavtal
1450 1769 56 28 får
1530 1778 135 20 samma

179 1822 168 29 funktion
369 1830 74 21 som
465 1830 42 21 en
529 1821 291 29 exekutionstitel.
843 1821 115 39 Några
979 1821 219 39 principiella
1218 1821 258 40 invändningar
1499 1822 71 29 kan
1591 1822 74 30 inte

179 1884 96 20 resas
293 1875 169 29 häremot.
481 1874 150 30 Alldeles
649 1874 147 30 bortsett
814 1874 80 30 från
914 1876 50 28 att
982 1874 289 40 kvittningsavtal
1291 1875 106 39 enligt
1417 1875 159 39 gällande
1595 1876 70 29 rätt

179 1928 65 29 har
265 1937 42 21 en
329 1928 109 30 sådan
459 1928 166 29 funktion
646 1930 86 27 utan
753 1927 109 40 några
883 1937 74 20 som
978 1927 91 31 helst
1089 1928 275 40 begränsningar
1385 1928 61 30 vill
1467 1929 60 40 jag
1550 1930 116 29 erinra

181 1991 57 21 om
261 1984 50 27 att
333 1982 94 29 vissa
450 1982 110 29 andra
584 1982 92 29 avtal
700 1982 152 29 erkänns
878 1991 74 20 som
977 1982 302 30 exekutionstitlar
1303 1983 12 29 i
1341 1983 148 39 egentlig
1513 1984 151 39 mening.

180 2036 155 29 Sålunda
350 2036 71 29 kan
436 2035 268 40 handräckning
721 2035 60 30 ske
799 2036 104 38 enligt
921 2036 99 39 lagen
1043 2035 212 36 (1915:219)
1278 2046 57 21 om
1354 2037 310 40 avbetalningsköp

179 2090 80 29 med
283 2090 76 29 stöd
384 2098 41 21 av
447 2089 245 30 bestämmelse
714 2089 11 29 i
749 2089 418 39 avbetalningskontrakt,
1193 2090 65 30 och
1281 2090 119 30 vidare
1424 2091 72 29 kan
1518 2091 147 30 införsel

180 2144 65 29 och
267 2143 200 39 utmätning
488 2143 155 30 beslutas
665 2143 45 40 på
733 2143 169 39 grundval
925 2152 42 21 av
991 2143 161 40 skriftlig,
1177 2144 178 29 bevittnad
1379 2144 212 31 förbindelse
1615 2147 50 28 att

180 2199 81 37 utge
275 2197 337 39 underhållsbidrag.

226 2251 274 30 Avtalsfriheten
519 2251 63 29 bör
602 2251 192 29 emellertid
813 2250 72 30 inte
906 2250 140 30 sträcka
1066 2250 50 39 sig
1137 2251 119 39 längre
1276 2251 45 29 än
1343 2260 74 20 som
1439 2251 20 29 å
1479 2261 66 20 ena
1566 2252 101 30 sidan

182 2306 38 28 är
245 2305 214 38 nödvändigt
483 2304 55 29 för
563 2306 50 27 att
637 2304 182 38 tillgodose
844 2304 281 38 arbetstagarnas
1150 2304 111 29 behov
1287 2306 50 27 att
1363 2305 122 29 kunna
1510 2306 158 39 utnyttja

180 2359 116 29 rätten
316 2358 53 29 till
389 2357 168 30 framtida
577 2357 58 30 lön
657 2366 74 21 som
752 2357 170 39 underlag
942 2357 55 30 för
1018 2358 114 29 kredit
1154 2358 64 29 och
1240 2357 19 30 å
1282 2358 110 30 andra
1414 2359 100 29 sidan
1537 2359 38 29 är
1597 2359 70 30 för-

181 2413 106 38 enligt
303 2412 80 29 med
400 2412 278 38 arbetstagarens
693 2428 45 3 —-
754 2411 65 29 och
834 2411 89 29 hans
941 2411 134 39 familjs
1091 2428 45 3 —
1152 2420 42 21 av
1212 2411 128 30 sociala
1357 2412 139 38 hänsyn
1513 2412 153 40 betinga-

181 2467 42 29 de
244 2466 113 29 behov
379 2467 49 28 att
451 2466 122 28 kunna
595 2465 186 39 disponera
803 2465 104 29 lönen
928 2464 46 39 på
996 2465 265 38 förfallodagen.
1286 2465 66 30 Om
1376 2466 290 39 kreditgivnings-

215 2540 34 32 1$t
289 2536 113 30 Bihang
414 2535 46 24 till
472 2534 169 31 riksdagens
652 2534 148 31 protokoll
811 2534 103 25 1970.9
925 2534 84 25 saml.
1021 2535 12 24 1
1046 2534 64 26 avd.
1121 2536 40 23 Nr
1182 2539 32 21 42
