1917 2822
467 128 125 29 Första
607 129 245 38 lagutskottets
868 130 180 30 utlåtande
1061 141 43 19 nr
1118 133 41 29 42
1173 132 40 30 år
1228 133 84 29 1970
1590 136 40 30 23

144 205 167 41 förslaget
326 206 146 31 innebär
489 210 49 28 att
555 209 122 30 endast
693 209 377 41 kvittningsförbehåll,
1088 221 75 21 som
1179 213 143 30 träffats
1344 214 5 30 i
1366 214 170 30 samband
1551 214 80 31 med

144 259 223 40 fordringens
382 262 200 38 uppkomst,
599 263 89 29 skall
701 273 84 20 vara
798 264 118 40 giltiga
930 265 11 29 i
955 265 229 31 förevarande
1197 268 179 29 avseende.

187 313 235 31 Avsaknaden
443 324 42 21 av
504 316 456 40 övergångsbestämmelser
978 319 65 30 har
1064 329 42 20 av
1125 320 385 40 departementschefen
1530 323 101 30 moti-

142 369 116 28 verats
278 368 80 29 med
378 370 50 28 att
448 369 67 30 den
535 370 199 40 föreslagna
754 372 100 39 lagen
873 373 12 28 i
905 375 95 28 stora
1020 373 95 30 delar
1135 374 65 30 har
1222 384 135 21 samma
1377 376 167 30 karaktär
1565 376 65 31 och

144 420 102 40 fyller
262 431 135 21 samma
410 423 165 30 ändamål
590 433 75 21 som
680 434 42 20 en
737 426 345 41 exekutionsrättslig
1095 428 221 41 lagstiftning
1331 432 90 27 samt
1437 431 50 28 att
1501 430 56 30 det
1571 431 58 29 vid

143 475 150 40 ändring
307 476 10 29 i
333 476 108 30 sådan
457 478 221 40 lagstiftning
692 479 72 30 inte
778 480 38 29 är
830 481 155 39 brukligt
1001 483 50 28 att
1065 491 83 21 man
1163 490 58 32 ger
1237 483 173 30 särskilda
1425 484 204 40 övergångs-

142 529 263 31 bestämmelser
419 531 11 29 i
445 531 99 40 fråga
559 541 57 21 om
631 533 96 30 äldre
741 533 209 41 fordringar.
967 535 355 41 Ställningstagandet
1336 537 146 30 innebär
1497 540 50 28 att
1562 539 67 29 den

143 592 69 30 nya
229 584 100 38 lagen
345 584 67 30 blir
430 585 185 40 tillämplig
632 587 87 30 även
736 587 45 40 på
799 588 95 30 äldre
911 588 209 41 fordringar.
1139 590 103 30 Detta
1258 591 39 29 är
1316 591 106 40 enligt
1440 593 188 29 utskottets

142 637 142 39 mening
298 638 106 30 också
417 638 54 30 till
485 638 112 31 fördel
612 640 79 30 med
704 640 139 41 hänsyn
857 642 53 29 till
925 642 184 41 förslagets
1124 644 167 30 karaktär
1306 654 42 20 av
1362 645 106 30 social
1484 646 145 39 skydds-

141 690 231 41 lagstiftning.
399 691 81 31 Som
504 694 261 30 motionärerna
789 696 179 29 utvecklar
992 697 71 29 kan
1088 698 190 30 emellertid
1305 698 191 31 frånvaron
1521 709 42 20 av
1587 709 41 21 en

142 744 437 41 övergångsbestämmelse
604 748 105 30 också
732 749 47 29 ha
801 749 137 31 mindre
962 750 195 31 tilltalande
1180 752 259 31 konsekvenser
1463 754 11 29 i
1499 753 62 30 fall
1585 754 45 30 då

141 799 23 28 t.
189 807 50 21 ex.
262 799 58 29 vid
345 809 42 20 en
410 800 258 41 kreditgivning
691 804 166 38 parterna
879 804 79 29 med
982 804 137 40 hänsyn
1143 806 53 29 till
1220 806 191 30 innehållet
1433 807 12 29 i
1469 808 159 39 gällande

140 852 70 29 rätt
229 852 74 30 inte
323 853 143 30 särskilt
487 855 129 29 avtalat
637 857 49 29 att
708 856 149 30 skulden
878 857 54 30 får
952 859 151 38 regleras
1124 867 123 31 genom
1268 860 175 40 kvittning
1464 863 73 28 mot
1558 862 68 29 lön.

141 906 65 29 Det
224 906 96 30 finns
339 907 90 30 dock
448 908 105 39 enligt
571 910 190 30 utskottets
779 911 141 40 mening
939 912 188 40 anledning
1146 915 126 38 antaga
1290 916 50 27 att
1359 915 269 39 olägenheterna

139 959 12 29 i
175 960 67 29 den
265 961 185 38 praktiska
472 962 268 40 tillämpningen
763 964 72 30 inte
858 966 159 29 kommer
1041 968 50 28 att
1113 967 48 29 bli
1186 967 142 30 särskilt
1352 968 274 31 framträdande.

140 1013 283 31 Förhållandena
441 1015 99 30 torde
559 1016 177 40 nämligen
756 1017 74 30 ofta
849 1028 84 20 vara
952 1019 133 30 sådana
1104 1021 49 28 att
1174 1030 83 20 man
1276 1021 71 30 kan
1367 1021 190 31 förutsätta
1577 1025 49 28 att

141 1067 245 30 kreditavtalet
406 1069 192 30 innefattar
620 1079 41 21 en
681 1073 71 37 tyst
773 1072 338 31 överenskommelse
1132 1083 57 21 om
1210 1077 49 27 att
1279 1076 176 39 kvittning
1475 1079 73 27 mot
1568 1077 59 29 lön

141 1119 55 30 får
215 1121 70 29 ske.
304 1121 51 30 Då
372 1121 166 41 förslaget
555 1124 73 29 inte
645 1125 192 39 uppställer
854 1126 87 30 krav
957 1126 45 40 på
1020 1127 153 40 skriftlig
1191 1127 92 31 form
1301 1129 55 29 för
1374 1130 252 39 kvittningsav-

140 1174 84 30 talet
241 1175 62 29 bör
321 1184 42 21 en
381 1175 108 31 sådan
506 1177 339 32 överenskommelse
859 1197 46 3 —
920 1189 57 21 om
995 1181 118 39 Övriga
1128 1182 126 30 villkor
1272 1183 38 29 är
1327 1183 185 40 uppfyllda
1526 1202 45 3 —
1587 1192 40 32 ge

140 1228 70 29 rätt
232 1228 53 30 till
308 1229 176 40 kvittning
507 1231 106 30 också
637 1232 106 39 enligt
767 1233 66 30 den
856 1243 69 30 nya
948 1234 118 39 lagens
1089 1235 273 31 bestämmelser.
1387 1238 78 29 Med
1488 1238 138 40 hänsyn

140 1281 119 30 härtill
274 1282 184 41 föreligger
472 1284 30 39 ej
518 1285 211 40 tillräckliga
743 1287 76 29 skäl
834 1288 49 28 att
896 1287 123 31 bifalla
1032 1289 336 40 motionsyrkandet.

185 1335 68 30 Sist
266 1337 149 30 berörda
428 1338 133 30 motion
575 1341 128 38 upptar
717 1340 87 30 även
816 1341 58 30 två
887 1342 183 39 yrkanden
1084 1352 75 21 som
1172 1343 192 31 innefattar
1379 1345 111 30 andra
1503 1346 123 30 önske-

140 1389 71 30 mål
228 1390 45 29 än
290 1390 150 41 ändring
458 1401 41 20 av
515 1393 281 39 propositionens
815 1394 141 41 förslag.
975 1396 65 29 Det
1058 1406 65 20 ena
1140 1398 172 39 anknyter
1328 1399 54 29 till
1400 1399 18 29 8
1439 1399 15 37 $
1473 1399 12 29 i
1503 1400 122 29 försla-

141 1445 63 37 get,
221 1443 117 31 vilken
353 1445 44 29 bl.
415 1454 29 20 a.
461 1445 212 31 föreskriver
690 1448 197 39 skyldighet
903 1448 55 30 för
975 1450 258 40 arbetsgivaren
1250 1453 50 28 att
1315 1454 81 38 utge
1413 1453 213 30 skadestånd

139 1506 57 20 om
215 1497 72 30 han
307 1499 130 29 kvittar
457 1499 11 29 i
490 1500 86 29 strid
597 1501 79 29 med
697 1501 175 40 förslaget.
893 1503 260 31 Motionärerna
1173 1514 121 21 menar
1314 1506 45 39 på
1379 1506 150 31 anförda
1549 1508 76 29 skäl

139 1552 50 28 att
210 1551 57 30 det
291 1552 5 29 i
316 1552 127 40 många
463 1553 62 30 fall
545 1553 183 41 föreligger
748 1556 45 29 än
813 1557 158 29 starkare
990 1557 109 30 motiv
1118 1558 54 29 för
1193 1559 432 41 skadeståndsskyldighet

139 1604 45 29 då
201 1605 259 40 arbetsgivaren
477 1616 41 20 av
536 1616 117 21 annan
670 1609 105 29 orsak
790 1627 44 3 —
850 1610 389 42 betalningsoförmåga,
1257 1613 84 29 tvist
1358 1623 57 20 om
1431 1614 194 41 beräkning

139 1667 42 20 av
199 1659 104 29 lönen
321 1677 45 3 —
385 1660 81 29 eller
486 1662 86 28 utan
593 1662 193 39 angivande
806 1672 41 20 av
866 1665 105 29 orsak
991 1665 200 30 underlåter
1212 1668 49 28 att
1280 1667 12 29 i
1311 1667 69 30 rätt
1399 1668 51 29 tid
1470 1669 155 29 utbetala

138 1712 114 29 lönen.
276 1713 197 30 Problemet
496 1723 57 21 om
577 1716 432 41 skadeståndsskyldighet
1033 1718 54 30 för
1111 1719 179 40 obehörigt
1312 1721 248 31 innehållande
1583 1732 41 20 av

139 1764 166 31 förfallen
321 1767 58 29 lön
394 1767 63 29 bör
473 1768 120 29 därför
609 1771 172 37 upptagas
796 1770 54 29 till
866 1780 73 20 mer
957 1772 137 39 allsidig
1109 1772 221 41 bedömning.
1348 1775 13 28 I
1379 1775 150 39 enlighet
1545 1776 79 29 här-

138 1819 80 29 med
236 1818 182 32 hemställs
438 1829 56 21 om
514 1822 188 39 utredning
720 1823 150 31 rörande
887 1824 137 40 påföljd
1044 1825 55 30 för
1118 1826 179 41 obehörigt
1316 1828 247 31 innehållande
1583 1839 41 20 av

138 1872 69 30 lön.

182 1926 176 30 Utskottet
379 1927 60 30 vill
460 1928 12 29 i
495 1928 115 30 denna
632 1929 55 30 del
710 1929 188 31 framhålla
921 1933 50 28 att
993 1932 57 30 det
1072 1932 44 40 på
1139 1934 110 30 andra
1271 1935 258 31 rättsområden
1551 1937 73 30 inte

137 1978 72 30 helt
232 1981 129 29 saknas
383 1981 167 39 lagregler
574 1991 74 21 som
671 1983 59 39 gör
753 1984 56 30 det
831 1985 138 39 möjligt
992 1988 50 28 att
1064 1987 145 30 utdöma
1231 1988 213 31 skadestånd
1465 1990 59 30 vid
1546 1991 77 30 obe-

137 2033 143 40 rättigat
300 2034 248 31 innehållande
571 2046 42 20 av
634 2037 58 30 lön
715 2038 81 29 eller
818 2038 167 31 liknande
1007 2041 422 40 anställningsförmåner.
1452 2044 45 29 Är
1519 2045 104 30 lönen

137 2087 157 39 reglerad
315 2087 12 30 i
350 2089 262 30 kollektivavtal
635 2090 38 30 är
696 2091 313 32 underlåtenheten
1032 2095 50 28 att
1105 2095 154 30 utbetala
1282 2096 58 30 lön
1364 2099 48 28 ett
1434 2098 92 30 brott
1549 2101 74 27 mot

137 2141 298 30 kollektivavtalet
450 2151 74 21 som
540 2144 106 39 enligt
661 2145 383 41 kollektivavtalslagen
1058 2148 71 30 kan
1143 2148 183 32 föranleda
1341 2151 144 30 allmänt
1501 2152 121 30 skade-

137 2194 113 30 stånd.
271 2194 67 31 Om
358 2196 103 30 lönen
479 2196 73 31 inte
571 2198 38 29 är
630 2199 448 41 kollektivavtalsreglerad,
1099 2202 38 29 är
1157 2202 57 31 det
1235 2204 105 39 enligt
1361 2205 66 30 den
1446 2206 177 39 juridiska

137 2248 186 30 doktrinen
348 2250 72 29 inte
443 2251 167 30 uteslutet
634 2253 50 28 att
710 2253 211 30 skadestånd
946 2255 121 29 utöver
1092 2256 293 39 dröjsmålsränta
1409 2259 71 29 kan
1504 2260 83 39 utgå
1610 2260 11 30 i

137 2302 162 39 speciella
318 2303 72 30 fall.
409 2304 128 30 Vidare
555 2305 71 29 kan
645 2306 148 30 nämnas
814 2309 49 27 att
883 2307 56 30 det
958 2308 11 29 i
989 2310 268 39 semesterlagen
1276 2311 95 30 finns
1393 2322 41 20 en
1454 2314 91 38 regel
1565 2323 57 20 om

136 2355 372 42 skadeståndspåföljd
532 2358 55 30 för
611 2359 234 40 arbetsgivare
869 2370 74 21 som
968 2361 207 32 åsidosätter
1201 2364 242 40 skyldigheten
1467 2369 50 27 att
1541 2369 81 38 utge

136 2411 372 39 semesterersättning.
537 2412 51 29 Då
617 2412 105 40 syftet
749 2414 80 29 med
856 2415 278 31 motionärernas
1162 2418 182 30 önskemål
1370 2421 126 37 ytterst
1523 2421 99 30 torde

135 2472 84 20 vara
237 2465 49 27 att
305 2471 40 32 ge
362 2473 42 20 en
421 2465 114 30 bättre
553 2466 165 40 ställning
736 2467 35 30 åt
789 2468 42 29 de
849 2469 235 40 arbetstagare
1103 2479 74 21 som
1195 2471 72 30 inte
1285 2472 95 30 utfår
1398 2474 59 29 lön
1474 2475 11 29 i
1503 2475 117 30 veder-
