2204 2624
685 156 364 42 Bevillningsutskottets
1070 152 164 35 memorial
1258 152 53 33 Nr
1335 152 55 32 26.
1820 145 19 35 1

953 571 69 41 Nr
1053 569 86 42 26.

855 678 114 25 Ankom
989 676 42 25 till
1050 674 168 34 riksdagens
1242 673 94 27 kansli
1354 673 58 26 den
1434 671 32 26 14
1485 679 78 18 mars
1583 670 68 27 1919
1671 669 37 26 kl.
1730 669 14 25 1
1763 676 24 19 e.
1808 676 37 19 m,

567 767 437 49 Bevillningsutskottets
1033 764 207 45 memorial,
1269 763 16 36 i
1313 760 205 47 anledning
1546 771 47 25 av
1617 759 229 36 kamrarnas

672 830 224 47 skiljaktiga
925 828 117 37 beslut
1069 828 16 36 i
1106 826 122 47 fråga
1261 836 60 26 om
1349 822 110 39 väckt
1487 821 141 38 motion
1656 818 191 49 angående

672 890 151 39 ändrad
850 889 136 48 lydelse
1015 900 46 26 av
1091 891 48 35 55
1166 889 27 46 $
1222 892 27 33 2
1277 898 110 26 mom.
1407 886 18 36 i
1437 883 279 49 förordningen
1735 881 113 47 angå-

673 953 89 38 ende
785 951 240 50 försäljning
1054 962 45 26 av
1127 948 237 49 rusdrycker.

460 1113 196 30 Närvarande:
684 1114 101 26 herrar
814 1112 142 32 Källman,
985 1110 100 34 Röing,
1114 1109 77 27 Ollas
1221 1109 32 26 A.
1274 1108 144 31 Ericsson,
1447 1105 166 35 Lyckholm,
1634 1105 35 25 K.
1689 1104 33 26 A.
1742 1103 106 31 Nilson,

675 1151 175 26 Antonsson,
879 1148 166 30 Forssman,
1074 1147 117 28 Boman,
1210 1145 126 26 Jonsson
1356 1144 8 25 i
1383 1142 140 31 Hökhult,
1542 1141 186 30 Holmström,
1747 1139 103 26 Olsson

675 1186 8 25 i
698 1184 265 32 Kullenbergstorp,
982 1182 153 33 Bergman,
1148 1181 149 26 Johannes
1310 1171 142 39 Åkesson,
1465 1177 100 32 Neess,
1579 1171 145 38 Öhngren,
1737 1174 113 26 Udden-

676 1221 77 32 berg,
773 1219 158 27 Lithander
948 1218 55 26 och
1021 1217 125 26 Jönsson
1165 1216 8 26 i
1193 1215 126 27 Fridhill.

353 1366 64 37 Uti
458 1365 65 36 sitt
565 1365 71 34 den
674 1366 22 32 4
732 1375 94 23 mars
873 1364 99 33 1919
1018 1359 154 49 avgivna
1200 1357 230 37 betänkande
1457 1368 45 23 nr
1534 1357 47 33 15
1610 1354 92 36 hade
1730 1352 123 37 bevill-

250 1420 288 48 ningsutskottet
579 1417 194 44 hemställt,
816 1418 53 33 att
911 1414 194 47 riksdagen
1133 1415 121 42 måtte,
1283 1411 13 35 i
1324 1409 198 48 anledning
1553 1421 45 24 av
1626 1420 46 23 en
1699 1419 45 23 av
1771 1407 83 34 herr

252 1474 188 48 Nylander
468 1471 108 38 väckt
604 1470 146 45 motion,
779 1470 48 35 II:
849 1471 60 43 53,
939 1468 56 35 för
1023 1467 57 36 sin
1108 1466 58 36 del
1194 1465 152 44 besluta,
1376 1466 54 34 att
1457 1465 46 34 55
1524 1462 55 47 $i
1598 1455 257 57 förordningen

253 1529 70 35 den
368 1530 47 32 14
456 1525 83 49 juni
574 1528 98 33 1917
705 1523 186 48 angående
920 1520 215 50 försäljning
1162 1532 46 23 av
1236 1517 219 49 rusdrycker
1483 1516 118 36 skulle
1629 1514 135 36 erhålla
1792 1513 62 36 föl-

250 1582 110 48 jande
389 1580 159 36 ändrade
576 1579 150 48 lydelse:
1082 1582 5 4 |

364 1797 32 32 1.
453 1794 102 35 mom
612 1813 23 4 —
678 1811 198 6 ———
986 1805 456 10 ——————
1471 1782 205 49 förbjuden.

363 1850 34 33 2.
458 1847 74 36 Vid
574 1844 179 48 offentligt
794 1843 190 47 skådespel
1022 1842 87 35 eller
1137 1840 160 43 varieté-,
1327 1837 137 37 cirkus-
1493 1837 87 35 eller
1607 1847 120 24 annan
1755 1833 104 49 dylik

257 1900 252 48 föreställning
537 1900 97 44 eller,
665 1898 80 35 med
773 1897 187 47 undantag
988 1908 45 24 av
1061 1895 160 43 konsert,
1251 1892 61 37 vid
1332 1891 125 37 vilken
1475 1889 230 37 uteslutande
1723 1887 136 36 utföres

256 1952 390 46 instrumentalmusik,
690 1951 98 49 varje
829 1962 121 24 annan
992 1947 262 48 föreställning,
1287 1945 57 36 till
1373 1944 125 37 vilken
1525 1943 243 36 allmänheten
1795 1942 66 34 har

257 2008 170 45 tillträde,
471 2010 58 33 må
570 2005 252 47 utskänkning
863 2016 45 24 av
950 2001 247 49 spritdrycker
1224 1999 80 37 icke
1332 1999 66 36 ske
1425 1998 14 35 i
1467 1998 97 35 lokal
1591 1997 87 35 eller
1705 1998 21 33 å
1753 1995 106 48 plats,

258 2062 162 36 därifrån
449 2067 39 30 är
516 2059 117 37 utsikt
651 2059 56 36 till
726 2057 238 48 skådebanan
979 2056 86 36 eller
1084 2067 120 24 annan
1223 2054 105 48 plats,
1350 2053 65 35 där
1434 2050 296 48 föreställningen
1748 2048 111 48 gives.

368 2118 34 33 3.
461 2114 74 36 Vid
563 2112 163 48 offentlig
754 2109 325 48 danstillställning
1107 2111 57 33 må
1192 2105 253 48 utskänkning
1472 2118 46 23 av
1545 2103 219 48 rusdrycker
1781 2101 81 36 icke

258 2169 66 37 ske
357 2169 14 35 i
403 2168 98 37 lokal
542 2168 87 35 eller
661 2169 20 34 å
714 2166 106 48 plats,
863 2165 65 36 där
956 2161 369 47 danstillställningen
1353 2165 85 42 äger
1466 2170 93 33 rum,
1588 2158 87 35 eller
1702 2156 14 36 i
1742 2167 121 24 annan

259 2223 99 36 lokal
400 2235 75 23 som
518 2221 82 36 med
641 2219 248 37 förstnämnda
931 2217 97 37 lokal
1069 2219 74 33 står
1171 2215 13 35 i
1211 2215 78 35 inre
1322 2212 235 46 förbindelse;
1588 2210 92 37 dock
1708 2212 57 33 må
1793 2210 69 35 Ko-

260 2289 167 35 nungens
469 2273 397 50 befallningshavande,
909 2272 92 36 efter
1043 2269 250 49 magistratens
1335 2267 87 36 eller
1454 2263 409 39 kommunalnämndens

307 2337 133 42 Bihang
454 2336 50 34 till
515 2335 190 43 riksdagens
711 2334 162 43 protokoll
886 2336 98 30 1919.
1011 2336 21 29 7
1044 2331 91 35 saml.
1162 2332 45 32 23
1220 2329 81 40 häft.
1325 2329 69 40 (Nr
1408 2327 164 39 26—27.)
1801 2326 17 31 1
