2186 2612
381 185 42 31 28
814 183 117 32 Andra
955 183 220 40 lagutskottets
1196 183 170 32 utlåtande
1389 183 53 31 Nr
1464 185 53 31 12.

378 265 91 41 jord.
491 265 55 31 för
579 263 269 42 tillgodoseende
884 273 41 21 av
959 263 353 41 jordbruksändamål,
1349 265 119 30 utöver
1505 264 63 30 vad
1591 264 55 32 för
1669 264 211 31 närvarande
1904 275 78 21 vore

378 304 146 46 stadgat,
550 308 102 31 borde
676 308 44 41 på
743 308 280 40 lagstiftningens
1048 310 66 39 väg
1137 308 226 41 genomföras,
1389 308 65 31 dels
1477 307 56 32 ock
1557 308 210 32 beträffande
1784 308 122 42 frågan
1925 320 54 21 om

378 353 225 41 upphävande
627 363 42 20 av
693 352 389 31 fideikommisstiftelser
1105 353 10 30 i
1140 353 69 30 fast
1229 353 167 38 egendom
1412 352 63 32 och
1491 352 139 32 därmed
1647 353 333 41 sammanhängande

378 397 173 41 spörsmål,
577 397 136 31 särskilt
737 397 77 30 med
838 397 130 40 hänsyn
992 397 54 30 till
1070 397 112 31 denna
1204 397 117 40 frågas
1346 397 208 32 bedömande
1578 408 41 20 ur
1639 399 124 30 sociala
1780 398 64 31 och
1861 399 119 31 ekono-

379 442 108 30 miska
500 442 218 40 synpunkter,
731 443 159 29 ävensom
903 442 121 40 avgiva
1037 441 42 31 de
1092 442 136 40 förslag,
1241 441 115 31 vartill
1369 442 268 40 utredningarna
1647 442 111 32 kunde
1769 443 207 32 föranleda.»

486 505 70 35 Till
598 504 229 48 fuallgörande
870 517 43 23 av
956 505 98 35 detta
1088 506 164 47 uppdrag
1286 505 67 35 har
1378 504 374 48 jordkommissionen,
1784 519 74 22 som
1888 511 90 43 sagt,

346 562 4 4 "
379 559 169 46 framlagt
572 558 245 43 förenämnda
848 558 196 45 lagförslag
1074 559 180 44 angående
1281 562 76 31 rätt
1384 562 51 31 att
1458 559 177 43 förvärva
1663 560 60 34 och
1753 559 122 35 besitta
1900 560 82 43 fast

380 613 164 44 egendom
571 611 13 35 i
612 612 94 48 syfte
744 616 53 31 att
835 611 187 35 förhindra
1056 612 208 47 ytterligare
1294 612 215 48 bondejords
1538 613 191 46 olämpliga
1758 616 181 44 övergång
1966 614 14 34 i

379 666 135 46 bolags,
545 665 234 35 ekonomiska
807 665 226 47 föreningars
1062 669 92 32 samt
1183 665 165 36 enskilda
1377 665 249 47 spekulanters
1655 672 74 41 ägo.
1780 666 69 35 För
1874 670 51 32 att
1945 667 31 47 ej

379 720 116 34 under
523 719 220 44 väntetiden,
773 718 55 36 till
858 719 81 35 dess
967 731 45 22 en
1041 719 103 47 dylik
1172 718 232 48 lagstiftning
1431 719 69 35 blir
1529 723 166 43 antagen,
1727 723 175 45 äventyra
1926 724 53 32 att

380 772 249 47 bondegårdar
671 773 255 46 undandragas
954 773 125 46 lagens
1108 773 119 47 skydd
1255 773 68 34 har
1353 773 95 35 förra
1476 775 77 32 året
1581 774 179 34 utfärdats
1789 786 46 22 en
1864 773 115 47 provi-

380 826 117 35 sorisk
525 827 70 46 lag,
625 838 74 23 som
729 825 186 48 förbjuder
934 826 123 46 bolags
1077 826 65 35 och
1162 826 234 35 ekonomiska
1415 826 224 46 föreningars
1659 826 143 36 förvärv
1823 840 45 22 av
1884 828 95 47 jord-

380 878 326 48 bruksfastigheter
735 879 12 34 i
776 879 44 35 de
849 892 44 23 av
921 879 469 48 norrlandslagstiftningen
1419 879 169 36 hitintills
1617 880 30 48 ej
1665 880 151 35 berörda
1832 881 147 35 delarna

380 946 43 22 av
454 933 104 43 riket,
590 933 109 35 såvitt
727 933 31 47 ej
789 932 148 35 särskilt
965 932 163 36 tillstånd
1158 933 163 35 erhålles.
1373 934 129 34 Denna
1531 933 243 46 provisoriska
1803 934 69 46 lag,
1904 946 73 22 som

379 986 118 46 gällde
525 986 55 34 för
609 989 52 32 ett
689 988 50 42 år,
770 986 66 34 har
866 988 43 44 på
938 985 232 48 regeringens
1199 987 216 34 hemställan
1444 999 43 23 av
1512 987 118 35 denna
1650 986 148 47 riksdag
1817 987 162 47 förnyats

380 1042 45 44 på
449 1039 210 48 ytterligare
687 1043 52 32 ett
768 1042 50 32 år.

486 1119 368 36 Jordkommissionen
896 1122 73 33 står
1003 1133 51 21 nu
1083 1120 96 35 inför
1207 1132 44 22 en
1280 1120 160 48 fullföljd
1469 1133 43 22 av
1541 1119 57 35 sin
1627 1121 111 34 andra
1766 1121 214 47 huvudupp-

380 1173 69 47 gift
477 1172 13 36 i
518 1173 327 46 lagstiftningsväg,
877 1173 182 46 nämligen
1088 1173 90 35 ofria
1204 1173 199 48 jordbruks
1432 1173 258 35 återbördande
1719 1174 54 34 till
1804 1177 52 32 ett
1885 1187 95 23 mera

379 1226 254 47 självständigt
674 1227 66 34 och
783 1226 246 48 betryggande
1059 1226 95 35 bruk
1182 1226 56 36 för
1267 1227 92 43 dem,
1391 1226 97 36 vilka
1516 1239 49 22 nu
1595 1227 85 35 sitta
1709 1239 72 22 som
1814 1228 165 35 arrenda-

338 1279 146 36 "torer.
543 1280 117 34 Bland
689 1280 44 35 de
762 1280 178 46 åtgärder,
977 1292 75 22 som
1083 1280 127 36 därvid
1239 1279 87 36 böra
1356 1285 203 41 övervägas,
1590 1286 60 29 äro
1679 1280 113 47 enligt
1820 1280 159 36 instruk-

379 1333 140 35 tionens
562 1332 223 49 uttryckliga
823 1333 139 48 lydelse
992 1334 67 38 den
1087 1333 132 35 sociala
1249 1333 269 44 arrendelagens
1549 1335 239 43 utsträckning
1820 1334 54 34 till
1903 1335 78 35 hela

379 1388 89 33 riket
496 1386 13 34 i
536 1386 149 47 lämplig
722 1387 220 46 omfattning
969 1390 94 32 samt
1092 1387 310 46 återupptagande
1430 1387 55 35 för
1513 1386 95 36 riket
1636 1387 13 34 i
1677 1387 80 35 dess
1785 1388 123 35 helhet
1936 1401 44 24 av

380 1441 70 34 den
479 1440 95 34 inom
604 1440 406 35 norrlandskommittén
1040 1441 112 34 redan
1181 1441 228 35 behandlade
1437 1440 127 47 frågan
1594 1453 55 22 om
1672 1441 308 45 tvångsavlösning

376 1493 68 43 för
466 1493 374 44 jordbruksändamål.
898 1494 291 35 Kommissionen
1222 1494 66 34 har
1318 1493 126 36 därvid
1474 1497 129 40 ansett,
1634 1497 53 32 att
1716 1499 90 30 även
1834 1495 67 34 här
1929 1508 51 22 er-

379 1546 185 36 fordrades
606 1559 44 22 en
692 1546 220 47 provisorisk
954 1547 58 46 lag
1049 1548 56 34 för
1133 1550 52 32 att
1212 1547 80 35 icke
1320 1547 14 34 i
1363 1550 132 32 väntan
1524 1549 45 44 på
1598 1548 69 34 den
1696 1547 186 36 definitiva
1910 1549 70 46 lag-

379 1600 216 47 stiftningen
624 1600 184 46 åtskilliga
841 1602 250 33 arrendatorer
1120 1601 84 35 eller
1233 1600 315 47 brukningsdelar,
1579 1613 75 22 som
1683 1601 109 35 borde
1822 1602 159 45 skyddas

382 1666 43 23 av
454 1654 218 43 densamma,
704 1654 266 47 undandragas.
985 1654 122 46 lagens
1138 1654 240 46 tillämpning.
1437 1655 71 34 Det
1536 1660 39 28 är
1604 1654 97 35 detta
1728 1655 250 46 provisorium,

381 1710 53 33 ett
462 1707 244 45 komplement
739 1707 138 35 således
906 1707 56 36 till
990 1707 61 35 det
1079 1707 111 35 redan
1218 1707 185 47 vidtagna,
1433 1720 73 22 som
1536 1707 195 35 innefattas
1760 1707 13 35 1
1797 1707 182 47 jordkom-

382 1760 211 35 missionens
635 1760 276 47 ifrågavarande
952 1760 136 47 förslag
1120 1773 56 22 om
1204 1760 364 48 tvångsförlängning
1596 1773 43 23 av
1667 1761 94 36 vissa
1790 1763 187 34 arrenden.

381 1815 111 34 Detta
533 1813 134 47 förslag
699 1814 66 34 har
793 1814 188 47 framlagts
1010 1827 44 22 av
1083 1814 282 35 kommissionen
1394 1814 173 46 enhälligt
1596 1817 88 32 utan
1712 1814 268 50 meningsskilj-

381 1867 163 46 aktighet
572 1866 12 35 i
612 1866 111 47 själva
766 1866 271 48 principfrågan
1080 1868 130 35 mellan
1253 1868 43 34 de
1339 1867 96 35 olika
1473 1867 312 47 partiriktningar,
1816 1881 75 23 som
1921 1875 60 29 äro

380 1921 292 46 representerade
700 1920 96 35 inom
826 1920 292 36 kommissionen.

487 1974 82 35 Den
597 1974 112 35 första
737 1974 140 47 frågan,
908 1987 74 22 som
1011 1974 195 47 riksdagen
1235 1974 44 35 då
1304 1975 121 34 ställes
1444 1974 106 45 inför,
1572 1981 39 29 är
1631 1975 223 47 spörsmålet,
1877 1976 104 34 huru-

384 2028 80 35 vida
492 2038 42 24 en
562 2028 109 34 social
700 2028 205 44 arrendelag
939 2028 61 34 och
1014 2028 401 44 tvångsavlösningslag
1443 2029 12 33 i
1484 2029 139 43 angivet
1649 2028 93 45 syfte
1770 2034 63 29 äro
1863 2028 118 35 behöv-

380 2081 73 44 liga
482 2081 61 34 och
572 2081 200 43 utförbara.
805 2081 117 35 Anses
951 2083 38 33 så
1018 2081 81 35 icke
1127 2094 85 23 vara
1240 2081 253 44 förhållandet,
1520 2081 160 36 förfaller
1700 2082 108 35 också
1827 2082 154 36 behovet

381 2147 44 23 av
453 2137 52 33 ett
534 2133 249 47 provisorium,
814 2147 76 23 som
919 2135 95 35 skall
1041 2135 132 35 bereda
1202 2148 79 21 rum
1311 2135 57 35 för
1395 2147 45 23 en
1468 2135 103 48 dylik
1599 2135 240 48 lagstiftning.

489 2189 96 34 Utan
613 2191 53 32 att
694 2191 84 44 taga
806 2191 117 44 någon
951 2188 228 47 ståndpunkt
1205 2188 56 35 till
1280 2189 158 34 nämnda
1457 2188 286 47 lagstiftningars
1763 2188 218 47 omfattning

381 2242 65 35 och
489 2247 164 30 närmare
687 2241 161 35 innehåll
877 2263 49 4 —
957 2254 121 23 varom
1108 2241 238 35 norrländska
1376 2242 255 46 arrendelagen
1659 2245 91 33 samt
1778 2242 202 35 norrlands-
