2236 2624
421 152 118 33 Andra
563 152 204 33 kammarens
785 151 139 43 fjärde
949 150 171 43 tillfälliga
1146 150 131 34 utskotts
1301 150 167 33 utlåtande
1492 151 58 33 Nr
1575 153 50 31 14.
1792 151 15 30 1

922 537 70 42 Nr
1033 537 76 42 14.

835 699 113 26 Ankom
968 698 41 26 till
1028 697 180 34 Riksdagens
1227 697 93 27 kansli
1339 697 57 27 den
1417 696 33 27 19
1470 697 57 33 maj
1550 696 67 28 1911
1637 697 37 27 kl.
1695 697 16 27 3
1730 705 25 19 e.
1777 705 36 18 m.

532 843 129 36 Andra
684 845 219 35 kammarens
924 842 150 48 fjärde
1102 843 182 45 tillfälliga
1311 841 148 38 utskotts
1486 843 181 36 utlåtande
1694 854 45 24 nr
1766 844 50 35 14

639 908 77 35 med
743 906 187 45 anledning
959 906 49 43 af
1028 907 80 35 herr
1144 906 182 45 Winbergs
1353 917 42 24 m.
1419 906 44 44 A.
1490 906 128 35 motion
1637 916 54 25 om
1709 904 107 45 skrif-

638 969 89 36 velse
762 968 52 37 till
842 969 132 44 Kungl.
1004 969 113 43 Maj:t
1145 967 179 47 angående
1351 979 42 25 en
1414 967 403 46 förhandlingsordning

639 1032 128 36 mellan
809 1033 209 42 tjänstemän
1060 1032 59 35 och
1148 1032 157 35 arbetare
1332 1032 13 34 i
1373 1035 129 32 statens
1532 1030 285 36 administrativa

639 1096 81 35 verk
750 1096 21 34 å
799 1106 65 25 ena
892 1098 91 32 samt
1009 1095 253 36 vederbörande
1289 1094 100 36 verks
1417 1093 161 46 styrelser
1607 1094 65 49 och
1693 1094 123 35 wuwnder-

1121 1158 9 10 o

642 1158 152 46 lydande
815 1156 268 47 förvaltningar
1110 1169 22 24 å
1160 1158 114 35 andra
1302 1157 113 35 sidan.

323 1319 61 36 Uti
413 1332 45 22 en
486 1319 96 35 inom
613 1318 128 36 Andra
769 1318 210 35 kammaren
1008 1317 109 37 väckt
1145 1317 145 44 motion,
1321 1329 45 23 nr
1398 1318 85 42 158,
1515 1316 66 36 har
1609 1317 84 35 herr
1719 1316 97 37 Win-

215 1376 78 42 berg
336 1386 45 22 m.
421 1373 35 35 fl.
502 1372 192 44 hemställt,
739 1374 52 33 att
833 1371 211 47 Riksdagen
1087 1370 82 37 ville
1197 1371 14 35 i
1239 1370 191 36 skrifvelse
1458 1370 57 36 till
1542 1370 137 47 Kungl.
1710 1369 107 49 Maj:t

215 1427 198 43 hemställa,
458 1427 62 35 det
561 1426 135 47 Kungl.
741 1424 106 49 Maj:t
889 1424 141 37 täcktes
1073 1424 212 37 föranstalta
1320 1436 55 24 om
1404 1423 199 47 utredning
1631 1424 186 47 angående

215 1481 227 47 lämpligaste
471 1480 132 36 former
631 1480 68 35 och
727 1479 159 48 grunder
915 1479 56 35 för
999 1478 250 36 fastställande
1277 1478 40 35 af
1343 1490 44 23 en
1408 1477 410 47 förhandlingsordning

217 1535 129 36 mellan
373 1534 13 35 i
415 1537 138 33 statens
582 1532 289 37 administrativa
899 1532 89 37 verk
1016 1533 179 35 anställda
1223 1531 218 49 tjänstemän
1470 1532 68 35 och
1568 1531 164 36 arbetare
1751 1531 66 35 och

217 1590 104 35 deras
350 1587 285 48 organisationer
663 1589 20 33 å
711 1599 68 23 ena
807 1585 104 37 sidan
930 1587 67 35 och
1016 1586 268 36 vederbörande
1305 1585 107 37 verks
1432 1585 152 47 styrelse
1604 1585 65 35 och
1689 1585 128 35 under-

216 1643 156 47 lydande
401 1640 266 48 förvaltningar
695 1643 20 33 å
744 1641 112 35 andra
885 1639 115 45 sidan,
1028 1642 92 33 samt
1139 1639 157 36 därefter
1315 1639 55 36 för
1388 1638 213 47 Riksdagen
1621 1638 197 47 framlägga

218 1696 134 47 förslag
380 1695 12 35 i
421 1695 161 35 ärendet.

324 1748 70 36 Till
422 1749 80 35 stöd
531 1748 56 35 för
615 1748 118 35 denna
762 1745 266 48 framställning
1056 1746 66 35 har
1150 1745 138 37 anförts
1317 1744 172 49 följande:

330 1802 78 36 »En
437 1802 113 46 fråga,
581 1813 74 23 som
685 1801 116 35 under
830 1812 125 24 senare
983 1799 101 36 tiden
1114 1799 62 36 allt
1205 1811 77 23 mer
1310 1799 65 35 och
1405 1810 78 23 mer
1507 1801 124 44 trängt
1651 1797 55 48 sig
1726 1798 90 35 fram

217 1856 57 36 till
315 1855 217 44 beaktande,
577 1860 39 30 är
658 1854 59 36 väl
752 1856 89 34 utan
868 1853 129 37 tvifvel
1026 1853 241 36 förhållandet
1295 1852 132 36 mellan
1457 1851 264 48 arbetsgifvare
1750 1852 68 35 och

218 1910 174 36 arbetare.

325 1964 67 34 Om
436 1963 62 35 det
540 1962 151 36 sålunda
732 1962 73 35 kan
848 1973 106 24 anses
997 1959 129 48 nödigt
1168 1962 54 33 att
1262 1962 61 33 ute
1352 1962 45 44 på
1427 1958 391 37 arbetsmarknaden
1796 1954 26 58 i

218 2017 195 35 allmänhet
455 2015 88 48 följa
585 2016 118 35 denna
743 2015 101 46 fråga
873 2014 81 35 med
982 2013 331 47 uppmärksamhet,
1345 2015 38 33 så
1412 2013 65 35 bör
1505 2013 62 34 det
1595 2011 114 47 enligt
1738 2014 80 34 vårt

219 2070 233 35 förmenande
495 2068 109 36 också
645 2080 86 24 vara
766 2067 40 36 af
831 2067 171 35 behofvet
1031 2066 196 46 påkalladt,
1259 2069 52 32 att
1339 2068 129 41 staten,
1500 2067 46 44 på
1575 2066 44 34 de
1648 2065 170 35 områden

219 2123 64 35 där
312 2123 206 34 densamma
546 2121 199 47 uppträder
774 2132 73 24 som
878 2119 120 36 direkt
1028 2118 271 47 arbetsgifvare,
1330 2119 91 34 låter
1450 2117 56 47 sig
1526 2118 188 46 angeläget
1734 2129 86 24 vara

219 2179 53 32 att
300 2175 247 36 åstadkomma
576 2175 134 35 sådana
738 2173 253 36 förhållanden
1020 2172 56 36 för
1105 2172 69 35 den
1203 2171 12 36 i
1242 2172 81 35 dess
1342 2170 114 49 tjänst
1478 2171 177 35 anställda
1674 2170 146 48 tjänste-

220 2229 223 47 personalen,
474 2231 53 33 att
557 2228 54 35 för
640 2228 118 35 denna
787 2226 198 47 angelägna
1013 2226 68 35 och
1111 2224 140 48 viktiga
1279 2225 121 46 frågor
1429 2224 144 36 komma
1602 2227 53 32 att
1675 2223 145 47 pröfvas

219 2283 65 35 och
314 2282 141 47 afgöras
484 2284 47 44 på
559 2284 52 33 ett
639 2284 82 41 sätt,
753 2292 73 24 som
856 2280 137 35 lämnar
1021 2281 131 34 största
1180 2277 145 49 möjliga
1350 2277 144 48 garanti
1514 2278 55 35 för
1588 2276 229 48 opartiskhet

264 2343 133 40 Bihang
410 2342 48 33 till
471 2341 115 34 Riksd.
596 2343 86 39 prot.
699 2343 97 30 1911.
824 2343 19 29 9
860 2340 100 32 Saml.
989 2340 11 31 2
1016 2338 79 40 Afd.
1124 2340 11 31 ?
1147 2338 110 33 Band.
1277 2341 20 29 4
1310 2338 68 33 Ser.
1399 2341 42 30 13
1454 2337 95 41 Häft.
1568 2337 67 40 (Nr
1647 2337 69 38 14.)
1759 2338 14 30 1
