2224 2622
391 143 45 47 538
613 146 117 31 Andra
755 146 202 31 kammarens
981 144 109 42 fjärde
1114 144 168 40 tillfälliga
1309 146 129 31 utskotts
1460 145 167 31 utlåtande
1650 146 54 30 Nr
1726 148 45 28 11.

394 239 47 28 att
478 246 40 21 en
555 234 459 41 förhandlingskommission
1050 233 78 32 med
1164 233 320 33 bestämmanderätt
1520 234 107 31 skulle
1663 234 106 32 blifva
1809 234 184 42 behörigen

395 283 234 34 sammansatt,
663 279 103 32 borde
801 280 54 31 för
890 278 99 41 öfrigt
1015 279 9 30 i
1050 278 197 31 densamma
1275 279 110 31 finnas
1410 282 266 38 representanter
1699 279 128 40 jämväl
1850 280 52 30 för
1927 279 66 31 den

394 325 130 42 privata
553 324 197 32 industrien.
799 323 53 31 En
877 323 92 41 dylik
993 326 143 38 apparat
1160 323 92 31 torde
1277 323 86 31 dock
1387 333 80 22 vara
1492 323 216 40 synnerligen
1732 323 172 42 olämplig,
1929 324 63 31 och

394 370 55 31 det
473 369 62 32 har
559 368 170 33 dessutom
753 368 74 31 icke
851 367 86 33 visat
961 367 51 41 sig
1036 371 91 28 möta
1152 368 103 39 några
1280 367 206 41 svårigheter
1503 371 47 28 att
1568 367 56 33 vid
1641 367 41 32 de
1695 368 299 41 öfverläggningar

394 414 159 41 styrelsen
578 413 72 32 haft
674 412 76 32 med
770 413 73 31 sina
860 411 148 32 arbetare
1025 412 136 31 komma
1178 411 49 32 till
1245 412 227 32 samförstånd
1489 413 9 30 i
1516 423 48 21 nu
1580 412 223 33 förevarande
1823 413 168 32 afseende.

500 458 103 32 Hvad
639 458 143 31 därefter
817 456 266 41 bestraffningen
1120 457 35 30 af
1189 457 132 31 verkets
1349 458 154 40 personal
1527 457 223 37 vidkommer,
1775 457 110 32 finnas
1910 458 82 32 före-

394 503 136 31 skrifter
566 503 114 31 därom
718 501 198 32 meddelade
951 502 52 30 för
1032 502 41 30 de
1097 501 166 32 ordinarie
1288 501 63 32 och
1376 507 92 26 extra
1492 502 167 31 ordinarie
1682 502 275 41 tjänstemännen
1983 504 9 30 i

394 547 64 32 den
483 548 36 31 af
541 547 105 32 Eders
674 546 128 40 Kungl.
828 545 97 41 Maj:t
949 547 52 30 för
1025 546 304 40 telegrafstyrelsen
1353 547 178 31 utfärdade
1555 546 249 32 instruktionen
1829 551 88 27 samt
1941 548 52 31 för

394 591 258 41 linjearbetarna
688 591 70 32 dels
784 591 9 31 i
820 591 40 31 de
895 591 64 30 den
995 592 19 29 9
1047 590 147 31 februari
1233 591 84 31 1909
1342 590 177 32 utfärdade
1544 591 171 31 allmänna
1740 590 252 33 bestämmelser

392 636 142 33 rörande
559 636 149 32 arbetare
732 636 58 31 vid
808 635 267 41 telegrafverket,
1090 637 123 29 statens
1230 635 184 41 järnvägar
1430 635 62 32 och
1509 636 109 31 under
1634 635 358 42 vattenfallsstyrelsen

393 681 146 41 lydande
575 681 90 36 verk,
691 680 69 32 dels
786 680 9 31 i
822 679 40 32 de
888 681 35 29 af
946 679 304 41 telegrafstyrelsen
1285 680 66 31 den
1385 681 40 30 12
1449 680 139 32 oktober
1615 680 83 32 1909
1724 680 179 32 utfärdade
1928 686 63 26 sär-

387 726 112 31 skilda
538 725 251 32 bestämmelser
829 724 141 32 rörande
1006 724 150 31 arbetare
1180 724 56 32 vid
1265 724 272 41 telegrafverkets
1562 724 225 42 linjedistrikt.
1835 725 156 32 Bestraff-

392 770 121 41 ningar
549 770 104 32 hafva
689 770 134 41 mycket
860 768 104 32 sällan
993 769 226 38 förekommit,
1245 770 63 31 och
1333 769 43 31 då
1400 769 266 42 anledningarna
1691 769 50 32 till
1765 769 82 32 allra
1872 773 119 28 största

391 815 97 31 delen
524 815 86 31 varit
645 812 209 43 onykterhet,
890 814 106 31 finnes
1032 815 60 39 fog
1120 814 52 31 för
1197 814 65 31 den
1287 814 286 41 förhoppningen,
1599 817 47 28 att
1672 815 95 30 deras
1792 815 91 31 antal
1908 815 84 31 skall

392 860 159 31 minskas.
601 859 72 31 Den
699 859 136 40 vanliga
860 858 205 41 proceduren
1091 863 35 26 är
1150 858 63 32 den
1239 861 47 29 att
1310 859 85 31 efter
1419 862 44 28 ett
1487 858 125 38 förhör,
1638 859 118 31 därvid
1774 858 66 32 den
1856 859 136 31 felande

390 904 121 31 erkänt
545 904 51 31 sin
634 903 162 38 förseelse,
834 906 173 38 uppsättes
1044 906 45 28 ett
1120 903 174 41 protokoll,
1321 913 72 22 som
1430 904 33 30 af
1487 903 126 31 honom
1639 904 48 30 till
1712 903 202 42 riktigheten
1939 903 51 32 be-

391 948 139 41 styrkes,
556 948 171 32 hvarefter
764 947 130 32 straffet
929 948 35 30 af
988 946 252 33 vederbörande
1265 948 199 41 myndighet
1488 947 148 33 ådömes.
1683 947 52 32 En
1760 958 132 31 person,
1918 959 72 20 som

390 993 11 31 i
426 993 111 32 denna
577 993 144 40 ordning
757 992 141 31 erhåller
934 992 96 31 straff
1054 992 52 31 för
1130 1002 41 21 en
1196 992 166 36 förseelse,
1388 992 66 31 kan
1479 993 55 30 väl
1558 992 30 42 ej
1614 996 115 37 gärna,
1754 995 83 29 utan
1862 996 48 29 att
1935 993 54 31 det

390 1037 150 42 verkliga
576 1037 228 32 förhållandet
839 1037 181 40 förryckes,
1047 1046 97 22 anses
1179 1037 53 31 för
1268 1047 41 21 en
1345 1036 169 33 tvistande
1544 1040 84 38 part.
1675 1036 197 32 Emellertid
1896 1038 94 31 torde

391 1083 168 31 dessutom
585 1082 148 35 beaktas,
759 1084 48 29 att
831 1081 63 31 alla
921 1080 309 42 bestraffningsmål
1254 1082 118 31 kunna
1396 1086 97 36 göras
1517 1082 50 30 till
1592 1081 139 32 föremål
1756 1082 53 32 för
1829 1083 161 40 pröfning

390 1128 35 30 af
459 1127 104 41 högre
598 1127 139 36 instans,
764 1127 61 31 där
861 1126 64 31 den
950 1125 167 41 klagande
1142 1131 77 36 äger
1244 1125 209 42 obegränsad
1479 1129 63 28 rätt
1567 1129 47 28 att
1637 1127 108 31 under
1769 1126 118 32 målets
1912 1127 77 31 fort-

390 1171 179 32 skridande
594 1171 190 41 framlägga
821 1170 66 35 allt,
917 1180 71 22 som
1013 1170 67 31 kan
1106 1170 66 31 tala
1195 1170 50 31 till
1268 1170 87 31 hans
1379 1171 142 31 förmån.
1571 1170 131 32 Genom
1727 1171 205 32 inrättandet
1956 1173 34 30 af

388 1216 280 41 regeringsrätten
693 1217 111 30 såsom
830 1215 117 41 högsta
972 1215 129 31 instans
1126 1216 52 31 för
1194 1215 121 32 besvär
1332 1215 95 32 öfver
1443 1215 273 32 ämbetsverkens
1741 1215 107 32 beslut
1865 1216 9 31 i
1892 1215 97 33 dessa

388 1260 67 31 mål
478 1260 95 32 torde
598 1261 99 31 äfven
722 1262 52 30 för
799 1260 66 32 den
890 1259 210 41 ömtåligaste
1124 1270 79 22 vara
1228 1260 194 41 undanröjd
1448 1260 43 31 all
1515 1260 73 31 fara
1613 1261 51 31 för
1689 1263 47 29 att
1752 1260 112 32 målen
1882 1260 107 32 skulle

388 1306 115 30 kunna
526 1305 107 32 blifva
657 1305 195 40 lättvindigt
877 1304 79 31 eller
979 1304 144 42 partiskt
1146 1304 234 42 slutafgjorda.
1428 1304 160 32 Däremot
1604 1304 67 32 kan
1688 1315 69 31 nog
1772 1305 117 32 tvifvel
1907 1305 81 32 råda

388 1360 54 21 om
467 1353 44 28 ett
538 1349 310 41 bestraffningsmål
873 1349 92 31 alltid
990 1349 85 31 skall
1099 1349 116 31 kunna
1242 1349 126 31 erhålla
1390 1350 55 30 sitt
1461 1350 75 30 från
1555 1349 64 31 alla
1636 1350 212 41 synpunkter
1864 1349 123 42 riktiga

386 1394 186 41 afgörande
597 1394 74 31 med
698 1394 65 31 den
787 1393 174 43 procedur,
988 1404 72 21 som
1086 1393 10 31 i
1121 1394 172 31 motionen
1318 1393 108 32 finnes
1451 1393 137 42 antydd.

494 1438 214 33 Beträffande
733 1438 157 41 slutligen
916 1438 40 31 de
980 1438 58 32 vid
1062 1438 201 32 verkstaden
1288 1438 167 31 anställda
1480 1437 185 38 arbetarna,
1692 1439 114 41 intaga
1824 1439 97 32 dessa
1937 1439 49 31 till

386 1483 85 42 följd
498 1484 35 31 af
560 1483 319 32 verkstadsarbetets
904 1482 168 32 skiftande
1096 1482 234 32 beskaffenhet
1354 1493 41 20 en
1420 1482 141 32 särskild
1586 1483 168 41 ställning,
1781 1483 62 32 och
1869 1484 116 30 kunna

387 1528 114 32 därför
535 1528 52 31 för
624 1528 75 32 dem
739 1528 29 41 ej
796 1527 87 41 gälla
908 1537 129 21 samma
1063 1527 250 32 bestämmelser
1337 1527 10 31 i
1373 1527 158 32 afseende
1555 1528 42 41 på
1623 1527 188 41 aflöningar
1835 1538 73 21 som
1932 1529 53 30 för

386 1572 269 42 linjearbetarna.
704 1572 73 32 Den
816 1574 118 30 största
971 1572 96 31 delen
1102 1574 35 29 af
1174 1571 303 33 verkstadsarbetet
1506 1572 127 31 utföres
1657 1574 44 40 på
1725 1572 134 39 ackord,
1884 1572 100 33 hvars

385 1616 121 43 belopp
531 1617 202 32 bestämmes
759 1618 52 30 för
835 1616 118 41 hvarje
970 1617 73 40 slag
1060 1617 35 30 af
1113 1616 111 32 arbete
1241 1617 86 31 efter
1343 1617 342 31 öfverenskommelse
1702 1617 78 31 med
1797 1618 186 32 arbetaren.

385 1663 57 30 Att
477 1662 208 31 öfverlämna
721 1660 270 33 bestämmandet
1026 1661 97 32 häraf
1148 1664 32 29 åt
1205 1672 41 20 en
1273 1661 366 41 förhandlingsnämnd
1664 1661 107 32 skulle
1795 1662 188 39 förutsätta,

386 1710 56 34 att,
468 1708 110 30 såsom
604 1706 225 32 förhållandet
854 1710 36 27 är
913 1706 10 31 i
948 1706 41 31 de
1013 1709 90 29 stora
1127 1706 204 37 fabrikerna,
1358 1716 129 21 samma
1507 1706 150 32 arbetare
1675 1708 36 30 år
1727 1707 55 31 för
1798 1708 37 30 år
1850 1708 135 31 utförde

386 1761 128 21 samma
540 1750 119 32 arbete.
708 1750 43 31 Så
777 1756 36 26 är
837 1750 195 32 emelllertid
1054 1750 73 32 icke
1150 1750 92 32 fallet
1259 1751 77 31 med
1354 1751 273 40 telegrafverkets
1645 1751 337 33 verkstadsarbetare.

387 1795 49 32 De
472 1795 88 32 olika
597 1795 158 32 arbetena
791 1795 171 31 därstädes
987 1794 129 32 drifvas
1139 1795 171 41 nämligen
1335 1795 10 31 i
1369 1795 247 41 jämförelsevis
1641 1796 80 31 liten
1746 1796 103 38 skala,
1876 1799 36 29 så
1936 1800 48 28 att

386 1850 127 21 samme
551 1839 149 33 arbetare
735 1840 54 31 får
825 1840 111 31 utföra
965 1839 89 32 olika
1079 1840 88 41 slags
1191 1840 148 37 arbeten,
1366 1839 57 32 allt
1447 1840 84 31 efter
1555 1850 72 21 som
1652 1840 159 32 behofvet
1835 1842 37 30 af
1895 1842 88 30 olika

384 1884 373 41 tillverkningsartiklar
773 1884 207 41 påkommer.
1028 1884 67 32 För
1112 1884 40 32 de
1169 1884 151 32 arbetare
1337 1886 78 36 åter,
1433 1894 72 22 som
1522 1884 127 32 aflönas
1665 1885 78 32 med
1756 1886 225 42 timpenning,

385 1928 124 32 betalas
535 1939 129 21 samma
689 1929 158 41 aflöning,
874 1939 71 21 som
970 1928 103 42 gäller
1097 1930 52 30 för
1173 1929 238 32 motsvarande
1435 1929 87 41 slags
1548 1929 149 32 arbetare
1721 1930 94 32 inom
1837 1930 66 32 den
1920 1931 62 41 pri-

384 1977 78 28 vata
486 1973 376 32 verkstadsindustrien.
910 1973 287 41 ”Telegrafverkets
1221 1973 158 32 verkstad
1404 1973 129 41 intager
1556 1974 172 41 nämligen
1753 1975 93 31 inom
1871 1975 111 31 denna

381 2027 44 22 en
450 2019 35 30 så
511 2017 153 42 blygsam
689 2018 96 42 plats,
812 2021 47 28 att
884 2018 128 31 dennas
1037 2018 186 41 aflöningar
1247 2019 107 30 måste
1378 2028 80 21 vara
1482 2017 255 34 bestämmande
1761 2020 54 31 för
1832 2020 150 40 telegraf-

384 2062 140 32 verkets.
573 2062 104 32 Dessa
705 2062 189 42 aflöningar
916 2062 93 31 torde
1033 2064 71 30 åter
1128 2063 9 31 i
1162 2062 184 32 allmänhet
1370 2072 80 22 vara
1475 2062 174 33 bestämda
1672 2064 85 32 efter
1780 2064 202 41 föregående

384 2106 259 41 förhandlingar
678 2107 123 31 mellan
835 2107 270 41 arbetsgifvarna
1129 2107 62 31 och
1216 2107 177 32 arbetarna
1418 2107 62 31 och
1504 2108 35 30 få
1562 2109 56 30 väl
1643 2108 114 32 därför
1780 2119 97 21 anses
1902 2119 79 21 vara

381 2152 151 41 afvägda
556 2151 77 31 med
658 2151 133 41 hänsyn
816 2152 49 31 till
891 2152 103 31 bådas
1019 2152 173 31 intressen.
1240 2151 58 31 Att
1322 2152 109 31 under
1454 2151 127 33 sådana
1604 2152 235 33 förhållanden
1858 2155 53 29 för
1927 2154 55 30 det

385 2196 243 32 försvinnande
663 2195 118 32 fåtalet
802 2195 213 33 timarbetare
1039 2196 93 31 inom
1156 2196 275 40 telegrafverkets
1456 2196 157 33 verkstad
1637 2197 111 32 införa
1773 2208 41 21 en
1839 2197 143 32 särskild

383 2239 393 42 förhandlingsordning,
802 2251 79 21 vore
905 2240 126 32 således
1056 2241 221 40 öfverflödigt.
