2232 2626
419 151 120 33 Andra
562 150 204 33 kammarens
782 147 115 42 fjärde
921 143 170 43 tillfälliga
1114 141 134 34 utskotts
1270 138 166 35 utlåtande
1459 136 54 33 Nr
1535 138 47 30 14.
1739 133 63 33 105

311 245 61 30 För
395 244 87 31 hvad
505 244 58 29 har
586 242 58 30 här
667 241 125 30 föraren
816 239 124 29 kunnat
964 234 188 33 bestraffas?

311 290 16 29 I
350 289 193 40 protokollet
566 287 88 31 öfver
677 282 262 38 sammanträdet,
966 281 56 30 där
1034 280 117 30 domen
1167 277 68 37 föll,
1254 276 169 31 motiveras
1439 272 69 32 däri
1524 271 75 32 med
1616 273 47 29 att
1678 271 126 30 föraren

204 335 102 31 brutit
330 336 68 29 mot
425 332 166 40 »gällande
614 331 139 40 praxis».

312 379 72 30 Hur
417 389 77 28 svag
517 388 40 20 en
581 377 99 30 sådan
703 373 190 38 motivering
916 374 41 28 än
981 373 35 28 är
1041 370 12 30 i
1076 369 47 38 sig
1146 367 87 41 själf,
1258 367 34 30 så
1316 366 56 30 bör
1395 365 58 30 här
1476 363 96 31 äfven
1596 361 137 36 anföras,
1757 361 48 29 att

207 426 40 30 19
272 425 112 35 förare,
410 433 69 21 som
503 422 103 31 under
628 418 239 41 ifrågavarande
891 416 147 31 tidtabell
1062 415 67 38 gått
1152 412 75 31 med
1251 420 125 22 samma
1399 410 62 37 tåg,
1487 407 98 31 hafva
1607 406 134 40 intygat,
1758 406 47 28 att

206 470 55 30 det
284 470 29 39 ej
338 478 56 21 var
417 467 149 40 gällande
589 465 118 40 praxis,
732 467 79 27 utan
834 464 48 29 att
904 462 11 29 i
939 461 108 30 stället
1069 460 94 37 tågen
1187 457 68 30 ofta
1271 455 152 38 framgått
1438 453 89 30 öfver
1542 451 117 31 växeln
1675 460 38 20 nr
1731 448 72 32 109.

313 513 114 30 Denna
462 511 208 37 bestraffning
705 509 66 30 blef
805 506 185 38 visserligen
1014 504 98 31 sedan
1135 503 11 29 i
1169 503 97 37 högre
1289 500 123 30 instans
1436 496 158 41 upphäfd,
1619 505 76 20 men
1718 494 89 30 detta

206 559 164 37 försvagar
393 558 29 39 ej
448 557 55 30 det
526 555 107 31 starka
657 553 157 39 intrycket
837 551 43 36 af,
905 553 48 27 att
975 550 59 30 allt
1057 549 30 39 ej
1112 550 35 28 är
1170 556 70 21 som
1264 545 54 30 det
1341 543 97 31 borde
1462 552 85 21 vara.

315 602 57 31 Ett
395 602 103 39 tredje
520 601 69 35 fall,
614 608 69 22 som
707 598 95 30 äfven
824 594 172 32 inträffade
1018 594 36 30 år
1079 592 95 36 1908,
1199 593 34 28 är
1256 588 157 40 följande:

314 647 51 30 En
388 647 103 30 förare
515 646 72 38 gick
611 643 72 32 med
709 645 45 28 ett
777 642 53 38 tåg
853 641 72 30 från
948 639 64 39 Ky.
1037 638 51 30 till
1112 635 197 32 Stockholm.
1347 632 63 31 Vid
1433 630 225 39 Bergsbrunna
1678 628 128 36 station,

208 693 58 31 där
301 692 143 39 signalen
479 701 57 21 var
559 690 42 39 på
624 689 144 30 eldarens
791 686 80 36 sida,
895 684 119 31 erhölls
1037 682 117 39 afgång
1177 680 115 36 direkt,
1316 679 32 30 så
1374 678 85 38 tåget
1483 675 105 31 skulle
1612 674 33 30 få
1669 682 136 30 passera.

208 738 99 30 Utom
342 739 47 28 att
424 736 129 31 eldaren
589 735 55 37 såg
674 730 287 41 afgångssignalen,
987 729 55 37 såg
1065 728 65 29 han
1153 726 105 35 äfven,
1283 726 47 28 att
1352 723 216 38 tågmästaren
1591 718 110 32 visade
1724 717 85 30 klart

208 783 12 30 i
244 783 95 38 tåget.

317 826 84 30 Från
435 825 224 38 Bergsbrunna
693 825 35 27 är
762 830 40 21 en
836 820 52 31 väl
919 820 18 30 7
967 818 67 30 km.
1071 815 149 39 stigning,
1246 814 35 30 så
1308 815 57 27 när
1389 808 237 41 afgångssignal
1655 802 153 47 erhållits,

210 872 103 30 måste
348 870 128 31 eldaren
511 871 75 36 göra
621 877 39 21 en
694 865 183 41 påeldning,
909 863 60 31 och
993 871 71 21 som
1086 861 88 30 loket
1196 858 84 31 hade
1303 857 61 30 full
1388 856 72 36 last,
1485 864 56 22 var
1564 853 96 31 äfven
1683 852 126 30 föraren

210 916 77 31 fullt
310 917 163 37 upptagen
497 914 76 30 med
595 914 159 37 regulator
776 910 60 30 och
860 907 175 38 sandregel.

318 960 91 30 Efter
444 959 53 30 det
532 955 277 41 afgångssignalen
832 953 120 39 gifvits,
976 952 147 29 kommer
1146 949 102 37 tågets
1271 946 221 40 packmästare
1516 941 185 32 underfund
1725 940 84 36 med,

213 1008 49 28 att
288 999 54 36 ett
369 1014 57 30 par
449 1003 80 31 kolli
553 1002 77 39 gods
654 1000 82 32 skall
760 999 33 31 af
816 998 55 32 vid
894 996 170 36 stationen,
1088 993 131 32 hvarför
1242 992 64 30 han
1330 991 107 39 börjar
1460 989 130 30 bromsa
1613 988 84 29 samt
1720 984 92 31 söker

213 1059 117 30 genom
354 1049 137 39 signaler
514 1050 115 36 stoppa
652 1046 93 38 tåget.

321 1094 43 30 Af
393 1095 60 29 lätt
476 1091 165 32 förstådda
664 1090 70 31 skäl
757 1087 305 41 uppmärksammas
1086 1084 29 39 ej
1141 1083 92 30 dessa
1256 1080 137 39 signaler
1416 1078 33 31 af
1472 1076 189 41 personalen
1684 1076 19 29 å
1726 1074 88 30 loket

213 1139 208 36 omedelbart,
457 1137 130 32 hvarför
610 1145 40 22 en
673 1132 270 40 trafikinspektor,
969 1139 70 22 som
1062 1129 76 30 åker
1161 1127 12 30 i
1196 1127 95 38 tåget,
1316 1125 101 38 gifver
1440 1123 92 30 order
1555 1131 64 27 om,
1644 1122 47 28 att
1714 1119 99 38 signa-

214 1185 90 30 lerna
338 1183 91 31 skola
462 1182 159 38 indragas,
657 1180 35 30 så
722 1178 82 31 skall
828 1178 65 29 han
917 1175 102 31 beifra
1042 1174 108 30 saken.
1198 1171 137 30 Föraren
1359 1169 58 30 har
1440 1167 117 36 märkt,
1582 1168 48 28 att
1653 1165 85 38 tåget
1761 1163 54 38 går

214 1231 104 36 tungt,
343 1228 129 30 hvarför
495 1227 65 29 han
584 1228 88 35 säger
695 1225 33 29 åt
751 1222 129 31 eldaren
904 1223 48 28 att
975 1229 33 21 se
1031 1221 47 34 ut,
1102 1227 54 20 om
1179 1217 99 37 några
1301 1213 137 39 signaler
1461 1212 112 38 gifvas,
1600 1219 74 21 men
1697 1208 42 30 då
1758 1208 58 30 har

215 1273 47 30 Ti.
299 1272 92 32 order
426 1271 108 31 blifvit
567 1269 115 40 åtlydd
715 1268 60 30 och
810 1267 85 37 tåget
930 1265 171 29 fortsätter.
1148 1260 51 31 En
1229 1259 48 31 tid
1301 1258 138 31 därefter
1462 1256 121 31 erhöllo
1607 1255 126 29 föraren
1756 1252 60 31 och

216 1318 129 30 eldaren
369 1315 214 32 meddelande
606 1323 62 27 om,
694 1315 47 28 att
765 1311 39 31 de
828 1309 129 32 erbållit
982 1309 18 29 3
1025 1308 113 37 dagars
1161 1303 195 38 löneafdrag.

323 1362 69 29 Här
415 1361 105 30 skulle
543 1359 32 31 vi
598 1359 111 30 kunna
732 1357 148 29 fortsätta
903 1353 76 31 med
1002 1355 42 27 än
1067 1351 77 30 flera
1166 1349 59 30 fall
1248 1349 72 29 från
1343 1356 110 21 senare
1469 1345 83 30 tider
1568 1343 33 31 af
1617 1341 201 38 fullkomligt

217 1406 155 31 liknande
395 1405 231 35 beskaffenhet,
652 1412 74 21 men
751 1401 53 30 det
828 1398 135 32 anförda
986 1397 54 30 må
1063 1405 76 22 vara
1162 1403 71 29 nog.

325 1451 43 30 Af
391 1450 54 31 det
468 1449 136 31 anförda
626 1450 49 28 tro
698 1446 32 31 vi
753 1455 51 21 oss
827 1444 98 30 hafva
948 1441 151 31 framfört
1122 1439 89 31 bevis
1234 1438 59 36 för,
1311 1438 46 28 att
1372 1435 127 31 krafvet
1515 1443 54 21 om
1584 1426 234 46 förhandlings-

218 1499 64 28 rätt
304 1496 50 30 för
377 1496 204 38 statstjänare
605 1495 35 28 är
663 1492 51 31 väl
738 1488 201 37 motiveradt,
964 1486 61 31 och
1048 1487 48 29 att
1119 1484 55 30 det
1196 1492 75 22 vore
1293 1480 134 41 lyckligt
1450 1479 50 30 för
1523 1477 89 32 såväl
1628 1474 191 33 statsverket

220 1551 69 21 som
324 1541 50 29 för
403 1539 199 40 personalen,
627 1547 53 20 om
705 1536 188 30 densamma
916 1531 111 31 kunde
1049 1530 121 30 införas
1194 1527 75 31 med
1292 1526 54 30 det
1369 1526 152 29 snaraste.
1570 1522 61 30 Det
1654 1523 34 28 är
1712 1519 107 31 därför

219 1588 48 28 att
302 1585 132 39 hoppas,
471 1586 47 28 att
553 1583 39 30 de
626 1580 227 35 institutioner,
887 1587 70 22 som
981 1576 43 30 ha
1047 1577 47 28 att
1117 1572 162 32 behandla
1302 1570 164 31 motionen
1489 1568 12 30 i
1524 1567 99 38 fråga,
1648 1565 87 39 gifva
1759 1564 62 30 den

220 1630 57 31 sitt
300 1630 82 30 fulla
405 1629 82 30 stöd.

329 1691 188 31 Stockholm
541 1690 63 30 den
629 1689 39 30 27
694 1687 81 39 april
801 1684 95 32 1911.

873 1760 302 42 Högaktningsfullt

673 1812 48 30 för
745 1810 142 38 Sveriges
911 1801 466 37 Lokomotivmannaförbund:

940 1858 171 42 Styrelsen,

909 1922 46 25 gm
976 1912 50 34 Hj.
1047 1910 97 28 Molin.

1411 1959 42 32 N.
1478 1958 34 33 J.
1538 1958 181 41 Engström.

277 2340 133 43 Bihang
427 2341 48 33 till
493 2338 113 34 Riksd.
621 2339 81 41 prot.
722 2336 95 32 1911.
855 2335 19 29 9
892 2331 100 34 Saml.
1028 2330 23 32 2
1067 2327 80 43 Afd.
1182 2328 23 31 2
1219 2325 107 33 Band.
1352 2327 20 29 4
1387 2324 68 32 Ser.
1484 2324 41 30 13
1542 2321 95 42 Häft.
1749 2318 40 30 14
