1916 2818
574 140 102 29 Andra
699 140 193 36 lagutskottets
914 140 146 28 utlåtande
1082 139 45 29 Nr
1154 140 48 28 27.
1637 136 15 30 1

833 399 60 40 Nr
924 398 59 42 27.

567 510 124 28 Ankom
716 510 49 28 till
790 510 186 37 riksdagens
1000 510 104 28 kansli
1128 511 61 27 den
1215 510 17 28 5
1255 511 71 36 juni
1353 510 76 28 1941
1456 510 41 28 kl.
1521 510 19 28 4
1563 519 25 19 e.
1613 519 40 18 m.

463 611 193 37 Utldtande
683 613 14 35 i
724 612 194 49 anledning
947 624 45 24 av
1019 612 134 49 Kungl.
1184 612 129 46 Maj:ts
1339 613 220 47 proposition
1577 612 80 36 med

547 673 145 49 förslag
721 672 58 36 till
807 672 58 49 lag
894 672 183 48 angående
1104 672 146 36 ändrad
1270 672 131 48 lydelse
1424 685 44 23 av
1487 672 25 37 9
1530 673 61 36 och
1609 672 49 36 10

553 733 51 46 $$
624 733 103 49 lagen
755 734 67 35 den
850 733 54 36 22
924 733 88 48 juni
1038 732 97 37 1939
1154 732 60 47 (nr
1232 732 91 47 310)
1344 745 55 24 om
1418 732 239 50 sjukhusvård

555 794 62 36 vid
645 794 78 48 krig
754 793 81 37 eller
853 793 196 50 krigsfara.

210 896 134 32 Genom
381 908 42 20 en
458 898 67 30 den
548 898 19 30 2
590 897 66 41 maj
693 898 79 30 1941
798 896 212 42 dagtecknad
1033 896 227 42 proposition,
1285 907 40 21 nr
1348 897 70 38 213,
1443 896 112 32 vilken
1578 896 78 32 hän-

155 947 108 32 visats
286 947 53 32 till
361 948 191 41 lagutskott
575 947 64 32 och
661 947 208 32 behandlats
892 959 40 20 av
956 947 106 32 andra
1076 947 236 41 lagutskottet,
1329 947 62 31 har
1406 947 127 42 Kungl.
1549 947 108 42 Maj:t,

154 998 111 32 under
287 998 218 42 åberopande
529 1009 39 21 av
591 998 263 42 propositionen
877 998 138 41 bilagda
1037 998 12 31 i
1072 997 186 33 statsrådet
1281 997 64 32 och
1368 998 153 41 lagrådet
1543 998 116 32 hållna

154 1049 184 42 protokoll,
362 1049 179 42 föreslagit
563 1049 183 42 riksdagen
770 1051 49 30 att
842 1050 122 40 antaga
986 1049 150 41 följande
1160 1048 129 42 förslag
1311 1048 52 32 till

844 1159 132 52 Lag

156 1256 178 41 angående
357 1257 134 33 ändrad
514 1257 135 40 lydelse
673 1266 41 23 av
737 1257 21 31 9
781 1257 65 32 och
871 1257 42 32 10
935 1256 46 42 $$
1004 1257 102 40 lagen
1130 1256 67 33 den
1220 1256 42 32 22
1282 1255 84 42 juni
1390 1256 87 32 1939
1501 1256 55 42 (nr
1579 1255 79 42 310)

489 1317 57 24 om
570 1305 242 45 sjukhusvård
835 1307 57 33 vid
915 1307 85 40 krig
1022 1307 90 32 eller
1135 1307 196 40 krigsfara.

210 1402 212 41 Härigenom
455 1402 191 38 förordnas,
671 1403 50 30 att
743 1403 20 30 9
787 1401 63 32 och
875 1402 39 31 10
935 1400 43 43 $$
1000 1401 98 41 lagen
1130 1401 66 31 den
1227 1401 40 31 22
1289 1401 74 41 juni
1389 1401 80 31 1939
1493 1412 54 20 om
1572 1400 88 43 sjuk-

156 1452 152 32 husvård
340 1452 57 32 vid
419 1452 77 42 krig
519 1452 81 32 eller
622 1452 168 42 krigsfara
813 1452 96 31 skola
932 1451 128 32 erhålla
1082 1451 130 32 ändrad
1235 1451 131 41 lydelse
1389 1453 44 40 på
1457 1453 68 29 sätt
1547 1452 112 31 nedan

156 1503 154 42 angives:

874 1554 20 31 9
915 1553 30 42 8.

209 1622 245 32 Kostnaderna
477 1622 53 31 för
552 1622 148 31 militära
723 1622 144 41 sjukhus
889 1621 172 32 bestridas
1084 1621 72 31 helt
1180 1632 39 20 av
1243 1621 210 38 statsmedel,
1471 1621 10 31 i
1499 1620 65 32 den
1583 1623 77 29 mån

157 1672 170 33 särskilda
349 1672 112 32 medel
484 1672 73 32 icke
581 1674 53 30 stå
657 1672 53 32 till
733 1672 209 42 förfogande.

208 1723 77 33 Vad
308 1735 46 20 nu
377 1742 40 4 —
440 1742 41 4 —
504 1742 40 3 —
568 1723 82 32 eller
671 1722 176 42 krigsfara.

209 1774 220 31 Beträffande
464 1773 99 33 civila
596 1774 146 41 sjukhus
775 1774 12 30 i
821 1774 110 41 övrigt
964 1773 171 32 bestridas
1169 1772 232 32 kostnaderna
1435 1774 52 30 för
1516 1773 81 31 vård
1620 1784 40 20 av

156 1824 246 41 krigsskadade
426 1825 65 31 och
515 1825 114 41 övriga
652 1826 96 30 extra
769 1824 194 38 kostnader,
989 1835 72 20 som
1084 1824 196 31 föranledas
1301 1835 40 20 av
1356 1824 306 31 bestämmelserna

156 1875 12 31 i
202 1875 113 31 denna
342 1876 63 40 lag,
429 1877 45 39 på
497 1876 68 30 sätt
587 1875 11 30 i
621 1875 109 31 första
753 1874 132 42 stycket
908 1876 92 39 sägs;
1026 1874 86 31 dock
1135 1876 50 29 att
1207 1874 110 31 under
1339 1874 60 38 tid,
1425 1874 43 31 då
1490 1874 74 41 krig
1586 1874 74 31 icke

156 1926 109 38 råder,
289 1925 186 32 kostnader
497 1925 52 31 för
571 1925 82 31 vård
676 1936 41 20 av
739 1924 246 42 krigsskadade
1009 1925 95 30 skola
1120 1926 146 29 ersättas
1282 1935 39 20 av
1339 1924 200 31 statsmedel
1556 1924 106 41 enligt

157 1976 158 41 grunder,
340 1987 73 20 som
437 1975 188 32 fastställas
648 1986 41 20 av
712 1975 204 41 Konungen.
956 1968 124 48 Övriga
1102 1974 187 32 kostnader
1304 1975 53 31 för
1373 1974 127 32 sådana
1517 1974 144 41 sjukhus

157 2026 173 31 bestridas
353 2027 11 30 i
388 2026 67 31 den
483 2026 154 41 ordning,
663 2037 74 20 som
761 2026 173 41 tillämpas
957 2025 11 31 i
991 2025 155 31 fredstid.

211 2076 82 32 Med
316 2076 246 41 krigsskadade
590 2095 35 3 —
648 2096 40 2 —
711 2095 41 3 —
776 2076 118 32 sårade
918 2076 220 41 krigsfångar.

868 2179 39 30 10
928 2178 29 42 8.

212 2246 163 31 Ansökan
411 2257 54 19 om
501 2246 191 40 ersättning
725 2246 53 30 för
805 2245 128 31 sådana
955 2245 185 31 kostnader
1163 2245 52 30 för
1238 2245 82 30 vård
1344 2247 18 28 å
1386 2244 99 31 civila
1508 2244 153 41 sjukhus,

158 2295 92 31 vilka
283 2295 133 41 jämlikt
449 2297 19 28 9
495 2295 21 41 8
539 2296 95 30 skola
657 2295 119 41 gäldas
799 2306 40 20 av
863 2295 209 37 statsmedel,
1097 2294 87 32 skall
1208 2294 164 31 insändas
1395 2294 53 31 till
1471 2294 192 31 medicinal-

160 2346 178 41 styrelsen.
384 2345 360 41 Medicinalstyrelsen
779 2347 78 39 äger
880 2345 152 31 utbetala
1055 2344 147 31 förskott
1224 2346 19 29 å
1267 2344 105 31 sådan
1397 2344 190 40 ersättning
1610 2355 53 20 en-

159 2396 64 40 ligt
257 2396 42 31 de
329 2398 154 29 närmare
507 2396 220 37 föreskrifter,
753 2406 73 20 som
849 2395 176 31 meddelas
1048 2406 39 20 av
1110 2395 205 40 Konungen.
1361 2394 130 31 Finnes
1514 2394 148 41 anspråk

161 2449 18 29 å
214 2446 119 41 slutlig
366 2446 192 41 ersättning
590 2447 84 31 böra
697 2446 208 41 godkännas,
931 2446 85 30 skall
1040 2445 352 42 medicinalstyrelsen
1418 2444 155 32 tillställa
1596 2444 65 32 den

203 2508 115 36 Bihang
341 2509 45 28 till
409 2508 169 36 riksdagens
597 2508 145 36 protokoll
770 2508 85 29 1941.
891 2508 18 27 9
931 2507 84 29 saml.
1052 2510 20 25 2
1093 2507 64 29 avd.
1195 2507 45 28 Nr
1261 2507 49 28 27.
1527 2513 51 20 1257
1595 2514 25 18 41
