<?xml version="1.0" encoding="UTF-8"?>
<alto xmlns="http://www.loc.gov/standards/alto/ns-v3#" xmlns:xlink="http://www.w3.org/1999/xlink" xmlns:xsi="http://www.w3.org/2001/XMLSchema-instance" xsi:schemaLocation="http://www.loc.gov/standards/alto/ns-v3# http://www.loc.gov/alto/v3/alto-3-0.xsd">
	<Description>
		<MeasurementUnit>pixel</MeasurementUnit>
		<sourceImageInformation>
			<fileName>/tmp/tess_o4uyurlp_input.PNG</fileName>
		</sourceImageInformation>
		<OCRProcessing ID="OCR_0">
			<ocrProcessingStep>
				<processingSoftware>
					<softwareName>tesseract 5.3.0</softwareName>
				</processingSoftware>
			</ocrProcessingStep>
		</OCRProcessing>
	</Description>
	<Layout>
		<Page WIDTH="1902" HEIGHT="2774" PHYSICAL_IMG_NR="0" ID="page_0">
			<PrintSpace HPOS="0" VPOS="0" WIDTH="1902" HEIGHT="2774">
				<ComposedBlock ID="cblock_0" HPOS="494" VPOS="168" WIDTH="1135" HEIGHT="36">
					<TextBlock ID="block_0" HPOS="494" VPOS="168" WIDTH="1135" HEIGHT="36">
						<TextLine ID="line_0" HPOS="494" VPOS="168" WIDTH="1135" HEIGHT="36">
							<String ID="string_0" HPOS="494" VPOS="173" WIDTH="285" HEIGHT="31" WC="0.92" CONTENT="Statsutskottets"/><SP WIDTH="23" VPOS="173" HPOS="779"/>
							<String ID="string_1" HPOS="802" VPOS="171" WIDTH="179" HEIGHT="32" WC="0.96" CONTENT="utlåtande"/><SP WIDTH="23" VPOS="171" HPOS="981"/>
							<String ID="string_2" HPOS="1004" VPOS="180" WIDTH="42" HEIGHT="21" WC="0.96" CONTENT="nr"/><SP WIDTH="21" VPOS="180" HPOS="1046"/>
							<String ID="string_3" HPOS="1067" VPOS="172" WIDTH="21" HEIGHT="29" WC="0.96" CONTENT="2"/><SP WIDTH="21" VPOS="172" HPOS="1088"/>
							<String ID="string_4" HPOS="1109" VPOS="171" WIDTH="40" HEIGHT="30" WC="0.96" CONTENT="år"/><SP WIDTH="24" VPOS="171" HPOS="1149"/>
							<String ID="string_5" HPOS="1173" VPOS="170" WIDTH="83" HEIGHT="30" WC="0.96" CONTENT="1962"/><SP WIDTH="354" VPOS="170" HPOS="1256"/>
							<String ID="string_6" HPOS="1610" VPOS="168" WIDTH="19" HEIGHT="30" WC="0.96" CONTENT="9"/>
						</TextLine>
					</TextBlock>
				</ComposedBlock>
				<ComposedBlock ID="cblock_1" HPOS="436" VPOS="252" WIDTH="1189" HEIGHT="95">
					<TextBlock ID="block_1" HPOS="436" VPOS="252" WIDTH="1189" HEIGHT="95">
						<TextLine ID="line_1" HPOS="478" VPOS="252" WIDTH="1147" HEIGHT="45">
							<String ID="string_7" HPOS="478" VPOS="257" WIDTH="38" HEIGHT="36" WC="0.93" CONTENT="b)"/><SP WIDTH="31" VPOS="257" HPOS="516"/>
							<String ID="string_8" HPOS="547" VPOS="257" WIDTH="186" HEIGHT="40" WC="0.96" CONTENT="godkänna"/><SP WIDTH="28" VPOS="257" HPOS="733"/>
							<String ID="string_9" HPOS="761" VPOS="255" WIDTH="158" HEIGHT="40" WC="0.91" CONTENT="följande"/><SP WIDTH="29" VPOS="255" HPOS="919"/>
							<String ID="string_10" HPOS="948" VPOS="254" WIDTH="255" HEIGHT="39" WC="0.91" CONTENT="avlöningsstat"/><SP WIDTH="33" VPOS="254" HPOS="1203"/>
							<String ID="string_11" HPOS="1236" VPOS="253" WIDTH="55" HEIGHT="30" WC="0.93" CONTENT="för"/><SP WIDTH="28" VPOS="253" HPOS="1291"/>
							<String ID="string_12" HPOS="1319" VPOS="252" WIDTH="227" HEIGHT="30" WC="0.90" CONTENT="hovrätterna"/><SP WIDTH="29" VPOS="252" HPOS="1546"/>
							<String ID="string_13" HPOS="1575" VPOS="252" WIDTH="50" HEIGHT="29" WC="0.96" CONTENT="att"/>
						</TextLine>
						<TextLine ID="line_2" HPOS="436" VPOS="301" WIDTH="1103" HEIGHT="46">
							<String ID="string_14" HPOS="436" VPOS="308" WIDTH="177" HEIGHT="39" WC="0.95" CONTENT="tillämpas"/><SP WIDTH="17" VPOS="308" HPOS="613"/>
							<String ID="string_15" HPOS="630" VPOS="307" WIDTH="71" HEIGHT="29" WC="0.96" CONTENT="tills"/><SP WIDTH="19" VPOS="307" HPOS="701"/>
							<String ID="string_16" HPOS="720" VPOS="306" WIDTH="119" HEIGHT="30" WC="0.96" CONTENT="vidare"/><SP WIDTH="20" VPOS="306" HPOS="839"/>
							<String ID="string_17" HPOS="859" VPOS="305" WIDTH="81" HEIGHT="30" WC="0.96" CONTENT="från"/><SP WIDTH="22" VPOS="305" HPOS="940"/>
							<String ID="string_18" HPOS="962" VPOS="305" WIDTH="65" HEIGHT="30" WC="0.96" CONTENT="och"/><SP WIDTH="19" VPOS="305" HPOS="1027"/>
							<String ID="string_19" HPOS="1046" VPOS="304" WIDTH="80" HEIGHT="30" WC="0.96" CONTENT="med"/><SP WIDTH="20" VPOS="304" HPOS="1126"/>
							<String ID="string_20" HPOS="1146" VPOS="303" WIDTH="205" HEIGHT="40" WC="0.93" CONTENT="budgetåret"/><SP WIDTH="23" VPOS="303" HPOS="1351"/>
							<String ID="string_21" HPOS="1374" VPOS="301" WIDTH="165" HEIGHT="37" WC="0.91" CONTENT="1962/63:"/>
						</TextLine>
					</TextBlock>
				</ComposedBlock>
				<ComposedBlock ID="cblock_2" HPOS="438" VPOS="389" WIDTH="1191" HEIGHT="505">
					<TextBlock ID="block_2" HPOS="896" VPOS="389" WIDTH="264" HEIGHT="40">
						<TextLine ID="line_3" HPOS="896" VPOS="389" WIDTH="264" HEIGHT="40">
							<String ID="string_22" HPOS="896" VPOS="389" WIDTH="264" HEIGHT="40" WC="0.89" CONTENT="Avlöningsstat"/>
						</TextLine>
					</TextBlock>
					<TextBlock ID="block_3" HPOS="438" VPOS="446" WIDTH="969" HEIGHT="43">
						<TextLine ID="line_4" HPOS="438" VPOS="446" WIDTH="969" HEIGHT="43">
							<String ID="string_23" HPOS="438" VPOS="451" WIDTH="27" HEIGHT="29" WC="0.92" CONTENT="1."/><SP WIDTH="26" VPOS="451" HPOS="465"/>
							<String ID="string_24" HPOS="491" VPOS="450" WIDTH="212" HEIGHT="39" WC="0.91" CONTENT="Avlöningar"/><SP WIDTH="20" VPOS="450" HPOS="703"/>
							<String ID="string_25" HPOS="723" VPOS="449" WIDTH="52" HEIGHT="31" WC="0.95" CONTENT="till"/><SP WIDTH="22" VPOS="449" HPOS="775"/>
							<String ID="string_26" HPOS="797" VPOS="448" WIDTH="176" HEIGHT="31" WC="0.95" CONTENT="ordinarie"/><SP WIDTH="20" VPOS="448" HPOS="973"/>
							<String ID="string_27" HPOS="993" VPOS="448" WIDTH="227" HEIGHT="39" WC="0.93" CONTENT="tjänstemän,"/><SP WIDTH="21" VPOS="448" HPOS="1220"/>
							<String ID="string_28" HPOS="1241" VPOS="446" WIDTH="166" HEIGHT="40" WC="0.91" CONTENT="förslags-"/>
						</TextLine>
					</TextBlock>
					<TextBlock ID="block_4" HPOS="438" VPOS="494" WIDTH="1188" HEIGHT="93">
						<TextLine ID="line_5" HPOS="491" VPOS="494" WIDTH="1135" HEIGHT="38">
							<String ID="string_29" HPOS="491" VPOS="502" WIDTH="50" HEIGHT="30" WC="0.73" CONTENT="DIS"/><SP WIDTH="17" VPOS="502" HPOS="541"/>
							<String ID="string_30" HPOS="558" VPOS="494" WIDTH="11" HEIGHT="50" WC="0.44" CONTENT="&gt;"/><SP WIDTH="11" VPOS="494" HPOS="569"/>
							<String ID="string_31" HPOS="580" VPOS="494" WIDTH="19" HEIGHT="50" WC="0.34" CONTENT="16"/><SP WIDTH="20" VPOS="494" HPOS="599"/>
							<String ID="string_32" HPOS="619" VPOS="494" WIDTH="47" HEIGHT="50" WC="0.19" CONTENT="sej"/><SP WIDTH="11" VPOS="494" HPOS="666"/>
							<String ID="string_33" HPOS="677" VPOS="494" WIDTH="45" HEIGHT="50" WC="0.0" CONTENT="lber"/><SP WIDTH="8" VPOS="494" HPOS="722"/>
							<String ID="string_34" HPOS="730" VPOS="524" WIDTH="28" HEIGHT="6" WC="0.20" CONTENT="ee"/><SP WIDTH="16" VPOS="524" HPOS="758"/>
							<String ID="string_35" HPOS="774" VPOS="524" WIDTH="28" HEIGHT="6" WC="0.10" CONTENT="RN"/><SP WIDTH="16" VPOS="524" HPOS="802"/>
							<String ID="string_36" HPOS="818" VPOS="494" WIDTH="27" HEIGHT="50" WC="0.32" CONTENT="one"/><SP WIDTH="10" VPOS="494" HPOS="845"/>
							<String ID="string_37" HPOS="855" VPOS="494" WIDTH="13" HEIGHT="50" WC="0.46" CONTENT="in"/><SP WIDTH="12" VPOS="494" HPOS="868"/>
							<String ID="string_38" HPOS="880" VPOS="494" WIDTH="10" HEIGHT="50" WC="0.14" CONTENT="je"/><SP WIDTH="17" VPOS="494" HPOS="890"/>
							<String ID="string_39" HPOS="907" VPOS="494" WIDTH="21" HEIGHT="50" WC="0.13" CONTENT="Sr"/><SP WIDTH="15" VPOS="494" HPOS="928"/>
							<String ID="string_40" HPOS="943" VPOS="522" WIDTH="13" HEIGHT="7" WC="0.0" CONTENT="16"/><SP WIDTH="12" VPOS="522" HPOS="956"/>
							<String ID="string_41" HPOS="968" VPOS="494" WIDTH="41" HEIGHT="50" WC="0.19" CONTENT="ine)"/><SP WIDTH="9" VPOS="494" HPOS="1009"/>
							<String ID="string_42" HPOS="1018" VPOS="494" WIDTH="28" HEIGHT="50" WC="0.17" CONTENT="RTR"/><SP WIDTH="9" VPOS="494" HPOS="1046"/>
							<String ID="string_43" HPOS="1055" VPOS="494" WIDTH="13" HEIGHT="50" WC="0.36" CONTENT="ja"/><SP WIDTH="16" VPOS="494" HPOS="1068"/>
							<String ID="string_44" HPOS="1084" VPOS="522" WIDTH="6" HEIGHT="6" WC="0.15" CONTENT="0"/><SP WIDTH="18" VPOS="522" HPOS="1090"/>
							<String ID="string_45" HPOS="1108" VPOS="494" WIDTH="27" HEIGHT="50" WC="0.0" CONTENT="PKR"/><SP WIDTH="36" VPOS="494" HPOS="1135"/>
							<String ID="string_46" HPOS="1171" VPOS="522" WIDTH="9" HEIGHT="6" WC="0.6" CONTENT="0"/><SP WIDTH="15" VPOS="522" HPOS="1180"/>
							<String ID="string_47" HPOS="1195" VPOS="521" WIDTH="29" HEIGHT="7" WC="0.14" CONTENT="Ke"/><SP WIDTH="44" VPOS="521" HPOS="1224"/>
							<String ID="string_48" HPOS="1268" VPOS="494" WIDTH="32" HEIGHT="50" WC="0.10" CONTENT="är"/><SP WIDTH="5" VPOS="494" HPOS="1300"/>
							<String ID="string_49" HPOS="1305" VPOS="520" WIDTH="7" HEIGHT="6" WC="0.33" CONTENT="0"/><SP WIDTH="43" VPOS="520" HPOS="1312"/>
							<String ID="string_50" HPOS="1355" VPOS="520" WIDTH="45" HEIGHT="7" WC="0.7" CONTENT="RN"/><SP WIDTH="54" VPOS="520" HPOS="1400"/>
							<String ID="string_51" HPOS="1454" VPOS="495" WIDTH="20" HEIGHT="30" WC="0.93" CONTENT="4"/><SP WIDTH="13" VPOS="495" HPOS="1474"/>
							<String ID="string_52" HPOS="1487" VPOS="495" WIDTH="63" HEIGHT="30" WC="0.87" CONTENT="445"/><SP WIDTH="14" VPOS="495" HPOS="1550"/>
							<String ID="string_53" HPOS="1564" VPOS="494" WIDTH="62" HEIGHT="30" WC="0.96" CONTENT="000"/>
						</TextLine>
						<TextLine ID="line_6" HPOS="438" VPOS="547" WIDTH="969" HEIGHT="40">
							<String ID="string_54" HPOS="438" VPOS="552" WIDTH="29" HEIGHT="29" WC="0.93" CONTENT="2."/><SP WIDTH="26" VPOS="552" HPOS="467"/>
							<String ID="string_55" HPOS="493" VPOS="551" WIDTH="160" HEIGHT="30" WC="0.92" CONTENT="Arvoden"/><SP WIDTH="21" VPOS="551" HPOS="653"/>
							<String ID="string_56" HPOS="674" VPOS="550" WIDTH="65" HEIGHT="30" WC="0.96" CONTENT="och"/><SP WIDTH="22" VPOS="550" HPOS="739"/>
							<String ID="string_57" HPOS="761" VPOS="549" WIDTH="175" HEIGHT="31" WC="0.96" CONTENT="särskilda"/><SP WIDTH="20" VPOS="549" HPOS="936"/>
							<String ID="string_58" HPOS="956" VPOS="548" WIDTH="247" HEIGHT="39" WC="0.96" CONTENT="ersättningar,"/><SP WIDTH="22" VPOS="548" HPOS="1203"/>
							<String ID="string_59" HPOS="1225" VPOS="547" WIDTH="182" HEIGHT="30" WC="0.96" CONTENT="bestämda"/>
						</TextLine>
					</TextBlock>
					<TextBlock ID="block_5" HPOS="440" VPOS="595" WIDTH="1186" HEIGHT="96">
						<TextLine ID="line_7" HPOS="494" VPOS="595" WIDTH="1132" HEIGHT="46">
							<String ID="string_60" HPOS="494" VPOS="611" WIDTH="42" HEIGHT="21" WC="0.96" CONTENT="av"/><SP WIDTH="29" VPOS="611" HPOS="536"/>
							<String ID="string_61" HPOS="565" VPOS="602" WIDTH="125" HEIGHT="39" WC="0.95" CONTENT="Kungl."/><SP WIDTH="30" VPOS="602" HPOS="690"/>
							<String ID="string_62" HPOS="720" VPOS="600" WIDTH="116" HEIGHT="40" WC="0.95" CONTENT="Maj:t,"/><SP WIDTH="28" VPOS="600" HPOS="836"/>
							<String ID="string_63" HPOS="864" VPOS="599" WIDTH="205" HEIGHT="41" WC="0.91" CONTENT="förslagsvis"/><SP WIDTH="36" VPOS="599" HPOS="1069"/>
							<String ID="string_64" HPOS="1105" VPOS="621" WIDTH="295" HEIGHT="8" WC="0.0" CONTENT="..........-++&gt;"/><SP WIDTH="89" VPOS="621" HPOS="1400"/>
							<String ID="string_65" HPOS="1489" VPOS="595" WIDTH="62" HEIGHT="31" WC="0.95" CONTENT="104"/><SP WIDTH="13" VPOS="595" HPOS="1551"/>
							<String ID="string_66" HPOS="1564" VPOS="595" WIDTH="62" HEIGHT="30" WC="0.95" CONTENT="000"/>
						</TextLine>
						<TextLine ID="line_8" HPOS="440" VPOS="647" WIDTH="968" HEIGHT="44">
							<String ID="string_67" HPOS="440" VPOS="653" WIDTH="29" HEIGHT="29" WC="0.93" CONTENT="3."/><SP WIDTH="25" VPOS="653" HPOS="469"/>
							<String ID="string_68" HPOS="494" VPOS="652" WIDTH="213" HEIGHT="39" WC="0.91" CONTENT="Avlöningar"/><SP WIDTH="32" VPOS="652" HPOS="707"/>
							<String ID="string_69" HPOS="739" VPOS="651" WIDTH="52" HEIGHT="30" WC="0.93" CONTENT="till"/><SP WIDTH="37" VPOS="651" HPOS="791"/>
							<String ID="string_70" HPOS="828" VPOS="649" WIDTH="270" HEIGHT="31" WC="0.92" CONTENT="icke-ordinarie"/><SP WIDTH="33" VPOS="649" HPOS="1098"/>
							<String ID="string_71" HPOS="1131" VPOS="648" WIDTH="173" HEIGHT="40" WC="0.93" CONTENT="personal,"/><SP WIDTH="32" VPOS="648" HPOS="1304"/>
							<String ID="string_72" HPOS="1336" VPOS="647" WIDTH="72" HEIGHT="40" WC="0.92" CONTENT="för-"/>
						</TextLine>
					</TextBlock>
					<TextBlock ID="block_6" HPOS="440" VPOS="695" WIDTH="1188" HEIGHT="147">
						<TextLine ID="line_9" HPOS="491" VPOS="695" WIDTH="1136" HEIGHT="48">
							<String ID="string_73" HPOS="491" VPOS="702" WIDTH="146" HEIGHT="41" WC="0.88" CONTENT="slagsvis"/><SP WIDTH="44" VPOS="702" HPOS="637"/>
							<String ID="string_74" HPOS="681" VPOS="721" WIDTH="721" HEIGHT="11" WC="0.0" CONTENT=".s.c.csscsccbomebosese"/><SP WIDTH="-249" VPOS="721" HPOS="1402"/>
							<String ID="string_75" HPOS="1153" VPOS="696" WIDTH="55" HEIGHT="51" WC="0.0" CONTENT="tr"/><SP WIDTH="24" VPOS="696" HPOS="1208"/>
							<String ID="string_76" HPOS="1232" VPOS="696" WIDTH="107" HEIGHT="51" WC="0.0" CONTENT="rr"/><SP WIDTH="11" VPOS="696" HPOS="1339"/>
							<String ID="string_77" HPOS="1350" VPOS="696" WIDTH="55" HEIGHT="51" WC="0.1" CONTENT="Ra"/><SP WIDTH="50" VPOS="696" HPOS="1405"/>
							<String ID="string_78" HPOS="1455" VPOS="696" WIDTH="19" HEIGHT="30" WC="0.86" CONTENT="4"/><SP WIDTH="14" VPOS="696" HPOS="1474"/>
							<String ID="string_79" HPOS="1488" VPOS="696" WIDTH="64" HEIGHT="30" WC="0.86" CONTENT="073"/><SP WIDTH="13" VPOS="696" HPOS="1552"/>
							<String ID="string_80" HPOS="1565" VPOS="695" WIDTH="62" HEIGHT="31" WC="0.96" CONTENT="000"/>
						</TextLine>
						<TextLine ID="line_10" HPOS="440" VPOS="746" WIDTH="1188" HEIGHT="46">
							<String ID="string_81" HPOS="440" VPOS="754" WIDTH="30" HEIGHT="29" WC="0.92" CONTENT="4."/><SP WIDTH="26" VPOS="754" HPOS="470"/>
							<String ID="string_82" HPOS="496" VPOS="753" WIDTH="132" HEIGHT="39" WC="0.95" CONTENT="Rörligt"/><SP WIDTH="30" VPOS="753" HPOS="628"/>
							<String ID="string_83" HPOS="658" VPOS="752" WIDTH="130" HEIGHT="39" WC="0.95" CONTENT="tillägg,"/><SP WIDTH="31" VPOS="752" HPOS="788"/>
							<String ID="string_84" HPOS="819" VPOS="750" WIDTH="205" HEIGHT="41" WC="0.90" CONTENT="förslagsvis"/><SP WIDTH="39" VPOS="750" HPOS="1024"/>
							<String ID="string_85" HPOS="1063" VPOS="772" WIDTH="339" HEIGHT="8" WC="0.0" CONTENT="....sssssesese"/><SP WIDTH="-51" VPOS="772" HPOS="1402"/>
							<String ID="string_86" HPOS="1351" VPOS="746" WIDTH="54" HEIGHT="50" WC="0.34" CONTENT="&gt;&gt;&gt;"/><SP WIDTH="50" VPOS="746" HPOS="1405"/>
							<String ID="string_87" HPOS="1455" VPOS="747" WIDTH="19" HEIGHT="30" WC="0.85" CONTENT="2"/><SP WIDTH="15" VPOS="747" HPOS="1474"/>
							<String ID="string_88" HPOS="1489" VPOS="746" WIDTH="62" HEIGHT="31" WC="0.85" CONTENT="546"/><SP WIDTH="14" VPOS="746" HPOS="1551"/>
							<String ID="string_89" HPOS="1565" VPOS="746" WIDTH="63" HEIGHT="30" WC="0.96" CONTENT="000"/>
						</TextLine>
						<TextLine ID="line_11" HPOS="440" VPOS="798" WIDTH="968" HEIGHT="44">
							<String ID="string_90" HPOS="440" VPOS="804" WIDTH="29" HEIGHT="29" WC="0.96" CONTENT="5."/><SP WIDTH="26" VPOS="804" HPOS="469"/>
							<String ID="string_91" HPOS="495" VPOS="802" WIDTH="274" HEIGHT="40" WC="0.95" CONTENT="Kompensation"/><SP WIDTH="25" VPOS="802" HPOS="769"/>
							<String ID="string_92" HPOS="794" VPOS="802" WIDTH="55" HEIGHT="30" WC="0.96" CONTENT="för"/><SP WIDTH="22" VPOS="802" HPOS="849"/>
							<String ID="string_93" HPOS="871" VPOS="801" WIDTH="110" HEIGHT="40" WC="0.93" CONTENT="höjda"/><SP WIDTH="23" VPOS="801" HPOS="981"/>
							<String ID="string_94" HPOS="1004" VPOS="798" WIDTH="404" HEIGHT="42" WC="0.91" CONTENT="folkpensionsavgifter,"/>
						</TextLine>
					</TextBlock>
					<TextBlock ID="block_7" HPOS="492" VPOS="847" WIDTH="1137" HEIGHT="47">
						<TextLine ID="line_12" HPOS="492" VPOS="847" WIDTH="1137" HEIGHT="47">
							<String ID="string_95" HPOS="492" VPOS="853" WIDTH="203" HEIGHT="41" WC="0.91" CONTENT="förslagsvis"/><SP WIDTH="34" VPOS="853" HPOS="695"/>
							<String ID="string_96" HPOS="729" VPOS="873" WIDTH="676" HEIGHT="10" WC="0.0" CONTENT="......s.ssessc&gt;ecr"/><SP WIDTH="-293" VPOS="873" HPOS="1405"/>
							<String ID="string_97" HPOS="1112" VPOS="847" WIDTH="55" HEIGHT="51" WC="0.0" CONTENT="ror"/><SP WIDTH="22" VPOS="847" HPOS="1167"/>
							<String ID="string_98" HPOS="1189" VPOS="847" WIDTH="45" HEIGHT="51" WC="0.6" CONTENT="rr"/><SP WIDTH="9" VPOS="847" HPOS="1234"/>
							<String ID="string_99" HPOS="1243" VPOS="847" WIDTH="46" HEIGHT="51" WC="0.0" CONTENT="rr"/><SP WIDTH="30" VPOS="847" HPOS="1289"/>
							<String ID="string_100" HPOS="1319" VPOS="847" WIDTH="91" HEIGHT="51" WC="0.2" CONTENT="Rss"/><SP WIDTH="82" VPOS="847" HPOS="1410"/>
							<String ID="string_101" HPOS="1492" VPOS="847" WIDTH="60" HEIGHT="31" WC="0.96" CONTENT="170"/><SP WIDTH="15" VPOS="847" HPOS="1552"/>
							<String ID="string_102" HPOS="1567" VPOS="847" WIDTH="62" HEIGHT="30" WC="0.96" CONTENT="000"/>
						</TextLine>
					</TextBlock>
				</ComposedBlock>
				<ComposedBlock ID="cblock_3" HPOS="1188" VPOS="922" WIDTH="441" HEIGHT="33">
					<TextBlock ID="block_8" HPOS="1188" VPOS="922" WIDTH="441" HEIGHT="33">
						<TextLine ID="line_13" HPOS="1188" VPOS="922" WIDTH="441" HEIGHT="33">
							<String ID="string_103" HPOS="1188" VPOS="925" WIDTH="144" HEIGHT="30" WC="0.95" CONTENT="Summa"/><SP WIDTH="23" VPOS="925" HPOS="1332"/>
							<String ID="string_104" HPOS="1355" VPOS="924" WIDTH="53" HEIGHT="29" WC="0.95" CONTENT="kr."/><SP WIDTH="28" VPOS="924" HPOS="1408"/>
							<String ID="string_105" HPOS="1436" VPOS="923" WIDTH="36" HEIGHT="30" WC="0.94" CONTENT="11"/><SP WIDTH="18" VPOS="923" HPOS="1472"/>
							<String ID="string_106" HPOS="1490" VPOS="923" WIDTH="62" HEIGHT="30" WC="0.94" CONTENT="338"/><SP WIDTH="14" VPOS="923" HPOS="1552"/>
							<String ID="string_107" HPOS="1566" VPOS="922" WIDTH="63" HEIGHT="30" WC="0.96" CONTENT="000"/>
						</TextLine>
					</TextBlock>
				</ComposedBlock>
				<ComposedBlock ID="cblock_4" HPOS="440" VPOS="1024" WIDTH="1192" HEIGHT="95">
					<TextBlock ID="block_9" HPOS="440" VPOS="1024" WIDTH="1192" HEIGHT="95">
						<TextLine ID="line_14" HPOS="485" VPOS="1024" WIDTH="1147" HEIGHT="42">
							<String ID="string_108" HPOS="485" VPOS="1031" WIDTH="34" HEIGHT="33" WC="0.71" CONTENT="ce)"/><SP WIDTH="30" VPOS="1031" HPOS="519"/>
							<String ID="string_109" HPOS="549" VPOS="1030" WIDTH="52" HEIGHT="30" WC="0.93" CONTENT="till"/><SP WIDTH="16" VPOS="1030" HPOS="601"/>
							<String ID="string_110" HPOS="617" VPOS="1029" WIDTH="249" HEIGHT="30" WC="0.92" CONTENT="Hovrätterna:"/><SP WIDTH="17" VPOS="1029" HPOS="866"/>
							<String ID="string_111" HPOS="883" VPOS="1026" WIDTH="214" HEIGHT="40" WC="0.91" CONTENT="Avlöningar"/><SP WIDTH="17" VPOS="1026" HPOS="1097"/>
							<String ID="string_112" HPOS="1114" VPOS="1026" WIDTH="55" HEIGHT="30" WC="0.96" CONTENT="för"/><SP WIDTH="16" VPOS="1026" HPOS="1169"/>
							<String ID="string_113" HPOS="1185" VPOS="1025" WIDTH="204" HEIGHT="40" WC="0.93" CONTENT="budgetåret"/><SP WIDTH="20" VPOS="1025" HPOS="1389"/>
							<String ID="string_114" HPOS="1409" VPOS="1024" WIDTH="149" HEIGHT="35" WC="0.92" CONTENT="1962/63"/><SP WIDTH="17" VPOS="1024" HPOS="1558"/>
							<String ID="string_115" HPOS="1575" VPOS="1034" WIDTH="57" HEIGHT="20" WC="0.91" CONTENT="an-"/>
						</TextLine>
						<TextLine ID="line_15" HPOS="440" VPOS="1076" WIDTH="786" HEIGHT="43">
							<String ID="string_116" HPOS="440" VPOS="1081" WIDTH="76" HEIGHT="30" WC="0.96" CONTENT="visa"/><SP WIDTH="19" VPOS="1081" HPOS="516"/>
							<String ID="string_117" HPOS="535" VPOS="1083" WIDTH="48" HEIGHT="28" WC="0.93" CONTENT="ett"/><SP WIDTH="20" VPOS="1083" HPOS="583"/>
							<String ID="string_118" HPOS="603" VPOS="1079" WIDTH="272" HEIGHT="40" WC="0.90" CONTENT="förslagsanslag"/><SP WIDTH="21" VPOS="1079" HPOS="875"/>
							<String ID="string_119" HPOS="896" VPOS="1088" WIDTH="42" HEIGHT="20" WC="0.96" CONTENT="av"/><SP WIDTH="22" VPOS="1088" HPOS="938"/>
							<String ID="string_120" HPOS="960" VPOS="1078" WIDTH="37" HEIGHT="30" WC="0.92" CONTENT="11"/><SP WIDTH="17" VPOS="1078" HPOS="997"/>
							<String ID="string_121" HPOS="1014" VPOS="1077" WIDTH="63" HEIGHT="31" WC="0.92" CONTENT="338"/><SP WIDTH="14" VPOS="1077" HPOS="1077"/>
							<String ID="string_122" HPOS="1091" VPOS="1076" WIDTH="63" HEIGHT="32" WC="0.96" CONTENT="000"/><SP WIDTH="20" VPOS="1076" HPOS="1154"/>
							<String ID="string_123" HPOS="1174" VPOS="1077" WIDTH="52" HEIGHT="29" WC="0.96" CONTENT="kr."/>
						</TextLine>
					</TextBlock>
				</ComposedBlock>
				<ComposedBlock ID="cblock_5" HPOS="133" VPOS="1167" WIDTH="1502" HEIGHT="248">
					<TextBlock ID="block_10" HPOS="133" VPOS="1167" WIDTH="1500" HEIGHT="148">
						<TextLine ID="line_16" HPOS="179" VPOS="1167" WIDTH="1454" HEIGHT="42">
							<String ID="string_124" HPOS="179" VPOS="1175" WIDTH="96" HEIGHT="34" WC="0.89" CONTENT="18:0)"/><SP WIDTH="31" VPOS="1175" HPOS="275"/>
							<String ID="string_125" HPOS="306" VPOS="1175" WIDTH="246" HEIGHT="30" WC="0.92" CONTENT="Hovrätterna:"/><SP WIDTH="29" VPOS="1175" HPOS="552"/>
							<String ID="string_126" HPOS="581" VPOS="1172" WIDTH="263" HEIGHT="31" WC="0.92" CONTENT="Omkostnader."/><SP WIDTH="28" VPOS="1172" HPOS="844"/>
							<String ID="string_127" HPOS="872" VPOS="1172" WIDTH="12" HEIGHT="29" WC="0.96" CONTENT="I"/><SP WIDTH="28" VPOS="1172" HPOS="884"/>
							<String ID="string_128" HPOS="912" VPOS="1171" WIDTH="150" HEIGHT="38" WC="0.96" CONTENT="enlighet"/><SP WIDTH="26" VPOS="1171" HPOS="1062"/>
							<String ID="string_129" HPOS="1088" VPOS="1170" WIDTH="80" HEIGHT="29" WC="0.96" CONTENT="med"/><SP WIDTH="28" VPOS="1170" HPOS="1168"/>
							<String ID="string_130" HPOS="1196" VPOS="1169" WIDTH="125" HEIGHT="39" WC="0.96" CONTENT="Kungl."/><SP WIDTH="29" VPOS="1169" HPOS="1321"/>
							<String ID="string_131" HPOS="1350" VPOS="1168" WIDTH="124" HEIGHT="40" WC="0.96" CONTENT="Maj:ts"/><SP WIDTH="29" VPOS="1168" HPOS="1474"/>
							<String ID="string_132" HPOS="1503" VPOS="1167" WIDTH="130" HEIGHT="39" WC="0.96" CONTENT="förslag"/>
						</TextLine>
						<TextLine ID="line_17" HPOS="138" VPOS="1218" WIDTH="1495" HEIGHT="47">
							<String ID="string_133" HPOS="138" VPOS="1226" WIDTH="131" HEIGHT="39" WC="0.96" CONTENT="(punkt"/><SP WIDTH="22" VPOS="1226" HPOS="269"/>
							<String ID="string_134" HPOS="291" VPOS="1224" WIDTH="52" HEIGHT="36" WC="0.92" CONTENT="20,"/><SP WIDTH="25" VPOS="1224" HPOS="343"/>
							<String ID="string_135" HPOS="368" VPOS="1235" WIDTH="26" HEIGHT="20" WC="0.92" CONTENT="s."/><SP WIDTH="24" VPOS="1235" HPOS="394"/>
							<String ID="string_136" HPOS="418" VPOS="1224" WIDTH="42" HEIGHT="31" WC="0.96" CONTENT="28"/><SP WIDTH="22" VPOS="1224" HPOS="460"/>
							<String ID="string_137" HPOS="482" VPOS="1224" WIDTH="66" HEIGHT="31" WC="0.95" CONTENT="och"/><SP WIDTH="22" VPOS="1224" HPOS="548"/>
							<String ID="string_138" HPOS="570" VPOS="1223" WIDTH="73" HEIGHT="35" WC="0.93" CONTENT="29),"/><SP WIDTH="23" VPOS="1223" HPOS="643"/>
							<String ID="string_139" HPOS="666" VPOS="1223" WIDTH="108" HEIGHT="30" WC="0.96" CONTENT="vilket"/><SP WIDTH="22" VPOS="1223" HPOS="774"/>
							<String ID="string_140" HPOS="796" VPOS="1222" WIDTH="147" HEIGHT="30" WC="0.96" CONTENT="innebär"/><SP WIDTH="23" VPOS="1222" HPOS="943"/>
							<String ID="string_141" HPOS="966" VPOS="1230" WIDTH="42" HEIGHT="21" WC="0.96" CONTENT="en"/><SP WIDTH="22" VPOS="1230" HPOS="1008"/>
							<String ID="string_142" HPOS="1030" VPOS="1221" WIDTH="80" HEIGHT="29" WC="0.95" CONTENT="med"/><SP WIDTH="26" VPOS="1221" HPOS="1110"/>
							<String ID="string_143" HPOS="1136" VPOS="1220" WIDTH="61" HEIGHT="30" WC="0.96" CONTENT="122"/><SP WIDTH="15" VPOS="1220" HPOS="1197"/>
							<String ID="string_144" HPOS="1212" VPOS="1219" WIDTH="62" HEIGHT="30" WC="0.96" CONTENT="000"/><SP WIDTH="24" VPOS="1219" HPOS="1274"/>
							<String ID="string_145" HPOS="1298" VPOS="1219" WIDTH="52" HEIGHT="30" WC="0.94" CONTENT="kr."/><SP WIDTH="24" VPOS="1219" HPOS="1350"/>
							<String ID="string_146" HPOS="1374" VPOS="1218" WIDTH="92" HEIGHT="31" WC="0.93" CONTENT="ökad"/><SP WIDTH="22" VPOS="1218" HPOS="1466"/>
							<String ID="string_147" HPOS="1488" VPOS="1218" WIDTH="145" HEIGHT="30" WC="0.92" CONTENT="medels-"/>
						</TextLine>
						<TextLine ID="line_18" HPOS="133" VPOS="1274" WIDTH="622" HEIGHT="41">
							<String ID="string_148" HPOS="133" VPOS="1275" WIDTH="194" HEIGHT="40" WC="0.95" CONTENT="anvisning,"/><SP WIDTH="23" VPOS="1275" HPOS="327"/>
							<String ID="string_149" HPOS="350" VPOS="1275" WIDTH="203" HEIGHT="30" WC="0.96" CONTENT="hemställer"/><SP WIDTH="22" VPOS="1275" HPOS="553"/>
							<String ID="string_150" HPOS="575" VPOS="1274" WIDTH="180" HEIGHT="34" WC="0.96" CONTENT="utskottet,"/>
						</TextLine>
					</TextBlock>
					<TextBlock ID="block_11" HPOS="443" VPOS="1319" WIDTH="1192" HEIGHT="96">
						<TextLine ID="line_19" HPOS="488" VPOS="1319" WIDTH="1147" HEIGHT="44">
							<String ID="string_151" HPOS="488" VPOS="1327" WIDTH="49" HEIGHT="29" WC="0.96" CONTENT="att"/><SP WIDTH="22" VPOS="1327" HPOS="537"/>
							<String ID="string_152" HPOS="559" VPOS="1324" WIDTH="186" HEIGHT="39" WC="0.96" CONTENT="riksdagen"/><SP WIDTH="21" VPOS="1324" HPOS="745"/>
							<String ID="string_153" HPOS="766" VPOS="1324" WIDTH="58" HEIGHT="30" WC="0.96" CONTENT="må"/><SP WIDTH="22" VPOS="1324" HPOS="824"/>
							<String ID="string_154" HPOS="846" VPOS="1323" WIDTH="52" HEIGHT="30" WC="0.93" CONTENT="till"/><SP WIDTH="21" VPOS="1323" HPOS="898"/>
							<String ID="string_155" HPOS="919" VPOS="1322" WIDTH="251" HEIGHT="30" WC="0.90" CONTENT="Hovrätterna:"/><SP WIDTH="24" VPOS="1322" HPOS="1170"/>
							<String ID="string_156" HPOS="1194" VPOS="1320" WIDTH="258" HEIGHT="31" WC="0.90" CONTENT="Omkostnader"/><SP WIDTH="22" VPOS="1320" HPOS="1452"/>
							<String ID="string_157" HPOS="1474" VPOS="1319" WIDTH="54" HEIGHT="31" WC="0.93" CONTENT="för"/><SP WIDTH="22" VPOS="1319" HPOS="1528"/>
							<String ID="string_158" HPOS="1550" VPOS="1319" WIDTH="85" HEIGHT="29" WC="0.92" CONTENT="bud-"/>
						</TextLine>
						<TextLine ID="line_20" HPOS="443" VPOS="1370" WIDTH="1129" HEIGHT="45">
							<String ID="string_159" HPOS="443" VPOS="1375" WIDTH="130" HEIGHT="40" WC="0.92" CONTENT="getåret"/><SP WIDTH="22" VPOS="1375" HPOS="573"/>
							<String ID="string_160" HPOS="595" VPOS="1374" WIDTH="149" HEIGHT="36" WC="0.91" CONTENT="1962/63"/><SP WIDTH="20" VPOS="1374" HPOS="744"/>
							<String ID="string_161" HPOS="764" VPOS="1374" WIDTH="121" HEIGHT="30" WC="0.96" CONTENT="anvisa"/><SP WIDTH="19" VPOS="1374" HPOS="885"/>
							<String ID="string_162" HPOS="904" VPOS="1375" WIDTH="49" HEIGHT="28" WC="0.93" CONTENT="ett"/><SP WIDTH="20" VPOS="1375" HPOS="953"/>
							<String ID="string_163" HPOS="973" VPOS="1372" WIDTH="273" HEIGHT="39" WC="0.92" CONTENT="förslagsanslag"/><SP WIDTH="21" VPOS="1372" HPOS="1246"/>
							<String ID="string_164" HPOS="1267" VPOS="1380" WIDTH="41" HEIGHT="21" WC="0.96" CONTENT="av"/><SP WIDTH="22" VPOS="1380" HPOS="1308"/>
							<String ID="string_165" HPOS="1330" VPOS="1370" WIDTH="96" HEIGHT="31" WC="0.90" CONTENT="1113"/><SP WIDTH="12" VPOS="1370" HPOS="1426"/>
							<String ID="string_166" HPOS="1438" VPOS="1370" WIDTH="62" HEIGHT="30" WC="0.93" CONTENT="000"/><SP WIDTH="20" VPOS="1370" HPOS="1500"/>
							<String ID="string_167" HPOS="1520" VPOS="1370" WIDTH="52" HEIGHT="29" WC="0.96" CONTENT="kr."/>
						</TextLine>
					</TextBlock>
				</ComposedBlock>
				<ComposedBlock ID="cblock_6" HPOS="132" VPOS="1461" WIDTH="1502" HEIGHT="350">
					<TextBlock ID="block_12" HPOS="132" VPOS="1461" WIDTH="1502" HEIGHT="350">
						<TextLine ID="line_21" HPOS="180" VPOS="1461" WIDTH="1449" HEIGHT="43">
							<String ID="string_168" HPOS="180" VPOS="1469" WIDTH="96" HEIGHT="35" WC="0.92" CONTENT="19:0)"/><SP WIDTH="23" VPOS="1469" HPOS="276"/>
							<String ID="string_169" HPOS="299" VPOS="1469" WIDTH="304" HEIGHT="30" WC="0.92" CONTENT="Häradsrätterna:"/><SP WIDTH="21" VPOS="1469" HPOS="603"/>
							<String ID="string_170" HPOS="624" VPOS="1467" WIDTH="221" HEIGHT="35" WC="0.87" CONTENT="Avlöningar."/><SP WIDTH="19" VPOS="1467" HPOS="845"/>
							<String ID="string_171" HPOS="864" VPOS="1466" WIDTH="124" HEIGHT="37" WC="0.95" CONTENT="Kungl."/><SP WIDTH="18" VPOS="1466" HPOS="988"/>
							<String ID="string_172" HPOS="1006" VPOS="1465" WIDTH="104" HEIGHT="37" WC="0.96" CONTENT="Maj:t"/><SP WIDTH="18" VPOS="1465" HPOS="1110"/>
							<String ID="string_173" HPOS="1128" VPOS="1465" WIDTH="65" HEIGHT="29" WC="0.96" CONTENT="har"/><SP WIDTH="24" VPOS="1465" HPOS="1193"/>
							<String ID="string_174" HPOS="1217" VPOS="1464" WIDTH="129" HEIGHT="40" WC="0.96" CONTENT="(punkt"/><SP WIDTH="20" VPOS="1464" HPOS="1346"/>
							<String ID="string_175" HPOS="1366" VPOS="1463" WIDTH="52" HEIGHT="34" WC="0.92" CONTENT="21,"/><SP WIDTH="21" VPOS="1463" HPOS="1418"/>
							<String ID="string_176" HPOS="1439" VPOS="1472" WIDTH="25" HEIGHT="21" WC="0.92" CONTENT="s."/><SP WIDTH="20" VPOS="1472" HPOS="1464"/>
							<String ID="string_177" HPOS="1484" VPOS="1461" WIDTH="145" HEIGHT="34" WC="0.82" CONTENT="29—33)"/>
						</TextLine>
						<TextLine ID="line_22" HPOS="133" VPOS="1513" WIDTH="1500" HEIGHT="46">
							<String ID="string_178" HPOS="133" VPOS="1519" WIDTH="180" HEIGHT="40" WC="0.95" CONTENT="föreslagit"/><SP WIDTH="24" VPOS="1519" HPOS="313"/>
							<String ID="string_179" HPOS="337" VPOS="1519" WIDTH="189" HEIGHT="39" WC="0.96" CONTENT="riksdagen"/><SP WIDTH="25" VPOS="1519" HPOS="526"/>
							<String ID="string_180" HPOS="551" VPOS="1520" WIDTH="50" HEIGHT="28" WC="0.96" CONTENT="att"/><SP WIDTH="24" VPOS="1520" HPOS="601"/>
							<String ID="string_181" HPOS="625" VPOS="1517" WIDTH="73" HEIGHT="30" WC="0.96" CONTENT="dels"/><SP WIDTH="25" VPOS="1517" HPOS="698"/>
							<String ID="string_182" HPOS="723" VPOS="1516" WIDTH="211" HEIGHT="40" WC="0.96" CONTENT="bemyndiga"/><SP WIDTH="24" VPOS="1516" HPOS="934"/>
							<String ID="string_183" HPOS="958" VPOS="1515" WIDTH="126" HEIGHT="40" WC="0.96" CONTENT="Kungl."/><SP WIDTH="26" VPOS="1515" HPOS="1084"/>
							<String ID="string_184" HPOS="1110" VPOS="1515" WIDTH="106" HEIGHT="39" WC="0.96" CONTENT="Maj:t"/><SP WIDTH="27" VPOS="1515" HPOS="1216"/>
							<String ID="string_185" HPOS="1243" VPOS="1516" WIDTH="49" HEIGHT="29" WC="0.96" CONTENT="att"/><SP WIDTH="25" VPOS="1516" HPOS="1292"/>
							<String ID="string_186" HPOS="1317" VPOS="1514" WIDTH="141" HEIGHT="39" WC="0.96" CONTENT="vidtaga"/><SP WIDTH="26" VPOS="1514" HPOS="1458"/>
							<String ID="string_187" HPOS="1484" VPOS="1513" WIDTH="40" HEIGHT="29" WC="0.93" CONTENT="de"/><SP WIDTH="27" VPOS="1513" HPOS="1524"/>
							<String ID="string_188" HPOS="1551" VPOS="1513" WIDTH="82" HEIGHT="29" WC="0.91" CONTENT="änd-"/>
						</TextLine>
						<TextLine ID="line_23" HPOS="133" VPOS="1563" WIDTH="1500" HEIGHT="46">
							<String ID="string_189" HPOS="133" VPOS="1570" WIDTH="118" HEIGHT="39" WC="0.96" CONTENT="ringar"/><SP WIDTH="25" VPOS="1570" HPOS="251"/>
							<String ID="string_190" HPOS="276" VPOS="1572" WIDTH="11" HEIGHT="29" WC="0.93" CONTENT="i"/><SP WIDTH="25" VPOS="1572" HPOS="287"/>
							<String ID="string_191" HPOS="312" VPOS="1568" WIDTH="432" HEIGHT="41" WC="0.91" CONTENT="personalförteckningen"/><SP WIDTH="25" VPOS="1568" HPOS="744"/>
							<String ID="string_192" HPOS="769" VPOS="1567" WIDTH="55" HEIGHT="31" WC="0.93" CONTENT="för"/><SP WIDTH="24" VPOS="1567" HPOS="824"/>
							<String ID="string_193" HPOS="848" VPOS="1567" WIDTH="299" HEIGHT="35" WC="0.90" CONTENT="häradsrätterna,"/><SP WIDTH="27" VPOS="1567" HPOS="1147"/>
							<String ID="string_194" HPOS="1174" VPOS="1574" WIDTH="76" HEIGHT="21" WC="0.92" CONTENT="som"/><SP WIDTH="26" VPOS="1574" HPOS="1250"/>
							<String ID="string_195" HPOS="1276" VPOS="1564" WIDTH="198" HEIGHT="31" WC="0.92" CONTENT="föranledes"/><SP WIDTH="27" VPOS="1564" HPOS="1474"/>
							<String ID="string_196" HPOS="1501" VPOS="1573" WIDTH="41" HEIGHT="20" WC="0.96" CONTENT="av"/><SP WIDTH="26" VPOS="1573" HPOS="1542"/>
							<String ID="string_197" HPOS="1568" VPOS="1563" WIDTH="65" HEIGHT="30" WC="0.96" CONTENT="vad"/>
						</TextLine>
						<TextLine ID="line_24" HPOS="132" VPOS="1614" WIDTH="1502" HEIGHT="45">
							<String ID="string_198" HPOS="132" VPOS="1618" WIDTH="387" HEIGHT="41" WC="0.92" CONTENT="departementschefen"/><SP WIDTH="22" VPOS="1618" HPOS="519"/>
							<String ID="string_199" HPOS="541" VPOS="1618" WIDTH="188" HEIGHT="40" WC="0.96" CONTENT="föreslagit,"/><SP WIDTH="21" VPOS="1618" HPOS="729"/>
							<String ID="string_200" HPOS="750" VPOS="1618" WIDTH="74" HEIGHT="30" WC="0.96" CONTENT="dels"/><SP WIDTH="21" VPOS="1618" HPOS="824"/>
							<String ID="string_201" HPOS="845" VPOS="1617" WIDTH="188" HEIGHT="39" WC="0.96" CONTENT="godkänna"/><SP WIDTH="21" VPOS="1617" HPOS="1033"/>
							<String ID="string_202" HPOS="1054" VPOS="1625" WIDTH="42" HEIGHT="21" WC="0.93" CONTENT="av"/><SP WIDTH="20" VPOS="1625" HPOS="1096"/>
							<String ID="string_203" HPOS="1116" VPOS="1614" WIDTH="386" HEIGHT="41" WC="0.91" CONTENT="departementschefen"/><SP WIDTH="22" VPOS="1614" HPOS="1502"/>
							<String ID="string_204" HPOS="1524" VPOS="1614" WIDTH="110" HEIGHT="30" WC="0.91" CONTENT="föror-"/>
						</TextLine>
						<TextLine ID="line_25" HPOS="133" VPOS="1665" WIDTH="1501" HEIGHT="45">
							<String ID="string_205" HPOS="133" VPOS="1672" WIDTH="68" HEIGHT="30" WC="0.93" CONTENT="dad"/><SP WIDTH="29" VPOS="1672" HPOS="201"/>
							<String ID="string_206" HPOS="230" VPOS="1670" WIDTH="254" HEIGHT="40" WC="0.92" CONTENT="avlöningsstat"/><SP WIDTH="29" VPOS="1670" HPOS="484"/>
							<String ID="string_207" HPOS="513" VPOS="1670" WIDTH="55" HEIGHT="30" WC="0.93" CONTENT="för"/><SP WIDTH="28" VPOS="1670" HPOS="568"/>
							<String ID="string_208" HPOS="596" VPOS="1669" WIDTH="297" HEIGHT="34" WC="0.92" CONTENT="häradsrätterna,"/><SP WIDTH="31" VPOS="1669" HPOS="893"/>
							<String ID="string_209" HPOS="924" VPOS="1670" WIDTH="51" HEIGHT="28" WC="0.96" CONTENT="att"/><SP WIDTH="29" VPOS="1670" HPOS="975"/>
							<String ID="string_210" HPOS="1004" VPOS="1667" WIDTH="177" HEIGHT="39" WC="0.94" CONTENT="tillämpas"/><SP WIDTH="30" VPOS="1667" HPOS="1181"/>
							<String ID="string_211" HPOS="1211" VPOS="1666" WIDTH="71" HEIGHT="30" WC="0.96" CONTENT="tills"/><SP WIDTH="30" VPOS="1666" HPOS="1282"/>
							<String ID="string_212" HPOS="1312" VPOS="1666" WIDTH="119" HEIGHT="29" WC="0.96" CONTENT="vidare"/><SP WIDTH="30" VPOS="1666" HPOS="1431"/>
							<String ID="string_213" HPOS="1461" VPOS="1665" WIDTH="80" HEIGHT="30" WC="0.96" CONTENT="från"/><SP WIDTH="28" VPOS="1665" HPOS="1541"/>
							<String ID="string_214" HPOS="1569" VPOS="1665" WIDTH="65" HEIGHT="29" WC="0.96" CONTENT="och"/>
						</TextLine>
						<TextLine ID="line_26" HPOS="132" VPOS="1715" WIDTH="1502" HEIGHT="45">
							<String ID="string_215" HPOS="132" VPOS="1722" WIDTH="80" HEIGHT="29" WC="0.95" CONTENT="med"/><SP WIDTH="21" VPOS="1722" HPOS="212"/>
							<String ID="string_216" HPOS="233" VPOS="1721" WIDTH="205" HEIGHT="39" WC="0.93" CONTENT="budgetåret"/><SP WIDTH="24" VPOS="1721" HPOS="438"/>
							<String ID="string_217" HPOS="462" VPOS="1720" WIDTH="160" HEIGHT="36" WC="0.92" CONTENT="1962/63,"/><SP WIDTH="21" VPOS="1720" HPOS="622"/>
							<String ID="string_218" HPOS="643" VPOS="1720" WIDTH="73" HEIGHT="29" WC="0.96" CONTENT="dels"/><SP WIDTH="22" VPOS="1720" HPOS="716"/>
							<String ID="string_219" HPOS="738" VPOS="1719" WIDTH="65" HEIGHT="30" WC="0.96" CONTENT="ock"/><SP WIDTH="20" VPOS="1719" HPOS="803"/>
							<String ID="string_220" HPOS="823" VPOS="1719" WIDTH="54" HEIGHT="30" WC="0.91" CONTENT="till"/><SP WIDTH="21" VPOS="1719" HPOS="877"/>
							<String ID="string_221" HPOS="898" VPOS="1718" WIDTH="311" HEIGHT="30" WC="0.91" CONTENT="Häradsrätterna:"/><SP WIDTH="25" VPOS="1718" HPOS="1209"/>
							<String ID="string_222" HPOS="1234" VPOS="1716" WIDTH="213" HEIGHT="39" WC="0.90" CONTENT="Avlöningar"/><SP WIDTH="21" VPOS="1716" HPOS="1447"/>
							<String ID="string_223" HPOS="1468" VPOS="1715" WIDTH="55" HEIGHT="30" WC="0.93" CONTENT="för"/><SP WIDTH="22" VPOS="1715" HPOS="1523"/>
							<String ID="string_224" HPOS="1545" VPOS="1724" WIDTH="89" HEIGHT="21" WC="0.92" CONTENT="sam-"/>
						</TextLine>
						<TextLine ID="line_27" HPOS="133" VPOS="1768" WIDTH="1102" HEIGHT="43">
							<String ID="string_225" HPOS="133" VPOS="1782" WIDTH="59" HEIGHT="20" WC="0.96" CONTENT="ma"/><SP WIDTH="18" VPOS="1782" HPOS="192"/>
							<String ID="string_226" HPOS="210" VPOS="1771" WIDTH="171" HEIGHT="40" WC="0.96" CONTENT="budgetår"/><SP WIDTH="17" VPOS="1771" HPOS="381"/>
							<String ID="string_227" HPOS="398" VPOS="1771" WIDTH="122" HEIGHT="30" WC="0.96" CONTENT="anvisa"/><SP WIDTH="20" VPOS="1771" HPOS="520"/>
							<String ID="string_228" HPOS="540" VPOS="1773" WIDTH="48" HEIGHT="27" WC="0.93" CONTENT="ett"/><SP WIDTH="20" VPOS="1773" HPOS="588"/>
							<String ID="string_229" HPOS="608" VPOS="1770" WIDTH="274" HEIGHT="39" WC="0.91" CONTENT="förslagsanslag"/><SP WIDTH="21" VPOS="1770" HPOS="882"/>
							<String ID="string_230" HPOS="903" VPOS="1778" WIDTH="42" HEIGHT="21" WC="0.96" CONTENT="av"/><SP WIDTH="21" VPOS="1778" HPOS="945"/>
							<String ID="string_231" HPOS="966" VPOS="1769" WIDTH="39" HEIGHT="30" WC="0.96" CONTENT="27"/><SP WIDTH="18" VPOS="1769" HPOS="1005"/>
							<String ID="string_232" HPOS="1023" VPOS="1768" WIDTH="61" HEIGHT="30" WC="0.96" CONTENT="108"/><SP WIDTH="15" VPOS="1768" HPOS="1084"/>
							<String ID="string_233" HPOS="1099" VPOS="1768" WIDTH="63" HEIGHT="30" WC="0.96" CONTENT="000"/><SP WIDTH="21" VPOS="1768" HPOS="1162"/>
							<String ID="string_234" HPOS="1183" VPOS="1768" WIDTH="52" HEIGHT="30" WC="0.96" CONTENT="kr."/>
						</TextLine>
					</TextBlock>
				</ComposedBlock>
				<ComposedBlock ID="cblock_7" HPOS="133" VPOS="1859" WIDTH="1503" HEIGHT="645">
					<TextBlock ID="block_13" HPOS="177" VPOS="1859" WIDTH="1155" HEIGHT="43">
						<TextLine ID="line_28" HPOS="177" VPOS="1859" WIDTH="1155" HEIGHT="43">
							<String ID="string_235" HPOS="177" VPOS="1862" WIDTH="166" HEIGHT="40" WC="0.96" CONTENT="Anslaget"/><SP WIDTH="20" VPOS="1862" HPOS="343"/>
							<String ID="string_236" HPOS="363" VPOS="1864" WIDTH="38" HEIGHT="29" WC="0.96" CONTENT="är"/><SP WIDTH="20" VPOS="1864" HPOS="401"/>
							<String ID="string_237" HPOS="421" VPOS="1863" WIDTH="11" HEIGHT="29" WC="0.96" CONTENT="i"/><SP WIDTH="22" VPOS="1863" HPOS="432"/>
							<String ID="string_238" HPOS="454" VPOS="1862" WIDTH="158" HEIGHT="40" WC="0.93" CONTENT="gällande"/><SP WIDTH="21" VPOS="1862" HPOS="612"/>
							<String ID="string_239" HPOS="633" VPOS="1862" WIDTH="145" HEIGHT="29" WC="0.92" CONTENT="riksstat"/><SP WIDTH="20" VPOS="1862" HPOS="778"/>
							<String ID="string_240" HPOS="798" VPOS="1860" WIDTH="146" HEIGHT="40" WC="0.96" CONTENT="uppfört"/><SP WIDTH="19" VPOS="1860" HPOS="944"/>
							<String ID="string_241" HPOS="963" VPOS="1860" WIDTH="79" HEIGHT="30" WC="0.96" CONTENT="med"/><SP WIDTH="22" VPOS="1860" HPOS="1042"/>
							<String ID="string_242" HPOS="1064" VPOS="1860" WIDTH="41" HEIGHT="30" WC="0.91" CONTENT="25"/><SP WIDTH="15" VPOS="1860" HPOS="1105"/>
							<String ID="string_243" HPOS="1120" VPOS="1859" WIDTH="61" HEIGHT="30" WC="0.96" CONTENT="707"/><SP WIDTH="16" VPOS="1859" HPOS="1181"/>
							<String ID="string_244" HPOS="1197" VPOS="1859" WIDTH="62" HEIGHT="30" WC="0.95" CONTENT="000"/><SP WIDTH="21" VPOS="1859" HPOS="1259"/>
							<String ID="string_245" HPOS="1280" VPOS="1859" WIDTH="52" HEIGHT="29" WC="0.95" CONTENT="kr."/>
						</TextLine>
					</TextBlock>
					<TextBlock ID="block_14" HPOS="133" VPOS="1908" WIDTH="1503" HEIGHT="446">
						<TextLine ID="line_29" HPOS="178" VPOS="1908" WIDTH="1455" HEIGHT="45">
							<String ID="string_246" HPOS="178" VPOS="1913" WIDTH="126" HEIGHT="40" WC="0.95" CONTENT="Kungl."/><SP WIDTH="18" VPOS="1913" HPOS="304"/>
							<String ID="string_247" HPOS="322" VPOS="1914" WIDTH="107" HEIGHT="39" WC="0.96" CONTENT="Maj:t"/><SP WIDTH="17" VPOS="1914" HPOS="429"/>
							<String ID="string_248" HPOS="446" VPOS="1913" WIDTH="65" HEIGHT="30" WC="0.96" CONTENT="har"/><SP WIDTH="17" VPOS="1913" HPOS="511"/>
							<String ID="string_249" HPOS="528" VPOS="1913" WIDTH="66" HEIGHT="30" WC="0.96" CONTENT="den"/><SP WIDTH="18" VPOS="1913" HPOS="594"/>
							<String ID="string_250" HPOS="612" VPOS="1913" WIDTH="40" HEIGHT="30" WC="0.96" CONTENT="27"/><SP WIDTH="19" VPOS="1913" HPOS="652"/>
							<String ID="string_251" HPOS="671" VPOS="1912" WIDTH="67" HEIGHT="40" WC="0.96" CONTENT="juli"/><SP WIDTH="20" VPOS="1912" HPOS="738"/>
							<String ID="string_252" HPOS="758" VPOS="1912" WIDTH="80" HEIGHT="30" WC="0.96" CONTENT="1961"/><SP WIDTH="21" VPOS="1912" HPOS="838"/>
							<String ID="string_253" HPOS="859" VPOS="1911" WIDTH="80" HEIGHT="30" WC="0.96" CONTENT="med"/><SP WIDTH="19" VPOS="1911" HPOS="939"/>
							<String ID="string_254" HPOS="958" VPOS="1911" WIDTH="77" HEIGHT="29" WC="0.96" CONTENT="stöd"/><SP WIDTH="18" VPOS="1911" HPOS="1035"/>
							<String ID="string_255" HPOS="1053" VPOS="1919" WIDTH="42" HEIGHT="21" WC="0.96" CONTENT="av"/><SP WIDTH="21" VPOS="1919" HPOS="1095"/>
							<String ID="string_256" HPOS="1116" VPOS="1911" WIDTH="13" HEIGHT="28" WC="0.94" CONTENT="1"/><SP WIDTH="24" VPOS="1911" HPOS="1129"/>
							<String ID="string_257" HPOS="1153" VPOS="1910" WIDTH="15" HEIGHT="36" WC="0.66" CONTENT="8"/><SP WIDTH="21" VPOS="1910" HPOS="1168"/>
							<String ID="string_258" HPOS="1189" VPOS="1910" WIDTH="99" HEIGHT="39" WC="0.96" CONTENT="lagen"/><SP WIDTH="19" VPOS="1910" HPOS="1288"/>
							<String ID="string_259" HPOS="1307" VPOS="1909" WIDTH="67" HEIGHT="30" WC="0.96" CONTENT="den"/><SP WIDTH="21" VPOS="1909" HPOS="1374"/>
							<String ID="string_260" HPOS="1395" VPOS="1909" WIDTH="37" HEIGHT="29" WC="0.96" CONTENT="17"/><SP WIDTH="20" VPOS="1909" HPOS="1432"/>
							<String ID="string_261" HPOS="1452" VPOS="1909" WIDTH="78" HEIGHT="39" WC="0.96" CONTENT="juni"/><SP WIDTH="22" VPOS="1909" HPOS="1530"/>
							<String ID="string_262" HPOS="1552" VPOS="1908" WIDTH="81" HEIGHT="30" WC="0.96" CONTENT="1932"/>
						</TextLine>
						<TextLine ID="line_30" HPOS="133" VPOS="1958" WIDTH="1502" HEIGHT="44">
							<String ID="string_263" HPOS="133" VPOS="1973" WIDTH="58" HEIGHT="21" WC="0.95" CONTENT="om"/><SP WIDTH="20" VPOS="1973" HPOS="191"/>
							<String ID="string_264" HPOS="211" VPOS="1964" WIDTH="95" HEIGHT="30" WC="0.96" CONTENT="stads"/><SP WIDTH="20" VPOS="1964" HPOS="306"/>
							<String ID="string_265" HPOS="326" VPOS="1964" WIDTH="67" HEIGHT="30" WC="0.93" CONTENT="och"/><SP WIDTH="18" VPOS="1964" HPOS="393"/>
							<String ID="string_266" HPOS="411" VPOS="1963" WIDTH="213" HEIGHT="39" WC="0.92" CONTENT="landsbygds"/><SP WIDTH="21" VPOS="1963" HPOS="624"/>
							<String ID="string_267" HPOS="645" VPOS="1962" WIDTH="191" HEIGHT="31" WC="0.96" CONTENT="förenande"/><SP WIDTH="20" VPOS="1962" HPOS="836"/>
							<String ID="string_268" HPOS="856" VPOS="1962" WIDTH="11" HEIGHT="29" WC="0.93" CONTENT="i"/><SP WIDTH="21" VPOS="1962" HPOS="867"/>
							<String ID="string_269" HPOS="888" VPOS="1961" WIDTH="174" HEIGHT="40" WC="0.90" CONTENT="judiciellt"/><SP WIDTH="20" VPOS="1961" HPOS="1062"/>
							<String ID="string_270" HPOS="1082" VPOS="1960" WIDTH="169" HEIGHT="30" WC="0.93" CONTENT="avseende"/><SP WIDTH="22" VPOS="1960" HPOS="1251"/>
							<String ID="string_271" HPOS="1273" VPOS="1959" WIDTH="193" HEIGHT="34" WC="0.89" CONTENT="förordnat,"/><SP WIDTH="23" VPOS="1959" HPOS="1466"/>
							<String ID="string_272" HPOS="1489" VPOS="1961" WIDTH="48" HEIGHT="27" WC="0.93" CONTENT="att"/><SP WIDTH="22" VPOS="1961" HPOS="1537"/>
							<String ID="string_273" HPOS="1559" VPOS="1958" WIDTH="76" HEIGHT="30" WC="0.92" CONTENT="råd-"/>
						</TextLine>
						<TextLine ID="line_31" HPOS="133" VPOS="2010" WIDTH="1501" HEIGHT="43">
							<String ID="string_274" HPOS="133" VPOS="2015" WIDTH="184" HEIGHT="29" WC="0.90" CONTENT="husrätten"/><SP WIDTH="21" VPOS="2015" HPOS="317"/>
							<String ID="string_275" HPOS="338" VPOS="2014" WIDTH="11" HEIGHT="30" WC="0.96" CONTENT="i"/><SP WIDTH="22" VPOS="2014" HPOS="349"/>
							<String ID="string_276" HPOS="371" VPOS="2014" WIDTH="109" HEIGHT="39" WC="0.95" CONTENT="Visby"/><SP WIDTH="22" VPOS="2014" HPOS="480"/>
							<String ID="string_277" HPOS="502" VPOS="2014" WIDTH="89" HEIGHT="30" WC="0.96" CONTENT="skall"/><SP WIDTH="21" VPOS="2014" HPOS="591"/>
							<String ID="string_278" HPOS="612" VPOS="2013" WIDTH="160" HEIGHT="39" WC="0.96" CONTENT="upphöra"/><SP WIDTH="21" VPOS="2013" HPOS="772"/>
							<String ID="string_279" HPOS="793" VPOS="2013" WIDTH="67" HEIGHT="29" WC="0.96" CONTENT="den"/><SP WIDTH="25" VPOS="2013" HPOS="860"/>
							<String ID="string_280" HPOS="885" VPOS="2013" WIDTH="13" HEIGHT="29" WC="0.95" CONTENT="1"/><SP WIDTH="24" VPOS="2013" HPOS="898"/>
							<String ID="string_281" HPOS="922" VPOS="2012" WIDTH="142" HEIGHT="39" WC="0.96" CONTENT="januari"/><SP WIDTH="25" VPOS="2012" HPOS="1064"/>
							<String ID="string_282" HPOS="1089" VPOS="2011" WIDTH="83" HEIGHT="30" WC="0.96" CONTENT="1962"/><SP WIDTH="23" VPOS="2011" HPOS="1172"/>
							<String ID="string_283" HPOS="1195" VPOS="2010" WIDTH="64" HEIGHT="30" WC="0.96" CONTENT="och"/><SP WIDTH="23" VPOS="2010" HPOS="1259"/>
							<String ID="string_284" HPOS="1282" VPOS="2012" WIDTH="50" HEIGHT="28" WC="0.96" CONTENT="att"/><SP WIDTH="23" VPOS="2012" HPOS="1332"/>
							<String ID="string_285" HPOS="1355" VPOS="2010" WIDTH="122" HEIGHT="29" WC="0.95" CONTENT="staden"/><SP WIDTH="24" VPOS="2010" HPOS="1477"/>
							<String ID="string_286" HPOS="1501" VPOS="2018" WIDTH="133" HEIGHT="21" WC="0.96" CONTENT="samma"/>
						</TextLine>
						<TextLine ID="line_32" HPOS="133" VPOS="2060" WIDTH="1502" HEIGHT="45">
							<String ID="string_287" HPOS="133" VPOS="2065" WIDTH="67" HEIGHT="39" WC="0.96" CONTENT="dag"/><SP WIDTH="17" VPOS="2065" HPOS="200"/>
							<String ID="string_288" HPOS="217" VPOS="2067" WIDTH="10" HEIGHT="29" WC="0.93" CONTENT="i"/><SP WIDTH="17" VPOS="2067" HPOS="227"/>
							<String ID="string_289" HPOS="244" VPOS="2065" WIDTH="173" HEIGHT="40" WC="0.91" CONTENT="judiciellt"/><SP WIDTH="18" VPOS="2065" HPOS="417"/>
							<String ID="string_290" HPOS="435" VPOS="2064" WIDTH="168" HEIGHT="30" WC="0.96" CONTENT="avseende"/><SP WIDTH="19" VPOS="2064" HPOS="603"/>
							<String ID="string_291" HPOS="622" VPOS="2064" WIDTH="89" HEIGHT="29" WC="0.96" CONTENT="skall"/><SP WIDTH="18" VPOS="2064" HPOS="711"/>
							<String ID="string_292" HPOS="729" VPOS="2063" WIDTH="140" HEIGHT="30" WC="0.96" CONTENT="förenas"/><SP WIDTH="18" VPOS="2063" HPOS="869"/>
							<String ID="string_293" HPOS="887" VPOS="2062" WIDTH="80" HEIGHT="30" WC="0.96" CONTENT="med"/><SP WIDTH="19" VPOS="2062" HPOS="967"/>
							<String ID="string_294" HPOS="986" VPOS="2061" WIDTH="167" HEIGHT="30" WC="0.96" CONTENT="Gotlands"/><SP WIDTH="19" VPOS="2061" HPOS="1153"/>
							<String ID="string_295" HPOS="1172" VPOS="2061" WIDTH="177" HEIGHT="38" WC="0.95" CONTENT="domsaga."/><SP WIDTH="18" VPOS="2061" HPOS="1349"/>
							<String ID="string_296" HPOS="1367" VPOS="2060" WIDTH="127" HEIGHT="30" WC="0.96" CONTENT="Vidare"/><SP WIDTH="18" VPOS="2060" HPOS="1494"/>
							<String ID="string_297" HPOS="1512" VPOS="2060" WIDTH="63" HEIGHT="29" WC="0.93" CONTENT="har"/><SP WIDTH="17" VPOS="2060" HPOS="1575"/>
							<String ID="string_298" HPOS="1592" VPOS="2077" WIDTH="43" HEIGHT="4" WC="0.92" CONTENT="—"/>
						</TextLine>
						<TextLine ID="line_33" HPOS="133" VPOS="2110" WIDTH="1501" HEIGHT="43">
							<String ID="string_299" HPOS="133" VPOS="2116" WIDTH="80" HEIGHT="29" WC="0.96" CONTENT="med"/><SP WIDTH="19" VPOS="2116" HPOS="213"/>
							<String ID="string_300" HPOS="232" VPOS="2115" WIDTH="77" HEIGHT="30" WC="0.96" CONTENT="stöd"/><SP WIDTH="20" VPOS="2115" HPOS="309"/>
							<String ID="string_301" HPOS="329" VPOS="2124" WIDTH="41" HEIGHT="21" WC="0.96" CONTENT="av"/><SP WIDTH="19" VPOS="2124" HPOS="370"/>
							<String ID="string_302" HPOS="389" VPOS="2114" WIDTH="206" HEIGHT="39" WC="0.96" CONTENT="riksdagens"/><SP WIDTH="19" VPOS="2114" HPOS="595"/>
							<String ID="string_303" HPOS="614" VPOS="2113" WIDTH="278" HEIGHT="40" WC="0.93" CONTENT="bemyndigande"/><SP WIDTH="18" VPOS="2113" HPOS="892"/>
							<String ID="string_304" HPOS="910" VPOS="2130" WIDTH="46" HEIGHT="4" WC="0.88" CONTENT="—"/><SP WIDTH="17" VPOS="2130" HPOS="956"/>
							<String ID="string_305" HPOS="973" VPOS="2112" WIDTH="68" HEIGHT="30" WC="0.95" CONTENT="den"/><SP WIDTH="20" VPOS="2112" HPOS="1041"/>
							<String ID="string_306" HPOS="1061" VPOS="2113" WIDTH="14" HEIGHT="29" WC="0.96" CONTENT="1"/><SP WIDTH="23" VPOS="2113" HPOS="1075"/>
							<String ID="string_307" HPOS="1098" VPOS="2111" WIDTH="181" HEIGHT="30" WC="0.96" CONTENT="december"/><SP WIDTH="22" VPOS="2111" HPOS="1279"/>
							<String ID="string_308" HPOS="1301" VPOS="2111" WIDTH="80" HEIGHT="30" WC="0.96" CONTENT="1961"/><SP WIDTH="24" VPOS="2111" HPOS="1381"/>
							<String ID="string_309" HPOS="1405" VPOS="2110" WIDTH="229" HEIGHT="34" WC="0.95" CONTENT="föreskrivits,"/>
						</TextLine>
						<TextLine ID="line_34" HPOS="134" VPOS="2160" WIDTH="1500" HEIGHT="43">
							<String ID="string_310" HPOS="134" VPOS="2167" WIDTH="50" HEIGHT="28" WC="0.96" CONTENT="att"/><SP WIDTH="19" VPOS="2167" HPOS="184"/>
							<String ID="string_311" HPOS="203" VPOS="2165" WIDTH="155" HEIGHT="31" WC="0.96" CONTENT="nämnda"/><SP WIDTH="19" VPOS="2165" HPOS="358"/>
							<String ID="string_312" HPOS="377" VPOS="2165" WIDTH="167" HEIGHT="38" WC="0.96" CONTENT="domsaga"/><SP WIDTH="19" VPOS="2165" HPOS="544"/>
							<String ID="string_313" HPOS="563" VPOS="2164" WIDTH="80" HEIGHT="30" WC="0.96" CONTENT="från"/><SP WIDTH="19" VPOS="2164" HPOS="643"/>
							<String ID="string_314" HPOS="662" VPOS="2164" WIDTH="65" HEIGHT="30" WC="0.96" CONTENT="och"/><SP WIDTH="18" VPOS="2164" HPOS="727"/>
							<String ID="string_315" HPOS="745" VPOS="2164" WIDTH="79" HEIGHT="29" WC="0.96" CONTENT="med"/><SP WIDTH="19" VPOS="2164" HPOS="824"/>
							<String ID="string_316" HPOS="843" VPOS="2163" WIDTH="174" HEIGHT="39" WC="0.96" CONTENT="ingången"/><SP WIDTH="20" VPOS="2163" HPOS="1017"/>
							<String ID="string_317" HPOS="1037" VPOS="2172" WIDTH="42" HEIGHT="20" WC="0.96" CONTENT="av"/><SP WIDTH="20" VPOS="2172" HPOS="1079"/>
							<String ID="string_318" HPOS="1099" VPOS="2162" WIDTH="38" HEIGHT="30" WC="0.96" CONTENT="år"/><SP WIDTH="22" VPOS="2162" HPOS="1137"/>
							<String ID="string_319" HPOS="1159" VPOS="2162" WIDTH="83" HEIGHT="30" WC="0.96" CONTENT="1962"/><SP WIDTH="21" VPOS="2162" HPOS="1242"/>
							<String ID="string_320" HPOS="1263" VPOS="2161" WIDTH="88" HEIGHT="30" WC="0.95" CONTENT="skall"/><SP WIDTH="20" VPOS="2161" HPOS="1351"/>
							<String ID="string_321" HPOS="1371" VPOS="2170" WIDTH="84" HEIGHT="20" WC="0.96" CONTENT="vara"/><SP WIDTH="18" VPOS="2170" HPOS="1455"/>
							<String ID="string_322" HPOS="1473" VPOS="2160" WIDTH="161" HEIGHT="40" WC="0.96" CONTENT="placerad"/>
						</TextLine>
						<TextLine ID="line_35" HPOS="134" VPOS="2210" WIDTH="1501" HEIGHT="44">
							<String ID="string_323" HPOS="134" VPOS="2216" WIDTH="9" HEIGHT="27" WC="0.92" CONTENT="i"/><SP WIDTH="24" VPOS="2216" HPOS="143"/>
							<String ID="string_324" HPOS="167" VPOS="2215" WIDTH="192" HEIGHT="39" WC="0.92" CONTENT="lönegrupp"/><SP WIDTH="24" VPOS="2215" HPOS="359"/>
							<String ID="string_325" HPOS="383" VPOS="2216" WIDTH="28" HEIGHT="29" WC="0.92" CONTENT="V"/><SP WIDTH="23" VPOS="2216" HPOS="411"/>
							<String ID="string_326" HPOS="434" VPOS="2217" WIDTH="73" HEIGHT="27" WC="0.95" CONTENT="mot"/><SP WIDTH="24" VPOS="2217" HPOS="507"/>
							<String ID="string_327" HPOS="531" VPOS="2214" WIDTH="144" HEIGHT="39" WC="0.96" CONTENT="tidigare"/><SP WIDTH="23" VPOS="2214" HPOS="675"/>
							<String ID="string_328" HPOS="698" VPOS="2214" WIDTH="10" HEIGHT="29" WC="0.93" CONTENT="i"/><SP WIDTH="23" VPOS="2214" HPOS="708"/>
							<String ID="string_329" HPOS="731" VPOS="2215" WIDTH="193" HEIGHT="37" WC="0.92" CONTENT="lönegrupp"/><SP WIDTH="24" VPOS="2215" HPOS="924"/>
							<String ID="string_330" HPOS="948" VPOS="2213" WIDTH="54" HEIGHT="29" WC="0.96" CONTENT="IV."/><SP WIDTH="25" VPOS="2213" HPOS="1002"/>
							<String ID="string_331" HPOS="1027" VPOS="2213" WIDTH="77" HEIGHT="29" WC="0.96" CONTENT="Med"/><SP WIDTH="24" VPOS="2213" HPOS="1104"/>
							<String ID="string_332" HPOS="1128" VPOS="2211" WIDTH="226" HEIGHT="39" WC="0.96" CONTENT="utnyttjande"/><SP WIDTH="24" VPOS="2211" HPOS="1354"/>
							<String ID="string_333" HPOS="1378" VPOS="2220" WIDTH="42" HEIGHT="21" WC="0.93" CONTENT="av"/><SP WIDTH="23" VPOS="2220" HPOS="1420"/>
							<String ID="string_334" HPOS="1443" VPOS="2210" WIDTH="192" HEIGHT="39" WC="0.91" CONTENT="förefintlig"/>
						</TextLine>
						<TextLine ID="line_36" HPOS="134" VPOS="2260" WIDTH="1502" HEIGHT="43">
							<String ID="string_335" HPOS="134" VPOS="2265" WIDTH="250" HEIGHT="29" WC="0.90" CONTENT="medelsreserv"/><SP WIDTH="24" VPOS="2265" HPOS="384"/>
							<String ID="string_336" HPOS="408" VPOS="2264" WIDTH="112" HEIGHT="30" WC="0.96" CONTENT="under"/><SP WIDTH="25" VPOS="2264" HPOS="520"/>
							<String ID="string_337" HPOS="545" VPOS="2264" WIDTH="155" HEIGHT="39" WC="0.94" CONTENT="anslaget"/><SP WIDTH="24" VPOS="2264" HPOS="700"/>
							<String ID="string_338" HPOS="724" VPOS="2264" WIDTH="64" HEIGHT="28" WC="0.96" CONTENT="har"/><SP WIDTH="26" VPOS="2264" HPOS="788"/>
							<String ID="string_339" HPOS="814" VPOS="2263" WIDTH="124" HEIGHT="39" WC="0.94" CONTENT="Kungl."/><SP WIDTH="27" VPOS="2263" HPOS="938"/>
							<String ID="string_340" HPOS="965" VPOS="2262" WIDTH="105" HEIGHT="39" WC="0.96" CONTENT="Maj:t"/><SP WIDTH="26" VPOS="2262" HPOS="1070"/>
							<String ID="string_341" HPOS="1096" VPOS="2262" WIDTH="116" HEIGHT="29" WC="0.96" CONTENT="därtill"/><SP WIDTH="27" VPOS="2262" HPOS="1212"/>
							<String ID="string_342" HPOS="1239" VPOS="2261" WIDTH="150" HEIGHT="30" WC="0.96" CONTENT="beslutat"/><SP WIDTH="26" VPOS="2261" HPOS="1389"/>
							<String ID="string_343" HPOS="1415" VPOS="2270" WIDTH="56" HEIGHT="20" WC="0.89" CONTENT="om"/><SP WIDTH="26" VPOS="2270" HPOS="1471"/>
							<String ID="string_344" HPOS="1497" VPOS="2260" WIDTH="139" HEIGHT="30" WC="0.89" CONTENT="fiskals-"/>
						</TextLine>
						<TextLine ID="line_37" HPOS="134" VPOS="2311" WIDTH="1156" HEIGHT="43">
							<String ID="string_345" HPOS="134" VPOS="2316" WIDTH="65" HEIGHT="28" WC="0.96" CONTENT="och"/><SP WIDTH="19" VPOS="2316" HPOS="199"/>
							<String ID="string_346" HPOS="218" VPOS="2324" WIDTH="118" HEIGHT="21" WC="0.95" CONTENT="annan"/><SP WIDTH="17" VPOS="2324" HPOS="336"/>
							<String ID="string_347" HPOS="353" VPOS="2315" WIDTH="163" HEIGHT="39" WC="0.95" CONTENT="personal"/><SP WIDTH="19" VPOS="2315" HPOS="516"/>
							<String ID="string_348" HPOS="535" VPOS="2314" WIDTH="111" HEIGHT="29" WC="0.96" CONTENT="under"/><SP WIDTH="19" VPOS="2314" HPOS="646"/>
							<String ID="string_349" HPOS="665" VPOS="2313" WIDTH="198" HEIGHT="30" WC="0.96" CONTENT="återstoden"/><SP WIDTH="20" VPOS="2313" HPOS="863"/>
							<String ID="string_350" HPOS="883" VPOS="2322" WIDTH="41" HEIGHT="20" WC="0.96" CONTENT="av"/><SP WIDTH="19" VPOS="2322" HPOS="924"/>
							<String ID="string_351" HPOS="943" VPOS="2312" WIDTH="149" HEIGHT="39" WC="0.96" CONTENT="löpande"/><SP WIDTH="19" VPOS="2312" HPOS="1092"/>
							<String ID="string_352" HPOS="1111" VPOS="2311" WIDTH="179" HEIGHT="40" WC="0.96" CONTENT="budgetår."/>
						</TextLine>
					</TextBlock>
					<TextBlock ID="block_15" HPOS="135" VPOS="2361" WIDTH="1500" HEIGHT="143">
						<TextLine ID="line_38" HPOS="179" VPOS="2361" WIDTH="1456" HEIGHT="42">
							<String ID="string_353" HPOS="179" VPOS="2364" WIDTH="393" HEIGHT="39" WC="0.91" CONTENT="Departementschefen"/><SP WIDTH="26" VPOS="2364" HPOS="572"/>
							<String ID="string_354" HPOS="598" VPOS="2363" WIDTH="169" HEIGHT="35" WC="0.96" CONTENT="förordar,"/><SP WIDTH="27" VPOS="2363" HPOS="767"/>
							<String ID="string_355" HPOS="794" VPOS="2365" WIDTH="49" HEIGHT="28" WC="0.96" CONTENT="att"/><SP WIDTH="26" VPOS="2365" HPOS="843"/>
							<String ID="string_356" HPOS="869" VPOS="2363" WIDTH="80" HEIGHT="29" WC="0.96" CONTENT="från"/><SP WIDTH="25" VPOS="2363" HPOS="949"/>
							<String ID="string_357" HPOS="974" VPOS="2362" WIDTH="65" HEIGHT="30" WC="0.96" CONTENT="och"/><SP WIDTH="25" VPOS="2362" HPOS="1039"/>
							<String ID="string_358" HPOS="1064" VPOS="2362" WIDTH="79" HEIGHT="29" WC="0.96" CONTENT="med"/><SP WIDTH="25" VPOS="2362" HPOS="1143"/>
							<String ID="string_359" HPOS="1168" VPOS="2362" WIDTH="173" HEIGHT="38" WC="0.96" CONTENT="ingången"/><SP WIDTH="25" VPOS="2362" HPOS="1341"/>
							<String ID="string_360" HPOS="1366" VPOS="2370" WIDTH="42" HEIGHT="21" WC="0.96" CONTENT="av"/><SP WIDTH="25" VPOS="2370" HPOS="1408"/>
							<String ID="string_361" HPOS="1433" VPOS="2361" WIDTH="202" HEIGHT="39" WC="0.95" CONTENT="budgetåret"/>
						</TextLine>
						<TextLine ID="line_39" HPOS="137" VPOS="2411" WIDTH="1498" HEIGHT="42">
							<String ID="string_362" HPOS="137" VPOS="2415" WIDTH="149" HEIGHT="35" WC="0.92" CONTENT="1962/63"/><SP WIDTH="22" VPOS="2415" HPOS="286"/>
							<String ID="string_363" HPOS="308" VPOS="2415" WIDTH="10" HEIGHT="29" WC="0.96" CONTENT="i"/><SP WIDTH="22" VPOS="2415" HPOS="318"/>
							<String ID="string_364" HPOS="340" VPOS="2415" WIDTH="192" HEIGHT="38" WC="0.96" CONTENT="domsagan"/><SP WIDTH="21" VPOS="2415" HPOS="532"/>
							<String ID="string_365" HPOS="553" VPOS="2414" WIDTH="148" HEIGHT="30" WC="0.96" CONTENT="inrättas"/><SP WIDTH="22" VPOS="2414" HPOS="701"/>
							<String ID="string_366" HPOS="723" VPOS="2423" WIDTH="41" HEIGHT="20" WC="0.96" CONTENT="en"/><SP WIDTH="23" VPOS="2423" HPOS="764"/>
							<String ID="string_367" HPOS="787" VPOS="2414" WIDTH="111" HEIGHT="38" WC="0.96" CONTENT="tjänst"/><SP WIDTH="23" VPOS="2414" HPOS="898"/>
							<String ID="string_368" HPOS="921" VPOS="2422" WIDTH="75" HEIGHT="20" WC="0.93" CONTENT="som"/><SP WIDTH="22" VPOS="2422" HPOS="996"/>
							<String ID="string_369" HPOS="1018" VPOS="2412" WIDTH="236" HEIGHT="39" WC="0.92" CONTENT="tingsdomare"/><SP WIDTH="23" VPOS="2412" HPOS="1254"/>
							<String ID="string_370" HPOS="1277" VPOS="2411" WIDTH="63" HEIGHT="30" WC="0.96" CONTENT="och"/><SP WIDTH="23" VPOS="2411" HPOS="1340"/>
							<String ID="string_371" HPOS="1363" VPOS="2411" WIDTH="199" HEIGHT="39" WC="0.95" CONTENT="ytterligare"/><SP WIDTH="25" VPOS="2411" HPOS="1562"/>
							<String ID="string_372" HPOS="1587" VPOS="2413" WIDTH="48" HEIGHT="27" WC="0.95" CONTENT="tre"/>
						</TextLine>
						<TextLine ID="line_40" HPOS="135" VPOS="2464" WIDTH="743" HEIGHT="40">
							<String ID="string_373" HPOS="135" VPOS="2466" WIDTH="150" HEIGHT="38" WC="0.91" CONTENT="tjänsler"/><SP WIDTH="20" VPOS="2466" HPOS="285"/>
							<String ID="string_374" HPOS="305" VPOS="2465" WIDTH="55" HEIGHT="30" WC="0.96" CONTENT="för"/><SP WIDTH="20" VPOS="2465" HPOS="360"/>
							<String ID="string_375" HPOS="380" VPOS="2465" WIDTH="77" HEIGHT="30" WC="0.92" CONTENT="icke"/><SP WIDTH="20" VPOS="2465" HPOS="457"/>
							<String ID="string_376" HPOS="477" VPOS="2464" WIDTH="208" HEIGHT="31" WC="0.92" CONTENT="rättsbildad"/><SP WIDTH="21" VPOS="2464" HPOS="685"/>
							<String ID="string_377" HPOS="706" VPOS="2464" WIDTH="172" HEIGHT="39" WC="0.96" CONTENT="personal."/>
						</TextLine>
					</TextBlock>
				</ComposedBlock>
			</PrintSpace>
		</Page>
	</Layout>
</alto>
