1862 2788
398 161 406 40 Bevillningsutskottets
825 161 219 31 betänkande
1063 171 43 21 nr
1124 162 41 30 50
1183 162 40 30 år
1242 162 85 31 1959
1578 162 38 31 11

216 299 415 44 Departementschefens
653 299 197 43 beräkning
871 311 46 22 av
938 299 43 34 de
1003 298 174 35 särskilda
1198 298 304 35 inkomsttitlarna

153 397 14 29 I
194 395 99 41 fråga
318 405 58 21 om
401 396 241 40 beräkningen
669 406 43 21 av
739 397 41 30 de
807 395 175 32 särskilda
1007 396 305 31 inkomsttitlarna
1337 397 11 29 i
1376 396 237 31 riksstatsför-

109 446 109 40 slaget
245 446 156 31 ansluter
427 447 60 40 jag
513 447 71 40 mig
610 447 54 30 till
690 447 437 40 riksräkenskapsverkets
1154 446 133 41 förslag
1313 447 64 30 där
1402 447 76 30 icke
1503 448 110 29 annat

107 497 142 40 angives
271 498 12 30 i
305 497 58 31 det
384 497 167 40 följande.

152 548 14 30 I
193 548 174 30 avvaktan
393 549 46 39 på
465 548 66 30 den
557 549 150 38 översyn
733 557 43 21 av
799 547 409 41 inkomstberäkningen,
1237 557 76 21 som
1339 549 39 29 är
1404 548 129 30 avsedd
1560 550 52 29 att

110 598 180 40 företagas
322 600 119 39 längre
475 599 93 30 fram
603 599 112 30 under
747 599 199 39 riksdagen,
980 598 162 31 förordar
1174 599 61 39 jag
1267 601 51 28 att
1351 599 260 30 inkomsttiteln

108 649 139 30 skatt
285 649 20 30 å
343 650 223 29 inkomst
604 650 88 29 och
732 649 341 40 förmögenhet
1113 659 45 20 m.
1200 658 45 21 m.
1284 649 220 40 preliminärt
1528 658 84 31 upp-

111 702 96 38 tages
227 700 52 30 till
300 700 18 30 6
333 700 63 30 000
415 700 165 39 miljoner
599 700 142 31 kronor.

154 749 124 31 Såsom
300 749 185 31 förutsatts
507 751 11 29 i
541 750 56 30 det
621 749 209 41 föregående
853 752 11 29 i
888 750 75 30 min
984 749 220 41 redogörelse
1229 749 55 31 för
1307 749 221 41 budgetläget
1550 749 63 31 bör

110 801 11 29 i
144 801 154 40 enlighet
322 801 79 30 med
425 801 160 40 gällande
609 801 154 40 grunder
787 801 111 29 under
921 800 207 41 budgetåret
1155 801 149 40 1959/60
1329 800 200 40 avsättning
1554 800 61 30 ske

108 850 52 31 till
184 850 485 40 budgetutjämningsfonden
695 860 43 21 av
760 851 451 31 kommunalskattemedel.
1237 851 50 29 De
1313 853 135 28 avsatta
1473 851 139 29 medlen

108 901 61 31 bör
202 902 236 29 särredovisas
470 902 44 40 på
544 901 498 41 budgetutjämningsfonden.
1075 901 26 30 Å
1134 901 111 31 andra
1278 901 101 30 sidan
1410 901 62 30 bör
1504 902 107 39 enligt

108 961 136 21 samma
273 952 153 39 grunder
453 952 193 40 återföring
675 952 81 30 från
785 952 488 40 budgetutjämningsfonden
1302 952 61 30 ske
1393 961 42 21 av
1464 952 147 39 tidigare

106 1004 138 28 avsatta
265 1003 122 29 medel.
410 1003 13 29 I
445 1002 153 40 enlighet
621 1003 80 29 med
721 1002 438 40 riksräkenskapsverkets
1182 1002 132 40 förslag
1336 1003 71 29 kan
1430 1002 101 30 dessa
1554 1011 56 20 av-

108 1052 197 40 sättningar
329 1054 66 29 och
419 1052 235 40 återföringar
678 1053 221 39 preliminärt
923 1052 175 31 beräknas
1124 1053 171 29 resultera
1320 1053 11 29 i
1357 1062 43 20 en
1425 1052 187 30 nettoåter-

110 1104 117 39 föring
247 1113 42 20 av
312 1104 60 30 150
392 1104 165 39 miljoner
576 1104 142 30 kronor.

152 1154 228 30 Beträffande
440 1153 557 40 skogsvårdsavgiften
1053 1154 66 30 har
1149 1154 115 29 denna
1294 1163 43 20 av
1367 1153 83 30 1958
1480 1153 57 30 års
1568 1153 42 29 A-

108 1204 144 40 riksdag
279 1204 186 30 fastställts
491 1206 51 28 att
568 1204 55 30 för
649 1204 38 30 år
716 1204 83 31 1958
825 1204 84 40 utgå
933 1204 88 30 efter
1047 1204 248 40 promilletalet
1323 1204 82 34 1,25.
1431 1204 14 29 I
1470 1206 48 27 ett
1545 1203 67 30 den

105 1254 18 30 9
143 1255 68 39 juli
236 1255 83 30 1958
340 1255 134 40 avgivet
494 1255 224 31 betänkande
738 1255 64 31 har
824 1255 83 30 1955
929 1255 57 30 års
1008 1254 401 41 skogsvårdsutredning
1430 1254 179 40 föreslagit

110 1308 51 28 att
181 1306 95 30 detta
296 1306 211 40 promilletal
528 1306 112 30 skulle
662 1306 130 30 sänkas
812 1306 53 30 till
886 1305 63 35 0,7.
971 1306 284 39 Skogsstyrelsen
1275 1306 64 29 har
1360 1306 86 29 även
1467 1304 147 30 anslutit

110 1357 51 39 sig
181 1357 52 29 till
254 1357 94 29 detta
368 1356 140 40 förslag.
529 1356 99 30 Efter
646 1356 68 30 vad
733 1356 59 40 jag
811 1356 123 30 erfarit
953 1356 99 30 torde
1071 1356 220 40 proposition
1310 1356 149 30 rörande
1478 1355 136 29 huvud-

110 1407 101 29 delen
239 1416 42 20 av
310 1406 466 40 skogsvårdsutredningens
805 1406 131 40 förslag
964 1406 76 30 icke
1069 1407 143 29 komma
1240 1408 51 27 att
1320 1405 211 40 framläggas
1560 1405 53 30 till

112 1457 84 30 1959
212 1457 57 29 års
284 1457 153 39 riksdag.
455 1457 47 29 På
518 1457 113 39 grund
647 1457 109 29 härav
773 1458 38 29 är
826 1457 59 39 jag
901 1457 76 29 icke
992 1456 130 30 beredd
1138 1458 51 28 att
1206 1465 48 20 nu
1271 1457 166 38 ompröva
1454 1455 159 41 gällande

109 1507 223 40 promilletal.
352 1507 65 39 Jag
437 1507 204 30 hemställer
662 1506 121 31 därför
804 1507 10 29 i
836 1507 57 29 det
915 1506 157 40 följande
1094 1515 58 21 om
1173 1508 51 28 att
1247 1505 365 40 skogsvårdsavgiften

110 1557 55 30 för
188 1557 39 29 år
252 1557 83 30 1959
359 1557 191 30 fastställes
574 1557 53 30 till
653 1557 73 34 1,25
750 1557 170 40 promille,
944 1557 120 29 varvid
1088 1557 60 39 jag
1171 1557 175 29 beräknar
1370 1556 100 30 titeln
1495 1557 118 38 skogs-

108 1607 256 40 vårdsavgifter
383 1607 53 30 till
458 1608 38 30 13
517 1607 165 40 miljoner
701 1608 141 29 kronor.

148 1657 65 40 Jag
237 1657 157 30 ansluter
418 1658 70 39 mig
513 1658 53 30 till
590 1657 437 40 riksräkenskapsverkets
1053 1657 131 40 förslag
1208 1659 50 28 att
1282 1657 257 40 benämningen
1565 1657 44 40 på

106 1708 259 30 inkomsttiteln
397 1708 273 35 arvslottsskatt,
704 1708 183 40 gåvoskatt
920 1708 65 29 och
1017 1708 390 39 kvarlåtenskapsskatt
1438 1707 79 30 med
1550 1717 60 20 an-

105 1757 142 40 ledning
282 1768 42 20 av
358 1758 454 40 kvarlåtenskapsskattens
849 1758 233 30 avskaffande
1118 1758 62 30 bör
1217 1758 128 30 ändras
1381 1758 53 29 till
1482 1767 128 20 arvs-

105 1809 140 29 skatt
290 1809 87 30 och
422 1808 283 40 gåvoskatt.
753 1809 199 29 Eventuellt
975 1809 198 39 inflytande
1195 1808 126 40 belopp
1346 1818 42 20 av
1412 1808 197 30 kvarlåten-

105 1859 205 39 skapsskatt
328 1859 62 30 bör
409 1858 302 40 fortsättningsvis
730 1859 178 29 redovisas
927 1859 112 29 under
1059 1859 115 29 denna
1192 1859 86 29 titel.

149 1909 429 39 Riksräkenskapsverket
606 1909 65 30 har
698 1909 170 30 beräknat
896 1909 244 29 inkomsterna
1168 1918 43 20 av
1264 1909 346 29 lotterivinst-

104 1959 140 30 skatt
280 1959 53 30 till
353 1959 41 31 82
415 1959 164 40 miljoner
597 1960 142 29 kronor.
761 1959 121 30 Såsom
903 1959 156 39 framgår
1080 1968 43 21 av
1139 1959 68 30 vad
1227 1958 125 30 chefen
1374 1959 53 29 för
1447 1958 163 30 handels-

108 2010 278 40 departementet
407 2009 103 31 anför
529 2010 58 29 vid
608 2011 166 29 anmälan
796 2020 42 19 av
858 2010 157 39 anslaget
1037 2010 52 29 till
1111 2009 201 40 avsättning
1333 2009 52 30 till
1407 2009 129 30 fonden
1558 2008 54 31 för

105 2059 170 31 idrottens
302 2059 200 40 främjande
529 2059 148 31 föreslås
701 2060 71 30 viss
798 2060 149 39 höjning
973 2069 42 20 av
1040 2060 155 39 avgiften
1221 2060 57 29 vid
1305 2060 170 39 tippning,
1500 2059 108 30 vilket

105 2109 137 31 medför
260 2112 50 28 att
328 2111 111 29 större
455 2110 125 40 belopp
596 2111 161 29 kommer
774 2113 50 27 att
843 2110 136 30 utdelas
997 2110 52 30 till
1066 2111 184 29 vinnarna.
1268 2111 65 38 Jag
1351 2109 160 31 förordar
1529 2110 80 29 med

109 2161 139 40 hänsyn
264 2161 119 30 härtill
400 2162 51 28 att
468 2161 260 29 inkomsttiteln
746 2160 307 30 lotterivinstskatt
1071 2161 205 39 uppräknas
1294 2160 10 29 i
1323 2159 219 31 förhållande
1561 2159 52 30 till

109 2211 435 39 riksräkenskapsverkets
568 2210 132 39 förslag
722 2211 79 29 med
824 2212 18 28 2
865 2210 164 39 miljoner
1052 2211 130 29 kronor
1205 2211 83 29 eller
1310 2210 51 29 till
1386 2210 40 30 84
1449 2210 164 38 miljoner

109 2260 141 30 kronor.
