1904 2800
103 2023 134 23 Motionen

119 2059 29 22 1:
167 2058 58 23 304.

325 169 40 31 22
636 167 421 38 Bevillningsutskottets
1075 166 224 33 betänkande
1316 166 52 32 Nr
1392 165 52 32 44.

281 269 44 21 av
354 257 208 36 rusdrycker
594 256 85 30 eller
703 256 12 30 i
740 255 39 30 22
804 251 18 38 $
846 255 17 30 1
888 264 103 20 mom.
1020 253 85 31 eller
1130 253 40 31 23
1194 250 18 37 $
1237 254 17 29 1
1280 262 102 21 mom.
1408 253 12 29 i
1444 251 252 36 förordningen
1720 250 66 31 den

281 312 18 29 1
324 309 70 37 juli
418 309 83 30 1918
517 306 179 37 angående
713 306 127 31 handel
858 305 77 31 med
952 305 164 30 skattefri
1132 305 89 35 sprit
1237 304 85 30 eller
1339 304 12 30 i
1382 305 5 29 2
1404 313 103 21 mom.
1525 303 109 30 första
1651 302 135 36 stycket

281 372 45 21 av
351 361 113 31 denna
486 358 178 38 paragraf,
688 358 138 31 straffes
849 358 114 30 såsom
988 357 12 30 i
1024 356 40 31 30
1089 352 18 38 $
1130 357 19 29 1
1166 365 103 22 mom.
1286 355 111 31 andra
1413 355 63 31 och
1492 354 110 36 tredje
1619 353 167 37 styckena

282 414 13 31 i
318 412 252 36 förordningen
599 409 179 37 angående
802 408 237 36 tillverkning
1063 408 63 31 och
1149 407 227 36 beskattning
1400 417 45 20 av
1469 406 181 32 brännvin
1673 405 112 31 finnes

282 465 151 35 stadgat.

325 518 19 29 2
369 525 106 22 mom.
520 514 175 36 Avyttrar
723 514 116 34 någon
864 511 274 35 alkoholhaltigt
1162 511 172 35 preparat,
1359 509 144 31 varmed
1527 509 127 30 honom
1678 510 110 29 veter-

282 568 97 37 ligen
402 566 173 36 vidtagits
598 564 137 37 åtgärd,
759 573 74 21 som
857 564 13 29 i
894 564 18 29 1
936 573 103 21 mom.
1065 565 89 33 sägs,
1179 562 84 30 eller
1287 562 162 35 avyttrar
1473 561 127 35 någon,
1625 561 87 30 utan
1735 560 53 30 att

282 620 109 32 sådan
414 618 125 37 åtgärd
563 617 183 36 vidtagits,
770 615 274 36 alkoholhaltigt
1068 615 162 36 preparat
1254 613 57 31 till
1335 613 175 36 förtäring
1534 612 86 31 eller
1641 612 12 30 i
1669 611 119 37 övrigt

282 672 112 32 under
417 670 308 36 omständigheter,
749 678 75 22 som
847 668 76 31 bort
948 668 84 35 giva
1055 667 154 36 säljaren
1233 666 116 36 skälig
1365 665 194 37 anledning
1575 665 142 35 antaga,
1734 665 54 30 att

282 734 113 21 varan
427 726 39 28 är
498 722 129 31 avsedd
660 722 52 30 att
740 720 180 31 användas
944 729 74 21 som
1041 719 120 36 dryck,
1186 718 138 31 straffes
1341 719 120 33 såsom
1485 717 54 31 för
1563 717 134 34 olovlig
1722 716 67 30 för-

283 776 158 35 säljning
465 784 45 20 av
534 773 211 36 rusdrycker
769 772 113 34 enligt
906 772 40 29 74
970 767 18 37 $
1012 772 18 28 1
1048 780 102 21 mom.
1168 771 13 29 i
1197 769 254 35 förordningen
1467 768 67 31 den
1551 769 40 29 14
1607 768 81 35 juni
1705 767 83 30 1917

284 826 180 37 angående
488 824 215 36 försäljning
728 833 44 20 av
797 822 220 36 rusdrycker.

327 878 75 31 Har
437 877 77 35 den,
549 886 73 21 som
656 874 158 32 beträdes
849 873 77 31 med
961 872 219 37 förbrytelse,
1215 882 123 21 varom
1362 872 13 30 i
1398 871 111 31 första
1540 870 135 37 stycket
1698 872 92 34 sägs,

284 930 152 36 tidigare
460 929 100 31 fällts
584 928 58 31 till
666 927 101 31 straff
791 926 53 31 för
868 925 221 37 förbrytelse,
1113 934 74 21 som
1211 934 99 21 avses
1334 924 13 30 i
1364 924 40 30 30
1430 920 8 37 $
1456 924 17 29 1
1491 933 104 20 mom.
1613 922 85 31 eller
1715 922 40 31 31
1772 918 18 37 $

284 983 19 30 2
327 991 104 22 mom.
456 981 13 30 i
492 980 252 35 förordningen
768 977 181 37 angående
973 976 236 36 tillverkning
1226 976 63 31 och
1305 975 228 35 beskattning
1549 984 44 20 av
1609 974 182 30 brännvin

285 1034 85 30 eller
394 1033 13 30 i
430 1033 40 30 74
495 1029 17 37 $
537 1032 17 30 1
579 1040 104 21 mom.
708 1031 12 30 i
744 1029 251 36 förordningen
1019 1028 67 31 den
1109 1029 40 29 14
1173 1027 81 36 juni
1278 1027 83 30 1917
1378 1025 180 37 angående
1576 1025 214 36 försäljning

285 1095 45 21 av
355 1083 209 37 rusdrycker
588 1083 86 30 eller
698 1082 12 31 i
735 1082 39 30 22
799 1077 17 38 $
840 1082 18 29 1
883 1090 103 21 mom.
1010 1080 86 31 eller
1120 1079 40 31 23
1184 1075 18 38 $
1227 1080 18 29 1
1269 1088 103 21 mom.
1398 1078 12 30 i
1434 1077 255 35 förordningen
1723 1076 66 31 den

286 1138 18 30 1
328 1137 70 36 juli
433 1136 83 31 1918
551 1134 178 37 angående
764 1132 128 32 bandel
927 1132 77 31 med
1040 1131 163 31 skattefri
1237 1131 90 36 sprit
1362 1130 84 31 eller
1470 1130 13 30 i
1517 1130 7 30 I
1549 1139 104 21 mom.
1682 1128 110 31 första

287 1190 135 36 stycket
446 1199 44 20 av
514 1187 114 31 denna
651 1185 178 38 paragraf,
853 1185 138 31 straffes
1015 1185 114 30 såsom
1153 1184 13 30 i
1190 1184 40 30 74
1255 1180 17 37 $
1297 1184 17 30 1
1339 1192 104 21 mom.
1468 1181 109 32 andra
1602 1181 63 31 och
1682 1180 111 37 tredje

287 1241 167 37 styckena
477 1241 13 29 i
513 1239 253 35 förordningen
800 1237 67 31 den
902 1238 40 29 14
976 1236 81 36 juni
1092 1236 82 30 1917
1210 1234 178 36 angående
1412 1233 214 36 försäljning
1651 1243 45 20 av
1720 1242 73 21 rus”

287 1293 146 36 drycker
456 1291 113 31 finnes
592 1290 151 35 stadgat.

330 1430 122 31 Denna
477 1428 207 36 förordning
700 1427 117 32 träder
834 1427 12 30 i
862 1426 96 31 kraft
975 1425 66 31 den
1058 1426 18 29 1
1093 1425 142 31 oktober
1253 1424 82 31 1926
1353 1424 150 31 klockan
1519 1423 74 31 tolv
1610 1423 44 35 på
1671 1421 123 37 dagen.

332 1609 228 33 Beträffande
584 1608 68 31 vad
676 1607 254 37 föredragande
954 1604 382 39 departementschefen
1360 1604 61 31 vid
1438 1603 161 31 ärendets
1617 1602 177 36 föredrag-

290 1664 87 35 ning
402 1663 94 31 inför
519 1661 136 37 Kungl.
679 1661 102 36 Maj:t
804 1660 119 31 anfört
946 1659 57 31 till
1028 1658 213 35 motivering
1265 1657 54 30 för
1343 1656 179 36 förslagen
1534 1656 56 30 får
1613 1655 182 34 utskottet,

290 1716 12 30 i
326 1715 67 31 den
426 1715 83 30 mån
544 1713 217 36 redogörelse
795 1712 32 36 ej
862 1712 137 30 lämnas
1036 1711 63 30 här
1134 1709 125 35 nedan,
1293 1708 149 31 hänvisa
1466 1708 59 30 till
1549 1706 248 32 ovannämnda

290 1765 353 37 statsrådsprotokoll.

332 1869 71 31 Till
439 1868 171 32 utskottet
645 1867 92 31 hava
771 1866 135 37 jämväl
941 1865 238 31 överlämnats
1213 1863 80 37 fyra
1322 1863 12 30 i
1358 1862 193 36 anledning
1575 1872 45 20 av
1644 1860 153 32 nämnda

290 1921 217 37 proposition
530 1920 128 31 väckta
682 1919 180 35 motioner,
887 1917 182 36 nämligen

335 2022 65 36 1:0)
423 2024 182 31 Motionen
640 2033 43 20 nr
718 2023 62 31 304
816 2023 12 30 i
852 2022 110 30 första
985 2021 206 30 kammaren
1214 2030 45 20 av
1283 2019 123 30 herrar
1430 2018 200 31 Alexander
1654 2017 144 31 Nilsson

292 2077 63 31 och
378 2077 67 31 Per
469 2076 220 35 Gustafsson,
713 2074 77 31 däri
814 2072 209 36 hemställts,
1058 2073 72 30 »att
1155 2071 190 36 riksdagen
1368 2070 86 31 ville
1478 2070 73 31 dels
1574 2069 149 35 besluta,
1747 2069 53 30 att

292 2129 40 31 13
357 2125 18 38 $
399 2129 18 30 2
442 2138 103 21 mom.
570 2128 13 30 i
606 2126 135 37 Kungl.
766 2126 120 36 Maj:ts
909 2125 132 35 förslag
1065 2124 57 31 till
1140 2123 208 35 förordning
1365 2121 180 37 angående
1562 2120 238 36 tillverkning

292 2181 64 32 och
390 2180 227 36 beskattning
652 2189 46 21 av
731 2178 180 32 brännvin
946 2177 93 31 skall
1074 2177 102 35 utgå;
1200 2175 73 32 dels
1296 2176 132 35 antaga
1452 2174 64 30 här
1541 2174 114 30 såsom
1678 2172 122 36 bilaga

293 2234 149 35 intagna
465 2231 208 36 förordning
696 2230 181 36 angående
901 2229 142 31 fortsatt
1067 2228 231 35 tillämpning
1322 2236 45 21 av
1391 2226 252 35 förordningen
1668 2224 66 31 den
1759 2224 40 30 17

294 2285 70 36 maj
390 2284 84 31 1923
510 2281 56 36 (nr
595 2280 75 36 115)
694 2292 56 21 om
773 2281 241 36 begränsning
1038 2290 45 20 av
1108 2279 67 31 den
1198 2278 210 37 myckenhet
1431 2277 190 35 brännvin,
1646 2286 74 21 som
1744 2276 58 30 må

294 2335 217 32 framställas
536 2335 13 30 i
572 2334 257 35 sammanhang
864 2332 78 31 med
976 2330 376 38 pressjästberedning;
1388 2329 63 31 och
1485 2329 74 31 dels
1587 2328 13 30 i
1630 2327 170 31 skrivelse

294 2387 58 32 till
376 2386 135 37 Kungl.
544 2386 103 36 Maj:t
679 2385 144 31 anhålla
847 2394 56 21 om
927 2383 150 36 förnyad
1101 2382 193 35 utredning
1318 2391 44 20 av
1387 2381 127 35 frågan
1537 2389 57 21 om
1618 2379 66 31 den
1708 2388 93 26 myce-

294 2439 129 31 kenhet
455 2438 190 35 brännvin,
674 2446 74 22 som
772 2437 59 30 må
854 2435 217 31 framställas
1096 2434 12 30 i
1131 2433 258 35 sammanhang
1413 2431 77 31 med
1514 2429 287 38 pressjästbered-

293 2491 99 35 ning,
416 2489 77 31 med
524 2489 145 31 särskilt
692 2487 219 37 aktgivande
934 2488 45 35 på
1003 2485 283 32 önskvärdheten
1309 2494 46 21 av
1378 2484 53 31 att
1454 2483 115 31 denna
1592 2481 210 38 myckenhet
