1908 2800
90 809 135 24 Motionen

99 846 42 22 II:
160 844 58 24 433.

79 1629 144 28 Utskottet.

59 1684 126 23 Gällande
204 1684 38 24 de-

71 1718 160 24 stämmelser

50 1754 130 31 angående
198 1754 54 23 till-

60 1789 125 30 verkning
203 1789 44 23 och

72 1824 163 31 beskattning

50 1867 30 15 av
107 1859 135 23 brännvin.

320 154 39 29 24
627 153 421 36 Bevillningsutskottets
1067 152 224 31 betänkande
1310 152 52 31 Nr
1385 151 52 30 44.

274 240 63 32 och
372 239 79 32 med
486 239 66 32 den
587 239 40 32 30
663 239 194 37 september
892 238 95 32 1981.
1032 237 121 33 Under
1182 237 115 32 denna
1320 237 50 32 tid
1395 238 57 30 må
1477 237 177 31 brännvin
1678 237 110 32 fram-

275 292 122 32 ställas
422 292 56 31 till
502 302 44 21 en
570 292 211 37 myckenhet
809 302 44 21 av
876 291 240 37 sammanlagt
1141 291 171 36 7,500,000
1336 291 81 30 liter
1441 301 45 20 av
1510 290 276 37 normalstyrka,

274 345 110 31 därav
420 344 111 31 under
573 344 111 31 första
719 344 330 35 tillverkningsåret
1084 343 171 35 2,500,000
1291 343 93 34 liter,
1420 342 111 31 under
1565 342 111 31 andra
1712 343 72 31 till-

275 396 270 35 verkningsåret
571 396 173 34 2,000,000
768 395 92 34 liter,
885 394 112 31 under
1020 394 112 35 tredje
1150 394 332 35 tillverkningsåret
1500 394 172 34 1,500,000
1689 394 95 35 liter,

274 447 111 31 under
410 447 113 36 fjärde
545 447 332 35 tillverkningsåret
894 446 170 35 1,000,000
1082 445 83 31 liter
1182 445 62 30 och
1261 444 112 31 under
1390 445 105 30 femte
1513 444 270 38 tillverknings-

273 500 76 30 året
380 499 140 36 500,000
544 499 93 30 liter.
663 498 80 31 Med
760 498 179 31 brännvin
985 507 44 21 av
1055 496 262 37 normalstyrka
1341 496 129 31 förstås
1494 497 191 36 brännvin,
1710 507 74 22 som

273 551 62 31 vid
370 551 80 36 plus
485 552 40 30 15
561 550 127 37 grader
712 551 21 30 å
757 549 107 32 Celsii
899 551 222 30 termometer
1148 549 199 31 innehåller
1370 549 123 31 femtio
1517 548 268 37 volymprocent

274 603 156 34 alkohol;
465 604 90 29 samt
588 604 53 29 att
664 602 172 31 utskottet
861 602 86 30 ville
971 601 148 36 vidtaga
1135 601 40 30 de
1193 600 194 37 ändringar
1404 601 13 29 i
1433 600 41 31 de
1491 601 12 30 i
1519 601 265 35 propositionen

275 653 239 37 föreliggande
550 654 189 35 förslagen,
774 663 74 21 som
882 653 124 30 kunna
1041 662 87 21 vara
1164 652 129 35 nödiga
1328 652 60 30 vid
1423 653 50 29 ett
1508 651 103 31 bifall
1637 652 58 30 till
1719 652 65 30 här

274 705 224 32 framställda
521 705 190 37 yrkande.»

320 808 65 36 4:0)
408 810 182 31 Motionen
624 820 43 21 nr
702 810 61 31 433
788 811 12 30 i
824 810 110 31 andra
969 809 206 30 kammaren
1209 819 45 20 av
1289 809 81 31 herr
1404 808 150 32 Persson
1590 809 11 30 i
1631 808 154 37 Fritorp,

278 863 77 30 däri
379 862 212 36 föreslagits,
619 863 70 29 »att
713 862 189 36 riksdagen
925 862 108 29 måtte
1057 861 139 30 besluta

321 911 32 36 1)
376 915 52 29 att
452 914 12 30 i
487 913 151 36 lämplig
666 913 164 36 paragraf
855 914 12 29 i
890 912 255 35 förordningen
1175 912 180 35 angående
1380 912 237 35 tillverkning
1642 912 62 30 och
1727 911 56 31 be-

276 965 184 36 skattning
484 975 44 20 av
554 965 180 31 brännvin
758 965 130 30 införes
912 963 157 37 följande
1093 964 257 30 bestämmelse:

319 1017 87 30 ”Har
430 1017 281 35 tillverkningen
735 1017 61 31 vid
820 1017 111 29 annat
954 1015 168 32 bränneri
1139 1017 45 28 än
1200 1015 84 36 jäst-
1301 1015 63 31 och
1381 1015 266 30 sulfitbränneri
1671 1015 114 30 under

276 1068 96 31 tiden
397 1069 17 30 1
440 1068 143 31 oktober
607 1068 58 30 till
691 1068 65 30 den
781 1069 18 29 1
817 1068 108 35 därpå
941 1066 155 37 följande
1113 1067 72 35 maj
1202 1067 185 35 överstigit
1403 1067 138 35 600,000
1559 1067 81 30 liter
1656 1067 129 30 bränn-

272 1121 63 29 vin
359 1129 45 21 av
428 1119 274 36 normalstyrka,
726 1119 92 31 skall
843 1120 153 30 förutom
1020 1118 149 35 stadgad
1193 1118 95 30 skatt
1311 1118 162 35 erläggas
1497 1127 42 21 en
1564 1118 117 35 avgift
1702 1127 44 20 av
1765 1118 19 30 5

272 1173 56 29 öre
352 1171 54 31 för
423 1171 100 36 varje
547 1171 93 35 liter,
659 1170 143 32 varmed
819 1170 57 31 det
892 1169 211 32 tillverkade
1121 1169 170 31 litertalet
1308 1170 195 35 överstiger
1521 1170 140 35 600,000
1677 1169 108 31 liter.”

316 1220 31 36 2)
370 1224 52 30 att
457 1223 179 36 uttrycket
672 1222 202 32 ”fristående
908 1222 141 31 cistern”
1085 1222 13 30 i
1134 1221 18 30 8
1181 1218 18 37 $
1223 1232 44 20 av
1303 1221 232 36 lagförslaget
1570 1221 214 36 förtydligas

273 1275 145 36 därhän,
453 1276 53 30 att
540 1275 110 31 därav
686 1275 170 36 framgår,
890 1276 52 29 att
978 1273 143 31 härmed
1156 1283 100 21 avses
1292 1274 12 30 i
1334 1274 146 31 särskilt
1514 1273 200 31 cisternhus
1749 1273 33 36 ej

273 1327 159 36 inbyggd
457 1328 161 29 cistern.»

315 1429 281 31 Vidkommande
631 1429 68 31 vad
735 1429 40 31 de
809 1428 176 32 särskilda
1017 1428 260 31 motionärerna
1301 1428 118 30 anfört
1443 1428 57 30 till
1524 1428 76 30 stöd
1625 1428 55 30 för
1704 1428 81 30 sina

273 1481 133 36 förslag
432 1481 135 31 tillåter
591 1481 54 36 sig
671 1481 171 31 utskottet
866 1480 150 31 hänvisa
1041 1479 57 31 till
1123 1480 230 30 motionerna.

315 1628 286 36 Tillverkningen
635 1628 61 30 och
729 1628 262 36 beskattningen
1025 1637 43 20 av
1103 1627 175 30 brännvin
1313 1627 146 35 regleras
1483 1626 52 30 för
1570 1626 218 31 närvarande

271 1689 121 26 genom
426 1689 41 21 en
501 1680 12 30 i
551 1682 115 29 ämnet
701 1680 160 31 utfärdad
895 1679 200 36 förordning
1126 1679 64 31 den
1219 1680 39 29 11
1283 1678 139 31 oktober
1446 1678 84 31 1907
1555 1680 53 36 (nr
1632 1678 53 38 86)
1709 1678 76 31 med

270 1732 77 31 däri
370 1741 116 22 senare
509 1732 167 36 vidtagna
699 1732 199 36 ändringar.
923 1732 167 31 Närmare
1113 1731 250 31 bestämmelser
1386 1731 187 30 äro
1449 1726 16 47 i
1485 1731 88 30 vissa
1596 1730 189 32 avseenden

269 1784 193 31 meddelade
496 1785 12 30 i
547 1784 311 37 ordningsstadgan
882 1784 65 31 den
971 1784 18 30 3
1013 1784 90 36 april
1126 1784 84 30 1908
1235 1784 54 30 för
1311 1783 439 31 brännvinsbrännerierna
1772 1786 13 30 i

271 1837 99 35 riket,
394 1837 143 35 stadgan
572 1847 43 20 av
640 1847 129 20 samma
793 1837 65 36 dag
882 1837 53 30 för
957 1837 177 30 allmänna
1157 1836 351 35 brännvinsnederlag
1533 1836 61 30 och
1616 1836 168 30 särskilda

273 1899 43 20 av
340 1889 315 36 kontrollstyrelsen
678 1890 150 35 utgivna
850 1888 371 37 kontrollstadganden.
1246 1888 17 30 I
1287 1888 371 36 specialförfattningar
1674 1888 112 31 finnas

273 1941 213 31 föreskrifter
510 1942 142 30 rörande
676 1941 104 31 bland
793 1942 105 30 annat
914 1941 232 36 begränsning
1164 1950 44 21 av
1225 1940 65 31 den
1303 1940 201 36 myckenhet
1515 1940 183 36 brännvin,
1712 1950 72 21 som

272 1994 56 30 må
340 1993 208 31 framställas
568 1994 6 29 i
586 1993 247 36 sammanhang
846 1993 76 30 med
935 1992 356 37 pressjästberedning,
1305 1993 88 30 samt
1402 1992 176 36 angående
1591 1993 193 30 restitution

271 2055 45 20 av
340 2045 537 35 brännvinstillverkningsskatt.
912 2044 220 31 Beträffande
1156 2044 406 30 brännvinstillverkares
1574 2044 212 35 förfogande-

272 2098 67 29 rätt
363 2099 81 28 över
466 2097 177 30 tillverkat
666 2097 174 30 brännvin
863 2096 62 30 och
948 2096 107 31 andra
1086 2096 140 30 därmed
1250 2095 337 36 sammanhängande
1610 2096 116 36 frågor
1749 2098 42 28 är

271 2149 117 31 vidare
411 2149 135 36 stadgat
569 2149 12 30 i
606 2149 247 35 förordningen
878 2148 63 31 den
966 2149 39 29 14
1030 2148 77 36 juni
1132 2148 83 30 1917
1240 2147 174 37 angående
1438 2148 203 36 försäljning
1654 2158 44 20 av
1715 2158 69 20 rus-

270 2202 153 35 drycker,
461 2201 245 36 förordningen
731 2201 66 31 den
821 2202 18 29 1
864 2201 66 35 juli
955 2200 83 31 1918
1063 2200 173 36 angående
1260 2200 125 31 handel
1408 2200 77 31 med
1507 2200 157 31 skattefri
1688 2201 95 35 sprit,

270 2254 245 36 förordningen
549 2254 65 31 den
643 2255 40 29 11
712 2254 78 36 juni
814 2253 84 31 1920
922 2252 174 37 angående
1120 2253 208 36 försäljning
1352 2263 44 20 av
1421 2252 244 32 odenaturerad
1689 2253 95 36 sprit,

269 2306 194 31 framställd
501 2316 42 20 ur
575 2306 181 31 avfallslut
791 2305 59 31 vid
874 2305 497 36 sulfiteellulosatillverkning,
1396 2305 61 30 och
1481 2315 41 21 en
1545 2306 12 29 i
1581 2306 204 36 anslutning

270 2359 54 30 till
347 2358 211 31 sistnämnda
582 2358 204 35 förordning
809 2357 160 31 utfärdad
994 2357 257 31 administrativ
1275 2357 218 36 författning.

314 2411 121 35 Enligt
469 2410 143 31 sålunda
647 2410 160 36 gällande
842 2409 253 31 bestämmelser
1126 2411 39 29 är
1198 2409 47 31 all
1282 2409 227 36 tillverkning
1538 2419 43 21 av
1607 2410 177 30 brännvin

271 2463 226 31 underkastad
520 2463 172 35 reglering
715 2462 61 31 och
800 2462 158 31 kontroll.
988 2462 17 30 I
1028 2461 171 36 bränneri,
1224 2472 72 20 som
1319 2462 135 36 anlagts
1478 2462 80 31 eller
1582 2462 55 30 för
1660 2462 125 30 bränn-
