1906 2800
469 157 421 37 Bevillningsutskottets
908 156 223 33 betänkande
1150 156 52 31 Nr
1226 155 51 30 4Å.
1576 155 19 29 5

135 243 57 31 det
215 244 54 36 sig
293 243 138 37 därvid,
456 245 52 30 att
532 243 204 37 byggnader
759 243 63 30 och
844 242 147 36 redskap
1007 242 110 30 förete
1133 241 172 31 olikheter
1320 241 78 30 med
1414 241 224 36 planritning

134 295 64 31 och
221 295 216 31 tillhörande
462 295 231 35 beskrivning
717 296 46 35 på
778 294 118 36 grund
912 304 45 20 av
974 293 249 36 förändringar
1239 303 73 21 som
1329 293 204 30 verkställts
1549 293 89 30 efter

134 347 58 30 det
226 347 211 36 föregående
472 347 203 36 besiktning
711 346 195 35 företagits,
935 346 63 30 och
1021 345 93 30 hava
1137 345 297 36 förändringarna
1457 345 76 30 icke
1558 344 80 36 god-

134 399 103 30 känts
260 399 145 35 jämlikt
430 399 39 30 11
494 395 18 37 $
536 400 18 29 2
578 408 115 25 mom.,
717 400 84 33 äger
825 397 288 35 överkontrollör,
1138 397 63 30 där
1223 396 287 35 anordningarna
1526 396 112 30 strida

133 451 73 29 mot
238 450 271 31 föreskrifterna
533 450 13 30 i
569 450 113 30 denna
717 448 207 36 förordning
959 448 85 31 eller
1078 449 72 29 mot
1174 448 40 30 de
1238 447 77 31 med
1339 447 75 31 stöd
1437 457 45 20 av
1506 447 131 31 förord-

132 502 135 35 ningen
290 502 147 30 särskilt
454 501 185 32 utfärdade
656 500 272 36 bestämmelser,
946 499 156 32 meddela
1119 500 115 30 beslut
1250 509 56 21 om
1322 499 128 35 nödiga
1467 499 170 30 rättelser.

132 551 72 33 Äro
228 553 299 37 förändringarna
550 564 45 20 av
619 553 240 31 beskaffenhet
874 554 53 29 att
942 552 128 31 hindra
1087 551 175 32 utövande
1278 561 45 21 av
1340 561 42 21 en
1398 551 239 36 betryggande

132 606 165 36 kontroll,
321 607 59 29 må
402 606 279 31 överkontrollör
705 604 157 32 meddela
886 604 127 31 förbud
1036 605 72 29 mot
1131 604 236 36 tillverkning
1390 613 44 20 av
1458 603 180 30 brännvin

132 657 62 31 vid
228 658 214 30 bränneriet.
488 656 442 37 Besiktningsprotokollet
959 656 178 31 tillställes
1161 656 88 30 efter
1273 655 192 31 verkställd
1490 655 147 35 gransk-

131 709 88 36 ning
244 709 341 36 kontrollstyrelsen.

175 760 30 31 3.
251 760 76 31 Har
350 761 282 31 överkontrollör
655 759 175 31 meddelat
854 760 127 31 förbud
1005 769 123 21 varom
1152 760 13 29 i
1189 760 18 29 2
1231 768 103 21 mom.
1351 760 90 33 sägs,
1458 758 91 30 skall
1567 758 70 30 han

131 812 256 36 ofördröjligen
411 813 63 30 och
497 814 117 29 senast
638 812 96 31 inom
757 813 52 29 tre
833 812 110 35 dagar
967 810 148 32 insända
1132 810 430 36 besiktningsprotokollet
1579 810 58 30 till

130 864 343 36 kontrollstyrelsen,
509 874 73 21 som
617 864 63 30 har
703 865 53 28 att
779 863 174 31 återkalla
976 862 198 31 tillståndet
1198 862 58 30 till
1281 862 356 31 brännvinstillverk-

131 915 87 36 ning
242 915 86 31 eller
352 916 166 35 upphäva
542 915 172 31 förbudet.

174 964 203 34 Återkallas
412 967 199 32 tillståndet
639 967 57 31 till
720 966 447 36 brännvinstillverkning,
1192 966 58 30 må
1273 967 80 35 nytt
1375 965 160 31 tillstånd
1561 965 75 31 icke

131 1019 177 31 meddelas
342 1019 122 31 förrän
489 1019 234 31 tillverkaren
747 1018 54 31 för
824 1018 330 36 kontrollstyrelsen
1177 1018 128 30 företer
1328 1019 49 29 ett
1400 1027 44 20 av
1468 1017 168 31 överkon-

130 1071 169 31 trollören
323 1071 159 31 utfärdat
506 1072 103 36 intyg
630 1071 121 31 därom
767 1071 52 30 att
834 1070 287 36 anordningarna
1137 1069 62 31 vid
1217 1070 200 31 bränneriet
1434 1069 75 31 icke
1526 1069 110 31 strida

130 1125 72 29 mot
237 1123 270 31 föreskrifterna
532 1124 12 30 i
568 1123 114 31 denna
713 1122 209 36 förordning
958 1123 84 30 eHer
1076 1123 72 30 mot
1172 1122 39 31 de
1236 1121 76 31 med
1336 1121 75 31 stöd
1434 1131 44 21 av
1504 1121 131 31 förord-

130 1175 134 35 ningen
289 1175 146 31 särskilt
459 1175 200 31 meddelade
683 1174 274 31 bestämmelser.

840 1260 39 31 13
904 1256 28 38 $.

173 1331 29 29 1.
249 1329 16 31 I
288 1331 111 29 annat
423 1330 167 30 bränneri
614 1331 45 28 än
681 1329 239 36 jästbränneri
943 1329 63 31 och
1029 1328 268 31 sulfitbränneri
1321 1338 81 21 vare
1426 1328 210 30 brännvins-

128 1381 238 36 tillverkning
390 1381 141 31 tillåten
555 1381 150 30 allenast
728 1381 82 30 från
827 1381 150 30 klockan
993 1381 75 30 tolv
1085 1381 44 35 på
1145 1380 112 36 dagen
1274 1380 109 30 första
1398 1379 152 36 helgfria
1567 1379 68 35 dag

129 1434 13 30 i
166 1433 144 31 oktober
342 1433 129 31 månad
499 1433 57 31 till
580 1433 110 30 första
714 1432 154 36 helgfria
892 1432 67 36 dag
983 1432 13 30 i
1019 1432 71 36 maj
1115 1432 129 30 månad
1268 1432 57 31 det
1349 1432 106 35 därpå
1479 1431 155 36 följande

128 1486 77 30 året
229 1485 60 31 vid
314 1495 136 20 samma
475 1485 132 30 timme.

172 1538 30 29 2.
247 1537 18 30 I
298 1537 241 36 jästbränneri
571 1537 57 29 må
658 1536 111 31 under
801 1536 99 36 varje
932 1535 171 37 fjärdedel
1131 1546 45 20 av
1201 1536 331 35 tillverkningsåret
1557 1535 76 30 icke

128 1589 220 30 framställas
377 1589 109 30 större
516 1588 207 36 myckenhet
753 1588 179 31 brännvin
955 1598 45 20 av
1024 1588 259 36 normalstyrka
1307 1590 45 28 än
1374 1589 52 29 att
1450 1588 71 29 mot
1545 1587 88 30 åttio

128 1641 83 30 liter
244 1650 105 21 svara
378 1640 191 31 etthundra
599 1640 175 35 kilogram
807 1639 112 31 under
951 1649 133 21 samma
1118 1639 51 31 tid
1194 1639 190 30 tillverkad
1409 1648 61 21 ren
1493 1638 140 36 pressad

128 1692 79 36 jäst.
253 1692 81 31 Med
367 1692 179 30 brännvin
581 1701 44 20 av
649 1691 261 36 normalstyrka
934 1691 126 31 förstås
1085 1692 178 30 brännvin
1287 1701 72 20 som
1385 1690 58 31 vid
1471 1688 36 31 +
1534 1691 40 29 15
1613 1691 22 29 å

128 1743 108 32 Celsii
259 1744 224 30 termometer
506 1743 197 30 innehåller
726 1743 123 30 femtio
874 1743 263 36 volymprocent
1160 1743 151 30 alkohol.

847 1830 39 30 14
910 1826 29 37 $.

173 1900 29 29 1.
248 1899 76 30 Har
358 1899 168 31 bränneri
553 1907 125 27 genom
702 1898 287 37 olyckshändelse
1013 1898 37 30 så
1074 1897 222 36 väsentligen
1319 1897 141 31 skadats
1485 1899 51 29 att
1561 1897 72 30 till-

129 1951 223 36 verkningen
386 1951 111 30 måste
526 1951 168 36 upphöra,
718 1951 86 30 eller
828 1950 67 30 vill
919 1950 205 30 tillverkare
1148 1959 45 21 av
1217 1959 118 20 annan
1358 1949 192 36 anledning
1574 1959 60 20 av-

128 2003 95 31 sluta
247 2003 481 35 brännvinstillverkningen
751 2002 151 36 tidigare
926 2004 45 28 än
995 2002 10 30 i
1024 2001 315 31 tillståndsbeviset
1355 2001 169 36 angivits,
1541 2001 93 30 skall

129 2056 69 30 han
234 2055 121 31 därom
390 2055 205 36 skriftligen
618 2057 82 34 göra
724 2055 168 30 anmälan
916 2054 61 31 hos
1000 2054 452 36 kontrolltjänstemannen,
1477 2054 12 29 i
1513 2063 120 21 senare

128 2107 103 31 fallet
254 2107 110 31 minst
387 2108 52 30 tre
463 2107 109 36 dagar
595 2107 72 30 före
692 2108 181 35 utgången
895 2116 46 20 av
965 2105 56 31 det
1045 2105 351 36 tillverkningsdygn
1419 2105 77 31 med
1521 2106 112 30 vilket

129 2159 70 31 han
212 2159 159 31 anmäler
385 2159 53 36 sig
451 2159 91 36 vilja
554 2159 143 30 avsluta
710 2158 293 35 tillverkningen.
1032 2157 453 36 Kontrolltjänstemannen
1497 2157 137 36 åligger

129 2212 52 29 att
215 2211 121 30 lämna
370 2211 234 30 tillverkaren
638 2211 98 30 bevis
769 2220 56 20 om
859 2209 99 36 gjord
991 2209 167 31 anmälan
1190 2211 166 29 ävensom
1380 2208 254 37 ofördröjligen

129 2262 207 31 underrätta
360 2262 327 31 överkontrollören
711 2262 63 31 och
797 2261 339 36 kontrollstyrelsen.

172 2313 74 31 När
281 2313 109 32 sådan
424 2314 168 30 anmälan
627 2313 81 31 från
736 2313 233 31 tillverkaren
991 2312 103 36 skett,
1119 2313 57 30 må
1199 2312 435 36 brännvinstillverkning

129 2366 32 35 ej
185 2366 88 30 utan
296 2367 81 34 nytt
405 2365 281 31 tillståndsbevis
710 2367 67 34 äga
801 2375 79 20 rum
903 2364 89 31 efter
1016 2364 65 31 den
1105 2364 51 31 tid
1181 2364 45 30 då
1249 2364 110 36 enligt
1382 2364 253 35 anmälningen

128 2417 284 36 tillverkningen
435 2417 115 31 skolat
572 2417 171 31 avslutas.

173 2470 30 30 2.
248 2469 55 31 Då
318 2469 330 36 tillverkningsrätt
665 2469 61 31 vid
743 2469 167 31 bränneri
926 2468 146 36 upphör,
1090 2468 91 30 skall
1194 2468 441 36 kontrolltjänstemannen

1689 1316 136 24 Tillverk.

1655 1351 126 31 ningstid
1805 1352 56 24 och

1694 1386 125 24 tillverk-

1654 1422 120 31 ningens
1793 1429 57 16 om-

1689 1456 130 32 fattning.

1655 1891 193 24 Slutanmälan
