1908 2800
323 147 18 29 8
589 148 420 36 Bevillningsutskottets
1028 148 224 32 betänkande
1270 148 53 31 Nr
1348 149 51 30 44.

279 232 211 36 gottgörelse
510 233 275 31 tillhandahålla
801 234 373 36 kontrolltjänsteman
1185 234 148 36 lämplig
1347 234 78 31 kost
1438 236 91 29 samt
1542 236 49 29 ett
1604 235 182 37 möblerat,

278 284 94 30 eldat
407 284 62 31 och
504 284 115 32 städat
643 285 230 36 boningsrum
896 286 22 29 å
940 286 92 35 plats
1056 295 73 21 som
1153 296 45 20 av
1222 286 327 31 överkontrollören
1572 286 213 37 godkännes,

278 335 72 30 dels
374 336 63 30 ock
460 337 52 29 att
536 338 72 29 mot
631 337 201 35 ersättning
855 337 114 36 enligt
993 337 164 35 gällande
1181 337 201 36 skjutstaxa
1405 338 162 30 anskaffa
1590 338 114 36 skjuts
1728 338 57 31 till

278 387 123 35 övriga
436 387 389 37 tjänstgöringsställen
859 388 95 31 inom
989 388 191 31 distriktet.
1227 388 218 37 Gottgörelse
1474 389 54 31 för
1552 389 232 36 boningsrum

277 439 63 31 och
355 439 79 32 kost
450 439 192 33 fastställes
659 440 58 31 till
734 440 159 37 beloppet
910 441 13 31 i
939 441 258 36 sammanhang
1214 441 77 31 med
1308 441 278 32 bestämmandet
1599 452 44 21 av
1657 442 127 32 arvode

277 492 56 30 till
357 484 373 45 kontrolltjänsteman
755 494 43 35 på
822 494 68 30 sätt
915 494 145 30 särskilt
1084 493 152 37 stadgas.

984 598 40 29 20
1048 593 28 38 $.

50 676 111 33 Klagan
189 680 67 22 över
286 672 14 52 =
318 680 220 32 Tillverkare
578 682 85 31 eller
698 682 408 32 bränneriföreståndare
1141 685 63 34 äge
1240 683 61 31 hos
1335 683 330 37 kontrollstyrelsen
1698 684 86 31 söka

84 712 136 25 kontroll-
243 708 11 38 =
277 735 14 5 ..
368 733 6 6 a
497 734 6 6 .
910 735 26 8 eu
1144 738 14 5 -
1370 736 6 6 so
1428 736 6 6 oc
1642 737 6 6 .

61 747 183 30 tjänstemans
276 732 152 37 ändring
452 735 55 29 uti
530 734 110 31 sådan
663 745 44 20 av
731 734 373 37 kontrolltjänsteman
1128 736 142 31 lämnad
1295 745 193 27 anvisning
1512 736 86 31 eller
1614 736 170 37 vidtagen

101 783 106 31 åtgärd.
275 785 126 35 åtgärd
426 786 143 31 varmed
594 786 69 30 han
688 787 31 35 ej
744 787 146 36 åtnöjes.

934 889 55 31 III
1013 890 108 31 KAP.

365 981 62 33 Om
450 983 230 33 tillverkares
704 984 74 32 rätt
802 985 54 32 att
879 983 144 42 förfoga
1046 985 82 32 över
1150 985 186 32 tillverkat
1361 986 190 41 brännvin,
1574 996 47 21 m.
1647 995 46 22 m.

982 1082 39 29 21
1046 1077 28 38 $.

56 1162 189 44 Tillverkares
281 1158 14 54 =
318 1165 29 30 1.
393 1164 221 32 Tillverkare
639 1168 64 34 äge
726 1167 147 36 försälja
896 1177 44 20 av
965 1167 127 30 honom
1116 1167 186 31 tillverkat
1326 1168 179 30 brännvin

58 1199 91 65 "foga
150 1200 25 56 te
192 1198 54 59 för-
319 1214 32 35 a)
385 1216 58 31 till
478 1217 346 37 partihandelsbolag
861 1228 121 21 varom
1007 1219 165 30 förmäles
1196 1220 12 29 i
1232 1219 254 36 förordningen
1509 1220 181 36 angående
1713 1220 69 31 för-

82 1267 144 40 tillverkat
274 1267 158 36 gäljning
465 1278 46 21 av
546 1269 218 37 rusdrycker,
789 1270 12 30 i
826 1270 112 30 denna
973 1270 209 36 förordning
1217 1271 167 30 benämnt
1416 1271 263 36 partihandlare
1703 1271 78 31 med

76 1302 148 26 brännvin,
274 1319 225 36 rusdrycker;

314 1368 34 36 b)
383 1371 57 30 till
475 1372 265 35 partihandlare
775 1383 121 21 varom
931 1373 165 31 förmäles
1120 1374 13 30 i
1157 1373 252 37 förordningen
1444 1373 181 37 angående
1650 1373 128 32 handel

269 1423 77 31 med
370 1423 165 31 skattefri
558 1425 99 36 sprit,
683 1425 12 30 i
720 1425 113 32 denna
858 1425 208 36 förordning
1084 1426 173 31 benämnd
1274 1426 266 36 partihandlare
1556 1426 78 31 med
1651 1426 128 32 skatte-

269 1474 48 31 fri
341 1476 105 35 sprit;

311 1523 31 37 ce)
377 1527 54 30 för
464 1527 231 36 användning
730 1528 57 30 till
817 1528 213 37 motordrift,
1055 1531 64 28 när
1142 1530 214 31 brännvinet
1380 1530 114 36 enligt
1517 1530 69 31 vad
1610 1530 12 30 i
1646 1529 133 32 förord-

268 1578 133 35 ningen
425 1579 181 35 angående
629 1579 128 31 handel
782 1580 77 30 med
884 1580 162 31 skattefri
1070 1581 89 35 sprit
1183 1583 80 34 sägs
1287 1584 39 28 är
1349 1583 53 29 att
1424 1592 82 20 anse
1523 1583 113 30 såsom
1653 1583 126 29 motor-

267 1630 106 35 sprit;
397 1631 91 29 samt

311 1678 34 36 d)
369 1681 54 31 för
446 1683 134 34 export.

311 1734 29 29 2.
386 1731 134 33 Önskar
555 1734 209 31 tillverkare
799 1735 13 30 i
844 1744 85 27 egen
964 1736 128 30 rörelse
1126 1736 166 31 använda
1316 1737 12 30 i
1352 1737 203 31 bränneriet
1589 1737 190 31 tillverkat

267 1784 188 37 brännvin,
490 1785 92 30 skall
617 1785 81 36 han,
723 1786 44 30 då
790 1786 101 36 fråga
914 1787 32 36 ej
971 1789 39 28 är
1034 1797 56 21 om
1113 1788 214 35 motorsprit,
1352 1787 122 32 därtill
1498 1789 84 30 söka
1608 1789 168 30 kontroll-

266 1836 189 36 styrelsens
479 1836 173 31 tillstånd.

309 1887 29 31 3.
384 1887 51 31 På
467 1889 110 30 annat
610 1889 70 31 sätt
715 1891 45 29 än
785 1890 12 30 i
821 1891 18 29 I
864 1890 63 31 och
951 1891 18 30 2
994 1900 103 21 mom.
1123 1893 78 34 sägs
1225 1892 58 30 må
1306 1892 207 31 tillverkare
1538 1893 76 31 icke
1639 1892 138 38 förfoga

266 1941 82 29 över
371 1940 185 31 tillverkat
580 1941 190 31 brännvin.

976 2013 39 30 22
1040 2009 27 38 $.

49 2090 52 59 or
121 2086 125 68 TRE.
310 2096 29 29 1.
385 2095 72 31 Där
481 2095 57 31 det
562 2096 212 32 tillverkade
799 2098 214 31 brännvinet
1037 2099 77 30 icke
1138 2099 116 31 direkt
1278 2101 140 35 uttages
1442 2100 81 30 från
1546 2100 230 36 sprithållare

85 2160 68 32 ning
172 2169 34 16 av
266 2146 53 31 för
353 2148 109 34 något
496 2157 45 21 av
566 2147 40 32 de
631 2148 12 31 i
667 2149 40 30 21
732 2145 17 38 $
774 2150 18 29 1
816 2149 63 31 och
903 2151 18 29 2
946 2160 103 21 mom.
1075 2151 232 31 omförmälda
1331 2151 175 37 ändamål,
1530 2152 92 31 skall
1649 2153 126 31 bränn-

70 2195 148 25 brännvin.
267 2198 98 31 vinet
399 2199 164 36 inläggas
587 2200 12 30 i
623 2200 366 37 brännerimagasinet
1022 2202 63 31 och
1109 2202 63 31 där
1195 2203 190 31 kvarbliva
1409 2204 111 31 under
1544 2204 152 32 kronans
1719 2205 56 31 lås

266 2250 57 30 till
347 2250 76 31 dess
447 2250 57 31 det
527 2252 137 35 uttages
688 2252 55 30 för
766 2253 164 30 ändamål
953 2263 74 21 som
1051 2264 49 20 nu
1124 2257 39 28 är
1186 2256 90 34 sagt.

309 2302 29 29 2.
383 2301 220 32 Tillverkare
627 2304 58 29 må
708 2305 90 29 även
819 2304 89 31 efter
924 2305 301 37 tillverkningens
1242 2306 227 36 upphörande
1485 2307 93 31 hava
1594 2308 179 31 brännvin

265 2352 256 37 kvarliggande
545 2354 13 30 i
581 2354 377 37 brännerimagasinet.

308 2404 30 32 3.
383 2404 246 38 Försändning
663 2416 45 21 av
743 2408 178 31 brännvin
955 2418 75 21 som
1064 2409 141 32 försålts
1229 2409 58 31 till
1311 2410 262 36 partihandlare
1597 2411 77 32 med
1699 2422 73 21 rus-

264 2455 149 38 drycker
436 2457 55 31 får
515 2458 59 31 ske
598 2458 151 32 allenast
772 2459 58 31 till
847 2460 145 32 särskilt
1008 2461 61 31 hos
1086 2461 292 36 partihandlaren
1395 2462 149 32 inrättat
1561 2463 211 32 brännvins-
