2212 2620
463 149 18 30 2
656 148 112 30 Första
791 147 196 31 kammarens
1013 147 104 30 andra
1140 146 167 42 tillfälliga
1331 146 127 30 utskotts
1481 145 161 31 utlåtande
1667 144 53 31 Nr
1742 145 48 31 14.

421 236 131 35 täriskt
579 248 78 23 som
690 235 230 36 ekonomiskt
952 234 67 36 och
1047 235 128 34 socialt
1202 233 170 36 afseende
1400 233 125 35 kunde
1551 246 86 22 vara
1664 234 212 46 lämpligast
1903 232 59 36 för
1990 233 44 35 de

422 287 58 35 till
520 286 46 35 II.
607 284 362 48 arméfördelningen
1009 284 163 36 hörande
1211 283 447 49 infanteriregementena,
1693 284 78 43 har,
1799 283 95 35 hvad
1922 287 113 44 angår

423 337 136 46 Kungl.
606 336 127 35 Första
778 335 68 35 och
891 335 127 35 Andra
1060 334 512 48 lifgrenadjärregementena,
1620 334 121 35 denna
1776 334 258 35 kommissions

422 387 130 43 flertal,
581 390 118 32 såsom
727 385 40 36 af
792 386 60 35 det
880 385 142 47 afgifna
1049 385 249 35 betänkandet
1324 384 176 49 framgår,
1529 387 47 45 på
1603 383 155 37 anförda
1777 385 76 34 skäl
1873 384 161 36 beslutat

423 438 134 36 föreslå
589 440 120 33 såsom
741 436 315 48 förläggningsort
1084 435 59 36 för
1171 435 128 36 Första
1325 435 473 48 lifgrenadjärregementet
1824 435 212 47 Linköping

423 489 67 35 och
518 487 57 37 för
601 488 127 35 Andra
754 486 468 49 liforenadjärregementet
1248 485 247 49 Norrköping.

557 538 108 35 Emot
705 537 102 35 detta
838 538 123 34 beslut
991 536 221 36 aflämnades
1240 536 203 35 emellertid
1472 537 230 34 reservation
1730 534 84 37 utaf
1838 540 133 31 tvenne
1999 534 40 36 af

424 590 306 35 kommissionens
771 587 249 44 medlemmar,
1062 587 127 35 herrar
1228 586 208 36 Henricson
1468 587 66 35 och
1562 586 172 43 Lundell,
1764 587 11 34 i
1804 586 148 35 hvilken
1980 598 56 22 re-

425 640 184 35 servation
650 657 50 4 —
727 639 150 47 intagen
904 640 12 33 i
945 637 266 36 ofvanberörda
1250 637 230 35 betänkande
1506 656 49 4 —
1582 636 45 36 de
1668 640 147 43 ansågo,
1844 641 53 30 att
1923 649 113 22 nuva-

425 690 115 35 rande
580 690 262 47 mötesplatsen
882 688 158 36 Malmen
1080 701 86 23 vore
1207 693 52 29 att
1299 686 195 48 föredraga
1524 686 158 36 framför
1709 687 92 35 både
1827 687 211 47 Linköping

425 741 68 35 och
522 740 248 47 Norrköping,
800 744 94 31 samt
922 739 153 36 sålunda
1103 738 195 46 föreslogo,
1327 743 54 30 att
1409 738 94 35 båda
1527 742 259 43 regementena
1806 736 158 36 förlades
1978 737 59 35 till

426 791 170 35 Malmen.

560 841 15 35 I
616 842 118 34 sinom
772 840 55 35 tid
867 840 188 36 bestämde
1095 838 163 36 härefter
1284 839 135 41 Kungl.
1448 838 115 47 Maj:t,
1593 842 119 32 såsom
1740 838 135 35 bekant
1903 845 50 36 är,
1982 842 55 30 att

427 891 94 36 båda
546 890 279 49 ifrågavarande
853 890 413 47 infanteriregementen
1294 890 125 39 skulle
1439 889 185 47 förläggas
1651 890 58 34 till
1737 888 217 48 Linköping.

560 941 56 35 Då
650 943 36 33 vi
725 941 203 35 emellertid
956 947 62 29 äro
1046 939 40 37 af
1112 940 71 35 den
1210 939 280 49 öfvertygelsen,
1520 944 52 30 att
1600 939 45 35 de
1672 938 96 36 båda
1794 943 243 31 reservanter-

427 1005 66 23 nas
520 991 140 48 förslag
686 991 114 35 borde
827 990 109 36 hafva
964 990 39 36 af
1027 991 136 47 Kungl.
1192 990 104 47 Maj:t
1325 990 168 35 beaktats
1521 990 67 35 och
1617 990 82 35 dess
1726 989 122 35 beslut
1874 988 128 36 blifvit
2026 989 13 35 i

428 1042 381 37 öfverensstämmelse
851 1041 162 44 därmed,
1054 1040 111 36 hafva
1193 1042 35 34 vi
1259 1042 96 34 velat
1383 1039 95 37 fästa
1505 1040 228 48 Riksdagens
1762 1040 276 47 uppmärksam-

429 1094 61 35 het
529 1096 45 44 på
613 1092 121 36 denna
773 1091 372 49 förläggningsfråga,
1175 1093 11 33 i
1215 1090 110 36 afsikt
1352 1096 53 30 att
1433 1091 214 47 därigenom
1676 1091 13 33 i
1717 1090 110 35 saken
1856 1090 110 35 vinna
1993 1103 45 22 en

428 1144 218 49 ytterligare
674 1142 211 49 utredning,
910 1155 78 23 som
1016 1141 182 36 måhända
1225 1142 123 34 kunde
1376 1141 113 36 verka
1516 1154 45 22 en
1589 1140 95 36 efter
1702 1143 64 33 vår
1785 1142 150 46 mening
1953 1153 86 35 syn-

430 1194 137 47 nerligt
593 1193 185 36 önskvärd
805 1192 217 49 förändring
1048 1194 12 34 i
1089 1192 136 48 Kungl.
1255 1191 120 47 Maj:ts
1403 1191 156 36 berörda
1586 1191 133 35 beslut.

564 1243 50 36 På
654 1248 53 31 ett
746 1243 96 36 efter
881 1247 65 32 vår
978 1244 92 34 åsikt
1111 1242 264 49 öfvertygande
1416 1247 74 31 sätt
1530 1242 64 35 har
1625 1242 13 35 i
1667 1241 124 35 herrar
1818 1241 222 35 Henricsons

430 1295 66 35 och
534 1294 176 35 Lundells
751 1295 221 34 reservation
1011 1295 57 34 till
1109 1292 95 36 fullo
1243 1294 124 43 visats,
1397 1298 55 30 att
1479 1292 159 35 Malmen
1664 1294 13 33 i
1705 1293 97 34 såväl
1831 1292 210 34 militäriskt

429 1358 78 23 som
550 1345 229 35 ekonomiskt
811 1345 67 35 och
911 1345 131 35 socialt
1073 1343 173 36 afseende
1273 1351 40 27 är
1339 1349 55 30 att
1422 1342 194 49 föredraga
1643 1341 156 37 framför
1825 1342 71 35 den
1924 1354 52 23 nu
2003 1340 41 36 af

429 1395 136 48 Kungl.
594 1394 107 48 Maj:t
727 1395 190 35 bestämda
944 1394 362 48 förläggningsorten
1332 1393 219 48 Linköping.

563 1445 64 36 Uti
669 1445 209 36 militäriskt
919 1446 171 43 afseende
1123 1444 109 36 hafva
1262 1450 286 38 reservanterna,
1576 1443 114 35 bland
1718 1449 121 36 annat,
1869 1441 172 37 framhål-

428 1497 61 34 lit:
528 1501 53 30 att
621 1494 259 48 öfningsfältet
912 1499 20 32 å
963 1495 170 44 Malmen,
1163 1496 116 46 enligt
1321 1494 188 36 uttalande
1536 1493 83 36 från
1647 1494 98 35 såväl
1768 1492 274 36 vederbörande

431 1545 511 37 fortifikationsbefälhafvare
970 1559 77 23 som
1076 1544 131 37 chefen
1235 1544 56 36 för
1318 1545 289 48 generalstaben,
1637 1545 118 34 skulle
1784 1542 93 36 efter
1903 1541 40 36 af
1958 1542 84 35 dem

431 1597 207 48 föreslagen
679 1597 224 48 utvidgning
941 1596 115 36 blifva
1095 1599 119 32 såsom
1244 1595 216 48 öfningsfaält
1487 1594 89 36 fullt
1602 1593 360 41 tillfredsställande;
1991 1598 53 29 att

431 1654 194 42 terrängen
653 1648 171 47 omkring
850 1647 210 48 Linköping
1088 1647 44 47 ej,
1149 1648 222 34 åtminstone
1398 1648 12 32 i
1438 1646 82 35 dess
1547 1643 212 37 nuvarande
1786 1644 112 43 skick,
1927 1646 39 32 så
1985 1644 58 34 väl

430 1698 171 47 lämpade
642 1698 57 48 sig
739 1698 57 35 till
834 1697 228 48 öfningsfält,
1096 1704 88 29 enär
1211 1697 69 35 den
1304 1698 59 34 till
1391 1696 106 35 dessa
1523 1695 175 36 områden
1726 1694 158 36 hörande
1909 1693 133 48 jorden

432 1749 57 34 till
530 1754 76 29 stor
646 1748 60 35 del
739 1748 151 35 bestode
919 1747 39 36 af
981 1749 181 47 lermylla,
1192 1760 75 23 som
1297 1747 62 35 vid
1387 1746 124 47 fuktig
1536 1745 172 36 väderlek
1736 1752 40 28 är
1802 1749 133 44 ytterst
1962 1747 82 32 svår

432 1803 54 31 att
525 1798 166 43 beträda;
733 1803 53 31 att
826 1797 463 50 transportförhållandena
1315 1797 61 35 vid
1406 1796 177 35 Malmens
1611 1794 231 49 öfningsfält,
1870 1794 174 48 liggande

432 1848 151 36 alldeles
624 1849 101 35 invid
752 1848 218 36 Malmslätts
993 1849 322 47 järnvägsstation,
1344 1860 87 22 vore
1459 1846 185 49 betydligt
1671 1859 100 22 mera
1799 1844 246 48 fördelaktiga

432 1907 45 28 än
519 1899 12 35 i
570 1899 220 48 Linköping,
832 1899 65 35 där
929 1899 62 36 det
1017 1898 121 36 blefve
1165 1903 53 31 ett
1246 1897 143 36 afstånd
1418 1896 40 36 af
1481 1897 170 47 omkring
1680 1898 19 33 2
1733 1897 201 42 kilometer,
1964 1894 81 36 där-

432 1949 127 36 ibland
586 1949 82 36 hela
696 1949 277 44 stadsområdet,
1003 1951 132 34 mellan
1164 1948 398 48 förläggningsplatsen
1582 1948 68 35 och
1666 1947 378 47 järnvägsstationen;

433 2005 52 30 att
525 1999 161 36 Malmen
714 1999 39 36 af
779 2000 43 35 de
851 1999 206 47 föreslagna
1084 1999 444 49 förläggningsplatserna
1555 2011 88 23 vore
1671 1997 70 35 den
1771 2003 92 29 mest
1891 1997 155 35 centralt

433 2051 156 48 belägna
628 2051 101 34 inom
761 2051 114 42 länet;
905 2055 53 31 att
984 2052 12 33 i
1024 2051 210 48 hygieniskt
1260 2048 170 37 afseende
1457 2050 92 34 intet
1574 2061 86 23 vore
1688 2052 54 31 att
1770 2047 174 36 anmärka
1971 2051 76 30 mot

433 2100 175 44 Malmen;
638 2106 55 30 att
719 2100 279 49 rekryteringen
1025 2100 40 36 af
1089 2099 216 37 underbefäl
1333 2100 119 35 skulle
1478 2098 116 37 blifva
1612 2099 133 35 lättare
1763 2098 57 34 till
1838 2110 51 23 nu
1909 2096 136 48 ifråga-

433 2151 158 36 varande
627 2157 250 42 regementen,
919 2152 121 35 därest
1080 2151 45 35 de
1166 2150 158 36 förlades
1366 2150 58 35 till
1464 2149 162 35 Malmen
1667 2156 46 27 än
1740 2149 57 34 till
1824 2148 218 46 Linköping,

435 2201 142 37 hvarest
607 2202 85 35 med
724 2201 45 36 de
801 2201 114 48 högre
944 2203 261 47 tomtpriserna
1232 2201 223 46 svårigheter
1481 2199 57 36 för
1565 2197 258 38 underbefälet
1850 2203 52 30 att
1930 2196 115 36 skaffa
