2214 2636
426 128 116 30 Första
565 128 195 30 kammarens
783 127 103 30 andra
911 126 170 42 tillfälliga
1103 127 129 31 utskotts
1255 126 161 31 utlåtande
1439 126 54 32 Nr
1515 127 49 30 14.
1741 127 19 31 5

321 216 15 36 I
364 216 120 36 denna
511 214 109 38 skrift
648 220 120 44 yttrar
794 214 262 49 byggmästare
1084 213 232 45 Gustafsson,
1345 214 114 36 bland
1478 220 122 38 annat,
1621 213 181 49 följande:

321 267 123 36 »Hvad
484 266 95 36 först
618 269 116 45 angår
771 265 353 36 kasernområdenas
1156 266 146 43 storlek,
1331 269 40 32 så
1398 265 231 36 meddelades
1658 266 78 47 mig
1767 264 40 36 af

185 317 286 44 vederbörande,
514 322 52 30 att
606 322 53 30 ett
699 316 150 36 område
881 315 41 36 af
950 318 109 34 250X
1074 317 72 35 300
1175 329 60 31 m.,
1265 317 88 34 eller
1382 317 135 43 75,000
1546 316 108 43 kvm.,
1685 317 118 34 skulle

187 367 194 37 erfordras.
436 368 338 48 Bergsprängning,
816 367 197 48 planering
1044 367 68 35 och
1145 368 183 47 grusning
1355 366 40 36 af
1420 367 45 35 de
1492 366 208 48 föreslagna
1727 379 77 23 om-

186 419 136 36 rådena
361 419 13 35 i
414 419 236 47 Norrköping
691 418 67 35 och
799 417 211 48 Linköping
1049 423 95 29 samt
1172 418 161 47 stängsel
1361 418 172 46 omkring
1561 430 138 23 samma
1727 429 77 23 om-

187 469 111 36 råden
326 469 205 36 beräknade
555 470 66 46 jag
648 468 46 36 då
721 469 57 35 till
805 469 175 47 omkring
1009 469 159 43 273,000
1196 469 136 34 kronor
1359 467 58 37 för
1445 468 177 35 hvardera
1648 469 154 46 platsen,

186 521 150 35 hvilken
364 520 96 48 höga
487 519 156 36 kostnad
670 519 215 48 betingades
914 518 40 35 af
978 524 215 42 terrängens
1221 518 217 48 bergartade
1465 517 261 37 beskaffenhet.

322 570 55 36 Då
404 571 121 35 denna
552 570 158 35 kostnad
738 572 132 45 ansågs
898 569 90 35 böra
1014 569 236 45 nedbringas,
1280 569 71 36 fick
1375 570 67 47 jag
1469 568 40 36 af
1524 568 280 36 fortifikations-

187 620 276 37 befälhafvaren
505 620 61 36 det
602 620 253 44 meddelande,
885 624 55 31 att
967 620 76 35 dels
1072 620 32 47 ej
1135 620 82 36 hela
1244 619 166 36 området
1438 619 157 36 behöfde
1623 621 179 46 planeras,

186 672 68 36 och
296 672 77 35 dels
409 677 53 30 att
495 671 61 36 vid
584 671 210 48 Linköping
821 671 69 35 och
919 669 238 50 Norrköping
1185 670 156 36 särskild
1369 670 157 36 kostnad
1554 670 57 36 för
1639 671 164 47 stängsel

187 722 124 36 kunde
352 722 132 36 afföras
518 735 45 22 ur
589 722 265 48 beräkningen,
884 720 176 37 eftersom
1090 721 105 36 dessa
1223 722 160 47 stängsel
1412 722 118 35 skulle
1558 721 180 35 anordnas
1766 719 41 36 af

187 772 219 48 öfverflödig
434 777 218 43 sprängsten
682 772 66 36 och
777 772 170 47 matjord.
1003 771 128 36 Ehuru
1155 772 64 46 jag
1247 772 45 35 då
1320 784 65 23 var
1412 772 67 35 och
1507 771 230 36 fortfarande
1764 778 41 28 är

187 823 219 49 öfvertygad
447 824 139 42 därom,
628 828 53 30 att
720 822 258 36 anordnandet
1018 821 40 36 af
1094 822 125 49 dylika
1246 823 198 35 stenvallar
1472 822 83 36 med
1583 821 221 36 tillhörande

187 874 152 48 grindar
378 875 67 34 och
478 879 126 43 portar
631 874 118 35 skulle
776 872 116 36 blifva
920 875 113 33 minst
1060 874 76 34 lika
1163 873 86 49 dyrt
1276 885 78 23 som
1383 872 256 36 anskaffandet
1666 871 40 37 af
1730 877 74 30 trä-

187 925 173 47 stängsel,
388 928 39 32 så
455 925 146 48 mycket
629 937 99 22 mera
756 936 78 23 som
859 924 160 46 matjord
1037 924 57 34 till
1114 924 264 35 stenvallarnas
1397 923 227 48 beläggning
1642 924 31 46 ej
1696 922 107 36 fanns

188 980 53 30 att
268 979 21 32 å
315 976 187 47 platserna
528 976 12 33 i
568 974 103 47 fråga
698 973 175 45 anskaffa,
903 977 115 45 ansåg
1041 974 66 48 jag
1133 976 78 45 mig
1238 975 32 46 ej
1300 974 90 35 böra
1408 981 89 40 göra
1514 977 124 43 någon
1658 974 146 35 erinran

188 1031 78 30 mot
304 1025 296 36 vederbörandes
640 1025 200 48 påstående
880 1030 55 30 att
975 1025 158 35 berörda
1173 1024 415 48 stängselanordningar
1623 1024 31 47 ej
1686 1024 118 35 skulle

188 1076 173 36 särskildt
395 1077 11 34 i
442 1075 355 48 kostnadsförslaget
824 1075 190 36 beräknas.
1068 1073 77 38 Och
1175 1088 77 23 som
1276 1076 67 47 jag
1369 1074 39 36 af
1433 1075 44 35 de
1505 1075 65 35 här
1598 1074 101 36 förut
1727 1087 77 23 om-

187 1127 171 44 nämnda,
399 1128 79 46 mig
517 1126 131 48 gjorda
688 1126 267 36 meddelanden
998 1139 59 22 om
1086 1126 296 48 nedbringandet
1409 1125 41 36 af
1474 1125 246 37 kostnaderna
1746 1124 58 36 för

187 1177 350 36 kasernområdenas
578 1178 194 47 planering
812 1177 32 47 ej
879 1176 124 36 kunde
1032 1175 37 37 få
1096 1189 122 22 annan
1247 1175 249 49 uppfattning,
1525 1183 46 28 än
1598 1181 52 30 att
1680 1176 125 35 endast

187 1228 272 48 kaserngården
501 1228 117 35 skulle
658 1229 180 46 planeras,
868 1228 68 34 och
964 1227 203 48 ingalunda
1194 1230 111 43 något
1332 1227 151 35 område
1512 1225 149 37 utanför
1687 1226 116 48 bygg-

188 1278 172 43 naderna,
394 1278 123 36 kunde
542 1278 66 47 jag
634 1281 47 43 gå
708 1278 83 35 med
818 1280 47 45 på
892 1282 54 30 att
973 1277 461 48 planeringskostnaderna
1461 1282 183 43 upptogos
1672 1278 57 34 till
1758 1276 45 35 de

188 1342 51 22 nu
267 1330 12 33 i
306 1328 176 48 förslaget
511 1327 301 36 förekommande
843 1328 194 47 beloppen,
1068 1327 101 36 detta
1182 1327 80 47 just
1281 1328 82 35 med
1384 1327 268 36 ofvanberörda
1675 1326 129 36 beräk-

188 1380 102 47 ning,
320 1384 53 30 att
400 1379 163 47 stängsel
586 1379 31 46 ej
640 1379 120 34 skulle
775 1379 109 34 kosta
899 1382 113 44 något
1026 1378 173 35 särskildt
1213 1380 11 33 i
1240 1378 210 48 Linköping
1468 1378 67 35 och
1555 1377 248 48 Norrköping.

324 1429 82 35 Mitt
434 1433 20 32 å
482 1428 358 49 kostnadsförslaget
867 1428 179 36 tecknade
1070 1428 183 48 yttrande,
1274 1434 54 30 att
1346 1428 460 49 planeringskostnaderna

188 1479 147 37 »>endast
375 1487 62 28 äro
477 1479 208 36 beräknade
721 1481 99 34 inom
853 1479 329 44 kasernområdet»,
1212 1480 173 47 utgjorde
1415 1478 80 36 från
1523 1480 77 34 min
1628 1478 78 36 sida
1733 1477 72 36 den

189 1532 238 42 reservation,
470 1531 83 35 med
592 1530 150 35 hvilken
765 1531 67 47 jag
859 1531 86 34 ville
973 1530 252 35 underteckna
1252 1530 186 47 förslaget.
1492 1529 211 36 Detsamma
1729 1529 75 34 till-

189 1582 85 35 kom
303 1583 12 33 i
342 1581 182 36 brådskan
552 1581 68 35 och
648 1580 202 45 nedskrefs,
880 1580 95 36 efter
1002 1580 94 36 hvad
1120 1582 66 46 jag
1208 1582 63 34 vill
1292 1581 155 43 minnas,
1468 1580 40 35 af
1525 1579 279 36 fortifikations-

189 1630 289 45 befälhafvaren,
521 1630 185 37 hvarefter
746 1631 61 35 det
847 1629 39 37 af
918 1632 77 46 mig
1023 1631 326 35 undertecknades.
1403 1630 71 36 Det
1501 1634 60 32 må
1588 1628 215 48 medgifvas,

190 1687 53 30 att
272 1683 186 47 uttrycket
485 1684 117 33 »inom
632 1681 316 36 kasernområdet»
978 1682 70 34 kan
1075 1694 86 22 vara
1188 1681 198 49 tvetydigt,
1415 1693 85 23 men
1528 1681 122 35 säkert
1677 1687 49 36 är,
1751 1685 54 29 att

185 1733 66 46 jag
279 1733 79 35 med
385 1733 199 35 detsamma
613 1733 123 46 aldrig
764 1732 111 49 afsett
902 1739 117 28 annat
1047 1735 48 31 än
1125 1732 269 47 kaserngården
1424 1731 60 36 och
1512 1732 68 34 den
1605 1737 63 41 yta
1698 1731 107 47 bygg-

191 1783 164 35 naderna
383 1782 116 36 skulle
526 1790 173 40 upptaga.

324 1831 98 37 Skall
451 1833 207 35 emellertid
687 1833 79 35 hela
797 1832 301 35 kasernområdet
1126 1833 167 47 planeras
1320 1831 68 36 och
1407 1843 142 35 grusas,
1571 1834 38 32 så
1627 1830 179 36 vidhåller

186 1883 66 48 jag
279 1883 195 43 bestämdt,
504 1888 55 30 att
586 1883 101 35 detta
715 1884 96 34 såväl
845 1883 6 35 i
879 1882 212 48 Linköping
1117 1895 79 23 som
1224 1882 236 48 Norrköping
1482 1882 87 35 ökar
1597 1881 70 36 den
1695 1882 12 33 i
1731 1880 74 36 för-

191 1935 118 45 slaget
349 1940 191 41 upptagna
580 1934 202 35 kostnaden
823 1933 84 35 med
949 1934 114 34 minst
1106 1934 158 42 100,000
1292 1934 53 33 kr.
1375 1935 45 45 på
1449 1932 194 35 hvartdera
1670 1932 133 35 stället.

190 1982 78 37 Och
309 1984 64 34 vill
411 1984 65 47 jag
516 1984 12 34 i
561 1983 100 35 detta
692 1984 266 46 sammanhang
984 1983 153 47 påpeka,
1165 1988 54 30 att
1247 1981 558 37 fortifikationsbefälhafvarens

191 2039 73 29 sätt
304 2038 53 31 att
388 2033 161 35 beräkna
577 2034 461 47 planeringskostnaderna
1065 2032 95 36 efter
1188 2046 139 22 samma
1353 2045 106 23 norm
1488 2039 96 29 utom
1612 2032 66 35 och
1706 2032 98 35 inom

191 2083 365 48 byggnadsområdet
583 2084 79 34 icke
691 2085 69 33 kan
788 2096 86 23 vara
901 2084 141 47 riktigt.

324 2133 55 35 Då
418 2134 188 47 nämligen
647 2133 71 35 den
759 2133 221 47 bergmassa,
1023 2145 80 23 som
1140 2139 176 41 spränges
1345 2133 63 34 vid
1436 2132 131 47 själfva
1594 2131 210 49 byggnads-

191 2184 152 47 platsen,
385 2184 166 34 kommer
590 2184 57 34 till
689 2183 236 46 användning
965 2183 61 35 vid
1067 2183 250 48 grundmurar
1345 2183 66 34 och
1441 2182 122 43 beton,
1592 2182 67 35 bör
1686 2181 119 36 denna
