2192 2620
782 179 250 32 Statsutskottets
1051 179 164 33 utlåtande
1239 181 51 31 Nr
1312 182 31 30 7.
1759 184 33 31 11

267 254 207 47 anledning
515 256 116 36 härav
673 256 168 49 påkallas
875 258 83 36 icke
988 261 115 44 något
1132 259 205 36 utskottets
1366 260 128 36 vidare
1521 261 176 48 yttrande
1725 262 139 36 beträf-
1895 262 106 25 Statens
2021 265 66 30 tryc-

2008 299 51 23 pedi

267 306 112 36 fande
416 286 147 68 ifrågav
567 309 137 35 arande
731 309 121 36 under
879 310 122 48 punkt
1034 289 41 56 17
1108 311 210 48 framlagda
1348 312 155 48 förslag,
1521 302 128 47 vilket
1678 314 188 36 utskottet
1912 298 118 59 kerieepe
2052 308 19 13 ”

263 357 128 37 skolat
419 338 221 68 härigenom
671 360 58 35 för
756 360 206 48 riksdagen
1944 370 82 43 [18.]

795 448 159 35 anmäla.

769 598 595 40 Skatteomkostnader.

402 703 98 48 18:0)
542 703 143 48 Kungl.
732 703 106 48 Maj:t
880 704 67 34 har
990 704 194 48 föreslagit
1212 704 206 49 riksdagen
1448 705 133 49 (punkt
1613 706 59 49 19)
1701 707 79 36 dels
1808 707 60 36 för
1915 721 154 24 Tullverket.

266 758 41 33 år
338 757 95 34 1921
464 755 209 37 bestämma
702 754 62 36 det
792 754 187 37 ordinarie
1008 756 173 48 anslaget
1208 756 58 36 för
1293 757 205 36 tullverket
1526 758 57 36 till
1612 764 53 30 ett
1693 765 78 30 mot
1796 765 71 30 sta-
1911 750 19 58 =
1956 757 82 43 [19.]

266 813 126 31 ternas
421 808 224 35 slutsumma
682 806 185 36 svarande
909 807 137 49 belopp
1080 821 46 22 av
1156 810 203 44 9,298,490
1388 808 138 37 kronor
1554 815 55 31 att
1638 813 124 33 såsom
1791 811 75 35 för-

266 859 244 49 slagsanslag
536 861 104 45 utgå,
671 858 79 36 dels
779 857 71 36 ock
879 858 189 48 medgiva,
1098 864 56 31 att
1182 860 58 35 för
1268 859 242 37 bestridande
1539 875 47 21 av
1618 862 183 62 avlöning
1829 864 38 34 åt

266 910 47 35 de
323 889 384 69 ”tjänstinnehavare,
735 909 103 36 vilka
866 909 152 36 komma
1059 915 54 31 att
1153 911 182 48 uppföras
1364 914 21 33 å
1416 913 94 34 1921
1542 915 59 34 års
1631 916 236 46 övergångs-

266 961 282 49 avlöningsstat
576 960 87 36 med
692 960 220 49 åtnjutande
951 974 46 22 av
1038 961 46 36 de
1113 958 401 72 avlöningsförmåner,
1545 977 80 23 som
1655 964 212 36 tillkomma

267 1013 85 36 dem
392 991 121 72 enligt
560 1014 98 34 1904
696 1012 88 36 eller
832 1014 98 34 1910
959 1015 60 33 års
1047 1019 85 41 stat,
1162 1016 72 42 må,
1264 1014 11 34 i
1304 1014 73 36 den
1406 1018 86 32 mån
1517 1015 135 36 sådant
1680 1021 40 31 är
1748 1016 118 36 erfor-

266 1064 151 49 derligt,
447 1064 192 38 användas
668 1064 46 36 de
742 1063 339 48 avlöningsmedel,
1112 1078 81 23 som
1223 1065 121 49 enligt
1372 1065 72 37 den
1474 1067 290 49 avlöningsstat,
1785 1081 81 23 som

266 1117 59 35 för
371 1120 41 33 år
460 1118 96 35 1921
604 1116 215 46 fastställes,
868 1096 99 56 bliva
1012 1094 163 59 avsedda
1218 1117 57 35 för
1299 1095 228 59 avlönande
1570 1132 46 23 av
1628 1096 76 59 de
1731 1097 136 59 befatt-

265 1168 150 49 ningar,
457 1169 102 36 vilka
599 1168 12 35 i
653 1170 87 34 mån
770 1181 45 23 av
842 1168 261 48 nyssnämnda
1131 1169 372 47 tjänstinnehavares
1534 1173 154 46 avgång
1714 1171 153 37 komma

264 1225 58 31 att
349 1221 175 38 besättas.

397 1272 239 37 Beträffande
666 1272 71 35 den
765 1272 11 35 i
805 1273 158 36 ärendet
990 1272 172 36 lämnade
1189 1272 258 49 utredningen
1476 1273 57 36 får
1560 1274 186 36 utskottet
1773 1274 93 36 hän-

265 1324 83 36 visa
375 1324 57 36 till
460 1324 68 37 sid.
560 1325 202 35 305—336
791 1324 12 35 i
833 1323 421 49 statsrådsprotokollet.

394 1428 85 36 Den
508 1428 57 35 för
593 1430 40 33 år
663 1429 97 35 1920
790 1427 213 36 fastställda
1031 1430 184 34 ordinarie
1243 1429 311 63 avlöningsstaten
1583 1428 58 36 för
1665 1427 202 38 tullverket

263 1479 204 49 (inklusive
494 1478 425 50 generaltullstyrelsen)
949 1479 119 36 slutar
1096 1482 20 33 å
1145 1484 54 31 ett
1227 1479 137 49 belopp
1408 1493 46 22 av
1483 1482 203 46 5,473,360
1714 1481 151 36 kronor.

264 1532 135 49 Enligt
439 1532 143 47 Kungl.
624 1531 128 49 Maj:ts
793 1545 51 22 nu
886 1531 265 49 föreliggande
1184 1531 147 49 förslag
1359 1531 122 37 skulle
1509 1509 268 60 motsvarande
1803 1533 64 36 be-

264 1564 114 69 lopp
388 1585 58 36 för
487 1587 40 33 år
570 1585 95 34 1921
711 1588 136 43 utgöra
881 1585 203 45 5,460,350
1112 1583 150 36 kronor.
1305 1563 285 69 Minskningen
1619 1598 47 22 av
1695 1584 172 49 anslaget

260 1641 45 31 är
345 1636 200 36 föranledd
587 1634 129 48 därav,
758 1640 55 31 att
841 1640 54 31 ett
924 1638 20 32 å
972 1635 331 48 avlöningsstaten
1331 1635 157 49 uppfört
1514 1636 305 49 förslagsanslag
1847 1639 21 33 å

265 1689 165 45 338,010
459 1687 140 37 kronor
627 1686 57 36 till
712 1686 219 49 ortstillägg
958 1689 39 33 åt
1025 1687 381 47 befattningshavare
1426 1687 63 36 vid
1505 1687 225 37 tullverkets
1745 1688 120 36 lokal-

263 1739 238 49 förvaltning
529 1743 97 32 samt
653 1738 99 36 kust-
780 1738 71 36 och
879 1738 341 49 gränsbevakning
1262 1743 140 31 ansetts
1430 1738 128 37 kunna
1585 1739 194 37 nedsättas
1807 1739 59 36 till

263 1793 167 45 325,000
459 1792 149 35 kronor.

392 1843 18 36 I
439 1843 109 48 fråga
577 1856 62 23 om
668 1842 174 49 anslaget
870 1842 58 36 till
957 1844 387 45 ålderstilläggsstaten
1372 1843 68 35 har
1458 1844 127 47 någon
1602 1842 164 50 ändring
1784 1842 82 37 icke

262 1896 235 52 ifrågasatts.

391 1938 36 45 Å
455 1949 509 45 övergångsavlöningsstaten
991 1947 69 36 har
1087 1946 83 37 icke
1197 1948 119 46 något
1343 1946 137 63 belopp
1508 1946 212 37 beräknats.

392 2000 381 46 Indragningsstaten,
816 2011 82 24 som
926 1999 60 35 för
1020 2001 40 34 år
1099 1999 98 35 1920
1226 1976 118 58 slutar
1372 2001 21 33 å
1422 1999 112 45 8,900
1562 1998 152 48 kronor,
1743 1998 123 36 skulle

263 2051 125 49 enligt
415 2051 143 48 Kungl.
588 2051 128 48 Maj:ts
745 2050 250 36 förevarande
1024 2050 144 48 förslag
1195 2056 192 43 upptagas
1416 2027 57 59 till
1502 2052 19 33 7
1527 2051 87 46 300
1643 2050 151 36 kronor.

392 2103 240 36 Beträffande
654 2105 294 44 pensionsstaten
974 2103 64 43 för
1065 2104 202 35 avskedade
1296 2103 334 43 tjänstinnehavare
1648 2102 69 36 har
1736 2105 129 45 någon

261 2155 165 48 ändring
455 2155 31 48 ej
520 2154 226 49 föreslagits.

391 2208 336 35 Pensionsstaterna
764 2206 68 45 för
873 2207 152 35 avlidna
1068 2207 350 44 tjänstinnehavares
1460 2206 263 43 efterlämnade
1750 2207 116 34 änkor

262 2260 65 35 och
357 2259 90 36 barn
475 2258 97 36 hava
600 2258 198 49 upptagits
827 2258 85 37 med
942 2258 219 36 oförändrat
1189 2257 150 49 belopp,
1361 2258 139 46 25,000
1525 2258 150 35 kronor.
1730 2257 15 36 I
1767 2270 99 23 sam-

262 2309 102 37 band
392 2310 84 36 med
505 2310 103 37 detta
637 2310 319 48 anslagsäskande
985 2310 67 36 har
1080 2309 417 50 departementschefen
1528 2309 139 37 erinrat
1708 2322 73 34 om,
1812 2314 54 31 att
