1926 2786
276 168 38 31 12
708 173 319 31 Utrikesutskottets
1053 173 174 30 utlåtande
1251 173 49 30 Nr
1329 175 28 29 5.

280 257 145 30 lovande
448 257 213 36 uttalanden,
688 266 76 21 som
788 257 174 30 därunder
984 257 234 35 förekommit,
1242 258 90 29 lärer
1354 258 57 29 det
1437 257 76 30 icke
1537 258 120 30 kunna
1681 268 99 20 anses

280 308 169 34 uteslutet,
475 310 50 27 att
550 317 42 20 en
617 307 55 30 för
698 307 136 36 Sverige
858 308 65 29 och
947 308 110 30 andra
1081 308 134 29 mindre
1241 310 105 28 stater
1371 308 319 30 tillfredsställande
1715 309 64 30 lös-

281 357 80 36 ning
384 358 72 30 kan
480 358 96 29 inom
600 358 228 30 Nationernas
851 358 170 30 förbunds
1047 368 75 20 ram
1146 359 142 30 komma
1311 359 50 29 till
1385 358 112 36 stånd,
1521 360 66 29 och
1611 360 92 30 detta
1730 360 50 29 till

280 409 65 29 och
366 408 78 30 med
466 409 157 29 avsevärt
643 408 154 36 tidigare,
820 410 44 28 än
888 408 135 37 Sverige
1044 409 69 30 kan
1134 409 92 30 bliva
1249 409 182 36 berättigat
1455 412 49 27 att
1525 409 87 30 efter
1632 411 148 35 uppsäg-

280 458 82 36 ning
392 459 140 30 utträda
563 469 41 19 ur
635 459 197 30 förbundet.
886 459 65 30 Vid
981 459 124 30 sådant
1138 459 220 31 förhållande
1388 461 66 28 har
1482 459 57 36 jag
1569 463 111 27 ansett
1711 461 69 35 mig

280 509 118 30 kunna
421 509 211 36 väsentligen
656 510 138 30 ansluta
816 510 69 35 mig
906 509 51 30 till
981 510 119 35 övriga
1123 513 228 27 reservanters
1374 511 191 35 yrkanden,
1587 512 111 29 ehuru
1723 511 57 35 jag

280 560 109 29 skulle
411 560 127 30 önskat
557 563 46 27 ett
622 560 95 30 ännu
739 561 155 29 starkare
915 560 258 31 framhållande
1193 561 116 35 därav,
1330 564 49 27 att
1402 562 76 35 den,
1501 571 74 20 som
1596 561 58 29 vill
1676 561 104 30 målet

278 627 44 3 —
346 610 153 35 Sveriges
522 610 194 36 fritagande
738 610 80 30 från
840 611 65 29 den
930 611 203 30 nuvarande
1155 621 42 20 av
1220 612 273 36 medlemskapet
1517 612 10 29 i
1552 612 228 30 Nationernas

280 660 151 30 förbund
451 661 223 38 härflytande
692 661 117 30 risken
829 664 47 27 att
894 664 84 28 utan
998 670 83 27 egen
1100 662 193 38 förskyllan
1312 663 66 29 och
1398 662 10 30 i
1428 663 110 29 andra
1557 663 152 29 makters
1731 663 48 29 in-

280 714 104 27 tresse
411 711 164 36 indragas
603 711 10 30 i
640 711 155 36 krigiska
825 712 255 35 förvecklingar
1105 729 45 4 —
1176 714 87 28 även
1293 712 120 36 måste,
1442 712 49 31 låt
1520 722 84 21 vara
1633 723 73 20 som
1738 723 41 20 en

279 764 139 34 yttersta
445 762 115 36 utväg,
586 765 77 33 taga
688 762 11 30 i
724 762 227 31 betraktande
978 763 56 30 det
1061 762 120 36 medel,
1210 772 73 21 som
1308 763 96 30 inom
1432 764 77 29 kort
1537 764 69 29 kan
1632 764 72 30 visa
1731 764 50 35 sig

278 821 81 21 vara
384 812 224 37 nödvändigt.
