2222 2610
431 155 20 30 8
782 155 419 38 Bevillningsutskottets
1219 155 226 35 betänkande
1462 158 52 33 Nr
1539 158 51 31 16.

389 239 54 30 att
485 234 83 37 från
609 233 142 37 sådana
792 232 144 37 trakter
963 233 204 48 överflytta
1194 234 236 37 överskottet
1456 235 13 35 i
1498 234 158 38 främsta
1684 243 166 30 rummet
1877 241 42 32 är
1947 250 50 23 en

389 284 413 49 fraktkostnadsfråga.

520 336 195 49 Slutligen
757 336 70 37 har
862 336 64 37 det
954 342 110 44 synts
1092 336 184 37 utskottet
1303 337 216 49 olämpligt,
1548 343 55 31 att
1630 338 12 36 i
1671 337 111 38 dessa
1809 339 108 48 tider,
1946 340 48 36 då

389 388 47 36 de
468 388 109 37 flesta
611 391 120 34 måste
759 388 58 37 till
845 388 63 37 det
934 393 161 44 yttersta
1123 387 94 37 söka
1245 388 208 37 inskränka
1482 388 84 37 sina
1594 390 173 48 utgifter,
1795 390 124 37 införa
1947 404 47 24 en

388 439 296 51 tullförhöjning
712 442 21 35 å
762 444 54 33 ett
844 442 40 35 så
913 440 157 36 allmänt
1096 439 138 38 brukat
1263 445 83 44 gott
1374 441 175 48 närings-
1575 442 71 36 och
1666 447 89 32 sunt
1774 441 219 49 njutnings-

388 491 124 38 medel
540 505 81 24 som
651 492 114 39 frukt.

519 543 128 37 Under
675 543 239 51 åberopande
943 557 47 23 av
1018 543 72 37 vad
1119 543 158 37 sålunda
1305 543 158 48 anförts,
1496 545 55 36 får
1578 545 185 36 utskottet
1781 546 212 48 hemställa,

916 652 55 31 att
995 647 238 38 motionerna
1252 647 28 36 I:
1300 649 43 34 11
1366 661 47 23 av
1433 648 88 36 herr
1540 648 164 49 Boberg,
1724 648 28 37 I:
1770 650 48 35 54
1837 663 48 22 av
1903 649 91 37 herr

791 699 92 38 Elof
913 698 217 37 Andersson
1158 712 49 23 m.
1236 698 38 37 fl.
1304 698 70 37 och
1402 699 47 37 II:
1469 701 71 35 119
1570 713 46 23 av
1642 700 89 37 herr
1757 700 236 49 Magnusson

791 752 11 35 i
832 750 152 38 Skövde
1013 764 48 23 m.
1091 750 50 48 f.,
1170 750 28 37 I:
1218 752 71 35 101
1320 764 45 23 av
1391 751 88 37 herr
1503 751 126 37 Johan
1649 752 219 37 Johansson
1888 766 50 24 m.
1953 753 38 36 fl.

791 802 69 38 och
888 802 47 39 II:
954 804 45 35 67
1031 815 48 24 av
1105 802 87 37 herr
1221 802 194 38 Svensson
1444 803 11 36 i
1485 802 173 38 Grönvik
1686 817 48 25 m.
1764 803 50 49 £fl.,
1834 817 61 24 om
1916 804 77 37 för-

791 854 165 49 höjning
997 867 47 24 av
1084 854 117 37 tullen
1229 858 21 33 å
1279 854 127 37 färska
1448 859 120 45 päron
1609 856 71 37 och
1722 856 150 49 äpplen,
1906 856 86 37 icke

792 909 116 35 måtte
939 906 194 37 föranleda
1161 908 129 46 någon
1318 906 225 50 riksdagens
1572 907 170 49 åtgärd.»
