1884 2820
298 163 39 30 22
387 162 123 32 Andra
533 163 223 32 kammarens
780 166 116 36 fjärde
920 165 182 37 tillfälliga
1125 166 155 31 utskotts
1303 167 182 32 utlåtande
1510 168 53 31 Nr
1587 171 28 29 7.

254 238 117 33 komst
388 240 12 31 i
418 241 119 34 någon
556 241 101 30 form.
697 240 73 32 Och
787 243 79 30 med
884 242 142 37 hänsyn
1045 243 57 31 till
1118 245 54 30 att
1191 244 103 31 såväl
1312 245 164 32 enskilda
1493 248 262 30 restauratörer

254 292 74 21 som
355 283 286 36 systembolagen
669 286 63 29 äro
757 285 146 31 särskilt
931 287 167 35 gynnade
1124 297 46 20 av
1195 288 281 32 statsmakterna
1505 299 125 26 genom
1658 293 97 29 över-

254 325 101 32 låtna
375 326 216 35 rättigheter
611 327 58 31 till
690 327 191 36 begränsat
901 329 111 37 antal,
1031 330 94 31 hava
1147 331 42 31 de
1210 331 78 31 icke
1309 333 53 31 att
1383 333 114 31 räkna
1517 334 81 31 med
1619 344 137 22 samma

253 368 223 33 konkurrens
499 380 75 21 som
596 370 114 32 andra
733 371 202 37 företagare
957 373 12 30 i
993 375 116 33 öppna
1130 374 232 38 marknaden,
1384 376 127 31 varför
1533 377 45 31 de
1597 378 80 32 med
1699 378 56 32 sin

253 412 341 37 monopolställning
617 413 118 32 bättre
758 415 122 32 kunna
905 415 53 32 slå
983 416 153 32 tillbaka
1160 418 201 31 eventuella
1384 428 162 28 angrepp
1572 421 82 31 från
1678 431 77 26 per-

252 455 187 31 sonalhåll.
470 455 295 38 Systembolagen
785 459 209 36 isynnerhet
1013 462 62 29 äro
1094 460 264 36 kapitalstarka
1379 463 62 31 vid
1461 463 208 39 konflikter,
1689 465 66 31 vil-

253 497 59 33 ket
334 501 50 29 ett
405 509 65 26 par
493 499 124 37 dylika
639 500 47 31 ha
707 500 105 32 visat.
854 502 86 31 Man
962 502 73 31 kan
1058 503 136 37 fastslå,
1217 506 55 29 att
1294 505 78 31 med
1395 505 58 32 det
1476 515 126 23 senare
1623 508 130 31 medlet

251 540 158 33 kommer
432 543 209 35 personalen
664 544 212 36 näppeligen
900 546 238 35 någonstädes
1159 547 65 31 och
1247 549 55 30 att
1323 548 140 32 erhålla
1484 551 202 36 någonting
1707 562 46 21 av

251 587 312 30 restauratörerna
584 588 46 35 på
651 587 133 37 fredlig
808 588 333 39 förhandlingsväg,
1164 593 41 28 är
1227 601 44 21 en
1293 592 116 37 tanke,
1432 594 322 37 serveringsperso-

250 628 106 32 nalen
378 630 189 31 avskrivit.
601 630 422 38 Serveringspersonalen
1047 634 111 31 fäster
1178 636 92 30 stort
1292 635 102 37 hopp,
1406 638 54 30 att
1472 637 282 33 statsmakterna

252 671 100 33 skola
372 672 146 37 ingripa
539 674 65 30 och
624 675 128 32 anvisa
771 676 266 33 vederbörande
1058 680 80 33 väg.

294 716 63 32 Att
378 717 321 37 platsbyråfrågan
721 720 68 31 har
810 720 194 36 medtagits
1024 721 13 31 i
1060 721 356 39 riksdagsmotionen,
1439 724 122 31 hälsas
1582 726 79 31 med
1682 726 70 31 till-

252 759 265 39 fredsställelse,
541 765 40 34 ty
601 773 57 20 om
680 764 109 34 något
812 764 192 36 yrkesfack
1027 765 146 32 skinnas
1197 766 188 36 grundligt
1408 777 47 21 av
1477 768 146 36 privata
1645 768 108 37 plats-

250 802 323 40 byråinnehavare,
599 808 41 29 är
666 806 57 31 det
749 808 435 38 restaurangpersonalen,
1209 810 130 31 främst
1361 810 47 32 då
1431 811 196 32 servitörer
1652 813 64 30 och
1741 814 12 29 i

251 848 96 30 ännu
370 847 111 36 högre
503 849 89 35 grad
616 849 212 32 servitriser.
872 850 67 32 Det
960 854 90 29 mest
1072 854 229 34 upprörande
1324 854 12 30 i
1359 854 58 31 det
1439 854 91 37 hela,
1554 855 63 31 och
1640 856 113 32 vilket

251 900 84 22 man
354 893 132 29 nästan
504 892 145 32 erhållit
669 893 128 36 belägg
816 894 65 36 för,
900 897 51 34 är,
969 897 55 29 att
1043 895 89 32 visst
1151 896 200 32 samarbete
1369 898 106 31 råder
1492 899 133 32 mellan
1644 902 109 30 resta-

251 935 164 30 uratörer
438 935 65 31 och
525 935 321 36 platsförmedlare.
889 937 66 32 Om
977 938 338 36 platsförmedlaren
1336 941 65 31 har
1423 941 59 31 det
1506 943 124 35 trångt
1652 943 101 32 ställt

250 977 67 31 och
337 976 154 32 behöver
512 988 146 28 pengar,
680 979 122 37 ringer
826 981 112 31 denne
958 991 74 27 upp
1054 992 42 21 en
1119 982 159 32 direktör
1300 984 84 31 eller
1407 984 93 31 allra
1523 985 92 32 helst
1638 996 41 21 en
1703 987 50 31 di-

251 1021 132 32 rektris
399 1022 60 31 ute
476 1022 13 30 i
507 1021 206 33 landsorten
731 1024 64 30 och
813 1024 191 37 meddelar,
1023 1027 54 29 att
1096 1026 56 31 det
1171 1026 119 32 finnes
1307 1029 49 29 ett
1375 1038 66 26 par
1454 1029 159 35 trevliga
1624 1030 128 32 flickor

250 1061 93 32 inne.
365 1064 103 32 Facit
491 1063 79 38 blir,
592 1068 54 29 att
668 1065 100 33 dessa
790 1066 141 33 skickas
953 1067 96 37 iväg,
1071 1071 50 29 ett
1142 1079 65 26 par
1230 1070 114 31 andra
1365 1073 105 34 sägas
1493 1081 73 27 upp
1590 1072 82 31 från
1695 1073 55 31 sin

249 1107 222 37 anställning
493 1108 56 31 för
570 1111 54 29 att
644 1109 128 32 bereda
793 1110 43 31 de
854 1120 72 26 nya
946 1111 145 37 platser,
1111 1113 63 30 och
1186 1113 436 37 platsbyråinnehavaren
1635 1116 114 32 kasse-

251 1159 61 21 rar
331 1150 38 31 in
388 1150 153 32 vinsten.
581 1151 57 32 Nu
658 1155 40 28 är
720 1153 57 32 det
796 1155 90 35 sant,
904 1156 55 30 att
980 1155 101 32 dessa
1098 1156 157 31 metoder
1275 1158 184 31 användas
1480 1159 79 31 icke
1577 1170 46 20 av
1643 1162 108 29 resta-

250 1196 232 30 uratörernas
503 1194 236 39 platsbyråer,
761 1206 80 22 men
863 1199 50 30 ett
935 1198 91 32 visst
1046 1199 131 32 arvode
1198 1201 110 35 utgår
1330 1201 12 30 i
1363 1201 72 31 alla
1457 1202 77 31 fall.
1577 1202 82 33 Men
1680 1205 71 30 vad

250 1245 85 22 man
352 1238 137 31 vänder
510 1238 56 36 sig
585 1241 91 29 emot
698 1241 50 35 är,
768 1242 54 29 att
841 1250 56 21 om
917 1251 43 21 en
979 1243 153 31 servitör
1150 1242 70 33 blir
1240 1245 204 35 engagerad
1465 1246 118 31 direkt
1602 1257 46 20 av
1667 1247 85 31 hov-

250 1282 181 30 mästaren
454 1281 86 31 eller
562 1292 43 21 en
628 1283 244 33 vaktmästare
893 1294 46 21 av
961 1285 180 36 portieren
1163 1287 65 30 och
1252 1287 174 37 företaget
1450 1291 41 29 är
1513 1290 158 32 anslutet
1693 1291 58 31 till

251 1324 429 38 restaurantföreningen,
713 1326 137 32 händer
884 1328 67 36 det,
985 1330 54 30 att
1069 1330 45 31 de
1147 1331 45 35 på
1230 1330 98 32 detta
1351 1333 71 30 sätt
1447 1333 181 32 anställda
1653 1334 98 32 bliva

251 1366 132 36 ålagda
399 1369 54 30 att
472 1369 45 35 gå
535 1379 72 26 upp
625 1371 46 35 på
689 1370 115 36 byrån
820 1371 65 31 och
902 1371 148 37 erlägga
1069 1373 124 36 vanlig
1210 1375 131 36 avgift,
1360 1377 88 30 trots
1466 1377 55 30 att
1539 1377 212 37 platsbyrån

249 1409 78 33 icke
346 1411 93 36 tagit
460 1412 118 35 någon
599 1422 74 22 som
694 1413 90 32 helst
804 1414 206 37 befattning
1028 1417 79 30 med
1127 1417 261 37 förmedlingen
1410 1419 132 36 ifråga.
1583 1420 167 33 Däremot

250 1452 165 38 betingar
446 1454 55 37 sig
533 1455 78 32 icke
642 1456 221 33 Stockholms
894 1459 185 31 allmänna
1100 1462 421 37 restaurangaktiebolag
1552 1465 199 36 någonting

250 1496 57 32 för
327 1498 45 31 de
393 1497 144 38 platser,
561 1499 78 32 dess
661 1500 216 37 förmedling
896 1502 158 32 anvisar.
1096 1503 187 32 Dessutom
1304 1506 67 30 har
1391 1503 359 45 personalförbundet

249 1538 227 39 platsbyråer
498 1542 12 31 i
532 1541 214 39 Stockholm,
771 1544 176 37 Göteborg
969 1546 65 31 och
1055 1546 142 38 Malmö,
1218 1548 101 32 vilka
1341 1551 62 29 äro
1424 1551 223 37 avgiftsfria,
1670 1562 80 22 men

250 1583 102 32 dessa
372 1586 63 29 äro
453 1586 97 31 satta
569 1597 44 20 ur
634 1587 167 31 funktion
821 1598 46 20 av
887 1590 319 38 restauratörerna,
1228 1601 126 26 genom
1372 1595 53 29 att
1444 1594 104 31 dessa
1569 1595 55 31 till
1646 1605 103 27 synes

250 1627 298 33 överenskommit
569 1631 54 29 att
643 1630 54 31 dit
720 1630 77 32 icke
819 1632 144 31 anmäla
986 1632 119 37 lediga
1125 1634 144 36 platser.
1312 1636 85 31 Man
1420 1638 159 37 fastslår,
1599 1640 54 30 att
1674 1649 75 26 per-

248 1671 111 36 sonal,
383 1681 75 21 som
482 1671 103 32 söker
610 1673 54 36 sig
690 1673 56 31 till
771 1674 41 31 de
835 1674 147 36 privata
1005 1676 194 37 företagen,
1224 1688 47 21 av
1295 1681 311 31 restauratörerna
1632 1681 116 36 själva

249 1711 98 34 bliva
368 1714 166 34 pressade
558 1715 55 31 till
636 1718 53 29 att
711 1716 118 32 betala
852 1719 55 30 för
929 1721 53 29 att
1005 1720 136 31 erhålla
1162 1722 146 36 platser,
1329 1724 89 30 trots
1440 1725 54 30 att
1518 1724 230 37 fullständigt

248 1756 189 35 avgiftsiri
463 1759 313 37 platsförmedling
804 1760 117 33 finnes
947 1764 54 29 att
1027 1763 114 36 tillgå.

289 1800 177 38 Samtliga
491 1803 237 38 platsbyråer,
753 1815 74 21 som
852 1806 157 31 utkräva
1034 1808 157 35 avgifter
1216 1818 49 21 av
1289 1809 211 38 klienterna,
1526 1811 123 32 kunna
1672 1813 76 31 sak-

249 1843 68 33 löst
338 1844 256 38 bortopereras.
635 1847 394 39 Arbetsförmedlingen
1049 1851 71 31 kan
1141 1852 113 36 enligt
1274 1853 65 31 vår
1360 1854 147 36 mening
1528 1855 130 32 ordnas
1679 1856 68 31 till-

249 1887 278 35 fredsställande
548 1891 104 31 ändå.

290 1933 46 31 Vi
358 1934 199 37 hemställa,
579 1936 53 30 att
653 1936 12 30 i
687 1936 57 31 det
767 1936 75 37 fall,
863 1946 43 21 en
927 1938 197 36 utredning
1144 1938 11 31 i
1176 1939 197 33 motionens
1395 1941 97 37 syfte
1512 1942 158 31 kommer
1690 1943 58 31 till

249 1977 117 36 stånd,
387 1978 38 30 vi
446 1977 149 33 beredas
616 1978 147 33 tillfälle
782 1981 54 30 att
857 1980 116 32 höras.

287 2018 82 33 Med
391 2021 78 31 stöd
491 2031 46 21 av
558 2022 70 30 vad
649 2032 74 21 som
744 2023 149 36 anförts,
915 2023 58 31 får
996 2023 164 37 Sveriges
1182 2026 123 30 hotell-
1328 2027 64 30 och
1414 2029 332 36 restaurangperso-

247 2063 79 31 nals
349 2064 155 32 förbund
526 2064 184 37 tillstyrka
731 2066 188 32 motionen.

289 2131 204 34 Stockholm
512 2134 67 31 den
596 2134 39 31 28
653 2134 160 32 februari
832 2136 86 30 1928.

446 2220 71 31 För
541 2219 166 38 Sveriges
729 2220 122 31 hotell-
875 2222 63 31 och
961 2223 398 36 restaurangpersonals
1382 2226 164 31 förbund.

783 2307 123 33 CARL
927 2309 286 32 BENGTSSON.
