2199 2696
210 286 88 31 Sirup.

211 1011 90 25 Tobak.

400 184 19 32 6
758 186 210 42 Bevillnings-
978 187 162 34 Utskottets
1165 189 208 34 Betänkande
1400 191 64 32 N:o
1491 194 52 30 12.

490 270 79 37 Den
611 270 56 38 för
708 273 113 47 sirup,
858 274 71 36 alla
957 276 91 49 slag,
1077 289 51 23 nu
1156 277 173 46 gällande
1356 277 234 46 införseltull,
1621 282 20 33 4
1670 287 62 29 öre
1762 294 64 35 per
1854 281 97 35 skål-

357 322 113 48 pund,
499 323 67 36 har
593 323 62 36 vid
685 324 43 36 de
757 324 170 37 tillfällen
958 330 39 33 år
1027 329 106 42 1867,
1164 328 46 36 då
1237 330 292 36 råsockertullen
1561 331 128 48 höjdes
1718 333 56 35 till
1805 335 45 34 10
1878 340 72 37 öre,

357 375 68 35 och
456 378 40 32 år
535 377 104 42 1872,
669 376 46 35 då
744 377 214 37 densamma
986 382 78 33 åter
1090 380 189 37 nedsattes
1307 382 56 35 till
1393 384 19 34 8
1442 389 60 29 öre
1531 383 233 48 skålpundet,
1793 385 158 35 lemnats

357 425 223 38 oförändrad
623 428 66 35 och
732 429 118 46 ingått
891 430 11 34 i
931 430 296 49 beräkningarne
1256 432 105 37 öfver
1389 434 61 35 det
1479 435 203 49 tullskydd,
1712 449 78 23 som
1821 440 130 44 ansågs

356 477 88 36 böra
483 479 429 38 sockerraffinaderierna
949 482 213 48 medgifvas.
1228 482 190 39 Utskottet
1447 485 63 36 har
1538 486 76 36 icke
1644 486 114 36 heller
1786 500 48 23 nu
1862 487 88 36 fun-

354 529 57 36 nit
438 530 55 46 sig
522 543 65 35 ega
614 531 202 48 anledning
844 539 53 29 att
926 534 8 34 i
966 534 120 36 denna
1114 535 148 40 tullsats
1291 536 131 38 föreslå
1453 540 120 46 någon
1604 537 229 52 förändring,
1853 539 97 37 hvil-

354 581 62 36 ket
444 579 191 40 Utskottet

1188 762 58 34 4:0

802 880 120 36 skolat
950 881 57 36 för
1036 882 209 48 Riksdagen
1276 886 154 35 anmäla.

490 998 133 46 Kongl.
668 998 102 49 Maj:t
810 1000 63 35 har
914 1002 51 34 uti
1009 1001 243 37 oftanämnda
1292 1004 135 48 nådiga
1468 1005 230 48 proposition
1732 1006 217 47 ytterligare

356 1048 185 45 hemstält,
583 1055 52 31 att
677 1052 117 35 tullen
824 1051 56 37 för
909 1053 176 36 oarbetad
1114 1054 100 36 tobak
1242 1057 113 34 måtte
1384 1056 103 47 höjas
1515 1057 54 34 till
1600 1057 45 34 42
1675 1063 62 28 öre
1767 1069 61 34 per
1856 1057 94 35 skål-

356 1100 112 46 pund,
497 1108 93 28 samt
620 1108 53 28 att
700 1103 171 46 samtliga
899 1104 8 34 i
936 1118 50 21 nu
1014 1105 171 46 gällande
1212 1107 159 34 tulltaxa
1401 1107 115 35 under
1543 1107 173 35 rubriken
1744 1108 126 43 tobak,
1892 1121 57 22 ar-

354 1151 126 44 betad,
510 1159 188 41 upptagna
726 1154 98 35 olika
854 1155 77 45 slag
960 1155 35 36 af
1020 1156 306 46 tobaksfabrikat,
1349 1163 103 30 utom
1474 1159 162 48 cigarrer
1655 1158 65 35 och
1741 1158 209 45 cigaretter,

355 1202 55 35 för
452 1203 125 35 hvilka
617 1203 132 48 Kongl.
791 1205 103 46 Maj:t
935 1213 120 28 ansett
1091 1207 263 37 förutvarande
1384 1210 147 34 tullsats
1559 1209 36 35 af
1624 1212 15 32 1
1673 1210 113 34 krona
1814 1211 46 34 30
1888 1217 62 29 öre

354 1253 92 36 böra
487 1252 162 44 fortfara,
691 1258 114 33 måtte
846 1256 266 37 sammanföras
1147 1257 116 37 under
1290 1272 43 22 en
1363 1272 211 35 gemensam
1605 1259 200 47 afdelning,
1834 1261 115 35 tobak

354 1304 133 36 vandra
516 1306 106 46 slag»,
653 1304 57 37 för
739 1307 124 36 hvilka
891 1308 295 37 tobaksfabrikat
1214 1309 136 49 Kongl.
1380 1310 101 47 Maj:t
1509 1310 190 49 föreslagit
1728 1324 43 22 en
1800 1312 149 35 tullsats

355 1355 39 36 af
420 1358 46 34 50
494 1362 60 30 öre
582 1358 235 47 skålpundet.

485 1407 192 47 Härjemte
716 1407 108 38 hafva
853 1410 53 34 uti
935 1410 78 36 sina
1041 1410 242 37 förenämnda
1312 1414 183 34 motioner
1522 1412 138 36 Herrar
1688 1412 40 36 P.
1761 1412 188 37 Hiibinette

354 1457 66 36 och
464 1457 62 36 Th.
572 1458 196 49 Flensburg
808 1460 201 45 föreslagit,
1052 1461 70 36 den
1162 1462 95 36 förre
1297 1469 54 30 att
1378 1463 269 37 införseltullen
1678 1466 19 32 å
1725 1464 126 43 tobak,
1879 1464 71 36 alla

353 1509 90 47 slag,
488 1512 113 33 måtte
643 1510 105 48 höjas
791 1511 81 36 med
904 1513 44 34 25
980 1520 153 40 procent
1161 1513 39 36 af
1226 1513 82 37 dess
1337 1515 213 35 nuvarande
1578 1515 149 48 belopp,
1757 1521 93 29 samt
1879 1515 69 35 den

353 1573 128 23 senare
521 1567 85 36 »att,
646 1561 58 36 för
745 1562 69 35 den
857 1563 175 36 händelse
1070 1564 205 48 Riksdagen
1306 1566 167 35 biträder
1502 1566 131 47 Kongl.
1662 1566 123 47 Maj:ts
1814 1566 135 47 nådiga

355 1612 232 46 proposition
631 1626 57 22 om
731 1612 214 48 förhöjning
986 1614 37 35 af
1056 1616 117 35 tullen
1204 1618 20 33 å
1252 1617 177 35 oarbetad
1459 1617 127 43 tobak,
1614 1616 208 48 Riksdagen
1852 1630 97 22 sam-

351 1662 110 47 tidigt
502 1666 112 32 måtte
655 1664 155 44 besluta,
853 1671 54 29 att
947 1666 113 35 tullen
1103 1670 20 32 å
1163 1668 163 48 cigarrer
1367 1668 67 36 och
1469 1668 113 36 andra
1610 1667 339 37 tobaksfabrikater

351 1713 102 46 höjes
482 1714 9 34 i
522 1715 260 35 motsvarande
813 1717 248 46 proportion.»

484 1763 52 36 Då
577 1764 193 37 Utskottet
810 1766 113 36 redan
966 1768 99 34 förut
1105 1768 53 35 uti
1199 1769 64 35 sitt
1296 1768 108 36 ofvan
1435 1768 245 37 omförmälda
1710 1769 237 37 Betänkande

351 1813 68 36 N:o
461 1816 19 34 9
523 1816 308 47 tillkännagifvit,
873 1824 53 29 att
967 1817 191 37 Utskottet
1195 1823 133 43 ansåge
1356 1821 243 35 statsverkets
1629 1820 112 36 behof
1765 1820 39 36 af
1829 1821 118 36 ökade

351 1865 205 37 inkomster
598 1867 78 35 bäst
718 1869 121 34 kunna
881 1869 230 46 tillgodoses,
1146 1870 108 35 bland
1285 1877 123 38 annat,
1436 1883 133 35 genom
1599 1884 42 22 en
1671 1871 213 48 förhöjning
1912 1871 39 35 af

350 1917 118 35 tullen
510 1921 19 31 å
563 1919 154 34 råtobak
760 1919 54 34 till
858 1922 45 33 42
933 1927 61 28 öre
1023 1934 63 33 per
1113 1921 199 47 skålpund,
1341 1922 106 35 torde
1477 1921 195 36 Utskottet
1700 1923 9 34 i
1741 1922 118 36 denna
1888 1922 58 36 del

351 1966 40 35 af
414 1966 126 48 frågan
572 1969 129 35 endast
730 1969 159 37 behöfva
918 1971 150 35 hänvisa
1096 1972 53 34 till
1180 1972 96 35 hvad
1297 1973 9 34 i
1324 1973 208 47 åberopade
1550 1973 396 36 utskottsbetänkande

350 2017 10 35 i
390 2017 113 49 öfrigt
530 2020 119 35 finnes
678 2020 160 36 anfördt.

484 2069 237 37 Beträffande
762 2075 77 32 åter
876 2072 43 35 de
957 2072 38 36 af
1020 2073 131 47 Kongl.
1181 2073 103 47 Maj:t
1312 2073 210 46 föreslagna
1550 2074 220 48 tullafgifter
1798 2079 19 31 å
1845 2075 102 35 arbe-

350 2119 62 35 tad
444 2121 122 43 tobak,
595 2126 55 31 stå
681 2122 188 36 desamma
897 2124 7 33 i
935 2123 261 48 hufvudsaklig
1224 2124 386 37 öfverensstämmelse
1639 2126 80 35 med
1742 2125 45 36 de
1809 2126 137 40 åsigter

350 2171 10 34 i
403 2170 101 36 detta
546 2180 119 36 ämne,
706 2186 78 22 som
827 2173 37 35 af
902 2175 100 35 såväl
1045 2176 94 34 1865
1174 2179 57 31 års
1261 2175 229 37 Tullkomité
1519 2189 80 23 som
1631 2178 91 34 1873
1752 2177 66 35 och
1852 2178 92 34 1875

350 2224 105 34 årens:
488 2222 220 49 Riksdagars
738 2224 403 47 Bevillnings-Utskott
1170 2225 120 37 blifvit
1317 2227 178 36 uttalade.
1542 2226 404 48 Bevillnings-Utskot-

350 2277 53 31 tet
444 2273 93 36 hade
575 2275 62 35 vid
671 2276 159 36 nämnda
866 2277 191 47 riksdagar
1093 2276 192 48 föreslagit
1313 2284 66 38 att,
1409 2278 82 35 med
1520 2278 260 36 bibehållande
1809 2278 39 36 af
1872 2279 74 35 tul-
