2205 2690
427 279 37 32 12
775 274 209 40 Bevillnings-
995 272 161 34 Utskottets
1182 269 207 34 Betänkande
1417 268 62 33 N:o
1508 270 51 30 12.

375 365 56 36 för
466 376 110 24 varor
604 361 38 38 af
668 359 281 49 ifrågavarande
978 360 81 47 slag
1086 357 192 37 verkställt
1307 356 68 36 och
1405 354 124 37 hvilka
1557 354 101 47 ligga
1685 351 54 36 till
1767 349 121 49 grund
1915 349 59 36 för

374 415 216 38 nuvarande
632 412 385 47 restitutionsbelopp,
1059 410 66 35 har
1163 409 194 36 Utskottet
1399 412 119 30 ansett
1559 405 109 36 dessa
1708 404 136 47 belopp
1888 402 86 35 böra

376 467 155 38 sålunda
558 465 204 44 förändras,
791 470 53 30 att
873 463 56 36 för
957 464 162 46 cigarrer
1147 460 67 36 och
1244 460 198 48 cigaretter
1471 456 260 37 restitutionen
1747 455 227 35 bestämmes

376 520 56 36 till
470 521 45 34 42
554 526 75 36 öre,
657 517 58 36 för
742 528 182 37 spunnen,
953 512 207 50 hopvriden
1190 512 89 36 eller
1309 508 151 51 pressad
1488 508 124 44 tobak,
1640 506 191 37 äfvensom
1859 504 115 37 tobak

376 573 10 35 i
415 577 149 38 stänger
591 569 59 36 till
680 570 45 34 30
754 575 73 36 öre,
855 571 95 32 samt
977 565 57 36 för
1063 565 118 35 malen
1209 563 114 36 tobak
1353 562 89 36 eller
1469 573 88 23 snus
1585 559 57 36 till
1667 559 45 36 20
1733 564 75 37 öre,
1828 557 66 36 allt
1914 568 63 35 per

377 621 196 50 skålpund,
601 621 192 36 hvaremot
822 617 191 37 Utskottet
1041 615 57 37 för
1126 614 153 38 arbetad
1306 613 125 45 tobak,
1460 611 116 37 andra
1603 611 87 46 slag,
1718 607 154 38 dermed
1901 607 75 36 för-

377 674 195 46 nämligast
613 672 93 37 afses
741 669 152 38 karfvad
922 669 124 44 tobak,
1076 667 38 37 af
1139 666 253 37 förekommen
1420 663 198 47 anledning
1645 661 124 36 funnit
1797 672 42 23 ur
1866 663 111 32 stats-

378 728 152 34 kassans
549 724 192 49 synpunkt
757 721 255 47 betänklighet
1029 725 97 29 möta
1142 724 53 29 att
1210 718 81 46 höja
1309 717 64 35 det
1388 715 113 36 redan
1518 712 188 48 medgifna
1724 711 252 36 restitutions-

380 776 177 49 beloppet
586 776 44 34 25
660 780 62 30 öre
751 785 66 37 per
845 770 194 49 skålpund.

511 827 17 35 I
554 824 382 38 öfverensstämmelse
965 821 83 37 med
1078 820 62 37 det
1169 833 47 22 nu
1246 818 156 38 anförda
1429 816 213 37 hemställer
1669 813 202 42 Utskottet,

1344 974 70 34 9:0.

833 1087 55 31 att
927 1079 55 37 för
1022 1077 161 48 följande
1223 1078 12 35 i
1275 1074 18 49 $
1336 1079 20 34 9
1398 1074 38 37 af
1478 1070 503 40 tulltaxeunderrättelserna

785 1138 194 44 upptagna
1020 1130 154 37 artiklar
1211 1128 44 37 de
1285 1127 60 36 vid
1375 1127 151 48 sjöväga
1556 1122 150 38 utförsel
1733 1121 82 36 från
1845 1120 137 47 stapel-

784 1183 82 37 stad
908 1196 50 23 nu
988 1180 189 47 medgifna
1205 1178 375 47 restitutionsbelopp
1610 1178 124 39 måtte,
1762 1172 85 37 med
1878 1172 101 35 bibe-

784 1234 170 36 hållande
996 1233 8 35 i
1047 1232 114 47 öfrigt
1193 1227 37 39 af
1264 1229 175 49 gällande
1466 1225 245 45 föreskrifter,
1740 1223 159 47 förhöjas
1927 1224 57 33 så-

784 1286 134 37 lunda:

1840 1321 51 28 Kr.
1929 1324 55 23 öre.

786 1388 57 35 för
873 1390 17 33 1
921 1391 150 31 centner
1098 1383 217 38 raffineradt
1342 1381 141 44 socker,
1513 1380 71 36 alla
1612 1380 90 46 slag,
1732 1377 87 36 till...
1852 1378 56 33 12:
1938 1394 47 5 —

812 1454 15 18 »
882 1440 17 33 1
930 1437 115 47 butelj
1076 1435 141 49 punsch
1255 1464 181 7 cec
1500 1462 82 6 öres
1611 1462 38 4 en
1679 1459 138 7 ns
1849 1446 43 5 —
1940 1428 43 33 22

791 1492 17 33 1
839 1488 183 49 skålpund
1051 1487 122 43 tobak,
1201 1485 167 37 arbetad:

787 1542 160 46 cigarrer
975 1539 67 36 och
1071 1538 198 49 cigaretter
1302 1566 150 5 ........
1493 1564 93 6 LSsenat
1626 1562 128 7 fasan
1773 1561 47 5 av.
1851 1549 47 3 —
1941 1530 44 33 42

789 1604 185 36 spunnen,
1016 1588 207 49 hopvriden
1265 1588 89 35 eller
1396 1584 149 50 pressad
1580 1583 179 36 äfvensom
1799 1581 11 35 i

889 1648 148 41 StÄNZER
1060 1671 115 6 oosssesssee
1194 1670 93 6 sererssen
1304 1669 83 5 sereter
1405 1668 49 5 eger
1452 1637 7 56 e
1462 1637 25 56 rr
1508 1666 125 6 enter
1630 1637 29 56 rne
1662 1637 21 56 tr
1696 1663 126 6 rn
1853 1650 47 4 —
1942 1631 46 35 30

789 1694 121 36 malen
939 1693 89 35 eller
1054 1704 87 23 snUsS
1159 1719 283 9 ........eeeee00-
1472 1716 171 7 re
1695 1714 116 6 seen
1854 1701 38 3 —
1942 1683 45 33 20

526 1797 182 47 Slutligen
750 1796 65 35 och
862 1796 10 34 i
913 1792 385 39 öfverensstämmelse
1327 1789 81 37 med
1437 1788 97 37 hvad
1563 1787 135 47 Kongl.
1729 1784 120 48 Maj:ts
1879 1782 110 37 ofvan

394 1848 247 36 omförmälda
671 1847 134 49 nådiga
834 1845 235 49 proposition
1098 1843 204 35 innehåller
1322 1847 94 30 samt
1432 1839 210 47 Riksdagen
1659 1836 111 36 redan
1787 1837 11 33 i
1813 1834 101 47 fråga
1932 1846 58 22 om

393 1900 243 48 tillämpning,
676 1902 39 32 så
755 1903 99 30 snart
893 1898 62 34 ske
983 1897 85 41 kan,
1096 1894 38 36 af
1159 1893 260 48 förhöjningen
1447 1893 11 34 i
1486 1885 419 49 tillverkningsafgiften
1934 1883 57 36 för

394 1951 152 36 bränvin
575 1950 172 43 beslutat,
777 1948 215 36 hemställer
1019 1946 205 43 Utskottet,

1341 2098 94 35 10:0.

849 2208 54 31 att
940 2202 45 36 de
1014 2200 173 49 förhöjda
1214 2197 234 49 tullafgifter,
1479 2196 125 35 hvilka
1632 2194 39 36 af
1695 2192 209 46 Riksdagen
1935 2191 59 36 be-

798 2256 126 41 slutas,
967 2251 289 47 undantagande
1299 2249 44 36 de
1389 2247 198 46 vilkorliga
1626 2244 304 48 förhöjningarne
1959 2241 39 36 af

799 2303 266 50 tullafgifterna
1106 2302 55 37 för
1201 2301 144 36 franskt
1375 2297 245 37 'drufbränvin
1654 2302 97 29 samt
1785 2295 61 35 vin
1875 2292 39 37 af
1937 2293 58 35 till

798 2357 66 36 och
902 2355 83 37 med
1015 2357 44 34 21
1090 2358 170 45 procents
1289 2350 239 43 alkoholhalt,
1555 2348 102 36 skola
1684 2349 120 34 såsom
1834 2345 162 47 tilläggs-
