1922 2812
339 170 104 29 Andra
461 171 196 29 kammarens
680 168 124 34 femte
825 173 151 35 tillfälliga
995 174 131 27 utskotts
1145 172 157 28 utlåtande
1319 173 45 27 Nr
1381 172 26 27 4.
1596 170 11 30 1

811 424 63 39 Nr
902 424 37 38 4.

702 552 111 24 Ankom
831 552 40 25 till
887 552 165 32 riksdagens
1069 552 91 25 kansli
1179 553 53 26 den
1251 555 10 22 1
1280 553 71 32 april
1370 554 63 24 1927
1452 553 35 25 kl.
1506 554 14 23 2
1537 561 22 17 e.
1576 561 37 18 m,

343 660 117 30 Andra
476 660 217 31 kammarens
718 661 118 38 femte
894 662 167 39 tillfälliga
1077 663 145 30 utskotts
1241 662 170 31 utlåtande
1425 673 40 20 nr
1481 664 30 37 4,
1529 665 11 29 i
1554 673 57 20 an-

451 722 136 41 ledning
602 733 42 21 av
661 723 122 32 väckta
799 725 166 29 motioner
982 733 54 21 om
1055 725 223 39 begränsning
1295 735 42 21 av
1353 725 81 39 gifta
1451 725 161 30 kvinnors

449 785 225 31 användande
701 787 10 29 i
736 787 62 29 och
826 787 146 30 innehav
997 796 41 22 av
1064 788 186 38 statstjänst
1275 788 63 30 och
1363 788 140 29 allmänt
1529 796 83 30 upp-

449 846 92 40 drag.

178 952 55 31 Uti
262 962 41 22 en
332 953 95 31 inom
455 955 108 30 andra
592 955 202 31 kammaren
822 956 100 31 väckt
950 956 140 36 motion,
1119 966 42 20 nr
1188 957 74 35 256,
1293 957 176 30 hemställa
1499 957 116 29 herrar

134 1001 137 35 Öhman
293 1008 65 30 och
382 1007 206 39 Magnusson
612 1009 10 30 i
646 1009 135 30 Skövde
801 1011 47 28 att
872 1008 179 40 riksdagen
1075 1009 104 31 måtte
1203 1011 9 30 i
1236 1010 159 30 skrivelse
1418 1010 48 31 till
1492 1011 120 37 Kungl.

134 1059 99 40 Maj:t
254 1060 138 30 anhålla
413 1071 57 21 om
492 1062 188 39 utredning,
702 1062 170 32 huruvida
892 1063 63 30 och
977 1063 10 30 i
1009 1063 63 30 vad
1094 1063 80 30 mån
1196 1064 154 38 åtgärder
1371 1064 115 29 kunna
1508 1063 105 30 vidta-

133 1121 59 30 gas
208 1113 10 30 i
236 1113 86 40 syfte
339 1117 48 27 att
403 1115 165 38 begränsa
585 1115 83 39 gifta
686 1116 163 30 kvinnors
867 1116 147 31 innehav
1031 1126 40 20 av
1088 1117 187 38 statstjänst
1292 1117 63 30 och
1372 1117 140 30 allmänt
1530 1126 82 30 upp-

134 1167 83 38 drag
241 1167 54 31 för
318 1168 109 30 bättre
451 1167 263 40 tillgodoseende
739 1179 40 21 av
804 1170 97 29 mäns
926 1170 64 30 och
1014 1169 105 39 ogifta
1142 1169 163 31 kvinnors
1330 1170 212 39 möjligheter
1567 1172 47 28 att

133 1220 129 30 erhålla
284 1222 275 36 arbetsutkomst,
580 1222 65 30 och
667 1224 47 28 att
736 1223 121 38 Kungl.
880 1223 99 39 Maj:t
999 1223 146 30 därefter
1167 1224 153 29 utfärdar
1342 1224 40 30 de
1403 1224 210 29 bestämmel-

134 1283 52 21 ser
215 1274 78 30 eller
322 1274 54 31 för
404 1275 180 38 riksdagen
612 1275 204 39 framlägger
845 1277 41 29 de
914 1276 135 39 förslag,
1078 1286 73 21 som
1178 1286 41 21 av
1248 1276 220 39 utredningen
1496 1278 118 29 kunna

136 1327 205 37 föranledas,
357 1329 65 30 och
438 1329 10 30 i
464 1329 94 31 inom
575 1338 131 22 samma
722 1330 178 31 kammare
914 1331 100 30 väckt
1029 1331 140 35 motion,
1186 1341 42 20 nr
1244 1332 72 35 262,
1333 1332 192 29 hemställer
1541 1331 78 30 herr

136 1380 169 40 Lindberg
330 1382 78 30 med
433 1382 252 32 instämmande
709 1383 11 30 i
746 1383 190 31 motionens
962 1384 87 39 syfte
1073 1393 42 22 av
1141 1383 68 31 åtta
1237 1385 105 29 andra
1369 1384 245 30 kammarleda-

136 1437 118 35 möter,
271 1439 49 28 att
337 1436 181 39 riksdagen
535 1436 105 32 måtte
656 1438 132 30 besluta
804 1441 51 29 att
871 1438 9 30 i
899 1438 161 31 skrivelse
1075 1438 50 31 till
1144 1439 120 39 Kungl.
1284 1438 98 40 Maj:t
1396 1438 148 37 anhålla,
1563 1439 55 30 det

135 1489 129 31 täcktes
290 1489 121 39 Kungl.
438 1490 99 40 Maj:t
561 1490 68 31 låta
654 1492 128 36 utreda,
810 1491 169 31 huruvida
1003 1492 63 31 och
1091 1492 9 30 i
1127 1493 64 30 vad
1215 1492 81 31 mån
1321 1493 153 38 åtgärder
1499 1493 117 30 kunna

137 1542 149 39 vidtagas
307 1543 11 30 i
342 1544 88 38 syfte
452 1546 58 34 att,
533 1547 83 28 utan
639 1544 145 39 ändring
805 1555 41 21 av
868 1546 156 38 gällande
1046 1555 25 21 s.
1095 1546 32 30 k.
1150 1545 279 40 behörighetslag,
1452 1547 164 38 begränsa

136 1595 83 38 gifta
238 1596 164 32 kvinnors
419 1596 11 31 i
448 1597 187 39 statstjänst
652 1597 234 40 tjänstgöring,
906 1599 54 30 för
976 1599 262 38 tillgodoseende
1255 1609 41 20 av
1315 1601 96 30 mäns
1429 1600 64 30 och
1512 1599 104 38 ogifta

137 1648 163 32 kvinnors
324 1649 150 40 anspråk
498 1650 44 39 på
567 1651 273 36 arbetsutkomst,
866 1652 63 30 och
954 1655 48 28 att
1027 1652 120 38 Kungl.
1173 1652 99 38 Maj:t
1294 1653 145 30 därefter
1464 1652 153 30 utfärdar

137 1702 40 30 de
213 1703 254 31 bestämmelser
504 1704 78 30 eller
607 1704 54 30 för
685 1704 180 39 riksdagen
891 1705 202 39 framlägger
1118 1706 41 31 de
1184 1706 135 39 förslag,
1344 1715 73 22 som
1441 1715 40 22 av
1506 1706 109 31 utred-

136 1755 125 40 ningen
280 1757 119 30 kunna
418 1757 204 31 föranledas.

181 1809 263 39 Ifrågavarande
470 1810 167 32 motioner
664 1811 62 30 har
753 1811 200 32 kammaren
980 1812 156 32 hänvisat
1160 1812 50 31 till
1239 1813 55 30 sitt
1321 1813 102 31 femte
1449 1813 166 39 tillfälliga

138 1863 137 37 utskott,
296 1873 74 22 som
391 1864 184 31 behandlat
595 1865 78 30 dem
693 1865 10 31 i
723 1868 46 28 ett
789 1866 259 39 sammanhang.

181 1916 220 32 Beträffande
428 1918 286 39 motiveringarna
742 1918 54 31 för
822 1919 41 30 de
889 1918 93 33 olika
1008 1920 199 38 yrkandena
1235 1919 122 32 tillåter
1383 1920 48 39 sig
1457 1921 163 30 utskottet

137 1969 142 33 hänvisa
300 1970 48 31 till
370 1972 41 31 de
430 1971 89 31 båda
541 1971 211 32 motionerna
774 1972 9 30 i
803 1973 64 30 den
888 1972 80 31 mån
990 1973 40 30 de
1049 1973 31 39 ej
1101 1973 136 31 särskilt
1257 1974 135 30 beröras
1412 1974 62 31 här
1494 1974 121 30 nedan.

182 2076 13 31 I
219 2077 183 39 anledning
422 2088 41 21 av
484 2078 222 31 förevarande
726 2078 167 32 motioner
915 2079 56 30 vill
994 2080 161 31 utskottet
1175 2080 49 31 till
1246 2090 40 20 en
1308 2081 119 39 början
1450 2082 9 30 i
1482 2081 134 30 korthet

136 2131 112 32 erinra
267 2141 58 21 om
344 2132 41 30 de
404 2133 80 37 steg,
505 2141 72 21 som
597 2132 42 30 de
657 2135 132 28 senaste
807 2132 81 31 åren
907 2132 97 39 tagits
1025 2133 53 31 för
1097 2134 266 38 genomförande
1383 2144 40 20 av
1442 2134 172 38 likställig-

137 2184 57 30 het
215 2184 125 31 mellan
361 2194 81 21 man
463 2185 64 31 och
548 2185 127 31 kvinna
696 2186 10 30 i
728 2185 95 39 fråga
845 2195 56 22 om
922 2187 65 31 rätt
1007 2189 47 27 att
1074 2186 169 31 innehava
1266 2188 185 39 statstjänst
1472 2188 63 30 och
1559 2187 55 31 all-

136 2238 95 30 mänt
249 2239 165 38 uppdrag.

181 2290 95 32 Efter
302 2291 127 40 förslag
454 2301 41 22 av
521 2292 122 38 Kungl.
669 2292 99 39 Maj:t
794 2294 101 37 antog
922 2293 82 30 1920
1030 2292 54 32 års
1110 2292 137 40 riksdag
1272 2293 110 31 såsom
1409 2293 133 31 vilande
1567 2294 49 30 till

140 2343 112 33 vidare
278 2344 274 40 grundlagsenlig
578 2345 207 40 behandling
812 2346 130 30 ändrad
969 2346 127 39 lydelse
1121 2356 41 21 av
1190 2343 43 42 $$
1260 2348 29 35 4,
1318 2348 50 35 28,
1395 2349 39 29 33
1461 2348 64 30 och
1556 2348 60 29 108

138 2398 302 40 regeringsformen
468 2403 87 28 samt
581 2397 20 41 8
631 2400 39 30 70
698 2399 354 40 riksdagsordningen.
1092 2400 76 31 Med
1197 2401 96 30 dessa
1319 2401 296 39 ändringsförslag,

140 2451 89 33 vilka
249 2452 38 31 år
310 2454 80 30 1921
416 2453 97 31 blevo
536 2452 168 32 definitivt
727 2456 157 36 antagna,
908 2453 117 39 avsågs
1049 2456 47 28 att
1115 2455 124 30 bereda
1262 2456 62 37 väg
1346 2454 53 32 för
1421 2465 41 20 en
1484 2455 133 38 lösning

138 2515 40 22 av
207 2507 63 29 den
299 2507 112 38 gamla
440 2507 64 30 och
533 2507 108 30 under
668 2516 117 21 senare
813 2506 38 30 år
879 2507 132 30 alltmer
1039 2508 347 39 uppmärksammade
1413 2508 117 38 frågan
1559 2518 56 20 om

178 2576 119 36 Bihang
315 2577 44 27 till
375 2577 180 35 riksdagens
572 2578 157 34 protokoll
749 2578 84 27 1927.
864 2579 35 25 13
918 2578 85 27 saml.
1031 2580 16 25 5
1065 2578 68 27 avd.
1161 2579 17 26 4
1198 2579 74 33 häft.
1291 2578 59 33 (Nr
1367 2577 44 33 4.)

1632 959 184 26 Motionerna.

1658 2085 134 27 Historik.
