1874 2850
523 140 275 31 Statsutskottets
819 140 177 31 utlåtande
1015 140 49 31 Nr
1082 141 71 29 182.
1581 135 18 29 3

94 224 90 31 vissa
204 233 156 28 grupper,
382 225 95 30 inom
497 225 92 31 vilka
609 225 370 36 befattningshavarna
998 224 45 37 på
1062 225 114 35 grund
1197 234 41 21 av
1259 224 53 30 för
1334 224 78 30 dem
1435 223 159 36 gällande

93 267 354 36 anställningsvillkor
472 267 156 36 uppbära
653 268 161 35 avlöning
842 267 55 30 för
923 266 99 31 läsår.
1074 267 13 29 I
1114 266 99 36 fråga
1238 276 56 20 om
1320 267 68 29 rätt
1414 266 50 30 till
1492 266 101 29 barn-

93 308 117 36 tillägg
235 308 54 30 för
313 309 100 30 dessa
438 309 350 36 befattningshavare,
813 309 98 30 torde
935 309 9 29 i
969 309 183 29 huvudsak
1176 318 134 20 samma
1334 308 150 36 grunder
1510 307 84 30 böra

93 350 183 38 tillämpas,
299 360 75 20 som
395 351 91 30 bliva
509 351 159 36 gällande
691 351 53 30 för
765 351 258 30 statsanställda
1044 350 341 36 befattningshavare
1408 350 78 29 med
1508 353 86 26 mot-

94 393 168 30 svarande
285 393 437 36 avlöningsförhållanden.

139 469 227 35 Timlärarna,
392 468 77 30 från
491 469 92 30 vilka
604 469 69 30 helt
698 469 160 30 bortsetts
881 468 10 30 i
913 468 56 31 det
991 467 215 37 föregående,
1230 466 135 37 åtnjuta
1389 467 56 30 vid
1469 466 124 36 ifråga-

95 511 151 30 varande
270 511 116 29 skolor
409 512 126 29 arvode
557 511 54 30 för
633 511 238 30 veckotimme.
917 511 147 30 Arvodet
1087 514 192 27 motsvarar
1300 510 68 30 viss
1393 509 138 30 kvotdel
1553 519 42 20 av

95 553 237 36 lönebeloppet
353 553 54 29 för
427 553 67 30 viss
517 554 182 29 löneklass.
743 553 66 30 För
830 553 283 36 provisorietiden
1135 562 99 27 synes
1255 552 142 31 arvodet
1418 552 84 29 böra
1523 560 71 21 om-

94 595 148 35 regleras
261 595 64 30 och
344 595 123 29 därvid
486 604 166 27 anpassas
672 595 85 30 efter
775 596 41 29 de
837 595 232 36 provisoriska
1091 595 258 36 lönebeloppen.
1392 594 13 29 I
1425 593 170 31 samband

94 637 145 30 härmed
263 637 63 29 bör
348 647 47 19 nu
420 637 159 36 gällande
603 638 67 29 rätt
694 641 48 26 att
766 637 131 31 erhålla
922 637 251 37 dyrtidstillägg
1196 637 172 30 bortfalla.
1419 636 41 36 Ej
1488 636 108 29 heller

95 688 100 27 synes
221 679 117 35 rörligt
364 679 117 36 tillägg
505 679 85 31 böra
614 678 82 36 utgå
720 679 20 30 å
764 680 221 29 timlärarnas
1013 679 160 30 arvoden.

138 721 218 30 Timlärarna
378 721 97 30 torde
496 721 8 30 i
523 721 190 30 allmänhet
734 722 73 29 icke
827 722 86 29 böra
933 720 134 37 åtnjuta
1088 722 67 29 rätt
1178 724 48 27 att
1248 720 241 36 övergångsvis
1508 728 86 28 upp-

94 762 84 31 bära
198 762 215 36 barntillägg.
458 762 65 31 Om
544 763 190 30 emellertid
754 762 36 31 så
813 764 9 29 i
842 762 104 37 något
968 763 59 29 fall
1047 764 110 28 skulle
1177 763 72 30 visa
1270 763 49 35 sig
1340 762 134 35 skäligt,
1497 762 98 29 torde

96 805 121 35 Kungl.
236 803 100 37 Maj:t
353 805 85 30 böra
455 806 63 34 äga
534 806 67 29 rätt
620 805 202 35 bestämma,
841 808 49 27 att
907 805 205 35 barntillägg
1132 805 87 29 skall
1238 804 101 36 utgå,.
1384 804 130 30 Härvid
1532 804 64 30 bör

93 847 135 34 krävas,
247 850 48 26 att
312 847 218 30 timlärarens
549 847 462 37 undervisningsskyldighet
1032 847 161 30 omfattat
1214 847 64 30 och
1298 847 10 29 i
1328 846 266 36 fortsättningen

94 888 165 31 omfattar
280 889 105 30 minst
406 890 41 29 20
468 890 258 29 veckotimmar.

139 931 63 29 Det
221 931 37 29 är
276 931 164 35 naturligt
459 935 48 26 att
527 941 82 20 man
629 931 57 30 vid
707 935 45 26 ett
774 931 124 30 sådant
920 931 240 37 provisorium,
1183 941 73 20 som
1280 932 63 29 här
1367 930 226 36 ifrågasättes,

93 972 65 30 bör
180 973 202 30 eftersträva
409 976 49 27 att
484 974 74 29 icke
583 973 111 30 rubba
718 975 40 28 de
782 974 161 35 gällande
967 973 262 31 föreskrifterna
1254 982 95 22 mera
1375 974 44 29 än
1445 982 75 21 som
1544 982 49 21 er-

94 1014 137 31 fordras
259 1015 53 29 för
338 1015 56 30 det
422 1016 167 35 egentliga
614 1015 212 36 syftemålets
852 1016 183 30 vinnande.
1087 1016 78 29 Med
1192 1016 134 35 hänsyn
1354 1015 116 30 härtill
1497 1015 98 29 torde

94 1057 487 35 avlöningsbestämmelserna
606 1058 75 29 icke
704 1058 93 34 böra,
823 1059 120 28 utöver
968 1058 65 29 vad
1058 1067 47 20 nu
1131 1057 201 36 föreslagits,
1359 1057 201 30 modifieras
1584 1057 10 29 i

94 1098 170 31 samband
289 1100 79 29 med
397 1099 212 36 provisoriet.
663 1100 99 30 Detta
789 1100 154 34 innebär,
970 1099 105 30 bland
1103 1103 115 31 annat,
1246 1103 48 26 att
1321 1099 159 36 gällande
1506 1099 87 30 före-

94 1140 140 31 skrifter
256 1150 57 20 om
340 1141 387 35 befattningshavarnas
753 1142 350 35 löneklassplacering
1131 1141 190 30 bibehållas
1350 1141 242 30 oförändrade.

139 1182 64 30 Det
223 1184 38 28 är
280 1183 117 30 vidare
414 1193 43 20 av
476 1183 179 36 praktiska
676 1184 73 29 skäl
768 1185 175 33 önskvärt,
963 1187 47 26 att
1030 1183 36 30 så
1086 1183 125 35 många
1231 1193 73 20 som
1324 1182 134 37 möjligt
1478 1193 41 20 av
1538 1183 55 29 be-

93 1224 326 36 fattningshavarna
438 1225 130 30 erhålla
587 1225 52 30 sin
660 1226 161 35 avlöning
840 1226 104 35 enligt
964 1226 40 29 de
1025 1225 233 37 provisoriska
1276 1226 317 30 bestämmelserna.

95 1266 66 30 Om
184 1276 80 20 man
288 1267 134 30 bortser
445 1267 76 30 från
545 1268 89 33 dem,
662 1268 91 30 vilka
778 1269 59 28 äro
861 1268 210 35 berättigade
1098 1268 49 29 till
1173 1268 171 36 personlig
1368 1267 225 37 lönefyllnad,

93 1318 102 27 synes
220 1309 122 29 hinder
366 1309 75 30 icke
466 1311 94 28 möta
586 1313 49 26 att
660 1310 200 34 föreskriva,
888 1313 48 27 att
963 1310 41 30 de
1030 1310 233 36 provisoriska
1287 1310 307 30 bestämmelserna

93 1350 238 36 obligatoriskt
361 1352 98 29 skola
489 1352 184 36 tillämpas.
725 1352 48 30 De
802 1352 105 35 enligt
935 1352 98 30 dessa
1061 1352 215 30 föreskrifter
1304 1351 170 36 utgående
1502 1352 91 30 avlö-

94 1392 324 36 ningsförmånerna
442 1394 142 30 komma
608 1394 174 35 nämligen
806 1397 49 27 att
878 1394 179 35 väsentligt
1083 1394 168 35 överstiga
1275 1394 41 30 de
1343 1394 250 35 avlöningsför-

93 1433 130 37 måner,
249 1444 74 20 som
359 1438 213 32 garanterats
599 1436 370 35 befattningshavarna
994 1444 123 27 genom
1142 1446 47 19 nu
1214 1437 159 34 gällande
1400 1436 193 35 avlönings-

94 1477 238 35 reglementen.
386 1476 120 31 Såsom
534 1478 10 28 i
574 1478 447 36 statsverkspropositionen
1050 1478 196 36 påpekades
1275 1478 62 29 bör
1367 1478 147 30 särskild
1542 1481 51 27 ut-

93 1518 143 36 redning
259 1518 210 36 igångsättas
492 1519 78 29 med
593 1520 136 35 uppgift
752 1523 48 26 att
823 1520 160 29 närmare
1008 1520 197 30 undersöka
1230 1519 132 36 frågan,
1389 1520 9 29 i
1421 1520 66 29 vad
1512 1519 82 30 mån

93 1560 66 30 och
185 1559 44 37 på
253 1561 66 29 vad
346 1561 68 29 sätt
441 1561 40 30 de
511 1561 53 29 för
592 1560 265 36 ifrågavarande
885 1562 252 35 lärarpersonal
1168 1562 157 35 gällande
1357 1562 236 34 avlöningsbe-

93 1602 261 31 stämmelserna
382 1603 119 30 kunna
531 1603 65 30 och
624 1603 84 30 böra
736 1612 166 27 anpassas
932 1604 85 29 efter
1044 1604 101 30 civila
1175 1604 419 35 avlöningsreglementets

94 1642 223 32 föreskrifter.
358 1644 70 30 När
444 1645 181 35 definitivt,
645 1654 42 21 av
703 1647 268 29 statsmakterna
989 1646 152 35 godkänt
1161 1645 126 36 förslag
1307 1646 50 30 till
1376 1645 107 31 sådan
1501 1647 91 29 löne-

95 1686 166 36 reglering
288 1686 191 36 föreligger,
506 1687 84 30 böra
617 1687 173 30 ordinarie
819 1688 66 30 och
915 1688 90 30 vissa
1031 1688 78 29 med
1138 1688 78 29 dem
1245 1688 199 36 jämförliga
1472 1688 122 30 befatt-

94 1727 228 36 ningshavare
345 1728 36 30 få
402 1728 102 37 välja,
525 1729 173 30 huruvida
721 1730 41 28 de
784 1729 83 37 vilja
889 1729 139 30 kvarstå
1050 1729 44 37 på
1115 1740 48 20 nu
1186 1730 158 35 gällande
1367 1731 81 29 eller
1470 1729 125 37 övergå

92 1770 52 29 till
173 1780 46 27 ny
249 1771 156 30 lönestat.
461 1771 73 30 Den
566 1772 310 35 omständigheten,
907 1775 49 27 att
987 1772 339 35 befattningshavare
1355 1772 110 30 under
1495 1774 100 29 nästa

93 1811 166 36 budgetår
278 1812 137 30 erhållit
437 1813 56 30 lön
513 1813 104 35 enligt
636 1814 42 29 de
700 1814 234 35 provisoriska
956 1814 270 35 föreskrifterna,
1247 1815 63 29 bör
1330 1814 76 30 icke
1427 1814 43 36 på
1490 1813 104 36 något

94 1855 66 29 sätt
177 1853 149 37 påverka
344 1855 88 29 hans
448 1856 65 29 rätt
530 1858 48 27 att
601 1856 4 28 i
622 1856 168 30 samband
809 1856 79 29 med
904 1856 65 29 den
987 1856 178 30 definitiva
1184 1857 289 34 löneregleringen
1490 1855 102 37 välja,

94 1895 171 31 huruvida
286 1896 68 30 han
378 1896 58 29 vill
456 1896 122 36 övergå
602 1896 44 37 på
669 1907 45 26 ny
737 1898 81 29 eller
838 1897 140 30 kvarstå
1000 1897 43 36 på
1064 1898 200 30 nuvarande
1285 1899 157 29 lönestat.

138 1938 49 29 De
211 1937 339 36 befattningshavare
577 1938 81 34 åter,
687 1949 73 19 som
787 1941 60 27 äro
873 1940 210 34 berättigade
1108 1939 49 29 till
1182 1940 170 35 personlig
1380 1941 214 35 lönefyllnad

94 1979 96 30 torde
209 1979 82 30 böra
313 1981 63 33 äga
397 1979 139 30 kvarstå
556 1979 45 37 på
622 1981 200 29 nuvarande
843 1982 155 33 lönestat,
1022 1982 114 28 därest
1157 1981 40 29 de
1221 1983 81 33 göra
1324 1983 164 29 anmälan
1511 1983 8 28 i
1541 1982 52 30 så-

94 2021 83 30 dant
200 2021 194 30 hänseende
417 2022 93 28 inom
535 2022 67 29 viss
628 2032 42 20 av
695 2022 120 35 Kungl.
840 2021 101 36 Maj:t
965 2023 155 29 bestämd
1146 2023 55 29 tid.
1237 2023 355 35 Befattningshavare,

94 2072 75 20 som
186 2062 88 36 gjort
291 2063 95 36 dylik
405 2064 173 34 anmälan,
600 2064 84 30 böra
703 2065 108 29 under
829 2065 99 29 nästa
948 2064 166 35 budgetår
1133 2065 62 34 äga
1214 2064 135 36 åtnjuta
1368 2066 226 34 provisoriskt

93 2104 254 37 dyrortstillägg
375 2106 65 28 och
466 2106 210 35 provisorisk
704 2106 417 35 avlöningsförstärkning
1146 2110 88 26 samt
1260 2107 251 36 dyrtidstillägg
1537 2118 56 19 en-

94 2145 59 36 ligt
171 2156 45 19 nu
234 2147 158 34 gällande
408 2147 269 35 bestämmelser,
696 2148 87 29 dock
801 2149 62 28 bör
883 2148 204 35 barntillägg
1105 2149 143 29 allenast
1268 2149 35 29 få
1323 2149 80 34 utgå
1426 2150 52 29 för
1496 2150 97 35 barn,

92 2189 55 29 för
180 2189 89 29 vilka
305 2190 370 33 befattningshavarna
709 2191 85 28 varit
828 2191 211 34 berättigade
1072 2194 45 26 att
1154 2191 134 35 åtnjuta
1323 2191 124 30 sådant
1479 2192 116 35 tillägg

93 2230 110 29 under
227 2231 107 29 andra
359 2232 337 29 kalenderkvartalet
724 2233 90 28 1939.
865 2228 91 33 Även
983 2242 55 19 om
1063 2233 108 29 sådan
1199 2234 161 29 anmälan
1387 2233 116 35 gjorts,
1533 2234 61 29 bör

94 2272 364 34 befattningshavaren
489 2274 62 34 äga
583 2275 65 28 rätt
681 2277 46 26 att
762 2275 6 27 i
798 2274 170 29 samband
1001 2275 75 28 med
1108 2275 64 28 den
1203 2275 178 30 definitiva
1412 2277 181 32 löneregle-

95 2314 118 34 ringen
231 2313 100 36 välja,
350 2315 171 29 huruvida
540 2315 69 29 han
628 2315 55 28 vill
702 2315 122 34 övergå
844 2315 43 36 på
905 2325 45 26 ny
968 2316 78 28 eller
1064 2315 139 30 kvarstå
1221 2316 42 35 på
1283 2318 201 28 nuvarande
1502 2318 92 28 löne-

95 2358 75 27 stat.

139 2397 146 30 Givetvis
308 2397 84 30 böra
413 2398 41 29 de
477 2399 232 34 provisoriska
733 2399 302 29 bestämmelserna
1063 2399 73 28 icke
1159 2399 87 29 bliva
1272 2398 200 37 tillämpliga
1498 2399 18 30 å
1539 2400 55 29 be-
