1898 2862
528 181 294 33 Statsutskottets
843 182 187 33 utlåtande
1052 183 52 31 Nr
1127 184 51 30 86.
1526 186 39 28 25

96 267 168 34 personal,
299 277 73 21 som
409 267 104 31 redan
549 267 10 30 i
597 267 70 30 viss
702 268 215 35 omfattning
944 278 79 20 vore
1048 269 197 35 berättigad
1272 270 53 30 till
1354 270 185 31 läkarvård
1567 272 44 34 på

96 318 136 32 verkets
259 318 198 36 bekostnad,
482 329 43 20 en
549 319 173 36 utvidgad
747 321 70 29 rätt
842 320 7 29 i
876 320 125 30 sådant
1026 320 203 32 hänseende.

138 370 50 30 På
225 380 44 20 av
305 370 175 31 nämnden
515 371 119 30 anfört
666 371 77 30 skäl
779 371 61 30 och
876 371 77 31 med
982 372 137 36 hänsyn
1144 373 57 30 till
1227 373 206 36 riksdagens
1457 374 152 35 tidigare

96 422 146 34 intagna
276 422 220 35 ståndpunkt
532 422 57 30 till
624 422 230 31 förevarande
890 424 169 34 spörsmål
1090 423 62 31 har
1178 425 169 31 utskottet
1372 425 75 30 icke
1472 426 137 30 kunnat

95 472 121 36 undgå
239 474 51 29 att
314 474 87 35 hysa
426 473 279 36 betänkligheter
729 475 71 29 mot
823 483 43 21 en
890 475 256 35 utsträckning,
1171 477 44 34 på
1239 477 68 29 sätt
1332 477 209 35 föreslagits,
1564 488 44 19 av

95 524 183 30 förmånen
301 535 44 20 av
372 525 45 29 fri
441 524 189 31 läkarvård
655 525 63 29 och
742 525 94 30 detta
859 526 38 29 så
921 526 137 34 mycket
1082 535 95 21 mera
1192 537 84 25 som,
1294 527 112 35 enligt
1428 528 68 30 vad
1513 528 96 30 förut

94 575 60 30 vid
191 576 196 35 upprepade
416 576 170 30 tillfällen
610 576 96 30 inom
730 576 187 35 riksdagen
941 577 226 36 framhållits,
1192 578 56 31 det
1273 579 74 30 icke
1371 579 93 31 lärer
1487 579 123 32 kunna

94 627 173 35 förnekas,
303 628 50 29 att
388 627 66 31 den
482 627 107 31 redan
613 637 48 20 nu
686 628 189 35 medgivna
899 628 183 31 förmånen
1107 629 10 29 i
1143 630 95 30 vissa
1261 630 64 30 fall
1350 630 190 36 utnyttjats
1565 632 45 34 på

94 679 48 29 ett
176 679 69 30 sätt
268 679 61 30 och
354 679 11 30 i
389 688 43 21 en
456 679 258 35 utsträckning,
738 689 73 20 som
837 679 74 31 icke
935 680 95 30 torde
1054 681 93 30 varit
1172 683 123 29 avsett.
1341 681 178 31 Utskottet
1543 682 66 30 vill

93 730 194 31 emellertid
304 731 20 30 å
340 731 111 30 andra
473 730 100 31 sidan
590 731 75 30 icke
681 731 163 36 bestrida,
858 733 52 29 att
923 732 75 30 skäl
1012 732 123 31 kunna
1151 733 140 31 anföras
1308 734 53 30 för
1377 743 44 21 en
1438 734 172 31 utsträckt

94 782 68 30 rätt
186 782 12 30 i
222 782 228 31 förevarande
485 782 205 31 hänseende.
736 783 80 31 Med
848 783 138 36 hänsyn
1014 784 122 31 härtill
1161 785 63 30 och
1248 785 56 30 till
1328 785 281 31 önskvärdheten

93 843 44 21 av
173 835 51 29 att
259 835 38 29 så
331 835 68 30 vitt
428 834 139 36 möjligt
595 834 176 36 enhetliga
800 835 259 31 bestämmelser
1083 836 12 29 i
1119 837 117 29 ämnet
1264 837 109 30 varda
1398 837 210 35 meddelade,

93 885 64 30 har
195 885 178 36 utskottet,
409 896 73 20 som
517 886 208 35 visserligen
760 886 74 30 icke
869 886 70 30 kan
973 896 48 21 nu
1056 887 182 36 tillstyrka
1272 889 187 35 motionen,
1495 889 113 31 likväl

93 938 114 29 ansett
241 937 187 35 riksdagen
461 938 83 30 böra
568 937 61 31 hos
654 937 134 36 Kungl.
813 937 102 36 Maj:t
937 938 155 36 anhålla,
1117 940 51 29 att
1192 939 65 30 den
1281 950 44 20 av
1350 940 258 31 lönenämnden

93 988 209 36 ifrågasatta
325 989 182 30 allmänna
531 989 236 36 utredningen
784 990 12 29 i
812 989 229 32 förevarande
1057 990 102 35 fråga
1175 992 137 30 snarast
1327 992 140 35 möjligt
1484 992 125 30 varder

93 1040 194 31 verkställd
312 1042 91 29 samt
427 1042 52 29 att
504 1040 56 31 det
584 1040 132 35 förslag
740 1041 57 30 till
822 1041 200 31 reviderade
1047 1042 270 37 bestämmelser,
1343 1053 73 21 som
1433 1054 43 19 av
1495 1044 113 30 denna

93 1092 190 37 utredning
308 1094 58 29 må
389 1093 211 35 föranledas,
624 1092 125 31 varder
772 1093 54 30 för
850 1093 187 36 riksdagen
1062 1094 178 36 framlagt.

137 1197 280 31 Vidkommande
453 1197 171 36 slutligen
659 1196 40 31 de
735 1197 133 36 förslag
903 1198 12 29 i
948 1197 114 31 skilda
1087 1198 231 36 hänseenden,
1343 1198 137 37 Kungl.
1504 1199 103 37 Maj:t

94 1249 180 36 framlagt,
309 1249 64 30 har
408 1249 180 35 utskottet,
625 1248 67 31 vad
728 1249 88 30 först
851 1249 126 30 härvid
1006 1250 307 36 avlöningsstaten
1336 1251 54 30 för
1414 1251 193 31 tullverket

93 1301 178 35 beträffar,
295 1301 122 30 funnit
441 1301 55 35 sig
519 1301 83 30 böra
626 1300 139 31 biträda
789 1301 68 30 vad
881 1300 135 36 Kungl.
1041 1301 103 35 Maj:t
1168 1302 12 30 i
1204 1302 102 36 fråga
1330 1312 56 21 om
1408 1302 112 31 denna
1538 1304 70 29 stat

94 1352 184 36 föreslagit
312 1352 198 37 riksdagen.
556 1352 181 31 Utskottet
772 1352 63 30 har
869 1352 149 31 sålunda
1053 1353 75 30 icke
1164 1353 77 31 haft
1275 1355 107 35 något
1415 1356 52 29 att
1491 1355 116 30 erinra

94 1405 92 30 emot
216 1404 56 30 det
300 1414 45 20 av
370 1404 387 35 generaltullstyrelsen
781 1403 180 32 förordade
986 1404 63 31 och
1073 1414 45 20 av
1142 1405 136 35 Kungl.
1302 1405 103 36 Maj:t
1431 1406 176 36 godtagna

94 1456 374 36 tillvägagångssättet
503 1455 58 31 vid
598 1455 238 31 beräknandet
860 1466 44 20 av
928 1456 323 37 förslagsanslagen
1276 1457 56 30 till
1358 1457 176 31 ordinarie
1552 1458 54 31 be-

94 1508 310 35 fattningshavare
428 1507 61 31 vid
513 1507 206 36 tullverket,
744 1507 63 31 och
830 1507 64 31 har
918 1507 171 36 utskottet
1113 1508 31 36 ej
1170 1508 110 31 heller
1303 1509 124 31 funnit
1451 1510 75 30 skäl
1548 1510 58 30 till

95 1560 143 30 erinran
262 1570 82 20 vare
368 1560 54 35 sig
447 1560 73 30 mot
542 1559 177 32 storleken
742 1569 44 21 av
811 1559 40 31 de
875 1561 86 30 utav
986 1559 135 37 Kungl.
1146 1560 103 36 Maj:t
1273 1561 12 30 i
1301 1560 103 37 fråga
1421 1571 56 21 om
1493 1561 113 31 denna

95 1613 69 29 stat
188 1612 126 30 äskade
338 1611 313 37 anslagsbeloppen
675 1611 85 31 eller
784 1611 40 31 de
848 1611 143 36 förslag,
1016 1611 136 37 Kungl.
1178 1612 101 36 Maj:t
1304 1613 12 30 i
1340 1613 169 31 samband
1531 1613 75 31 där-

95 1663 77 31 med
197 1664 179 35 framlagt.

138 1715 136 35 Kungl.
314 1715 119 36 Maj:ts
469 1715 133 36 förslag
637 1714 219 32 beträffande
890 1714 250 37 indragnings-
1165 1716 62 30 och
1250 1718 357 35 övergångsstaterna

96 1768 89 29 samt
210 1767 321 36 pensionsstaterna
556 1767 54 31 för
635 1767 193 30 tullverket
852 1767 64 30 har
940 1767 171 30 utskottet
1136 1767 168 32 likaledes
1321 1770 114 29 ansett
1453 1769 53 36 sig
1524 1770 82 30 böra

95 1819 192 36 tillstyrka.

138 1870 77 31 Vad
254 1870 157 31 däremot
448 1870 341 31 omkostnadsstaten
823 1870 176 36 beträffar,
1035 1870 64 31 har
1134 1871 171 31 utskottet
1329 1871 12 30 i
1365 1873 49 30 ett
1438 1872 169 32 avseende

95 1922 123 31 funnit
252 1923 54 35 sig
341 1923 76 30 ieke
455 1923 121 30 kunna
616 1922 138 32 biträda
794 1922 67 31 vad
899 1922 136 36 Kungl.
1074 1922 103 37 Maj:t
1212 1924 13 29 i
1259 1923 102 36 fråga
1400 1934 55 21 om
1493 1924 113 31 denna

95 1976 70 29 stat
200 1975 193 35 föreslagit,
428 1975 63 30 och
527 1975 111 35 gäller
662 1974 94 31 detta
788 1974 311 36 framställningen
1123 1985 56 21 om
1203 1976 49 29 ett
1276 1975 125 37 anslag
1424 1977 20 30 å
1468 1977 138 35 180,000

96 2026 128 31 kronor
254 2026 55 31 för
342 2026 228 31 anskaffande
601 2036 44 21 av
669 2027 209 36 ytterligare
901 2026 79 36 fyra
1004 2026 203 36 tulljagare.
1253 2027 76 31 Vad
1355 2027 94 32 detta
1473 2028 133 36 förslag

96 2079 122 35 angår,
257 2078 54 31 får
349 2078 172 31 utskottet
560 2092 39 3 —
638 2079 45 35 på
721 2079 69 30 sätt
829 2078 62 31 ock
933 2079 210 30 motionsvis
1182 2079 91 30 skett
1308 2093 39 3 —
1383 2080 118 30 erinra
1539 2090 66 26 om,

96 2131 61 35 att,
193 2129 43 31 då
271 2130 83 30 1922
388 2131 58 29 års
470 2130 144 36 riksdag
638 2131 44 35 på
706 2130 132 35 förslag
861 2140 45 21 av
931 2129 136 37 Kungl.
1091 2130 103 36 Maj:t
1217 2131 176 36 beviljade
1417 2131 111 31 medel
1552 2132 55 31 för

96 2181 227 31 anskaffande
358 2191 44 21 av
438 2182 201 36 tulljagare,
675 2182 189 35 riksdagen
899 2181 125 31 därvid
1047 2182 179 36 framhöll,
1251 2184 62 35 att,
1338 2193 56 21 om
1418 2183 188 36 riksdagen

96 2234 219 36 principiellt
349 2234 134 31 anslöte
519 2234 55 36 sig
608 2234 59 30 till
703 2233 94 32 detta
821 2234 133 35 förslag
978 2233 147 31 rörande
1149 2234 283 33 beskaffenheten
1455 2245 44 21 av
1523 2236 84 30 tull-

96 2286 147 36 jagarna
268 2299 39 3 —
332 2286 127 30 liksom
493 2286 55 30 för
582 2286 120 36 övrigt
736 2288 90 28 även
860 2286 57 30 till
952 2285 69 32 vad
1044 2285 137 37 Kungl.
1205 2286 103 37 Maj:t
1336 2287 188 36 ifrågasatt
1547 2297 60 21 an-

97 2337 132 36 gående
264 2339 148 35 typerna
447 2338 54 30 för
536 2332 220 37 tullbåtarna
792 2351 39 3 —
867 2337 190 37 riksdagen
1080 2337 143 32 därmed
1248 2339 74 31 icke
1346 2340 183 36 medgivit,
1553 2341 54 29 att

96 2391 50 29 ett
170 2391 109 30 större
296 2390 97 31 antal
411 2390 191 36 tulljagare
619 2390 95 36 finge
730 2390 45 36 på
791 2399 42 21 en
851 2391 93 35 gång
961 2390 188 36 anskaffas,
1167 2390 110 31 innan
1294 2392 118 36 någon
1428 2392 179 36 prövning

96 2451 45 21 av
177 2441 97 31 deras
298 2441 211 36 lämplighet
532 2452 43 20 ur
598 2442 95 30 olika
718 2442 220 37 synpunkter
962 2442 196 36 företagits.
1204 2442 202 38 Riksdagen
1430 2443 176 36 beviljade

98 2493 146 31 sålunda
280 2493 111 31 medel
424 2494 53 30 för
501 2493 217 37 nybyggnad
748 2504 43 20 av
816 2494 149 30 allenast
989 2504 59 21 sex
1074 2494 191 36 tulljagare
1289 2495 12 31 i
1325 2496 118 31 stället
1467 2496 64 35 för,
1556 2496 50 30 så-
