1912 2862
547 182 292 31 Statsutskottets
861 182 187 30 utlåtande
1070 181 51 31 Nr
1145 180 51 30 86.
1541 181 34 28 15

117 260 74 30 1921
222 262 52 32 (nr
299 259 75 37 453)
400 259 157 30 lämnade
581 258 242 34 medgivandet
846 258 175 34 angående
1048 258 226 34 utbetalning,
1301 258 108 29 under
1432 258 68 29 viss
1520 259 101 28 förut-

112 303 165 34 sättning,
301 313 44 20 av
370 302 355 35 övergångsavlöning
743 302 52 29 till
815 302 125 29 sådana
959 302 335 33 befattningshavare
1313 301 56 29 vid
1387 301 234 35 statsdeparte-

114 349 93 29 ment
230 347 61 29 och
317 347 90 29 vissa
431 346 107 30 andra
563 346 92 34 verk,
681 345 205 30 tillhörande
911 345 61 29 den
996 345 104 29 civila
1117 345 352 34 statsförvaltningen,
1489 348 19 26 å
1526 345 96 29 vilka

112 390 406 35 avlöningsreglementet
553 389 61 30 den
652 390 40 28 22
727 389 76 35 juni
840 389 77 29 1921
949 391 53 33 (nr
1027 389 74 36 451)
1128 389 131 28 komme
1282 390 52 27 att
1359 389 78 28 från
1461 388 60 29 och
1546 388 75 29 med

114 435 64 30 den
204 435 16 29 1
245 433 138 35 januari
408 434 84 28 1922
517 434 64 32 äga
605 432 235 34 tillämpning,
861 433 127 28 ansetts
1005 432 91 33 gälla
1112 432 144 29 allenast
1274 431 348 35 befattningshavare,

115 478 95 29 vilka
246 477 103 29 redan
382 476 70 29 före
485 476 215 34 övergången
725 475 52 30 till
802 475 64 29 den
890 485 66 25 nya
982 475 184 29 lönestaten
1191 475 155 29 innehaft
1371 475 171 29 ordinarie
1566 485 56 19 an-

114 520 177 34 ställning.

159 564 16 30 I
198 562 335 31 överensstämmelse
557 560 140 30 härmed
722 560 62 30 har
808 560 131 34 Kungl.
965 560 99 35 Maj:t
1089 569 121 26 genom
1234 560 169 29 särskilda
1427 560 113 34 utslag
1558 560 62 29 den

116 608 34 30 31
188 606 139 35 augusti
363 605 84 30 1922
474 622 37 3 —
537 606 42 33 på
614 604 120 30 besvär
770 604 70 30 dels
875 613 42 19 av
942 613 230 20 amanuensen
1197 603 58 29 hos
1281 603 343 34 riksförsäkringsan-

115 651 123 30 stalten
262 649 36 30 O.
324 649 38 30 E.
388 648 116 30 Vinell
530 658 43 19 m.
598 648 32 29 fl.
653 647 60 30 och
732 647 70 30 dels
817 658 44 19 av
879 649 22 28 t.
922 647 20 29 f£.
961 647 102 30 förste
1079 646 181 30 aktuarien
1277 647 59 29 hos
1354 647 270 35 socialstyrelsen

115 694 36 31 O.
187 692 231 32 Westermark
445 710 37 2 —
507 691 148 34 avslagit
689 701 44 19 av
770 690 258 31 icke-ordinarie
1063 690 340 34 befattningshavare
1438 690 58 30 vid
1532 690 93 30 olika

116 738 83 30 verk
234 736 216 31 framställda
484 734 177 37 yrkanden
696 735 143 30 rörande
868 734 283 30 utbekommande
1174 744 44 19 av
1243 733 97 36 dylik
1364 734 259 34 övergångslön.

160 779 218 32 Beträffande
403 778 339 36 befattningshavare
765 780 21 28 å
809 780 97 28 extra
926 779 68 28 stat
1011 777 58 30 vid
1087 777 317 35 statsdepartement
1420 777 82 30 eller
1518 779 107 28 annat

116 825 93 35 verk,
233 825 20 29 å
277 824 108 29 vilket
408 821 234 37 nyssnämnda
665 821 387 36 avlöningsreglemente
1076 821 78 30 från
1178 821 60 29 och
1262 820 76 30 med
1364 820 63 30 den
1452 822 17 28 1
1487 821 137 35 januari

117 869 83 31 1922
236 867 125 30 vunnit
395 866 233 34 tillämpning,
664 865 195 30 meddelade
894 865 130 34 Kungl.
1060 864 101 35 Maj:t
1184 864 188 30 emellertid
1397 873 120 25 genom
1542 864 84 29 kun-

118 912 127 36 görelse
269 911 65 29 den
358 909 40 30 31
424 909 173 30 december
615 908 82 30 1921
715 910 54 35 (nr
787 908 74 37 737)
880 907 168 30 särskilda
1065 907 211 30 föreskrifter
1292 907 175 35 angående
1484 907 142 30 utbetal-

117 956 84 34 ning
225 955 12 29 i
260 953 146 31 förskott
441 952 59 30 vid
535 952 171 35 ingången
740 961 45 20 av
820 951 139 36 januari
989 951 123 30 månad
1138 951 83 29 1922
1245 961 44 19 av
1314 950 92 30 vissa
1430 950 196 35 lönemedel,

117 999 76 30 med
228 996 196 37 skyldighet
459 996 51 29 för
546 995 251 30 vederbörande
831 996 50 29 att
916 994 107 31 under
1056 995 89 29 årets
1169 994 77 35 lopp
1271 994 11 29 i
1305 994 150 35 angiven
1479 994 148 35 ordning

117 1042 159 31 återbära
300 1041 55 30 det
379 1040 182 35 uppburna
585 1038 188 31 förskottet.

161 1085 128 31 Vidare
313 1084 90 30 hava
428 1083 51 30 uti
504 1082 228 36 kungörelsen
757 1082 64 30 den
846 1082 39 30 135
903 1082 77 35 juni
997 1081 83 30 1922
1098 1083 53 35 (nr
1169 1081 73 37 369)
1260 1081 142 35 intagits
1416 1081 212 30 föreskrifter

118 1128 175 37 angående
327 1126 356 37 övergångsavlöning
718 1125 55 31 till
809 1126 217 35 tjänstemän,
1050 1126 20 29 å
1094 1125 97 30 vilka
1225 1124 402 36 avlöningsreglementet

119 1174 64 30 den
218 1173 39 30 22
293 1171 77 36 juni
405 1171 84 30 1921
525 1170 79 30 från
639 1169 61 31 och
724 1169 77 31 med
826 1169 64 31 den
915 1170 17 29 1
957 1169 139 35 januari
1121 1168 83 31 1923
1229 1168 141 31 erhållit
1394 1168 233 36 tillämpning.

119 1217 103 31 Dessa
255 1215 254 31 bestämmelser
544 1213 104 36 torde,
683 1214 124 29 liksom
842 1212 238 31 motsvarande
1115 1212 211 31 föreskrifter
1360 1212 11 29 i
1402 1212 226 35 kungörelsen

119 1261 65 31 den
208 1261 39 29 22
272 1259 77 36 juni
373 1258 84 30 1921
483 1259 53 35 (nr
560 1257 85 37 453),
669 1257 88 30 hava
780 1256 166 31 avseende
969 1256 146 30 allenast
1138 1257 21 29 å
1182 1256 350 35 befattningshavare,
1556 1265 72 20 som

120 1304 104 31 redan
252 1303 71 30 före
347 1302 217 35 övergången
587 1300 55 31 till
667 1300 54 31 det
744 1311 69 25 nya
837 1300 238 36 lönesystemet
1099 1299 158 31 innehaft
1281 1299 170 30 ordinarie
1474 1299 153 36 tjänster.

163 1347 118 32 Under
315 1346 137 30 erinran
487 1346 60 34 att,
582 1344 139 36 jämlikt
756 1344 18 29 2
799 1345 17 37 $
839 1344 12 30 i
875 1343 231 37 nyssnämnda
1140 1343 398 35 avlöningsreglemente,
1571 1352 57 20 av-

120 1392 118 34 löning
273 1390 56 30 till
363 1388 172 31 ordinarie
570 1388 207 35 tjänsteman
812 1387 88 30 skall
933 1386 167 31 utbetalas
1125 1387 11 29 i
1160 1386 176 30 efterskott
1359 1388 88 28 samt
1470 1387 49 29 att
1544 1386 83 30 1922

119 1436 57 30 års
199 1434 139 35 riksdag
361 1432 136 30 anvisat
521 1431 107 31 medel
651 1431 54 30 till
728 1430 217 31 bestridande
967 1440 44 20 av
1034 1430 227 30 kostnaderna
1284 1429 60 31 vid
1369 1430 183 30 tullverket
1575 1429 54 30 för

120 1479 173 35 övergång
317 1476 56 31 till
397 1475 192 35 anordning
613 1475 76 30 med
712 1475 77 30 hela
805 1474 225 36 avlöningens
1047 1473 216 36 utbetalning
1280 1474 12 29 i
1308 1473 187 35 efterskott,
1513 1473 116 36 gjorde

122 1520 371 39 generaltullstyrelsen
516 1519 12 30 i
552 1518 163 31 skrivelse
739 1518 55 30 till
818 1517 131 36 Kungl.
975 1517 99 36 Maj:t
1098 1517 64 31 den
1187 1517 18 30 9
1230 1517 174 31 december
1425 1517 83 30 1922
1526 1517 103 30 fram-

121 1566 165 34 ställning
314 1574 55 20 om
393 1562 274 37 bemyndigande
691 1562 52 30 för
767 1562 165 36 styrelsen
956 1562 49 30 att
1029 1561 55 30 till
1107 1561 165 36 styrelsen
1295 1560 258 37 underlydande
1576 1560 53 30 be-

121 1608 306 36 fattningshavare,
462 1606 166 36 uppförda
651 1607 19 29 å
693 1607 98 29 extra
825 1605 252 36 avlöningsstat
1111 1605 53 30 för
1196 1605 37 29 år
1257 1605 95 35 1922,
1377 1604 152 31 utbetala
1552 1614 79 20 ena-

121 1653 113 31 handa
269 1650 365 37 övergångsavlöning,
669 1659 73 21 som
777 1649 242 30 tillförsäkrats
1054 1648 65 31 den
1148 1648 173 31 ordinarie
1344 1648 201 35 personalen
1568 1647 60 31 vid

122 1697 193 31 tullverket.

165 1741 18 30 I
214 1740 146 30 häröver
382 1738 141 36 avgivet
545 1736 176 32 utlåtande
745 1736 64 30 den
834 1736 39 30 16
899 1735 174 31 december
1096 1735 84 30 1922
1204 1735 141 30 anförde
1370 1734 259 36 lönenämnden,

122 1784 104 31 bland
250 1784 117 34 annat,
391 1783 52 29 att
466 1781 109 36 enligt
598 1780 267 31 lönenämndens
888 1779 221 36 uppfattning
1133 1779 91 30 vissa
1248 1779 73 30 skäl
1347 1779 58 30 väl
1428 1781 113 34 syntes
1557 1778 72 31 tala

123 1829 53 30 för
209 1829 52 29 att
284 1826 106 31 bland
415 1826 39 30 de
478 1824 351 35 befattningshavare,
853 1833 72 20 som
949 1823 114 30 kunde
1086 1823 137 30 komma
1247 1823 11 29 i
1282 1822 202 36 åtnjutande
1508 1832 44 20 av
1576 1822 52 30 be-

123 1871 100 32 rörda
257 1871 145 34 förmån,
438 1869 176 35 inbegripa
647 1867 129 37 jämväl
811 1867 40 31 de
885 1877 168 25 personer,
1088 1876 72 21 som
1194 1866 59 31 vid
1288 1866 104 30 slutet
1415 1876 42 20 av
1481 1867 38 29 år
1543 1866 84 30 1922

124 1915 166 31 innehade
323 1912 228 32 förordnande
574 1913 21 29 å
617 1911 107 36 tjänst
746 1912 43 35 på
812 1911 203 30 tullverkets
1039 1912 97 29 extra
1159 1911 74 29 stat.
1280 1910 105 30 Dessa
1408 1909 222 36 befattnings-

123 1960 126 30 havare
284 1957 86 31 hade
394 1956 176 35 nämligen
593 1955 103 31 sedan
719 1955 119 36 längre
861 1954 51 31 tid
936 1954 145 31 tillbaka
1105 1954 108 36 enligt
1236 1953 170 31 särskilda
1429 1963 45 20 av
1497 1953 131 35 Kungl.

123 2003 100 36 Maj:t
257 2002 63 30 och
343 2000 180 36 riksdagen
548 1999 127 31 fattade
698 1999 112 30 beslut
832 1999 145 30 kommit
1000 1999 12 30 i
1035 1997 204 36 åtnjutande
1262 2008 44 20 av
1330 1998 92 29 vissa
1445 1997 185 35 förmåner,

124 2056 71 22 som
218 2046 98 36 eljest
338 2045 89 30 blott
449 2045 128 29 ansetts
600 2043 82 30 böra
705 2042 195 31 tillkomma
924 2042 64 30 den
1012 2042 171 30 ordinarie
1199 2041 208 35 personalen,
1424 2040 206 36 exempelvis

125 2091 12 30 i
160 2091 98 34 fråga
293 2099 54 20 om
382 2087 245 36 ålderstillägg,
656 2086 185 31 läkarvård
865 2086 12 29 i
900 2086 108 30 andra
1031 2085 63 31 fall
1117 2087 46 28 än
1186 2085 58 30 vid
1268 2084 107 31 skada
1399 2084 54 31 till
1477 2084 85 36 följd
1585 2094 46 20 av

124 2133 181 38 olycksfall
334 2133 12 29 i
369 2132 149 36 tjänsten
553 2140 44 21 m.
634 2140 43 20 m.
723 2130 17 30 I
772 2129 110 31 andra
916 2129 259 36 betydelsefulla
1209 2128 201 36 avseenden,
1445 2129 109 29 såsom
1577 2127 54 30 be-

125 2177 170 42 träffande
319 2177 112 29 rätten
454 2174 54 31 till
533 2174 256 35 kompensation
813 2173 53 31 för
889 2173 170 35 indragna
1074 2174 97 29 extra
1187 2172 188 30 inkomster
1391 2171 239 37 (kungörelsen

126 2222 62 31 den
223 2221 40 30 15
298 2219 77 37 juni
411 2219 95 34 1922,
541 2228 42 20 nr
616 2217 85 38 377),
736 2217 86 31 hade
845 2217 152 31 däremot
1020 2216 340 36 befattningshavare
1384 2216 20 30 å
1428 2215 202 31 tullverkets

125 2267 96 29 extra
245 2266 68 28 stat
336 2263 74 30 icke
434 2262 195 31 tillerkänts
652 2261 177 31 enahanda
853 2261 181 35 förmåner,
1058 2270 71 21 som
1146 2260 144 30 kommit
1306 2259 171 31 ordinarie
1494 2259 137 36 tjänste-

127 2312 80 28 män
230 2308 59 30 vid
313 2307 117 31 verket
453 2306 55 31 till
532 2305 63 31 del.

170 2353 17 31 I
220 2351 219 31 betraktande
474 2360 42 20 av
551 2348 210 32 sistnämnda
786 2348 211 31 förhållande
1021 2348 60 30 och
1105 2347 76 31 med
1205 2347 131 36 hänsyn
1360 2346 130 36 jämväl
1513 2346 55 31 till
1591 2346 40 30 de

127 2406 119 26 genom
271 2395 226 35 kungörelsen
521 2393 65 31 den
611 2392 39 31 31
675 2392 173 31 december
872 2393 83 29 1921
974 2392 194 30 meddelade
1184 2391 257 31 föreskrifterna
1456 2389 175 36 angående

127 2440 213 35 utbetalning
375 2439 12 29 i
411 2438 143 30 förskott
578 2447 43 20 av
645 2436 90 30 vissa
759 2436 187 31 lönemedel
969 2436 53 30 till
1047 2435 335 35 befattningshavare
1405 2436 20 29 å
1448 2436 94 29 extra
1566 2434 66 30 stat

127 2484 59 31 vid
210 2483 314 35 statsdepartement
548 2481 60 30 och
633 2480 90 30 vissa
746 2480 107 31 andra
877 2480 93 35 verk,
988 2479 204 31 tillhörande
1209 2479 62 31 den
1288 2479 103 30 civila
1408 2477 223 32 statsförvalt-
