1920 2836
91 1074 132 23 Utskottet.

327 188 18 29 4
656 190 395 34 Jordbruksutskottets
1078 193 189 34 utlåtande
1294 196 53 32 Nr
1371 196 49 29 14.

960 370 58 39 Nr
1048 370 60 40 14.

739 460 111 24 Ankom
873 462 39 22 till
934 461 160 32 riksdagens
1116 463 88 23 kansli
1225 463 53 24 den
1298 466 32 22 23
1349 466 120 24 februari
1494 467 63 22 1925
1579 466 35 23 kl.
1635 467 14 22 4
1670 474 21 15 e.
1712 474 34 15 m.

389 532 188 33 Utlåtande
600 535 12 29 i
635 535 190 37 anledning
856 546 45 21 av
929 537 104 31 väckt
1056 539 135 30 motion
1214 539 178 36 angående
1416 542 299 36 omorganisation
1737 551 44 22 av

582 586 383 34 lantmannaskolorna.

1556 642 66 35 (2:a
1646 642 92 34 avd.)

321 722 17 30 I
355 732 42 20 en
414 723 95 30 inom
525 723 111 31 andra
652 724 204 33 kammaren
873 727 114 36 väckt,
1005 728 56 30 till
1077 728 358 36 jordbruksutskottet
1452 730 173 31 hänvisad
1639 731 142 36 motion,

278 783 43 20 nr
345 774 72 35 238,
442 784 44 20 av
510 774 80 31 herr
611 775 148 33 Persson
777 778 10 29 i
808 777 141 37 Fritorp
965 779 64 30 har
1045 779 210 37 föreslagits,
1272 782 51 30 att
1341 781 186 36 riksdagen
1543 782 86 30 ville
1647 783 132 30 besluta

278 826 52 30 att
354 825 12 30 i
390 825 169 32 skrivelse
582 827 58 30 till
665 827 135 37 Kungl.
824 829 103 37 Maj:t
950 830 153 37 anhålla,
1125 833 53 29 att
1194 831 134 37 Kungl.
1345 832 103 36 Maj:t
1464 834 107 30 måtte
1589 834 191 31 verkställa

278 877 189 36 utredning
491 878 63 30 och
578 879 133 37 förslag
735 881 56 30 till
815 882 299 35 omorganisation
1138 893 45 20 av
1207 884 380 32 lantmannaskolorna.

320 928 223 32 Beträffande
578 930 40 31 de
653 931 87 37 skäl,
764 942 74 21 som
868 934 180 35 åberopats
1071 944 74 21 som
1170 935 74 31 stöd
1268 935 53 31 för
1345 936 113 31 denna
1482 937 144 35 motion,
1651 937 54 30 får
1729 938 50 29 ut-

277 980 129 31 skottet
430 981 149 31 hänvisa
603 982 57 31 till
685 984 187 31 motionen.

320 1074 50 31 De
404 1085 44 21 av
484 1077 218 32 motionären
737 1080 174 35 påpekade
946 1081 348 32 otillfredsställande
1327 1083 266 31 förhållandena
1621 1084 78 31 med
1721 1094 58 20 av-

277 1127 123 31 seende
423 1129 21 29 å
467 1128 211 32 elevantalet
713 1130 61 31 vid
808 1141 43 20 en
885 1133 72 30 stor
992 1132 54 31 del
1078 1143 45 20 av
1148 1133 371 32 lantmannaskolorna
1543 1137 59 29 äro
1627 1135 76 31 icke
1726 1135 53 31 för

277 1179 170 31 utskotiet
481 1180 146 31 okända.
674 1181 51 31 Då
760 1183 218 31 motionären
1012 1184 196 31 emellertid
1244 1195 101 26 synes
1380 1186 88 36 vilja
1503 1186 149 32 hänföra
1682 1187 97 31 dessa

277 1230 331 33 missförhållanden
643 1233 58 30 till
725 1234 297 36 organisatoriska
1051 1237 127 30 brister
1201 1237 215 31 beträffande
1440 1238 95 31 dessa
1560 1239 125 35 skolor,
1710 1239 68 30 kan

277 1282 169 31 utskottet
481 1283 75 31 icke
580 1284 78 30 dela
682 1284 112 32 denna
818 1287 241 36 uppfattning.
1105 1288 312 37 Undervisningen
1440 1290 62 30 och
1525 1290 253 36 utrustningen

277 1333 61 31 vid
361 1333 98 31 dessa
482 1335 116 31 skolor
621 1336 95 31 torde
741 1337 12 30 i
776 1339 89 29 stort
889 1340 66 30 sett
980 1350 85 20 vara
1088 1340 85 30 fullt
1196 1340 338 32 tillfredsställande.
1572 1341 82 31 Icke
1670 1342 108 31 heller

276 1385 92 31 lärer
403 1387 115 35 någon
552 1388 132 30 tvekan
719 1389 121 31 kunna
875 1390 83 31 råda
993 1391 129 36 därom,
1157 1393 54 29 att
1239 1392 65 31 den
1327 1393 268 36 undervisning,
1619 1403 75 21 som
1717 1393 61 32 där

277 1436 184 37 meddelas,
486 1440 38 28 är
548 1439 11 30 i
583 1439 70 36 hög
688 1440 86 36 grad
810 1442 165 36 behövlig
1009 1443 54 31 för
1097 1444 232 31 utvecklande
1364 1455 45 20 av
1438 1445 135 31 landets
1597 1445 179 36 jordbruk.

250 1485 8 8 "
276 1488 178 32 Utskottet
477 1489 63 31 har
564 1491 55 30 för
642 1491 56 31 sin
722 1492 54 30 del
801 1492 66 31 den
890 1494 287 37 uppfattningen,
1202 1496 51 30 att
1277 1495 66 31 den
1366 1496 181 31 allmänna
1566 1496 210 36 depression,

276 1550 72 21 som
384 1541 110 31 under
528 1541 40 31 de
602 1545 135 29 senaste
761 1545 83 30 åren
878 1546 70 30 rått
971 1546 94 30 inom
1088 1546 372 38 jordbruksnäringen,
1485 1548 93 31 varit
1602 1558 43 21 en
1670 1549 12 30 i
1705 1549 72 30 viss

275 1593 82 29 mån
375 1592 213 36 bidragande
605 1595 102 30 orsak
725 1595 56 30 till
798 1597 52 29 att
867 1597 373 32 lantmannaskolorna
1256 1608 48 21 nu
1321 1599 75 30 icke
1413 1599 134 31 erhålla
1564 1600 212 37 tillräckligt

275 1644 98 30 antal
396 1644 124 31 elever.
566 1645 81 31 Med
671 1646 113 31 denna
807 1648 230 37 uppfattning
1061 1649 64 31 har
1149 1650 170 31 utskottet
1342 1652 115 30 ansett
1480 1652 53 36 sig
1552 1652 123 31 kunna
1691 1652 85 37 hysa

275 1695 287 37 förhoppningar,
597 1698 52 29 att
683 1698 267 32 förhållandena
975 1701 11 29 i
1009 1700 95 31 detta
1134 1702 169 31 avseende
1327 1702 12 30 i
1363 1702 189 32 framtiden
1575 1705 58 29 må
1657 1704 119 30 kunna

275 1747 165 31 förändra
463 1748 54 35 sig
541 1749 57 30 till
623 1749 57 31 det
703 1750 124 31 bättre.
874 1751 79 31 Med
976 1752 137 36 hänsyn
1138 1753 123 31 härtill
1285 1754 63 30 och
1371 1754 44 31 då
1438 1755 169 31 utskottet
1632 1755 12 31 i
1665 1755 111 31 likhet

276 1799 75 30 med
385 1799 217 31 motionären
626 1801 75 30 icke
726 1811 47 21 nu
798 1804 38 29 är
861 1803 109 32 berett
993 1805 52 29 att
1069 1804 198 36 framlägga
1292 1806 112 35 några
1428 1806 181 37 riktlinjer
1633 1807 54 31 för
1711 1807 65 31 den

274 1850 151 36 begärda
460 1851 246 37 utredningen,
741 1853 64 31 har
835 1855 169 31 utskottet
1029 1856 74 30 icke
1128 1858 115 30 ansett
1266 1857 54 35 sig
1343 1857 83 31 böra
1451 1858 11 30 i
1486 1858 92 31 detta
1604 1868 171 21 samman-

274 1902 95 35 hang
403 1902 139 31 förorda
576 1904 117 36 någon
728 1905 266 38 framställning
1028 1908 58 30 till
1115 1908 136 36 Kungl.
1275 1908 101 37 Maj:t
1401 1909 12 30 i
1436 1912 127 34 ämnet,
1588 1910 91 31 helst
1701 1921 73 21 som

273 1953 361 38 lantbruksstyrelsen
658 1956 107 31 redan
789 1958 93 31 torde
907 1959 90 30 hava
1021 1960 54 30 sin
1100 1960 310 35 uppmärksamhet
1433 1961 115 31 riktad
1572 1963 45 34 på
1638 1962 135 37 frågan.

317 2005 119 31 Under
459 2006 217 37 åberopande
699 2018 45 20 av
769 2008 56 32 det
848 2010 147 31 anförda
1019 2011 55 30 får
1098 2012 169 30 utskottet
1291 2012 193 36 hemställa,

715 2096 51 29 att
800 2096 229 32 förevarande
1064 2098 131 30 motion
1219 2097 45 31 II:
1279 2098 60 30 238
1364 2099 74 30 icke
1462 2100 107 30 måtte
1594 2100 180 31 föranleda

673 2147 115 36 någon
812 2148 205 36 riksdagens
1041 2149 135 35 åtgärd.

317 2221 200 30 Stockholm
542 2222 64 30 den
632 2223 39 31 23
696 2223 156 32 februari
877 2226 92 30 1925.

716 2300 50 31 På
788 2301 377 36 jordbruksutskottets
1190 2308 149 33 vägnar:

893 2371 37 31 O.
955 2372 201 32 NILSSON.

317 2465 196 24 Närvarande:
533 2466 30 22 Se
584 2463 144 28 utlåtande
749 2477 33 16 nr
803 2470 38 23 13.

574 2546 174 46 Stockholm,
761 2547 84 42 Isaac
861 2547 123 42 Marcus”
1002 2564 373 33 Boktryckeri-Aktiebolag,
1395 2566 74 24 1925.
