<?xml version="1.0" encoding="UTF-8"?>
<alto xmlns="http://www.loc.gov/standards/alto/ns-v3#" xmlns:xlink="http://www.w3.org/1999/xlink" xmlns:xsi="http://www.w3.org/2001/XMLSchema-instance" xsi:schemaLocation="http://www.loc.gov/standards/alto/ns-v3# http://www.loc.gov/alto/v3/alto-3-0.xsd">
	<Description>
		<MeasurementUnit>pixel</MeasurementUnit>
		<sourceImageInformation>
			<fileName>/tmp/tess_5gf2r6th_input.PNG</fileName>
		</sourceImageInformation>
		<OCRProcessing ID="OCR_0">
			<ocrProcessingStep>
				<processingSoftware>
					<softwareName>tesseract 5.3.0</softwareName>
				</processingSoftware>
			</ocrProcessingStep>
		</OCRProcessing>
	</Description>
	<Layout>
		<Page WIDTH="2217" HEIGHT="2675" PHYSICAL_IMG_NR="0" ID="page_0">
			<PrintSpace HPOS="0" VPOS="0" WIDTH="2217" HEIGHT="2675">
				<ComposedBlock ID="cblock_0" HPOS="434" VPOS="194" WIDTH="1445" HEIGHT="44">
					<TextBlock ID="block_0" HPOS="434" VPOS="194" WIDTH="1445" HEIGHT="44">
						<TextLine ID="line_0" HPOS="434" VPOS="194" WIDTH="1445" HEIGHT="44">
							<String ID="string_0" HPOS="434" VPOS="201" WIDTH="21" HEIGHT="31" WC="0.78" CONTENT="S"/><SP WIDTH="123" VPOS="201" HPOS="455"/>
							<String ID="string_1" HPOS="578" VPOS="199" WIDTH="128" HEIGHT="33" WC="0.96" CONTENT="Första"/><SP WIDTH="24" VPOS="199" HPOS="706"/>
							<String ID="string_2" HPOS="730" VPOS="198" WIDTH="241" HEIGHT="33" WC="0.95" CONTENT="Kammarens"/><SP WIDTH="27" VPOS="198" HPOS="971"/>
							<String ID="string_3" HPOS="998" VPOS="196" WIDTH="186" HEIGHT="42" WC="0.93" CONTENT="Tillfälliga"/><SP WIDTH="35" VPOS="196" HPOS="1184"/>
							<String ID="string_4" HPOS="1219" VPOS="195" WIDTH="144" HEIGHT="34" WC="0.85" CONTENT="Utskotts"/><SP WIDTH="26" VPOS="195" HPOS="1363"/>
							<String ID="string_5" HPOS="1389" VPOS="194" WIDTH="75" HEIGHT="38" WC="0.95" CONTENT="(N:o"/><SP WIDTH="25" VPOS="194" HPOS="1464"/>
							<String ID="string_6" HPOS="1489" VPOS="195" WIDTH="34" HEIGHT="40" WC="0.96" CONTENT="2)"/><SP WIDTH="32" VPOS="195" HPOS="1523"/>
							<String ID="string_7" HPOS="1555" VPOS="194" WIDTH="184" HEIGHT="34" WC="0.89" CONTENT="Utlåtande"/><SP WIDTH="25" VPOS="194" HPOS="1739"/>
							<String ID="string_8" HPOS="1764" VPOS="194" WIDTH="61" HEIGHT="34" WC="0.95" CONTENT="N:o"/><SP WIDTH="26" VPOS="194" HPOS="1825"/>
							<String ID="string_9" HPOS="1851" VPOS="196" WIDTH="28" HEIGHT="32" WC="0.96" CONTENT="5."/>
						</TextLine>
					</TextBlock>
				</ComposedBlock>
				<ComposedBlock ID="cblock_1" HPOS="436" VPOS="285" WIDTH="1606" HEIGHT="1629">
					<TextBlock ID="block_1" HPOS="436" VPOS="285" WIDTH="1604" HEIGHT="1140">
						<TextLine ID="line_1" HPOS="436" VPOS="285" WIDTH="1598" HEIGHT="50">
							<String ID="string_10" HPOS="436" VPOS="303" WIDTH="86" HEIGHT="26" WC="0.93" CONTENT="som"/><SP WIDTH="30" VPOS="303" HPOS="522"/>
							<String ID="string_11" HPOS="552" VPOS="289" WIDTH="203" HEIGHT="39" WC="0.88" CONTENT="föranledt"/><SP WIDTH="30" VPOS="289" HPOS="755"/>
							<String ID="string_12" HPOS="785" VPOS="288" WIDTH="65" HEIGHT="39" WC="0.96" CONTENT="det"/><SP WIDTH="29" VPOS="288" HPOS="850"/>
							<String ID="string_13" HPOS="879" VPOS="288" WIDTH="207" HEIGHT="39" WC="0.96" CONTENT="uttalande"/><SP WIDTH="30" VPOS="288" HPOS="1086"/>
							<String ID="string_14" HPOS="1116" VPOS="287" WIDTH="70" HEIGHT="38" WC="0.96" CONTENT="vid"/><SP WIDTH="31" VPOS="287" HPOS="1186"/>
							<String ID="string_15" HPOS="1217" VPOS="288" WIDTH="102" HEIGHT="37" WC="0.96" CONTENT="1904"/><SP WIDTH="29" VPOS="288" HPOS="1319"/>
							<String ID="string_16" HPOS="1348" VPOS="296" WIDTH="64" HEIGHT="29" WC="0.91" CONTENT="års"/><SP WIDTH="28" VPOS="296" HPOS="1412"/>
							<String ID="string_17" HPOS="1440" VPOS="287" WIDTH="173" HEIGHT="48" WC="0.96" CONTENT="riksdag,"/><SP WIDTH="31" VPOS="287" HPOS="1613"/>
							<String ID="string_18" HPOS="1644" VPOS="286" WIDTH="156" HEIGHT="38" WC="0.96" CONTENT="hvilket"/><SP WIDTH="30" VPOS="286" HPOS="1800"/>
							<String ID="string_19" HPOS="1830" VPOS="286" WIDTH="42" HEIGHT="38" WC="0.96" CONTENT="af"/><SP WIDTH="20" VPOS="286" HPOS="1872"/>
							<String ID="string_20" HPOS="1892" VPOS="285" WIDTH="142" HEIGHT="38" WC="0.96" CONTENT="Andra"/>
						</TextLine>
						<TextLine ID="line_2" HPOS="437" VPOS="340" WIDTH="1596" HEIGHT="52">
							<String ID="string_21" HPOS="437" VPOS="345" WIDTH="247" HEIGHT="38" WC="0.93" CONTENT="Kammaren"/><SP WIDTH="31" VPOS="345" HPOS="684"/>
							<String ID="string_22" HPOS="715" VPOS="345" WIDTH="212" HEIGHT="47" WC="0.91" CONTENT="åberopats"/><SP WIDTH="30" VPOS="345" HPOS="927"/>
							<String ID="string_23" HPOS="957" VPOS="346" WIDTH="133" HEIGHT="35" WC="0.96" CONTENT="såsom"/><SP WIDTH="30" VPOS="346" HPOS="1090"/>
							<String ID="string_24" HPOS="1120" VPOS="342" WIDTH="91" HEIGHT="39" WC="0.96" CONTENT="stöd"/><SP WIDTH="27" VPOS="342" HPOS="1211"/>
							<String ID="string_25" HPOS="1238" VPOS="343" WIDTH="65" HEIGHT="37" WC="0.93" CONTENT="för"/><SP WIDTH="29" VPOS="343" HPOS="1303"/>
							<String ID="string_26" HPOS="1332" VPOS="342" WIDTH="162" HEIGHT="38" WC="0.91" CONTENT="krafvet"/><SP WIDTH="28" VPOS="342" HPOS="1494"/>
							<String ID="string_27" HPOS="1522" VPOS="344" WIDTH="52" HEIGHT="46" WC="0.96" CONTENT="på"/><SP WIDTH="21" VPOS="344" HPOS="1574"/>
							<String ID="string_28" HPOS="1595" VPOS="341" WIDTH="204" HEIGHT="49" WC="0.95" CONTENT="ökningen"/><SP WIDTH="22" VPOS="341" HPOS="1799"/>
							<String ID="string_29" HPOS="1821" VPOS="341" WIDTH="41" HEIGHT="38" WC="0.95" CONTENT="af"/><SP WIDTH="20" VPOS="341" HPOS="1862"/>
							<String ID="string_30" HPOS="1882" VPOS="340" WIDTH="151" HEIGHT="38" WC="0.96" CONTENT="antalet"/>
						</TextLine>
						<TextLine ID="line_3" HPOS="436" VPOS="396" WIDTH="1598" HEIGHT="50">
							<String ID="string_31" HPOS="436" VPOS="400" WIDTH="249" HEIGHT="38" WC="0.89" CONTENT="lärotimmar"/><SP WIDTH="33" VPOS="400" HPOS="685"/>
							<String ID="string_32" HPOS="718" VPOS="400" WIDTH="14" HEIGHT="36" WC="0.92" CONTENT="i"/><SP WIDTH="34" VPOS="400" HPOS="732"/>
							<String ID="string_33" HPOS="766" VPOS="398" WIDTH="350" HEIGHT="48" WC="0.91" CONTENT="naturkunnighet"/><SP WIDTH="41" VPOS="398" HPOS="1116"/>
							<String ID="string_34" HPOS="1157" VPOS="397" WIDTH="65" HEIGHT="38" WC="0.96" CONTENT="för"/><SP WIDTH="43" VPOS="397" HPOS="1222"/>
							<String ID="string_35" HPOS="1265" VPOS="399" WIDTH="58" HEIGHT="36" WC="0.93" CONTENT="att"/><SP WIDTH="41" VPOS="399" HPOS="1323"/>
							<String ID="string_36" HPOS="1364" VPOS="397" WIDTH="203" HEIGHT="48" WC="0.90" CONTENT="nöjaktigt"/><SP WIDTH="34" VPOS="397" HPOS="1567"/>
							<String ID="string_37" HPOS="1601" VPOS="396" WIDTH="139" HEIGHT="38" WC="0.92" CONTENT="kunna"/><SP WIDTH="29" VPOS="396" HPOS="1740"/>
							<String ID="string_38" HPOS="1769" VPOS="396" WIDTH="187" HEIGHT="38" WC="0.92" CONTENT="bedrifva"/><SP WIDTH="29" VPOS="396" HPOS="1956"/>
							<String ID="string_39" HPOS="1985" VPOS="407" WIDTH="49" HEIGHT="25" WC="0.96" CONTENT="en"/>
						</TextLine>
						<TextLine ID="line_4" HPOS="437" VPOS="451" WIDTH="1596" HEIGHT="51">
							<String ID="string_40" HPOS="437" VPOS="454" WIDTH="198" HEIGHT="39" WC="0.96" CONTENT="utsträckt"/><SP WIDTH="28" VPOS="454" HPOS="635"/>
							<String ID="string_41" HPOS="663" VPOS="453" WIDTH="293" HEIGHT="49" WC="0.96" CONTENT="undervisning"/><SP WIDTH="28" VPOS="453" HPOS="956"/>
							<String ID="string_42" HPOS="984" VPOS="453" WIDTH="13" HEIGHT="37" WC="0.96" CONTENT="i"/><SP WIDTH="29" VPOS="453" HPOS="997"/>
							<String ID="string_43" HPOS="1026" VPOS="452" WIDTH="212" HEIGHT="47" WC="0.94" CONTENT="hälsolära,"/><SP WIDTH="32" VPOS="452" HPOS="1238"/>
							<String ID="string_44" HPOS="1270" VPOS="452" WIDTH="144" HEIGHT="37" WC="0.91" CONTENT="Första"/><SP WIDTH="29" VPOS="452" HPOS="1414"/>
							<String ID="string_45" HPOS="1443" VPOS="451" WIDTH="249" HEIGHT="38" WC="0.96" CONTENT="Kammaren"/><SP WIDTH="20" VPOS="451" HPOS="1692"/>
							<String ID="string_46" HPOS="1712" VPOS="451" WIDTH="146" HEIGHT="49" WC="0.96" CONTENT="intagit"/><SP WIDTH="20" VPOS="451" HPOS="1858"/>
							<String ID="string_47" HPOS="1878" VPOS="462" WIDTH="50" HEIGHT="26" WC="0.96" CONTENT="en"/><SP WIDTH="20" VPOS="462" HPOS="1928"/>
							<String ID="string_48" HPOS="1948" VPOS="453" WIDTH="85" HEIGHT="34" WC="0.96" CONTENT="mot"/>
						</TextLine>
						<TextLine ID="line_5" HPOS="439" VPOS="504" WIDTH="1596" HEIGHT="51">
							<String ID="string_49" HPOS="439" VPOS="510" WIDTH="140" HEIGHT="37" WC="0.95" CONTENT="Andra"/><SP WIDTH="29" VPOS="510" HPOS="579"/>
							<String ID="string_50" HPOS="608" VPOS="509" WIDTH="248" HEIGHT="38" WC="0.96" CONTENT="Kammaren"/><SP WIDTH="30" VPOS="509" HPOS="856"/>
							<String ID="string_51" HPOS="886" VPOS="510" WIDTH="167" HEIGHT="36" WC="0.93" CONTENT="motsatt"/><SP WIDTH="29" VPOS="510" HPOS="1053"/>
							<String ID="string_52" HPOS="1082" VPOS="506" WIDTH="264" HEIGHT="49" WC="0.90" CONTENT="ständpunkt."/><SP WIDTH="46" VPOS="506" HPOS="1346"/>
							<String ID="string_53" HPOS="1392" VPOS="506" WIDTH="121" HEIGHT="38" WC="0.96" CONTENT="Detta"/><SP WIDTH="27" VPOS="506" HPOS="1513"/>
							<String ID="string_54" HPOS="1540" VPOS="505" WIDTH="209" HEIGHT="39" WC="0.96" CONTENT="uttalande"/><SP WIDTH="28" VPOS="505" HPOS="1749"/>
							<String ID="string_55" HPOS="1777" VPOS="504" WIDTH="258" HEIGHT="39" WC="0.95" CONTENT="föranleddes"/>
						</TextLine>
						<TextLine ID="line_6" HPOS="436" VPOS="559" WIDTH="1599" HEIGHT="54">
							<String ID="string_56" HPOS="436" VPOS="564" WIDTH="203" HEIGHT="49" WC="0.95" CONTENT="nämligen"/><SP WIDTH="30" VPOS="564" HPOS="639"/>
							<String ID="string_57" HPOS="669" VPOS="564" WIDTH="42" HEIGHT="37" WC="0.96" CONTENT="af"/><SP WIDTH="29" VPOS="564" HPOS="711"/>
							<String ID="string_58" HPOS="740" VPOS="576" WIDTH="50" HEIGHT="26" WC="0.96" CONTENT="en"/><SP WIDTH="28" VPOS="576" HPOS="790"/>
							<String ID="string_59" HPOS="818" VPOS="564" WIDTH="13" HEIGHT="36" WC="0.96" CONTENT="i"/><SP WIDTH="30" VPOS="564" HPOS="831"/>
							<String ID="string_60" HPOS="861" VPOS="562" WIDTH="235" HEIGHT="48" WC="0.95" CONTENT="anslutning"/><SP WIDTH="27" VPOS="562" HPOS="1096"/>
							<String ID="string_61" HPOS="1123" VPOS="561" WIDTH="63" HEIGHT="38" WC="0.94" CONTENT="till"/><SP WIDTH="28" VPOS="561" HPOS="1186"/>
							<String ID="string_62" HPOS="1214" VPOS="561" WIDTH="151" HEIGHT="49" WC="0.95" CONTENT="Kungl."/><SP WIDTH="33" VPOS="561" HPOS="1365"/>
							<String ID="string_63" HPOS="1398" VPOS="560" WIDTH="138" HEIGHT="49" WC="0.96" CONTENT="Maj:ts"/><SP WIDTH="29" VPOS="560" HPOS="1536"/>
							<String ID="string_64" HPOS="1565" VPOS="560" WIDTH="255" HEIGHT="49" WC="0.96" CONTENT="proposition"/><SP WIDTH="28" VPOS="560" HPOS="1820"/>
							<String ID="string_65" HPOS="1848" VPOS="559" WIDTH="63" HEIGHT="38" WC="0.96" CONTENT="till"/><SP WIDTH="21" VPOS="559" HPOS="1911"/>
							<String ID="string_66" HPOS="1932" VPOS="560" WIDTH="103" HEIGHT="37" WC="0.89" CONTENT="1904"/>
						</TextLine>
						<TextLine ID="line_7" HPOS="436" VPOS="613" WIDTH="1599" HEIGHT="55">
							<String ID="string_67" HPOS="436" VPOS="622" WIDTH="65" HEIGHT="36" WC="0.96" CONTENT="års"/><SP WIDTH="29" VPOS="622" HPOS="501"/>
							<String ID="string_68" HPOS="530" VPOS="618" WIDTH="181" HEIGHT="50" WC="0.96" CONTENT="Riksdag"/><SP WIDTH="30" VPOS="618" HPOS="711"/>
							<String ID="string_69" HPOS="741" VPOS="617" WIDTH="206" HEIGHT="50" WC="0.95" CONTENT="angående"/><SP WIDTH="24" VPOS="617" HPOS="947"/>
							<String ID="string_70" HPOS="971" VPOS="616" WIDTH="221" HEIGHT="39" WC="0.96" CONTENT="förändrad"/><SP WIDTH="21" VPOS="616" HPOS="1192"/>
							<String ID="string_71" HPOS="1213" VPOS="615" WIDTH="272" HEIGHT="50" WC="0.96" CONTENT="organisation"/><SP WIDTH="22" VPOS="615" HPOS="1485"/>
							<String ID="string_72" HPOS="1507" VPOS="616" WIDTH="41" HEIGHT="37" WC="0.96" CONTENT="af"/><SP WIDTH="19" VPOS="616" HPOS="1548"/>
							<String ID="string_73" HPOS="1567" VPOS="615" WIDTH="125" HEIGHT="38" WC="0.96" CONTENT="rikets"/><SP WIDTH="21" VPOS="615" HPOS="1692"/>
							<String ID="string_74" HPOS="1713" VPOS="614" WIDTH="204" HEIGHT="39" WC="0.91" CONTENT="allmänna"/><SP WIDTH="18" VPOS="614" HPOS="1917"/>
							<String ID="string_75" HPOS="1935" VPOS="613" WIDTH="100" HEIGHT="39" WC="0.91" CONTENT="läro-"/>
						</TextLine>
						<TextLine ID="line_8" HPOS="439" VPOS="669" WIDTH="1598" HEIGHT="50">
							<String ID="string_76" HPOS="439" VPOS="674" WIDTH="96" HEIGHT="39" WC="0.96" CONTENT="verk"/><SP WIDTH="38" VPOS="674" HPOS="535"/>
							<String ID="string_77" HPOS="573" VPOS="674" WIDTH="121" HEIGHT="38" WC="0.96" CONTENT="väckt"/><SP WIDTH="38" VPOS="674" HPOS="694"/>
							<String ID="string_78" HPOS="732" VPOS="674" WIDTH="153" HEIGHT="37" WC="0.96" CONTENT="motion"/><SP WIDTH="42" VPOS="674" HPOS="885"/>
							<String ID="string_79" HPOS="927" VPOS="672" WIDTH="171" HEIGHT="38" WC="0.94" CONTENT="rörande"/><SP WIDTH="30" VPOS="672" HPOS="1098"/>
							<String ID="string_80" HPOS="1128" VPOS="671" WIDTH="171" HEIGHT="48" WC="0.95" CONTENT="ändring"/><SP WIDTH="27" VPOS="671" HPOS="1299"/>
							<String ID="string_81" HPOS="1326" VPOS="671" WIDTH="13" HEIGHT="37" WC="0.96" CONTENT="i"/><SP WIDTH="30" VPOS="671" HPOS="1339"/>
							<String ID="string_82" HPOS="1369" VPOS="673" WIDTH="120" HEIGHT="36" WC="0.96" CONTENT="sättet"/><SP WIDTH="28" VPOS="673" HPOS="1489"/>
							<String ID="string_83" HPOS="1517" VPOS="671" WIDTH="65" HEIGHT="37" WC="0.96" CONTENT="för"/><SP WIDTH="28" VPOS="671" HPOS="1582"/>
							<String ID="string_84" HPOS="1610" VPOS="669" WIDTH="345" HEIGHT="48" WC="0.96" CONTENT="undervisningen"/><SP WIDTH="29" VPOS="669" HPOS="1955"/>
							<String ID="string_85" HPOS="1984" VPOS="671" WIDTH="53" HEIGHT="45" WC="0.95" CONTENT="på"/>
						</TextLine>
						<TextLine ID="line_9" HPOS="437" VPOS="722" WIDTH="1600" HEIGHT="54">
							<String ID="string_86" HPOS="437" VPOS="729" WIDTH="49" HEIGHT="36" WC="0.96" CONTENT="de"/><SP WIDTH="41" VPOS="729" HPOS="486"/>
							<String ID="string_87" HPOS="527" VPOS="729" WIDTH="110" HEIGHT="47" WC="0.96" CONTENT="lägre"/><SP WIDTH="43" VPOS="729" HPOS="637"/>
							<String ID="string_88" HPOS="680" VPOS="727" WIDTH="202" HEIGHT="37" WC="0.96" CONTENT="stadierna"/><SP WIDTH="43" VPOS="727" HPOS="882"/>
							<String ID="string_89" HPOS="925" VPOS="727" WIDTH="75" HEIGHT="36" WC="0.94" CONTENT="och"/><SP WIDTH="29" VPOS="727" HPOS="1000"/>
							<String ID="string_90" HPOS="1029" VPOS="738" WIDTH="65" HEIGHT="25" WC="0.96" CONTENT="om"/><SP WIDTH="30" VPOS="738" HPOS="1094"/>
							<String ID="string_91" HPOS="1124" VPOS="724" WIDTH="226" HEIGHT="38" WC="0.96" CONTENT="beredande"/><SP WIDTH="29" VPOS="724" HPOS="1350"/>
							<String ID="string_92" HPOS="1379" VPOS="725" WIDTH="13" HEIGHT="35" WC="0.96" CONTENT="i"/><SP WIDTH="29" VPOS="725" HPOS="1392"/>
							<String ID="string_93" HPOS="1421" VPOS="723" WIDTH="197" HEIGHT="38" WC="0.96" CONTENT="samband"/><SP WIDTH="30" VPOS="723" HPOS="1618"/>
							<String ID="string_94" HPOS="1648" VPOS="723" WIDTH="166" HEIGHT="37" WC="0.96" CONTENT="därmed"/><SP WIDTH="29" VPOS="723" HPOS="1814"/>
							<String ID="string_95" HPOS="1843" VPOS="723" WIDTH="42" HEIGHT="36" WC="0.93" CONTENT="af"/><SP WIDTH="29" VPOS="723" HPOS="1885"/>
							<String ID="string_96" HPOS="1914" VPOS="722" WIDTH="123" HEIGHT="37" WC="0.91" CONTENT="ökadt"/>
						</TextLine>
						<TextLine ID="line_10" HPOS="437" VPOS="777" WIDTH="1601" HEIGHT="54">
							<String ID="string_97" HPOS="437" VPOS="785" WIDTH="203" HEIGHT="46" WC="0.96" CONTENT="utrymme"/><SP WIDTH="43" VPOS="785" HPOS="640"/>
							<String ID="string_98" HPOS="683" VPOS="780" WIDTH="112" HEIGHT="39" WC="0.94" CONTENT="såväl"/><SP WIDTH="42" VPOS="780" HPOS="795"/>
							<String ID="string_99" HPOS="837" VPOS="780" WIDTH="74" HEIGHT="39" WC="0.92" CONTENT="och"/><SP WIDTH="38" VPOS="780" HPOS="911"/>
							<String ID="string_100" HPOS="949" VPOS="778" WIDTH="282" HEIGHT="51" WC="0.90" CONTENT="förnämligast"/><SP WIDTH="28" VPOS="778" HPOS="1231"/>
							<String ID="string_101" HPOS="1259" VPOS="779" WIDTH="112" HEIGHT="38" WC="0.95" CONTENT="inom"/><SP WIDTH="29" VPOS="779" HPOS="1371"/>
							<String ID="string_102" HPOS="1400" VPOS="777" WIDTH="228" HEIGHT="40" WC="0.95" CONTENT="realskolan"/><SP WIDTH="29" VPOS="777" HPOS="1628"/>
							<String ID="string_103" HPOS="1657" VPOS="790" WIDTH="87" HEIGHT="25" WC="0.95" CONTENT="som"/><SP WIDTH="30" VPOS="790" HPOS="1744"/>
							<String ID="string_104" HPOS="1774" VPOS="777" WIDTH="122" HEIGHT="38" WC="0.95" CONTENT="äfven"/><SP WIDTH="29" VPOS="777" HPOS="1896"/>
							<String ID="string_105" HPOS="1925" VPOS="777" WIDTH="113" HEIGHT="37" WC="0.96" CONTENT="inom"/>
						</TextLine>
						<TextLine ID="line_11" HPOS="436" VPOS="831" WIDTH="1599" HEIGHT="55">
							<String ID="string_106" HPOS="436" VPOS="837" WIDTH="311" HEIGHT="49" WC="0.91" CONTENT="realgymnasiet"/><SP WIDTH="28" VPOS="837" HPOS="747"/>
							<String ID="string_107" HPOS="775" VPOS="838" WIDTH="40" HEIGHT="35" WC="0.93" CONTENT="åt"/><SP WIDTH="29" VPOS="838" HPOS="815"/>
							<String ID="string_108" HPOS="844" VPOS="834" WIDTH="443" HEIGHT="49" WC="0.90" CONTENT="naturvetenskaperna"/><SP WIDTH="29" VPOS="834" HPOS="1287"/>
							<String ID="string_109" HPOS="1316" VPOS="834" WIDTH="75" HEIGHT="38" WC="0.96" CONTENT="och"/><SP WIDTH="29" VPOS="834" HPOS="1391"/>
							<String ID="string_110" HPOS="1420" VPOS="832" WIDTH="190" HEIGHT="39" WC="0.95" CONTENT="särskildt"/><SP WIDTH="20" VPOS="832" HPOS="1610"/>
							<String ID="string_111" HPOS="1630" VPOS="834" WIDTH="41" HEIGHT="36" WC="0.96" CONTENT="åt"/><SP WIDTH="19" VPOS="834" HPOS="1671"/>
							<String ID="string_112" HPOS="1690" VPOS="832" WIDTH="110" HEIGHT="49" WC="0.96" CONTENT="fysik"/><SP WIDTH="21" VPOS="832" HPOS="1800"/>
							<String ID="string_113" HPOS="1821" VPOS="832" WIDTH="75" HEIGHT="37" WC="0.96" CONTENT="och"/><SP WIDTH="19" VPOS="832" HPOS="1896"/>
							<String ID="string_114" HPOS="1915" VPOS="831" WIDTH="120" HEIGHT="37" WC="0.96" CONTENT="kemi."/>
						</TextLine>
						<TextLine ID="line_12" HPOS="437" VPOS="885" WIDTH="1601" HEIGHT="54">
							<String ID="string_115" HPOS="437" VPOS="891" WIDTH="20" HEIGHT="37" WC="0.95" CONTENT="I"/><SP WIDTH="30" VPOS="891" HPOS="457"/>
							<String ID="string_116" HPOS="487" VPOS="890" WIDTH="219" HEIGHT="49" WC="0.95" CONTENT="anledning"/><SP WIDTH="20" VPOS="890" HPOS="706"/>
							<String ID="string_117" HPOS="726" VPOS="890" WIDTH="118" HEIGHT="37" WC="0.96" CONTENT="häraf"/><SP WIDTH="20" VPOS="890" HPOS="844"/>
							<String ID="string_118" HPOS="864" VPOS="889" WIDTH="104" HEIGHT="38" WC="0.96" CONTENT="hade"/><SP WIDTH="20" VPOS="889" HPOS="968"/>
							<String ID="string_119" HPOS="988" VPOS="888" WIDTH="303" HEIGHT="39" WC="0.95" CONTENT="vederbörande"/><SP WIDTH="19" VPOS="888" HPOS="1291"/>
							<String ID="string_120" HPOS="1310" VPOS="888" WIDTH="157" HEIGHT="38" WC="0.93" CONTENT="utskott"/><SP WIDTH="19" VPOS="888" HPOS="1467"/>
							<String ID="string_121" HPOS="1486" VPOS="886" WIDTH="217" HEIGHT="47" WC="0.91" CONTENT="hemställt,"/><SP WIDTH="23" VPOS="886" HPOS="1703"/>
							<String ID="string_122" HPOS="1726" VPOS="889" WIDTH="58" HEIGHT="35" WC="0.95" CONTENT="att"/><SP WIDTH="19" VPOS="889" HPOS="1784"/>
							<String ID="string_123" HPOS="1803" VPOS="885" WIDTH="235" HEIGHT="49" WC="0.95" CONTENT="Riksdagen"/>
						</TextLine>
						<TextLine ID="line_13" HPOS="438" VPOS="939" WIDTH="1601" HEIGHT="54">
							<String ID="string_124" HPOS="438" VPOS="948" WIDTH="124" HEIGHT="36" WC="0.96" CONTENT="måtte"/><SP WIDTH="42" VPOS="948" HPOS="562"/>
							<String ID="string_125" HPOS="604" VPOS="947" WIDTH="52" HEIGHT="46" WC="0.96" CONTENT="på"/><SP WIDTH="43" VPOS="947" HPOS="656"/>
							<String ID="string_126" HPOS="699" VPOS="944" WIDTH="66" HEIGHT="38" WC="0.95" CONTENT="det"/><SP WIDTH="42" VPOS="944" HPOS="765"/>
							<String ID="string_127" HPOS="807" VPOS="947" WIDTH="79" HEIGHT="35" WC="0.95" CONTENT="sätt"/><SP WIDTH="39" VPOS="947" HPOS="886"/>
							<String ID="string_128" HPOS="925" VPOS="943" WIDTH="138" HEIGHT="39" WC="0.96" CONTENT="bifalla"/><SP WIDTH="28" VPOS="943" HPOS="1063"/>
							<String ID="string_129" HPOS="1091" VPOS="943" WIDTH="218" HEIGHT="46" WC="0.95" CONTENT="motionen,"/><SP WIDTH="38" VPOS="943" HPOS="1309"/>
							<String ID="string_130" HPOS="1347" VPOS="945" WIDTH="57" HEIGHT="35" WC="0.96" CONTENT="att"/><SP WIDTH="28" VPOS="945" HPOS="1404"/>
							<String ID="string_131" HPOS="1432" VPOS="941" WIDTH="234" HEIGHT="49" WC="0.96" CONTENT="Riksdagen"/><SP WIDTH="28" VPOS="941" HPOS="1666"/>
							<String ID="string_132" HPOS="1694" VPOS="941" WIDTH="13" HEIGHT="36" WC="0.96" CONTENT="i"/><SP WIDTH="30" VPOS="941" HPOS="1707"/>
							<String ID="string_133" HPOS="1737" VPOS="940" WIDTH="212" HEIGHT="38" WC="0.95" CONTENT="skrifvelse"/><SP WIDTH="28" VPOS="940" HPOS="1949"/>
							<String ID="string_134" HPOS="1977" VPOS="939" WIDTH="62" HEIGHT="38" WC="0.96" CONTENT="till"/>
						</TextLine>
						<TextLine ID="line_14" HPOS="438" VPOS="993" WIDTH="1597" HEIGHT="55">
							<String ID="string_135" HPOS="438" VPOS="999" WIDTH="150" HEIGHT="49" WC="0.92" CONTENT="Kungl."/><SP WIDTH="46" VPOS="999" HPOS="588"/>
							<String ID="string_136" HPOS="634" VPOS="999" WIDTH="119" HEIGHT="48" WC="0.96" CONTENT="Maj:t"/><SP WIDTH="45" VPOS="999" HPOS="753"/>
							<String ID="string_137" HPOS="798" VPOS="998" WIDTH="91" HEIGHT="38" WC="0.93" CONTENT="ville"/><SP WIDTH="43" VPOS="998" HPOS="889"/>
							<String ID="string_138" HPOS="932" VPOS="997" WIDTH="171" HEIGHT="46" WC="0.90" CONTENT="anhälla,"/><SP WIDTH="47" VPOS="997" HPOS="1103"/>
							<String ID="string_139" HPOS="1150" VPOS="997" WIDTH="65" HEIGHT="38" WC="0.96" CONTENT="det"/><SP WIDTH="28" VPOS="997" HPOS="1215"/>
							<String ID="string_140" HPOS="1243" VPOS="997" WIDTH="154" HEIGHT="38" WC="0.96" CONTENT="täcktes"/><SP WIDTH="38" VPOS="997" HPOS="1397"/>
							<String ID="string_141" HPOS="1435" VPOS="995" WIDTH="151" HEIGHT="50" WC="0.95" CONTENT="Kungl."/><SP WIDTH="37" VPOS="995" HPOS="1586"/>
							<String ID="string_142" HPOS="1623" VPOS="995" WIDTH="119" HEIGHT="49" WC="0.50" CONTENT="Maj:t"/><SP WIDTH="28" VPOS="995" HPOS="1742"/>
							<String ID="string_143" HPOS="1770" VPOS="995" WIDTH="82" HEIGHT="37" WC="0.96" CONTENT="låta"/><SP WIDTH="29" VPOS="995" HPOS="1852"/>
							<String ID="string_144" HPOS="1881" VPOS="993" WIDTH="154" HEIGHT="46" WC="0.95" CONTENT="utreda,"/>
						</TextLine>
						<TextLine ID="line_15" HPOS="437" VPOS="1048" WIDTH="1603" HEIGHT="53">
							<String ID="string_145" HPOS="437" VPOS="1053" WIDTH="206" HEIGHT="39" WC="0.96" CONTENT="huruvida"/><SP WIDTH="28" VPOS="1053" HPOS="643"/>
							<String ID="string_146" HPOS="671" VPOS="1053" WIDTH="88" HEIGHT="38" WC="0.43" CONTENT="icke"/><SP WIDTH="29" VPOS="1053" HPOS="759"/>
							<String ID="string_147" HPOS="788" VPOS="1053" WIDTH="346" HEIGHT="48" WC="0.96" CONTENT="undervisningen"/><SP WIDTH="29" VPOS="1053" HPOS="1134"/>
							<String ID="string_148" HPOS="1163" VPOS="1051" WIDTH="191" HEIGHT="39" WC="0.96" CONTENT="särskildt"/><SP WIDTH="20" VPOS="1051" HPOS="1354"/>
							<String ID="string_149" HPOS="1374" VPOS="1051" WIDTH="109" HEIGHT="37" WC="0.96" CONTENT="inom"/><SP WIDTH="21" VPOS="1051" HPOS="1483"/>
							<String ID="string_150" HPOS="1504" VPOS="1050" WIDTH="228" HEIGHT="39" WC="0.96" CONTENT="realskolan"/><SP WIDTH="21" VPOS="1050" HPOS="1732"/>
							<String ID="string_151" HPOS="1753" VPOS="1049" WIDTH="138" HEIGHT="38" WC="0.96" CONTENT="kunde"/><SP WIDTH="20" VPOS="1049" HPOS="1891"/>
							<String ID="string_152" HPOS="1911" VPOS="1048" WIDTH="129" HEIGHT="39" WC="0.96" CONTENT="blifva"/>
						</TextLine>
						<TextLine ID="line_16" HPOS="439" VPOS="1102" WIDTH="1600" HEIGHT="51">
							<String ID="string_153" HPOS="439" VPOS="1108" WIDTH="157" HEIGHT="38" WC="0.96" CONTENT="mindre"/><SP WIDTH="43" VPOS="1108" HPOS="596"/>
							<String ID="string_154" HPOS="639" VPOS="1107" WIDTH="182" HEIGHT="38" WC="0.95" CONTENT="abstrakt"/><SP WIDTH="43" VPOS="1107" HPOS="821"/>
							<String ID="string_155" HPOS="864" VPOS="1107" WIDTH="75" HEIGHT="37" WC="0.95" CONTENT="och"/><SP WIDTH="33" VPOS="1107" HPOS="939"/>
							<String ID="string_156" HPOS="972" VPOS="1106" WIDTH="160" HEIGHT="38" WC="0.96" CONTENT="formell"/><SP WIDTH="29" VPOS="1106" HPOS="1132"/>
							<String ID="string_157" HPOS="1161" VPOS="1108" WIDTH="103" HEIGHT="35" WC="0.95" CONTENT="samt"/><SP WIDTH="30" VPOS="1108" HPOS="1264"/>
							<String ID="string_158" HPOS="1294" VPOS="1117" WIDTH="110" HEIGHT="25" WC="0.96" CONTENT="mera"/><SP WIDTH="29" VPOS="1117" HPOS="1404"/>
							<String ID="string_159" HPOS="1433" VPOS="1104" WIDTH="188" HEIGHT="49" WC="0.96" CONTENT="syftande"/><SP WIDTH="29" VPOS="1104" HPOS="1621"/>
							<String ID="string_160" HPOS="1650" VPOS="1103" WIDTH="62" HEIGHT="38" WC="0.96" CONTENT="till"/><SP WIDTH="29" VPOS="1103" HPOS="1712"/>
							<String ID="string_161" HPOS="1741" VPOS="1116" WIDTH="49" HEIGHT="25" WC="0.96" CONTENT="en"/><SP WIDTH="31" VPOS="1116" HPOS="1790"/>
							<String ID="string_162" HPOS="1821" VPOS="1105" WIDTH="51" HEIGHT="46" WC="0.93" CONTENT="på"/><SP WIDTH="28" VPOS="1105" HPOS="1872"/>
							<String ID="string_163" HPOS="1900" VPOS="1102" WIDTH="139" HEIGHT="38" WC="0.90" CONTENT="åskåd-"/>
						</TextLine>
						<TextLine ID="line_17" HPOS="439" VPOS="1156" WIDTH="1600" HEIGHT="55">
							<String ID="string_164" HPOS="439" VPOS="1164" WIDTH="97" HEIGHT="47" WC="0.96" CONTENT="ning"/><SP WIDTH="29" VPOS="1164" HPOS="536"/>
							<String ID="string_165" HPOS="565" VPOS="1163" WIDTH="75" HEIGHT="37" WC="0.96" CONTENT="och"/><SP WIDTH="29" VPOS="1163" HPOS="640"/>
							<String ID="string_166" HPOS="669" VPOS="1162" WIDTH="249" HEIGHT="48" WC="0.95" CONTENT="experiment"/><SP WIDTH="30" VPOS="1162" HPOS="918"/>
							<String ID="string_167" HPOS="948" VPOS="1161" WIDTH="119" HEIGHT="38" WC="0.92" CONTENT="stödd"/><SP WIDTH="27" VPOS="1161" HPOS="1067"/>
							<String ID="string_168" HPOS="1094" VPOS="1159" WIDTH="396" HEIGHT="48" WC="0.60" CONTENT="förständsbildning"/><SP WIDTH="29" VPOS="1159" HPOS="1490"/>
							<String ID="string_169" HPOS="1519" VPOS="1159" WIDTH="75" HEIGHT="37" WC="0.96" CONTENT="och"/><SP WIDTH="20" VPOS="1159" HPOS="1594"/>
							<String ID="string_170" HPOS="1614" VPOS="1159" WIDTH="11" HEIGHT="36" WC="0.96" CONTENT="i"/><SP WIDTH="22" VPOS="1159" HPOS="1625"/>
							<String ID="string_171" HPOS="1647" VPOS="1157" WIDTH="196" HEIGHT="38" WC="0.96" CONTENT="samband"/><SP WIDTH="30" VPOS="1157" HPOS="1843"/>
							<String ID="string_172" HPOS="1873" VPOS="1156" WIDTH="166" HEIGHT="38" WC="0.95" CONTENT="därmed"/>
						</TextLine>
						<TextLine ID="line_18" HPOS="440" VPOS="1210" WIDTH="1598" HEIGHT="55">
							<String ID="string_173" HPOS="440" VPOS="1220" WIDTH="55" HEIGHT="35" WC="0.91" CONTENT="ett"/><SP WIDTH="44" VPOS="1220" HPOS="495"/>
							<String ID="string_174" HPOS="539" VPOS="1216" WIDTH="124" HEIGHT="38" WC="0.91" CONTENT="ökadt"/><SP WIDTH="42" VPOS="1216" HPOS="663"/>
							<String ID="string_175" HPOS="705" VPOS="1219" WIDTH="202" HEIGHT="46" WC="0.93" CONTENT="utrymme"/><SP WIDTH="43" VPOS="1219" HPOS="907"/>
							<String ID="string_176" HPOS="950" VPOS="1214" WIDTH="113" HEIGHT="39" WC="0.91" CONTENT="säväl"/><SP WIDTH="42" VPOS="1214" HPOS="1063"/>
							<String ID="string_177" HPOS="1105" VPOS="1215" WIDTH="76" HEIGHT="37" WC="0.93" CONTENT="och"/><SP WIDTH="41" VPOS="1215" HPOS="1181"/>
							<String ID="string_178" HPOS="1222" VPOS="1213" WIDTH="284" HEIGHT="48" WC="0.92" CONTENT="förnämligast"/><SP WIDTH="41" VPOS="1213" HPOS="1506"/>
							<String ID="string_179" HPOS="1547" VPOS="1213" WIDTH="112" HEIGHT="37" WC="0.93" CONTENT="inom"/><SP WIDTH="35" VPOS="1213" HPOS="1659"/>
							<String ID="string_180" HPOS="1694" VPOS="1210" WIDTH="228" HEIGHT="39" WC="0.93" CONTENT="realskolan"/><SP WIDTH="29" VPOS="1210" HPOS="1922"/>
							<String ID="string_181" HPOS="1951" VPOS="1223" WIDTH="87" HEIGHT="25" WC="0.96" CONTENT="som"/>
						</TextLine>
						<TextLine ID="line_19" HPOS="440" VPOS="1265" WIDTH="1600" HEIGHT="54">
							<String ID="string_182" HPOS="440" VPOS="1272" WIDTH="122" HEIGHT="37" WC="0.96" CONTENT="äfven"/><SP WIDTH="20" VPOS="1272" HPOS="562"/>
							<String ID="string_183" HPOS="582" VPOS="1271" WIDTH="111" HEIGHT="37" WC="0.92" CONTENT="inom"/><SP WIDTH="20" VPOS="1271" HPOS="693"/>
							<String ID="string_184" HPOS="713" VPOS="1270" WIDTH="311" HEIGHT="49" WC="0.90" CONTENT="realgymnasiet"/><SP WIDTH="20" VPOS="1270" HPOS="1024"/>
							<String ID="string_185" HPOS="1044" VPOS="1271" WIDTH="125" HEIGHT="36" WC="0.96" CONTENT="måtte"/><SP WIDTH="20" VPOS="1271" HPOS="1169"/>
							<String ID="string_186" HPOS="1189" VPOS="1269" WIDTH="140" HEIGHT="37" WC="0.96" CONTENT="kunna"/><SP WIDTH="19" VPOS="1269" HPOS="1329"/>
							<String ID="string_187" HPOS="1348" VPOS="1267" WIDTH="167" HEIGHT="39" WC="0.96" CONTENT="beredas"/><SP WIDTH="21" VPOS="1267" HPOS="1515"/>
							<String ID="string_188" HPOS="1536" VPOS="1269" WIDTH="40" HEIGHT="35" WC="0.93" CONTENT="åt"/><SP WIDTH="20" VPOS="1269" HPOS="1576"/>
							<String ID="string_189" HPOS="1596" VPOS="1265" WIDTH="444" HEIGHT="48" WC="0.91" CONTENT="naturvetenskaperna"/>
						</TextLine>
						<TextLine ID="line_20" HPOS="441" VPOS="1319" WIDTH="1599" HEIGHT="54">
							<String ID="string_190" HPOS="441" VPOS="1326" WIDTH="76" HEIGHT="37" WC="0.95" CONTENT="och"/><SP WIDTH="34" VPOS="1326" HPOS="517"/>
							<String ID="string_191" HPOS="551" VPOS="1324" WIDTH="191" HEIGHT="39" WC="0.95" CONTENT="särskildt"/><SP WIDTH="30" VPOS="1324" HPOS="742"/>
							<String ID="string_192" HPOS="772" VPOS="1327" WIDTH="41" HEIGHT="35" WC="0.96" CONTENT="åt"/><SP WIDTH="27" VPOS="1327" HPOS="813"/>
							<String ID="string_193" HPOS="840" VPOS="1324" WIDTH="111" HEIGHT="49" WC="0.96" CONTENT="fysik"/><SP WIDTH="30" VPOS="1324" HPOS="951"/>
							<String ID="string_194" HPOS="981" VPOS="1324" WIDTH="76" HEIGHT="38" WC="0.96" CONTENT="och"/><SP WIDTH="29" VPOS="1324" HPOS="1057"/>
							<String ID="string_195" HPOS="1086" VPOS="1323" WIDTH="117" HEIGHT="38" WC="0.96" CONTENT="kemi."/><SP WIDTH="60" VPOS="1323" HPOS="1203"/>
							<String ID="string_196" HPOS="1263" VPOS="1323" WIDTH="144" HEIGHT="37" WC="0.96" CONTENT="Denna"/><SP WIDTH="28" VPOS="1323" HPOS="1407"/>
							<String ID="string_197" HPOS="1435" VPOS="1321" WIDTH="221" HEIGHT="38" WC="0.96" CONTENT="utskottets"/><SP WIDTH="29" VPOS="1321" HPOS="1656"/>
							<String ID="string_198" HPOS="1685" VPOS="1319" WIDTH="242" HEIGHT="39" WC="0.96" CONTENT="hemställan"/><SP WIDTH="30" VPOS="1319" HPOS="1927"/>
							<String ID="string_199" HPOS="1957" VPOS="1319" WIDTH="83" HEIGHT="38" WC="0.96" CONTENT="blef"/>
						</TextLine>
						<TextLine ID="line_21" HPOS="441" VPOS="1374" WIDTH="1535" HEIGHT="51">
							<String ID="string_200" HPOS="441" VPOS="1380" WIDTH="42" HEIGHT="37" WC="0.94" CONTENT="af"/><SP WIDTH="28" VPOS="1380" HPOS="483"/>
							<String ID="string_201" HPOS="511" VPOS="1379" WIDTH="143" HEIGHT="38" WC="0.95" CONTENT="Andra"/><SP WIDTH="30" VPOS="1379" HPOS="654"/>
							<String ID="string_202" HPOS="684" VPOS="1379" WIDTH="248" HEIGHT="37" WC="0.93" CONTENT="Kammaren"/><SP WIDTH="28" VPOS="1379" HPOS="932"/>
							<String ID="string_203" HPOS="960" VPOS="1377" WIDTH="178" HEIGHT="46" WC="0.91" CONTENT="bifallen,"/><SP WIDTH="32" VPOS="1377" HPOS="1138"/>
							<String ID="string_204" HPOS="1170" VPOS="1389" WIDTH="93" HEIGHT="25" WC="0.93" CONTENT="men"/><SP WIDTH="30" VPOS="1389" HPOS="1263"/>
							<String ID="string_205" HPOS="1293" VPOS="1376" WIDTH="150" HEIGHT="49" WC="0.90" CONTENT="afslogs"/><SP WIDTH="30" VPOS="1376" HPOS="1443"/>
							<String ID="string_206" HPOS="1473" VPOS="1376" WIDTH="41" HEIGHT="37" WC="0.96" CONTENT="af"/><SP WIDTH="29" VPOS="1376" HPOS="1514"/>
							<String ID="string_207" HPOS="1543" VPOS="1376" WIDTH="145" HEIGHT="37" WC="0.96" CONTENT="Första"/><SP WIDTH="28" VPOS="1376" HPOS="1688"/>
							<String ID="string_208" HPOS="1716" VPOS="1374" WIDTH="260" HEIGHT="38" WC="0.95" CONTENT="Kammaren."/>
						</TextLine>
					</TextBlock>
					<TextBlock ID="block_2" HPOS="440" VPOS="1428" WIDTH="1602" HEIGHT="324">
						<TextLine ID="line_22" HPOS="601" VPOS="1428" WIDTH="1438" HEIGHT="53">
							<String ID="string_209" HPOS="601" VPOS="1433" WIDTH="189" HEIGHT="37" WC="0.96" CONTENT="Rörande"/><SP WIDTH="43" VPOS="1433" HPOS="790"/>
							<String ID="string_210" HPOS="833" VPOS="1432" WIDTH="48" HEIGHT="38" WC="0.96" CONTENT="de"/><SP WIDTH="43" VPOS="1432" HPOS="881"/>
							<String ID="string_211" HPOS="924" VPOS="1432" WIDTH="195" HEIGHT="49" WC="0.96" CONTENT="åtgärder,"/><SP WIDTH="40" VPOS="1432" HPOS="1119"/>
							<String ID="string_212" HPOS="1159" VPOS="1444" WIDTH="88" HEIGHT="25" WC="0.95" CONTENT="som"/><SP WIDTH="28" VPOS="1444" HPOS="1247"/>
							<String ID="string_213" HPOS="1275" VPOS="1444" WIDTH="122" HEIGHT="36" WC="0.95" CONTENT="synas"/><SP WIDTH="29" VPOS="1444" HPOS="1397"/>
							<String ID="string_214" HPOS="1426" VPOS="1429" WIDTH="262" HEIGHT="49" WC="0.96" CONTENT="erforderliga"/><SP WIDTH="27" VPOS="1429" HPOS="1688"/>
							<String ID="string_215" HPOS="1715" VPOS="1429" WIDTH="65" HEIGHT="37" WC="0.96" CONTENT="för"/><SP WIDTH="30" VPOS="1429" HPOS="1780"/>
							<String ID="string_216" HPOS="1810" VPOS="1431" WIDTH="58" HEIGHT="35" WC="0.93" CONTENT="att"/><SP WIDTH="27" VPOS="1431" HPOS="1868"/>
							<String ID="string_217" HPOS="1895" VPOS="1428" WIDTH="144" HEIGHT="37" WC="0.92" CONTENT="under-"/>
						</TextLine>
						<TextLine ID="line_23" HPOS="440" VPOS="1482" WIDTH="1601" HEIGHT="54">
							<String ID="string_218" HPOS="440" VPOS="1488" WIDTH="215" HEIGHT="48" WC="0.96" CONTENT="visningen"/><SP WIDTH="29" VPOS="1488" HPOS="655"/>
							<String ID="string_219" HPOS="684" VPOS="1488" WIDTH="13" HEIGHT="36" WC="0.96" CONTENT="i"/><SP WIDTH="28" VPOS="1488" HPOS="697"/>
							<String ID="string_220" HPOS="725" VPOS="1487" WIDTH="202" HEIGHT="38" WC="0.96" CONTENT="hälsolära"/><SP WIDTH="33" VPOS="1487" HPOS="927"/>
							<String ID="string_221" HPOS="960" VPOS="1489" WIDTH="66" HEIGHT="34" WC="0.96" CONTENT="må"/><SP WIDTH="28" VPOS="1489" HPOS="1026"/>
							<String ID="string_222" HPOS="1054" VPOS="1486" WIDTH="142" HEIGHT="37" WC="0.96" CONTENT="kunna"/><SP WIDTH="28" VPOS="1486" HPOS="1196"/>
							<String ID="string_223" HPOS="1224" VPOS="1486" WIDTH="130" HEIGHT="37" WC="0.96" CONTENT="bättre"/><SP WIDTH="29" VPOS="1486" HPOS="1354"/>
							<String ID="string_224" HPOS="1383" VPOS="1488" WIDTH="52" HEIGHT="34" WC="0.96" CONTENT="än"/><SP WIDTH="30" VPOS="1488" HPOS="1435"/>
							<String ID="string_225" HPOS="1465" VPOS="1484" WIDTH="144" HEIGHT="38" WC="0.95" CONTENT="hittills"/><SP WIDTH="29" VPOS="1484" HPOS="1609"/>
							<String ID="string_226" HPOS="1638" VPOS="1484" WIDTH="105" HEIGHT="37" WC="0.96" CONTENT="varit"/><SP WIDTH="29" VPOS="1484" HPOS="1743"/>
							<String ID="string_227" HPOS="1772" VPOS="1482" WIDTH="113" HEIGHT="38" WC="0.95" CONTENT="fallet"/><SP WIDTH="28" VPOS="1482" HPOS="1885"/>
							<String ID="string_228" HPOS="1913" VPOS="1482" WIDTH="128" HEIGHT="37" WC="0.96" CONTENT="blifva"/>
						</TextLine>
						<TextLine ID="line_24" HPOS="442" VPOS="1536" WIDTH="1596" HEIGHT="54">
							<String ID="string_229" HPOS="442" VPOS="1541" WIDTH="278" HEIGHT="49" WC="0.92" CONTENT="tillgodosedd,"/><SP WIDTH="31" VPOS="1541" HPOS="720"/>
							<String ID="string_230" HPOS="751" VPOS="1541" WIDTH="125" HEIGHT="46" WC="0.96" CONTENT="torde,"/><SP WIDTH="32" VPOS="1541" HPOS="876"/>
							<String ID="string_231" HPOS="908" VPOS="1541" WIDTH="124" HEIGHT="47" WC="0.96" CONTENT="enligt"/><SP WIDTH="25" VPOS="1541" HPOS="1032"/>
							<String ID="string_232" HPOS="1057" VPOS="1540" WIDTH="217" HEIGHT="38" WC="0.96" CONTENT="utskottets"/><SP WIDTH="20" VPOS="1540" HPOS="1274"/>
							<String ID="string_233" HPOS="1294" VPOS="1539" WIDTH="115" HEIGHT="45" WC="0.96" CONTENT="åsikt,"/><SP WIDTH="24" VPOS="1539" HPOS="1409"/>
							<String ID="string_234" HPOS="1433" VPOS="1538" WIDTH="157" HEIGHT="37" WC="0.96" CONTENT="mindre"/><SP WIDTH="20" VPOS="1538" HPOS="1590"/>
							<String ID="string_235" HPOS="1610" VPOS="1538" WIDTH="88" HEIGHT="37" WC="0.96" CONTENT="vikt"/><SP WIDTH="19" VPOS="1538" HPOS="1698"/>
							<String ID="string_236" HPOS="1717" VPOS="1537" WIDTH="107" HEIGHT="48" WC="0.93" CONTENT="ligga"/><SP WIDTH="20" VPOS="1537" HPOS="1824"/>
							<String ID="string_237" HPOS="1844" VPOS="1536" WIDTH="194" HEIGHT="47" WC="0.91" CONTENT="däruppå,"/>
						</TextLine>
						<TextLine ID="line_25" HPOS="442" VPOS="1589" WIDTH="1598" HEIGHT="54">
							<String ID="string_238" HPOS="442" VPOS="1598" WIDTH="58" HEIGHT="35" WC="0.96" CONTENT="att"/><SP WIDTH="42" VPOS="1598" HPOS="500"/>
							<String ID="string_239" HPOS="542" VPOS="1598" WIDTH="41" HEIGHT="35" WC="0.93" CONTENT="åt"/><SP WIDTH="42" VPOS="1598" HPOS="583"/>
							<String ID="string_240" HPOS="625" VPOS="1595" WIDTH="400" HEIGHT="48" WC="0.91" CONTENT="naturkunnigheten"/><SP WIDTH="43" VPOS="1595" HPOS="1025"/>
							<String ID="string_241" HPOS="1068" VPOS="1593" WIDTH="164" HEIGHT="38" WC="0.92" CONTENT="beredes"/><SP WIDTH="42" VPOS="1593" HPOS="1232"/>
							<String ID="string_242" HPOS="1274" VPOS="1595" WIDTH="127" HEIGHT="35" WC="0.96" CONTENT="större"/><SP WIDTH="30" VPOS="1595" HPOS="1401"/>
							<String ID="string_243" HPOS="1431" VPOS="1591" WIDTH="110" HEIGHT="38" WC="0.93" CONTENT="antal"/><SP WIDTH="27" VPOS="1591" HPOS="1541"/>
							<String ID="string_244" HPOS="1568" VPOS="1591" WIDTH="260" HEIGHT="45" WC="0.89" CONTENT="lärotimmar,"/><SP WIDTH="32" VPOS="1591" HPOS="1828"/>
							<String ID="string_245" HPOS="1860" VPOS="1593" WIDTH="51" HEIGHT="34" WC="0.96" CONTENT="än"/><SP WIDTH="30" VPOS="1593" HPOS="1911"/>
							<String ID="string_246" HPOS="1941" VPOS="1592" WIDTH="58" HEIGHT="35" WC="0.96" CONTENT="att"/><SP WIDTH="28" VPOS="1592" HPOS="1999"/>
							<String ID="string_247" HPOS="2027" VPOS="1589" WIDTH="13" HEIGHT="37" WC="0.96" CONTENT="i"/>
						</TextLine>
						<TextLine ID="line_26" HPOS="441" VPOS="1643" WIDTH="1601" HEIGHT="55">
							<String ID="string_248" HPOS="441" VPOS="1652" WIDTH="116" HEIGHT="46" WC="0.96" CONTENT="fråga"/><SP WIDTH="42" VPOS="1652" HPOS="557"/>
							<String ID="string_249" HPOS="599" VPOS="1662" WIDTH="65" HEIGHT="25" WC="0.91" CONTENT="om"/><SP WIDTH="43" VPOS="1662" HPOS="664"/>
							<String ID="string_250" HPOS="707" VPOS="1649" WIDTH="229" HEIGHT="37" WC="0.87" CONTENT="hälsoläran"/><SP WIDTH="43" VPOS="1649" HPOS="936"/>
							<String ID="string_251" HPOS="979" VPOS="1648" WIDTH="209" HEIGHT="37" WC="0.96" CONTENT="bestämda"/><SP WIDTH="41" VPOS="1648" HPOS="1188"/>
							<String ID="string_252" HPOS="1229" VPOS="1646" WIDTH="228" HEIGHT="49" WC="0.95" CONTENT="läroplaner"/><SP WIDTH="41" VPOS="1646" HPOS="1457"/>
							<String ID="string_253" HPOS="1498" VPOS="1648" WIDTH="213" HEIGHT="45" WC="0.95" CONTENT="upprättas"/><SP WIDTH="42" VPOS="1648" HPOS="1711"/>
							<String ID="string_254" HPOS="1753" VPOS="1645" WIDTH="65" HEIGHT="37" WC="0.96" CONTENT="för"/><SP WIDTH="38" VPOS="1645" HPOS="1818"/>
							<String ID="string_255" HPOS="1856" VPOS="1644" WIDTH="48" HEIGHT="37" WC="0.96" CONTENT="de"/><SP WIDTH="30" VPOS="1644" HPOS="1904"/>
							<String ID="string_256" HPOS="1934" VPOS="1643" WIDTH="108" HEIGHT="37" WC="0.96" CONTENT="olika"/>
						</TextLine>
						<TextLine ID="line_27" HPOS="443" VPOS="1701" WIDTH="756" HEIGHT="51">
							<String ID="string_257" HPOS="443" VPOS="1704" WIDTH="135" HEIGHT="48" WC="0.96" CONTENT="slagen"/><SP WIDTH="30" VPOS="1704" HPOS="578"/>
							<String ID="string_258" HPOS="608" VPOS="1704" WIDTH="42" HEIGHT="37" WC="0.92" CONTENT="af"/><SP WIDTH="28" VPOS="1704" HPOS="650"/>
							<String ID="string_259" HPOS="678" VPOS="1701" WIDTH="521" HEIGHT="49" WC="0.91" CONTENT="undervisningsanstalter."/>
						</TextLine>
					</TextBlock>
					<TextBlock ID="block_3" HPOS="444" VPOS="1752" WIDTH="1598" HEIGHT="162">
						<TextLine ID="line_28" HPOS="603" VPOS="1752" WIDTH="1438" HEIGHT="52">
							<String ID="string_260" HPOS="603" VPOS="1757" WIDTH="95" HEIGHT="38" WC="0.95" CONTENT="Med"/><SP WIDTH="30" VPOS="1757" HPOS="698"/>
							<String ID="string_261" HPOS="728" VPOS="1756" WIDTH="254" HEIGHT="48" WC="0.96" CONTENT="åberopande"/><SP WIDTH="30" VPOS="1756" HPOS="982"/>
							<String ID="string_262" HPOS="1012" VPOS="1756" WIDTH="41" HEIGHT="37" WC="0.96" CONTENT="af"/><SP WIDTH="28" VPOS="1756" HPOS="1053"/>
							<String ID="string_263" HPOS="1081" VPOS="1755" WIDTH="110" HEIGHT="38" WC="0.95" CONTENT="hvad"/><SP WIDTH="29" VPOS="1755" HPOS="1191"/>
							<String ID="string_264" HPOS="1220" VPOS="1754" WIDTH="170" HEIGHT="39" WC="0.96" CONTENT="sålunda"/><SP WIDTH="30" VPOS="1754" HPOS="1390"/>
							<String ID="string_265" HPOS="1420" VPOS="1754" WIDTH="157" HEIGHT="37" WC="0.96" CONTENT="anförts"/><SP WIDTH="20" VPOS="1754" HPOS="1577"/>
							<String ID="string_266" HPOS="1597" VPOS="1754" WIDTH="64" HEIGHT="36" WC="0.95" CONTENT="får"/><SP WIDTH="19" VPOS="1754" HPOS="1661"/>
							<String ID="string_267" HPOS="1680" VPOS="1752" WIDTH="208" HEIGHT="45" WC="0.96" CONTENT="utskottet,"/><SP WIDTH="23" VPOS="1752" HPOS="1888"/>
							<String ID="string_268" HPOS="1911" VPOS="1752" WIDTH="130" HEIGHT="37" WC="0.96" CONTENT="ehuru"/>
						</TextLine>
						<TextLine ID="line_29" HPOS="444" VPOS="1806" WIDTH="1598" HEIGHT="44">
							<String ID="string_269" HPOS="444" VPOS="1813" WIDTH="65" HEIGHT="37" WC="0.96" CONTENT="det"/><SP WIDTH="38" VPOS="1813" HPOS="509"/>
							<String ID="string_270" HPOS="547" VPOS="1812" WIDTH="87" HEIGHT="37" WC="0.96" CONTENT="icke"/><SP WIDTH="28" VPOS="1812" HPOS="634"/>
							<String ID="string_271" HPOS="662" VPOS="1811" WIDTH="63" HEIGHT="37" WC="0.95" CONTENT="till"/><SP WIDTH="28" VPOS="1811" HPOS="725"/>
							<String ID="string_272" HPOS="753" VPOS="1811" WIDTH="102" HEIGHT="37" WC="0.95" CONTENT="fullo"/><SP WIDTH="31" VPOS="1811" HPOS="855"/>
							<String ID="string_273" HPOS="886" VPOS="1810" WIDTH="110" HEIGHT="38" WC="0.96" CONTENT="delar"/><SP WIDTH="30" VPOS="1810" HPOS="996"/>
							<String ID="string_274" HPOS="1026" VPOS="1809" WIDTH="142" HEIGHT="38" WC="0.96" CONTENT="Andra"/><SP WIDTH="29" VPOS="1809" HPOS="1168"/>
							<String ID="string_275" HPOS="1197" VPOS="1809" WIDTH="270" HEIGHT="37" WC="0.75" CONTENT="Kammarens"/><SP WIDTH="30" VPOS="1809" HPOS="1467"/>
							<String ID="string_276" HPOS="1497" VPOS="1808" WIDTH="104" HEIGHT="37" WC="0.95" CONTENT="åsikt"/><SP WIDTH="30" VPOS="1808" HPOS="1601"/>
							<String ID="string_277" HPOS="1631" VPOS="1806" WIDTH="172" HEIGHT="38" WC="0.96" CONTENT="rörande"/><SP WIDTH="30" VPOS="1806" HPOS="1803"/>
							<String ID="string_278" HPOS="1833" VPOS="1808" WIDTH="121" HEIGHT="36" WC="0.96" CONTENT="sättet"/><SP WIDTH="30" VPOS="1808" HPOS="1954"/>
							<String ID="string_279" HPOS="1984" VPOS="1808" WIDTH="58" HEIGHT="35" WC="0.96" CONTENT="att"/>
						</TextLine>
						<TextLine ID="line_30" HPOS="444" VPOS="1863" WIDTH="929" HEIGHT="51">
							<String ID="string_280" HPOS="444" VPOS="1871" WIDTH="96" HEIGHT="32" WC="0.92" CONTENT="ernå"/><SP WIDTH="30" VPOS="1871" HPOS="540"/>
							<String ID="string_281" HPOS="570" VPOS="1866" WIDTH="65" HEIGHT="37" WC="0.95" CONTENT="det"/><SP WIDTH="30" VPOS="1866" HPOS="635"/>
							<String ID="string_282" HPOS="665" VPOS="1865" WIDTH="183" HEIGHT="49" WC="0.92" CONTENT="åsyftade"/><SP WIDTH="31" VPOS="1865" HPOS="848"/>
							<String ID="string_283" HPOS="879" VPOS="1864" WIDTH="239" HEIGHT="46" WC="0.21" CONTENT="ändamålet,"/><SP WIDTH="32" VPOS="1864" HPOS="1118"/>
							<String ID="string_284" HPOS="1150" VPOS="1863" WIDTH="223" HEIGHT="46" WC="0.91" CONTENT="hemställa,"/>
						</TextLine>
					</TextBlock>
				</ComposedBlock>
				<ComposedBlock ID="cblock_2" HPOS="872" VPOS="1941" WIDTH="1170" HEIGHT="96">
					<TextBlock ID="block_4" HPOS="872" VPOS="1941" WIDTH="1170" HEIGHT="96">
						<TextLine ID="line_31" HPOS="976" VPOS="1941" WIDTH="1066" HEIGHT="42">
							<String ID="string_285" HPOS="976" VPOS="1949" WIDTH="58" HEIGHT="34" WC="0.96" CONTENT="att"/><SP WIDTH="43" VPOS="1949" HPOS="1034"/>
							<String ID="string_286" HPOS="1077" VPOS="1946" WIDTH="144" HEIGHT="37" WC="0.96" CONTENT="Första"/><SP WIDTH="42" VPOS="1946" HPOS="1221"/>
							<String ID="string_287" HPOS="1263" VPOS="1944" WIDTH="248" HEIGHT="37" WC="0.95" CONTENT="Kammaren"/><SP WIDTH="44" VPOS="1944" HPOS="1511"/>
							<String ID="string_288" HPOS="1555" VPOS="1945" WIDTH="123" HEIGHT="35" WC="0.94" CONTENT="måtte"/><SP WIDTH="36" VPOS="1945" HPOS="1678"/>
							<String ID="string_289" HPOS="1714" VPOS="1941" WIDTH="156" HEIGHT="38" WC="0.33" CONTENT="biträda"/><SP WIDTH="30" VPOS="1941" HPOS="1870"/>
							<String ID="string_290" HPOS="1900" VPOS="1941" WIDTH="142" HEIGHT="38" WC="0.95" CONTENT="Andra"/>
						</TextLine>
						<TextLine ID="line_32" HPOS="872" VPOS="1998" WIDTH="439" HEIGHT="39">
							<String ID="string_291" HPOS="872" VPOS="2001" WIDTH="268" HEIGHT="36" WC="0.94" CONTENT="Kammarens"/><SP WIDTH="30" VPOS="2001" HPOS="1140"/>
							<String ID="string_292" HPOS="1170" VPOS="1998" WIDTH="141" HEIGHT="38" WC="0.95" CONTENT="beslut."/>
						</TextLine>
					</TextBlock>
				</ComposedBlock>
				<ComposedBlock ID="cblock_3" HPOS="606" VPOS="2082" WIDTH="701" HEIGHT="37">
					<TextBlock ID="block_5" HPOS="606" VPOS="2082" WIDTH="701" HEIGHT="37">
						<TextLine ID="line_33" HPOS="606" VPOS="2082" WIDTH="701" HEIGHT="37">
							<String ID="string_293" HPOS="606" VPOS="2082" WIDTH="234" HEIGHT="37" WC="0.95" CONTENT="Stockholm"/><SP WIDTH="30" VPOS="2082" HPOS="840"/>
							<String ID="string_294" HPOS="870" VPOS="2082" WIDTH="76" HEIGHT="37" WC="0.96" CONTENT="den"/><SP WIDTH="32" VPOS="2082" HPOS="946"/>
							<String ID="string_295" HPOS="978" VPOS="2083" WIDTH="48" HEIGHT="36" WC="0.96" CONTENT="30"/><SP WIDTH="30" VPOS="2083" HPOS="1026"/>
							<String ID="string_296" HPOS="1056" VPOS="2093" WIDTH="108" HEIGHT="25" WC="0.95" CONTENT="mars"/><SP WIDTH="31" VPOS="2093" HPOS="1164"/>
							<String ID="string_297" HPOS="1195" VPOS="2082" WIDTH="112" HEIGHT="37" WC="0.92" CONTENT="1900."/>
						</TextLine>
					</TextBlock>
				</ComposedBlock>
				<ComposedBlock ID="cblock_4" HPOS="991" VPOS="2162" WIDTH="502" HEIGHT="47">
					<TextBlock ID="block_6" HPOS="991" VPOS="2162" WIDTH="502" HEIGHT="47">
						<TextLine ID="line_34" HPOS="991" VPOS="2162" WIDTH="502" HEIGHT="47">
							<String ID="string_298" HPOS="991" VPOS="2163" WIDTH="58" HEIGHT="36" WC="0.96" CONTENT="På"/><SP WIDTH="30" VPOS="2163" HPOS="1049"/>
							<String ID="string_299" HPOS="1079" VPOS="2162" WIDTH="218" HEIGHT="37" WC="0.70" CONTENT="utskottets"/><SP WIDTH="30" VPOS="2162" HPOS="1297"/>
							<String ID="string_300" HPOS="1327" VPOS="2163" WIDTH="166" HEIGHT="46" WC="0.96" CONTENT="vägnar:"/>
						</TextLine>
					</TextBlock>
				</ComposedBlock>
				<ComposedBlock ID="cblock_5" HPOS="1047" VPOS="2269" WIDTH="398" HEIGHT="39">
					<TextBlock ID="block_7" HPOS="1047" VPOS="2269" WIDTH="398" HEIGHT="39">
						<TextLine ID="line_35" HPOS="1047" VPOS="2269" WIDTH="398" HEIGHT="39">
							<String ID="string_301" HPOS="1047" VPOS="2270" WIDTH="171" HEIGHT="38" WC="0.90" CONTENT="GUST."/><SP WIDTH="33" VPOS="2270" HPOS="1218"/>
							<String ID="string_302" HPOS="1251" VPOS="2269" WIDTH="194" HEIGHT="38" WC="0.93" CONTENT="TAMM."/>
						</TextLine>
					</TextBlock>
				</ComposedBlock>
				<ComposedBlock ID="cblock_6" HPOS="984" VPOS="2439" WIDTH="516" HEIGHT="28">
					<TextBlock ID="block_8" HPOS="984" VPOS="2439" WIDTH="516" HEIGHT="28">
						<TextLine ID="line_36" HPOS="984" VPOS="2439" WIDTH="516" HEIGHT="28">
							<String ID="string_303" HPOS="984" VPOS="2440" WIDTH="147" HEIGHT="27" WC="0.95" CONTENT="Stockholm,"/><SP WIDTH="15" VPOS="2440" HPOS="1131"/>
							<String ID="string_304" HPOS="1146" VPOS="2441" WIDTH="77" HEIGHT="22" WC="0.92" CONTENT="Oskar"/><SP WIDTH="8" VPOS="2441" HPOS="1223"/>
							<String ID="string_305" HPOS="1231" VPOS="2439" WIDTH="108" HEIGHT="23" WC="0.89" CONTENT="Exlunds"/><SP WIDTH="11" VPOS="2439" HPOS="1339"/>
							<String ID="string_306" HPOS="1350" VPOS="2440" WIDTH="77" HEIGHT="22" WC="0.89" CONTENT="boktr."/><SP WIDTH="16" VPOS="2440" HPOS="1427"/>
							<String ID="string_307" HPOS="1443" VPOS="2440" WIDTH="57" HEIGHT="21" WC="0.93" CONTENT="1905."/>
						</TextLine>
					</TextBlock>
				</ComposedBlock>
			</PrintSpace>
		</Page>
	</Layout>
</alto>
