2216 2622
421 130 40 31 10
843 129 346 32 Jordbruksutskottets
1213 128 162 33 utlåtande
1400 130 52 32 Nr
1476 132 33 30 6.

1117 530 58 40 Nr
1204 532 39 39 6.

879 686 112 27 Ankom
1011 686 42 27 till
1070 686 179 35 Riksdagens
1268 686 91 26 kansli
1377 686 54 27 den
1451 686 35 27 19
1506 686 121 28 februari
1647 688 68 27 1913
1733 688 38 27 kl.
1791 689 17 26 2
1827 699 22 16 e.
1871 700 34 16 m.

585 827 206 42 Utlåtande,
812 828 13 34 i
844 827 199 44 anledning
1063 839 43 23 av
1125 827 139 44 Kungl.
1285 827 131 42 Maj:ts
1429 828 229 44 proposition
1679 830 186 43 angående
1880 843 96 33 upp-

779 896 144 35 låtande
964 907 44 23 av
1051 895 202 45 lägenheter
1287 895 94 43 från
1413 896 107 42 förra
1549 896 293 38 militiebostället
1869 900 107 36 Stora

783 964 151 36 Gålstad
975 977 46 22 nr
1065 966 23 33 3
1133 964 220 45 Kronogård
1398 965 63 34 och
1506 964 105 36 Stora
1663 966 153 36 Gålstad
1861 980 46 24 nr
1952 972 25 32 4

780 1033 176 46 Storgård
982 1035 13 33 i
1027 1028 269 50 Östergötlands
1325 1034 71 34 län.

1633 1136 75 49 (1:a
1734 1139 111 49 Avd.)

508 1291 17 37 I
554 1304 47 23 en
629 1290 57 36 till
713 1290 217 48 Riksdagen
959 1290 74 36 den
1063 1291 45 34 13
1138 1289 198 37 december
1366 1292 98 34 1912
1494 1290 159 46 avlåten,
1681 1290 57 36 till
1754 1290 222 49 jordbruks-

379 1344 206 35 utskottets
626 1341 273 37 förberedande
941 1341 241 49 granskning
1224 1341 181 36 hänvisad
1447 1341 247 49 proposition,
1736 1355 47 23 nr
1822 1344 57 44 12,
1909 1343 69 36 har

380 1395 140 47 Kungl.
554 1394 107 48 Maj:t
693 1393 117 37 under
838 1393 237 49 åberopande
1103 1406 45 23 av
1177 1392 122 49 bilagt
1326 1393 138 49 utdrag
1492 1407 47 22 av
1568 1393 409 49 statsrådsprotokollet

380 1452 90 31 över
506 1445 374 49 jordbruksärenden
926 1445 59 35 för
1026 1458 143 22 samma
1210 1445 77 48 dag
1318 1445 195 47 föreslagit
1540 1444 220 49 Riksdagen
1788 1445 187 49 medgiva,

382 1504 54 31 att
465 1504 54 30 tre
547 1498 57 36 till
633 1497 102 36 förra
762 1496 351 49 korpralsbostället
1141 1494 39 44 '/;
1209 1496 139 37 mantal
1378 1495 111 37 Stora
1527 1495 152 37 Gålstad
1708 1510 45 22 nr
1781 1499 22 34 3
1831 1497 147 36 Krono-

380 1549 95 55 gård
518 1549 70 37 och
618 1547 39 43 '/s
688 1549 139 36 mantal
869 1547 112 37 Stora
1023 1547 157 37 Gålstad
1222 1562 46 22 nr
1308 1550 22 34 4
1369 1547 183 48 Storgård
1580 1549 12 35 i
1622 1547 113 37 Slaka
1763 1548 138 37 socken
1929 1563 47 22 av

381 1600 290 55 Östergötlands
713 1606 61 35 län
811 1604 168 37 hörande
1006 1605 220 48 lägenheter
1255 1607 71 44 må,
1354 1618 66 22 var
1448 1604 60 36 för
1536 1605 60 48 sig
1623 1605 85 36 med
1737 1605 12 36 i
1778 1606 199 36 statsråds-

381 1762 13 35 i
422 1761 101 49 syfte
551 1766 54 31 att
633 1763 38 33 åt
699 1760 146 36 mindre
874 1759 219 37 bemedlade
1121 1759 71 37 och
1221 1759 239 37 obemedlade
1488 1759 138 36 bereda
1652 1759 146 37 tillfälle
1828 1765 54 31 att
1901 1760 75 36 för-

382 1818 116 31 värva
539 1810 430 50 egnahemslägenheter
1011 1811 82 36 från
1132 1811 103 36 vissa
1271 1811 354 49 kronoegendomar
1658 1811 68 36 och
1769 1811 84 37 med
1880 1811 97 36 iakt-

382 1864 164 48 tagande
589 1877 45 23 av
672 1863 45 37 de
750 1864 12 35 i
799 1862 130 49 kungl.
961 1862 129 37 brevet
1118 1863 55 36 till
1204 1863 322 48 domänstyrelsen
1555 1875 144 23 samma
1726 1863 75 48 dag
1828 1863 12 36 1
1868 1863 110 48 fråga

382 1930 60 22 om
472 1915 292 50 tillämpningen
793 1928 47 23 av
858 1914 162 37 berörda
1047 1914 167 47 grunder
1241 1914 216 36 meddelade
1485 1919 171 32 närmare
1686 1914 290 37 bestämmelser.

511 1967 18 36 I
560 1967 105 37 detta
692 1966 137 37 ärende
858 1966 67 36 har
950 1966 417 49 departementschefen
1394 1965 56 36 till
1478 1965 159 37 berörda
1665 1966 312 49 statsrådsproto-

382 2019 77 36 koll
488 2019 124 36 anfört
640 2018 181 49 följande:

511 2070 94 37 »Vid
634 2084 45 23 en
708 2070 72 36 den
806 2071 45 35 18
875 2070 73 48 juli
980 2071 95 34 1911
1105 2069 126 36 hållen
1258 2068 530 50 uppskattningsförrättning
1815 2069 59 37 för
1901 2069 76 36 för-

383 2122 100 48 nyad
524 2122 290 47 utarrendering
854 2121 82 36 från
979 2121 72 36 den
1090 2122 46 34 14
1164 2133 101 24 mars
1301 2122 95 34 1914
1425 2134 47 22 av
1503 2121 99 35 förra
1630 2120 349 49 korpralsbostället

385 2174 38 40 '/;>
453 2174 143 36 mantal
625 2172 110 38 Stora
764 2172 157 37 Gålstad
949 2186 47 23 nr
1029 2174 21 34 3
1083 2171 227 37 Kronogård
1337 2172 69 36 och
1441 2172 39 41 '/>
1511 2172 142 36 mantal
1682 2171 110 38 Stora
1821 2171 158 38 Gålstad

383 2243 45 23 nr
461 2233 22 33 4
520 2230 185 49 Storgård
747 2231 12 35 i
801 2229 114 37 Slaka
953 2229 139 37 socken
1138 2243 46 22 av
1214 2185 290 92 Östergötlands
1532 2229 73 47 län,
1634 2229 128 37 vilken
1792 2228 186 50 egendom
