1914 2774
296 129 42 31 44
665 130 285 31 Statsutskottets
973 131 181 31 utlåtande
1175 141 44 21 nr
1240 133 19 29 9
1281 133 41 30 år
1344 133 84 30 1960

300 214 52 28 tre
368 221 69 30 nya
451 212 368 41 byggnadsprojekten
836 214 55 30 får
906 214 168 41 påbörjas
1090 217 102 29 nästa
1207 216 179 40 budgetår.
1403 217 66 39 Jag
1485 217 194 40 tillstyrker
1693 218 104 40 bygg-

300 254 267 40 nadsprojektet
586 255 12 30 i
618 255 170 41 Göteborg
808 256 66 30 och
893 257 182 30 dessutom
1095 258 200 40 ytterligare
1315 260 49 29 ett
1383 259 152 40 projekt.
1556 260 65 30 Det
1642 260 98 30 torde
1761 260 36 31 få

301 296 190 30 ankomma
513 297 46 39 på
581 297 125 40 Kungl.
729 298 106 39 Maj:t
857 300 51 28 att
931 308 122 21 senare
1076 299 195 31 bestämma
1293 300 45 40 på
1359 301 119 30 vilken
1500 303 54 28 ort
1577 302 219 30 sistnämnda

299 338 324 41 byggnadsprojekt
639 340 89 29 skall
745 340 143 31 komma
903 340 53 31 till
973 341 199 31 utförande.
1189 342 66 30 Vid
1271 343 58 29 det
1345 352 43 20 av
1404 343 72 40 mig
1491 343 187 31 förordade
1693 344 104 40 bygg-

299 380 329 40 nadsprogrammet
645 381 56 31 för
718 383 102 29 nästa
837 382 170 40 budgetår
1023 383 64 30 bör
1104 384 279 31 medelsbehovet
1401 384 56 31 för
1474 385 240 41 projektering
1732 387 64 30 och

299 422 218 40 påbörjande
535 432 43 21 av
594 423 41 30 de
653 433 69 30 nya
737 424 348 39 byggnadsarbetena
1101 425 122 31 kunna
1239 426 190 40 begränsas
1446 427 53 31 till
1518 427 63 31 680
1594 427 64 31 000
1676 428 52 30 kr.
1746 428 50 30 Av

300 464 95 30 detta
412 465 127 40 belopp
557 466 89 30 skall
664 466 122 30 därvid
804 468 87 29 även
907 466 175 32 bestridas
1100 467 238 31 kostnaderna
1355 468 56 31 för
1427 468 110 41 inköp
1554 478 44 22 av
1615 471 137 29 tomter.

346 574 177 30 Utskottet
546 574 65 30 har
633 575 76 30 icke
734 574 118 31 funnit
876 576 190 40 anledning
1089 577 53 29 till
1166 577 141 30 erinran
1330 580 75 27 mot
1428 578 126 39 Kungl.
1579 578 124 40 Maj:ts
1727 579 71 30 för-

301 624 74 40 slag
394 625 66 29 och
478 625 204 31 hemställer
701 625 145 35 således,
1512 666 5 5 |

654 678 51 28 att
729 676 188 41 riksdagen
941 677 59 31 må
1025 677 53 31 till
1102 678 330 40 Byggnadsarbeten
1455 665 58 55 för
1537 681 134 29 statens
1696 680 101 30 bilin-

609 727 162 39 spektion
797 727 56 30 för
875 727 207 41 budgetåret
1109 728 147 36 1960/61
1282 729 124 31 anvisa
1430 732 49 28 ett
1504 730 293 41 investeringsan-

611 777 74 40 slag
708 787 43 21 av
774 778 19 30 2
807 777 62 31 000
884 777 63 32 000
971 778 54 31 kr.

346 902 95 35 12:0)
461 903 262 32 Merkostnader
738 905 57 30 för
809 905 93 30 vissa
920 906 329 36 byggnadsarbeten.
1265 907 123 38 Kungl.
1405 907 104 38 Maj:t
1523 908 64 30 har
1606 908 128 38 (punkt
1752 908 48 34 12,

300 961 26 22 s.
350 951 190 37 148—150)
567 954 180 40 föreslagit
767 955 188 40 riksdagen
977 958 51 29 att
1049 956 74 31 dels
1144 956 53 31 till
1218 957 266 31 Merkostnader
1505 957 56 31 för
1579 958 95 30 vissa
1693 957 105 41 bygg-

301 1003 235 31 nadsarbeten
573 1004 56 31 för
664 1005 205 40 budgetåret
908 1006 148 36 1960/61
1096 1007 122 31 anvisa
1277 1009 49 29 ett
1362 1008 356 46 investeringsanslag
1754 1017 44 22 av

300 1053 64 31 800
378 1053 63 31 000
466 1055 65 34 kr.,
556 1055 73 31 dels
652 1056 66 30 ock
742 1056 186 40 godkänna
951 1058 96 30 vissa
1071 1058 311 41 kompletteringar
1406 1068 43 21 av
1472 1059 68 30 den
1565 1059 232 40 förteckning,

300 1113 76 22 som
396 1105 109 40 ligger
524 1105 53 31 till
599 1107 113 39 grund
732 1106 56 31 för
808 1108 271 40 användningen
1098 1118 44 21 av
1162 1109 167 40 anslaget.

343 1221 168 42 Anslaget
531 1225 39 29 är
590 1226 111 28 avsett
722 1226 50 29 att
792 1225 102 30 täcka
913 1225 43 30 de
976 1226 277 36 merkostnader,
1272 1227 95 30 vilka
1387 1227 46 40 på
1453 1228 114 39 grund
1586 1236 44 22 av
1649 1227 68 31 den
1737 1228 62 30 all-

299 1274 132 29 männa
452 1274 199 40 stegringen
672 1284 43 21 av
734 1275 420 40 byggnadskostnaderna
1175 1277 159 40 uppstått
1355 1277 21 31 å
1395 1278 105 35 vissa,
1521 1278 12 30 i
1555 1278 152 31 särskild
1729 1278 70 31 för-

300 1324 165 40 teckning
491 1327 179 38 upptagna
694 1326 318 41 byggnadsföretag
1037 1328 112 29 under
1174 1327 334 41 fastighetsfonden;
1536 1328 103 31 dessa
1663 1328 135 41 företag

298 1374 130 31 hänför
448 1375 53 40 sig
522 1376 53 30 till
596 1376 351 36 kommunikations-,
969 1378 249 35 ecklesiastik-,
1238 1378 217 40 jordbruks-,
1476 1379 163 31 handels-
1659 1379 66 31 och
1746 1380 52 30 in-

299 1424 394 41 rikesdepartementen.
723 1427 227 31 Beträffande
981 1428 68 30 den
1079 1430 162 29 närmare
1270 1430 254 39 motiveringen
1554 1430 56 30 för
1640 1431 157 39 anslaget

298 1476 99 30 torde
417 1476 37 31 få
473 1476 167 32 hänvisas
661 1477 52 30 till
733 1478 218 40 proposition
973 1478 100 31 1948:
1089 1479 19 30 2
1134 1479 74 35 (bil.
1232 1479 49 35 14,
1302 1480 114 39 punkt
1437 1480 52 34 8).
1511 1480 14 30 I
1544 1480 153 40 enlighet
1717 1481 81 30 med

301 1526 142 40 förslag,
484 1536 76 21 som
599 1528 173 40 godkänts
810 1538 43 21 av
893 1528 84 31 1954
1005 1529 58 31 års
1091 1529 154 41 riksdag,
1273 1531 90 30 skall
1391 1531 406 41 merkostnadsanslaget

298 1577 44 30 fr.
365 1586 31 21 o.
419 1587 47 20 m.
489 1578 206 40 budgetåret
721 1578 149 37 1954/55
893 1580 31 39 ej
951 1580 120 40 längre
1095 1580 151 31 belastas
1269 1582 80 29 med
1372 1581 201 35 kostnader,
1597 1591 76 21 som
1696 1591 101 22 avser

297 1627 326 41 byggnadsarbeten
644 1629 56 30 för
720 1630 303 40 länsstyrelserna.

339 1745 68 30 Till
428 1747 116 39 grund
564 1746 55 31 för
639 1747 126 40 Kungl.
787 1748 123 40 Maj:ts
931 1748 133 41 förslag
1084 1749 108 40 ligger
1211 1758 43 21 en
1275 1759 43 20 av
1338 1749 350 41 byggnadsstyrelsen
1709 1751 87 30 läm-

298 1796 70 30 nad
394 1797 219 39 redogörelse
640 1797 56 31 för
722 1798 211 40 ställningen
959 1799 47 40 på
1031 1800 406 40 merkostnadsanslaget
1464 1809 62 31 per
1551 1801 69 30 den
1647 1800 40 31 30
1714 1801 80 40 juni

299 1847 83 30 1959
406 1847 44 35 (s.
474 1847 62 31 148
555 1849 65 29 och
641 1848 94 35 149).

338 1948 396 40 Departementschefen
758 1949 65 30 har
846 1950 72 30 inte
943 1950 78 30 haft
1046 1950 105 40 något
1176 1953 51 28 att
1251 1951 117 30 erinra
1391 1954 74 27 mot
1489 1952 240 40 beräkningen
1755 1962 42 20 av

296 1998 441 31 merkostnadsandelarna
764 2000 45 40 på
834 2000 43 30 de
902 2000 96 31 olika
1023 2001 318 40 byggnadsföretag
1367 2011 76 21 som
1471 2002 89 30 skall
1588 2002 54 30 stå
1668 2002 87 30 kvar
1780 2002 13 30 i

294 2050 279 41 förteckningen.
592 2052 165 30 Däremot
776 2061 101 22 anses
896 2053 67 30 den
982 2053 199 31 beräknade
1200 2054 413 40 medelsförbrukningen
1632 2055 48 30 ha
1696 2056 97 30 över-

295 2099 161 31 skattats.
480 2100 395 39 Departementschefen
898 2101 176 31 beräknar
1097 2101 116 31 denna
1236 2102 53 30 till
1312 2102 64 30 800
1390 2102 63 31 000
1478 2103 63 34 kr.,
1564 2103 109 30 vilket
1696 2103 98 30 inne-

293 2150 62 31 bär
378 2160 43 21 en
444 2152 177 40 sänkning
642 2153 80 29 med
745 2152 64 31 200
823 2152 63 30 000
909 2153 53 30 kr.
985 2153 12 31 i
1021 2153 221 31 förhållande
1265 2154 52 30 till
1341 2154 372 41 byggnadsstyrelsens
1739 2157 53 29 äs-

292 2201 125 30 kande.

338 2300 178 30 Utskottet
538 2300 66 30 har
626 2300 73 30 inte
723 2300 78 30 haft
825 2301 105 40 något
954 2303 52 28 att
1030 2301 117 30 erinra
1171 2304 73 28 mot
1268 2302 126 40 Kungl.
1420 2303 125 40 Maj:ts
1569 2303 132 41 förslag
1725 2304 65 31 och

290 2350 204 31 hemställer
517 2350 144 35 således,
