1948 2837
291 132 20 31 2
508 131 188 31 Allmänna
711 132 399 40 beredningsutskottets
1125 135 179 31 utlåtande
1317 145 44 21 nr
1373 137 42 30 20
1429 137 39 31 år
1483 138 84 30 1969

292 212 256 41 tientskyddets
568 214 159 31 intresse.
749 215 235 41 Anvisningar
1004 217 180 31 lämnades
1206 218 122 31 därvid
1349 228 57 22 om
1429 229 42 21 en
1491 221 225 40 registrering
1738 231 41 22 av

292 257 277 41 isotoptillförsel
588 269 45 20 m.
648 269 45 21 m.
715 261 116 40 Enligt
850 262 67 29 vad
939 262 396 41 strålskyddsinstitutet
1355 266 184 35 meddelat,
1560 266 65 30 har
1645 267 42 30 de
1708 268 71 29 sär-

292 304 114 30 skilda
425 305 348 40 isotopkommittéer,
797 316 74 21 som
893 308 106 40 enligt
1018 309 11 29 i
1051 309 190 30 cirkuläret
1262 310 162 31 lämnade
1445 312 225 40 anvisningar
1692 322 86 31 upp-

291 349 125 31 rättats
435 351 59 29 vid
514 351 41 29 de
576 352 111 29 större
707 352 207 40 sjukhusen,
935 354 90 30 varit
1046 363 42 22 av
1109 356 71 29 stor
1200 355 176 40 betydelse
1397 356 54 30 för
1472 357 67 30 den
1559 358 219 31 medicinska

289 395 303 40 isotopteknikens
614 398 201 39 utveckling
835 399 53 29 till
911 408 43 20 en
975 409 42 20 ur
1039 400 451 42 patientskyddssynpunkt
1512 404 139 38 mycket
1675 404 102 29 säker

289 441 166 29 metodik.

333 485 138 40 Frågan
492 495 56 21 om
568 487 201 31 inrättande
790 497 43 21 av
854 498 42 21 en
918 489 150 31 särskild
1089 491 299 40 isotopkommitté
1410 492 45 41 på
1475 493 194 40 riksplanet
1689 496 87 28 utan

290 532 204 39 anslutning
514 532 53 30 till
588 532 105 40 något
715 534 142 30 särskilt
880 535 151 39 sjukhus
1053 536 159 31 kommer
1234 539 50 28 att
1306 540 171 38 upptagas
1499 539 52 29 till
1573 539 203 31 diskussion

289 585 43 21 av
356 576 66 30 den
448 579 231 39 expertgrupp
706 588 75 21 som
806 580 143 30 tillsatts
975 590 42 21 av
1042 581 279 41 socialstyrelsen
1347 583 54 30 för
1427 585 50 29 att
1502 584 125 30 utreda
1652 584 123 40 frågan

289 630 56 21 om
360 622 418 32 kontrollbestämmelser
792 625 55 30 för
860 626 220 30 radioaktiva
1093 627 203 31 läkemedel.

333 668 288 39 Patientskyddet
647 669 95 30 inom
769 671 349 39 röntgendiagnostik
1144 673 65 29 och
1235 674 361 40 röntgenbehandling
1621 675 65 29 har
1712 686 63 19 un-

288 712 61 30 der
367 713 42 29 de
427 715 137 29 senaste
581 713 84 31 åren
681 715 91 30 varit
790 715 148 31 föremål
956 716 54 31 för
1029 718 314 40 uppmärksamhet
1360 720 80 29 med
1458 720 138 40 hänsyn
1613 721 45 29 bl.
1673 730 29 21 a.
1721 721 53 30 till

288 760 50 27 att
362 759 130 30 antalet
514 760 218 30 medicinska
754 762 453 41 röntgenundersökningar
1231 764 132 40 årligen
1387 766 85 29 ökar
1497 766 177 40 samtidigt
1699 775 75 21 som

288 804 352 40 undersökningarna
659 806 67 29 blir
747 816 42 20 av
809 808 137 29 alltmer
967 808 237 40 komplicerad
1225 812 115 28 natur.
1362 811 71 29 Mot
1454 811 114 30 denna
1588 812 186 39 bakgrund

286 848 65 29 har
373 849 56 29 det
451 849 180 31 framstått
653 860 75 20 som
749 852 214 39 nödvändigt
986 855 50 27 att
1059 854 110 39 skapa
1191 856 174 37 garantier
1388 856 54 29 för
1465 858 50 27 att
1537 857 236 39 patientstrål-

288 893 146 38 skyddet
457 894 78 29 icke
558 895 174 38 undergår
755 896 115 38 någon
894 896 222 41 försämring.
1140 898 93 30 Från
1258 899 414 39 strålskyddsinstitutets
1698 901 76 29 sida

285 937 65 30 har
369 937 122 31 därvid
511 939 141 30 särskilt
672 940 214 31 framhållits
905 943 50 29 att
974 942 178 40 pågående
1169 944 285 31 internationella
1472 945 228 40 utredningar
1719 947 54 28 ut-

284 983 94 30 visar
397 985 50 28 att
466 993 43 21 en
528 985 128 30 kritisk
674 987 216 39 granskning
909 997 42 20 av
968 988 285 31 indikationerna
1272 990 54 29 för
1345 991 427 39 röntgenundersökning-

286 1036 39 20 ar
337 1028 124 30 härvid
476 1029 38 29 är
528 1039 42 20 av
583 1030 71 29 lika
669 1032 87 28 stort
769 1032 106 29 värde
890 1041 74 21 som
978 1033 164 30 tekniska
1156 1035 304 39 skyddsåtgärder.

331 1081 285 41 Socialstyrelsen
637 1084 64 30 har
723 1085 10 29 i
755 1086 126 39 början
904 1096 42 21 av
967 1087 38 30 år
1030 1087 82 31 1968
1134 1089 125 29 tillsatt
1282 1099 42 20 en
1348 1090 139 39 speciell
1509 1090 188 39 utredning
1718 1090 54 29 rö-

285 1136 108 30 rande
413 1137 198 30 indikation
632 1139 64 29 och
717 1139 326 32 kontraindikation
1065 1141 54 30 för
1139 1143 361 40 röntgenbehandling
1521 1153 42 20 av
1583 1144 187 34 arthroser,

285 1190 163 39 lumbago
470 1191 65 29 och
556 1192 167 30 liknande
745 1193 279 31 smärttillstånd.
1048 1195 79 30 Som
1150 1198 48 27 ett
1220 1197 55 29 led
1296 1197 10 29 i
1330 1197 95 29 detta
1446 1197 325 39 utredningsarbete

283 1243 100 39 ingär
403 1253 42 20 en
464 1246 203 38 prospektiv
687 1246 354 41 efterundersökning
1061 1258 41 21 av
1121 1250 172 39 patienter
1313 1251 79 29 med
1414 1251 274 39 ledsjukdomar,
1709 1252 62 29 vil-

284 1297 68 29 ken
370 1297 124 30 väntas
511 1298 47 30 bli
578 1299 151 30 slutförd
748 1301 111 29 under
876 1301 107 30 våren
1004 1302 82 30 1969
1105 1303 64 29 och
1189 1303 152 30 därefter
1360 1305 70 29 kan
1449 1305 117 38 läggas
1585 1305 52 29 till
1657 1305 112 39 grund

284 1350 54 30 för
353 1351 141 29 fortsatt
509 1353 335 39 utredningsarbete.

329 1404 284 40 Socialstyrelsen
633 1406 64 29 har
716 1407 120 29 vidare
855 1408 10 29 i
886 1408 154 30 februari
1064 1409 82 30 1969
1167 1410 151 30 beslutat
1339 1413 50 27 att
1409 1411 147 29 tillsätta
1577 1421 42 20 en
1640 1412 129 29 arbets-

283 1465 111 33 grupp
421 1458 54 30 för
501 1461 50 28 att
577 1461 124 29 utreda
727 1461 300 41 säkerhetsfrågor
1052 1464 58 29 vid
1135 1464 463 40 röntgenundersökningar,
1627 1466 142 29 särskilt

282 1512 80 30 med
381 1512 139 40 hänsyn
539 1514 53 28 till
612 1514 295 40 komplikationer
927 1516 57 29 vid
1003 1517 94 29 vissa
1117 1518 439 39 undersökningsmetoder
1579 1521 90 28 samt
1689 1520 80 29 med

281 1565 139 40 hänsyn
434 1567 52 28 till
499 1567 384 40 patientstrålskyddet.

327 1619 121 30 Såsom
467 1629 41 21 av
526 1620 56 30 det
600 1630 89 20 ovan
707 1622 149 30 anförda
874 1622 163 40 framgår,
1057 1624 38 29 är
1114 1625 41 29 de
1173 1634 41 20 av
1231 1626 220 29 motionären
1469 1626 148 30 berörda
1633 1627 135 39 proble-

281 1682 81 21 men
379 1673 148 30 föremål
545 1674 54 30 för
616 1676 315 39 uppmärksamhet
949 1677 79 30 från
1047 1677 94 30 såväl
1161 1680 131 28 statens
1312 1679 362 40 strålskyddsinstitut
1693 1690 74 21 som

282 1727 279 39 socialstyrelsen
576 1728 65 29 och
654 1729 112 29 under
778 1729 213 40 behandling
1003 1731 11 29 i
1028 1731 178 39 pågående
1219 1733 238 39 utredningar.

324 1780 139 29 Statens
483 1780 363 40 strålskyddsinstitut
866 1783 213 36 framhåller,
1101 1787 50 27 att
1170 1786 67 29 den
1257 1786 99 40 fråga
1376 1796 74 20 som
1470 1789 53 28 tas
1544 1797 70 30 upp
1635 1797 41 21 av
1695 1797 73 21 mo-

280 1834 161 29 tionären
462 1834 38 29 är
520 1835 111 39 viktig
651 1836 65 29 och
738 1838 49 27 att
809 1837 67 29 den
898 1837 106 30 också
1023 1839 58 29 vid
1103 1838 177 40 åtskilliga
1299 1840 163 30 tillfällen
1483 1841 65 29 har
1568 1842 106 38 tagits
1695 1851 71 31 upp

281 1887 95 30 såväl
388 1888 96 29 inom
500 1888 137 40 Sverige
652 1898 74 21 som
741 1899 41 20 av
795 1890 284 31 internationella
1094 1894 238 38 expertorgan.

325 1941 422 41 Strålningsregistrering
768 1944 70 29 kan
861 1945 60 29 ske
942 1945 106 30 bland
1070 1948 107 28 annat
1198 1947 11 29 i
1233 1947 90 39 syfte
1345 1949 50 28 att
1417 1948 185 30 förhindra
1624 1958 42 21 en
1688 1959 79 28 oav-

281 1994 119 39 siktlig
416 1996 203 39 anhopning
636 2006 41 20 av
693 1997 90 39 höga
801 1998 188 30 stråldoser
1007 2008 74 20 som
1100 2001 113 28 skulle
1230 2001 122 29 kunna
1367 2011 84 20 vara
1469 2003 137 38 skadlig
1622 2003 55 29 för
1695 2003 71 29 sär-

281 2048 82 29 skilt
380 2050 133 28 utsatta
529 2049 183 31 individer.
730 2051 103 29 Detta
850 2052 91 39 syfte
958 2062 102 30 synes
1077 2063 83 20 vara
1178 2054 56 29 det
1253 2063 74 21 som
1345 2056 220 29 motionären
1583 2066 99 20 avser
1700 2057 65 29 och

279 2102 38 28 är
337 2102 105 30 också
462 2103 56 29 det
539 2104 89 29 enda
648 2113 74 20 som
741 2105 11 28 i
773 2105 41 29 de
833 2106 284 30 internationella
1136 2108 289 30 diskussionerna
1444 2109 64 29 har
1529 2112 132 27 ansetts
1681 2120 84 20 vara

278 2155 130 40 rimligt
423 2157 50 28 att
487 2157 178 39 överväga.

323 2209 64 30 Det
410 2209 64 30 har
497 2210 109 30 visats
631 2213 49 28 att
705 2221 42 20 en
772 2212 417 42 strålningsregistrering
1213 2224 75 20 som
1313 2215 167 31 omfattar
1505 2217 177 40 uppgifter
1706 2227 57 21 om

279 2263 194 30 stråldosen
491 2264 58 29 vid
569 2265 93 29 olika
681 2266 304 39 undersökningar
1005 2267 64 29 och
1088 2268 253 40 behandlingar
1361 2270 148 39 troligen
1528 2271 73 29 inte
1620 2272 70 28 kan
1710 2279 54 32 ge-

277 2316 181 30 nomföras
477 2318 45 39 på
541 2319 48 28 ett
607 2318 326 31 tillfredsställande
954 2320 68 30 sätt
1040 2321 12 29 i
1071 2321 198 39 praktiken.
1290 2322 82 30 Man
1391 2323 64 29 har
1474 2323 11 29 i
1507 2324 114 30 stället
1640 2325 11 29 i
1671 2325 92 39 regel

277 2371 114 29 ansett
410 2372 49 28 att
479 2371 56 29 det
554 2371 38 29 är
610 2371 203 41 tillräckligt
832 2375 50 28 att
900 2374 186 39 registrera
1105 2375 50 29 att
1174 2384 42 20 en
1234 2375 71 30 viss
1323 2377 60 39 typ
1403 2386 42 21 av
1464 2376 300 42 strålbehandling

277 2424 82 29 eller
372 2424 279 41 -undersökning
663 2425 64 30 har
741 2426 57 39 ägt
811 2435 90 21 rum.

321 2477 243 31 Stråldoserna
578 2478 54 30 till
646 2479 180 40 patienten
840 2480 59 30 vid
914 2481 95 29 olika
1023 2482 100 39 typer
1139 2491 42 21 av
1195 2482 197 30 medicinsk
1406 2483 217 40 bestrålning
1638 2485 38 29 är
1692 2486 71 29 rätt
