2218 2640
474 192 39 30 20

432 287 70 35 den
542 288 90 43 stad,
675 301 77 22 som
785 293 131 30 största
943 287 260 47 folkmängden

433 350 95 34 eger.

483 389 12 34 I
531 389 90 42 stad,
657 402 79 22 som
767 389 64 35 har
858 394 54 30 att
939 402 122 22 ensam
1090 389 113 35 sända

432 452 43 22 en
508 440 87 34 eller
624 440 88 34 flere
739 439 263 47 riksdagsmän,
1031 439 170 36 förrättas

433 490 101 34 valen
568 489 224 36 omedelbart
823 490 95 35 inför
951 491 250 46 magistraten;

432 540 65 35 och
526 543 69 40 må,
624 540 65 36 der
716 541 84 35 flere
828 541 251 46 riksdagsmän
1102 541 102 35 skola

432 595 109 38 utses,
583 591 139 43 staden,
763 594 45 45 på
848 596 71 31 sätt
960 604 57 23 om
1054 592 58 34 val
1144 592 58 35 till

431 640 333 48 stadsfullmägtige
796 649 39 28 är
867 642 179 46 stadgadt,
1080 642 123 35 kunna
1233 674 1 3 |

430 691 139 36 indelas
587 692 12 34 i
618 692 210 35 valkretsar.
867 693 13 35 I
898 692 92 43 stad,
1007 692 63 36 der
1086 693 115 46 magi-

431 747 91 30 strat
556 742 29 47 ej
621 743 127 43 finnes,
782 743 90 35 skall
906 743 71 35 den
1008 743 56 35 för
1091 743 110 35 sådan

430 793 78 34 stad
549 793 172 35 särskildt
752 794 151 35 tillsatta
935 794 151 48 styrelse
1113 795 89 34 eller

430 843 81 35 dess
541 843 218 36 ordförande
786 850 85 42 taga
898 844 70 36 den
996 844 205 47 befattning
1231 850 2 44 |

430 893 80 35 med
552 894 374 46 riksdagsmannaval,
967 908 79 22 som
1084 895 116 47 enligt
1231 899 1 33 |

429 943 118 36 denna
574 941 18 48 $
620 950 96 30 samt
744 942 39 49 $$
813 947 55 42 18,
900 947 46 34 20
971 946 66 35 och
1058 947 44 33 22
1123 946 75 35 till-
1230 967 2 13 |

430 994 65 35 hör
526 995 191 47 magistrat
748 997 86 34 eller
860 996 81 36 dess
969 995 228 37 ordförande.

1181 1448 19 48 $

480 1554 30 32 1.
552 1543 58 44 Är
630 1555 120 43 någon
770 1551 175 47 missnöjd
965 1552 82 35 med
1066 1553 56 34 val
1142 1552 57 35 till

427 1602 251 46 riksdagsman
702 1603 11 34 i
735 1602 123 35 Andra
886 1602 228 44 Kammaren,
1140 1606 59 32 må

426 1653 71 34 han
528 1653 168 35 deröfver
727 1652 124 36 anföra
879 1653 128 35 besvär
1034 1654 63 34 hos
1125 1653 73 35 Ko-

426 1715 164 34 nungens
631 1703 399 47 befallningshafvande
1068 1705 12 34 i
1120 1705 78 33 val-

425 1759 104 30 orten
555 1755 98 42 eller,
679 1754 64 35 der
761 1753 102 47 fråga
881 1768 61 22 om
961 1755 58 34 val
1037 1754 56 36 för
1111 1755 88 35 flera

426 1804 120 36 städer
577 1805 193 45 handlagts
797 1805 99 35 inom
925 1805 174 35 särskilda
1125 1806 71 43 län,

426 1855 64 35 hos
530 1854 425 47 befallningshafvanden
986 1856 12 34 i
1030 1856 60 34 det
1125 1857 71 39 län,

426 1905 64 35 der
534 1906 149 46 slutliga
728 1906 319 47 handläggningen
1091 1907 105 34 skett.

425 1955 69 36 För
521 1956 60 35 det
609 1957 167 34 ändamål
805 1968 83 34 eger
912 1957 203 46 klaganden
1133 1957 65 35 hos

425 2006 267 36 domhafvande
737 2008 87 34 eller
868 2008 201 46 magistrat,
1119 2021 78 21 som

425 2058 171 45 slutligen
616 2057 175 46 handlagt
809 2057 200 47 valfrågan,
1032 2058 84 35 äska
1135 2058 62 35 be-

425 2108 120 46 hörigt
558 2108 345 47 protokollsutdrag,
921 2109 137 35 hvilket
1071 2114 127 40 genast

423 2159 88 34 eller
541 2159 100 34 inom
674 2159 106 45 högst
811 2162 60 32 två
903 2159 112 46 dagar
1042 2158 156 36 derefter

424 2209 66 34 bör
508 2209 56 34 till
583 2209 204 46 klaganden
807 2210 195 41 utlemnas;
1024 2210 64 34 och
1107 2210 90 35 skall

424 2259 82 43 han,
539 2258 62 35 vid
631 2259 134 36 förlust
796 2259 39 35 af
863 2261 110 42 talan,
1008 2260 63 35 sist
1097 2261 100 34 inom

877 191 385 32 Konstitutionsutskottets
1290 191 166 33 Utlåtande
1478 192 63 32 N:r
1562 193 31 30 3.

1273 289 65 35 och
1370 289 101 35 skola
1499 288 56 36 för
1582 295 183 30 rösternas
1793 291 248 35 sammanräk-

1273 339 118 35 nande
1431 340 65 35 och
1536 339 191 48 fullmagts
1760 340 216 37 utfärdande
2006 345 36 32 åt

1272 389 80 44 den,
1387 403 77 22 som
1492 390 44 36 de
1564 391 104 35 flesta
1694 396 164 30 rösterna
1885 393 155 39 erhållit,

1271 441 287 47 valprotokollen
1586 442 182 43 insändas,
1794 441 58 36 för
1870 442 170 35 kommu-

1273 503 112 23 nerna
1404 495 20 31 å
1442 491 122 36 landet
1583 492 57 35 till
1661 491 294 37 domhafvanden
1975 493 65 35 och

1272 541 56 35 för
1367 542 168 35 städerna
1572 543 57 34 till
1668 543 237 46 magistraten
1931 544 13 34 i
1971 543 69 35 den

1272 592 91 43 stad,
1393 605 77 23 som
1499 598 132 30 största
1658 593 261 47 folkmängden
1945 607 94 33 eger.

1321 643 15 34 I
1368 643 91 40 stad,
1493 656 76 23 som
1602 644 66 34 har
1697 648 53 31 att
1777 657 124 22 ensam
1929 645 112 35 sända

1271 706 44 22 en
1348 694 87 35 eller
1461 694 87 35 flere
1574 694 268 47 riksdagsmän,
1870 694 171 37 förrättas

1272 744 104 35 valen
1408 744 225 36 omedelbart
1663 744 96 36 inför
1787 746 251 46 magistraten;

1270 795 65 34 och
1364 798 68 39 må,
1463 795 63 35 der
1552 796 88 34 flere
1667 795 254 47 riksdagsmän
1941 796 100 35 skola

1271 850 107 38 utses,
1420 845 137 44 staden,
1599 849 46 44 på
1686 851 72 30 sätt
1795 859 59 22 om
1893 847 59 34 val
1984 847 56 34 till

1271 895 327 47 stadsfullmägtige
1630 903 40 28 är
1702 896 181 47 stadgadt,
1917 897 123 35 kunna

1268 946 139 35 indelas
1426 946 11 34 i
1457 947 210 35 valkretsar.
1707 947 13 34 I
1737 947 90 40 stad,
1844 947 65 35 der
1924 948 115 46 magi-

1269 1002 91 29 strat
1397 997 30 46 ej
1468 997 127 43 finnes,
1629 998 92 35 skall
1748 997 70 36 den
1845 997 56 36 för
1929 998 110 35 sådan

1269 1047 78 35 stad
1381 1047 171 36 särskildt
1583 1049 153 34 tillsatta
1768 1049 153 48 styrelse
1955 1049 86 35 eller

1269 1097 81 36 dess
1377 1097 218 36 ordförande
1622 1104 86 41 taga
1735 1098 71 36 den
1833 1098 207 47 befattning

1271 1148 81 35 med
1394 1148 372 47 riksdagsmannaval,
1808 1162 78 22 som
1926 1150 115 46 enligt

1269 1198 118 35 denna
1427 1196 18 48 $
1486 1204 93 30 samt
1619 1196 39 49 $$
1703 1202 56 40 18,
1802 1201 46 34 20
1885 1200 66 35 och
1994 1202 44 32 22

1269 1249 124 35 tillhör
1446 1249 190 47 magistrat
1689 1251 88 34 eller
1826 1250 80 36 dess
1955 1250 84 36 ord-

1269 1298 161 37 förande.

1230 1452 56 33 22.

1323 1555 30 31 1.
1395 1550 58 37 År
1472 1556 120 43 någon
1611 1553 176 47 missnöjd
1808 1553 82 35 med
1908 1555 58 33 val
1985 1554 56 35 till

1269 1603 251 47 riksdagsman
1543 1604 11 34 i
1574 1603 127 35 Andra
1729 1603 228 45 Kammaren,
1983 1608 58 31 må

1270 1654 70 34 han
1371 1653 166 36 deröfver
1569 1653 125 36 anföra
1721 1654 128 35 besvär
1875 1655 65 35 hos
1969 1654 72 35 Ko-

1269 1716 165 34 nungens
1474 1703 397 48 befallningshafvande
1911 1706 12 33 i
1963 1706 76 34 val-

1268 1759 103 30 orten
1397 1756 98 42 eller,
1521 1755 64 35 der
1602 1754 104 47 fråga
1724 1768 60 22 om
1803 1756 58 34 val
1880 1754 56 36 för
1954 1756 87 34 flera

1268 1805 193 47 domsagor
1487 1806 88 34 eller
1594 1805 120 36 städer
1732 1806 191 46 handlagts
1941 1807 99 34 inom

1268 1856 174 35 särskilda
1473 1857 70 40 län,
1578 1856 64 36 hos
1669 1856 371 46 befallningshafvan-

1268 1906 69 35 den
1364 1907 12 34 i
1403 1906 61 36 det
1490 1907 71 40 län,
1587 1907 64 35 der
1671 1908 148 45 slutliga
1840 1906 200 47 handlägg-

1269 1958 133 45 ningen
1430 1957 104 35 skett.
1580 1957 71 35 För
1678 1957 61 35 det
1766 1957 167 35 ändamål
1957 1969 84 34 eger

1268 2007 202 47 klaganden
1489 2008 63 34 hos
1571 2007 267 36 domhafvande
1857 2009 88 34 eller
1964 2021 76 21 ma-

1267 2059 140 45 gistrat,
1442 2071 77 22 som
1553 2059 173 46 slutligen
1758 2058 174 47 handlagt
1963 2060 77 33 val-

1267 2108 138 47 frågan,
1460 2109 84 34 äska
1602 2109 167 46 behörigt
1822 2109 218 47 protokolls-

1268 2159 142 46 utdrag,
1428 2160 136 34 hvilket
1577 2165 128 40 genast
1719 2160 88 35 eller
1821 2160 100 33 inom
1936 2159 104 46 högst

1268 2213 59 32 två
1355 2210 112 46 dagar
1493 2209 158 36 derefter
1678 2210 66 35 bör
1762 2210 56 34 till
1838 2209 202 45 klaganden

1269 2261 194 42 utlemnas;
1489 2261 66 34 och
1575 2260 91 35 skall
1687 2261 81 41 han,
1785 2259 61 34 vid
1860 2258 132 37 förlust
2006 2259 39 35 af
