1884 2820
487 142 395 35 Jordbruksutskottets
911 142 186 32 utlåtande
1125 142 53 32 Nr
1205 142 28 30 S$.
1551 142 17 31 5)

110 219 131 32 skottet
271 219 229 35 fortfarande
527 220 115 34 håller
671 220 87 36 före,
787 221 55 33 att
869 219 316 35 bestämmelserna
1214 230 55 22 om
1297 222 149 32 rösträtt
1475 221 21 31 å
1524 223 84 33 väg-

109 264 152 34 stämma
287 262 79 36 icke
390 265 63 30 äro
477 262 338 36 tillfredsställande
840 265 92 30 samt
957 265 54 29 att
1037 273 43 25 en
1105 262 190 37 jämkning
1321 263 221 31 härutinnan
1568 266 40 28 är

109 305 189 37 önskvärd,
319 305 120 31 finner
460 308 92 29 även
572 306 175 31 utskottet
768 306 200 36 angeläget,
988 307 54 30 att
1063 306 282 35 ifrågavarande
1366 307 173 34 spörsmål
1559 316 49 20 nu

107 350 256 35 återupptages
389 348 58 32 till
472 349 229 36 behandling.
746 348 184 32 Utskottet
955 349 67 31 har
1048 349 198 31 emellertid
1271 349 62 31 vid
1360 349 248 36 övervägande

106 402 46 21 av
179 392 287 31 motionärernas
494 392 136 36 förslag
658 392 58 31 till
743 391 218 37 lagändring
989 392 77 31 icke
1093 392 107 31 blivit
1227 394 198 34 övertygat,
1452 394 53 29 att
1534 392 71 31 det-

105 445 137 21 samma
266 435 115 32 skulle
404 435 175 31 innebära
603 445 43 21 en
669 435 86 32 fullt
778 435 136 36 lycklig
939 435 151 37 lösning.
1134 435 71 32 Vid
1228 436 129 33 sådant
1381 436 225 34 förhållande

106 479 65 30 och
190 479 46 31 då
253 479 13 30 i
286 479 101 36 varje
408 479 66 30 fall
492 498 40 3 —
550 479 80 30 med
649 478 142 36 hänsyn
810 478 147 32 särskilt
976 478 56 31 till
1052 477 42 32 de
1112 479 260 31 konsekvenser
1391 489 42 20 en
1452 479 154 36 ändring

106 522 13 31 i
146 522 43 31 de
214 521 212 32 nuvarande
453 521 314 32 bestämmelserna
793 521 139 33 komme
959 523 54 30 att
1040 522 173 33 innebära
1240 541 39 3 —
1304 532 104 26 synes
1433 522 173 31 utskottet

105 564 242 37 erforderligt,
375 567 55 30 att
457 574 43 22 en
527 566 167 30 närmare
722 564 194 36 utredning
944 564 12 31 i
983 566 120 30 ämnet
1129 564 158 32 kommer
1313 565 56 31 till
1397 565 114 36 stånd,
1539 565 66 31 har

105 609 175 31 utskottet
300 610 118 30 ansett
438 608 54 37 sig
512 608 86 32 böra
619 608 141 35 föreslå,
781 610 54 29 att
853 608 194 36 riksdagen
1065 609 94 36 ånyo
1179 608 63 32 hos
1261 608 133 37 Kungl.
1414 608 109 37 Maj:t
1542 611 63 34 gör

106 652 273 37 framställning
400 662 58 22 om
477 651 102 38 dylik
599 651 224 38 utredning.»

146 722 19 31 I
185 721 212 36 anslutning
418 721 126 32 härtill
564 721 156 37 begärde
741 720 203 37 riksdagen,
964 722 54 30 att
1039 721 134 36 Kungl.
1195 721 111 36 Maj:t
1327 723 110 30 måtte
1458 722 74 30 låta
1554 725 52 27 ut-

107 774 96 36 reda,
229 773 184 31 huruvida
440 783 44 21 en
509 773 244 36 begränsning
780 772 108 32 borde
915 773 60 30 ske
1001 773 13 30 i
1041 773 107 36 fråga
1173 783 57 21 om
1255 775 194 29 rösträtten
1476 775 21 29 å
1524 776 82 33 väg-

105 827 163 34 stämma,
296 827 92 29 samt
416 825 56 31 för
500 824 194 37 riksdagen
723 824 205 36 framlägga
956 824 57 31 det
1041 824 147 36 förslag,
1217 825 123 30 vartill
1367 825 238 37 utredningen

106 877 119 35 kunde
248 877 85 37 giva
356 876 205 38 anledning.

146 936 101 33 Även
281 938 61 30 vid
377 938 85 31 1927
496 939 56 29 års
584 937 140 36 riksdag
757 937 139 31 väcktes
924 937 82 30 flera
1029 937 168 30 motioner
1220 937 145 31 rörande
1388 937 186 36 ändringar
1598 939 11 29 i

101 989 304 32 bestämmelserna
438 990 176 35 angående
646 991 228 33 vägstämma.
927 989 54 30 En
1013 989 129 32 motion
1178 989 153 37 (IT:252)
1366 990 105 35 avsåg
1507 990 102 30 inför-

99 1041 89 31 ande
211 1052 46 20 av
279 1042 134 30 allmän
437 1042 60 30 och
521 1042 73 30 lika
617 1042 141 30 rösträtt
781 1041 60 30 vid
865 1042 225 34 vägstämma.
1137 1041 54 30 En
1218 1051 115 20 annan
1361 1041 152 36 (IT:4635)
1531 1042 78 35 gick

101 1094 39 29 ut
174 1094 43 35 på
251 1093 188 36 skyndsam
470 1093 186 36 utredning
679 1093 13 30 i
715 1093 90 36 syfte
836 1093 50 30 att
909 1092 317 31 beslutanderätten
1249 1093 93 30 inom
1366 1093 243 36 vägdistriktet

99 1145 107 31 måtte
240 1146 120 31 kunna
393 1146 218 30 överlämnas
644 1145 56 31 till
731 1145 231 36 fullmäktige,
989 1145 105 30 valda
1122 1145 109 36 enligt
1258 1145 258 36 proportionellt
1539 1145 70 31 val-

99 1199 129 35 system
251 1198 63 30 och
337 1199 43 35 på
404 1198 172 36 grundval
600 1208 45 21 av
669 1197 424 35 rösträttsbestämmelser,
1118 1207 73 21 som
1215 1198 85 35 gåve
1316 1207 41 21 en
1375 1199 66 29 röst
1458 1198 54 30 till
1529 1200 80 34 väg-

99 1250 329 36 hållningsskyldig.
461 1250 174 37 Slutligen
652 1250 233 31 framställdes
900 1251 13 29 i
929 1251 48 29 ett
992 1260 62 25 par
1069 1250 168 30 motioner
1253 1250 48 35 (II
1313 1250 58 30 :10
1388 1251 60 29 och
1465 1250 36 30 II
1513 1251 94 36 :464)

98 1302 13 30 i
138 1303 49 30 ett
210 1302 111 31 flertal
345 1302 190 31 avseenden
558 1303 177 30 önskemål
758 1312 56 20 om
838 1302 198 31 erhållande
1059 1311 43 21 av
1126 1302 170 36 tydligare
1320 1302 60 31 och
1403 1302 205 36 utförligare

98 1353 258 32 bestämmelser
390 1354 144 31 rörande
568 1356 227 34 vägstämma.
843 1354 18 30 TI
884 1354 186 36 anledning
1093 1364 43 20 av
1160 1354 93 31 dessa
1278 1355 165 30 motioner
1466 1355 142 30 anförde

99 1406 85 31 1927
208 1407 56 30 års
288 1407 316 36 jordbruksutskott
627 1407 168 36 följande:

145 1458 138 31 »Såsom
307 1459 154 36 framgår
484 1469 44 20 av
552 1459 56 31 det
632 1459 202 35 föregående
858 1459 62 30 har
944 1459 122 36 frågan
1091 1468 54 21 om
1170 1459 150 30 revision
1335 1469 44 20 av
1396 1459 211 30 bestämmel-

98 1511 100 21 serna
229 1502 176 36 angående
439 1504 141 29 rösträtt
614 1504 20 29 å
669 1504 216 35 vägstämma
916 1502 105 31 redan
1053 1502 118 36 bragts
1205 1502 107 31 under
1335 1502 119 35 Kungl
1489 1502 117 36 Maj:ts

96 1546 174 38 prövning
294 1547 44 35 på
361 1546 113 37 grund
498 1557 43 20 av
565 1547 202 35 riksdagens
783 1546 193 35 skrivelser,
993 1548 114 29 senast
1125 1548 39 28 år
1180 1547 94 29 1924.
1314 1546 51 30 Då
1382 1546 116 30 vidare
1514 1546 89 30 detta

96 1590 168 35 spörsmål
299 1592 39 28 är
372 1601 45 19 av
452 1590 181 31 invecklad
667 1590 234 31 beskaffenhet
932 1590 61 30 och
1025 1590 131 36 jämväl
1189 1600 98 26 synes
1319 1592 64 33 äga
1411 1590 85 30 visst
1519 1600 87 20 sam-

96 1633 177 37 manhang
296 1633 78 31 med
399 1635 175 35 utgången
598 1634 12 30 i
634 1634 65 31 den
720 1634 59 31 vid
797 1634 234 30 innevarande
1048 1634 138 34 riksdag
1204 1633 189 36 framlagda
1411 1634 122 34 frågan
1550 1644 55 20 om

95 1677 153 32 ändrade
271 1678 344 36 vägskattegrunder,
639 1688 100 21 anser
762 1678 166 31 utskottet
951 1688 47 20 nu
1022 1677 192 36 tillräcklig
1229 1678 186 35 anledning
1432 1677 74 31 icke
1524 1678 81 30 före-

95 1721 96 36 ligga
222 1723 50 29 att
295 1731 150 26 upprepa
468 1722 256 31 hänvändelsen
748 1722 56 30 till
828 1722 130 36 Kungl.
983 1721 110 36 Maj:t,
1118 1732 78 20 men
1221 1722 198 30 förutsätter
1442 1722 164 30 utskottet

95 1765 160 35 givetvis,
278 1766 53 30 att
354 1765 65 30 den
442 1776 45 19 av
511 1765 184 36 riksdagen
719 1765 149 36 begärda
884 1765 228 36 utredningen
1130 1766 36 29 så
1183 1767 95 28 snart
1294 1766 58 29 ske
1368 1766 68 29 kan
1453 1766 153 29 kommer

94 1809 51 29 att
177 1808 76 32 leda
278 1808 55 31 till
357 1809 148 35 positiva
528 1810 82 34 steg.
657 1809 76 30 Vad
757 1810 12 29 i
792 1809 42 30 de
856 1808 169 31 särskilda
1048 1809 214 30 motionerna
1286 1809 130 30 anförts
1441 1826 37 3 —
1504 1809 11 29 i
1540 1809 64 29 den

94 1853 82 29 mån
211 1852 56 30 det
299 1852 68 30 kan
390 1862 99 20 anses
512 1852 167 31 innebära
702 1862 69 26 nya
795 1852 213 36 synpunkter
1032 1870 39 3 —
1096 1862 99 26 synes
1218 1852 163 30 utskottet
1404 1852 57 29 väl
1485 1852 119 30 kunna

94 1895 109 30 vinna
237 1895 187 36 tillbörligt
459 1895 188 31 beaktande
681 1895 61 31 vid
777 1896 106 35 sagda
916 1895 197 36 utredning,
1149 1897 83 29 utan
1256 1898 51 28 att
1330 1895 145 30 särskild
1502 1895 101 31 fram-

94 1938 170 36 ställning
287 1939 119 30 därom
429 1939 79 30 sker
530 1939 56 30 till
610 1939 131 35 Kungl.
767 1939 131 35 Maj:t.»

137 2033 119 31 Såsom
280 2034 155 36 framgår
458 2044 45 20 av
527 2034 56 31 det
606 2034 203 36 föregående
832 2034 151 30 befinner
1007 2034 53 34 sig
1084 2033 123 36 frågan
1223 2043 55 20 om
1296 2033 148 31 ändrade
1461 2034 142 30 bestäm-

92 2086 125 31 melser
240 2087 146 30 rörande
410 2089 218 34 vägstämma
644 2088 44 38 på
705 2087 114 35 grund
835 2097 46 20 av
897 2086 200 35 riksdagens
1113 2086 193 35 skrivelser,
1323 2087 113 29 senast
1451 2087 39 29 år
1508 2087 94 34 1924,

91 2137 111 32 under
235 2138 186 37 utredning
456 2139 60 30 hos
544 2139 132 36 Kungl.
707 2139 111 37 Maj:t.
864 2138 69 31 Vid
957 2138 121 31 sådant
1102 2138 215 31 förhållande
1340 2138 59 30 och
1424 2138 44 30 då
1491 2138 40 30 de
1555 2148 47 21 nu

92 2190 228 32 förevarande
344 2191 212 31 motionerna
579 2192 74 31 icke
676 2201 103 27 synas
802 2191 172 30 innefatta
998 2191 108 35 några
1130 2200 69 26 nya
1223 2191 141 35 uppslag
1387 2191 54 30 till
1463 2190 141 37 frågans

91 2242 148 37 lösning,
263 2243 65 30 har
351 2244 165 32 utskottet
538 2244 76 30 icke
637 2244 118 30 funnit
778 2243 190 36 tillräcklig
992 2243 188 35 anledning
1205 2243 166 35 föreligga
1394 2245 49 28 att
1459 2253 47 20 nu
1523 2253 80 26 upp-

91 2303 80 27 repa
205 2295 260 34 hänvändelsen
499 2296 55 30 till
583 2295 133 36 Kungl.
740 2295 111 36 Maj:t.
897 2295 18 31 I
939 2295 109 30 likhet
1071 2295 77 30 med
1172 2295 347 35 jordbruksutskottet
1542 2295 60 30 vid

91 2346 85 33 1927
199 2348 57 29 års
279 2347 140 36 riksdag
443 2347 203 32 förutsätter
669 2348 165 31 utskottet
857 2348 158 36 givetvis,
1039 2349 52 29 att
1112 2347 64 31 den
1194 2358 44 19 av
1255 2347 182 36 riksdagen
1453 2347 147 36 begärda

90 2398 232 37 utredningen
346 2400 38 30 så
408 2401 97 29 snart
528 2399 59 31 ske
609 2400 69 30 kan
703 2401 58 29 må
783 2400 139 31 komma
945 2401 51 29 att
1020 2399 74 31 leda
1118 2400 54 30 till
1198 2400 147 35 positiva
1368 2401 81 33 steg.

1663 2043 134 24 Utskottet.
