2214 2634
471 135 40 30 26
964 137 244 33 Statsutskottets
1231 139 167 32 Memorial
1421 141 63 31 N:o
1509 142 41 30 86

424 301 51 34 SE
513 301 33 34 ——
549 301 7 34 —
557 301 31 34 ———
647 301 66 34 "===
721 301 82 34 ==="
844 301 18 34 0
863 301 184 34 00IERORORSREEEEREDNERE
1070 301 60 34 ENE
1140 301 251 34 AOENOSREEERERRSAAAEEE
1416 301 24 34 EE
1444 301 285 34 ATEAAASEEEESAEAE
1756 301 67 34 ARA
1849 301 254 34 RR

1087 598 189 44 Transport

539 654 275 41 Meteorologiska
839 657 313 32 centralanstalten:
1294 672 1 49 |

430 689 94 82 Til
547 705 304 42 upprätthållande
882 707 38 31 af
946 707 228 49 fullständigt
1202 709 93 34 ord-
1280 701 19 59 |

569 747 65 31 nad
657 747 291 44 väderlekstjenst
972 750 58 31 vid
1054 751 174 32 anstalten
1267 745 28 49 .

484 802 12 15 >»
548 789 301 49 upprätthållande
884 791 38 32 af
942 803 40 20 en
1015 793 259 74 Mgbenselagie

569 831 129 32 station
721 832 12 31 i
757 832 176 33 Gellivare
972 860 5 5 .
1015 861 4 4 .
1056 861 130 6 ....

453 871 68 33 För
544 873 191 32 anstaltens
758 875 176 32 förseende
958 877 75 31 med
1049 877 140 42 dagliga
1206 889 68 20 me-

495 915 230 42 teorologiska
741 916 165 42 telegram
922 918 81 32 från
1019 919 181 32 Fseröarne
1214 916 81 35 och
1277 911 20 52 |

494 956 118 32 Island
636 946 32 63 so
679 984 46 5 so
781 984 112 6 ess
929 986 49 6 ss
1015 987 47 5 ss
1098 987 131 6 ss
1267 953 28 55 T

542 1020 90 81 Pisde
639 1025 112 72 Rekar
786 1027 175 39 sanstalter
994 1028 55 39 för
1076 1028 189 40 döfstumma
1293 1014 2 73 |

579 1067 56 30 och
659 1067 134 32 blinda:

428 1129 2 30 |
451 1115 69 32 För
554 1117 249 42 uppehållande
838 1119 37 32 af
900 1120 288 43 undervisningen
1216 1112 78 53 vid
1274 1108 24 61 |

428 1163 2 23 |
493 1158 292 34 läroanstalterna
811 1161 12 31 i
853 1161 175 33 Vadstena
1051 1163 57 32 och
1132 1164 162 32 Bollnäs

428 1211 2 14 |
494 1199 54 33 för
571 1201 198 43 öfveråriga
789 1203 230 49 döfstumma
1003 1195 24 61 .
1045 1195 24 61 .
1097 1231 5 6 .

428 1255 2 25 |
451 1241 73 32 Till
546 1243 331 34 handtverksskolan
900 1246 12 31 i
935 1232 262 48 Kristinehamn
1221 1232 73 48 för
1281 1228 17 61 |

494 1284 117 32 blinda
635 1312 4 5 «
677 1312 5 5 soo
761 1280 61 53 os
844 1280 107 53 soc
1010 1280 24 53 vo
1056 1280 17 53 sv
1097 1316 88 6 vn
1292 1266 1 60 |

428 1336 1 13 I
455 1325 64 33 För
542 1309 248 65 uppehållande
804 1314 47 48 af
870 1314 194 49 förskolans
1085 1333 53 31 för
1154 1317 118 47 blinda

494 1369 20 30 å
537 1369 204 33 Tomteboda
764 1372 220 32 verksamhet
1014 1400 4 5 .
1055 1400 5 5 .
1099 1400 2 5 .
1138 1401 5 5 .
1180 1400 113 6 oo)

427 1429 2 22 |
452 1410 73 32 Till
548 1411 188 43 tryckning
760 1414 38 31 af
818 1414 245 34 blindskrifter
1096 1443 4 4 .
1137 1443 5 5 .
1179 1443 5 5 .

427 1486 2 12 |
482 1466 12 15 »
546 1453 182 33 understöd
771 1457 37 30 åt
848 1456 326 34 blindlärareelever
1212 1443 58 47 och

426 1501 2 33 |
566 1496 261 33 reseunderstöd
851 1500 36 30 åt
911 1499 211 33 blindlärare
1220 1527 5 5 a

482 1551 11 14 >»
544 1537 209 49 förhyrande
780 1540 37 31 af
843 1541 93 31 lokal
952 1542 54 31 för
1024 1542 176 32 förskolan
1220 1527 47 47 för
1291 1530 1 4 |

566 1580 114 32 blinda
703 1592 13 20 i
738 1581 107 33 Vexiö
886 1609 4 5 .
928 1610 5 4 .
971 1610 213 6 ....o.w.
1291 1595 2 26 |

449 1621 68 32 För
544 1623 261 41 resestipendier
832 1626 36 30 åt
890 1625 246 40 föreståndare,
1160 1611 133 47 lärare
1279 1607 18 66 |

491 1664 59 31 och
584 1664 192 33 lärarinnor
810 1667 58 31 vid
897 1667 112 32 rikets
1033 1653 258 57 abnormskolor

491 1706 290 42 (döfstuamskolor,
806 1709 215 33 blindskolor
1045 1711 58 31 och
1125 1711 166 41 idiotan-
1276 1702 18 54 ;

490 1748 137 42 stalter)
674 1775 5 6 .
716 1776 467 8 soc
1005 1744 65 54 ss
1090 1744 95 54 sv
1221 1768 70 29 |

418 377 16 213 |

425 1828 2 27 |
538 1815 425 43 Undervisningsanstalter
988 1819 54 40 för
1057 1820 139 39 vanföra
1214 1821 57 30 och

425 1857 2 30 |
576 1858 98 40 lytta:

447 1906 73 32 Till
553 1908 186 33 understöd
767 1911 37 30 åt
832 1912 439 42 undervisningsanstalter

424 1948 2 38 |
489 1950 53 31 för
565 1951 143 33 vanföra
731 1952 62 32 och
816 1953 94 43 lytta
935 1966 41 20 m.
1001 1966 40 20 m.
1219 1981 48 5 i

532 2009 136 32 Diverse
692 2012 135 39 anslag:

424 2061 2 28 |
447 2058 70 32 Till
543 2061 148 32 svenska
711 2061 380 44 fornskriftsällskapet
1218 2091 5 5 .

423 2120 2 14 |
447 2101 67 32 För
543 2102 183 49 beredande
751 2105 39 31 af
807 2104 249 48 religionsvård
1074 2107 36 30 åt
1126 2091 143 47 svenske

563 2144 126 43 sjömän
714 2157 42 20 m.
781 2147 32 31 f.
837 2158 10 20 i
871 2147 187 32 utländska
1081 2148 141 32 hamnar

1079 2207 189 43 Transport
