1880 2784
541 161 331 37 Bevillningsutskottets
894 162 179 28 betänkande
1094 171 37 19 nr
1153 162 50 28 50.
1590 157 42 30 59

167 233 401 40 Departementschefen
594 235 161 29 kommer
782 235 146 29 därmed
955 235 38 29 in
1018 234 47 40 på
1091 234 127 39 frågan
1245 243 57 20 om
1330 234 42 29 de
1399 232 234 30 ekonomiska

113 284 345 41 förutsättningarna
477 287 57 29 för
554 295 44 21 en
618 286 177 40 sänkning
816 295 42 21 av
879 286 276 30 statsskatterna
1175 286 11 29 i
1208 285 206 30 nuvarande
1434 285 87 39 läge.
1552 284 80 30 Han

111 337 137 30 erinrar
276 346 58 21 om
361 339 51 28 att
440 339 69 29 den
536 338 186 30 minskade
752 326 282 42 skatteintäkten
1061 338 57 30 för
1146 339 116 28 staten
1288 337 58 30 vid
1374 338 51 28 ett
1451 336 181 40 genomfö-

111 390 109 29 rande
247 399 43 20 av
317 390 372 40 skatteutredningens
717 390 133 39 förslag
877 390 192 30 beräknats
1097 399 43 20 av
1166 389 237 39 utredningen
1429 389 46 40 på
1502 388 130 30 skatte-

113 442 205 39 underlaget
342 442 59 30 vid
429 442 85 30 1949
541 442 58 30 års
626 443 159 39 taxering
812 442 53 30 till
892 442 166 40 omkring
1084 441 64 30 265
1175 441 166 40 miljoner
1368 441 143 29 kronor.
1549 440 83 30 Om-

110 493 129 30 räknat
275 493 53 30 till
364 494 59 30 det
457 494 247 40 inkomstläge,
742 503 77 21 som
855 493 180 41 förutsågs
1071 494 59 30 vid
1165 493 419 39 budgetberäkningarna
1620 493 11 28 i

111 546 464 40 statsverkspropositionen
597 546 55 31 för
675 546 208 40 budgetåret
907 546 155 34 1932/53,
1087 546 115 30 skulle
1224 545 163 40 beloppet
1410 546 126 38 utgöra
1558 553 74 21 om-

110 597 104 40 kring
241 597 64 30 500
332 598 167 39 miljoner
525 598 142 30 kronor.
706 598 173 39 Slutligen
904 598 66 29 har
994 615 46 4 —
1065 598 81 30 med
1173 597 144 40 ledning
1343 606 44 21 av
1414 596 181 41 uppgifter
1619 597 12 28 i

110 649 89 40 april
220 649 84 30 1952
324 650 151 30 rörande
495 650 326 39 skatteunderlaget
840 650 55 30 för
917 649 143 32 1952/53
1079 667 46 4 —
1142 649 415 39 inkomstminskningen
1575 648 58 29 för

110 702 116 29 staten
247 702 59 29 vid
327 711 43 20 en
393 702 344 40 skatteomläggning
758 703 11 28 i
793 702 155 39 enlighet
970 702 81 30 med
1073 701 267 40 propositionen
1361 701 192 29 beräknats
1576 699 56 31 för

109 754 73 30 helt
207 754 39 30 år
271 754 53 29 till
350 754 165 40 omkring
541 754 63 30 630
631 754 166 39 miljoner
822 754 133 30 kronor
980 754 60 30 vid
1065 763 45 20 en
1134 753 188 40 uttagning
1346 753 83 30 med
1455 752 62 31 100
1534 755 26 29 2
1587 761 44 22 av

109 805 321 30 inkomstskattens
453 806 244 40 grundbelopp
720 806 66 30 och
808 806 54 30 till
886 806 165 40 omkring
1074 805 64 31 360
1161 806 168 39 miljoner
1351 805 133 29 kronor
1505 805 60 29 vid
1587 813 44 21 en

110 858 186 39 uttagning
315 858 80 30 med
417 858 62 30 110
496 861 26 29 Z
546 867 42 20 av
608 858 289 40 grundbeloppet.
928 857 187 30 Bortfallet
1134 867 44 20 av
1197 857 288 30 statsinkomster
1504 864 126 32 genom

109 910 68 29 den
193 910 13 29 i
223 910 268 40 propositionen
508 910 203 39 föreslagna
729 909 298 31 skattereformen
1045 910 173 34 kommer,
1237 918 58 20 om
1313 908 180 30 reformen
1512 909 118 30 träder

109 962 11 28 i
145 961 99 30 kraft
269 962 69 30 den
365 962 15 29 1
408 962 145 39 januari
581 962 95 34 1953,
703 963 51 28 att
780 962 113 30 under
919 962 59 30 det
1004 962 114 30 första
1143 961 219 40 budgetåret,
1391 960 155 35 1952/53,
1571 961 58 30 be-

109 1014 148 38 gränsas
285 1014 53 29 till
366 1023 44 20 en
437 1014 173 39 tredjedel
638 1023 43 20 av
706 1014 69 30 vad
803 1013 417 40 inkomstminskningen
1247 1015 198 28 motsvarar
1473 1013 56 30 för
1557 1013 73 29 helt

109 1066 49 29 år.
193 1066 104 29 Först
320 1066 113 29 under
456 1065 208 39 budgetåret
689 1065 144 31 1953/54
856 1066 146 29 komma
1025 1066 42 29 de
1092 1065 295 30 statsfinansiella
1410 1064 221 30 konsekven-

110 1126 103 21 serna
237 1126 43 21 av
305 1117 342 40 skattesänkningen
671 1119 51 28 att
746 1118 84 39 göra
855 1118 52 39 sig
930 1118 163 39 gällande
1117 1117 11 29 i
1153 1117 56 30 sin
1232 1117 130 30 helhet.

164 1169 401 40 Departementschefen
600 1169 208 30 framhåller
844 1171 51 28 att
930 1169 243 30 kostnaderna
1208 1169 56 30 för
1300 1178 43 20 en
1379 1167 251 31 skattereform

109 1221 188 39 rimligtvis
333 1221 113 30 måste
485 1221 122 30 ställas
643 1222 75 29 mot
754 1221 218 30 överskottet
997 1230 44 21 av
1066 1221 179 30 ordinarie
1271 1220 288 31 statsinkomster
1585 1220 45 41 på

109 1273 274 39 driftbudgeten,
409 1274 81 29 med
513 1274 208 29 bortseende
746 1273 83 30 från
853 1273 179 40 tillfälliga
1054 1273 199 30 inkomster
1278 1273 352 39 sammanhängande

109 1325 80 30 med
218 1325 292 40 finanspolitiska
538 1325 163 40 åtgärder
728 1327 75 28 mot
831 1325 369 39 överkonjunkturen.
1240 1324 80 31 Han
1349 1324 132 30 uttalar
1509 1325 121 29 vidare

109 1378 51 28 att
181 1377 12 29 i
217 1378 50 28 ett
290 1377 227 30 ekonomiskt
540 1377 86 39 läge,
651 1377 63 29 där
737 1377 124 30 kravet
885 1377 46 40 på
953 1377 312 39 överbalansering
1288 1386 43 20 av
1352 1376 177 39 budgeten
1552 1376 77 29 icke

108 1429 157 30 behövde
286 1429 134 30 hävdas
440 1430 82 29 med
544 1438 136 20 samma
701 1428 121 40 styrka
844 1437 77 21 som
941 1428 56 30 för
1019 1429 232 33 närvarande,
1274 1429 58 29 det
1352 1428 136 29 kanske
1510 1428 120 30 kunde

108 1489 85 21 vara
212 1480 141 40 möjligt
373 1482 51 28 att
444 1481 207 39 genomföra
671 1489 44 20 en
735 1480 297 39 skattesänkning
1052 1480 73 29 helt
1144 1480 11 29 i
1176 1480 353 29 överensstämmelse
1549 1480 81 29 med

109 1533 254 39 utredningens
387 1533 144 39 förslag.
566 1532 79 30 Med
668 1532 141 39 hänsyn
832 1532 54 30 till
908 1532 150 29 behovet
1082 1533 52 28 att
1157 1531 166 30 fortsätta
1347 1540 44 20 en
1414 1533 111 28 stram
1549 1531 81 30 eko-

109 1584 142 30 nomisk
270 1584 127 40 politik
416 1593 83 21 vore
520 1584 58 30 det
598 1584 195 30 emellertid
813 1584 218 39 nödvändigt
1051 1585 52 28 att
1123 1583 243 40 upprätthålla
1385 1584 50 29 ett
1454 1583 78 30 icke
1553 1583 77 29 allt-

109 1636 55 30 för
190 1636 77 29 litet
291 1636 323 39 budgetöverskott.
651 1636 67 29 Det
742 1645 83 20 vore
851 1636 184 30 dessutom
1060 1636 73 29 inte
1160 1635 141 40 möjligt
1327 1636 51 29 att
1404 1635 118 30 bortse
1548 1635 81 30 från

108 1687 105 30 faran
235 1696 43 21 av
301 1687 295 31 statsfinansiella
619 1687 216 40 svårigheter
857 1688 114 29 under
994 1688 69 29 den
1085 1688 181 29 närmaste
1289 1687 203 30 framtiden.
1526 1687 104 29 Vissa

108 1739 224 30 reserverade
351 1739 275 30 inkomstkällor
646 1738 112 31 måste
778 1739 120 30 finnas
919 1739 56 30 för
995 1740 52 29 att
1065 1740 97 29 möta
1181 1748 45 20 en
1245 1739 98 39 dylik
1364 1739 180 30 situation.
1575 1739 55 29 En

108 1792 10 28 1
145 1791 41 30 år
212 1791 163 30 beslutad
402 1791 297 40 skattesänkning
725 1792 56 29 för
808 1791 138 39 fysiska
972 1800 169 31 personer
1168 1791 96 39 finge
1290 1791 131 39 byggas
1448 1791 46 40 på
1520 1801 43 20 en
1591 1792 39 30 så

109 1843 71 29 fast
204 1843 126 39 grund,
355 1844 51 28 att
430 1844 69 29 den
522 1843 78 29 icke
624 1843 110 29 redan
759 1843 207 40 påföljande
991 1843 39 29 år
1053 1843 158 30 behövde
1236 1845 99 37 tagas
1360 1843 157 30 tillbaka.
1553 1844 76 29 Den

110 1894 250 39 psykologiska
391 1895 134 29 verkan
559 1904 42 20 av
633 1896 49 27 ctt
714 1894 115 39 dylikt
861 1895 204 29 handlande
1099 1895 115 30 skulle
1247 1895 199 39 säkerligen
1478 1895 48 29 bli
1559 1894 71 31 för-

108 1946 148 30 ödande.
290 1946 65 29 Det
375 1954 82 21 vore
480 1946 121 29 därför
624 1946 216 39 nödvändigt
862 1948 52 27 att
936 1954 91 31 noga
1049 1947 173 39 överväga
1242 1946 88 30 både
1353 1955 57 20 om
1433 1955 44 21 en
1500 1946 130 30 skatte-

110 1998 176 38 sänkning
307 2007 81 20 vore
409 1998 125 39 möjlig
556 1998 65 29 och
642 1998 68 29 hur
732 1999 73 28 stor
826 1998 67 29 den
916 1998 120 29 kunde
1057 1998 49 29 bli
1127 2000 88 28 utan
1236 1999 51 28 att
1307 1999 68 29 den
1397 1998 232 30 ekonomiska

109 2050 171 38 politiken
303 2050 227 39 försvagades
553 2051 65 28 och
641 2049 120 30 alltför
784 2051 96 28 stora
901 2050 115 29 risker
1040 2050 175 39 skapades
1238 2050 55 29 för
1316 2050 203 29 framtiden.

163 2102 104 28 Trots
294 2102 67 29 den
386 2102 224 29 tveksamhet
635 2110 75 21 som
736 2101 151 30 sålunda
912 2102 120 29 kunde
1056 2101 87 30 råda
1168 2102 10 29 i
1204 2101 101 39 fråga
1329 2111 58 20 om
1412 2103 52 28 att
1488 2110 140 31 genom-

109 2153 77 30 föra
210 2153 297 29 skattereformen
532 2162 102 20 anser
658 2153 393 39 departementschefen
1075 2153 91 30 dock
1190 2155 51 27 att
1265 2162 84 20 man
1371 2153 63 30 bör
1458 2154 170 38 överväga

109 2205 50 28 att
178 2205 84 38 göra
282 2205 96 28 detta
396 2205 110 29 redan
528 2214 47 20 nu
596 2205 87 28 även
703 2213 57 21 om
781 2205 58 29 det
858 2204 77 30 icke
957 2204 114 29 skulle
1091 2205 75 29 visa
1187 2205 52 38 sig
1258 2205 140 38 möjligt
1417 2206 52 28 att
1488 2212 141 31 genom-

110 2257 75 29 föra
207 2256 179 29 reformen
409 2258 110 26 annal
542 2257 46 28 än
612 2257 8 28 i
644 2256 197 38 begränsad
865 2255 226 38 omfattning.
1127 2256 83 29 Man
1232 2256 119 29 kunde
1375 2256 45 29 då
1444 2256 109 29 tänka
1577 2256 52 38 sig

109 2309 50 28 att
183 2307 207 38 visserligen
416 2309 128 36 antaga
571 2308 178 28 reformen
774 2307 81 29 med
881 2307 134 29 verkan
1041 2307 81 29 från
1148 2307 65 29 och
1239 2307 81 29 med
1346 2307 68 29 den
1442 2308 13 27 1
1484 2307 142 39 januari

111 2359 83 29 1953
218 2367 82 20 men
324 2358 178 39 samtidigt
530 2358 85 38 höja
638 2358 399 39 utlagningsprocenlen
1061 2358 56 29 för
1141 2360 51 27 att
1217 2358 70 29 tills
1311 2358 120 29 vidare
1455 2358 172 39 begränsa

109 2409 338 31 inkomstbortfallet
464 2410 55 28 för
537 2411 125 28 staten.
691 2409 138 40 Frågan
847 2419 57 19 om
921 2409 119 29 vilken
1060 2409 352 39 uttagningsprocent
1429 2419 76 20 som
1521 2410 107 30 borde

109 2463 214 29 bestämmas
346 2461 55 29 för
423 2462 38 28 år
489 2461 81 29 1953
594 2461 117 29 kunde
733 2461 195 29 emellertid
952 2462 95 28 ännu
1073 2461 74 29 icke
1170 2461 80 29 med
1274 2461 164 30 säkerhet
1461 2461 167 30 bedömas
