1882 2776
241 165 47 46 44
654 171 331 36 Bevillningsutskottets
1008 172 175 28 betänkande
1205 181 36 19 nr
1264 173 52 27 50.

247 243 131 38 ningen
405 243 191 38 föreslagit.
634 244 66 28 Det
727 253 42 19 av
794 244 309 38 högerledamoten
1130 244 188 29 förordade
1345 244 166 39 avdraget
1537 244 44 39 på
1609 244 82 30 254
1722 253 43 20 av

248 293 111 30 sådan
382 294 65 38 gift
470 294 151 29 kvinnas
645 295 168 34 inkomst,
838 296 90 28 dock
951 295 102 39 högst
1079 295 94 29 1000
1198 296 142 33 kronor,
1366 295 111 29 funne
1501 295 264 29 motionärerna

247 346 55 29 väl
326 347 132 37 avvägt.
494 346 278 39 Äldersgränsen
794 346 54 30 för
871 346 124 30 barnet
1018 347 98 29 torde
1139 347 86 29 böra
1248 348 110 28 sättas
1382 347 106 39 något
1510 348 93 38 lägre
1627 348 45 28 än
1696 348 68 28 den

246 397 104 39 eljest
369 397 11 29 i
402 398 262 38 skattelagarna
684 398 292 30 förekommande
997 400 152 37 gränsen
1169 399 20 29 å
1211 399 40 29 16
1273 398 49 30 år.
1355 399 145 28 Liksom
1521 400 244 37 nyssnämnda

246 450 181 28 reservant
449 449 174 39 föreslogo
645 449 264 30 motionärerna
931 451 51 28 att
1003 452 152 36 gränsen
1176 450 110 29 måtte
1309 452 109 28 sättas
1441 451 52 28 till
1517 450 40 29 14
1580 450 48 29 år.

303 550 164 29 Yrkande
489 559 57 20 om
568 552 70 28 rätt
658 551 55 29 för
735 551 66 39 gift
823 552 132 28 kvinna
976 552 53 28 till
1051 552 294 39 förvärvsavdrag
1366 553 80 28 med
1468 551 63 30 300
1553 552 132 29 kronor
1706 552 59 29 vid

247 602 159 39 taxering
431 602 53 29 till
510 602 95 30 såväl
630 603 119 39 statlig
774 611 76 21 som
874 603 207 29 kommunal
1106 603 258 30 inkomstskatt
1387 604 64 28 har
1476 603 185 30 framförts
1685 604 12 28 i
1722 604 43 29 de

246 652 225 40 likalydande
494 655 276 29 motionerna
793 654 120 30 I:213
936 655 77 29 och
1035 655 51 29 II:
1105 655 84 29 135.
1224 655 132 30 Därvid
1379 655 64 29 har
1466 655 147 34 anförts,
1637 656 51 28 att
1710 657 54 27 ut-

246 705 195 38 redningen
465 706 11 28 i
504 706 137 39 princip
667 706 78 29 icke
772 707 197 38 accepterat
994 707 133 28 tanken
1153 707 45 39 på
1224 708 51 28 att
1302 706 247 30 åstadkomma
1574 707 191 39 jämlikhet

246 757 132 28 mellan
406 756 88 39 gifta
521 757 161 34 kvinnor,
712 766 77 21 som
816 758 89 29 hade
933 767 44 20 en
1004 766 86 31 egen
1118 768 42 19 av
1187 768 176 20 mannens
1390 759 226 29 verksamhet
1644 758 121 30 obero-

245 808 88 29 ende
358 808 168 34 inkomst,
552 809 64 29 och
643 809 144 34 sådana,
815 818 75 21 som
916 811 135 38 deltoge
1076 811 11 28 i
1112 819 175 20 mannens
1313 810 291 30 förvärvsarbete.
1641 810 123 40 Någon

246 860 190 39 anledning
460 862 52 27 att
535 861 10 28 i
570 861 318 29 skattehänseende
911 861 177 30 behandla
1110 862 88 39 gifta
1221 862 153 29 kvinnor
1399 862 94 30 olika
1517 862 153 30 alltefter
1694 862 71 30 för-

244 911 259 30 värvsarbetets
530 914 55 27 art
611 914 119 37 syntes
756 913 78 29 icke
861 913 179 39 föreligga.
1079 914 13 28 I
1119 914 58 29 det
1202 914 75 34 fall,
1304 916 51 27 att
1381 915 155 28 hustrun
1561 915 77 29 icke
1664 915 101 29 redo-

243 962 121 30 visade
384 971 86 31 egen
491 964 243 39 skattepliktig
753 964 168 34 inkomst,
944 965 114 29 skulle
1079 965 114 29 henne
1215 966 270 29 tillkommande
1506 967 130 38 avdrag
1655 966 110 39 yrkas

243 1014 12 28 i
278 1023 174 21 mannens
476 1016 326 38 självdeklaration.
837 1016 145 40 Uppgift
1003 1017 108 29 borde
1134 1017 44 29 då
1200 1017 11 29 i
1235 1026 175 21 mannens
1434 1018 222 29 deklaration
1678 1018 87 29 läm-

244 1075 75 24 nas,
345 1067 12 28 i
381 1067 120 29 vilken
525 1068 249 39 utsträckning
798 1068 155 29 hustrun
978 1069 145 38 deltagit
1152 1069 5 29 i
1183 1078 176 20 mannens
1385 1069 290 30 förvärvsarbete.
1715 1070 49 29 På

244 1119 116 36 srund
386 1127 43 20 av
455 1119 184 39 avdragets
664 1119 103 39 ringa
794 1120 131 29 storlek
952 1120 109 34 torde,
1089 1121 118 29 därest
1232 1121 155 29 hustrun
1414 1122 81 28 över
1521 1121 122 30 huvud
1669 1123 95 38 taget

244 1169 136 39 deltoge
408 1170 11 28 i
449 1179 174 21 mannens
652 1171 130 34 arbete,
812 1172 166 38 avdraget
1006 1172 12 29 i
1049 1172 55 29 sin
1132 1172 120 29 helhet
1281 1173 100 29 alltid
1410 1173 11 29 i
1452 1173 120 39 dylika
1601 1173 63 30 fall
1693 1174 70 29 till-

242 1221 146 29 komma
410 1222 126 29 henne.
572 1223 436 39 Taxeringsnämndernas
1031 1224 220 29 bedömande
1277 1225 114 29 skulle
1416 1225 123 29 därvid
1564 1226 123 29 kunna
1710 1226 54 29 in-

244 1272 175 30 skränkas
442 1274 53 29 till
517 1275 51 28 att
589 1275 139 38 avgöra,
751 1275 176 29 huruvida
949 1275 155 29 hustrun
1125 1276 82 29 över
1229 1276 122 29 huvud
1374 1278 93 37 taget
1490 1277 144 39 deltagit
1656 1278 11 28 i
1689 1286 75 20 ma-

242 1324 132 30 karnas
400 1333 264 30 gemensamma
689 1327 237 29 verksamhet.

299 1426 263 30 Motionärerna
583 1428 46 29 ha
650 1428 10 28 i
683 1428 42 29 de
748 1428 226 39 likalydande
998 1429 276 30 motionerna
1297 1430 29 29 1:
1343 1429 76 30 288
1441 1431 78 28 och
1542 1431 51 28 II:
1610 1430 74 30 385
1709 1433 53 27 ut-

241 1478 98 34 talat,
364 1480 50 27 att
438 1479 42 29 de
504 1479 55 29 för
583 1480 55 28 sin
661 1480 56 29 del
742 1480 129 39 ansåge
894 1481 241 39 övervägande
1160 1482 76 29 skäl
1261 1482 72 29 tala
1357 1482 55 29 för
1436 1483 68 29 den
1528 1482 232 40 ståndpunkt,

243 1538 76 20 som
351 1529 186 30 framförts
567 1531 11 28 i
611 1533 48 27 ett
692 1532 145 29 särskilt
868 1533 163 38 yttrande
1063 1533 53 29 till
1149 1533 372 40 skatteutredningens
1554 1534 133 39 förslag
1718 1544 43 20 av

241 1581 123 29 herrar
390 1582 127 29 Petrén
542 1583 65 29 och
633 1583 190 39 Sandberg.
860 1584 111 29 Dessa
995 1584 90 29 hade
1111 1584 193 40 föreslagit,
1330 1587 51 27 att
1407 1585 353 32 förvärvsarbetande

241 1632 128 30 hustru
394 1634 80 29 med
498 1634 89 29 barn
610 1635 113 29 under
750 1635 40 29 16
815 1635 39 29 år
879 1636 113 29 skulle
1016 1637 65 38 äga
1104 1637 71 28 rätt
1198 1638 52 28 att
1274 1638 153 38 avdraga
1452 1638 41 29 20
1510 1641 26 28 4
1563 1648 42 19 av
1630 1638 55 30 sin
1708 1639 54 28 in-

241 1684 119 29 komst
377 1694 72 31 upp
468 1686 53 29 till
541 1686 19 28 8
574 1686 63 29 000
656 1686 133 30 kronor
808 1689 92 27 samt
917 1689 52 28 att
985 1697 122 20 annan
1125 1688 354 31 förvärvsarbetande
1498 1690 127 29 hustru
1646 1691 114 29 skulle

240 1736 66 38 äga
327 1737 71 28 rätt
420 1739 51 27 att
494 1738 152 38 avdraga
671 1738 40 29 10
728 1741 26 28 Z
780 1748 43 20 av
844 1739 204 30 inkomsten
1071 1749 72 30 upp
1166 1741 53 29 till
1244 1750 137 20 samma
1404 1742 115 38 gräns.
1555 1742 206 29 Maximiav-

241 1788 122 39 draget
392 1788 56 30 för
480 1789 354 31 förvärvsarbetande
865 1792 127 28 hustru
1024 1792 81 29 med
1135 1792 89 30 barn
1256 1793 114 29 skulle
1403 1793 149 30 sålunda
1581 1794 48 29 bli
1663 1794 14 29 1
1695 1794 66 30 600

240 1839 132 29 kronor
398 1840 65 29 och
489 1841 55 29 för
570 1850 119 20 annan
715 1841 354 31 förvärvsarbetande
1095 1843 128 30 hustru
1251 1844 63 30 800
1341 1845 141 29 kronor.
1521 1846 13 28 I
1561 1846 102 29 dessa
1688 1846 75 30 för-

239 1892 237 39 värvsavdrag
502 1892 113 30 skulle
642 1893 57 29 det
725 1893 95 39 lägre
846 1894 92 29 fasta
963 1895 166 39 avdraget
1154 1895 45 39 på
1225 1895 63 30 300
1314 1897 132 28 kronor
1470 1906 85 21 vara
1579 1898 179 29 inräknat.

239 1942 129 30 Vidare
389 1943 90 30 hade
502 1944 42 29 de
567 1946 125 33 ansett,
715 1946 51 28 att
788 1947 49 27 ett
858 1946 130 39 avdrag
1008 1946 108 30 borde
1138 1947 84 39 utgå
1244 1948 88 29 även
1353 1948 54 29 till
1428 1948 138 34 hustru,
1590 1958 76 21 som
1688 1949 74 30 del-

240 1996 78 37 toge
339 1995 11 29 i
372 2004 174 21 mannens
568 1996 175 39 jordbruk
766 1997 83 29 eller
871 1998 140 33 rörelse,
1035 2008 82 19 men
1139 2000 51 28 att
1212 1999 97 30 detta
1331 2000 130 39 avdrag
1483 2001 106 29 borde
1612 2001 149 39 begrän-

239 2055 58 20 sas
322 2046 53 29 till
400 2046 63 30 300
489 2047 141 30 kronor.

295 2148 13 28 I
333 2148 42 29 de
398 2148 226 40 likalydande
648 2150 276 31 motionerna
949 2151 121 30 1:470
1094 2153 78 29 och
1196 2153 52 29 II:
1266 2153 74 30 615
1366 2154 64 29 har
1455 2154 226 35 framhållits,
1707 2157 51 27 att

238 2199 59 29 det
316 2200 108 29 sedan
446 2200 84 30 1947
550 2201 161 39 gällande
731 2202 330 40 förvärvsavdraget
1079 2204 46 39 på
1144 2205 104 39 högst
1269 2205 14 29 1
1301 2205 63 29 000
1384 2206 131 29 kronor
1534 2207 91 29 varit
1644 2209 113 27 avsett

238 2260 77 19 som
343 2252 132 29 allmän
502 2252 274 40 kompensation
804 2253 55 30 för
887 2255 40 29 de
955 2255 203 35 kostnader,
1188 2265 77 20 som
1292 2266 82 20 vore
1402 2257 167 31 förenade
1597 2259 81 29 med
1704 2259 56 29 in-

236 2302 224 31 komsternas
486 2304 244 35 förvärvande,
756 2306 66 29 och
846 2306 182 40 ingenting
1052 2307 90 30 hade
1167 2309 51 28 att
1243 2309 85 38 göra
1352 2310 80 29 med
1457 2310 173 39 egentliga
1652 2310 105 30 barn-

236 2354 444 40 försörjningskostnader.
708 2357 124 30 Redan
848 2357 44 30 då
907 2358 96 29 detta
1022 2358 13 29 1
1053 2358 367 42 000-kronorsavdrag
1435 2361 129 30 införts
1580 2362 90 30 hade
1688 2363 69 28 den

236 2406 181 30 allmänna
437 2407 276 40 uppfattningen
733 2408 108 31 bland
862 2410 42 29 de
924 2409 354 32 förvärvsarbetande
1299 2412 200 31 kvinnorna
1520 2414 114 38 själva
1653 2413 104 33 varit,

236 2459 52 27 att
314 2458 319 39 kompensationen
659 2469 83 20 vore
769 2461 227 39 otillräckligt
1022 2462 160 39 tilltagen
1209 2464 66 29 och
1302 2465 51 28 att
1380 2464 45 30 då
1451 2465 126 39 frågan
1605 2475 57 20 om
1689 2464 66 40 gift

235 2509 152 30 kvinnas
407 2510 227 40 beskattning
653 2512 188 39 slutgiltigt
860 2513 113 29 skulle
992 2513 93 30 lösas
1105 2523 84 21 man
1207 2515 121 30 kunde
1345 2517 107 28 vänta
1472 2516 62 39 sig,
1553 2519 51 27 att
1625 2517 133 29 skatte-
