2210 2618
377 143 19 30 2
598 142 121 34 Första
744 145 203 32 kammarens
965 147 114 38 första
1105 147 168 41 tillfälliga
1297 150 135 32 utskotts
1455 151 165 33 utlåtande
1645 153 53 31 Nr
1720 154 30 32 2.

375 232 116 48 tjänta
533 246 43 24 av
620 234 231 37 erkännande
895 236 55 36 för
989 237 64 45 nit,
1096 237 200 48 duglighet,
1328 240 157 37 insikter
1513 244 66 35 och
1609 243 186 37 förståelse
1825 245 54 36 för
1908 245 64 37 sitt

376 286 84 44 kall,
506 287 66 35 och
615 288 60 35 det
717 290 100 34 torde
847 292 88 33 utan
966 290 174 37 överdrift
1169 292 126 37 kunna
1324 299 116 42 sägas,
1472 299 51 33 att
1551 297 12 34 i
1593 297 81 36 icke
1704 300 38 33 så
1771 298 35 35 få
1835 299 64 35 fall
1928 301 43 34 de

375 340 204 48 personliga
609 341 348 49 förutsättningarne
986 344 12 35 i
1027 344 74 36 rikt
1131 347 90 34 mått
1249 348 93 35 varit
1372 348 56 35 för
1457 349 155 37 handen.

482 393 81 36 Vad
606 395 160 36 däremot
803 397 237 46 utbildningen
1059 411 43 23 av
1132 399 489 50 fångvårdstjänstemännen
1651 405 181 44 beträffar,
1864 418 107 36 synes

374 447 120 35 denna
522 447 12 35 i
562 450 80 34 vårt
671 449 84 35 land
785 450 94 35 varit
908 463 74 23 mer
1011 457 44 30 än
1084 451 192 49 tillbörligt
1304 456 180 36 eftersatt:
1516 469 43 23 av
1579 458 61 35 det
1661 459 81 34 från
1763 459 208 47 fångvårds-

373 501 178 46 styrelsen
593 501 209 37 infordrade
844 505 184 46 yttrandet
1069 506 171 47 framgår,
1271 511 52 33 att
1365 508 132 37 hittills
1540 511 219 36 åtminstone
1797 513 174 35 teoretisk

372 554 264 48 undervisning
678 556 55 35 för
774 557 218 48 tjänstemän
1026 571 42 24 av
1097 560 111 46 högre
1237 563 88 44 grad
1354 562 81 36 icke
1464 563 12 34 i
1504 565 119 45 någon
1653 577 73 23 som
1757 566 91 35 helst
1878 567 91 35 form

372 607 94 36 varit
495 610 196 34 anordnad.
751 610 79 36 Och
860 612 89 35 dock
981 612 71 35 kan
1082 614 58 35 väl
1170 614 182 46 svårligen
1382 616 187 45 bestridas,
1602 621 53 32 att
1685 619 69 35 den
1773 620 197 36 teoretiska

371 661 310 48 undervisningen
706 663 78 48 just
813 665 55 35 för
897 678 46 22 en
973 668 38 33 så
1031 668 197 45 egenartad
1249 669 233 37 verksamhet
1502 682 72 24 som
1598 671 372 48 fångvårdsmannens

371 720 40 29 är
440 727 43 24 av
513 716 144 36 alldeles
687 717 147 37 särskilt
863 722 74 33 stor
965 720 196 47 betydelse.
1218 722 78 35 Och
1315 722 13 35 i
1348 723 112 37 första
1480 728 154 32 rummet
1655 727 100 34 torde
1775 728 57 34 väl
1852 727 118 36 behov

371 780 44 24 av
443 769 173 36 teoretisk
645 771 263 48 undervisning
937 773 36 35 få
1002 786 103 23 anses
1136 787 85 23 vara
1250 776 55 35 för
1334 777 144 35 handen
1504 778 226 36 beträffande
1750 779 220 48 tjänstemän

370 823 66 34 och
466 822 471 49 tjänstemannaaspiranter
966 827 55 36 för
1049 828 111 46 högre
1190 829 450 50 fångvårdsbefattningar
1669 834 81 34 med
1779 834 43 35 de
1855 837 114 33 större

370 875 90 37 krav
489 877 66 35 och
584 878 62 35 det
675 881 112 33 större
817 892 140 33 ansvar,
990 892 72 24 som
1093 881 75 36 vila
1196 885 45 44 på
1270 884 91 35 dem.

477 930 81 35 Den
588 931 12 34 i
629 931 236 37 förevarande
894 934 136 36 motion
1058 934 126 48 gjorda
1213 936 314 49 framställningen
1556 951 104 24 avser
1688 943 53 32 att
1760 940 89 47 fylla
1869 942 100 35 detta

369 983 128 36 behov.
554 984 61 35 Nu
658 986 76 44 har,
778 989 115 33 såsom
937 1000 44 24 av
1016 988 393 49 fångvårdsstyrelsens
1443 993 168 46 yttrande
1642 993 167 47 framgår,
1841 995 128 47 frågan

370 1048 55 23 om
469 1038 184 36 ordnande
696 1052 43 23 av
783 1040 178 37 särskilda
1002 1042 358 47 utbildningskurser
1399 1045 54 35 för
1482 1045 414 49 fångvårdstjänstemän
1925 1061 44 24 av

368 1090 111 47 högre
521 1093 89 45 grad
652 1094 111 34 redan
806 1094 93 36 varit
942 1095 147 36 föremål
1124 1096 56 36 för
1209 1098 195 47 styrelsens
1433 1099 243 48 omprövning
1704 1102 65 34 och
1798 1101 171 37 föranlett

368 1145 179 46 styrelsen
590 1148 52 33 att
678 1147 147 45 planera
856 1150 246 35 anordnandet
1132 1163 44 23 av
1206 1163 44 23 en
1278 1152 104 47 dylik
1411 1152 87 36 kurs
1526 1154 116 35 under
1671 1155 298 36 nästkommande

369 1199 49 35 år.
477 1199 116 35 Dessa
635 1200 127 46 planer
803 1200 175 37 innebära
1005 1202 156 48 givetvis
1191 1207 52 33 ett
1272 1208 78 44 steg
1378 1205 13 36 i
1420 1209 71 33 rätt
1518 1206 169 49 riktning
1715 1209 65 35 och
1810 1214 59 31 äro
1900 1210 68 36 för-

368 1250 95 37 visso
492 1253 111 35 värda
632 1253 242 38 erkännande.

475 1306 56 34 En
568 1306 72 37 viss
670 1308 179 48 väsentlig
878 1309 158 36 skillnad
1065 1311 132 35 mellan
1227 1312 42 35 de
1298 1324 43 24 av
1371 1312 376 50 fångvårdsstyrelsen
1775 1317 193 46 planerade

367 1359 66 34 och
454 1359 43 35 de
518 1371 43 24 av
582 1361 266 37 motionärerna
867 1363 210 47 ifrågasatta
1097 1365 178 35 kurserna
1290 1378 108 35 synes
1421 1367 200 36 emellertid
1638 1381 86 23 vara
1740 1369 53 36 för
1808 1371 157 35 handen.

367 1412 73 36 Det
469 1412 191 46 förefaller,
692 1427 73 23 som
796 1428 56 23 om
880 1418 176 46 styrelsen
1077 1418 61 36 vid
1159 1419 63 35 sitt
1241 1419 204 36 betonande
1466 1433 44 24 av
1529 1421 128 36 vikten
1677 1425 85 33 utav
1783 1424 185 36 undervis-

366 1465 91 47 ning
485 1466 12 35 i
527 1467 366 49 kriminalpsykologi
908 1471 91 35 dock
1027 1470 81 37 icke
1137 1484 70 35 nog
1236 1472 222 48 tillgodosett
1477 1475 153 36 behovet
1646 1489 45 23 av
1705 1477 263 48 undervisning

366 1518 13 35 i
394 1519 123 47 övriga
537 1520 217 46 läroämnen,
777 1524 220 46 exempelvis
1018 1524 389 48 fångvårdsväsendets
1427 1527 161 46 historia,
1612 1529 353 47 fängelsetekniken,

365 1573 71 35 den
465 1574 180 48 egentliga
674 1577 135 34 vården
838 1589 43 24 av
910 1577 176 47 fångarna
1111 1580 117 34 under
1253 1580 274 47 fängelsetiden,
1549 1582 419 48 skyddsverksamheten

366 1627 93 35 efter
495 1627 222 47 frigivandet
746 1631 65 34 och
840 1630 130 48 dylikt.
1028 1632 18 34 I
1075 1632 184 36 motionen
1288 1634 66 35 har
1383 1635 212 47 betydelsen
1624 1637 112 35 härav
1765 1639 80 34 med
1873 1641 95 33 rätta

366 1681 118 35 starkt
512 1681 227 37 framhållits.
784 1684 73 35 Det
886 1697 165 35 program
1072 1686 268 36 motionärerna
1359 1689 177 46 uppställt
1555 1701 104 24 avser
1679 1691 136 35 således
1831 1691 136 48 jämväl

365 1737 52 32 att
446 1734 169 48 bibringa
643 1749 46 22 en
717 1737 218 48 utbildning,
966 1751 72 23 som
1069 1740 133 36 väcker
1230 1740 152 37 intresse
1404 1743 67 34 och
1491 1743 188 36 förståelse
1700 1744 55 35 för
1775 1745 42 35 de
1837 1746 130 35 sociala

364 1787 169 48 frågorna
575 1792 45 44 på
662 1790 387 48 fångvårdsväsendets
1093 1795 155 34 område.
1306 1795 117 36 Såvitt
1466 1808 43 24 av
1551 1798 196 46 styrelsens
1781 1799 186 36 utlåtande

365 1841 167 47 framgår,
578 1844 65 34 har
673 1846 36 33 åt
739 1845 117 35 denna
885 1846 78 35 sida
992 1860 42 22 av
1063 1846 360 50 fångvårdstjänsten
1452 1849 79 36 icke
1560 1850 138 37 beretts
1726 1854 119 45 någon
1874 1853 93 46 plats

364 1897 45 44 på
439 1896 43 35 de
511 1908 44 24 av
585 1898 177 46 styrelsen
791 1898 193 47 planerade
1013 1900 194 36 kursernas
1236 1902 441 48 undervisningsschema.
1733 1906 18 34 I
1783 1906 67 35 alla
1879 1907 87 34 hän-

363 1949 117 35 delser
512 1950 142 35 lämnar
683 1953 197 46 styrelsens
909 1953 153 36 berörda
1090 1956 170 46 yttrande
1289 1955 82 37 icke
1400 1959 117 44 någon
1546 1957 171 37 säkerhet
1746 1959 63 44 för,
1841 1963 52 32 att
1923 1961 43 34 de

363 2002 196 46 önskemål,
605 2005 264 36 motionärerna
912 2007 219 36 därutinnan
1174 2009 141 44 uttalat,
1360 2010 142 35 komme
1544 2013 52 34 att
1625 2011 13 35 i
1667 2011 173 48 tillbörlig
1877 2014 89 46 grad

362 2055 221 48 tillgodoses.
642 2059 57 35 Då
728 2060 44 34 de
801 2060 130 35 sociala
959 2061 437 48 fångvårdsspörsmålens
1426 2063 222 49 behandling
1678 2065 61 36 vid
1767 2078 49 23 nu
1835 2066 130 48 ifråga-

362 2111 157 35 varande
562 2111 129 36 kurser
733 2113 116 47 enligt
889 2114 195 36 utskottets
1128 2116 146 47 mening
1317 2121 60 31 äro
1408 2129 43 24 av
1480 2119 156 35 särdeles
1667 2122 73 32 stor
1768 2120 195 47 betydelse,

362 2175 107 35 synes
499 2164 394 49 fångvårdsstyrelsens
922 2168 318 37 erkännansvärda
1268 2169 161 37 initiativ
1457 2171 82 36 icke
1568 2172 219 48 onödiggöra
1811 2185 44 23 en
1875 2174 90 35 skri-

363 2217 95 35 velse
497 2217 13 35 i
548 2223 121 31 ämnet
711 2220 55 35 till
807 2221 136 47 Kungl.
988 2222 106 48 Maj:t
1136 2226 88 33 utan
1267 2236 145 23 snarare
1454 2225 85 35 böra
1577 2238 129 34 genom
1749 2226 214 48 riksdagens

362 2271 244 37 hänvändelse
649 2273 56 37 till
747 2274 134 48 Kungl.
922 2275 106 48 Maj:t
1056 2275 102 48 givas
1188 2277 209 50 ytterligare
1427 2279 80 36 stöd
1536 2280 65 35 och
1632 2283 114 34 större
1775 2280 186 38 räckvidd,
