1894 2820
544 161 275 32 Statsutskottets
843 161 176 31 utlåtande
1039 171 43 22 nr
1108 162 70 31 102.
1585 157 37 30 21

468 246 32 39 a)
530 247 259 30 bestämmelser
815 255 57 22 om
900 246 163 39 avlöning
1088 245 36 32 åt
1148 245 122 37 lärare,
1297 255 75 21 som
1399 246 142 36 anmält,
1569 247 50 29 att

424 297 70 30 han
531 296 75 31 icke
630 296 59 31 vill
712 296 211 31 underkasta
949 296 51 37 sig
1021 297 59 30 det
1105 305 69 28 nya
1200 296 419 37 avlöningsreglementets

424 346 124 32 villkor
569 347 67 31 och
655 347 268 36 bestämmelser,

466 396 33 41 b)
530 397 232 38 provisoriska
777 396 441 39 avlöningsbestämmelser
1232 396 57 32 för
1304 395 201 38 budgetåret
1523 392 96 43 1943/

423 448 41 30 44
487 448 54 31 för
563 448 258 38 övningslärare
841 448 58 31 vid
919 448 41 31 de
981 449 105 36 högre
1110 448 226 31 kommunala
1359 448 172 35 skolorna,

466 497 44 41 ck
525 499 258 31 bestämmelser
807 508 57 22 om
887 499 227 37 provisoriskt
1138 499 255 37 dyrortstillägg
1415 498 66 31 och
1504 497 113 39 provi-

423 549 110 31 sorisk
571 549 419 38 avlöningsförstärkning
1028 549 112 31 under
1174 548 202 38 budgetåret
1416 544 140 37 1943/44
1583 547 35 32 åt

422 600 90 31 vissa
535 600 257 37 övningslärare
814 600 58 31 vid
894 600 156 31 nämnda
1071 600 129 35 skolor;

465 651 30 29 4.
520 650 208 38 bemyndiga
748 650 124 37 Kungl.
893 650 102 37 Maj:t

465 700 31 40 a)
526 704 50 28 att
594 700 166 32 förordna
776 710 58 22 om
850 701 219 38 tillämpning
1085 710 43 21 av
1144 700 401 37 avlöningsreglementet
1562 700 56 31 för

421 752 42 30 de
483 752 106 37 högre
608 751 227 31 kommunala
855 751 164 31 skolorna
1042 750 21 32 å
1085 751 121 35 lärare,
1228 750 116 31 vilken
1365 750 75 31 icke
1462 749 154 39 övergått

421 801 50 31 till
505 801 41 32 de
571 801 232 38 provisoriska
826 801 487 37 avlöningsbestämmelserna
1338 801 111 31 under
1473 801 142 37 budget-

420 851 72 32 året
516 847 141 36 1942/43
679 852 55 31 för
755 852 111 31 lärare
890 852 57 30 vid
970 851 227 31 kommunala
1220 851 212 36 flickskolor,
1456 852 159 30 kommu-

416 903 81 30 nala
531 903 255 35 mellanskolor,
822 902 179 37 praktiska
1035 902 246 31 mellanskolor
1305 902 65 31 och
1396 902 105 37 högre
1526 902 89 30 folk-

420 954 126 36 skolor,

463 1002 33 41 b)
527 1006 49 28 att
596 1003 140 31 utfärda
757 1004 42 30 de
817 1002 450 39 övergångsbestämmelser
1287 1003 56 31 för
1361 1003 63 30 här
1444 1002 170 38 ifrågava-

419 1054 107 31 rande
542 1054 350 37 befattningshavare,
912 1053 93 31 vilka
1025 1054 120 30 kunna
1163 1053 72 31 visa
1253 1053 50 38 sig
1319 1053 225 37 erforderliga
1562 1055 52 28 ut-

419 1106 80 29 över
521 1104 45 31 de
586 1104 413 38 övergångsstadganden,
1022 1114 76 21 som
1119 1103 188 31 innefattas
1328 1104 10 30 i
1361 1103 253 38 avlöningsreg-

419 1156 160 30 lementet
596 1155 56 31 för
667 1155 43 31 de
730 1155 107 36 högre
856 1155 227 30 kommunala
1103 1154 172 36 skolorna,

462 1204 29 41 c)
521 1208 50 28 att
592 1205 139 38 vidtaga
751 1205 42 31 de
815 1205 188 37 ändringar
1024 1207 12 30 i
1059 1205 158 38 gällande
1239 1204 374 38 statsbidragsbestäm-

418 1256 132 37 melser,
568 1265 76 22 som
659 1255 198 31 föranledas
875 1265 44 21 av
937 1255 262 31 föreskrifterna
1218 1255 10 31 i
1247 1255 365 37 avlöningsreglemen-

419 1309 46 28 tet
490 1306 55 31 för
570 1306 42 31 de
636 1307 106 36 högre
767 1306 226 31 kommunala
1019 1306 166 30 skolorna
1209 1306 82 30 eller
1318 1315 42 21 av
1386 1306 66 30 vad
1477 1304 99 38 eljest
1602 1305 11 30 i

417 1357 155 30 nämnda
591 1356 341 37 statsrådsprotokoll
947 1356 185 31 förordats.

152 1449 202 31 Stockholm
377 1449 65 30 den
470 1449 36 29 11
535 1448 71 37 maj
633 1449 93 30 1943.

606 1548 48 32 På
671 1549 269 31 statsutskottets
962 1550 143 35 vägnar:

668 1649 28 30 J.
715 1648 36 31 B.
771 1648 272 31 JOHANSSON.

150 1875 53 25 Vid
226 1874 184 26 förestående
437 1875 119 25 ärendes
583 1874 231 33 slutbehandling
839 1874 79 25 inom
945 1874 138 25 utskottet
1108 1873 74 25 hava
1208 1873 127 25 närvarit

150 1933 65 26 från
242 1934 136 25 första
404 1934 178 25 kammaren:
601 1934 99 25 herrar
717 1933 95 26 Johan
830 1933 148 25 Bernhard
997 1933 174 30 Johansson,
1194 1932 88 26 Oscar
1300 1931 111 32 Olsson,
1430 1932 89 30 Pauli,
1538 1932 74 26 Sven

107 1978 132 30 Larsson,
262 1977 131 31 Heiding,
417 1978 182 30 Magnusson,
624 1977 163 28 Carlström,
812 1976 121 30 friherre
956 1975 41 26 De
1021 1975 76 30 Geer,
1121 1975 101 30 Gustaf
1244 1975 147 30 Karlsson,
1414 1975 118 30 Boman,
1557 1974 54 25 Ek-

105 2020 121 24 strömer
246 2019 54 25 och
320 2019 74 25 Emil
413 2019 162 30 Petersson;
596 2021 73 22 samt

150 2078 65 26 från
270 2079 99 24 andra
395 2079 178 25 kammarcn:
591 2079 99 25 herrar
706 2079 126 25 Jonsson
849 2078 9 25 i
874 2077 173 29 Eskilstuna,
1067 2077 163 25 Andersson
1249 2077 7 25 i
1275 2076 139 30 Prästbol,
1431 2076 180 29 Danielsson,

105 2122 141 29 Isacsson,
271 2122 136 26 Hansson
430 2122 10 24 i
464 2121 173 29 Rubbestad,
663 2120 164 31 Holmdahl,
855 2120 163 25 Andersson
1044 2119 8 25 i
1078 2118 115 30 Malmö,
1219 2119 164 26 Andersson
1408 2119 8 25 i
1442 2118 168 33 Södergård,

106 2163 188 31 Mårtensson,
312 2164 131 31 Staxäng,
462 2164 125 25 Viklund
604 2164 54 24 och
677 2163 44 25 fru
740 2163 95 25 Alvén.
