2220 2668
442 221 21 28 8
963 214 239 39 Iagutskottets
1226 212 173 31 utlåtande
1423 211 50 30 Nr
1499 211 27 29 6.

443 307 179 40 kontroll
664 307 75 37 och
780 305 138 50 tillsyn
962 308 96 34 över
1100 301 265 40 stiftelsernas
1393 299 251 48 förvaltning
1674 298 75 38 och
1778 295 263 49 användning

443 364 65 38 för
550 363 70 38 sitt
661 360 202 50 syftemål,
907 358 131 41 skulle
1080 361 104 35 även
1226 357 240 38 därförutan
1499 355 151 46 kunna,
1686 352 244 38 åtminstone
1959 350 83 39 tills

443 418 149 44 vidare,
637 415 243 50 tillgodoses.
940 414 120 38 Huru
1104 425 49 26 en
1195 412 125 38 sådan
1358 409 177 39 kontroll
1563 411 66 36 må
1657 408 139 37 kunna
1826 405 215 47 anordnas,

443 474 104 38 lärer
575 472 88 38 icke
692 484 57 25 nu
778 470 218 38 ankomma
1024 470 52 47 på
1104 467 198 39 utskottet
1330 468 59 36 att
1417 468 185 35 närmare
1632 463 161 49 angiva;
1824 462 13 37 i
1871 461 171 47 tillämp-

443 529 82 49 liga
554 526 225 39 avseenden
809 525 115 38 torde
952 523 124 39 redan
1105 521 275 50 föreliggande
1409 519 184 49 förslag
1581 513 23 69 i
1618 518 48 38 de
1696 517 121 46 delar,
1844 529 88 25 som
1951 519 93 34 röra

443 583 192 49 tillsynen
679 581 75 38 och
796 578 242 46 kontrollen,
1081 578 142 37 kunna
1263 576 136 49 läggas
1441 574 61 38 till
1535 572 140 51 grund.
1734 571 209 39 Utskottet
1971 569 73 38 vill

443 636 234 46 emellertid,
707 636 15 37 i
749 635 129 38 likhet
906 633 93 39 med
1028 632 79 38 vad
1135 633 14 36 i
1179 631 101 39 1897
1311 633 65 35 års
1405 626 381 51 riksdagsskrivelse
1811 627 13 37 i
1843 626 85 38 viss
1948 627 95 35 mån

444 695 67 45 ägt
540 703 104 33 rum,
674 703 88 25 som
792 690 62 37 sin
883 689 163 46 mening
1074 687 138 45 uttala,
1245 688 59 35 att
1332 685 132 37 denna
1492 682 178 38 kontroll
1689 682 87 37 icke
1796 692 121 37 synes
1947 681 97 36 böra

444 747 115 48 givas
601 747 129 36 större
763 742 257 48 omfattning,
1065 743 52 35 än
1159 752 87 25 som
1280 739 182 48 betingas
1492 750 51 24 av
1572 735 230 38 ändamålet
1831 733 90 38 med
1951 733 92 37 den-

445 813 156 26 samma
630 799 75 38 och
734 798 153 38 således
916 797 86 37 icke
1030 795 159 48 ingripa
1217 795 10 36 i
1260 791 316 40 handhavandet
1596 803 51 26 av
1673 789 221 39 stiftelsens
1914 787 131 38 medel

445 855 77 38 och
551 854 49 38 de
629 852 194 50 åtgärder,
856 864 86 26 som
977 863 50 25 av
1057 849 89 38 dess
1174 848 253 47 förvaltning
1456 846 194 48 vidtagas,
1680 845 15 36 i
1723 845 125 36 annat
1876 842 84 47 fall,
1992 845 51 34 än

446 909 72 38 där
547 909 109 38 detta
684 920 52 25 av
763 905 270 51 nyssberörda
1061 902 188 39 ändamål
1277 901 191 50 påkallas.

553 963 61 38 På
642 962 132 49 grund
804 974 51 25 av
883 960 80 38 vad
993 958 171 39 sålunda
1193 958 167 45 anförts,
1392 957 63 36 får
1483 956 199 37 utskottet
1710 952 225 47 hemställa,

981 1071 58 35 att
1058 1067 234 48 Riksdagen
1315 1066 106 46 ville,
1454 1064 90 37 med
1564 1063 115 38 bifall
1697 1063 63 38 till
1780 1060 266 40 förevarande

873 1124 166 45 motion,
1079 1123 13 37 i
1131 1121 193 39 skrivelse
1356 1120 63 38 till
1453 1118 146 49 Kungl.
1636 1117 119 49 Maj:t
1783 1115 173 46 anhålla,
1988 1117 59 35 att

875 1178 149 48 Kungl.
1056 1177 117 47 Maj:t
1201 1176 154 37 täcktes
1383 1177 93 45 taga
1503 1173 130 37 under
1661 1171 174 48 förnyad
1862 1173 184 45 ompröv-

874 1233 98 47 ning
991 1232 143 47 frågan
1154 1242 66 25 om
1240 1227 263 40 anordnande
1524 1240 50 24 av
1593 1226 178 38 kontroll
1785 1226 93 36 från
1894 1226 153 36 statens

875 1286 86 39 sida
1004 1289 96 34 över
1132 1284 153 38 vården
1327 1283 75 39 och
1435 1281 302 48 förvaltningen
1767 1292 51 25 av
1847 1277 201 39 donerade

876 1340 129 38 medel
1034 1339 75 38 och
1138 1338 192 39 stiftelser
1359 1339 104 36 samt
1491 1336 66 38 för
1575 1335 232 48 Riksdagen
1826 1333 222 48 framlägga

874 1395 152 48 förslag
1054 1394 62 37 till
1144 1391 369 50 lagbestämmelser
1540 1390 14 37 i
1583 1391 146 36 ämnet.

555 1505 237 39 Stockholm
821 1504 78 37 den
929 1504 48 36 11
1008 1502 178 39 februari
1216 1501 113 38 1913.

957 1612 60 37 På
1044 1610 285 49 lagutskottets
1358 1611 167 46 vägnar:

1040 1719 188 38 JOHAN
1258 1705 198 51 WIDÉN.

981 2404 153 27 Stockholm,
1150 2403 79 22 Oskar
1244 2402 113 22 Eklunds
1373 2402 90 27 boktr.,
1478 2401 60 22 1913.
