2221 2661
676 216 244 38 Laqutskottets
944 217 172 31 utlåtande
1141 218 49 29 Nr
1216 219 27 29 6.
1743 221 19 29 3

165 304 158 49 nyttiga
366 304 189 38 ändamål
597 304 95 38 eller
735 304 61 38 till
826 305 183 38 enskilda
1036 318 213 36 personers
1278 306 95 38 eller
1401 307 177 49 företags
1607 309 153 37 bästa».

164 358 250 38 Kammaren
442 359 101 36 fann
572 359 248 48 visserligen,
851 360 13 37 i
893 360 176 47 enlighet
1099 360 90 38 med
1218 361 71 37 sitt
1317 361 126 38 andra
1471 362 204 49 tillfälliga
1703 366 60 34 ut-

165 413 132 38 skotts
340 413 253 47 hemställan,
638 414 208 37 motionen
875 415 87 37 icke
991 415 97 37 böra
1117 415 210 38 föranleda
1354 416 62 37 till
1444 419 133 45 någon
1607 417 154 47 åtgärd,

165 479 93 25 men
288 467 106 37 detta
425 470 52 45 på
504 467 133 48 grund
667 480 51 24 av
747 470 59 35 att
835 468 210 47 utskottet,
1076 469 91 37 med
1196 470 246 48 hänvisning
1471 470 62 37 till
1563 472 102 36 1903
1696 473 65 35 års

166 521 478 46 kommittébetänkande,
675 522 157 46 uttalat,
856 524 69 45 att,
958 522 50 38 då
1037 522 66 38 det
1132 523 91 37 med
1252 524 154 37 visshet
1435 524 137 37 kunde
1601 528 158 43 motses,

166 577 58 35 att
266 578 57 35 ett
364 575 153 48 förslag
558 576 14 36 i
614 576 266 38 förevarande
913 579 118 35 ämne
1063 577 110 37 inom
1204 577 75 37 den
1310 581 202 35 närmaste
1540 579 220 38 framtiden

165 629 162 37 komme
370 632 59 35 att
470 630 224 48 föreläggas
736 630 245 49 Riksdagen,
1025 634 132 45 någon
1187 631 217 49 anledning
1432 632 62 38 till
1522 633 240 48 ingripande

164 684 92 37 från
286 683 254 49 Riksdagens
570 684 88 37 sida
685 684 88 38 icke
801 685 13 36 i
843 685 165 48 frågans
1037 685 229 38 dåvarande
1295 686 88 48 läge
1411 687 222 38 förefanns.

271 737 132 39 Sedan
434 738 252 38 sistnämnda
715 739 207 37 uttalande
951 739 172 49 gjordes,
1154 741 106 36 hava
1280 741 91 48 fyra
1391 743 44 35 år
1454 741 186 47 förflutit,
1662 744 99 35 utan

164 795 69 43 att,
266 795 134 35 såsom
429 793 113 37 förut
569 794 192 47 påvisats,
794 794 101 37 1903
925 796 64 35 års
1018 795 254 37 betänkande
1302 796 75 36 och
1396 795 153 48 förslag
1568 796 194 38 föranlett

164 847 61 37 till
254 849 135 46 någon
418 846 153 49 åtgärd,
602 847 75 37 och
707 847 66 38 det
802 859 120 37 synes
951 848 82 48 mig
1063 848 149 47 därför,
1243 861 86 25 som
1360 861 66 25 om
1455 862 55 24 nu
1541 849 219 49 anledning

165 901 35 48 ej
233 901 131 37 skulle
393 901 147 38 saknas
569 901 62 38 till
659 904 57 35 ett
744 902 239 48 ingripande
1012 903 92 36 från
1134 902 252 49 Riksdagens
1416 903 97 38 sida.

272 955 78 37 Det
392 958 67 35 rör
501 955 61 48 sig
595 956 74 37 här
698 968 66 25 om
793 967 50 25 en
871 957 113 47 fråga
1014 969 51 24 av
1093 956 71 38 allt
1192 957 64 37 för
1285 960 83 35 stor
1396 958 89 37 vikt
1512 958 65 37 för
1606 961 60 35 att
1694 959 66 36 all-

165 1009 107 37 deles
314 1010 42 37 få
386 1009 50 37 dö
467 1010 99 37 bort.
628 1009 75 38 Om
735 1010 66 37 det
830 1022 50 25 av
909 1010 234 48 Riksdagen
1173 1011 176 38 erkända
1378 1012 172 38 behovet
1578 1025 51 25 av
1658 1014 101 37 före-

165 1064 164 36 skrifter
357 1064 12 36 i
399 1066 138 34 ämnet
564 1064 111 37 förut
696 1065 108 47 gjort
824 1064 60 48 sig
903 1064 197 48 gällande,
1122 1068 43 34 är
1186 1065 109 37 detta
1315 1078 167 25 numera
1502 1067 13 36 i
1536 1068 43 35 så
1599 1067 162 48 mycket

164 1117 123 48 högre
317 1117 98 48 grad
443 1117 285 46 förhållandet,
759 1130 88 25 som
876 1120 52 45 på
956 1130 140 26 senare
1126 1121 93 35 åren
1251 1119 70 38 allt
1350 1120 97 37 flera
1472 1121 76 36 och
1572 1120 189 49 rikligare

165 1171 239 38 donationer
447 1171 77 49 dag
556 1172 65 37 för
651 1172 75 47 dag
754 1172 244 37 tillkommit.
1058 1173 75 37 Att
1162 1173 12 36 i
1204 1176 57 34 ett
1290 1174 144 37 ordnat
1461 1175 299 37 rättssamhälle

163 1225 136 38 lämna
341 1225 117 38 dessa
501 1225 238 38 donationer
768 1228 98 35 utan
895 1228 135 47 någon
1059 1239 86 25 som
1174 1227 105 38 helst
1306 1227 151 49 tillsyn,
1488 1228 52 49 ja,
1572 1231 99 35 utan
1702 1232 59 35 att

164 1280 65 37 det
272 1280 204 37 allmänna
519 1292 65 25 om
628 1280 89 37 dem
760 1280 203 48 knappast
991 1283 111 46 tager
1129 1284 132 46 någon
1291 1282 239 45 kännedom,
1562 1283 80 37 kan
1671 1284 88 38 icke

163 1335 215 36 försvaras.
439 1334 95 37 Alla
566 1334 48 37 de
644 1334 269 48 medborgare,
946 1347 86 25 som
1061 1336 65 37 för
1155 1338 59 35 att
1242 1336 148 48 främja
1419 1336 198 47 ändamål,
1649 1337 111 38 vilka

162 1388 105 48 ligga
311 1388 90 37 dem
440 1401 66 24 om
534 1388 164 48 hjärtat,
729 1388 150 38 donera
908 1389 87 37 sina
1025 1390 202 37 måhända
1255 1390 92 37 med
1377 1393 218 36 strävsamt
1624 1393 136 37 arbete

163 1443 75 37 och
267 1442 283 48 uppoffringar
578 1442 333 48 sammansparda
940 1443 141 46 medel,
1112 1444 97 37 böra
1238 1444 102 37 dock
1370 1444 139 38 kunna
1538 1445 127 38 räkna
1693 1448 64 46 på,

164 1499 57 34 att
263 1499 131 35 staten
438 1496 143 49 drager
622 1497 158 49 försorg
810 1510 77 34 om,
919 1500 57 35 att
1006 1497 115 38 dessa
1149 1498 129 38 medel
1307 1498 87 38 icke
1423 1499 109 38 bliva
1560 1500 199 49 försking-

162 1550 95 37 rade
286 1551 96 37 eller
411 1551 188 37 använda
627 1554 53 44 på
707 1554 125 34 aunat
860 1554 80 35 sätt
969 1555 51 33 in
1052 1552 91 37 med
1173 1552 245 38 donationen
1449 1554 182 48 åsyftats.
1682 1555 78 48 Jag

162 1605 74 36 har
279 1606 82 46 mig
404 1605 75 37 ock
514 1605 158 45 bekant,
709 1609 57 33 att
794 1617 201 36 personer,
1026 1606 111 37 vilka
1166 1606 107 38 velat
1304 1610 97 45 göra
1429 1607 238 38 donationer
1694 1610 66 36 för

162 1658 206 38 allmänna
410 1658 199 47 ändamål,
653 1659 89 38 haft
771 1659 47 38 de
847 1662 147 35 största
1022 1660 319 49 betänkligheter
1370 1661 206 49 angående
1605 1662 155 49 möjlig-

162 1714 120 37 heten
326 1715 59 35 att
426 1713 129 37 under
597 1713 177 38 rådande
816 1714 254 37 förhållande
1108 1715 236 38 säkerställa
1374 1715 292 39 donationerna
1695 1718 65 36 för

162 1767 228 40 framtiden,

268 1821 92 37 Vad
402 1833 88 25 som
523 1820 124 50 enligt
676 1822 83 36 min
789 1822 164 49 mening
981 1823 13 36 i
1022 1823 128 37 första
1178 1826 176 35 rummet
1382 1824 203 38 erfordras
1615 1828 54 43 är,
1701 1827 58 36 att

163 1874 77 38 alla
283 1876 239 36 donationer
555 1875 126 37 varda
711 1876 234 48 offentligen
973 1877 262 47 registrerade
1265 1881 104 34 samt
1398 1881 58 34 att
1484 1879 93 36 från
1606 1882 154 35 statens

164 1928 86 38 sida
291 1929 141 49 tillsyn
474 1929 127 37 hålles
636 1932 105 44 över,
774 1933 58 34 att
861 1930 200 38 donerade
1091 1931 131 37 medel
1251 1932 126 37 varda
1404 1935 53 45 på
1486 1933 273 48 betryggande

163 1985 79 35 sätt
283 1983 227 37 förvaltade
553 1984 76 37 och
671 1983 123 49 enligt
823 1984 192 38 donators
1044 1985 281 38 bestämmelse
1354 1986 203 47 använda;
1589 1988 75 37 och
1693 1988 66 48 jag

162 2036 148 38 tillåter
339 2037 82 48 mig
450 2038 102 47 hysa
581 2037 78 38 den
688 2038 226 48 meningen,
946 2041 58 35 att
1034 2039 109 37 detta
1171 2040 79 36 kan
1281 2040 70 37 ske
1381 2043 101 35 även
1512 2044 98 34 utan
1638 2044 122 46 något

163 2091 196 48 underlag
389 2104 49 24 av
466 2091 205 38 allmänna
690 2092 319 49 privaträttsliga
1029 2093 261 48 stadganden,
1313 2107 62 24 om
1399 2095 360 38 åstadkommande

163 2157 50 25 av
256 2145 117 38 dessa
414 2157 151 34 senare,
601 2148 131 36 såsom
763 2146 272 39 förhållandet
1063 2160 120 36 synes
1211 2148 107 38 hava
1348 2149 113 45 varit,
1494 2149 130 38 skulle
1653 2150 107 37 vålla

163 2200 249 48 svårigheter
453 2200 65 36 för
551 2200 217 38 ernåendet
803 2214 50 24 av
882 2201 78 38 vad
990 2214 86 25 som
1105 2202 13 37 i
1149 2202 108 38 detta
1286 2203 73 37 fall
1389 2203 102 38 dock
1520 2203 113 39 torde
1662 2217 98 25 vara

163 2254 304 37 huvudsaken.»
