2162 2614
700 119 246 33 Statsutskottets
969 117 164 32 utlåtande
1156 115 54 32 Nr
1231 115 32 31 3.
1723 111 38 31 11

192 228 43 22 av
274 212 246 37 kostnaderna
560 210 57 36 för
658 209 71 36 den
770 207 155 36 svenska
963 217 190 37 gruppens
1185 201 220 49 deltagande
1431 202 13 35 i
1472 201 182 35 unionens
1685 198 120 36 XIX:e

193 264 197 37 konferens
417 267 40 32 år
488 264 106 40 1916,
624 260 36 36 få
688 259 184 36 användas
901 261 118 32 såsom
1047 255 132 48 bidrag
1206 254 58 35 till
1293 252 175 36 täckande
1495 264 44 22 av
1561 250 245 37 kostnaderna

193 315 59 37 för
291 315 71 36 den
402 314 154 36 svenska
582 323 190 37 gruppens
800 308 217 49 deltagande
1044 307 13 35 i
1084 306 70 36 den
1183 306 181 34 unionens
1392 301 208 45 konferens,
1630 314 77 23 som
1735 301 72 35 kan

194 368 149 34 komma
368 371 53 30 att
449 371 68 41 äga
544 376 83 22 rum
655 365 39 32 år
724 362 111 41 1917;

330 416 77 35 dels
447 419 54 31 att
542 414 61 35 det
644 413 129 46 anslag
812 424 44 22 av
884 411 112 42 4,500
1024 409 145 41 kronor,
1197 406 125 42 vilket,
1352 403 58 37 för
1437 403 69 36 den
1534 402 176 36 händelse
1737 401 71 35 den

195 467 122 36 XIX:e
356 465 243 37 konferensen
641 463 118 35 skulle
800 462 93 35 hava
921 465 62 43 ägt
1010 472 83 22 rum
1122 457 112 35 redan
1263 459 40 32 år
1332 456 106 42 1915,
1467 455 161 34 anvisats
1656 456 21 32 å
1704 457 105 31 extra

196 523 71 31 stat
294 517 58 36 för
379 520 40 32 år
448 516 95 35 1916
573 518 119 32 såsom
720 512 131 47 bidrag
878 512 58 34 till
964 508 178 37 täckande
1162 520 44 23 av
1226 505 245 37 kostnaderna
1489 503 58 37 för
1565 503 71 36 den
1656 502 154 36 svenska

196 580 190 36 gruppens
413 564 218 49 deltagande
659 566 13 33 i
700 564 181 35 unionens
910 560 102 36 XX:e
1039 557 199 37 konferens
1266 568 141 24 samma
1433 558 51 40 år,
1512 557 70 41 må,
1608 554 122 35 därest
1748 552 62 36 det

196 632 95 23 ovan
332 615 244 38 omförmälda
615 615 166 46 anslaget
822 616 20 32 å
885 612 133 41 15,000
1051 611 134 34 kronor
1212 609 166 34 kommer
1405 611 53 30 att
1484 610 103 43 tagas
1613 606 13 33 i
1654 604 157 47 anspråk

197 670 114 36 redan
339 672 41 32 år
410 669 106 41 1916,
547 666 35 36 få
609 664 188 37 användas
825 666 120 32 såsom
973 661 131 47 bidrag
1130 660 58 35 till
1215 657 178 37 täckande
1421 669 44 23 av
1492 655 244 36 kostnaderna
1754 653 57 36 för

198 721 71 35 den
310 720 154 35 svenska
502 729 189 36 gruppens
732 713 219 49 deltagande
992 714 12 33 i
1046 712 71 35 den
1158 711 182 34 unionens
1379 706 208 44 konferens,
1630 718 78 23 som
1739 705 71 35 kan

198 772 148 35 komma
372 775 53 29 att
452 775 67 41 äga
546 780 83 24 rum
658 770 40 31 år
727 767 113 41 1917;

333 820 78 35 dels
444 819 69 36 ock
539 823 65 40 att,
633 816 58 36 för
718 816 70 35 den
817 814 186 43 händelse,
1032 813 13 35 i
1073 812 122 35 stället
1222 809 58 36 för
1306 807 206 43 konferens,
1542 811 97 31 möte
1666 807 145 34 komme

200 876 55 31 att
282 878 67 41 äga
375 883 83 23 rum
486 870 136 34 mellan
649 865 217 49 delegerade
893 864 58 36 för
979 863 130 35 endast
1136 862 97 35 vissa
1251 857 430 50 interparlamentariska
1700 868 112 36 grup-

200 935 76 35 per,
318 934 43 23 av
401 918 252 38 ovanberörda
693 919 127 45 anslag
860 914 57 37 för
960 916 94 34 1915
1097 913 67 35 och
1208 912 93 35 1916
1335 913 114 32 måtte
1476 909 58 34 till
1561 906 182 37 täckande
1771 919 43 22 av

200 971 248 37 kostnaderna
486 969 59 37 för
584 969 71 35 den
695 968 154 35 svenska
878 977 188 37 gruppens
1094 960 219 50 deltagande
1340 962 12 33 i
1380 959 127 36 sådant
1535 963 98 30 möte
1661 956 38 36 få
1726 959 88 45 utgå

200 1023 134 48 bidrag
361 1023 57 34 till
445 1021 147 48 belopp,
622 1032 79 23 som
729 1031 44 22 av
801 1016 135 48 Kungl.
967 1016 106 46 Maj:t
1102 1016 58 33 må
1187 1013 234 35 bestämmas.

339 1071 231 37 Beträffande
610 1069 249 47 utredningen
897 1067 12 36 i
942 1070 122 31 ämnet
1092 1065 172 35 hänvisas
1291 1063 58 34 till
1377 1060 67 37 sid.
1475 1060 147 35 21—22
1651 1071 44 22 av
1731 1057 84 36 åbe-

201 1124 137 48 ropade
366 1121 412 49 statsrådsprotokollet.

338 1224 57 36 Av
422 1224 62 35 det
510 1223 62 35 vid
600 1217 482 51 statsverkspropositionen
1108 1217 60 34 till
1190 1216 95 34 1914
1306 1216 56 32 års
1381 1211 115 36 första
1515 1210 151 47 riksdag
1685 1208 132 47 fogade

205 1274 405 48 statsrådsprotokollet
648 1279 88 28 över
763 1264 582 52 utrikesdepartementsärenden
1372 1263 71 35 den
1472 1263 45 34 14
1542 1261 149 47 januari
1721 1260 96 34 1914

204 1326 174 47 framgår,
407 1329 54 31 att
489 1331 66 28 när
582 1320 258 38 ovannämnda
866 1318 298 47 förslagsanslag,
1198 1316 119 46 högst,
1347 1326 44 23 av
1413 1313 133 43 15,000
1569 1311 147 42 kronor,
1737 1321 80 23 som

205 1376 191 36 anvisades
423 1378 47 45 på
498 1380 104 30 extra
629 1377 72 31 stat
730 1371 58 36 för
814 1374 40 32 år
883 1371 108 40 1915,
1019 1366 208 37 bestämdes
1254 1366 58 33 till
1336 1368 52 31 ett
1407 1366 40 32 så
1465 1374 81 36 pass
1565 1361 90 47 högt
1671 1360 144 47 belopp,

206 1440 79 23 som
327 1426 61 35 det
415 1438 89 36 nyss
536 1423 171 43 nämnda,
737 1420 248 47 anledningen
1012 1418 128 36 härtill
1170 1429 65 23 var
1262 1415 82 43 den,
1374 1419 54 30 att
1456 1425 85 23 man
1567 1410 169 45 väntade,
1765 1415 54 30 att

205 1476 249 38 konferensen
494 1476 12 35 i
547 1474 107 48 fråga
694 1473 119 35 skulle
853 1471 116 35 hållas
1000 1470 10 34 i
1046 1468 184 36 Amerika.
1286 1465 187 36 Utskottet
1503 1463 67 35 har
1597 1462 81 35 icke
1706 1464 112 44 något

207 1533 54 30 att
288 1528 120 35 erinra
436 1532 99 29 emot
563 1530 55 30 att
644 1524 106 35 detta
777 1523 137 46 anslag,
947 1524 47 45 på
1022 1525 72 30 sätt
1122 1518 137 47 Kungl.
1288 1516 104 47 Maj;t
1419 1515 140 46 begärt,
1588 1518 102 42 tages
1717 1512 13 33 i
1757 1523 63 23 an-

208 1579 109 48 språk
344 1577 118 35 under
489 1580 40 32 år
558 1577 109 42 1917,
698 1586 81 23 men
808 1572 221 36 förutsätter
1048 1575 54 30 att
1120 1588 48 4 —
1188 1569 133 35 liksom
1341 1565 196 47 riksdagen
1552 1562 64 37 vid
1635 1562 184 47 anslagets

207 1628 212 48 beviljande
447 1628 134 34 uttalat
608 1643 49 6 —
685 1624 123 35 därest
836 1621 245 37 konferensen
1109 1620 80 34 icke
1216 1619 167 34 kommer
1409 1620 53 31 att
1481 1615 115 35 hållas
1615 1613 12 34 i
1646 1611 175 36 Amerika

208 1681 91 34 eller
326 1691 120 22 annan
475 1674 298 48 utomeuropeisk
801 1678 69 37 ort,
901 1672 128 35 endast
1056 1670 62 35 det
1145 1670 146 46 belopp,
1321 1668 110 42 4,500
1451 1666 145 41 kronor,
1618 1676 77 23 som
1715 1662 105 47 eljest

209 1729 194 37 beräknats
430 1727 58 35 för
515 1724 219 47 deltagande
762 1725 12 33 i
802 1723 102 48 dylik
934 1720 207 42 konferens,
1170 1724 102 41 tages
1299 1718 12 34 i
1339 1716 168 47 anspråk.

345 1778 79 35 Vad
453 1777 137 47 Kungl.
620 1775 103 46 Maj:t
750 1775 13 34 i
790 1774 122 46 övrigt
940 1771 194 47 föreslagit
1160 1770 12 33 i
1201 1768 119 35 denna
1347 1767 118 48 punkt
1491 1766 66 34 har
1584 1764 32 46 ej
1647 1762 176 36 föranlett

210 1834 123 44 någon
361 1829 144 35 erinran
534 1828 83 34 från
646 1826 201 35 utskottets
876 1822 88 36 sida.

346 1878 186 36 Utskottet
560 1876 215 36 hemställer
802 1875 116 42 alltså,

749 1972 34 48 a)
825 1979 53 31 att
918 1973 63 35 det
1024 1975 118 32 såsom
1184 1969 133 47 bidrag
1357 1967 57 35 till
1445 1964 180 37 täckande
1653 1976 43 23 av
1723 1963 100 35 kost-

615 2026 165 35 naderna
821 2024 56 35 för
917 2023 71 35 den
1023 2022 154 35 svenska
1208 2030 188 37 gruppens
1428 2029 43 22 av
1499 2015 72 35 den
1606 2013 218 48 interparla-

617 2075 224 36 mentariska
882 2074 163 34 unionen
1087 2069 219 48 deltagande
1346 2068 11 34 i
1390 2066 182 35 unionens
1603 2063 104 36 XX:e
1736 2063 88 34 kon-

616 2125 122 36 ferens
766 2128 20 31 å
813 2129 107 30 extra
947 2127 72 30 stat
1046 2120 57 36 för
1131 2124 39 31 år
1200 2120 94 34 1915
1328 2115 169 37 anvisade
1525 2113 313 48 förslagsanslag,

616 2176 120 48 högst,
765 2187 44 22 av
840 2174 133 37 15,000
1001 2172 137 34 kronor
1165 2173 71 40 må,
1265 2168 121 35 därest
1404 2166 79 36 icke
1502 2165 203 35 detsamma
1723 2162 102 36 kom-
