1882 2782
413 181 117 29 Andra
553 179 247 36 lagutskottets
823 177 180 30 utlåtande
1024 185 43 20 nr
1087 177 42 28 40
1151 175 39 30 år
1214 175 84 30 1966
1583 171 15 29 1

782 482 63 38 Nr
873 481 64 38 40

331 591 185 32 Utlåtande
550 592 10 29 i
591 590 189 35 anledning
811 598 42 20 av
885 588 124 30 väckta
1041 586 172 30 motioner
1244 594 55 20 om
1332 584 92 29 vissa
1454 582 152 37 familje-

506 644 167 38 politiska
694 642 172 36 åtgärder.

166 755 117 28 Andra
316 752 228 38 lagutskottet
576 751 63 29 har
670 750 52 29 till
754 748 213 36 behandling
999 745 155 30 förehaft
1184 744 78 37 fyra
1294 744 95 29 inom
1421 742 185 36 riksdagen

121 808 135 33 väckta,
272 807 52 30 till
343 806 191 37 lagutskott
550 803 191 30 hänvisade
757 802 183 33 motioner,
956 799 177 37 nämligen

168 862 32 33 1)
225 861 41 30 de
284 859 223 37 likalydande
524 857 219 30 motionerna
760 864 42 21 nr
820 854 62 30 569
900 856 10 29 i
927 854 111 29 första
1056 853 204 28 kammaren
1278 860 41 20 av
1335 850 81 29 herr
1432 848 175 35 Bengtson

121 924 45 19 m.
180 914 38 36 fl.
242 916 90 27 samt
354 922 42 20 nr
420 912 61 29 703
503 912 10 29 i
535 911 110 29 andra
667 910 206 29 kammaren
895 917 41 20 av
956 907 81 29 herr
1056 904 164 31 Hedlund
1240 912 45 21 m.
1298 902 40 37 fl.
1359 903 165 29 ävensom

166 968 35 34 2)
231 968 40 29 de
295 965 224 38 likalydande
541 964 219 29 motionerna
783 971 42 20 nr
849 961 63 29 574
934 961 10 28 i
966 959 112 30 första
1100 958 204 29 kammaren
1328 965 42 20 av
1390 955 80 29 herr
1490 953 119 30 Holm-

123 1022 82 34 berg
220 1029 43 20 m.
277 1020 39 36 fl.
333 1020 91 29 samt
440 1028 41 20 nr
496 1017 63 30 698
575 1018 9 29 i
601 1017 109 29 andra
726 1016 206 29 kammaren
949 1023 41 20 av
1005 1013 80 29 herr
1100 1011 158 29 Bohman
1274 1018 45 20 m.
1332 1008 39 36 fl.

167 1074 219 29 Motionerna
403 1071 98 30 1:574
517 1071 64 30 och
599 1069 124 34 I1:698,
740 1069 106 29 såvitt
863 1066 108 38 angår
986 1065 205 38 yrkandena
1208 1072 57 21 om
1281 1059 327 40 tillgodoräknande

122 1137 41 21 av
194 1126 206 38 pensionsår
431 1125 94 29 inom
556 1123 87 29 ATP
673 1123 63 29 och
768 1121 144 36 frivillig
940 1116 378 38 barnsjukförsäkring
1347 1113 192 31 behandlas
1569 1121 41 20 av

123 1181 171 30 utskottet
312 1181 9 28 i
341 1181 107 28 annat
466 1176 264 37 sammanhang.

679 1313 377 40 Motionsyrkandena

171 1396 11 28 I
204 1394 220 31 motionerna
442 1393 98 29 1:569
560 1392 64 29 och
643 1391 114 29 11:703
776 1389 107 37 yrkas
905 1389 71 28 »att
995 1385 187 37 riksdagen
1200 1385 10 29 i
1230 1383 167 30 skrivelse
1416 1381 51 30 till
1487 1379 125 37 Kungl.

125 1448 106 37 Maj:t
262 1448 108 29 måtte
402 1446 140 30 anhålla
573 1447 51 27 att
654 1443 276 36 utredningarna
961 1440 44 36 på
1035 1440 57 29 det
1122 1435 305 38 familjepolitiska
1457 1432 157 31 området

124 1502 111 30 måtte
257 1500 134 31 erhålla
413 1500 10 29 i
445 1499 158 37 uppdrag
626 1499 50 28 att
698 1496 170 36 överväga
890 1493 131 37 förslag
1043 1493 52 29 till
1116 1498 163 30 program
1302 1489 54 29 för
1378 1485 236 39 upprustning

127 1563 42 22 av
190 1552 309 38 familjepolitiken
520 1553 112 28 avsett
653 1552 50 27 att
724 1548 224 38 genomföras
968 1546 111 29 under
1100 1554 42 21 en
1161 1544 49 29 tid
1232 1552 42 20 av
1294 1541 86 29 3—4
1400 1540 37 30 år
1458 1539 64 30 och
1542 1547 71 21 om-

129 1608 158 30 fattande

172 1662 35 33 a)
237 1660 149 37 höjning
411 1668 41 20 av
476 1659 40 29 de
541 1658 178 29 allmänna
743 1655 258 35 barnbidragen
1025 1652 51 29 till
1104 1650 93 30 1200
1221 1650 51 29 kr.
1295 1659 61 28 per
1379 1649 87 29 barn
1489 1647 64 30 och
1576 1646 38 30 år

127 1715 65 29 och
215 1713 186 30 införande
423 1722 42 19 av
487 1713 48 29 ett
557 1711 146 29 allmänt
724 1707 301 36 vårdnadsbidrag
1047 1705 52 29 till
1121 1703 154 37 familjer
1297 1702 78 30 med
1396 1702 87 29 barn
1504 1700 110 29 under

130 1769 40 29 en
187 1768 70 29 viss
273 1767 107 33 ålder,
396 1765 89 30 dock
501 1764 77 30 med
594 1764 106 36 högre
715 1762 125 36 belopp
857 1761 54 28 för
926 1758 316 32 ensamföräldrar;

172 1820 37 34 b)
240 1818 187 31 införande
451 1827 41 20 av
516 1818 97 29 extra
637 1812 413 38 barnbidragsförmåner
1075 1811 51 29 till
1150 1807 247 37 barnfamiljer
1421 1807 77 29 med
1523 1806 93 36 lägre

130 1874 203 32 inkomster,
355 1871 150 30 avsedda
525 1872 51 27 att
595 1870 130 29 ersätta
745 1866 205 30 nuvarande
969 1866 130 35 system
1120 1863 76 29 med
1217 1855 399 46 familjebostadsrabat-

131 1930 51 27 ter
198 1926 64 30 och
278 1924 201 31 utformade
493 1923 44 37 på
552 1921 170 38 grundval
739 1930 41 20 av
796 1919 156 30 inkomst
967 1927 61 27 per
1044 1913 368 32 konsumtionsenhet;

175 1982 32 31 c)
234 1979 120 29 värde-
375 1977 65 29 och
461 1972 414 37 standardbeständighet
896 1971 55 29 för
971 1971 41 30 de
1033 1968 304 37 familjepolitiska
1358 1966 258 30 förmånerna».

176 2033 11 28 I
213 2031 219 30 motionerna
454 2029 97 29 1:574
575 2028 65 30 och
661 2027 115 29 I1:698
798 2025 118 37 yrkas,
939 2024 105 30 såvitt
1066 2032 47 20 nu
1136 2023 37 28 är
1195 2022 9 29 i
1227 2021 109 36 fråga,
1359 2022 50 27 att
1432 2019 185 36 riksdagen

133 2086 107 29 måtte
259 2085 137 29 besluta
415 2083 73 29 dels
510 2083 70 28 »att
600 2082 9 29 i
631 2079 166 31 skrivelse
817 2079 52 29 till
891 2078 124 36 Kungl.
1036 2075 105 37 Maj:t
1160 2075 116 29 erinra
1295 2082 56 21 om
1370 2073 118 29 vikten
1508 2081 42 20 av
1568 2072 50 28 att

133 2138 177 37 pågående
343 2134 325 38 utredningsarbete
700 2133 43 37 på
777 2130 329 37 familjepolitikens
1139 2127 142 30 område
1315 2126 206 30 samordnas
1554 2124 64 29 och

133 2191 232 36 tidsplaneras
388 2189 43 36 på
454 2187 124 30 sådant
601 2187 79 33 sätt,
703 2187 49 27 att
774 2185 78 28 hela
875 2183 196 30 materialet
1092 2182 69 28 kan
1183 2179 216 31 överblickas
1420 2178 63 29 och
1506 2177 113 29 beslut

132 2244 107 28 fattas
261 2243 9 28 i
291 2243 49 28 ett
362 2240 288 35 sammanhang»,
671 2238 73 29 dels
769 2238 71 29 »att
862 2237 8 28 i
895 2235 166 29 skrivelse
1083 2234 53 28 till
1159 2232 125 36 Kungl.
1308 2231 106 36 Maj:t
1435 2229 185 30 hemställa

133 2305 55 20 om
218 2295 185 35 utredning
430 2294 63 28 och
521 2293 130 35 förslag
678 2291 76 29 med
781 2289 197 30 beaktande
1005 2297 40 19 av
1072 2287 64 28 vad
1163 2287 8 28 i
1198 2285 178 29 motionen
1403 2282 135 30 anförts
1564 2290 55 21 om

135 2348 142 30 särskilt
295 2348 76 29 stöd
390 2347 51 29 till
460 2347 110 28 större
588 2343 186 36 familjer».

180 2400 226 30 Beträffande
429 2399 40 29 de
492 2397 74 30 skäl
591 2396 261 30 motionärerna
875 2394 117 29 anfört
1015 2393 51 28 till
1090 2392 75 29 stöd
1189 2391 54 29 för
1266 2391 75 29 sina
1362 2389 182 37 yrkanden
1567 2387 54 29 får

137 2454 179 31 utskottet,
350 2454 1 27 i
379 2452 64 29 den
472 2451 79 29 mån
580 2449 216 36 redogörelse
822 2446 120 30 därför
967 2446 75 29 icke
1068 2446 135 28 lämnas
1230 2444 7 29 i
1264 2444 56 29 det
1345 2441 168 37 följande,
1538 2441 84 28 hän-

138 2508 70 27 visa
227 2507 50 29 till
296 2505 218 29 motion>rna
532 2502 114 30 11:698
663 2502 63 30 och
744 2500 125 30 1I1:703.

142 2614 4 14 »
164 2612 133 33 Bihang
315 2611 52 28 till
383 2610 203 34 riks”agens
603 2607 174 37 protokoll
798 2607 91 28 1966.
906 2606 19 27 9
941 2605 98 29 saml.
1057 2605 18 27 2
1091 2603 75 29 avd.
1183 2603 47 27 Nr
1246 2603 40 26 40
