1884 2786
434 181 120 30 Andra
573 182 244 37 lagutskottets
838 186 179 31 utlåtande
1037 197 41 19 nr
1096 189 41 29 40
1158 188 38 30 år
1217 190 83 29 1966
1589 192 17 29 7

771 274 189 34 Utskottet

165 329 12 29 I
202 329 228 33 förevarande
454 334 171 30 motioner
648 335 191 31 behandlas
863 338 93 30 vissa
980 338 117 38 frågor
1122 349 74 20 som
1221 341 56 29 rör
1302 341 203 31 samhällets
1530 343 76 29 stöd

119 382 52 29 till
190 383 304 39 barnfamiljerna.
512 387 218 32 Motionerna
748 390 96 29 1:569
863 391 65 29 och
946 392 114 30 I1:703
1080 393 111 37 syftar
1209 393 52 30 till
1281 403 41 21 en
1340 394 148 38 höjning
1507 404 41 20 av
1566 396 41 30 de

121 436 176 31 allmänna
321 438 256 39 barnbidragen
602 445 91 28 samt
717 442 184 32 införande
926 454 42 20 av
991 447 48 28 ett
1064 447 143 30 särskilt
1230 447 300 38 vårdnadsbidrag
1554 449 52 30 till

120 488 154 38 familjer
294 493 76 28 med
391 493 175 30 småbarn.
585 495 258 31 Motionärerna
863 498 104 37 begär
988 499 177 30 dessutom
1185 501 187 37 utredning
1391 503 65 28 och
1476 501 131 38 förslag

119 552 56 20 om
201 545 199 31 ersättande
426 555 42 21 av
493 547 449 41 familjebostadsbidragen
969 554 77 28 med
1073 555 95 27 extra
1195 553 412 38 barnbidragsförmåner

120 596 50 29 till
196 596 245 39 barnfamiljer
466 601 77 29 med
569 602 74 29 små
668 602 203 31 inkomster.
898 604 167 38 Slutligen
1091 606 58 29 vill
1176 607 260 30 motionärerna
1462 609 50 29 att
1538 608 69 30 för-

120 649 73 37 slag
218 650 88 30 skall
331 651 214 39 framläggas
569 664 56 20 om
650 656 119 29 värde-
793 657 64 29 och
884 658 413 38 standardbeständighet
1323 669 41 20 av
1389 661 43 30 de
1456 657 151 46 familje-

119 703 165 36 politiska
302 704 237 32 förmånerna.

164 756 135 38 Frågan
318 767 56 20 om
394 759 143 31 särskilt
556 761 75 29 stöd
650 761 52 30 till
722 761 154 38 familjer
895 764 77 29 med
991 767 51 28 tre
1061 765 82 29 eller
1162 765 87 31 flera
1267 766 88 30 barn
1374 767 232 30 aktualiseras

120 808 9 29 i
150 809 218 32 motionerna
389 812 98 30 1:574
507 814 64 29 och
593 814 123 30 11:698.
738 815 259 32 Motionärerna
1019 827 101 21 anser
1142 820 50 29 att
1213 819 65 30 den
1300 820 229 37 naturligaste
1550 822 56 29 vä-

121 869 64 29 gen
204 864 52 29 att
272 864 183 37 tillgodose
474 866 296 38 storfamiljernas
790 869 172 30 intressen
982 871 38 29 är
1039 873 50 28 att
1107 871 56 30 vid
1182 872 270 37 beskattningen
1471 873 137 38 hänsyn

121 917 95 35 tages
235 916 51 30 till
306 918 132 30 antalet
456 919 98 30 barn.
574 920 121 31 Såsom
715 930 41 21 en
776 931 117 21 annan
913 924 104 36 utväg
1036 925 145 29 nämnes
1202 925 287 32 differentierade
1506 927 103 30 barn-

121 968 121 39 bidrag
266 979 73 21 som
364 972 102 36 utgår
490 975 77 28 med
592 973 105 38 högre
721 974 124 38 belopp
871 975 55 31 för
950 976 114 37 tredje
1087 978 64 29 och
1176 977 158 37 följande
1358 979 98 30 barn.
1481 980 127 30 Vidare

120 1022 107 36 pekas
251 1023 44 37 på
319 1024 229 37 möjligheten
573 1028 50 28 att
647 1026 115 31 införa
787 1030 49 28 ett
860 1029 145 30 särskilt
1031 1030 389 39 »storfamiljebidrag».
1446 1032 13 29 I
1486 1033 122 30 motio-

120 1084 109 21 nerna
247 1076 201 31 hemställes
467 1087 56 21 om
542 1080 187 37 utredning
747 1081 64 29 och
829 1081 132 39 förslag
978 1083 223 31 beträffande
1219 1084 101 30 dessa
1339 1084 129 38 frågor.
1487 1085 121 31 Motio-

120 1129 149 30 närerna
286 1130 107 36 yrkar
413 1131 178 31 dessutom
611 1135 51 28 att
682 1134 185 38 riksdagen
887 1136 10 28 i
918 1135 167 31 skrivelse
1104 1137 51 29 till
1176 1137 125 37 Kungl.
1322 1137 107 37 Maj:t
1448 1138 88 30 skall
1556 1148 51 20 er-

120 1181 76 31 inra
218 1192 55 20 om
295 1183 119 30 vikten
437 1194 42 20 av
501 1186 50 29 att
573 1186 175 37 pågående
772 1188 325 37 utredningsarbete
1118 1190 44 37 på
1185 1189 327 39 familjepolitikens
1535 1201 72 20 om-

121 1235 81 30 råde
222 1237 205 30 samordnas
447 1238 65 29 och
531 1239 232 37 tidsplaneras
782 1241 43 36 på
844 1243 48 28 ett
912 1241 125 31 sådant
1057 1243 79 36 sätt,
1156 1245 50 28 att
1225 1243 79 31 hela
1323 1245 195 29 materialet
1538 1245 69 30 kan

120 1287 215 32 överblickas
358 1292 65 28 och
445 1291 114 32 beslut
582 1292 108 30 fattas
713 1293 10 29 i
746 1296 47 29 ett
817 1295 266 38 sammanhang.

164 1341 129 38 Frågor
313 1352 74 20 som
407 1345 58 28 rör
485 1346 202 30 samhällets
708 1347 76 29 stöd
804 1347 52 29 till
875 1348 247 37 barnfamiljer
1141 1349 193 31 behandlas
1352 1360 44 20 av
1416 1350 88 31 flera
1525 1352 83 29 stat-

120 1394 67 37 liga
205 1396 238 37 utredningar.
463 1398 395 38 Familjeberedningen,
877 1410 75 20 som
969 1401 163 30 tillsattes
1151 1402 38 30 år
1209 1402 94 36 1962,
1321 1403 64 29 har
1403 1404 52 29 till
1474 1404 133 29 huvud-

119 1447 139 37 uppgift
276 1450 49 28 att
344 1449 183 39 kartlägga
544 1451 64 30 och
627 1452 183 37 analysera
829 1453 93 30 olika
941 1454 156 36 problem
1117 1455 10 29 i
1146 1455 220 38 anknytning
1385 1457 52 29 till
1457 1457 150 30 samhäl-

120 1500 63 29 lets
204 1501 128 31 service
352 1502 52 30 till
424 1502 294 38 barnfamiljerna
738 1505 63 29 och
823 1505 194 39 framlägga
1037 1507 41 30 de
1099 1507 130 38 förslag
1249 1508 235 38 beredningen
1505 1518 102 21 anser

119 1553 194 36 påkallade.
339 1555 240 38 Beredningen
604 1557 174 30 beräknas
804 1559 150 30 slutföra
981 1560 60 30 sitt
1067 1560 117 31 arbete
1210 1561 10 29 i
1246 1561 49 30 år.
1320 1561 118 31 Under
1465 1561 142 38 fjolåret

117 1606 212 32 tillkallades
352 1608 502 40 familjeskatteberedningen,
878 1622 75 20 som
977 1613 94 30 inom
1095 1613 398 38 finansdepartementet
1516 1615 89 30 skall

119 1661 120 30 överse
263 1660 418 41 familjebeskattningen.
708 1665 187 31 Dessutom
922 1666 164 30 tillsattes
1113 1666 304 38 familjepolitiska
1445 1669 162 30 kommit-

119 1713 68 34 tén,
212 1723 73 20 som
309 1715 163 30 närmare
497 1716 88 31 skall
609 1718 123 30 utreda
757 1718 203 30 samhällets
986 1720 227 30 ekonomiska
1239 1722 77 29 stöd
1342 1721 34 30 åt
1400 1721 205 30 barnfamil-

118 1765 111 37 jerna.
251 1767 11 28 I
283 1767 194 31 direktiven
497 1769 52 29 till
570 1770 64 29 den
656 1770 220 31 sistnämnda
897 1772 231 37 utredningen
1150 1773 216 35 framhålles,
1387 1776 50 29 att
1458 1775 66 29 den
1544 1775 62 30 bör

119 1819 118 30 skaffa
262 1820 49 37 sig
334 1830 41 20 en
399 1823 65 35 god
489 1823 175 29 överblick
687 1824 81 28 över
792 1823 217 38 förefintliga
1034 1825 210 31 stödformer
1268 1827 65 29 och
1358 1827 100 30 deras
1484 1827 121 35 effekt,

118 1872 141 31 studera
282 1873 65 29 den
371 1873 163 31 inbördes
558 1876 237 36 avvägningen
819 1877 64 29 och
909 1879 106 35 pröva
1039 1878 145 30 behovet
1208 1888 42 20 av
1274 1879 148 37 ändring
1447 1880 81 30 eller
1552 1882 53 28 ut-

116 1924 159 37 byggnad
295 1934 41 21 av
354 1926 89 31 dem.
463 1927 320 38 Familjepolitiken
803 1929 72 35 bör,
894 1930 130 29 uttalas
1044 1931 66 34 det,
1130 1930 260 31 differentieras
1411 1932 37 30 så
1468 1933 51 29 att
1538 1933 67 29 stö-

118 1979 56 28 det
197 1979 107 29 sätter
326 1979 34 29 in
384 1980 65 29 när
471 1981 65 29 och
559 1981 61 29 där
642 1981 147 31 behovet
811 1983 38 28 är
873 1984 117 28 störst.
1015 1983 221 31 Riktmärket
1258 1984 67 30 blir
1349 1985 43 29 då
1416 1987 50 28 att
1490 1985 114 31 åstad-

117 2030 140 31 komma
279 2033 109 28 större
409 2032 187 36 jämlikhet
617 2034 9 29 i
649 2035 192 29 materiella
862 2036 127 29 villkor
1011 2036 71 30 inte
1103 2037 83 30 bara
1208 2038 128 29 mellan
1359 2038 245 37 barnfamiljer

115 2084 64 28 och
206 2084 153 37 familjer
384 2087 85 27 utan
494 2086 85 29 barn
606 2088 84 28 utan
717 2088 84 28 även
828 2089 127 29 mellan
982 2089 244 37 barnfamiljer
1252 2090 162 31 inbördes
1441 2100 73 21 som
1540 2092 64 29 har

118 2137 87 29 barn
227 2138 10 29 i
259 2138 93 30 olika
374 2139 94 29 antal
492 2140 63 28 och
577 2140 105 31 ålder.
706 2141 186 30 Allmänna
912 2142 212 37 barnbidrag
1144 2143 72 34 bör,
1238 2143 139 30 anföres
1399 2145 56 29 det
1475 2144 128 34 vidare,

116 2190 85 28 även
233 2191 8 28 i
272 2190 271 38 fortsättningen
574 2193 92 29 bilda
698 2195 170 28 stommen
901 2195 9 28 i
942 2195 362 31 konsumtionsstödet
1335 2196 34 29 åt
1399 2197 205 29 barnfamil-

117 2243 111 35 Jerna.
248 2244 260 37 Barnbidragen
529 2246 61 28 bör
609 2246 125 28 liksom
753 2247 125 29 hittills
899 2248 248 35 kompletteras
1166 2249 76 29 med
1262 2249 174 30 särskilda
1454 2250 149 29 stödfor-

117 2304 81 20 mer.
220 2296 48 28 De
289 2298 202 29 nuvarande
515 2297 447 39 familjebostadsbidragen
987 2301 61 28 bör
1070 2301 120 29 därvid
1213 2303 186 34 omprövas
1423 2302 181 30 förutsätt-

116 2347 171 36 ningslöst
303 2349 64 28 och
385 2348 123 37 frågan
526 2359 54 20 om
598 2350 199 30 införandet
815 2361 40 19 av
873 2354 47 29 ett
937 2352 208 37 vårdbidrag
1162 2354 136 35 prövas.
1316 2355 48 27 De
1383 2355 220 37 sakkunniga

115 2400 37 28 är
171 2400 250 31 oförhindrade
441 2404 50 28 att
510 2403 97 36 lägga
628 2403 89 29 fram
739 2404 130 36 förslag
888 2414 56 19 om
964 2406 108 28 andra
1092 2414 67 28 nya
1179 2406 111 37 inslag
1311 2407 7 28 i
1340 2406 262 37 familjestödet.

115 2453 312 38 Huvuduppgiften
456 2455 53 30 för
536 2456 40 30 de
603 2456 220 37 sakkunniga
851 2457 61 30 bör
938 2467 82 20 vara
1047 2460 49 29 att
1122 2459 198 30 undersöka
1347 2460 254 31 effektiviteten

115 2516 41 18 av
177 2507 93 29 olika
293 2507 211 31 stödformer
527 2510 61 28 och
615 2511 103 35 pröva
742 2510 99 29 deras
866 2511 161 29 inbördes
1052 2513 318 36 sammansättning
1393 2513 62 29 och
1481 2515 121 35 avväg-
