1884 2782
274 181 19 30 8
595 181 119 30 Andra
730 181 245 36 lagutskottets
994 181 179 29 utlåtande
1188 190 42 19 nr
1246 181 41 29 40
1303 180 38 29 år
1360 181 82 29 1966

278 271 84 36 ning
385 271 93 29 inom
502 279 119 20 ramen
645 270 53 30 för
721 271 94 29 vissa
838 270 185 30 alternativ
1046 270 55 30 för
1125 270 202 29 samhällets
1352 270 108 29 totala
1484 269 76 30 stöd
1585 269 52 29 till
1661 269 101 29 barn-

280 324 212 37 familjerna.
514 325 13 28 I
550 324 192 30 direktiven
764 331 105 30 anges
890 323 163 37 slutligen
1074 325 50 28 att
1144 324 41 29 de
1205 323 222 36 sakkunniga
1446 323 62 29 bör
1527 323 126 29 beakta
1674 331 88 21 sam-

277 377 130 30 bandet
432 378 127 29 mellan
587 378 112 29 stödet
724 377 52 29 till
804 377 293 36 barnfamiljerna
1123 377 65 29 och
1216 377 301 36 skattesystemets
1544 375 219 37 utformning

278 430 65 30 och
371 430 118 30 därför
517 430 162 31 samråda
706 431 77 29 med
813 430 500 36 familjeskatteberedningen.

322 484 51 29 De
393 484 10 28 i
424 483 218 30 motionerna
663 483 197 30 framförda
882 483 175 37 förslagen
1079 492 57 20 om
1158 482 189 30 förbättrat
1368 482 222 30 ekonomiskt
1613 482 76 29 stöd
1712 481 52 30 till

278 536 293 36 barnfamiljerna
591 537 38 29 är
649 536 117 37 frågor
786 546 43 19 av
847 545 42 20 en
908 538 54 28 art
982 545 74 21 som
1077 535 305 38 familjepolitiska
1402 535 208 29 kommittén
1630 534 64 29 har
1714 536 51 28 att

277 591 119 35 pröva.
416 589 193 30 Resultatet
628 599 41 20 av
687 590 114 29 denna
821 589 170 37 prövning
1009 589 63 30 bör
1091 589 107 37 enligt
1216 589 190 29 utskottets
1426 588 140 37 mening
1586 588 177 30 avvaktas.

277 642 179 30 Utskottet
472 651 103 21 anser
591 642 119 30 därför
727 643 75 30 icke
820 643 76 29 skäl
914 642 166 37 föreligga
1098 642 54 29 för
1170 642 186 37 riksdagen
1374 643 50 30 att
1440 643 35 28 ta
1491 641 106 37 något
1614 641 150 30 initiativ

279 696 10 28 i
314 696 187 36 anledning
525 705 42 20 av
591 696 219 29 motionerna
835 696 96 30 1:569
956 696 64 29 och
1046 695 113 29 II:703
1185 697 91 27 samt
1300 695 98 29 1:574
1422 695 64 29 och
1512 694 124 34 1I1:698,
1662 693 104 30 såvitt

283 749 109 37 angår
409 750 142 30 särskilt
569 750 76 29 stöd
662 750 52 30 till
733 750 112 29 större
862 749 163 37 familjer.

327 803 227 31 Beträffande
573 803 123 37 frågan
714 812 57 21 om
791 802 226 38 samordning
1036 812 42 20 av
1095 803 57 29 det
1169 802 178 37 pågående
1365 801 341 37 utredningsarbetet
1722 800 44 37 på

282 856 327 38 familjepolitikens
632 856 141 31 område
795 856 60 29 vill
878 856 171 30 utskottet
1070 855 199 35 framhålla,
1291 857 51 28 att
1363 855 57 30 det
1441 855 37 29 är
1499 854 189 30 värdefullt
1709 862 56 21 om

283 910 342 37 utredningsarbetet
646 910 10 29 i
678 910 200 37 möjligaste
899 909 81 30 mån
1001 909 157 30 bedrives
1180 909 37 30 så
1239 911 51 29 att
1311 918 41 22 en
1374 909 133 29 samlad
1530 907 175 30 överblick
1726 916 42 21 av

283 964 308 36 familjepolitiken
617 964 69 29 kan
711 963 161 30 erhållas.
898 963 13 29 I
936 963 194 30 direktiven
1154 963 51 29 till
1230 962 305 36 familjepolitiska
1559 960 208 31 kommittén

283 1018 65 29 har
374 1017 448 37 samordningsproblemen
847 1016 159 30 beaktats
1031 1016 44 37 på
1100 1018 48 28 ett
1172 1016 126 30 sådant
1322 1016 69 29 sätt
1416 1017 49 29 att
1490 1015 57 30 det
1571 1014 95 30 finns
1691 1013 75 31 skäl

283 1073 138 35 antaga,
443 1072 50 29 att
513 1071 57 30 det
589 1070 56 29 vid
666 1070 263 37 överväganden
949 1079 42 20 av
1010 1069 168 30 framtida
1197 1069 161 37 åtgärder
1377 1068 44 37 på
1441 1067 326 37 familjepolitikens

283 1125 143 29 område
450 1124 67 30 blir
543 1124 137 37 möjligt
706 1126 49 28 att
781 1124 10 29 i
817 1123 205 37 erforderlig
1047 1123 245 36 utsträckning
1316 1122 160 30 betrakta
1501 1121 202 37 problemen
1727 1129 41 21 ur

285 1180 49 28 ett
355 1178 118 30 vidare
493 1178 209 37 perspektiv.
724 1177 77 31 Med
824 1178 57 29 det
901 1176 148 30 anförda
1070 1185 101 21 anser
1192 1177 50 36 sig
1262 1176 171 29 utskottet
1453 1176 45 29 ha
1517 1175 161 30 besvarat
1698 1183 71 21 mo-

284 1232 162 30 tionerna
466 1231 98 30 1:574
584 1231 65 30 och
670 1230 114 30 1II:698
805 1230 131 37 jämväl
958 1230 105 30 såvitt
1083 1230 108 37 angår
1210 1229 174 37 yrkandet
1404 1238 56 20 om
1481 1228 227 37 samordning
1728 1237 42 21 av

285 1285 342 37 utredningsarbetet
645 1284 44 38 på
707 1284 328 37 familjepolitikens
1054 1283 152 31 område.

330 1338 47 29 På
398 1338 111 36 grund
531 1347 42 20 av
593 1338 66 29 vad
680 1337 149 30 sålunda
850 1336 135 30 anförts
1008 1336 55 30 får
1084 1336 172 30 utskottet
1276 1336 197 34 hemställa,

604 1391 37 29 A.
667 1392 52 29 att
742 1390 159 37 följande
925 1390 182 34 motioner,
1131 1389 176 37 nämligen

674 1444 32 34 1)
738 1444 220 30 motionerna
975 1443 98 30 1:569
1091 1444 64 29 och
1174 1443 124 34 II:703,
1317 1443 91 30 samt

670 1497 35 35 2)
736 1497 221 31 motionerna
981 1497 97 30 1:574
1103 1497 65 29 och
1191 1496 125 35 1II:698,
1341 1495 104 31 såvitt
1469 1495 107 37 angår
1599 1494 173 38 yrkandet

738 1561 57 20 om
813 1551 143 31 särskilt
973 1552 76 29 stöd
1066 1551 53 30 till
1137 1551 111 29 större
1264 1549 167 37 familjer,

606 1604 75 31 icke
705 1604 109 30 måtte
837 1604 181 30 föranleda
1042 1603 114 37 någon
1182 1603 205 37 riksdagens
1413 1602 137 37 åtgärd;

606 1659 36 29 B.
668 1660 51 29 att
742 1658 220 30 motionerna
986 1657 98 29 1:574
1107 1657 65 29 och
1195 1656 125 35 11:698,
1345 1655 104 31 såvitt
1471 1655 108 37 angår
1601 1654 172 38 yrkandet

672 1721 56 20 om
756 1711 227 36 samordning
1010 1720 42 20 av
1080 1709 342 37 utredningsarbetet
1449 1708 44 37 på
1521 1707 253 37 familjepoliti-

674 1765 86 30 kens
789 1764 154 34 område,
972 1764 76 31 icke
1077 1763 108 30 måtte
1214 1763 182 29 föranleda
1425 1762 113 37 någon
1569 1761 204 36 riksdagens

675 1819 132 36 åtgärd.

335 1872 201 30 Stockholm
557 1872 66 29 den
646 1871 38 29 14
704 1871 89 37 april
817 1870 83 30 1966

724 1950 47 30 På
792 1950 110 30 andra
921 1950 247 36 lagutskottets
1187 1949 147 36 vägnar:

812 2020 114 30 JOHN
951 2020 38 30 R.
1013 2019 239 30 ANDERSON

338 2164 64 30 Vid
422 2164 94 30 detta
537 2162 146 31 ärendes
704 2161 213 37 behandling
937 2162 64 30 har
1023 2160 155 31 närvarit

337 2217 81 30 från
441 2216 167 30 första
632 2216 220 29 kammaren:
879 2214 57 30 fru
960 2214 184 37 Carlqvist,
1168 2213 57 29 fru
1249 2212 316 34 Hamrin-Thorell,
1589 2211 81 30 herr
1694 2211 85 29 Lars

293 2262 163 34 Larsson,
486 2260 57 30 fru
573 2260 152 34 Nilsson,
755 2260 123 29 herrar
909 2259 174 34 Edström,
1114 2257 233 34 Wanhainen,
1378 2255 215 37 Blomquist"
1626 2255 65 29 och
1722 2254 58 30 fru

294 2307 86 36 Elvy
402 2305 163 34 Olsson";

339 2350 80 30 från
481 2350 123 30 andra
634 2349 222 30 kammaren:
877 2348 121 31 herrar
1017 2346 183 31 Anderson
1217 2346 12 30 i
1247 2345 197 35 Sundsvall,
1463 2344 215 30 Gustavsson
1695 2344 11 29 i
1724 2343 55 29 Al-

293 2396 108 33 vesta,
418 2394 125 30 fröken
560 2394 256 34 Wetterström,
833 2394 81 29 herr
930 2393 195 36 Bengtsson
1141 2392 11 29 i
1168 2391 165 37 Varberg,
1351 2390 125 30 fröken
1493 2389 150 34 Sandell,
1660 2389 121 29 herrar

293 2440 154 30 Jönsson
467 2439 11 29 i
499 2438 342 37 Ingemarsgården”",
864 2437 162 30 Carlsson
1047 2437 10 29 i
1079 2436 169 36 Göteborg
1270 2436 65 29 och
1356 2434 209 30 Göransson.

295 2541 14 16 x
330 2538 35 29 Ej
383 2538 180 24 närvarande
579 2537 49 25 vid
646 2536 179 25 utlåtandets
843 2535 151 29 justering.
