1902 2794
447 122 393 37 Bevillningsutskottets
865 121 219 32 betänkande
1105 130 42 22 nr
1168 122 52 30 50.
1533 114 60 31 193

129 241 59 38 IV)
215 250 42 21 av
285 241 121 30 herrar
431 240 167 39 Näsgdrd,
637 239 256 32 Hammarlund
930 240 65 31 och
1033 240 150 30 Jonsson
1209 240 10 30 i
1247 237 212 38 Skedsbygd,
1500 237 92 31 vilka

85 295 122 31 ansett,

131 357 72 32 dels
237 362 50 27 att
322 358 187 37 utskottets
538 358 161 37 yttrande
731 358 224 31 beträffande
987 355 528 39 förmögenhetsbeskattningen
1548 364 42 21 av

83 408 135 38 fysiska
244 418 164 28 personer
430 410 79 30 bort
533 410 47 30 ha
603 408 157 38 följande
783 409 142 37 lydelse:

132 459 135 37 »Enligt
294 460 205 31 nuvarande
526 460 242 30 bestämmelser
814 477 44 4 —
883 477 46 4 —
954 477 45 4 —
1030 455 58 41 (=
1115 455 177 40 utskottet)
1326 475 44 4 —
1397 475 44 4 —
1467 476 45 4 —
1538 456 54 32 till

83 511 113 36 grund
222 511 56 30 för
306 510 535 37 förmögenhetsbeskattningen.

129 561 116 37 Enligt
267 562 185 30 utskottets
479 561 140 37 mening
642 561 64 30 bör
728 561 177 31 bortfallet
929 570 42 22 av
997 560 263 31 skatteintäkter
1282 568 127 29 genom
1435 559 43 31 de
1501 558 90 32 före-

84 612 121 37 slagna
234 612 220 31 lättnaderna
484 612 12 30 i
521 611 421 37 inkomstbeskattningen
968 611 78 31 icke
1073 612 10 30 i
1112 610 38 32 så
1175 615 75 26 stor
1276 610 213 37 omfattning
1516 619 75 21 som

87 661 194 38 föreslagits
303 663 10 30 i
337 662 261 36 propositionen
622 663 245 35 kompenseras
888 670 127 28 genom
1040 661 190 37 skärpning
1255 671 42 21 av
1322 661 271 37 förmögenhets-

85 713 146 31 skatten.
257 713 146 31 Särskilt
426 712 80 32 hårt
525 714 160 30 kommer
706 715 68 30 den
796 713 196 36 föreslagna
1014 712 235 37 skärpningen
1269 713 12 30 i
1304 712 67 31 den
1392 711 110 37 årliga
1521 711 71 31 för-

87 764 340 35 mögenhetsskatten
449 768 51 26 att
518 764 134 30 drabba
673 763 223 36 jordbrukets
919 765 143 29 utövare
1083 764 65 30 och
1172 763 137 30 mindre
1329 763 195 36 företagare
1543 762 49 30 in-

85 824 58 21 om
166 815 170 31 hantverk
361 815 66 30 och
453 815 135 36 rörelse,
613 816 83 30 enär
717 815 100 31 dessa
842 815 193 36 företagare
1058 813 110 32 måste
1189 814 59 30 för
1270 817 50 28 att
1344 813 122 31 kunna
1486 814 106 30 utöva

86 865 57 31 sitt
166 866 86 36 yrke
275 867 47 30 ha
345 869 49 27 ett
418 866 84 30 visst
526 865 133 37 kapital
684 866 151 36 placerat
859 865 12 31 i
898 865 176 36 företaget.
1103 865 13 30 I
1141 866 91 35 regel
1256 864 262 32 åstadkommes
1541 864 51 30 in-

85 916 160 31 komsten
268 916 95 30 inom
387 917 99 30 dessa
509 916 110 36 yrken
640 925 124 28 genom
790 917 146 36 ägarens
958 916 65 30 och
1049 916 88 30 hans
1161 915 134 37 familjs
1319 915 272 32 arbetsinsatser.

87 965 82 32 Ofta
194 967 137 30 lämnar
357 966 167 37 kapitalet
548 966 103 37 ingen
675 967 82 30 eller
782 967 123 30 endast
929 965 56 38 låg
1009 965 215 38 avkastning,
1251 975 81 22 men
1357 965 44 32 då
1426 965 166 32 arbetsin-

85 1017 115 30 komst
224 1017 65 30 och
312 1017 289 36 kapitalinkomst
618 1017 177 31 redovisas
816 1021 222 33 gemensamt,
1061 1017 144 30 komma
1226 1017 99 30 dessa
1346 1017 247 36 yrkesutövare

85 1067 10 30 i
121 1066 126 38 många
272 1067 63 31 fall
362 1070 49 28 att
434 1067 37 31 få
499 1068 135 36 erlägga
658 1068 354 36 förmögenhetsskatt
1038 1067 56 32 för
1117 1071 48 28 ett
1187 1067 144 38 kapital,
1357 1076 76 22 som
1457 1067 13 30 i
1494 1067 97 30 verk-

85 1117 150 37 ligheten
259 1117 77 31 icke
359 1118 137 31 lämnar
517 1117 116 37 någon
659 1118 215 36 avkastning.
903 1118 203 36 Spärregeln
1129 1119 73 29 kan
1224 1118 78 30 icke
1328 1118 100 31 träda
1451 1117 12 31 i
1488 1117 103 31 funk-

85 1168 73 31 tion
180 1168 44 36 på
246 1178 137 21 samma
402 1169 69 30 sätt
491 1178 75 21 som
589 1168 12 31 i
624 1167 99 38 fråga
743 1178 57 21 om
822 1178 62 21 ren
904 1168 288 37 kapitalinkomst
1212 1168 12 30 i
1245 1170 44 30 de
1310 1169 62 30 fall
1395 1167 45 32 då
1462 1168 130 31 förmö-

83 1219 186 36 genhetens
296 1220 104 35 ägare
427 1219 76 30 icke
528 1218 152 37 åtnjuter
705 1228 120 21 annan
850 1220 162 30 inkomst.
1042 1219 120 31 Denna
1191 1218 99 37 fråga
1316 1219 65 30 bör
1404 1219 108 36 enligt
1539 1222 51 27 ut-

84 1270 143 30 skottets
249 1269 143 37 mening
412 1271 101 35 göras
532 1269 52 31 till
606 1268 146 32 föremål
776 1269 56 32 för
852 1269 260 38 undersökning
1134 1270 10 30 i
1166 1269 90 37 syfte
1277 1272 49 29 att
1347 1268 244 33 åstadkomma

84 1329 45 21 en
148 1319 182 32 rättvisare
346 1320 205 37 avvägning.

130 1370 172 31 Utskottet
322 1380 102 21 anser
443 1375 50 27 att
511 1370 266 37 beskattningen
798 1381 43 20 av
861 1371 279 36 förmögenheter
1157 1370 78 31 icke
1253 1371 64 30 bör
1334 1372 148 36 skärpas
1502 1371 12 30 i
1534 1380 56 22 en-

85 1420 105 37 lighet
214 1422 81 29 med
317 1421 279 36 propositionens
618 1421 129 37 förslag
770 1424 83 28 utan
878 1424 50 28 att
951 1422 135 30 skatten
1110 1420 46 37 på
1178 1421 242 37 förmögenhet
1442 1421 12 30 i
1476 1422 115 30 stället

84 1471 64 30 bör
173 1475 137 32 uttagas
335 1471 105 36 enligt
466 1471 68 31 den
557 1471 202 36 skiktskala,
789 1481 74 21 som
890 1472 11 30 i
926 1472 42 30 de
993 1471 221 37 likalydande
1239 1471 218 32 motionerna
1485 1472 27 30 I:
1528 1472 63 30 294

85 1521 66 30 och
173 1521 44 30 II:
232 1521 64 30 440
318 1521 223 37 föreslagits.»

129 1570 72 32 dels
225 1571 65 30 ock
313 1575 50 27 att
384 1573 167 29 utskottet
573 1573 77 30 bort
672 1572 79 30 med
776 1582 46 20 nu
847 1572 149 31 anförda
1018 1572 206 37 motivering
1244 1573 194 35 hemställa,

130 1625 49 28 att
200 1622 186 36 riksdagen
405 1622 56 30 vid
481 1622 256 37 behandlingen
756 1632 44 21 av
821 1622 121 37 Kungl.
966 1622 121 37 Maj:ts
1105 1623 216 36 proposition
1339 1632 43 22 nr
1402 1625 63 29 212
1487 1622 106 33 måtte

85 1672 144 36 besluta,
251 1676 50 27 att
324 1674 36 28 11
387 1673 18 37 $
429 1674 14 29 1
466 1682 105 21 mom.
591 1673 11 30 i
623 1673 162 36 förslaget
809 1673 48 31 till
879 1672 203 37 förordning
1103 1683 57 21 om
1182 1674 116 36 statlig
1320 1674 271 37 förmögenhets-

86 1724 91 30 skatt
206 1724 89 29 skall
320 1722 131 31 erhålla
477 1723 156 36 följande
658 1724 141 36 lydelse:

794 1809 36 28 11
858 1808 29 37 3.

131 1867 14 28 1
175 1875 104 20 mom.
317 1866 120 36 Statlig
461 1866 353 36 förmögenhetsskatt
838 1884 44 4 —
905 1884 45 3 —
972 1886 44 3 —
1047 1864 57 39 (=
1128 1865 177 39 utskottet)
1335 1886 44 4 —
1405 1886 44 4 —
1472 1887 44 3 —
1542 1868 50 30 fa-

87 1915 242 37 miljestiftelse
350 1917 135 35 utgöra:

129 1966 65 30 när
221 1967 67 30 den
315 1966 325 36 beskattningsbara
668 1966 286 37 förmögenheten
982 1967 77 30 icke
1086 1967 185 37 överstiger
1300 1968 40 30 50
1355 1969 63 30 000
1449 1969 142 30 kronor:

85 2017 72 29 fem
177 2016 161 37 promille
357 2025 42 21 av
423 2017 66 30 den
509 2017 55 30 del
584 2026 43 21 av
649 2017 66 30 den
735 2017 326 37 beskattningsbara
1082 2018 295 38 förmögenheten,
1397 2029 76 20 som
1497 2020 94 29 över-

89 2066 102 36 stiger
206 2068 40 29 30
261 2067 65 30 000
342 2067 138 36 kronor,
498 2067 88 30 dock
603 2068 86 35 lägst
705 2077 42 21 en
764 2068 123 36 krona;

129 2118 65 30 när
221 2117 66 30 den
314 2117 326 37 beskattningsbara
666 2118 286 36 förmögenheten
978 2118 184 37 överstiger

136 2172 39 29 50
187 2172 61 29 000
272 2181 79 21 men
375 2171 70 31 icke
482 2173 58 29 100
553 2173 61 29 000
637 2173 62 29 kr.:
780 2173 58 30 100
861 2174 48 28 kr.
934 2173 54 30 för
1043 2174 39 29 50
1095 2174 61 29 000
1180 2174 47 30 kr.
1252 2183 31 21 o.
1307 2175 19 28 6
1348 2173 55 33 9/00

117 2222 58 29 100
187 2222 61 29 000
305 2235 12 14 >
405 2238 11 11 >
482 2222 59 30 150
553 2223 61 29 000
648 2235 11 14 >
694 2233 6 18 :
779 2223 61 29 400
878 2236 12 15 >
956 2236 12 15 >
1025 2224 132 29 100000
1195 2236 11 15 >
1261 2236 11 15 >
1308 2225 16 28 7
1348 2223 55 30 9/00

118 2272 58 29 150
191 2272 61 29 000
307 2285 12 14 >
412 2284 2 2 >»
481 2272 61 29 200
555 2273 61 28 000
649 2289 12 10 >
695 2282 6 19 :
780 2273 59 29 750
878 2285 12 15 >»
956 2285 12 15 »
1026 2273 131 30 150000
1195 2286 11 14 >
1261 2287 11 14 >
1306 2275 19 28 8
1347 2273 55 37 /ootd
1438 2273 135 32 avåter-

115 2321 61 29 200
188 2322 62 28 000
305 2334 11 14 >
405 2334 11 14 >
480 2322 61 28 300
554 2322 61 29 000
649 2334 11 15 >
691 2331 6 20 :
748 2323 88 29 1150
875 2334 11 16 >
953 2335 11 14 >
1019 2324 135 29 200000
1193 2336 12 15 >
1259 2324 65 29 ->10
1347 2322 55 37 /00f
1444 2324 117 30 stoden

115 2372 61 29 300
189 2372 61 29 000
306 2384 11 15 >»
451 2371 90 30 1000
553 2372 62 29 000
649 2384 11 14 >
695 2382 6 19 :
747 2373 92 29 2150
878 2385 12 15 >
955 2390 11 10 >
1020 2373 136 29 300000
1194 2385 11 13 >»
1260 2374 64 29 >12
1348 2322 79 141 al

89 2423 11 28 1
116 2422 61 29 000
190 2422 61 29 000
274 2423 48 28 kr.
694 2432 5 19 :
727 2423 111 29 10550
878 2436 11 10 >
955 2436 11 14 >
993 2424 163 29 1000000
1195 2436 11 16 >
1260 2425 65 29 >14
1371 2430 31 23 on

131 2491 109 32 Bihang
253 2491 41 25 till
305 2491 167 32 riksdagens
484 2491 145 32 protokoll
641 2492 74 24 1947.
737 2493 14 23 7
763 2492 80 25 saml.
866 2492 38 23 Nr
921 2492 39 23 30.
1534 2491 31 26 13
