1910 2788
301 117 18 30 8
664 124 392 37 Bevillningsutskottets
1076 127 216 31 betänkande
1312 137 42 22 nr
1394 128 49 30 50.

307 205 83 37 ning
411 206 231 37 provisoriska
665 208 283 32 skattelättnader
971 209 106 32 måtte
1100 210 184 36 medgivas.
1312 211 66 31 Till
1401 211 76 31 stöd
1502 211 56 30 för
1579 212 114 31 denna
1716 213 93 30 hem-

307 257 124 30 ställan
450 257 65 30 har
533 257 134 33 anförts
687 258 104 31 bland
812 264 106 26 annat
938 259 170 38 följande:

348 305 32 40 a)
411 307 293 37 Statsfinanserna
723 309 65 30 och
808 310 56 31 det
886 310 227 31 ekonomiska
1135 311 97 36 läget.
1254 312 13 30 I
1288 311 134 37 princip
1444 311 89 33 hade
1553 312 255 32 motionärerna

309 356 74 31 icke
406 356 104 37 något
531 362 49 27 att
602 358 112 31 erinra
736 364 92 26 emot
849 360 172 36 förslaget,
1052 361 4 30 i
1081 362 66 30 vad
1170 362 142 30 därmed
1333 361 176 37 åsyftades
1531 372 42 21 en
1596 363 149 37 lindring
1767 374 42 20 av

308 407 357 37 statsbeskattningen.
690 409 164 32 Däremot
873 410 109 32 måste
1004 412 118 30 starka
1144 412 272 36 betänkligheter
1437 422 93 21 resas
1551 419 74 26 mot
1648 414 161 37 förslaget

307 462 49 26 att
372 458 203 31 kombinera
593 459 113 30 denna
724 460 150 37 lindring
892 461 55 30 för
966 461 91 31 vissa
1075 462 192 36 kategorier
1284 463 271 36 inkomsttagare
1573 465 80 30 med
1671 474 42 20 en
1732 474 77 28 syn-

307 507 152 36 nerligen
482 508 89 31 hård
598 510 188 37 skärpning
813 520 43 21 av
881 511 67 31 den
972 512 137 36 statliga
1135 512 291 33 inkomstskatten
1450 513 57 32 för
1534 514 111 31 andra
1672 515 136 36 katego-

307 558 67 31 rier
391 563 89 26 samt
498 559 78 30 med
596 560 66 31 den
681 560 11 30 i
711 561 259 36 propositionen
989 562 187 33 förordade
1194 563 173 36 ökningen
1386 573 42 21 av
1447 564 288 32 skattebördorna
1754 566 56 29 för

308 608 266 37 företagsamhet
592 610 65 31 och
679 611 180 36 sparande.
879 611 48 32 På
945 614 112 35 grund
1076 622 43 21 av
1137 614 67 32 den
1222 614 234 36 föreliggande
1477 614 141 37 frågans
1637 615 172 37 betydelse

307 668 80 21 vore
417 659 55 33 det
499 660 217 37 erforderligt
743 665 49 27 att
822 663 122 31 beröra
974 663 68 31 den
1070 664 283 31 statsfinansiella
1382 665 65 30 och
1477 666 178 30 allmänna
1684 667 124 30 ekono-

305 709 113 31 miska
438 709 193 38 bakgrund,
654 716 72 26 mot
747 712 115 31 vilken
883 722 83 21 man
986 713 109 31 borde
1116 723 34 22 se
1171 715 78 30 hela
1270 715 57 31 det
1351 715 234 36 föreliggande
1608 717 200 36 problemet.

351 760 114 36 Enligt
479 762 448 37 statsverkspropositionen
946 763 50 31 till
1017 766 82 29 1947
1119 764 56 32 års
1195 765 140 37 riksdag
1352 765 215 35 beräknades
1585 767 187 36 utgifterna
1789 766 20 32 å

306 809 254 38 driftbudgeten
578 811 49 32 till
644 813 19 30 3
677 814 64 30 450
758 813 161 37 miljoner
936 814 138 31 kronor.
1093 816 14 30 I
1124 815 259 38 propositionen
1400 826 42 20 nr
1458 818 63 29 212
1541 818 173 30 räknades
1731 818 79 30 med

306 869 43 21 en
366 861 147 37 stegring
531 870 43 22 av
592 862 194 37 ytterligare
805 864 63 32 200
887 864 84 38 milj.
992 866 132 30 kronor
1141 866 50 31 till
1209 867 19 30 3
1242 867 63 30 650
1323 866 86 37 milj.
1428 868 139 30 kronor.
1589 868 76 30 Vad
1683 868 126 31 beträf-

306 910 81 31 fade
411 911 186 37 utgifterna
621 912 20 31 å
665 913 255 37 driftbudgeten
947 912 143 35 1948/49
1118 916 248 37 uppskattades
1393 917 99 31 dessa
1517 917 11 30 i
1553 922 134 27 senaste
1711 923 98 26 stats-

305 962 319 37 verksproposition
647 964 50 30 till
729 965 13 30 3
756 965 64 30 750
843 964 85 38 milj.
953 966 140 31 kronor.
1130 968 56 30 Att
1209 967 92 31 detta
1327 968 126 36 belopp
1479 969 140 31 komme
1644 972 49 27 att
1716 970 93 29 över-

306 1011 135 33 skridas
460 1022 80 21 vore
558 1013 91 31 dock
668 1014 204 37 uppenbart.
892 1016 78 30 Med
989 1016 259 38 utgångspunkt
1266 1016 80 32 från
1364 1018 57 31 det
1440 1019 166 36 material,
1628 1028 74 22 som
1723 1020 87 35 lagts

305 1061 92 31 fram
423 1062 48 31 till
493 1063 139 37 ledning
654 1064 56 31 för
730 1065 231 32 bedömandet
984 1076 42 21 av
1049 1068 279 36 skattebehoven,
1352 1068 98 32 torde
1470 1069 43 30 de
1535 1069 151 37 löpande
1711 1074 98 27 stats-

304 1112 185 36 utgifterna
511 1115 120 29 kunna
653 1115 171 31 beräknas
849 1116 49 31 till
920 1117 156 37 följande
1098 1118 124 37 belopp
1245 1118 110 31 under
1389 1119 114 31 nedan
1536 1120 153 31 nämnda
1726 1120 83 31 bud-

304 1162 105 36 getår.

1446 1223 125 30 "1947/48
1691 1224 109 31 1948/49

1448 1260 66 29 milj.
1538 1260 39 24 kr.
1681 1261 66 29 milj.
1770 1261 41 24 kr.

306 1296 398 39 Socialdepartlementet:

354 1355 272 37 Folkpensioner
666 1382 491 9 ..sssossosossssssss
1037 1351 124 47 sasson
1170 1363 2 2 =
1175 1386 181 6 rese
1281 1358 12 44 n
1303 1386 53 6 ess
1443 1363 63 30 200
1697 1365 62 30 400

351 1406 214 37 Barnbidrag
599 1433 761 9 .ooososssssoosecsesreres
1091 1402 57 48 res
1157 1402 54 48 sss
1223 1402 30 48 ss
1265 1402 33 48 ss
1310 1402 54 48 osa
1449 1414 60 29 135
1702 1415 63 29 420

352 1456 142 32 DiVersS€
534 1483 823 10 sosooeseeseeserseersese
997 1452 77 49 esse
1086 1452 56 49 ers
1153 1452 53 49 rss
1217 1452 56 49 ses
1282 1452 77 49 oss
1444 1465 63 29 748
1700 1466 64 30 730

1224 1530 143 30 Summa
1416 1531 94 30 1083
1671 1533 13 29 1
1702 1533 62 30 550

348 1604 125 42 Övriga
498 1610 140 37 utgifter
670 1636 690 9 ..........sssmsmesssserersses
1265 1600 31 54 ss
1309 1600 55 54 ona
1413 1617 19 29 2
1446 1617 62 29 367
1668 1618 18 29 2
1701 1618 63 30 370

1061 1682 142 30 Summa
1228 1682 139 36 utgifter
1414 1684 96 30 3450
1669 1685 19 29 3
1700 1685 64 30 920

347 1755 138 42 Ökning
507 1761 106 37 enligt
633 1763 212 37 proposition
868 1774 41 21 nr
931 1766 62 29 212
1023 1790 338 6 ......o.oo.......
1447 1769 63 29 200

1413 1835 20 30 3
1447 1835 63 30 650

348 1920 65 31 Det
435 1920 111 32 måste
572 1922 179 31 betraktas
778 1922 117 32 såsom
918 1933 43 21 en
987 1926 222 36 synnerligen
1233 1927 159 36 allvarlig
1418 1928 72 35 sak,
1515 1931 51 27 att
1589 1927 184 37 riksdagen
1798 1928 10 30 i

300 1969 69 31 den
388 1981 48 21 nu
457 1971 153 32 rådande
632 1972 276 33 inflationistiskt
928 1975 165 36 präglade
1115 1976 239 36 utvecklingen
1375 1976 75 31 icke
1471 1978 135 36 lyckats
1627 1977 93 32 hålla
1742 1978 66 30 den

301 2029 43 22 av
364 2022 83 30 1946
465 2021 56 32 års
540 2022 140 37 riksdag
699 2024 222 36 accepterade
939 2025 251 36 utgiftsramen.
1223 2027 51 30 En
1293 2028 96 30 stark
1407 2027 283 34 återhållsamhet
1710 2030 10 29 i
1741 2033 66 26 sta-

303 2075 73 27 tens
392 2072 243 37 utgiftspolitik
653 2083 80 21 vore
747 2084 48 21 nu
814 2084 94 22 mera
926 2076 45 30 än
985 2075 171 37 någonsin
1172 2076 163 37 påkallad
1352 2077 115 32 såsom
1482 2082 48 27 ett
1545 2078 55 31 led
1618 2078 11 31 i
1646 2079 41 30 de
1705 2079 102 31 önsk-

301 2123 109 31 värda
435 2125 229 31 strävandena
691 2128 49 28 att
763 2125 106 37 hejda
894 2126 541 39 penningvärdesförsämringen.
1461 2127 344 39 Ansträngningarna

301 2171 110 32 måste
429 2173 145 32 inriktas
594 2173 45 38 på
658 2179 49 27 att
725 2175 10 30 i
757 2175 96 37 varje
872 2176 62 31 fall
955 2176 75 32 icke
1052 2176 70 32 låta
1143 2177 184 37 utgifterna
1349 2178 20 31 å
1390 2179 257 37 driftbudgeten
1670 2176 137 42 1948/49

301 2223 168 36 överstiga
493 2224 57 32 det
575 2234 91 22 ovan
688 2226 154 30 nämnda
866 2226 161 38 beloppet
1052 2229 18 29 3
1084 2229 64 30 920
1175 2228 84 37 milj.
1285 2230 139 36 kronor,
1451 2230 106 31 vilket
1579 2230 93 31 dock
1697 2231 109 30 skulle

301 2274 121 31 kunna
446 2274 174 37 inrymma
645 2275 37 31 så
708 2280 92 27 stora
826 2277 66 31 och
916 2278 346 32 kostnadskrävande
1289 2279 128 32 sociala
1443 2280 168 33 reformer
1638 2290 74 21 som
1741 2280 66 31 den

300 2323 177 32 beslutade
497 2325 415 37 folkpensionsreformen
932 2329 66 29 och
1016 2338 44 22 en
1078 2328 369 38 barnbidragsreform.

344 2374 74 31 Vad
439 2375 152 31 härefter
613 2377 195 31 beträffade
828 2378 254 32 inkomstsidan
1106 2378 21 32 å
1150 2379 256 37 driftbudgeten
1427 2381 89 31 hade
1537 2381 132 37 jämväl
1690 2382 116 29 härut-

300 2423 108 32 innan
432 2426 42 30 de
500 2431 115 27 senast
638 2427 168 31 förflutna
832 2428 210 37 budgetåren
1066 2430 137 31 företett
1227 2430 165 38 betydligt
1417 2433 107 30 större
1549 2432 188 36 stegringar
1763 2432 42 29 än
