1926 2788
316 125 39 29 60
700 130 393 37 Bevillningsutskottets
1113 133 217 31 betänkande
1349 144 41 20 nr
1417 136 48 28 50.

319 222 80 22 vore
419 215 194 36 uppenbart
635 218 48 27 att
705 216 67 29 den
793 215 194 38 föreslagna
1008 218 141 30 skalans
1170 217 162 38 rörlighet
1354 228 81 21 vore
1456 220 137 36 mycket
1615 221 203 36 begränsad.

319 264 101 31 Detta
439 273 81 21 vore
540 265 192 30 emellertid
750 276 42 20 av
815 267 79 35 föga
914 267 183 37 betydelse,
1119 268 44 31 då
1183 268 121 31 skalan
1323 270 118 30 kunde
1461 271 63 29 när
1547 279 73 22 som
1640 271 90 29 helst
1749 281 70 20 om-

319 316 124 35 prövas
459 322 122 28 genom
596 319 46 27 ett
656 317 113 29 beslut
783 316 9 29 i
809 325 134 23 samma
958 318 130 30 former
1104 327 76 22 som
1197 321 46 29 ett
1258 319 111 31 beslut
1383 329 60 21 om
1458 321 132 30 ändrad
1607 321 211 37 uttagnings-

319 369 149 33 procent.
492 365 63 31 Det
576 369 115 33 syntes
711 366 189 32 emellertid
922 367 156 38 lämpligt
1098 373 50 26 att
1169 369 174 31 bibehålla
1365 370 288 31 konstruktionen
1677 373 80 29 med
1777 381 40 21 en

317 415 68 31 viss
399 416 367 37 grundbeloppsskala,
781 417 45 37 på
840 417 116 30 vilken
972 427 43 23 en
1029 420 107 36 högre
1152 419 81 31 eller
1247 420 91 36 lägre
1352 421 343 36 uttagningsprocent
1711 422 107 30 skulle

318 467 119 29 kunna
456 466 182 37 tillämpas.
660 466 119 38 Någon
800 477 117 22 annan
937 469 173 36 betydelse
1129 470 90 31 hade
1238 470 76 31 icke
1332 470 93 32 detta
1445 473 45 28 än
1509 473 49 29 att
1576 471 242 31 diskussionen

317 525 58 21 om
397 520 46 27 ett
464 517 104 36 högre
589 517 80 31 eller
692 517 92 36 lägre
806 519 207 36 skatteuttag
1035 520 117 31 kunde
1173 520 38 31 få
1232 520 90 31 vissa
1343 521 170 31 konkreta
1535 523 128 36 belopp
1685 527 50 26 att
1757 533 60 20 an-

318 568 107 36 knyta
446 567 60 30 till.
528 567 116 31 Skulle
667 568 248 37 förändringen
935 569 92 31 bliva
1045 579 97 22 mera
1161 571 176 35 avsevärd,
1358 571 92 37 finge
1470 581 82 21 man
1570 589 45 4 —
1634 576 108 34 yttrar
1764 573 54 30 de-

317 618 334 36 partementschefen
673 635 45 3 —
742 627 82 23 vara
848 619 178 31 medveten
1050 630 59 21 om
1131 625 50 28 att
1204 631 43 21 en
1269 622 134 30 ändrad
1427 623 211 36 grundskala
1663 624 156 30 behövde

316 667 142 31 införas.

360 718 75 30 Den
458 717 195 38 föreslagna
674 719 391 32 inkomstskatteskalan
1087 722 63 30 har
1172 721 10 30 i
1203 722 56 31 det
1280 722 108 37 lägsta
1410 721 136 38 skiktet,
1568 723 174 37 nämligen
1764 725 55 30 för

316 769 67 29 den
406 769 55 30 del
483 778 43 21 av
545 770 67 30 den
633 770 324 36 beskattningsbara
977 771 199 31 inkomsten
1198 781 74 22 som
1295 772 31 37 ej
1353 773 182 37 överstiger
1561 775 13 29 1
1591 774 65 30 000
1679 776 138 33 kronor,

317 826 41 21 en
379 818 180 30 skattesats
576 828 41 21 av
639 819 39 30 10
696 823 142 32 procent
856 823 90 27 samt
962 820 11 30 i
990 820 56 31 det
1062 821 123 36 högsta
1205 822 134 36 skiktet,
1359 824 168 30 avseende
1543 823 66 31 den
1628 825 54 30 del
1699 834 42 21 av
1754 825 67 30 den

315 869 323 37 beskattningsbara
658 870 196 31 inkomsten
878 880 76 22 som
973 871 185 37 överstiger
1179 874 64 29 200
1256 874 62 29 000
1339 875 139 35 kronor,
1504 883 42 22 en
1567 876 184 31 skattesats
1775 885 42 22 av

317 920 38 29 70
391 924 151 32 procent.
580 920 129 31 Skalan
744 921 136 31 medför
916 921 57 32 vid
996 932 43 20 en
1063 922 182 37 uttagning
1269 925 78 30 med
1373 925 61 29 100
1459 929 142 31 procent
1624 934 44 21 av
1692 926 124 36 grund-

314 971 160 37 beloppet
489 980 43 22 en
547 971 173 39 sänkning
734 982 41 21 av
791 972 289 33 inkomstskatten
1096 974 55 31 för
1168 974 262 32 ensamstående
1445 977 78 29 med
1540 985 72 28 upp
1630 976 51 30 till
1703 977 38 29 10
1753 976 64 30 000

314 1023 147 30 kronors
482 1022 161 32 inkomst.
666 1023 68 31 För
753 1024 163 31 barnlösa
938 1024 162 37 familjer,
1123 1025 306 37 ettbarnsfamiljer
1451 1027 66 29 och
1538 1026 109 37 ogifta
1669 1027 81 30 med
1769 1030 48 27 ett

314 1073 86 30 barn
420 1071 164 31 inträffar
603 1073 56 31 vid
684 1074 61 29 100
768 1077 157 33 procents
946 1074 180 37 uttagning
1145 1085 44 21 av
1210 1076 273 37 grundbeloppet
1503 1085 43 21 en
1567 1076 173 38 sänkning
1762 1077 56 30 för

314 1122 67 31 alla
400 1123 79 30 med
497 1132 70 28 upp
586 1123 50 31 till
655 1124 160 38 omkring
831 1125 41 29 26
887 1126 63 29 000
969 1126 145 30 kronors
1133 1126 160 31 inkomst.
1314 1126 56 31 Ett
1387 1127 211 36 barnbidrag
1616 1127 21 31 å
1656 1127 65 30 260
1739 1128 77 29 kro-

313 1182 64 20 nor
396 1174 65 29 har
479 1172 119 31 därvid
621 1173 10 30 i
650 1174 287 32 förekommande
954 1175 63 31 fall
1037 1177 188 29 avräknats
1244 1176 21 32 å
1283 1177 146 30 skatten.
1451 1177 244 32 Motsvarande
1714 1179 100 36 gräns

314 1222 58 38 går
390 1223 54 30 för
463 1224 310 37 trebarnsfamiljer
792 1225 57 30 vid
866 1225 161 38 omkring
1043 1227 41 29 23
1099 1227 65 30 000
1181 1227 136 30 kronor.

357 1273 65 32 Det
440 1274 157 32 absoluta
616 1275 136 36 belopp,
774 1277 142 30 varmed
936 1277 135 31 skatten
1088 1278 137 36 sänkes,
1247 1280 39 29 är
1303 1278 140 37 givetvis
1464 1279 69 37 lågt
1557 1279 5 30 i
1585 1281 41 30 de
1648 1281 166 30 inkomst-

312 1324 109 36 lägen,
444 1325 62 29 där
527 1325 136 31 skatten
687 1326 93 30 förut
800 1325 88 31 varit
911 1327 182 37 obetydlig,
1116 1337 81 21 men
1217 1329 102 35 stiger
1339 1330 107 30 sedan
1468 1329 48 31 till
1539 1348 43 3 —
1604 1330 10 30 i
1637 1330 99 38 fråga
1758 1341 58 21 om

313 1373 152 37 familjer
481 1379 82 26 utan
582 1376 87 29 barn
688 1393 44 3 —
748 1377 99 35 högst
866 1376 161 39 omkring
1045 1378 66 30 230
1127 1379 128 30 kronor
1273 1379 57 31 vid
1350 1380 39 30 15
1404 1381 63 29 000
1486 1382 146 29 kronors
1652 1381 161 31 inkomst.

311 1424 224 32 Beträffande
559 1425 153 37 familjer
736 1429 83 27 utan
843 1428 87 30 barn
952 1428 67 30 blir
1042 1428 228 33 reduktionen
1295 1430 151 31 därefter
1470 1431 234 37 obetydligare
1728 1434 85 29 även

311 1474 51 31 till
384 1474 58 31 sitt
462 1476 158 31 absoluta
640 1477 105 30 värde
764 1478 66 30 och
852 1477 12 29 i
884 1477 255 38 inkomstlägen
1163 1480 79 30 över
1264 1480 160 37 omkring
1445 1481 115 31 25000
1584 1483 129 30 kronor
1737 1483 78 30 sker

310 1534 44 22 en
371 1525 147 38 höjning
534 1527 77 29 med
630 1526 201 32 varierande
851 1528 136 37 belopp,
1007 1537 76 22 som
1102 1529 88 31 dock
1195 1521 20 51 i
1242 1532 83 29 stort
1342 1533 66 28 sett
1427 1532 67 31 öka
1512 1531 58 31 vid
1589 1531 156 37 stigande
1764 1532 49 30 in-

312 1574 123 30 komst.
460 1575 74 30 Den
558 1575 136 31 relativt
715 1579 64 28 sett
802 1578 123 29 största
949 1577 346 39 skatteskärpningen
1317 1581 104 35 gäller
1443 1581 191 31 inkomster
1657 1583 161 37 omkring

310 1626 42 30 50
365 1626 64 30 000
452 1627 136 30 kronor.
611 1627 295 38 Skattebeloppets
929 1629 130 38 ökning
1076 1632 38 29 är
1133 1631 64 30 här
1217 1632 48 34 3,5
1284 1636 141 32 procent
1444 1632 80 31 eller
1544 1633 64 30 650
1629 1634 138 30 kronor.

355 1677 71 31 Mot
447 1677 68 30 den
536 1677 12 29 i
571 1678 259 37 propositionen
853 1680 196 36 föreslagna
1071 1680 391 33 inkomstskatteskalan
1488 1685 44 29 ha
1559 1684 255 37 invändningar

311 1727 202 32 framställts
538 1727 10 30 i
573 1729 43 30 de
640 1728 222 37 likalydande
887 1730 216 32 motionerna
1128 1732 28 29 I:
1172 1732 60 30 291
1268 1732 52 39 (av
1347 1734 81 30 herr
1454 1734 110 31 Domö
1592 1745 45 20 m.
1665 1735 50 39 fl.)
1748 1736 64 29 och

312 1775 44 30 II:
372 1776 73 35 442,
464 1776 72 30 vari
554 1777 118 36 yrkats
693 1778 116 36 avslag
826 1777 20 31 å
862 1779 261 36 propositionen
1141 1781 11 29 i
1171 1782 76 30 dess
1265 1782 124 31 helhet.
1410 1783 227 32 Beträffande
1652 1785 164 36 förslaget

309 1830 49 28 att
374 1827 390 32 inkomstskatteskalan
782 1830 12 30 i
810 1830 53 30 sin
877 1831 117 31 helhet
1011 1832 110 31 skulle
1136 1833 100 36 göras
1252 1833 103 37 rörlig
1371 1834 65 30 har
1452 1835 120 31 därvid
1590 1834 222 38 framhållits,

311 1879 49 28 att
379 1877 43 30 de
438 1877 84 36 skäl,
540 1887 75 21 som
631 1878 57 30 vid
708 1878 210 32 tillkomsten
938 1890 42 20 av
997 1881 55 30 det
1068 1883 203 31 nuvarande
1286 1884 274 37 skattesystemet
1579 1885 164 32 anfördes
1759 1887 55 29 för

310 1936 42 20 en
373 1927 69 31 fast
463 1928 65 30 och
549 1937 43 21 en
613 1930 106 35 rörlig
742 1929 100 36 skatt,
865 1931 150 38 alltjämt
1034 1932 114 35 gällde
1171 1933 79 30 med
1271 1933 241 32 oförminskad
1535 1935 128 37 styrka.
1689 1936 126 31 Vidare

307 1980 109 30 borde
431 1980 68 29 den
516 1980 271 38 skattelindring,
807 1990 75 22 som
898 1992 81 21 vore
997 1982 119 37 möjlig
1136 1986 50 28 att
1203 1985 211 36 genomföra,
1433 1987 141 31 komma
1595 1988 87 29 även
1701 1987 110 30 andra

309 2031 44 28 än
380 2030 42 29 de
450 2029 132 32 mindre
610 2030 296 38 inkomsttagarna
934 2032 49 31 till
1013 2033 63 30 del.
1114 2034 7 29 I
1150 2034 214 32 motionerna
1394 2036 154 36 föreslås,
1578 2036 114 32 såsom
1722 2047 89 21 ovan

306 2081 150 35 nämnts,
487 2083 48 28 att
561 2090 44 21 en
634 2080 210 37 provisorisk
874 2083 247 30 skattelättnad
1150 2084 171 36 medgives
1351 2086 69 30 alla
1449 2087 250 38 skattskyldiga
1732 2088 77 30 med

307 2130 64 30 200
387 2131 128 29 kronor
536 2130 54 31 för
607 2130 154 37 familjer
776 2133 66 29 och
863 2133 60 30 130
944 2134 127 30 kronor
1090 2135 55 30 för
1162 2135 270 31 ensamstående.

350 2180 12 29 I
387 2181 42 30 de
452 2180 223 37 likalydande
698 2182 216 32 motionerna
940 2183 27 30 I:
983 2184 62 32 293
1074 2181 57 40 (av
1153 2184 81 31 herr
1258 2185 86 31 Elon
1372 2187 196 31 Andersson
1592 2198 45 20 m.
1662 2185 51 40 fl.)
1744 2188 66 30 och

304 2230 44 30 II:
364 2231 63 29 437
453 2231 151 31 biträdes
629 2231 164 37 förslaget
818 2242 59 21 om
904 2242 43 21 en
971 2234 72 31 helt
1069 2235 105 37 rörlig
1202 2236 105 30 skala.
1335 2236 258 32 Motionärerna
1619 2237 190 32 framhålla

304 2281 89 29 dock
418 2281 12 30 i
456 2282 92 30 detta
573 2283 263 36 sammanhang,
864 2288 50 27 att
937 2293 42 21 en
1002 2283 46 38 på
1070 2284 127 32 sådant
1220 2286 66 32 sätt
1310 2286 230 33 konstruerad
1564 2289 99 30 skala
1688 2289 121 30 endast

309 2330 106 32 lilläte
439 2333 109 29 starkt
570 2332 215 36 begränsade
808 2334 208 31 variationer
1040 2336 9 30 i
1079 2335 98 37 fråga
1203 2346 57 21 om
1284 2338 404 36 uttagningsprocentens
1713 2338 95 36 höjd.

303 2380 255 33 Motionärerna
584 2388 179 31 acceptera
786 2385 70 30 helt
882 2385 65 30 den
973 2386 276 38 uppfattningen,
1274 2392 49 26 att
1349 2389 292 31 skattelättnaden
1664 2390 11 29 i
1699 2389 109 31 första
