1842 2814
114 536 126 25 Utskottet.

294 143 18 28 2
753 150 274 33 Statsutskottets
1051 152 176 33 utlåtande
1247 164 42 21 nr
1317 157 49 29 13.

295 231 116 36 kungl.
435 232 217 37 slottsstaten,
674 233 92 31 vilka
786 235 107 31 borde
912 236 117 30 täckas
1051 236 75 31 före
1147 238 215 37 övergången
1382 240 49 31 till
1451 244 75 34 nytt
1549 242 249 38 redovisnings-

293 284 137 33 system.
452 282 121 31 Därest
592 283 182 37 riksdagen
793 285 75 30 icke
886 286 64 31 har
967 286 104 37 något
1091 290 48 28 att
1159 288 121 37 erinra,
1301 299 101 27 synes
1422 292 377 35 departementschefen

293 333 87 28 även
405 332 54 31 för
482 333 231 32 innevarande
739 336 167 36 budgetår
930 337 227 36 medgivande
1177 340 85 30 böra
1287 340 134 31 lämnas
1448 346 48 27 att
1519 352 41 20 av
1584 343 214 33 återstående

292 383 304 31 överskottsmedel
624 385 151 32 bestrida
806 386 89 31 vissa
923 389 79 29 med
1031 389 264 37 omläggningen
1325 400 42 21 av
1398 392 259 38 redovisningen
1688 397 109 29 under

291 433 108 31 första
424 434 217 31 huvudtiteln
666 438 341 36 sammanhängande
1034 441 269 31 merkostnader.

339 533 120 32 Såsom
481 534 11 31 i
517 536 140 31 ärendet
678 536 211 33 framhållits
910 539 46 30 ha
978 540 186 36 utgifterna
1186 541 55 30 för
1264 543 41 29 de
1328 543 58 30 vid
1408 544 296 37 Drottningholms
1728 548 65 29 och

288 584 181 37 Tullgarns
494 586 79 31 slott
597 588 169 30 anställda
790 589 101 35 park-
918 591 63 29 och
1004 590 382 37 trädgårdsarbetarnas
1409 594 159 31 timlöner
1591 597 98 30 ökats
1714 598 79 30 med

286 636 228 37 sammanlagt
533 638 38 29 12
586 638 63 30 000
667 639 130 30 kronor
814 639 54 31 för
885 639 38 31 år
941 642 79 29 med
1038 641 136 37 hänsyn
1192 642 50 31 till
1262 643 87 31 efter
1366 643 38 31 år
1427 646 82 29 1944
1528 647 155 30 avtalade
1700 648 91 30 löne-

283 685 250 38 förhöjningar.
557 688 169 31 Utskottet
746 689 196 38 tillstyrker,
965 695 46 26 att
1033 694 242 29 motsvarande
1298 695 124 36 belopp
1445 696 134 31 anvisas
1602 697 20 31 å
1644 697 146 38 tilläggs-

284 739 66 28 stat
370 736 54 31 för
443 737 234 32 innevarande
700 739 168 37 budgetår
889 741 55 30 för
967 743 170 30 täckande
1159 753 41 21 av
1223 745 67 29 den
1312 744 146 32 sålunda
1480 748 201 34 uppkomna
1703 759 86 20 mer-

284 787 201 31 kostnaden.
512 789 169 31 Utskottet
704 790 187 37 tillstyrker
916 792 126 39 vidare,
1068 796 48 27 att
1142 794 122 37 Kungl.
1292 795 101 36 Maj:t
1415 796 223 38 bemyndigas
1661 803 50 26 att
1736 799 53 31 för

280 836 231 33 innevarande
532 840 166 36 budgetår
720 851 43 20 av
784 841 214 32 återstående
1020 843 57 31 vid
1101 843 88 32 vissa
1210 846 79 30 slott
1311 846 57 31 vid
1391 847 172 37 utgången
1585 858 42 21 av
1647 850 140 37 budget-

278 886 73 32 året
377 886 141 34 1944/45
541 889 178 38 befintliga
744 893 301 31 överskottsmedel
1070 894 150 32 bestrida
1243 895 89 32 vissa
1358 899 78 29 med
1460 898 263 38 omläggningen
1746 910 41 20 av

280 938 263 38 redovisningen
560 942 108 29 under
687 942 110 31 första
815 943 216 31 huvudtiteln
1053 946 343 38 sammanhängande
1415 950 268 31 merkostnader.

325 989 169 33 Utskottet
515 991 206 37 hemställer,

630 1080 49 27 att
720 1078 184 36 riksdagen
942 1079 56 31 må
1039 1080 48 31 till
1116 1081 116 41 Polis-,
1262 1083 64 36 lys-
1356 1084 64 29 och
1450 1084 216 39 renhållning
1695 1090 90 27 samt

586 1126 276 34 brandväsendet
885 1131 55 30 vid
961 1131 41 30 de
1024 1131 116 36 kungl.
1162 1131 123 32 slotten
1308 1133 20 30 å
1350 1134 199 36 tilläggsstat
1573 1136 30 29 II
1626 1135 49 31 till
1697 1136 84 31 riks-

585 1181 110 27 staten
724 1178 56 32 för
810 1180 199 36 budgetåret
1043 1179 141 34 1945/46
1215 1183 117 30 anvisa
1368 1187 46 27 ett
1444 1186 117 36 anslag
1591 1195 41 21 av
1665 1188 117 30 12000

583 1228 138 32 kronor.

318 1326 200 31 Stockholm
545 1329 64 29 den
634 1330 41 30 29
700 1329 138 37 januari
866 1332 92 29 1946.

771 1430 49 32 På
842 1433 265 30 statsutskottets
1131 1435 140 34 vägnar:

805 1532 149 31 ALGOT
972 1528 264 36 TÖRNKVIST.

305 1862 53 25 Vid
380 1862 180 26 förestående
582 1865 119 24 ärendes
723 1865 232 33 slutbehandling
979 1867 77 24 inom
1080 1867 136 25 utskotiet
1239 1869 73 24 hava
1337 1870 125 24 närvarit

302 1921 66 25 från
399 1922 134 25 första
564 1923 177 25 kammaren:
765 1924 100 24 herrar
888 1925 90 27 Pauli,
999 1925 133 30 Larsson,
1153 1926 178 31 Bäckström,
1354 1929 69 24 Karl
1444 1929 171 32 Andersson,
1637 1931 130 32 Heiding,

266 1963 176 32 Ekströmer,
468 1966 152 30 Gillström,
646 1966 101 24 fröken
774 1967 171 30 Andersson,
970 1968 99 24 herrar
1094 1968 158 31 Näsström,
1278 1970 171 32 Rosenberg,
1474 1971 65 24 Ivar
1566 1972 122 25 Persson
1713 1974 54 23 och

265 2006 114 31 Ragnar
397 2007 103 32 Bergh;
521 2011 73 21 samt

299 2065 66 25 från
395 2067 125 24 andra
550 2068 178 24 kammaren:
750 2068 100 24 herrar
874 2068 158 31 Törnkvist,
1054 2069 137 25 Eriksson
1214 2071 7 23 i
1244 2070 173 29 Stockholm,
1438 2072 143 25 Svensson
1604 2073 8 24 i
1632 2072 132 28 Grönvik,

263 2108 88 31 Falla,
373 2108 171 31 Bergström,
566 2110 73 28 Hall,
662 2110 163 24 Pettersson
847 2111 7 23 i
874 2110 81 29 Dahl,
979 2111 159 27 Lindholm,
1160 2112 44 24 fru
1226 2113 94 27 Alvén,
1343 2114 98 23 herrar
1461 2111 173 30 Åkerström,
1654 2115 109 24 Boman

263 2152 8 24 i
293 2151 105 32 Kieryd
418 2152 53 24 och
491 2152 92 25 Birke.

482 2464 106 21 467134.
631 2462 175 30 Stockholm,
825 2464 79 24 Isaac
922 2463 112 26 Marcus
1055 2465 378 33 Boktryckeri-Aktiebolag,
1452 2466 74 25 1946.
