1864 2790
292 204 42 31 20
653 200 326 34 Bankoutskottets
993 199 181 35 memorial
1188 212 42 21 nr
1246 202 15 31 1
1281 201 39 33 år
1336 202 88 31 1959

1208 276 123 39 Köpkurs
1443 279 116 32 Säljkurs

503 338 15 29 1
546 335 98 42 pund
667 334 144 42 sterling
840 361 301 6 ..............
1210 337 122 36 14,3775
1442 336 123 37 14,5923

456 391 65 31 100
546 388 80 33 DM
658 415 483 7 sosoososssoos.s
998 384 57 48 sie
1067 384 78 48 orsa
1187 390 146 36 122,2576
1419 390 128 36 124,101

458 445 64 30 100
548 442 135 34 danska
707 442 129 33 kronor
863 469 278 6 ............-
1208 444 125 36 74,3298
1441 443 124 37 75,4649

459 499 64 30 100
548 496 129 33 norska
700 495 130 34 kronor
864 522 277 7 .............
1209 497 124 37 71,8263
1440 497 124 36 72,9902

457 553 65 30 100
547 549 144 34 franska
715 549 116 34 francs
864 576 277 7 .............
1233 551 99 37 1,0397
1465 550 136 37 1,036123

458 606 64 31 100
548 603 155 42 belgiska
727 602 116 35 francs
887 630 255 7 ............
1210 605 105 36 10,266
1443 604 124 36 10,4283

457 660 66 30 100
548 656 223 34 schweiziska
795 656 115 34 francs
954 683 187 7 .........
1188 658 146 37 116,2134
1421 658 129 36 120,489

460 713 64 30 100
550 710 140 34 floriner
728 737 413 7 ..........sss.c.se.
1189 712 128 37 135,026
1420 711 130 37 137,268

458 766 65 31 100
548 763 61 34 lire
637 791 504 7 ..o.o.ssosssssesssses
1045 759 99 48 ess
1233 766 118 36 0,82152
1464 766 137 35 0,834005

459 820 65 30 100
549 817 144 34 escudOos
728 844 414 7 ...................
1215 820 88 36 17,82
1442 818 105 37 18,171

460 873 64 30 100
550 870 224 34 österrikiska
794 870 158 43 schilling
978 898 165 6 ........
1212 873 122 37 19,7385
1442 872 125 37 20,0582

344 973 106 34 Fram
476 973 53 34 till
556 973 67 34 den
651 976 43 31 27
723 974 182 34 december
932 986 65 22 var
1022 974 230 34 riksbankens
1281 973 246 34 valutakurser
1554 972 234 35 oförändrade

299 1028 80 33 med
400 1028 185 41 undantag
603 1027 54 34 för
677 1026 179 35 isländska
874 1028 141 39 kronor,
1036 1028 96 33 vilka
1150 1027 213 34 riksbanken
1384 1027 184 42 upphörde
1590 1031 54 29 att
1664 1031 124 28 notera

299 1080 146 34 fr.o.m.
472 1081 68 34 den
568 1084 40 30 14
633 1080 65 42 juli
726 1084 99 31 1958.
850 1081 57 33 Av
932 1082 42 33 de
1000 1080 12 34 i
1037 1081 208 42 föregående
1271 1081 108 33 tabell
1405 1085 186 38 upptagna
1615 1080 170 33 kurserna

298 1134 65 34 har
387 1134 172 34 kurserna
584 1134 54 34 för
663 1134 145 34 franska
833 1134 116 35 francs
975 1135 192 42 påverkats
1194 1146 45 21 av
1264 1134 212 33 Frankrikes
1503 1133 116 34 beslut
1645 1133 69 33 den
1740 1135 45 31 27

300 1187 182 34 december
498 1193 56 29 att
569 1188 187 34 devalvera
772 1188 53 34 sin
841 1188 124 34 valuta
980 1188 79 33 från
1075 1191 66 30 420
1157 1187 115 34 francs
1289 1187 52 34 till
1357 1190 131 37 493,706
1504 1186 116 34 francs
1636 1198 61 30 per
1711 1185 75 34 US-

299 1241 110 34 dollar
427 1242 66 33 och
512 1241 170 34 kurserna
701 1241 53 34 för
773 1241 223 34 schweiziska
1016 1241 115 34 francs
1151 1241 173 34 bestämts
1344 1253 46 21 av
1409 1241 42 33 de
1472 1240 83 33 vida
1575 1239 211 41 kursmargi-

300 1289 95 39 naler
414 1300 84 37 gent
519 1300 96 29 emot
636 1295 122 40 dollar,
779 1307 74 22 som
875 1294 153 34 Schweiz
1049 1300 141 28 noterar
1210 1294 11 33 i
1241 1294 66 34 och
1327 1294 81 33 med
1429 1298 56 29 att
1506 1293 147 42 tidigare
1674 1292 112 34 EPU-

299 1347 116 35 francs
432 1348 66 34 och
516 1360 26 22 s.
555 1348 35 34 k.
607 1348 67 34 fria
690 1348 301 34 schweizerfrancs
1008 1360 49 22 nu
1075 1347 293 42 sammanslagits.

346 1405 80 34 Den
446 1406 75 34 s.k.
542 1404 476 34 EPU-överenskommelsen
1039 1404 90 33 hade
1149 1404 112 33 under
1281 1403 74 33 året
1374 1402 172 42 förlängts
1568 1407 131 28 t.o.m.
1722 1401 67 33 den

302 1463 42 30 30
360 1459 76 43 juni
457 1462 87 31 1959
561 1459 48 42 på
625 1459 11 33 i
653 1463 90 29 stort
761 1462 70 30 sett
848 1457 235 34 oförändrade
1101 1457 136 33 villkor.
1254 1455 122 35 Såsom
1394 1456 149 42 tidigare
1560 1456 147 38 berörts,
1724 1454 65 33 har

300 1512 192 34 emellertid
525 1510 364 35 överenskommelsen
920 1510 158 42 upphört
1109 1514 56 29 att
1196 1509 92 42 gälla
1319 1508 78 34 från
1429 1508 68 34 den
1530 1510 44 31 27
1607 1506 183 35 december

304 1568 98 31 1958.
428 1565 295 42 Avräkningarna
748 1564 111 34 under
885 1566 87 31 1958
997 1568 181 38 gentemot
1202 1562 108 40 EPU,
1336 1562 172 34 avseende
1535 1561 256 33 transaktions-

302 1619 166 42 perioden
486 1618 183 35 december
689 1617 327 34 1937—november
1036 1620 98 36 1938,
1153 1616 212 34 resulterade
1384 1615 54 34 för
1457 1614 157 43 Sveriges
1634 1615 54 33 del
1708 1614 11 33 i
1738 1619 54 28 ett

305 1673 236 41 sammanlagt
569 1671 286 35 nettoöverskott
886 1683 58 21 om
972 1670 97 34 cirka
1098 1673 42 31 20
1169 1670 90 33 mkr.
1288 1668 115 35 Sedan
1431 1669 139 41 hänsyn
1599 1668 108 42 tagits
1738 1667 52 34 till

302 1730 206 38 emottagna
531 1725 184 34 bilaterala
737 1724 264 42 amorteringar,
1025 1723 95 34 vilka
1143 1722 154 43 uppgick
1319 1722 53 34 till
1395 1722 96 33 cirka
1514 1725 42 30 50
1578 1722 79 33 mkr
1680 1721 111 34 under

302 1783 99 37 1938,
418 1792 64 21 var
499 1778 157 43 Sveriges
674 1778 118 34 kredit
809 1778 53 33 till
881 1777 97 34 EPU
995 1777 90 34 efter
1102 1775 445 42 novemberavräkningen,
1567 1775 117 33 vilken
1704 1775 85 33 bok-

301 1832 114 34 fördes
441 1832 117 34 medio
585 1832 182 33 december
796 1834 99 36 1958,
922 1830 97 33 cirka
1046 1833 41 30 13
1113 1829 90 34 mkr.
1228 1829 102 34 Efter
1355 1827 434 42 novemberavräkningen

302 1888 89 31 1957
409 1885 155 43 uppgick
583 1885 114 33 denna
716 1884 116 33 kredit
851 1884 53 33 till
923 1883 98 33 cirka
1040 1885 42 31 59
1101 1883 90 33 mkr.

346 1939 86 34 Som
453 1938 196 35 omtalades
669 1938 11 33 i
699 1937 232 34 riksbankens
952 1936 188 34 berättelse
1162 1935 52 34 till
1237 1935 298 34 bankoutskottet
1557 1934 54 33 för
1632 1935 38 33 år
1693 1936 100 36 19537,

300 1995 64 33 har
387 1992 141 43 Sverige
552 1991 171 43 medgivit
746 1995 56 29 att
825 1989 292 35 Internationella
1141 1987 477 44 återuppbyggnadsbanken
1642 1986 71 33 fick
1736 1990 55 29 ut-

306 2046 120 44 nyttja
447 2046 69 34 den
537 2046 55 34 del
612 2057 45 21 av
678 2044 158 42 Sveriges
856 2044 102 33 andel
979 2043 11 34 i
1010 2043 140 34 banken
1170 2054 76 22 som
1266 2046 137 30 avsatts
1422 2042 49 42 på
1491 2041 141 34 särskilt
1650 2041 111 33 konto
1783 2040 9 33 i

305 2100 224 34 riksbanken.
554 2099 55 33 Av
634 2099 60 33 det
719 2097 266 43 ursprungligen
1011 2101 143 29 avsatta
1178 2096 165 42 beloppet
1367 2108 59 21 om
1450 2098 43 30 93
1519 2095 79 33 mkr
1622 2094 170 34 kvarstod

307 2155 60 34 vid
386 2153 181 35 årsskiftet
589 2152 156 43 1957/58
766 2154 39 30 31
828 2151 89 33 mkr.
936 2150 123 34 Under
1080 2152 87 30 1958
1187 2149 64 33 har
1269 2149 140 33 banken
1430 2148 203 43 ytterligare
1653 2152 141 38 utnytt-

303 2209 55 42 jat
384 2208 115 33 denna
526 2205 195 43 möjlighet,
748 2204 203 42 varigenom
979 2202 78 34 dess
1084 2201 143 35 fordran
1253 2201 47 43 på
1325 2200 214 34 riksbanken
1565 2212 62 31 per
1654 2200 68 34 den
1750 2203 41 31 31

309 2261 182 35 december
511 2263 88 31 1958
614 2259 149 43 nedgått
778 2258 54 34 till
848 2260 44 31 27
908 2257 91 34 mkr.
