1862 2790
273 187 39 30 14
633 183 325 33 Bankoutskottets
972 182 181 35 memorial
1168 195 42 21 nr
1226 185 15 30 1
1262 184 38 32 år
1315 185 89 31 1959

274 263 257 42 prissänkning.
553 263 352 43 Bytesförhållandet
926 264 81 33 med
1031 263 176 40 utlandet,
1232 264 120 33 d.v.s.
1377 263 236 34 förhållandet
1637 263 127 34 mellan

276 322 138 37 export-
438 317 66 34 och
528 316 252 43 importpriser,
804 317 64 34 har
893 318 148 33 sålunda
1067 317 211 34 förbättrats
1302 317 109 42 något
1436 317 111 33 under
1575 320 99 31 1958.

324 371 346 34 Handelsbalansens
703 371 96 34 saldo
832 371 101 34 torde
966 371 103 33 alltså
1099 371 145 33 komma
1276 376 54 28 att
1362 371 76 33 visa
1468 375 54 29 ett
1553 371 211 33 underskott

277 437 58 21 om
355 424 97 34 cirka
472 428 15 29 1
505 428 64 30 350
588 425 80 33 mkr
688 425 110 33 under
818 427 100 37 1958,
937 425 110 33 vilket
1068 427 38 31 är
1125 424 148 42 ungefär
1294 427 64 30 150
1378 425 78 33 mkr
1475 424 93 42 lägre
1588 427 46 30 än
1655 425 109 33 under

279 481 87 30 1957
390 490 81 21 men
494 478 147 42 ungefär
666 478 197 33 detsamma
889 490 75 22 som
988 479 110 32 under
1125 481 99 30 1956.

321 531 281 43 Sjöfartsnettot.
628 531 123 34 Såsom
774 531 181 34 framhölls
979 532 11 33 i
1014 531 208 43 föregående
1247 532 198 39 berättelse,
1470 531 103 42 sjönk
1597 531 169 34 fraktsat-

277 597 101 21 serna
402 585 148 42 kraftigt
575 586 113 33 under
715 589 97 30 1937.
838 585 84 34 Mot
946 586 108 33 slutet
1079 598 46 21 av
1150 586 76 33 året
1252 590 119 38 syntes
1397 585 91 34 dock
1513 586 116 33 denna
1654 585 111 34 frakt-

276 639 162 42 nedgång
456 639 45 33 ha
522 644 209 29 avmattats.
751 639 219 42 Nedgången
990 639 39 34 så
1049 652 76 21 som
1144 640 69 33 den
1235 639 182 42 avspeglar
1439 638 51 43 sig
1509 638 11 33 1
1540 639 95 33 olika
1654 639 111 33 frakt-

277 692 103 33 index
401 692 164 34 fortsatte
588 693 110 33 delvis
721 693 111 33 under
853 693 43 33 de
919 692 111 34 första
1051 693 218 33 månaderna
1290 705 45 21 av
1360 695 98 31 1958.
1480 692 94 33 Från
1597 692 67 34 och
1684 693 80 33 med

276 757 93 22 mars
392 746 130 34 månad
542 745 165 35 inträdde
729 758 42 21 en
794 746 70 34 viss
888 746 243 42 stabilisering,
1155 758 75 22 som
1253 746 90 34 dock
1365 746 97 33 bröts
1484 745 11 33 i
1519 746 160 40 oktober,
1702 749 64 30 när

276 811 43 21 en
340 799 110 34 delvis
472 800 274 42 säsongmässigt
767 800 167 41 betingad
955 799 147 43 höjning
1122 800 11 33 i
1154 800 191 42 fraktläget
1365 799 175 34 inträdde.
1562 799 203 34 Kommers-

277 852 139 43 kollegii
435 852 201 34 fraktindex
657 853 54 33 för
729 853 264 42 trampfrakter,
1013 866 75 21 som
1109 854 11 33 i
1140 853 199 42 september
1359 853 57 42 låg
1435 854 105 41 drygt
1562 856 19 30 9
1594 852 40 39 70
1656 853 107 35 under.

277 906 307 43 septembernivån
613 910 100 36 1957,
739 919 62 21 var
827 906 11 34 i
864 906 149 34 oktober
1038 906 97 35 cirka
1162 910 19 30 5
1203 901 34 53 Yo
1260 906 94 43 lägre
1381 909 45 31 än
1452 905 11 34 i
1489 906 150 34 oktober
1667 909 98 31 1957.

278 959 18 33 I
323 960 190 33 november
536 960 58 43 låg
618 960 323 42 trampfraktindex
966 965 131 29 t.o.m.
1124 960 96 34 cirka
1249 959 69 40 196
1346 963 83 30 över
1454 960 108 33 nivån
1590 959 60 34 vid
1676 964 90 30 mot-

278 1014 172 33 svarande
472 1013 53 34 tid
544 1013 209 42 föregående
777 1014 48 34 år.
847 1014 70 34 För
937 1013 292 35 tankfraktindex
1251 1014 153 42 uppgick
1425 1014 251 33 motsvarande
1699 1013 68 34 för-

280 1067 189 42 ändringar
488 1067 52 33 till
556 1087 47 4 —
624 1070 41 30 13
678 1066 40 39 7,
739 1068 11 33 i
770 1067 209 42 september,
998 1088 45 4 —
1063 1070 19 30 7
1097 1066 38 40 I/0
1155 1067 11 33 1
1186 1067 149 34 oktober
1355 1067 65 34 och
1442 1070 36 35 +
1501 1070 18 30 6
1534 1066 38 40 Yo
1592 1067 11 32 i
1624 1079 143 22 novem-

279 1120 70 35 ber.
370 1120 74 35 Det
463 1132 235 31 gynnsamma
718 1120 178 43 intrycket
916 1133 46 22 av
981 1120 249 43 utvecklingen
1251 1121 110 34 under
1382 1121 42 34 de
1446 1121 87 33 sista
1551 1121 214 34 månaderna

280 1186 44 21 av
346 1177 87 31 1958
452 1174 147 43 dämpas
617 1174 204 40 emellertid,
838 1187 59 21 om
914 1187 83 21 man
1015 1175 150 33 beaktar
1183 1179 56 29 att
1256 1174 224 42 jämförelsen
1498 1177 98 40 göres
1614 1175 82 33 med
1715 1179 53 29 ett

278 1227 76 43 läge
377 1231 87 30 1957
484 1228 45 34 då
549 1227 304 43 fraktnedgången
873 1229 109 33 redan
1002 1229 90 33 hade
1112 1229 83 33 nått
1213 1228 63 34 sitt
1297 1228 213 42 bottenläge.
1554 1227 150 34 Jämföres
1725 1228 42 33 de

277 1281 285 43 genomsnittliga
585 1281 270 34 indexsiffrorna
878 1281 55 34 för
954 1281 388 42 januari—november,
1366 1281 66 34 blir
1455 1280 206 43 nedgången
1683 1280 84 34 mel-

280 1335 59 33 lan
368 1338 88 30 1957
482 1335 66 34 och
579 1338 88 30 1958
695 1335 96 34 cirka
818 1334 96 39 2070
941 1335 55 33 för
1023 1335 321 43 trampfraktindex
1372 1335 65 34 och
1466 1334 97 34 cirka
1590 1333 95 40 54
1650 1329 38 53 970
1715 1334 54 34 för

284 1388 302 34 tankfraktindex.

325 1441 81 34 Den
429 1442 215 34 försämrade
668 1441 410 43 sjöfartskonjunkturen
1102 1442 64 34 har
1189 1445 90 31 även
1304 1443 182 42 avspeglat
1509 1441 51 43 sig
1583 1441 11 34 i
1618 1441 151 43 fartygs-

281 1495 336 43 uppläggningarna.
648 1496 81 33 Den
760 1499 15 30 1
807 1496 184 34 december
1021 1499 86 30 1958
1137 1496 58 42 låg
1224 1499 42 30 62
1297 1495 119 43 fartyg
1444 1508 57 21 om
1533 1495 236 42 sammanlagt

279 1548 97 34 cirka
400 1552 63 31 120
477 1552 65 31 400
566 1549 189 34 bruttoton
776 1549 180 43 upplagda
976 1550 47 42 på
1044 1550 114 42 grund
1182 1562 45 21 av
1249 1549 185 34 fraktbrist
1456 1554 76 29 mot
1555 1552 39 30 31
1621 1549 148 42 stycken

281 1614 58 21 om
365 1603 235 42 sammanlagt
626 1602 98 34 cirka
749 1606 42 30 59
806 1606 66 30 000
900 1603 187 33 bruttoton
1115 1603 60 34 vid
1203 1615 135 22 samma
1364 1602 171 43 tidpunkt
1562 1605 99 31 1957.
1688 1602 80 33 Den

282 1656 300 42 tonnagemässigt
612 1656 127 43 högsta
767 1656 383 43 uppläggningssiffran
1180 1656 55 34 för
1265 1659 87 31 1958
1382 1657 65 33 och
1476 1656 55 33 för
1558 1656 79 34 hela
1666 1655 103 35 efter-

280 1709 193 42 krigstiden
493 1709 223 35 redovisades
738 1710 11 33 i
768 1710 71 42 maj
862 1711 82 33 med
965 1713 160 31 närmare
1150 1713 65 30 182
1230 1713 65 30 000
1316 1715 74 35 ton,
1413 1710 111 33 vilket
1543 1709 226 34 motsvarade

281 1762 97 34 cirka
397 1766 19 30 6
431 1762 37 40 79
487 1775 44 22 av
550 1764 68 33 den
636 1764 151 34 svenska
803 1763 291 35 handelsflottan.

327 1815 137 35 Genom
489 1817 41 34 de
555 1817 81 42 låga
660 1817 268 40 fraktsatserna,
954 1817 464 43 fartygsuppläggningarna
1442 1816 66 34 och
1535 1817 67 33 den
1626 1816 144 34 relativt

281 1874 96 29 stora
397 1870 367 42 volymminskningen
783 1870 53 34 för
856 1871 130 42 många
1004 1882 241 31 varugrupper
1264 1883 44 21 av
1327 1871 180 42 betydelse
1526 1870 55 33 för
1600 1869 170 43 sjöfarten

282 1923 64 33 har
367 1923 263 42 sjöfartsnettot
654 1924 111 34 under
789 1927 86 30 1958
900 1924 135 42 sjunkit
1057 1924 81 34 med
1162 1924 97 33 cirka
1283 1927 64 30 215
1372 1924 78 33 mkr
1474 1923 52 34 till
1549 1923 96 34 cirka
1671 1926 16 30 1
1704 1926 65 30 225

282 1977 89 33 mkr.
397 1977 55 33 En
480 1977 214 43 bidragande
719 1978 103 33 orsak
848 1978 53 33 till
928 1978 99 33 detta
1054 1977 64 34 har
1144 1981 90 30 även
1262 1978 103 39 varit,
1391 1982 55 29 att
1471 1977 239 34 kostnaderna
1737 1975 30 42 ej

282 2030 93 34 visat
394 2030 115 42 någon
530 2031 175 42 väsentlig
724 2031 147 34 tendens
895 2036 55 28 att
971 2031 93 33 falla.

326 2082 129 44 Övriga
471 2084 150 42 löpande
641 2083 230 42 betalningar,
889 2083 222 34 omfattande
1129 2084 47 33 bl.
1190 2095 32 22 a.
1239 2083 137 41 turism,
1392 2082 227 44 provisioner,
1636 2082 133 34 försäk-

280 2137 127 42 ringar,
434 2140 120 30 räntor
579 2137 66 33 och
673 2136 223 42 utdelningar
922 2149 47 21 m.
982 2149 58 27 m.,
1067 2136 174 34 beräknas
1268 2136 53 34 för
1349 2140 88 30 1958
1463 2137 47 33 ha
1535 2135 155 35 medfört
1717 2140 53 30 ett

281 2190 260 34 valutautflöde
559 2202 58 21 om
635 2189 97 34 cirka
750 2193 42 30 50
810 2190 80 33 mkr
907 2190 82 32 eller
1005 2189 108 42 något
1130 2201 75 22 mer
1224 2192 45 30 än
1286 2189 111 34 under
1418 2193 98 30 1957.

327 2244 291 42 Bytesbalansen.
644 2243 137 34 Genom
804 2244 42 33 de
871 2255 83 31 nyss
977 2242 205 35 redovisade
1208 2242 163 35 siffrorna
1394 2243 53 33 för
1471 2243 300 39 utrikeshandeln,

282 2296 263 42 sjöfartsnettot
563 2298 67 33 och
651 2302 118 29 nettot
789 2310 44 20 av
855 2297 120 42 övriga
995 2297 151 42 löpande
1168 2297 219 42 betalningar
1407 2297 71 33 kan
1497 2296 274 43 bytesbalansen

284 2350 52 33 för
358 2354 87 30 1958
466 2350 150 35 förutses
636 2351 169 33 resultera
824 2351 11 33 i
855 2356 53 28 ett
931 2351 210 33 underskott
1161 2363 59 21 om
1241 2351 95 33 cirka
1360 2354 63 30 175
1443 2350 79 34 mkr
1543 2355 56 29 att
1619 2349 153 43 jämföra

282 2404 81 34 med
387 2409 54 29 ett
464 2404 211 34 underskott
698 2417 58 21 om
781 2407 40 30 95
846 2404 80 33 mkr
949 2405 110 33 under
1084 2407 99 30 1957.

328 2458 422 43 Kapitaltransaktioner.
776 2457 55 34 De
859 2457 143 42 statliga
1028 2457 447 42 kapitaltransaktionerna
1501 2458 81 33 med
1608 2457 163 33 utlandet

284 2511 110 42 jämte
424 2511 414 43 värdepappershandeln
865 2510 109 43 enligt
1002 2511 110 33 bank-
1141 2511 66 33 och
1234 2510 350 43 fondinspektionens
1614 2509 158 35 statistik
