1864 2780
284 165 187 32 Allmänna
488 166 399 37 beredningsutskottets
906 165 180 32 utlåtande
1104 176 42 21 nr
1162 167 40 30 31
1221 165 41 31 år
1280 167 82 29 1963
1549 165 16 30 7

129 273 176 31 Utskottet
326 282 56 23 ser
407 274 75 30 med
507 273 304 30 tillfredsställelse
834 274 51 29 att
907 272 209 38 spörsmålet
1136 281 58 22 om
1216 273 66 30 den
1305 271 128 31 sociala
1456 272 112 30 forsk-

84 327 127 38 ningen
233 327 148 30 sålunda
402 327 147 30 kommit
568 327 111 30 under
700 326 170 38 ingående
888 326 172 38 prövning
1078 326 65 30 och
1161 326 60 30 vill
1242 325 187 31 framhålla
1447 325 119 31 vikten

84 389 43 22 av
146 382 51 29 att
217 381 230 38 utredningen
463 381 83 29 sker
565 382 85 29 utan
669 380 126 38 onödig
812 380 228 32 tidsutdräkt.
1058 380 67 30 Det
1142 380 70 30 kan
1229 379 208 31 förutsättas
1456 380 52 29 att
1525 379 42 30 de

84 434 11 30 i
116 434 230 31 förevarande
366 434 170 31 motioner
558 433 195 31 framförda
773 433 267 39 synpunkterna
1058 432 332 39 uppmärksammas
1410 432 56 31 vid
1486 433 82 30 den-

85 496 44 22 na
150 488 180 37 prövning.
351 487 277 31 Motionärernas
649 487 130 38 förslag
798 496 56 21 om
874 496 43 21 en
936 487 188 38 utredning
1143 487 39 30 är
1201 487 133 30 således
1352 487 214 37 väsentligen

84 540 222 39 tillgodosett.
326 541 219 31 Motionerna
564 550 102 28 synes
684 541 85 30 böra
789 541 11 30 i
817 541 65 30 här
901 540 267 38 ifrågavarande
1186 541 54 29 del
1260 549 101 22 anses
1379 540 189 30 besvarade

82 595 155 36 härmed,
259 596 65 29 och
345 595 105 38 något
472 595 150 31 initiativ
644 595 10 30 i
676 594 122 39 frågan
821 594 79 31 från
922 595 205 37 riksdagens
1147 595 76 30 sida
1243 594 39 30 är
1303 594 74 30 icke
1398 594 171 31 erforder-

84 649 71 38 ligt.

128 702 176 31 Utskottet
319 702 55 31 får
388 703 110 30 under
513 701 218 38 åberopande
746 712 40 20 av
800 702 67 30 vad
881 710 89 22 ovan
985 701 136 31 anförts
1135 701 196 35 hemställa,

444 756 53 30 att
517 756 45 29 de
585 755 223 38 likalydande
828 755 222 30 motionerna
1072 754 97 30 1:563
1192 754 65 31 och
1279 753 114 31 11:690
1414 754 76 30 icke
1512 753 57 30 må

403 809 180 31 föranleda
597 809 113 38 någon
727 809 204 38 riksdagens
947 808 132 39 åtgärd.

129 917 202 31 Stockholm
346 918 65 30 den
426 917 18 29 3
461 916 69 38 maj
550 916 83 31 1963

418 1024 46 30 På
481 1024 177 31 allmänna
675 1023 400 38 beredningsutskottets
1090 1023 146 38 vägnar:

634 1130 146 30 NANCY
803 1129 218 31 ERIKSSON

706 1300 242 31 Närvarande:

128 1372 80 31 från
238 1372 167 31 första
432 1372 222 30 kammaren:
673 1372 123 30 herrar
812 1371 137 36 Widén,
965 1371 150 35 Schött",
1133 1370 125 37 Sörlin,
1275 1370 196 37 Hedström,
1489 1369 80 31 Eric

83 1417 126 31 Gustaf
232 1417 176 35 Peterson,
432 1416 189 36 Enarsson,
644 1416 214 35 Hellebladh,
881 1416 107 30 Ernst
1008 1415 139 35 Olsson,
1169 1415 92 38 Tage
1282 1415 199 31 Johansson
1503 1415 65 30 och

83 1461 198 31 Ferdinand
301 1461 171 34 Nilsson";

128 1510 81 31 från
271 1511 123 30 andra
423 1510 221 31 kammaren:
667 1510 56 30 fru
743 1510 169 30 Eriksson
932 1509 10 31 i
961 1509 213 36 Stockholm,
1193 1509 58 30 fru
1269 1509 199 38 Jäderberg,
1487 1508 81 31 herr

85 1555 165 36 Svenson,
272 1555 11 30 i
305 1555 170 38 Kungälv,
496 1555 123 30 herrar
638 1554 141 31 Nilsson
798 1554 12 30 i
832 1554 197 35 Bästekille,
1050 1553 145 38 Keijer",
1215 1553 189 38 Börjesson
1422 1553 13 31 i
1455 1553 113 31 Glöm-

84 1600 141 37 minge”,
246 1600 104 35 Rask,
369 1599 125 31 fröken
514 1599 183 31 Anderson
716 1599 10 30 i
745 1599 138 35 Lerum,
902 1599 122 30 herrar
1042 1599 153 30 Larsson
1212 1599 12 29 i
1243 1598 159 38 Borrby”,
1419 1597 148 31 Hamrin

83 1645 10 29 i
109 1645 144 30 Kalmar
265 1645 66 30 och
343 1644 255 31 Nordstrandh.

125 1728 13 15 &«
160 1724 33 29 Ej
213 1725 181 25 närvarande
412 1725 48 25 vid
478 1725 181 25 utlåtandets
677 1724 152 30 justering.

719 1840 225 31 Reservation

132 1913 33 33 1)
189 1922 42 20 av
249 1912 120 30 herrar
386 1911 105 30 Ernst
509 1911 137 37 Olsson,
662 1911 202 30 Ferdinand
877 1910 151 38 Nilsson,
1044 1911 188 35 Börjesson
1255 1911 5 29 i
1276 1910 216 38 Glömminge
1507 1909 65 31 och

86 1966 151 30 Larsson
259 1966 11 30 i
291 1965 142 37 Borrby,
454 1965 94 30 vilka
569 1966 115 29 ansett
703 1967 52 28 att
774 1964 172 31 utskottet
965 1964 78 30 bort
1063 1963 124 31 anföra
1207 1964 63 29 och
1290 1963 88 37 yrka
1399 1963 171 37 följande:

133 2070 13 30 I
168 2072 217 30 motionerna
404 2071 225 30 hemställdes
648 2071 71 29 dels
738 2080 56 20 om
814 2070 229 30 utarbetande
1061 2079 42 21 av
1121 2072 48 28 ett
1187 2069 261 37 miljöpolitiskt
1464 2069 109 30 hand-

92 2124 263 38 lingsprogram,
379 2124 71 30 dels
472 2133 57 21 om
550 2124 186 37 utredning
757 2123 223 31 beträffande
997 2123 204 31 inrättande
1221 2132 41 21 av
1282 2123 50 29 ett
1352 2121 221 31 socialforsk-

91 2177 254 38 ningsinstitut.

135 2231 251 29 Grundtanken
404 2230 9 29 i
431 2230 248 37 motiveringen
697 2230 53 29 för
766 2231 48 28 ett
830 2229 261 37 miljöpolitiskt
1105 2229 351 37 handlingsprogram
1471 2229 38 29 är
1524 2229 52 29 att

88 2285 41 29 de
151 2284 251 36 förbättringar
422 2293 74 20 som
516 2284 58 36 ägt
595 2292 77 20 rum
693 2283 9 30 i
723 2283 99 36 fråga
840 2292 56 20 om
916 2282 207 30 ekonomisk
1143 2282 160 37 trygghet
1322 2281 64 30 och
1407 2282 166 29 standard

89 2338 71 29 inte
183 2338 192 29 motsvaras
396 2346 41 20 av
459 2337 165 29 liknande
646 2336 251 36 förbättringar
917 2336 9 29 i
948 2335 97 37 fråga
1065 2344 57 20 om
1142 2335 66 30 den
1229 2334 166 38 psykiska
1417 2334 158 37 trygghe-

92 2391 56 29 ten
175 2390 64 29 och
262 2389 225 30 standarden.
514 2388 116 30 Under
654 2388 210 37 hänvisning
889 2388 50 30 till
964 2388 117 29 kända
1104 2388 173 36 yttringar
1301 2396 41 21 av
1365 2386 113 30 skilda
1501 2387 75 36 slag

92 2442 204 31 framhåller
324 2442 257 30 motionärerna
610 2443 50 28 att
686 2442 64 29 den
779 2451 40 20 ur
845 2441 207 29 ekonomisk
1088 2440 65 30 och
1190 2440 168 30 materiell
1396 2439 181 38 synpunkt

92 2504 231 30 gynnsamma
347 2495 242 38 utvecklingen
614 2494 150 31 medfört
786 2495 92 29 vissa
898 2495 116 29 sämre
1032 2494 212 37 betingelser
1266 2494 42 36 på
1330 2493 58 31 det
1409 2492 167 38 psykiska
