1914 2856
554 163 264 32 Bankoutskottets
847 164 159 29 utlåtande
1029 162 45 29 Nr
1095 163 47 28 22.
1578 159 18 30 3

106 254 118 31 adelns
246 257 88 28 samt
351 252 268 32 bondeståndets
637 252 199 31 ledamöter.
872 252 139 31 Arbetet
1028 251 77 30 med
1127 249 295 39 färdigställandet
1437 258 43 21 av
1497 249 100 30 dessa

108 308 136 38 register
279 309 165 29 ävensom
481 317 42 20 av
553 316 41 21 en
618 305 321 39 tilläggsavdelning
963 305 49 30 till
1038 304 128 39 verket,
1191 303 117 31 vilken
1333 304 38 29 är
1395 303 130 30 avsedd
1550 305 47 27 att

107 362 171 31 innehålla
305 360 172 41 uppgifter
501 360 176 38 angående
697 360 199 37 riksdagens
911 358 367 39 justitieombudsmän
1294 366 45 21 m.
1358 356 46 39 fl.,
1425 356 172 30 beräknas

107 426 79 21 vara
220 416 8 30 i
267 415 52 31 sin
355 415 114 31 helhet
504 414 148 31 avslutat
686 414 66 30 den
785 415 13 29 1
822 413 78 38 juni
924 412 235 31 innevarande
1189 411 46 31 år.
1284 410 246 41 Tryckningen
1554 419 43 21 av

107 470 133 31 verkets
265 471 94 29 ännu
379 468 214 31 återstående
611 468 95 30 delar
723 467 111 31 skulle
852 467 104 38 enligt
972 466 66 32 vad
1055 464 215 39 fullmäktige
1287 464 174 31 meddelat
1478 464 119 31 kunna

106 523 160 42 påbörjas
302 523 106 31 redan
445 522 110 31 under
579 522 234 31 innevarande
838 531 93 20 mars
956 520 137 31 månad.
1144 519 238 31 Kostnaderna
1408 517 54 32 för
1485 517 112 41 tryck-

106 578 81 38 ning
223 578 65 31 och
325 576 320 38 korrekturläsning
674 579 89 27 samt
791 575 158 38 häftning
973 575 66 31 och
1064 573 168 38 bindning
1256 573 172 31 beräknas
1454 582 43 21 av
1521 571 76 31 full-

107 632 148 38 mäktige
279 631 50 31 till
354 631 10 30 i
390 634 79 27 runt
494 630 45 31 tal
566 631 38 29 17
619 630 65 31 000
710 630 137 30 kronor.

151 686 11 29 I
200 686 108 30 likhet
342 685 78 30 med
453 683 214 38 fullmäktige
697 693 100 21 anser
822 683 175 39 ulskottet,
1022 685 47 28 att
1095 680 224 42 tryckningen
1345 690 45 21 m.
1417 690 44 20 m.
1488 689 43 22 av
1555 680 41 30 de

105 741 94 29 ännu
225 739 27 38 ej
276 738 141 39 utgivna
435 738 140 31 delarna
593 747 42 21 av
653 737 260 38 registerverket
933 736 64 32 bör
1013 736 217 38 igångsättas,
1248 734 37 31 så
1305 737 96 28 snart
1417 734 180 30 desamma

105 793 98 31 blivit
238 792 277 38 slutredigerade.
565 791 170 31 Utskottet
769 790 199 40 tillstyrker,
1005 792 47 28 att
1076 790 53 30 för
1153 788 197 31 ändamålet
1375 787 222 38 erforderliga

106 847 111 31 medel
253 847 116 30 ställas
404 846 49 31 till
477 845 233 38 fullmäktiges
736 844 210 38 förfogande.
996 843 113 38 Enligt
1133 843 66 30 vad
1225 842 165 31 utskottet
1413 841 183 39 inhämtat,

107 901 142 31 komma
272 900 194 41 ytterligare
490 899 319 38 anslagsäskanden
833 898 53 31 för
910 898 135 30 verkets
1070 896 243 32 fullbordande
1338 897 122 30 utöver
1476 896 56 30 det
1549 905 48 21 nu

105 955 261 38 ifrågavarande
389 954 77 31 icke
491 956 47 28 att
562 953 92 31 bliva
680 952 191 39 behövliga.
910 952 162 30 Däremol
1097 952 71 30 lära
1191 952 94 29 ännu
1303 949 125 32 återstå
1445 949 152 38 oguldna

106 1009 91 31 vissa
222 1008 187 32 kostnader
433 1007 53 32 för
512 1007 132 31 verkets
670 1006 201 38 redigering.

151 1062 216 32 Beträffande
392 1062 68 30 den
484 1060 278 39 budgetmässiga
786 1059 209 38 täckningen
1020 1068 42 21 av
1081 1058 228 32 förenämnda
1330 1056 267 41 anslagsbelopp

106 1117 19 30 å
164 1117 116 31 17000
314 1116 130 30 kronor
479 1116 90 30 hava
605 1114 215 38 fullmäktige
857 1112 183 40 föreslagit,
1069 1115 48 28 att
1140 1112 118 31 härför
1281 1112 11 30 i
1317 1111 107 31 första
1448 1113 151 28 rummet

106 1171 111 30 skulle
246 1170 203 40 disponeras
474 1179 41 20 en
540 1168 185 40 besparing
749 1168 19 30 å
792 1168 95 30 4857
915 1167 130 31 kronor
1069 1167 39 30 97
1136 1168 68 37 öre,
1229 1175 75 21 som
1331 1164 224 41 uppkommit
1578 1164 20 31 å

106 1225 56 30 det
197 1234 42 21 av
280 1225 81 29 1927
398 1223 54 31 års
489 1222 139 38 riksdag
657 1221 164 31 anvisade
846 1221 163 40 beloppet
1032 1230 43 21 av
1099 1219 197 38 förslagsvis
1324 1219 117 31 12500
1467 1219 130 31 kronor

106 1279 53 31 för
181 1278 184 41 tryckning
389 1287 46 21 m.
461 1287 44 20 m.
531 1286 43 21 av
599 1276 163 38 registren
787 1278 82 29 över
890 1277 126 38 präste-
1034 1274 66 31 och
1117 1273 289 38 borgarståndens
1423 1272 174 41 protokoll

107 1332 51 32 för
186 1332 94 31 tiden
311 1331 230 39 1809—1866,
566 1330 110 31 under
700 1330 58 30 det
781 1330 121 30 endast
926 1329 195 31 återstoden
1150 1337 43 21 av
1217 1328 55 30 det
1296 1326 222 39 erforderliga
1542 1326 55 31 be-

106 1386 116 41 loppet
247 1386 81 31 eller
359 1386 39 30 12
413 1386 64 30 200
503 1385 129 30 kronor
656 1394 48 20 nu
729 1384 111 30 skulle
865 1383 139 31 anvisas
1029 1392 42 21 av
1096 1382 193 37 riksdagen.
1331 1381 53 31 Då
1408 1380 189 31 emellertid

106 1440 20 32 å
150 1441 56 30 det
230 1449 42 21 av
299 1440 82 31 1927
410 1439 55 30 års
489 1438 139 37 riksdag
652 1437 165 31 anvisade
841 1437 163 40 beloppet
1020 1449 42 4 —
1080 1436 105 31 vilket
1201 1435 51 31 får
1268 1445 101 21 anses
1385 1435 92 30 hava
1493 1434 107 38 ingått

106 1494 10 30 i
141 1494 56 31 det
221 1494 20 30 å
265 1493 184 31 riksstaten
485 1492 52 31 för
571 1491 200 38 budgetåret
807 1482 192 48 1927/1928
1027 1493 175 37 upptagna
1226 1489 299 38 förslagsanslaget
1549 1488 49 30 till

107 1548 169 37 riksdags-
301 1547 66 30 och
391 1545 360 32 revisionskostnader
775 1547 88 28 samt
885 1544 188 31 kostnader
1093 1543 53 30 för
1161 1543 201 37 riksdagens
1379 1543 67 30 hus
1463 1555 43 4 —
1523 1541 76 31 icke

107 1602 87 30 lärer
230 1600 49 31 stå
316 1600 49 30 till
401 1599 202 38 förfogande
632 1599 114 37 någon
771 1597 257 39 budgetmässig
1052 1597 210 38 behållning,
1288 1605 102 31 synes
1415 1596 57 30 det
1496 1595 103 38 enligt

107 1655 180 31 utskottets
314 1653 140 38 mening
478 1663 82 21 vara
585 1663 40 20 ur
650 1652 267 38 budgetteknisk
943 1651 179 40 synpunkt
1146 1650 171 40 riktigare,
1343 1652 47 28 att
1414 1649 184 38 riksdagen

107 1719 46 20 nu
178 1709 115 30 ställer
316 1708 79 30 hela
419 1708 57 30 det
499 1707 64 30 här
586 1706 262 38 ifrågavarande
873 1705 162 41 beloppet
1058 1704 50 31 till
1133 1704 232 38 fullmäktiges
1382 1702 216 42 disposition.

107 1763 163 40 Beloppet
302 1762 108 39 torde,
445 1761 113 31 såsom
585 1760 215 37 fullmäktige
824 1760 171 38 förutsatt,
1020 1759 84 31 böra
1128 1758 138 31 anvisas
1290 1758 77 31 från
1392 1757 205 38 förslagsan-

106 1817 105 37 slaget
231 1816 49 31 till
304 1816 170 37 riksdags-
499 1815 66 30 och
589 1814 360 31 revisionskostnader
973 1823 45 20 m.
1044 1822 45 21 m.

150 1861 226 49 Åberopande
402 1870 56 30 det
482 1868 145 31 anförda
651 1868 52 30 får
728 1868 165 30 utskottet
916 1867 195 38 hemställa,

471 1943 47 27 att
542 1940 196 38 riksdagen,
764 1939 76 30 med
866 1938 188 37 anledning
1078 1946 41 22 av
1137 1936 233 38 fullmäktiges
1386 1936 11 30 i
1415 1936 184 37 riksgälds-

428 1995 159 29 kontoret
610 1992 226 32 förevarande
853 1991 264 39 framställning,
1138 1991 57 30 må
1213 1990 208 40 bemyndiga
1439 1989 160 31 fullmäk-

426 2047 66 38 tige
516 2050 48 27 att
588 2056 42 21 av
655 2046 300 37 förslagsanslaget
979 2045 50 30 till
1054 2045 169 37 riksdags:
1248 2044 65 31 och
1338 2043 261 31 revisionskost-

427 2102 107 30 nader
563 2103 90 28 saml
682 2100 187 30 kostnader
893 2099 53 31 för
970 2099 201 37 riksdagens
1196 2098 66 30 hus
1287 2098 162 30 använda
1474 2100 45 28 ett
1544 2097 54 30 be-

427 2156 82 39 lopp
543 2165 42 20 av
621 2154 198 37 förslagsvis
851 2154 37 29 17
904 2154 65 29 000
994 2153 130 30 kronor
1147 2152 53 31 för
1224 2151 194 40 tryckning,
1443 2150 157 38 häftning

428 2209 65 30 och
530 2207 170 38 bindning
724 2217 42 20 av
791 2209 94 28 ännu
912 2206 28 38 ej
968 2206 139 38 utgivna
1132 2206 95 30 delar
1251 2215 41 20 av
1318 2204 282 41 personregistret

430 2262 45 30 till
503 2261 201 37 riksdagens
731 2260 171 40 protokoll
929 2259 53 31 för
1006 2259 90 30 tiden
1127 2259 226 30 1809—1866.

153 2334 199 31 Stockholm
380 2334 65 29 den
474 2334 39 29 10
538 2342 92 20 mars
659 2332 93 30 1931.

586 2420 45 30 På
657 2420 303 30 bankoutskottets
985 2420 142 36 vägnar:

671 2491 34 31 C.
732 2491 36 30 E.
800 2490 239 31 SVENSSON.
