1888 2858
286 141 17 30 6
682 144 372 38 Bevillningsutskottets
1078 151 193 32 betänkande
1291 155 49 29 Nr
1360 158 30 27 3.

409 220 24 48 MV
463 220 726 48 iÖiÖru&]Äj<Äxt—H[ebt((1Å1nlnnTBLnunNnNGNGLGLGGS
1273 220 54 48 RR
1399 220 399 48 —n-

1497 273 130 39 Tilläggs-
1691 279 63 25 Tull

295 292 133 25 Tnolltaxe-
441 288 15 40 |
474 293 156 27 Statistiskt
1504 311 52 24 tull
1574 311 42 25 för
1702 314 42 24 för

349 333 30 18 nr
537 336 32 17 nr
939 319 249 34 Varuslag
1511 339 49 42 100
1577 346 35 29 kg
1633 339 19 42 |
1669 339 48 42 100
1736 347 37 30 kg

1514 378 96 25 kronor
1674 380 98 25 kronor

358 452 60 31 311
572 455 61 31 680
767 468 43 20 av
823 458 111 40 bäver,
948 460 195 41 chinchilla,
1158 462 172 42 hermelin,
1343 465 106 39 mård,

808 503 106 36 närts,
949 503 75 37 vit-,
1063 504 79 39 blå-,
1177 509 120 37 svart-,
1332 507 116 33 silver-

807 542 59 32 och
890 543 152 41 korsräv,
1066 546 100 40 sobel,
1190 548 83 32 äkta
1295 550 50 31 säl
1363 553 87 29 samt

808 587 93 30 utter
976 612 300 10 .........
1318 592 59 32 100
1400 593 47 32 kr.
1539 596 49 31 15:
1613 608 35 32 —/

679 641 154 33 Arbeten
856 654 42 22 av
920 646 173 41 pälsverk:

721 692 153 40 beredda,
902 694 176 45 hopsydda
1104 698 100 32 skinn
1228 703 88 29 samt
1338 701 111 34 delvis

764 734 202 35 bearbetade
1003 739 183 42 persedlar,
1229 742 104 39 foder,
1377 744 70 32 till-

763 777 126 32 skurna
912 779 245 44 besättningar,
1176 783 93 33 bräm
1285 785 61 32 och
1363 789 83 29 mat-

763 824 53 26 tor
850 821 75 32 med
948 822 84 33 eller
1055 827 82 29 utan
1174 828 274 33 sömnadsarbete

763 861 171 34 härunder
956 865 219 44 inbegripna:

354 957 62 31 314
569 960 59 32 683
804 973 42 21 av
884 964 111 40 bäver,
1034 966 194 41 chinchilla,
1273 970 172 41 hermelin,

846 1007 104 38 mård,
979 1012 110 35 närts,
1118 1010 75 39 vit-,
1218 1010 80 40 blå-,
1327 1016 118 40 svart-,

846 1048 115 32 silver-
986 1050 61 32 och
1072 1051 150 40 korsräv,
1247 1054 99 38 sobel,
1363 1055 83 33 äkta

846 1091 50 30 säl
919 1096 88 27 samt
1031 1095 116 31 utter.
1182 1120 6 6 .
1224 1121 7 5 .
1267 1122 6 5 .
1314 1098 60 31 100
1397 1098 47 32 kr.
1536 1101 100 31 15:
1611 1097 27 47 —

718 1146 202 44 fullfärdiga
974 1151 184 42 persedlar,
1214 1153 28 43 ej
1303 1156 142 33 särskilt

647 1191 3 16 |
760 1191 157 38 nämnda,
938 1193 73 31 med
1034 1194 161 42 pälsverk
1217 1196 57 32 till
1297 1201 148 40 övertyg

646 1227 3 28 i
760 1231 85 33 eller
867 1233 109 33 foder:

800 1334 43 21 av
880 1325 111 40 bäver,
1036 1327 195 41 chinchilla,
1269 1331 172 42 hermelin,

842 1368 106 38 mård,
980 1372 105 36 närts,
1117 1371 76 39 vit-,
1217 1371 81 43 blå-,
1323 1378 118 35 svart-,

841 1408 119 34 silver-
984 1411 63 32 och
1070 1412 150 41 korsräv,
1237 1415 103 39 sobel,
1359 1417 83 32 äkta

841 1451 47 31 säl
914 1456 88 28 samt
1025 1456 105 30 utter:

348 1488 60 31 319
562 1490 59 32 688
882 1494 74 32 med
991 1499 146 39 övertyg
1169 1497 83 33 eller
1280 1499 94 33 foder
1397 1512 43 21 av

269 1540 2 10 i
922 1537 245 41 spånadsvara,
1202 1541 238 34 innehållande

922 1578 87 33 silke
1051 1605 215 10 ......
1308 1586 59 31 100
1391 1586 46 32 kr.
1529 1590 103 30 15:
1603 1584 32 50 —

346 1622 50 57 320
409 1626 21 49 |
559 1634 60 31 689
881 1636 132 33 andra.
1050 1664 5 6 .
1134 1666 5 5 ..
1175 1666 47 6 ..
1259 1667 5 6 .
1307 1644 59 31 100
1390 1644 45 32 kr.
1528 1649 49 30 15:
1605 1659 33 15 —

665 1793 42 32 X.
754 1793 294 45 Pappersmassa,
1077 1807 93 33 papp
1195 1800 68 32 och
1286 1798 148 51 Papper,

728 1844 153 33 arbeten
904 1846 110 34 därav
1038 1850 95 31 samt
1155 1851 236 39 tryckalster.

288 1943 38 20 ar
342 1934 60 32 378
555 1937 61 31 864
629 1916 19 70 |
665 1936 32 33 8.
721 1937 31 31 k.
777 1941 193 40 papeterier
1002 1966 6 6 .
1046 1967 5 6 .
1088 1968 5 6 .
1129 1968 217 10 ......
1385 1947 30 32 E
1451 1925 22 70 |
1523 1931 111 51 30:—

664 1995 133 40 Bilder,
821 1997 29 42 ej
876 1999 143 33 särskilt
1042 2003 157 39 nämnda,
1223 2004 167 43 anbragta
1402 1991 16 60 å
1413 2008 41 31 |

705 2049 100 32 papp,
830 2051 127 31 papper
980 2042 83 32 eller
1079 2054 265 33 pappersmassa,
1362 2049 69 32 oin-

705 2082 143 38 fattade,
872 2084 84 31 eller
978 2085 76 31 med
1070 2085 190 45 infattning
1275 2100 44 21 av
1336 2091 96 32 dessa

259 2144 2 15 |
704 2128 135 28 ämnen:

259 2170 139 30 391
552 2172 59 31 887
745 2174 140 42 vykort;
910 2178 318 42 gratulationskort,
1246 2187 86 27 även
1349 2186 82 29 utan

259 2204 2 11 |
790 2217 107 32 bilder,
961 2244 45 7 so
1043 2244 300 12 coocsc.co.c...
1381 2225 31 32 E
1519 2230 103 31 50:
1594 2219 31 55 —

338 2271 60 30 392
550 2273 60 32 888
746 2274 108 34 andra
887 2277 85 43 slag,
1010 2279 173 34 härunder
1227 2282 202 45 inbegripna

785 2318 240 42 planschverk;
1043 2327 155 28 ävensom
1215 2324 213 35 dekalkoma-

786 2361 74 31 nier
882 2362 59 31 och
962 2363 54 32 för
1032 2365 85 31 barn
1141 2366 146 32 avsedda
1305 2367 122 34 bilder-

785 2402 60 31 och
873 2405 242 40 målarböcker,
1144 2408 72 31 med
1240 2409 81 33 eller
1343 2415 83 28 utan

784 2447 85 37 text,
897 2451 85 27 även
1006 2459 43 21 av
1072 2450 239 41 spånadsvara,
1337 2455 89 30 samt
