2232 2622
173 259 129 27 Komiténs
319 261 40 23 in-

183 297 105 24 komster
305 296 46 24 och

191 331 104 32 utgifter
312 329 32 25 år

232 369 72 22 1898.

433 183 41 32 34
889 180 255 34 Statsutskottets
1167 179 170 33 Memorial
1360 181 62 32 N:o
1444 181 26 31 1.

518 260 440 50 Riksdagshuskomitén
999 259 68 38 har
1104 259 120 37 under
1251 261 41 35 år
1323 261 95 35 1898
1447 257 81 38 haft
1556 256 170 51 följande
1753 255 226 49 tillgångar:

392 312 223 51 behållning.
643 312 82 37 från
754 315 39 34 år
824 313 96 36 1897
940 340 588 9 :s:.:-.«0msssssslssnersvssssssgiteg
1558 309 142 37 kronor
1778 310 191 45 =9,082:—

391 364 83 37 från
502 364 347 50 byggnadsfonden
868 392 658 8 ........eeseimsumssrrsssrssrssmsn
1528 381 116 28 »
1726 360 242 47 550,000:
1937 355 33 58 —

391 416 158 37 influten
578 417 249 49 köpesumma
856 415 59 37 för
942 414 106 38 sålda
1077 415 231 38 materialier
1327 443 201 9 ...............
1624 440 21 19 »
1819 413 152 34 670:
1940 405 34 59 —

391 468 160 37 influtna
579 468 118 49 hyror
725 467 81 38 från
835 466 350 50 bazarbyggnaden
1214 467 65 37 vid
1306 465 185 39 Norrbro:

494 523 37 43 a)
558 519 195 38 inbetalda
784 519 59 37 för
879 520 96 35 1897
1004 518 113 47 (efter
1144 518 224 49 bevakning
1395 517 13 37 i
1438 517 96 36 kon-

622 571 108 48 kur8)
759 601 102 6 nns
893 601 98 6 ssd
991 590 127 17 adrukena
1137 570 141 38 kronor
1334 572 121 46 1,172:
1475 578 42 27 89

495 622 36 50 b)
559 622 197 38 inbetalda
782 622 59 37 för
869 624 40 34 år
940 623 169 36 1898......
1204 651 23 20 »
1310 622 215 46 22,350:—

495 677 36 44 e)
637 703 23 20 ”
804 702 21 20 »
882 702 22 19 2»
936 675 169 35 1899...
1203 703 24 18 ”
1334 674 122 45 7,000:
1472 694 51 4 —
1629 707 22 20 49
1758 679 150 47 30,522:
1928 686 57 28 89.

395 734 160 37 influten
583 734 98 50 hyra
710 734 57 36 för
794 746 46 24 en
870 733 146 49 smedja
1045 733 65 38 vid
1139 735 109 37 Stora
1278 733 257 47 Katrineberg
1629 759 22 19 =»
1823 731 85 35 250:
1925 750 51 4 —

395 791 110 32 ränta
543 786 59 37 för
637 789 41 34 år
709 787 94 36 1897
834 788 21 34 å
882 798 95 36 upp-
1006 785 71 38 och
1105 784 433 51 afskrifningsräkning,

498 836 213 51 godtgjord
739 838 71 36 den
843 839 45 35 15
911 837 154 49 januari
1097 840 97 36 1898
1227 832 166 59 s.nnsvmmmn
1412 866 120 6 ann
1629 862 23 19 sj
1826 833 83 35 768:
1930 840 44 27 70

1554 895 152 36 Kronor
1735 885 176 54 591,293:
1932 901 16 26 5
1958 900 33 46 9.

526 1012 222 50 Utgifterna
788 1011 116 38 hafva
944 1010 122 38 under
1108 1013 41 34 år
1179 1011 110 46 1898,
1319 1007 255 38 inberäknadt
1602 1003 197 40 utbetalda
1828 1002 166 38 förskott

401 1064 57 37 till
499 1064 104 37 vissa
640 1064 271 47 leverantörer,
940 1065 165 48 uppgått
1133 1061 59 37 till
1220 1061 139 36 kronor
1388 1060 176 47 577,263:
1584 1068 58 35 05,
1671 1056 152 38 hvadan
1850 1053 144 39 behåll-

402 1116 144 49 ningen
575 1115 58 37 till
665 1117 95 36 1899
791 1120 114 44 utgör
931 1115 142 36 kronor
1104 1114 148 47 14,030:
1272 1121 58 27 54.

534 1372 133 38 Under
706 1371 184 38 förbehåll
934 1371 40 37 af
1008 1371 47 38 de
1092 1369 262 51 jemkningar,
1390 1381 81 24 som
1499 1367 64 37 vid
1592 1365 134 49 slutlig
1754 1363 244 51 granskning

408 1424 42 38 af
472 1424 315 50 räkenskaperna
816 1423 58 36 för
905 1425 97 35 1898
1031 1424 130 36 kunna
1189 1421 119 38 blifva
1327 1420 42 37 af
1382 1419 137 48 nöden,
1537 1417 193 38 meddelas
1745 1416 68 37 här
1829 1414 169 51 följande

408 1475 153 51 uppgift
591 1478 21 35 å
640 1476 46 37 de
714 1475 289 50 hufvudposter,
1032 1478 49 47 på
1108 1474 134 37 hvilka
1269 1472 212 50 utgifterna
1509 1469 186 38 fördelas:

538 1579 214 49 Byggnads-
781 1579 59 36 och
864 1578 475 50 grundläggningsarbeten,
1362 1575 159 49 pålning
1547 1587 47 23 m.
1624 1587 67 24 m.;

538 1655 239 51 uppförande
805 1655 41 36 af
869 1655 316 48 riksdagshusets
1215 1659 163 32 stomme
1406 1652 58 37 till
1492 1651 180 47 omkring
1700 1652 65 34 två
1793 1647 209 50 våningars

412 1707 103 50 höjd,
556 1706 317 50 grundläggning
915 1707 57 36 för
1012 1706 333 46 riksbankshuset,
1390 1703 159 50 pålning
1581 1702 60 36 för
1669 1702 104 36 detta
1802 1700 72 37 hus
1903 1704 101 32 samt

414 1759 252 49 vidliggande
696 1759 60 48 kaj
783 1760 121 47 jemte
933 1758 157 47 timring
1119 1758 71 36 och
1220 1756 194 47 sänkning
1441 1754 41 38 af
1498 1755 134 47 kistor,
1653 1751 349 47 arbetskostnader,

414 1811 119 49 inköp
562 1811 42 35 af
627 1810 107 49 pålar
762 1809 71 38 och
860 1816 118 30 annat
1007 1810 120 46 virke,
1156 1809 117 49 tegel,
1301 1807 218 50 jernbalkar
1546 1805 73 37 och
1639 1804 121 37 smide
1780 1808 99 32 samt
1899 1808 105 31 sten-

416 1863 65 36 kol
509 1862 58 37 för
595 1862 150 45 kranar,
774 1875 172 36 pumpar,
977 1861 239 49 bruksqvarn
1245 1874 49 23 m.
1323 1873 49 23 ms.
1409 1889 96 6 .......
1536 1857 142 37 kronor
1706 1856 177 46 353,601:
1903 1863 42 27 29
1969 1852 37 47 "')

416 1918 248 45 transporter,
693 1913 254 50 bogseringar
975 1913 71 37 och
1073 1912 208 50 pråmhyra
1307 1940 201 8 ...............
1590 1937 22 21 99
1737 1909 151 47 23,532:
1908 1916 42 27 59

417 1970 145 34 värme-
590 1965 72 37 och
691 1964 351 51 afloppsledningar
1063 1995 202 6 ................
1592 1989 23 19 äs
1741 1961 148 44 10,836:
1909 1967 42 27 62

1303 2023 212 49 Transport
1543 2023 142 35 kronor
1713 2022 176 46 387,970:
1910 2028 44 28 50

619 2200 27 38 +)
671 2200 48 30 Då
742 2199 121 30 bokslut
884 2202 81 27 ännu
988 2185 67 43 icke
1074 2199 108 30 hunnit
1206 2195 183 37 verkställas,
1412 2195 60 30 kan
1496 2194 53 30 här
1571 2194 24 40 ej
1620 2194 112 30 lemnas
1756 2192 120 41 specifik
1894 2191 119 41 uppgift

422 2245 18 28 å
474 2244 64 30 dem
573 2244 32 29 af
638 2244 54 29 här
725 2243 120 39 angifna
879 2241 166 38 kostnader,
1077 2253 62 20 som
1163 2241 63 30 afse
1248 2240 121 40 utgifter
1392 2239 44 30 för
1458 2237 170 32 verkstälda
1651 2238 119 30 arbeten
1794 2241 76 26 samt
1893 2235 121 40 utgifter

423 2287 45 30 för
490 2288 8 28 i
521 2286 101 31 behåll
644 2286 131 32 varande
797 2286 181 30 materialier.
