<?xml version="1.0" encoding="UTF-8"?>
<alto xmlns="http://www.loc.gov/standards/alto/ns-v3#" xmlns:xlink="http://www.w3.org/1999/xlink" xmlns:xsi="http://www.w3.org/2001/XMLSchema-instance" xsi:schemaLocation="http://www.loc.gov/standards/alto/ns-v3# http://www.loc.gov/alto/v3/alto-3-0.xsd">
	<Description>
		<MeasurementUnit>pixel</MeasurementUnit>
		<sourceImageInformation>
			<fileName>/tmp/tess_oi7v_ze2_input.PNG</fileName>
		</sourceImageInformation>
		<OCRProcessing ID="OCR_0">
			<ocrProcessingStep>
				<processingSoftware>
					<softwareName>tesseract 5.3.0</softwareName>
				</processingSoftware>
			</ocrProcessingStep>
		</OCRProcessing>
	</Description>
	<Layout>
		<Page WIDTH="2246" HEIGHT="2622" PHYSICAL_IMG_NR="0" ID="page_0">
			<PrintSpace HPOS="0" VPOS="0" WIDTH="2246" HEIGHT="2622">
				<ComposedBlock ID="cblock_0" HPOS="432" VPOS="184" WIDTH="1036" HEIGHT="38">
					<TextBlock ID="block_0" HPOS="432" VPOS="184" WIDTH="1036" HEIGHT="38">
						<TextLine ID="line_0" HPOS="432" VPOS="184" WIDTH="1036" HEIGHT="38">
							<String ID="string_0" HPOS="432" VPOS="184" WIDTH="39" HEIGHT="31" WC="0.95" CONTENT="14"/><SP WIDTH="420" VPOS="184" HPOS="471"/>
							<String ID="string_1" HPOS="891" VPOS="186" WIDTH="246" HEIGHT="34" WC="0.71" CONTENT="Statsutskottets"/><SP WIDTH="23" VPOS="186" HPOS="1137"/>
							<String ID="string_2" HPOS="1160" VPOS="188" WIDTH="174" HEIGHT="32" WC="0.96" CONTENT="Memorial"/><SP WIDTH="21" VPOS="188" HPOS="1334"/>
							<String ID="string_3" HPOS="1355" VPOS="189" WIDTH="63" HEIGHT="33" WC="0.96" CONTENT="N:o"/><SP WIDTH="23" VPOS="189" HPOS="1418"/>
							<String ID="string_4" HPOS="1441" VPOS="191" WIDTH="27" HEIGHT="31" WC="0.95" CONTENT="1."/>
						</TextLine>
					</TextBlock>
				</ComposedBlock>
				<ComposedBlock ID="cblock_1" HPOS="387" VPOS="262" WIDTH="1596" HEIGHT="100">
					<TextBlock ID="block_1" HPOS="387" VPOS="262" WIDTH="1596" HEIGHT="100">
						<TextLine ID="line_1" HPOS="515" VPOS="262" WIDTH="1468" HEIGHT="44">
							<String ID="string_5" HPOS="515" VPOS="262" WIDTH="130" HEIGHT="38" WC="0.96" CONTENT="Under"/><SP WIDTH="27" VPOS="262" HPOS="645"/>
							<String ID="string_6" HPOS="672" VPOS="266" WIDTH="40" HEIGHT="35" WC="0.96" CONTENT="år"/><SP WIDTH="31" VPOS="266" HPOS="712"/>
							<String ID="string_7" HPOS="743" VPOS="266" WIDTH="97" HEIGHT="36" WC="0.93" CONTENT="1898"/><SP WIDTH="28" VPOS="266" HPOS="840"/>
							<String ID="string_8" HPOS="868" VPOS="264" WIDTH="210" HEIGHT="39" WC="0.92" CONTENT="inbetaldes"/><SP WIDTH="28" VPOS="264" HPOS="1078"/>
							<String ID="string_9" HPOS="1106" VPOS="269" WIDTH="21" HEIGHT="34" WC="0.93" CONTENT="å"/><SP WIDTH="30" VPOS="269" HPOS="1127"/>
							<String ID="string_10" HPOS="1157" VPOS="268" WIDTH="99" HEIGHT="36" WC="0.96" CONTENT="1893"/><SP WIDTH="29" VPOS="268" HPOS="1256"/>
							<String ID="string_11" HPOS="1285" VPOS="267" WIDTH="70" HEIGHT="37" WC="0.96" CONTENT="och"/><SP WIDTH="30" VPOS="267" HPOS="1355"/>
							<String ID="string_12" HPOS="1385" VPOS="268" WIDTH="99" HEIGHT="36" WC="0.96" CONTENT="1894"/><SP WIDTH="30" VPOS="268" HPOS="1484"/>
							<String ID="string_13" HPOS="1514" VPOS="270" WIDTH="60" HEIGHT="34" WC="0.93" CONTENT="års"/><SP WIDTH="29" VPOS="270" HPOS="1574"/>
							<String ID="string_14" HPOS="1603" VPOS="268" WIDTH="215" HEIGHT="38" WC="0.92" CONTENT="annuiteter"/><SP WIDTH="26" VPOS="268" HPOS="1818"/>
							<String ID="string_15" HPOS="1844" VPOS="268" WIDTH="139" HEIGHT="38" WC="0.96" CONTENT="kronor"/>
						</TextLine>
						<TextLine ID="line_2" HPOS="387" VPOS="315" WIDTH="202" HEIGHT="47">
							<String ID="string_16" HPOS="387" VPOS="315" WIDTH="126" HEIGHT="47" WC="0.73" CONTENT="3,051:"/><SP WIDTH="21" VPOS="315" HPOS="513"/>
							<String ID="string_17" HPOS="534" VPOS="325" WIDTH="55" HEIGHT="27" WC="0.95" CONTENT="12."/>
						</TextLine>
					</TextBlock>
				</ComposedBlock>
				<ComposedBlock ID="cblock_2" HPOS="388" VPOS="366" WIDTH="1595" HEIGHT="101">
					<TextBlock ID="block_2" HPOS="388" VPOS="366" WIDTH="1595" HEIGHT="101">
						<TextLine ID="line_3" HPOS="515" VPOS="366" WIDTH="1468" HEIGHT="53">
							<String ID="string_18" HPOS="515" VPOS="366" WIDTH="73" HEIGHT="38" WC="0.96" CONTENT="Vid"/><SP WIDTH="44" VPOS="366" HPOS="588"/>
							<String ID="string_19" HPOS="632" VPOS="369" WIDTH="95" HEIGHT="35" WC="0.96" CONTENT="1897"/><SP WIDTH="45" VPOS="369" HPOS="727"/>
							<String ID="string_20" HPOS="772" VPOS="370" WIDTH="59" HEIGHT="35" WC="0.96" CONTENT="års"/><SP WIDTH="42" VPOS="370" HPOS="831"/>
							<String ID="string_21" HPOS="873" VPOS="368" WIDTH="77" HEIGHT="37" WC="0.96" CONTENT="slut"/><SP WIDTH="41" VPOS="368" HPOS="950"/>
							<String ID="string_22" HPOS="991" VPOS="369" WIDTH="173" HEIGHT="50" WC="0.93" CONTENT="utgjorde"/><SP WIDTH="36" VPOS="369" HPOS="1164"/>
							<String ID="string_23" HPOS="1200" VPOS="370" WIDTH="391" HEIGHT="49" WC="0.91" CONTENT="riksgäldskontorets"/><SP WIDTH="33" VPOS="370" HPOS="1591"/>
							<String ID="string_24" HPOS="1624" VPOS="371" WIDTH="177" HEIGHT="38" WC="0.95" CONTENT="förfallna"/><SP WIDTH="28" VPOS="371" HPOS="1801"/>
							<String ID="string_25" HPOS="1829" VPOS="372" WIDTH="154" HEIGHT="38" WC="0.96" CONTENT="fordran"/>
						</TextLine>
						<TextLine ID="line_4" HPOS="388" VPOS="417" WIDTH="291" HEIGHT="50">
							<String ID="string_26" HPOS="388" VPOS="417" WIDTH="140" HEIGHT="38" WC="0.92" CONTENT="kronor"/><SP WIDTH="28" VPOS="417" HPOS="528"/>
							<String ID="string_27" HPOS="556" VPOS="421" WIDTH="123" HEIGHT="46" WC="0.91" CONTENT="9,700."/>
						</TextLine>
					</TextBlock>
				</ComposedBlock>
				<ComposedBlock ID="cblock_3" HPOS="968" VPOS="607" WIDTH="451" HEIGHT="45">
					<TextBlock ID="block_3" HPOS="968" VPOS="607" WIDTH="451" HEIGHT="45">
						<TextLine ID="line_5" HPOS="968" VPOS="607" WIDTH="451" HEIGHT="45">
							<String ID="string_28" HPOS="968" VPOS="607" WIDTH="60" HEIGHT="35" WC="0.96" CONTENT="Till"/><SP WIDTH="25" VPOS="607" HPOS="1028"/>
							<String ID="string_29" HPOS="1053" VPOS="608" WIDTH="133" HEIGHT="35" WC="0.96" CONTENT="Kalmar"/><SP WIDTH="24" VPOS="608" HPOS="1186"/>
							<String ID="string_30" HPOS="1210" VPOS="609" WIDTH="209" HEIGHT="43" WC="0.95" CONTENT="domkapitel."/>
						</TextLine>
					</TextBlock>
				</ComposedBlock>
				<ComposedBlock ID="cblock_4" HPOS="387" VPOS="719" WIDTH="1596" HEIGHT="207">
					<TextBlock ID="block_4" HPOS="387" VPOS="719" WIDTH="1596" HEIGHT="207">
						<TextLine ID="line_6" HPOS="516" VPOS="719" WIDTH="1336" HEIGHT="53">
							<String ID="string_31" HPOS="516" VPOS="720" WIDTH="75" HEIGHT="37" WC="0.96" CONTENT="För"/><SP WIDTH="26" VPOS="720" HPOS="591"/>
							<String ID="string_32" HPOS="617" VPOS="719" WIDTH="240" HEIGHT="51" WC="0.95" CONTENT="uppförande"/><SP WIDTH="34" VPOS="719" HPOS="857"/>
							<String ID="string_33" HPOS="891" VPOS="721" WIDTH="41" HEIGHT="36" WC="0.96" CONTENT="af"/><SP WIDTH="24" VPOS="721" HPOS="932"/>
							<String ID="string_34" HPOS="956" VPOS="734" WIDTH="48" HEIGHT="24" WC="0.96" CONTENT="en"/><SP WIDTH="26" VPOS="734" HPOS="1004"/>
							<String ID="string_35" HPOS="1030" VPOS="735" WIDTH="52" HEIGHT="36" WC="0.96" CONTENT="ny"/><SP WIDTH="27" VPOS="735" HPOS="1082"/>
							<String ID="string_36" HPOS="1109" VPOS="722" WIDTH="185" HEIGHT="50" WC="0.96" CONTENT="byggnad"/><SP WIDTH="26" VPOS="722" HPOS="1294"/>
							<String ID="string_37" HPOS="1320" VPOS="723" WIDTH="58" HEIGHT="36" WC="0.96" CONTENT="för"/><SP WIDTH="27" VPOS="723" HPOS="1378"/>
							<String ID="string_38" HPOS="1405" VPOS="723" WIDTH="214" HEIGHT="38" WC="0.96" CONTENT="läroverket"/><SP WIDTH="26" VPOS="723" HPOS="1619"/>
							<String ID="string_39" HPOS="1645" VPOS="724" WIDTH="13" HEIGHT="37" WC="0.96" CONTENT="i"/><SP WIDTH="28" VPOS="724" HPOS="1658"/>
							<String ID="string_40" HPOS="1686" VPOS="724" WIDTH="166" HEIGHT="38" WC="0.96" CONTENT="Kalmar."/>
						</TextLine>
						<TextLine ID="line_7" HPOS="584" VPOS="772" WIDTH="1399" HEIGHT="51">
							<String ID="string_41" HPOS="584" VPOS="772" WIDTH="105" HEIGHT="37" WC="0.96" CONTENT="detta"/><SP WIDTH="32" VPOS="772" HPOS="689"/>
							<String ID="string_42" HPOS="721" VPOS="772" WIDTH="75" HEIGHT="47" WC="0.95" CONTENT="lån,"/><SP WIDTH="28" VPOS="772" HPOS="796"/>
							<String ID="string_43" HPOS="824" VPOS="773" WIDTH="296" HEIGHT="50" WC="0.91" CONTENT="ursprungligen"/><SP WIDTH="27" VPOS="773" HPOS="1120"/>
							<String ID="string_44" HPOS="1147" VPOS="775" WIDTH="142" HEIGHT="47" WC="0.91" CONTENT="40,000"/><SP WIDTH="27" VPOS="775" HPOS="1289"/>
							<String ID="string_45" HPOS="1316" VPOS="774" WIDTH="153" HEIGHT="49" WC="0.96" CONTENT="kronor,"/><SP WIDTH="30" VPOS="774" HPOS="1469"/>
							<String ID="string_46" HPOS="1499" VPOS="775" WIDTH="121" HEIGHT="38" WC="0.96" CONTENT="skulle"/><SP WIDTH="28" VPOS="775" HPOS="1620"/>
							<String ID="string_47" HPOS="1648" VPOS="776" WIDTH="75" HEIGHT="37" WC="0.93" CONTENT="den"/><SP WIDTH="26" VPOS="776" HPOS="1723"/>
							<String ID="string_48" HPOS="1749" VPOS="783" WIDTH="22" HEIGHT="39" WC="0.77" CONTENT="$"/><SP WIDTH="30" VPOS="783" HPOS="1771"/>
							<String ID="string_49" HPOS="1801" VPOS="779" WIDTH="97" HEIGHT="36" WC="0.91" CONTENT="1898"/><SP WIDTH="28" VPOS="779" HPOS="1898"/>
							<String ID="string_50" HPOS="1926" VPOS="778" WIDTH="57" HEIGHT="37" WC="0.91" CONTENT="in-"/>
						</TextLine>
						<TextLine ID="line_8" HPOS="387" VPOS="823" WIDTH="1155" HEIGHT="51">
							<String ID="string_51" HPOS="387" VPOS="823" WIDTH="141" HEIGHT="37" WC="0.92" CONTENT="betalts"/><SP WIDTH="29" VPOS="823" HPOS="528"/>
							<String ID="string_52" HPOS="557" VPOS="837" WIDTH="47" HEIGHT="23" WC="0.93" CONTENT="en"/><SP WIDTH="27" VPOS="837" HPOS="604"/>
							<String ID="string_53" HPOS="631" VPOS="824" WIDTH="173" HEIGHT="37" WC="0.92" CONTENT="annuitet"/><SP WIDTH="27" VPOS="824" HPOS="804"/>
							<String ID="string_54" HPOS="831" VPOS="824" WIDTH="41" HEIGHT="37" WC="0.96" CONTENT="af"/><SP WIDTH="25" VPOS="824" HPOS="872"/>
							<String ID="string_55" HPOS="897" VPOS="826" WIDTH="21" HEIGHT="35" WC="0.94" CONTENT="5"/><SP WIDTH="29" VPOS="826" HPOS="918"/>
							<String ID="string_56" HPOS="947" VPOS="831" WIDTH="156" HEIGHT="43" WC="0.96" CONTENT="procent"/><SP WIDTH="29" VPOS="831" HPOS="1103"/>
							<String ID="string_57" HPOS="1132" VPOS="825" WIDTH="92" HEIGHT="37" WC="0.96" CONTENT="eller"/><SP WIDTH="28" VPOS="825" HPOS="1224"/>
							<String ID="string_58" HPOS="1252" VPOS="826" WIDTH="137" HEIGHT="37" WC="0.93" CONTENT="kronor"/><SP WIDTH="28" VPOS="826" HPOS="1389"/>
							<String ID="string_59" HPOS="1417" VPOS="828" WIDTH="125" HEIGHT="46" WC="0.91" CONTENT="2,000,"/>
						</TextLine>
						<TextLine ID="line_9" HPOS="516" VPOS="875" WIDTH="1270" HEIGHT="51">
							<String ID="string_60" HPOS="516" VPOS="875" WIDTH="147" HEIGHT="37" WC="0.96" CONTENT="hvilket"/><SP WIDTH="27" VPOS="875" HPOS="663"/>
							<String ID="string_61" HPOS="690" VPOS="876" WIDTH="140" HEIGHT="50" WC="0.96" CONTENT="belopp"/><SP WIDTH="28" VPOS="876" HPOS="830"/>
							<String ID="string_62" HPOS="858" VPOS="882" WIDTH="115" HEIGHT="44" WC="0.93" CONTENT="utgör"/><SP WIDTH="26" VPOS="882" HPOS="973"/>
							<String ID="string_63" HPOS="999" VPOS="877" WIDTH="389" HEIGHT="49" WC="0.92" CONTENT="riksgäldskontorets"/><SP WIDTH="29" VPOS="877" HPOS="1388"/>
							<String ID="string_64" HPOS="1417" VPOS="878" WIDTH="178" HEIGHT="38" WC="0.96" CONTENT="förfallna"/><SP WIDTH="27" VPOS="878" HPOS="1595"/>
							<String ID="string_65" HPOS="1622" VPOS="879" WIDTH="164" HEIGHT="38" WC="0.96" CONTENT="fordran."/>
						</TextLine>
					</TextBlock>
				</ComposedBlock>
				<GraphicalElement ID="cblock_5" HPOS="989" VPOS="1022" WIDTH="395" HEIGHT="8"></GraphicalElement >
				<ComposedBlock ID="cblock_6" HPOS="389" VPOS="1166" WIDTH="1598" HEIGHT="952">
					<TextBlock ID="block_5" HPOS="389" VPOS="1166" WIDTH="1598" HEIGHT="952">
						<TextLine ID="line_10" HPOS="518" VPOS="1166" WIDTH="1466" HEIGHT="53">
							<String ID="string_66" HPOS="518" VPOS="1166" WIDTH="74" HEIGHT="38" WC="0.93" CONTENT="Vid"/><SP WIDTH="24" VPOS="1166" HPOS="592"/>
							<String ID="string_67" HPOS="616" VPOS="1167" WIDTH="221" HEIGHT="49" WC="0.91" CONTENT="jemförelse"/><SP WIDTH="33" VPOS="1167" HPOS="837"/>
							<String ID="string_68" HPOS="870" VPOS="1168" WIDTH="140" HEIGHT="38" WC="0.96" CONTENT="mellan"/><SP WIDTH="27" VPOS="1168" HPOS="1010"/>
							<String ID="string_69" HPOS="1037" VPOS="1169" WIDTH="241" HEIGHT="39" WC="0.96" CONTENT="förestående"/><SP WIDTH="27" VPOS="1169" HPOS="1278"/>
							<String ID="string_70" HPOS="1305" VPOS="1171" WIDTH="83" HEIGHT="38" WC="0.93" CONTENT="icke"/><SP WIDTH="24" VPOS="1171" HPOS="1388"/>
							<String ID="string_71" HPOS="1412" VPOS="1170" WIDTH="205" HEIGHT="49" WC="0.92" CONTENT="inbetalda,"/><SP WIDTH="30" VPOS="1170" HPOS="1617"/>
							<String ID="string_72" HPOS="1647" VPOS="1173" WIDTH="178" HEIGHT="37" WC="0.92" CONTENT="förfallna"/><SP WIDTH="28" VPOS="1173" HPOS="1825"/>
							<String ID="string_73" HPOS="1853" VPOS="1174" WIDTH="131" HEIGHT="37" WC="0.92" CONTENT="annui-"/>
						</TextLine>
						<TextLine ID="line_11" HPOS="389" VPOS="1218" WIDTH="1579" HEIGHT="55">
							<String ID="string_74" HPOS="389" VPOS="1222" WIDTH="99" HEIGHT="33" WC="0.93" CONTENT="teter"/><SP WIDTH="28" VPOS="1222" HPOS="488"/>
							<String ID="string_75" HPOS="516" VPOS="1218" WIDTH="70" HEIGHT="37" WC="0.96" CONTENT="och"/><SP WIDTH="25" VPOS="1218" HPOS="586"/>
							<String ID="string_76" HPOS="611" VPOS="1224" WIDTH="143" HEIGHT="44" WC="0.96" CONTENT="räntor,"/><SP WIDTH="29" VPOS="1224" HPOS="754"/>
							<String ID="string_77" HPOS="783" VPOS="1221" WIDTH="227" HEIGHT="48" WC="0.95" CONTENT="uppgående"/><SP WIDTH="24" VPOS="1221" HPOS="1010"/>
							<String ID="string_78" HPOS="1034" VPOS="1222" WIDTH="71" HEIGHT="36" WC="0.96" CONTENT="den"/><SP WIDTH="18" VPOS="1222" HPOS="1105"/>
							<String ID="string_79" HPOS="1123" VPOS="1224" WIDTH="18" HEIGHT="35" WC="0.96" CONTENT="1"/><SP WIDTH="14" VPOS="1224" HPOS="1141"/>
							<String ID="string_80" HPOS="1155" VPOS="1223" WIDTH="151" HEIGHT="48" WC="0.96" CONTENT="januari"/><SP WIDTH="18" VPOS="1223" HPOS="1306"/>
							<String ID="string_81" HPOS="1324" VPOS="1223" WIDTH="96" HEIGHT="38" WC="0.95" CONTENT="1899"/><SP WIDTH="17" VPOS="1223" HPOS="1420"/>
							<String ID="string_82" HPOS="1437" VPOS="1222" WIDTH="58" HEIGHT="37" WC="0.95" CONTENT="till"/><SP WIDTH="27" VPOS="1222" HPOS="1495"/>
							<String ID="string_83" HPOS="1522" VPOS="1223" WIDTH="141" HEIGHT="38" WC="0.93" CONTENT="kronor"/><SP WIDTH="30" VPOS="1223" HPOS="1663"/>
							<String ID="string_84" HPOS="1693" VPOS="1226" WIDTH="212" HEIGHT="47" WC="0.90" CONTENT="1,909,558:"/><SP WIDTH="21" VPOS="1226" HPOS="1905"/>
							<String ID="string_85" HPOS="1926" VPOS="1236" WIDTH="42" HEIGHT="26" WC="0.95" CONTENT="73"/>
						</TextLine>
						<TextLine ID="line_12" HPOS="392" VPOS="1269" WIDTH="1106" HEIGHT="53">
							<String ID="string_86" HPOS="392" VPOS="1269" WIDTH="71" HEIGHT="37" WC="0.96" CONTENT="och"/><SP WIDTH="28" VPOS="1269" HPOS="463"/>
							<String ID="string_87" HPOS="491" VPOS="1283" WIDTH="144" HEIGHT="25" WC="0.95" CONTENT="samma"/><SP WIDTH="28" VPOS="1283" HPOS="635"/>
							<String ID="string_88" HPOS="663" VPOS="1272" WIDTH="78" HEIGHT="49" WC="0.96" CONTENT="dag"/><SP WIDTH="30" VPOS="1272" HPOS="741"/>
							<String ID="string_89" HPOS="771" VPOS="1273" WIDTH="97" HEIGHT="37" WC="0.96" CONTENT="1898"/><SP WIDTH="22" VPOS="1273" HPOS="868"/>
							<String ID="string_90" HPOS="890" VPOS="1272" WIDTH="187" HEIGHT="50" WC="0.96" CONTENT="obetalda,"/><SP WIDTH="15" VPOS="1272" HPOS="1077"/>
							<String ID="string_91" HPOS="1092" VPOS="1274" WIDTH="178" HEIGHT="38" WC="0.92" CONTENT="förfallna"/><SP WIDTH="14" VPOS="1274" HPOS="1270"/>
							<String ID="string_92" HPOS="1284" VPOS="1276" WIDTH="214" HEIGHT="36" WC="0.92" CONTENT="annuiteter"/>
						</TextLine>
						<TextLine ID="line_13" HPOS="443" VPOS="1321" WIDTH="1052" HEIGHT="54">
							<String ID="string_93" HPOS="443" VPOS="1321" WIDTH="71" HEIGHT="37" WC="0.77" CONTENT="Och"/><SP WIDTH="27" VPOS="1321" HPOS="514"/>
							<String ID="string_94" HPOS="541" VPOS="1326" WIDTH="126" HEIGHT="34" WC="0.45" CONTENT="räntor"/><SP WIDTH="26" VPOS="1326" HPOS="667"/>
							<String ID="string_95" HPOS="693" VPOS="1354" WIDTH="309" HEIGHT="7" WC="0.0" CONTENT="..........«wwmw220"/><SP WIDTH="30" VPOS="1354" HPOS="1002"/>
							<String ID="string_96" HPOS="1032" VPOS="1325" WIDTH="141" HEIGHT="38" WC="0.93" CONTENT="kronor"/><SP WIDTH="27" VPOS="1325" HPOS="1173"/>
							<String ID="string_97" HPOS="1200" VPOS="1329" WIDTH="216" HEIGHT="46" WC="0.89" CONTENT="2,336,180:"/><SP WIDTH="21" VPOS="1329" HPOS="1416"/>
							<String ID="string_98" HPOS="1437" VPOS="1336" WIDTH="58" HEIGHT="27" WC="0.96" CONTENT="09."/>
						</TextLine>
						<TextLine ID="line_14" HPOS="390" VPOS="1372" WIDTH="619" HEIGHT="52">
							<String ID="string_99" HPOS="390" VPOS="1372" WIDTH="193" HEIGHT="38" WC="0.96" CONTENT="hvarifrån"/><SP WIDTH="40" VPOS="1372" HPOS="583"/>
							<String ID="string_100" HPOS="623" VPOS="1374" WIDTH="98" HEIGHT="38" WC="0.96" CONTENT="dock"/><SP WIDTH="40" VPOS="1374" HPOS="721"/>
							<String ID="string_101" HPOS="761" VPOS="1375" WIDTH="70" HEIGHT="37" WC="0.93" CONTENT="bör"/><SP WIDTH="40" VPOS="1375" HPOS="831"/>
							<String ID="string_102" HPOS="871" VPOS="1376" WIDTH="138" HEIGHT="48" WC="0.92" CONTENT="dragas"/>
						</TextLine>
						<TextLine ID="line_15" HPOS="391" VPOS="1424" WIDTH="618" HEIGHT="52">
							<String ID="string_103" HPOS="391" VPOS="1424" WIDTH="181" HEIGHT="50" WC="0.96" CONTENT="beloppet"/><SP WIDTH="40" VPOS="1424" HPOS="572"/>
							<String ID="string_104" HPOS="612" VPOS="1426" WIDTH="42" HEIGHT="37" WC="0.92" CONTENT="af"/><SP WIDTH="27" VPOS="1426" HPOS="654"/>
							<String ID="string_105" HPOS="681" VPOS="1427" WIDTH="328" HEIGHT="49" WC="0.91" CONTENT="riksgäldskonto-"/>
						</TextLine>
						<TextLine ID="line_16" HPOS="391" VPOS="1477" WIDTH="619" HEIGHT="40">
							<String ID="string_106" HPOS="391" VPOS="1482" WIDTH="79" HEIGHT="31" WC="0.92" CONTENT="rets"/><SP WIDTH="54" VPOS="1482" HPOS="470"/>
							<String ID="string_107" HPOS="524" VPOS="1477" WIDTH="176" HEIGHT="38" WC="0.61" CONTENT="förfallna"/><SP WIDTH="53" VPOS="1477" HPOS="700"/>
							<String ID="string_108" HPOS="753" VPOS="1479" WIDTH="155" HEIGHT="37" WC="0.96" CONTENT="fordran"/><SP WIDTH="33" VPOS="1479" HPOS="908"/>
							<String ID="string_109" HPOS="941" VPOS="1479" WIDTH="69" HEIGHT="38" WC="0.96" CONTENT="hos"/>
						</TextLine>
						<TextLine ID="line_17" HPOS="391" VPOS="1528" WIDTH="562" HEIGHT="52">
							<String ID="string_110" HPOS="391" VPOS="1528" WIDTH="562" HEIGHT="52" WC="0.82" CONTENT="Uddevalla—Venersborg—"/>
						</TextLine>
						<TextLine ID="line_18" HPOS="391" VPOS="1580" WIDTH="618" HEIGHT="51">
							<String ID="string_111" HPOS="391" VPOS="1580" WIDTH="237" HEIGHT="50" WC="0.93" CONTENT="Herrljunga"/><SP WIDTH="22" VPOS="1580" HPOS="628"/>
							<String ID="string_112" HPOS="650" VPOS="1582" WIDTH="359" HEIGHT="49" WC="0.91" CONTENT="jernvägsaktiebo-"/>
						</TextLine>
						<TextLine ID="line_19" HPOS="391" VPOS="1631" WIDTH="1105" HEIGHT="53">
							<String ID="string_113" HPOS="391" VPOS="1631" WIDTH="66" HEIGHT="50" WC="0.96" CONTENT="lag"/><SP WIDTH="26" VPOS="1631" HPOS="457"/>
							<String ID="string_114" HPOS="483" VPOS="1632" WIDTH="66" HEIGHT="37" WC="0.96" CONTENT="vid"/><SP WIDTH="31" VPOS="1632" HPOS="549"/>
							<String ID="string_115" HPOS="580" VPOS="1635" WIDTH="96" HEIGHT="35" WC="0.96" CONTENT="1898"/><SP WIDTH="30" VPOS="1635" HPOS="676"/>
							<String ID="string_116" HPOS="706" VPOS="1637" WIDTH="60" HEIGHT="34" WC="0.95" CONTENT="års"/><SP WIDTH="28" VPOS="1637" HPOS="766"/>
							<String ID="string_117" HPOS="794" VPOS="1634" WIDTH="74" HEIGHT="37" WC="0.91" CONTENT="slut"/><SP WIDTH="52" VPOS="1634" HPOS="868"/>
							<String ID="string_118" HPOS="920" VPOS="1666" WIDTH="97" HEIGHT="5" WC="0.38" CONTENT="........"/><SP WIDTH="95" VPOS="1666" HPOS="1017"/>
							<String ID="string_119" HPOS="1112" VPOS="1665" WIDTH="22" HEIGHT="19" WC="0.42" CONTENT="»"/><SP WIDTH="121" VPOS="1665" HPOS="1134"/>
							<String ID="string_120" HPOS="1255" VPOS="1638" WIDTH="177" HEIGHT="45" WC="0.91" CONTENT="479,355:"/><SP WIDTH="23" VPOS="1638" HPOS="1432"/>
							<String ID="string_121" HPOS="1455" VPOS="1647" WIDTH="41" HEIGHT="26" WC="0.96" CONTENT="19"/>
						</TextLine>
						<TextLine ID="line_20" HPOS="392" VPOS="1692" WIDTH="1106" HEIGHT="54">
							<String ID="string_122" HPOS="392" VPOS="1692" WIDTH="148" HEIGHT="37" WC="0.96" CONTENT="hvilket"/><SP WIDTH="27" VPOS="1692" HPOS="540"/>
							<String ID="string_123" HPOS="567" VPOS="1693" WIDTH="139" HEIGHT="50" WC="0.96" CONTENT="belopp"/><SP WIDTH="28" VPOS="1693" HPOS="706"/>
							<String ID="string_124" HPOS="734" VPOS="1694" WIDTH="128" HEIGHT="49" WC="0.96" CONTENT="ingick"/><SP WIDTH="26" VPOS="1694" HPOS="862"/>
							<String ID="string_125" HPOS="888" VPOS="1694" WIDTH="13" HEIGHT="37" WC="0.96" CONTENT="i"/><SP WIDTH="28" VPOS="1694" HPOS="901"/>
							<String ID="string_126" HPOS="929" VPOS="1696" WIDTH="64" HEIGHT="37" WC="0.97" CONTENT="det"/><SP WIDTH="27" VPOS="1696" HPOS="993"/>
							<String ID="string_127" HPOS="1020" VPOS="1697" WIDTH="165" HEIGHT="37" WC="0.96" CONTENT="nämnda"/><SP WIDTH="27" VPOS="1697" HPOS="1185"/>
							<String ID="string_128" HPOS="1212" VPOS="1697" WIDTH="116" HEIGHT="49" WC="0.96" CONTENT="bolag"/><SP WIDTH="14" VPOS="1697" HPOS="1328"/>
							<String ID="string_129" HPOS="1342" VPOS="1698" WIDTH="40" HEIGHT="36" WC="0.96" CONTENT="af"/><SP WIDTH="18" VPOS="1698" HPOS="1382"/>
							<String ID="string_130" HPOS="1400" VPOS="1699" WIDTH="98" HEIGHT="36" WC="0.96" CONTENT="1898"/>
						</TextLine>
						<TextLine ID="line_21" HPOS="393" VPOS="1744" WIDTH="1579" HEIGHT="52">
							<String ID="string_131" HPOS="393" VPOS="1746" WIDTH="60" HEIGHT="34" WC="0.96" CONTENT="års"/><SP WIDTH="27" VPOS="1746" HPOS="453"/>
							<String ID="string_132" HPOS="480" VPOS="1744" WIDTH="172" HEIGHT="50" WC="0.96" CONTENT="Riksdag"/><SP WIDTH="27" VPOS="1744" HPOS="652"/>
							<String ID="string_133" HPOS="679" VPOS="1745" WIDTH="188" HEIGHT="49" WC="0.96" CONTENT="beviljade"/><SP WIDTH="29" VPOS="1745" HPOS="867"/>
							<String ID="string_134" HPOS="896" VPOS="1761" WIDTH="76" HEIGHT="35" WC="0.92" CONTENT="nya"/><SP WIDTH="19" VPOS="1761" HPOS="972"/>
							<String ID="string_135" HPOS="991" VPOS="1747" WIDTH="333" HEIGHT="39" WC="0.86" CONTENT="låneunderstödet"/><SP WIDTH="35" VPOS="1747" HPOS="1324"/>
							<String ID="string_136" HPOS="1359" VPOS="1780" WIDTH="97" HEIGHT="5" WC="0.42" CONTENT="........."/><SP WIDTH="67" VPOS="1780" HPOS="1456"/>
							<String ID="string_137" HPOS="1523" VPOS="1749" WIDTH="141" HEIGHT="37" WC="0.93" CONTENT="kronor"/><SP WIDTH="31" VPOS="1749" HPOS="1664"/>
							<String ID="string_138" HPOS="1695" VPOS="1751" WIDTH="212" HEIGHT="45" WC="0.89" CONTENT="1,856,824:"/><SP WIDTH="22" VPOS="1751" HPOS="1907"/>
							<String ID="string_139" HPOS="1929" VPOS="1760" WIDTH="43" HEIGHT="26" WC="0.95" CONTENT="90"/>
						</TextLine>
						<TextLine ID="line_22" HPOS="392" VPOS="1804" WIDTH="1105" HEIGHT="54">
							<String ID="string_140" HPOS="392" VPOS="1804" WIDTH="105" HEIGHT="36" WC="0.96" CONTENT="visar"/><SP WIDTH="27" VPOS="1804" HPOS="497"/>
							<String ID="string_141" HPOS="524" VPOS="1805" WIDTH="70" HEIGHT="49" WC="0.96" CONTENT="sig,"/><SP WIDTH="30" VPOS="1805" HPOS="594"/>
							<String ID="string_142" HPOS="624" VPOS="1811" WIDTH="55" HEIGHT="31" WC="0.93" CONTENT="att"/><SP WIDTH="27" VPOS="1811" HPOS="679"/>
							<String ID="string_143" HPOS="706" VPOS="1806" WIDTH="391" HEIGHT="49" WC="0.92" CONTENT="riksgäldskontorets"/><SP WIDTH="15" VPOS="1806" HPOS="1097"/>
							<String ID="string_144" HPOS="1112" VPOS="1808" WIDTH="288" HEIGHT="50" WC="0.93" CONTENT="ifrågavarande"/><SP WIDTH="20" VPOS="1808" HPOS="1400"/>
							<String ID="string_145" HPOS="1420" VPOS="1809" WIDTH="77" HEIGHT="38" WC="0.92" CONTENT="för-"/>
						</TextLine>
						<TextLine ID="line_23" HPOS="393" VPOS="1855" WIDTH="1104" HEIGHT="55">
							<String ID="string_146" HPOS="393" VPOS="1855" WIDTH="116" HEIGHT="38" WC="0.96" CONTENT="fallna"/><SP WIDTH="27" VPOS="1855" HPOS="509"/>
							<String ID="string_147" HPOS="536" VPOS="1856" WIDTH="217" HEIGHT="51" WC="0.96" CONTENT="fordringar"/><SP WIDTH="26" VPOS="1856" HPOS="753"/>
							<String ID="string_148" HPOS="779" VPOS="1858" WIDTH="121" HEIGHT="37" WC="0.96" CONTENT="under"/><SP WIDTH="28" VPOS="1858" HPOS="900"/>
							<String ID="string_149" HPOS="928" VPOS="1862" WIDTH="42" HEIGHT="34" WC="0.96" CONTENT="år"/><SP WIDTH="29" VPOS="1862" HPOS="970"/>
							<String ID="string_150" HPOS="999" VPOS="1861" WIDTH="97" HEIGHT="36" WC="0.96" CONTENT="1898"/><SP WIDTH="25" VPOS="1861" HPOS="1096"/>
							<String ID="string_151" HPOS="1121" VPOS="1861" WIDTH="88" HEIGHT="36" WC="0.96" CONTENT="med"/><SP WIDTH="14" VPOS="1861" HPOS="1209"/>
							<String ID="string_152" HPOS="1223" VPOS="1860" WIDTH="135" HEIGHT="50" WC="0.96" CONTENT="tillägg"/><SP WIDTH="15" VPOS="1860" HPOS="1358"/>
							<String ID="string_153" HPOS="1373" VPOS="1861" WIDTH="42" HEIGHT="37" WC="0.96" CONTENT="af"/><SP WIDTH="10" VPOS="1861" HPOS="1415"/>
							<String ID="string_154" HPOS="1425" VPOS="1861" WIDTH="72" HEIGHT="37" WC="0.96" CONTENT="den"/>
						</TextLine>
						<TextLine ID="line_24" HPOS="397" VPOS="1908" WIDTH="1099" HEIGHT="48">
							<String ID="string_155" HPOS="397" VPOS="1908" WIDTH="18" HEIGHT="35" WC="0.95" CONTENT="1"/><SP WIDTH="26" VPOS="1908" HPOS="415"/>
							<String ID="string_156" HPOS="441" VPOS="1908" WIDTH="151" HEIGHT="48" WC="0.96" CONTENT="januari"/><SP WIDTH="30" VPOS="1908" HPOS="592"/>
							<String ID="string_157" HPOS="622" VPOS="1910" WIDTH="97" HEIGHT="36" WC="0.95" CONTENT="1899"/><SP WIDTH="30" VPOS="1910" HPOS="719"/>
							<String ID="string_158" HPOS="749" VPOS="1910" WIDTH="174" HEIGHT="37" WC="0.95" CONTENT="förfallna"/><SP WIDTH="29" VPOS="1910" HPOS="923"/>
							<String ID="string_159" HPOS="952" VPOS="1911" WIDTH="175" HEIGHT="38" WC="0.93" CONTENT="obetalda"/><SP WIDTH="25" VPOS="1911" HPOS="1127"/>
							<String ID="string_160" HPOS="1152" VPOS="1912" WIDTH="214" HEIGHT="38" WC="0.91" CONTENT="annuiteter"/><SP WIDTH="19" VPOS="1912" HPOS="1366"/>
							<String ID="string_161" HPOS="1385" VPOS="1913" WIDTH="111" HEIGHT="37" WC="0.96" CONTENT="ökats"/>
						</TextLine>
						<TextLine ID="line_25" HPOS="394" VPOS="1959" WIDTH="1593" HEIGHT="51">
							<String ID="string_162" HPOS="394" VPOS="1959" WIDTH="87" HEIGHT="37" WC="0.12" CONTENT="MCA"/><SP WIDTH="40" VPOS="1959" HPOS="481"/>
							<String ID="string_163" HPOS="521" VPOS="1991" WIDTH="971" HEIGHT="10" WC="0.0" CONTENT="oorerrrrarserssesrsrsessrsserer"/><SP WIDTH="-583" VPOS="1991" HPOS="1492"/>
							<String ID="string_164" HPOS="909" VPOS="1955" WIDTH="28" HEIGHT="55" WC="0.36" CONTENT="ser"/><SP WIDTH="6" VPOS="1955" HPOS="937"/>
							<String ID="string_165" HPOS="943" VPOS="1955" WIDTH="56" HEIGHT="55" WC="0.13" CONTENT="sense"/><SP WIDTH="13" VPOS="1955" HPOS="999"/>
							<String ID="string_166" HPOS="1012" VPOS="1955" WIDTH="56" HEIGHT="55" WC="0.0" CONTENT="ease"/><SP WIDTH="19" VPOS="1955" HPOS="1068"/>
							<String ID="string_167" HPOS="1087" VPOS="1955" WIDTH="43" HEIGHT="55" WC="0.0" CONTENT="Les"/><SP WIDTH="16" VPOS="1955" HPOS="1130"/>
							<String ID="string_168" HPOS="1146" VPOS="1955" WIDTH="104" HEIGHT="55" WC="0.0" CONTENT="KESODADS"/><SP WIDTH="6" VPOS="1955" HPOS="1250"/>
							<String ID="string_169" HPOS="1256" VPOS="1955" WIDTH="32" HEIGHT="55" WC="0.11" CONTENT="DUE"/><SP WIDTH="6" VPOS="1955" HPOS="1288"/>
							<String ID="string_170" HPOS="1294" VPOS="1955" WIDTH="25" HEIGHT="55" WC="0.6" CONTENT="LES"/><SP WIDTH="9" VPOS="1955" HPOS="1319"/>
							<String ID="string_171" HPOS="1328" VPOS="1955" WIDTH="25" HEIGHT="55" WC="0.10" CONTENT="SES"/><SP WIDTH="9" VPOS="1955" HPOS="1353"/>
							<String ID="string_172" HPOS="1362" VPOS="1955" WIDTH="56" HEIGHT="55" WC="0.0" CONTENT="ALLO"/><SP WIDTH="17" VPOS="1955" HPOS="1418"/>
							<String ID="string_173" HPOS="1435" VPOS="1955" WIDTH="59" HEIGHT="55" WC="0.22" CONTENT="LL"/><SP WIDTH="28" VPOS="1955" HPOS="1494"/>
							<String ID="string_174" HPOS="1522" VPOS="1965" WIDTH="144" HEIGHT="37" WC="0.96" CONTENT="kronor"/><SP WIDTH="93" VPOS="1965" HPOS="1666"/>
							<String ID="string_175" HPOS="1759" VPOS="1966" WIDTH="150" HEIGHT="44" WC="0.49" CONTENT="52,7133:"/><SP WIDTH="21" VPOS="1966" HPOS="1909"/>
							<String ID="string_176" HPOS="1930" VPOS="1976" WIDTH="57" HEIGHT="27" WC="0.96" CONTENT="83."/>
						</TextLine>
						<TextLine ID="line_26" HPOS="524" VPOS="2011" WIDTH="1463" HEIGHT="54">
							<String ID="string_177" HPOS="524" VPOS="2011" WIDTH="18" HEIGHT="37" WC="0.96" CONTENT="I"/><SP WIDTH="42" VPOS="2011" HPOS="542"/>
							<String ID="string_178" HPOS="584" VPOS="2012" WIDTH="110" HEIGHT="38" WC="0.95" CONTENT="dessa"/><SP WIDTH="39" VPOS="2012" HPOS="694"/>
							<String ID="string_179" HPOS="733" VPOS="2014" WIDTH="219" HEIGHT="38" WC="0.96" CONTENT="resterande"/><SP WIDTH="43" VPOS="2014" HPOS="952"/>
							<String ID="string_180" HPOS="995" VPOS="2014" WIDTH="138" HEIGHT="51" WC="0.96" CONTENT="belopp"/><SP WIDTH="40" VPOS="2014" HPOS="1133"/>
							<String ID="string_181" HPOS="1173" VPOS="2015" WIDTH="92" HEIGHT="50" WC="0.96" CONTENT="ingå"/><SP WIDTH="40" VPOS="2015" HPOS="1265"/>
							<String ID="string_182" HPOS="1305" VPOS="2016" WIDTH="83" HEIGHT="37" WC="0.96" CONTENT="icke"/><SP WIDTH="34" VPOS="2016" HPOS="1388"/>
							<String ID="string_183" HPOS="1422" VPOS="2016" WIDTH="228" HEIGHT="48" WC="0.95" CONTENT="debiterade,"/><SP WIDTH="39" VPOS="2016" HPOS="1650"/>
							<String ID="string_184" HPOS="1689" VPOS="2016" WIDTH="176" HEIGHT="38" WC="0.93" CONTENT="obetalda"/><SP WIDTH="28" VPOS="2016" HPOS="1865"/>
							<String ID="string_185" HPOS="1893" VPOS="2030" WIDTH="30" HEIGHT="23" WC="0.90" CONTENT="s."/><SP WIDTH="28" VPOS="2030" HPOS="1923"/>
							<String ID="string_186" HPOS="1951" VPOS="2017" WIDTH="36" HEIGHT="36" WC="0.92" CONTENT="k."/>
						</TextLine>
						<TextLine ID="line_27" HPOS="395" VPOS="2061" WIDTH="1591" HEIGHT="57">
							<String ID="string_187" HPOS="395" VPOS="2061" WIDTH="250" HEIGHT="51" WC="0.92" CONTENT="öfverräntor,"/><SP WIDTH="28" VPOS="2061" HPOS="645"/>
							<String ID="string_188" HPOS="673" VPOS="2078" WIDTH="84" HEIGHT="24" WC="0.96" CONTENT="som"/><SP WIDTH="28" VPOS="2078" HPOS="757"/>
							<String ID="string_189" HPOS="785" VPOS="2065" WIDTH="74" HEIGHT="38" WC="0.96" CONTENT="den"/><SP WIDTH="30" VPOS="2065" HPOS="859"/>
							<String ID="string_190" HPOS="889" VPOS="2068" WIDTH="18" HEIGHT="34" WC="0.95" CONTENT="1"/><SP WIDTH="25" VPOS="2068" HPOS="907"/>
							<String ID="string_191" HPOS="932" VPOS="2067" WIDTH="151" HEIGHT="49" WC="0.96" CONTENT="januari"/><SP WIDTH="24" VPOS="2067" HPOS="1083"/>
							<String ID="string_192" HPOS="1107" VPOS="2069" WIDTH="96" HEIGHT="35" WC="0.93" CONTENT="1899"/><SP WIDTH="20" VPOS="2069" HPOS="1203"/>
							<String ID="string_193" HPOS="1223" VPOS="2068" WIDTH="199" HEIGHT="50" WC="0.92" CONTENT="uppgingo"/><SP WIDTH="14" VPOS="2068" HPOS="1422"/>
							<String ID="string_194" HPOS="1436" VPOS="2068" WIDTH="59" HEIGHT="37" WC="0.93" CONTENT="till"/><SP WIDTH="16" VPOS="2068" HPOS="1495"/>
							<String ID="string_195" HPOS="1511" VPOS="2070" WIDTH="165" HEIGHT="47" WC="0.90" CONTENT="377,920"/><SP WIDTH="15" VPOS="2070" HPOS="1676"/>
							<String ID="string_196" HPOS="1691" VPOS="2069" WIDTH="141" HEIGHT="37" WC="0.96" CONTENT="kronor"/><SP WIDTH="14" VPOS="2069" HPOS="1832"/>
							<String ID="string_197" HPOS="1846" VPOS="2070" WIDTH="48" HEIGHT="35" WC="0.96" CONTENT="22"/><SP WIDTH="18" VPOS="2070" HPOS="1894"/>
							<String ID="string_198" HPOS="1912" VPOS="2073" WIDTH="74" HEIGHT="33" WC="0.96" CONTENT="öre."/>
						</TextLine>
					</TextBlock>
				</ComposedBlock>
				<GraphicalElement ID="cblock_7" HPOS="919" VPOS="1686" WIDTH="597" HEIGHT="8"></GraphicalElement >
			</PrintSpace>
		</Page>
	</Layout>
</alto>
