2244 2626
759 196 245 33 Statsutskottets
1028 196 172 33 Memorial
1224 196 62 32 N:o
1312 199 23 31 1.
1782 197 18 29 dö

380 275 148 38 Genom
571 275 80 37 dels
690 276 175 37 fortsatta
906 274 437 51 annuitetsbetalningar
1384 275 12 37 i
1440 274 172 51 enlighet
1640 275 85 37 med
1752 275 91 37 fast-

252 326 123 38 stälda
403 327 397 50 amortéringsplaner,
830 327 80 38 dels
939 333 108 32 extra
1076 326 243 50 amortering,
1349 327 79 37 dels
1456 327 72 37 ock
1555 327 229 50 försäljning
1807 327 41 37 af

251 379 252 49 obligationer
542 380 69 37 har
646 379 386 50 riksgäldskontorets
1060 379 257 50 kapitalskuld
1345 379 60 38 för
1432 379 46 37 de
1497 380 212 49 fonderade
1736 380 108 36 länen

251 430 120 38 under
399 434 40 34 år
469 433 97 36 1898
594 431 204 51 undergått
825 431 168 50 följande
1021 431 284 49 förändringar:

252 631 96 37 1860
372 631 62 36 års
449 631 217 48 premielån,
686 636 185 45 upptaget
891 635 79 32 mot
989 629 146 50 obliga-

302 682 126 38 tioner
456 686 20 33 å
506 684 204 47 2,400,000
747 682 133 48 thaler,
913 682 68 37 har
1014 695 122 24 amor-

303 740 118 32 terats
449 734 85 38 MCA
579 765 553 7 oossmnsessnrsessssnsrrsssrer
998 730 70 58 sinnen
1071 730 30 58 nen
1107 730 30 58 ann

305 786 72 38 och
404 786 220 49 derigenom
652 786 158 50 nedgått
836 785 59 38 till
925 817 226 5 .............

254 839 96 36 1880
377 838 63 37 års
468 839 55 36 till
549 839 27 36 3
594 846 21 38 +
628 846 147 40 procent
793 839 249 47 afstämplade
1061 838 78 47 län,

303 890 138 37 hvaraf
475 890 186 37 utfärdats
694 895 57 32 tre
785 889 232 48 emissioner,
1045 889 94 37 hvar

304 942 71 37 och
407 955 47 24 en
487 945 21 33 å
536 943 232 48 39,930,000
794 942 149 47 kronor,
971 946 167 32 motsva-

304 993 117 38 rande
450 995 204 47 2,200,000
682 1000 23 29 £
728 999 46 32 st.
796 994 92 37 eller
908 994 230 47 55,440,000

305 1047 126 36 francs
464 1045 91 38 eller
581 1047 232 48 44,880,000
839 1045 202 48 riksmark,
1069 1045 70 36 har

306 1102 224 33 amorterats
557 1098 87 37 Med
688 1128 447 7 osmmeecsesesscmsussss

307 1150 71 37 och
405 1149 220 50 derigenom
653 1151 185 36 minskats
866 1148 59 38 till
960 1180 191 5 ...........

256 1202 96 37 1886
392 1202 62 36 års
495 1203 60 43 33
588 1210 148 40 procent
769 1202 63 36 lån
860 1204 21 34 å
910 1201 229 47 72,000,000

305 1253 149 48 kronor,
471 1253 90 37 eller
577 1255 229 47 81,000,000
821 1251 199 49 riksmark,
1038 1252 101 36 hvar-

307 1305 42 37 af
371 1304 62 37 vid
462 1308 100 33 årets
590 1305 136 49 början
746 1318 67 24 var
830 1303 231 50 utelöpande
1085 1308 54 32 ett

307 1356 138 50 belopp
477 1357 41 37 af
546 1358 229 47 58,670,666
792 1352 15 58 '
813 1357 139 36 kronor
985 1357 48 35 66
1063 1360 76 43 öre,

306 1408 69 37 har
406 1412 224 34 amörterats
663 1408 86 38 med
793 1438 342 6 ...mmeeeeeecmemsss

308 1460 71 37 och
399 1460 217 49 derigenom
635 1461 159 49 nedgått
812 1459 57 38 till
891 1490 261 6 ....................

258 1513 97 37 1887
395 1512 63 36 års
490 1513 26 36 3
536 1518 36 39 +,
608 1520 148 41 procent
789 1513 60 35 lån
886 1516 80 32 mot
994 1510 144 50 obliga-

306 1564 137 48 tioner,
464 1564 264 49 ouppsägbara
746 1564 84 37 från
845 1563 294 37 innehafvarens

309 1616 93 47 sida,
440 1616 138 36 hvaraf
600 1615 64 37 vid
696 1617 96 36 1898
823 1618 60 34 års
910 1615 136 49 början
1073 1627 69 24 var

309 1667 213 37 emitteradt
564 1672 54 32 ett
659 1667 137 50 belopp
838 1667 41 36 af
908 1667 232 47 48,759,500

309 1719 152 47 kronor,
493 1719 70 36 har
595 1719 121 36 under
744 1722 80 34 året
851 1731 141 36 genom
1019 1722 118 44 ytter-

308 1770 122 48 ligare
457 1770 231 49 försäljning
707 1771 42 36 af
763 1769 248 50 obligationer
1031 1772 22 33 å
1070 1768 73 37 till-

310 1822 100 49 hopa
438 1823 139 47 39,500
604 1822 139 36 kronor
770 1822 109 37 ökats
907 1820 58 37 till
1014 1852 145 5 ........

261 1874 98 36 1888
401 1874 61 36 ars
496 1875 26 35 3
559 1882 147 40 procent
743 1874 74 47 lån,
850 1872 184 38 likaledes
1062 1877 81 32 mot

312 1924 261 50 obligationer,
615 1924 79 37 från
737 1925 296 37 innehafvarens
1063 1924 82 37 sida

303 1977 274 49 ouppsägbara,
591 1980 20 33 å
621 1976 294 50 ursprungligen
923 1977 228 46 26,666,666

310 2028 142 37 kronor
480 2030 45 35 67
544 2034 75 42 öre,
636 2028 265 37 motsvarande
918 2029 228 46 30,000,000

310 2079 188 37 riksmark
538 2079 92 37 eller
673 2081 202 46 1,470,000
919 2083 23 28 £
979 2083 46 31 st.
1055 2078 91 36 eller

313 2133 230 45 37,020,000
571 2131 136 46 franes,
736 2131 67 36 har
830 2130 121 36 under
978 2132 40 33 år
1045 2130 97 35 1898

313 2195 139 36 genom
481 2182 239 49 annullering
744 2182 42 36 af
800 2182 140 36 fonden
959 2181 59 36 för
1037 2185 107 31 extra

773 2234 207 58 Transport
1007 2234 158 44 kronor

1276 556 114 40 Kronor.
1627 559 115 27 Kronor.

1206 734 174 47 112,222:
1400 743 43 26 22

1159 766 72 71 menn
1243 816 14 5 rr
1274 815 169 6 Rnenelder
1643 785 125 46 8,888:
1789 794 42 26 39

1170 1096 212 49 1,524,600:
1398 1117 50 6 —

1158 1130 286 70 pmrgatsaresessrgenprenann
1504 1148 265 48 100,296,900:
1787 1168 49 5 —

1206 1408 176 47 242,222:
1402 1418 42 26 22

1159 1490 99 5 ers
1279 1488 166 7 anses
1528 1459 241 47 58,428,444:
1789 1467 43 27 44

1166 1851 190 6 estssessssskese
1367 1852 13 4 re
1403 1852 58 4 lenenn
1545 1821 241 46 48,799,000:
1804 1840 47 4 —

1178 2234 248 55 1,879,044:
1419 2227 49 69 44
1472 2231 310 57 —207,533,233:
1799 2232 53 42 33
