1894 2804
271 151 40 30 32
703 152 276 30 Statsutskottets
1002 152 174 30 utlåtande
1196 162 42 20 nr
1270 154 69 29 141.

319 238 270 31 Industrisilvers
607 239 117 29 adress
741 239 39 29 är
798 237 324 36 Hantverkargatan
1139 238 18 29 5
1176 237 10 29 i
1207 237 210 34 Stockholm,
1436 236 31 30 d.
1488 244 30 21 v.
1537 245 25 20 s.
1580 239 113 33 mynt-
1710 235 67 31 och

273 289 321 36 justeringsverkets
622 290 75 29 hus.
730 288 54 31 Då
812 288 204 36 föreningen
1043 287 103 36 enligt
1174 286 235 37 myntverkets
1437 286 237 36 räkenskaper
1701 285 77 30 icke

274 341 106 35 erlagt
403 339 113 36 någon
539 340 87 35 hyra
650 339 50 30 till
723 339 117 29 verket
862 338 56 30 för
939 338 104 36 lokal,
1066 337 108 31 måste
1195 340 143 32 antagas
1363 340 48 27 att
1433 336 221 36 föreningens
1677 345 99 27 expe-

275 390 259 30 ditionslokaler
556 389 246 30 sammanfalla
825 389 79 29 med
925 388 314 36 myntdirektörens
1263 388 66 29 och
1352 387 75 30 dess
1449 386 227 37 lagerlokaler
1698 386 79 30 med

274 441 243 36 myntverkets.

319 491 113 36 Enligt
470 491 66 29 vad
572 489 214 31 revisorerna
822 489 171 29 inhämtat
1017 487 210 36 ombesörjes
1255 487 219 35 föreningens
1499 486 279 36 korrespondens

275 541 46 36 på
340 540 312 37 myntdirektörens
673 540 159 35 uppdrag
854 548 42 21 av
918 538 180 35 Lindberg.
1122 537 48 31 De
1192 537 241 36 silverpartier,
1455 546 75 21 som
1552 536 162 36 försäljas
1736 545 42 22 av

277 591 263 35 Industrisilver,
570 591 180 29 avhämtas
781 599 42 20 av
852 589 256 30 vederbörande
1137 589 132 35 köpare
1297 587 111 30 direkt
1436 587 80 31 från
1543 587 235 36 myntverkets

276 642 127 30 förråd.
429 641 194 36 Utvägning
644 640 80 30 från
746 640 234 36 myntverkets
1005 638 117 30 förråd
1145 647 42 21 av
1210 637 279 36 silverpartierna
1513 636 200 31 verkställes
1736 645 43 22 av

276 692 232 36 myntverkets
530 691 159 36 personal
708 689 115 31 såsom
845 688 291 37 tjänstegöromål.

320 742 216 37 Myntverket
563 742 63 29 har
650 740 111 31 under
787 739 38 31 år
854 740 80 29 1941
966 738 50 30 till
1044 737 254 31 Industrisilver
1323 737 123 31 försålt
1472 738 96 35 6,782
1594 738 46 35 kg
1667 737 111 35 silver,

277 803 103 21 varav
400 793 95 35 6,104
516 793 44 35 kg
580 791 50 30 till
652 792 38 29 61
712 791 129 29 kronor
862 790 54 30 för
935 790 45 35 kg
1002 790 64 29 och
1087 789 63 29 678
1170 788 46 36 kg
1236 788 55 30 för
1312 789 40 29 68
1373 789 130 29 kronor
1522 787 55 30 för
1597 788 53 35 kg.
1673 788 106 30 Dessa

276 844 109 36 priser
413 847 176 26 motsvara
618 842 134 29 verkets
783 841 56 29 vid
869 839 95 36 varje
994 839 162 36 tidpunkt
1185 838 159 36 gällande
1373 838 198 36 inköpspris
1600 838 55 30 för
1683 837 96 30 inom

279 894 113 31 landet
412 894 161 35 uppköpt
595 892 110 30 silver.

318 943 63 30 Vid
402 942 52 30 sin
477 941 205 37 försäljning
704 940 64 29 har
790 938 202 36 föreningen
1013 937 254 30 Industrisilver
1288 938 109 29 under
1418 937 126 39 början
1567 947 41 20 av
1631 936 73 32 året
1725 937 55 30 be-

274 994 108 35 tingat
406 993 49 36 sig
479 995 46 27 ett
547 992 69 36 pris
638 1001 42 20 av
702 992 38 28 71
767 990 128 30 kronor
917 989 54 30 för
992 989 45 35 kg
1060 988 56 30 vid
1140 988 206 38 försäljning
1369 998 41 20 av
1434 991 116 33 poster
1573 988 207 36 överstigan-

275 1045 40 30 de
335 1046 40 28 25
395 1044 45 36 kg
460 1044 65 29 och
548 1044 39 28 76
608 1042 128 30 kronor
756 1040 56 31 för
828 1040 45 36 kg
890 1040 58 30 vid
967 1039 204 38 försäljning
1192 1049 42 20 av
1252 1039 136 29 mindre
1406 1041 124 34 poster.
1552 1039 74 30 Den
1645 1040 39 28 21
1706 1038 76 39 juni

279 1096 79 29 1941
381 1095 108 30 beslöt
507 1093 219 36 föreningens
745 1091 140 37 styrelse
904 1090 83 39 höja
1006 1090 97 30 dessa
1121 1089 107 36 priser
1247 1090 79 29 med
1346 1090 18 30 5
1385 1090 130 29 kronor
1534 1089 55 30 för
1607 1089 54 36 kg.
1683 1089 99 30 Vissa

275 1146 189 30 avvikelser
487 1143 78 31 från
587 1143 152 31 nämnda
764 1142 107 36 priser
894 1142 90 29 hava
1007 1141 9 29 i
1039 1140 166 30 särskilda
1230 1140 62 30 fall
1315 1140 189 36 medgivits,
1529 1140 174 36 nämligen
1727 1139 55 31 för

275 1196 56 31 två
350 1206 23 20 s.
395 1197 31 29 k.
449 1193 404 38 kompensationsinköp.
874 1193 14 29 I
909 1194 85 28 stort
1016 1194 61 27 sett
1097 1191 145 29 innebär
1259 1191 151 29 nämnda
1429 1190 224 37 prissättning
1671 1189 110 36 alltså,

276 1251 48 26 att
344 1247 201 35 föreningen
562 1245 151 36 betingat
730 1244 49 36 sig
799 1246 46 27 ett
864 1243 81 36 pris,
966 1252 74 20 som
1060 1241 172 36 öÖöverstigit
1251 1241 219 36 föreningens
1488 1241 198 36 inköpspris
1704 1241 79 30 med

279 1300 38 29 10
343 1298 78 30 eller
450 1298 38 29 15
512 1297 129 29 kronor
666 1304 61 28 per
749 1295 46 35 kg
817 1293 150 35 råsilver,
993 1292 43 31 då
1061 1292 347 38 försäljningsposten
1432 1291 146 37 uppgått
1603 1291 50 30 till
1678 1291 105 30 minst

277 1350 40 29 25
341 1350 43 35 kg
408 1351 88 27 samt
519 1348 78 29 med
622 1347 37 30 15
680 1346 82 31 eller
785 1346 40 29 20
849 1345 130 29 kronor
1002 1352 60 27 per
1084 1343 45 36 kg
1151 1343 57 30 vid
1229 1342 205 39 försäljning
1454 1342 11 29 i
1488 1342 135 30 mindre
1644 1342 138 36 partier.

321 1400 73 30 Den
421 1401 36 28 17
486 1398 186 30 november
699 1397 80 29 1941
805 1395 108 30 beslöt
936 1394 201 36 föreningen
1160 1393 263 35 Industrisilver,
1449 1396 49 27 att
1520 1391 196 37 återbäring
1742 1402 42 21 av

277 1451 108 29 under
405 1449 72 31 året
495 1449 239 36 uppkommen
754 1445 185 31 nettovinst
958 1445 108 30 skulle
1084 1444 59 30 ske
1164 1444 54 30 för
1239 1443 158 36 samtliga
1417 1443 69 36 köp
1508 1444 78 29 med
1606 1443 178 36 undantag

278 1512 41 20 av
336 1502 40 30 de
392 1500 56 31 två
465 1511 26 20 s.
511 1501 33 29 k.
564 1497 410 38 kompensationsköpen.
995 1495 47 31 På
1059 1495 110 36 grund
1186 1495 110 29 härav
1311 1494 180 30 utbetaltes
1508 1494 66 30 den
1591 1495 38 29 31
1650 1494 133 30 decem-

277 1553 60 29 ber
362 1553 79 29 1941
466 1551 49 30 till
537 1550 219 35 föreningens
779 1548 224 30 medlemmar
1026 1547 114 34 58,921
1164 1546 131 29 kronor
1316 1546 41 29 68
1376 1546 57 29 öre
1452 1543 114 32 såsom
1587 1544 197 36 återbäring

278 1603 20 30 å
325 1603 143 35 inköpta
497 1602 143 35 5,041.75
667 1600 45 36 kg
739 1599 110 30 silver.
877 1598 64 30 Till
968 1597 317 30 icke-medlemmar
1314 1595 232 30 reserverades
1572 1595 10 30 i
1611 1595 175 30 bokslutet

281 1655 93 34 1,603
393 1654 129 29 kronor
541 1653 41 29 34
603 1653 56 28 öre
680 1650 116 31 såsom
815 1648 196 36 återbäring
1030 1647 21 30 å
1067 1648 143 35 inköpta
1232 1648 106 29 137.21
1359 1647 43 35 kg
1422 1646 102 30 silver
1544 1649 48 27 att
1611 1647 173 35 gottgöras

279 1706 9 29 i
313 1704 168 31 samband
504 1703 78 30 med
608 1702 144 30 likvider
776 1701 110 30 under
907 1699 39 31 år
972 1699 93 30 1942.
1088 1697 52 31 Då
1161 1697 239 36 återbäringen
1422 1697 194 30 verkställts
1640 1696 78 30 med
1746 1697 36 29 11

278 1757 128 29 kronor
427 1756 42 29 68
492 1756 57 28 öre
572 1753 55 30 för
649 1753 45 36 kg
715 1753 65 29 har
800 1750 145 31 sålunda
964 1748 233 36 förekommit,
1220 1751 49 27 att
1289 1748 57 30 vid
1367 1747 105 37 inköp
1496 1757 42 21 av
1560 1747 128 36 partier
1711 1746 74 31 före

279 1816 88 21 ovan
394 1805 153 31 nämnda
574 1802 284 38 prisförhöjning,
884 1801 20 31 å
929 1801 93 29 vilka
1047 1799 254 30 Industrisilver
1327 1798 264 37 ursprungligen
1615 1798 171 30 beräknat

282 1859 38 28 10
351 1857 145 30 kronors
529 1853 325 40 försäljningsvinst,
885 1852 131 36 köpare
1046 1850 157 36 slutligen
1234 1849 135 31 erhållit
1399 1849 116 30 silvret
1545 1848 54 31 för
1630 1848 156 36 billigare

279 1908 69 36 pris
371 1910 42 28 än
437 1906 233 37 myntverkets
692 1903 208 37 inköpspris.

324 1959 224 30 Revisorerna
575 1957 90 29 hava
690 1955 90 38 gjort
806 1953 153 39 följande
985 1953 175 29 allmänna
1187 1951 185 30 uttalande.

324 2018 224 30 Revisorerna
575 2016 98 30 finna
699 2015 57 30 det
782 2013 217 37 synnerligen
1027 2011 335 36 anmärkningsvärt,
1390 2013 48 27 att
1463 2010 110 30 Grabe
1600 2012 110 28 ansett
1738 2008 50 37 sig

279 2061 128 35 kunna,
435 2060 44 36 på
506 2061 66 28 sätt
598 2060 63 28 här
685 2058 98 34 skett,
807 2056 150 36 utnyttja
984 2055 52 30 sin
1060 2054 160 36 ställning
1246 2053 114 30 såsom
1385 2052 251 37 myntdirektör
1662 2052 49 29 till
1738 2053 49 28 att

280 2104 123 31 bereda
425 2103 50 36 sig
495 2101 226 31 ekonomiska
742 2100 160 30 fördelar.
924 2097 343 37 Inköpsföreningen,
1291 2096 9 29 i
1323 2095 114 30 vilken
1459 2095 36 30 G.
1517 2096 38 29 är
1576 2093 211 32 ordförande

279 2147 65 29 och
366 2145 252 31 verkställande
637 2143 160 34 ledamot,
817 2143 64 29 har
901 2151 42 20 av
962 2142 129 28 honom
1109 2138 114 31 såsom
1243 2138 80 30 chef
1342 2138 54 30 för
1413 2137 218 38 myntverket
1650 2135 137 31 erhållit

280 2189 100 30 silver
404 2188 50 30 till
477 2187 133 30 verkets
638 2185 198 36 inköpspris
863 2193 80 21 men
970 2183 56 30 vid
1053 2181 279 37 återförsäljning
1357 2181 48 29 till
1432 2180 272 30 medlemmarna
1732 2178 54 29 be-

282 2232 105 35 tingat
414 2231 48 35 sig
487 2233 46 27 ett
557 2230 156 29 avsevärt
736 2228 106 35 högre
867 2226 80 37 pris.
976 2225 209 36 Härigenom
1210 2225 63 28 har
1300 2223 202 35 föreningen
1529 2221 137 30 tillförts
1693 2221 93 35 bety-

280 2274 112 30 dande
415 2273 199 34 inkomster,
639 2271 106 29 vilket
767 2268 211 39 möjliggjort
1001 2267 54 31 för
1079 2267 36 30 G.
1140 2269 47 27 att
1211 2265 79 31 från
1312 2266 111 29 denna
1448 2264 87 37 lyfta
1559 2263 229 35 ersättningar

283 2327 72 20 som
383 2318 74 30 icke
483 2316 52 31 stå
561 2317 9 28 i
595 2315 112 35 rimlig
732 2313 202 37 proportion
958 2312 50 29 till
1033 2312 41 29 de
1097 2310 176 35 uppgifter
1297 2310 70 28 han
1392 2307 104 36 åtagit
1521 2307 49 35 sig
1596 2306 94 30 inom
1718 2305 67 29 för-

281 2358 144 36 eningen
447 2358 66 30 och
537 2366 74 21 som
632 2354 147 31 framstå
799 2354 38 31 så
857 2353 137 37 mycket
1016 2351 235 36 betänkligare
1274 2360 74 20 som
1369 2350 69 30 han
1460 2350 65 29 har
1546 2351 49 28 att
1617 2349 72 29 mot
1708 2346 80 30 dem

281 2410 74 21 som
380 2399 79 31 från
483 2399 216 37 myntverket
725 2397 131 34 inköpa
883 2396 101 30 silver
1009 2394 173 31 företräda
1210 2396 127 27 statens
1365 2392 176 30 intressen.

325 2442 295 36 Myntdirektören
644 2440 128 31 Grabes
796 2438 211 37 åtgöranden
1027 2437 10 29 i
1061 2437 111 29 denna
1196 2436 63 30 sak
1281 2435 98 30 finna
1401 2434 214 30 revisorerna
1639 2440 83 21 vara
1745 2440 43 21 av

286 2486 60 30 den
367 2485 177 36 allvarliga
563 2482 254 35 beskaffenhet,
840 2484 48 27 att
911 2481 42 30 de
973 2481 111 28 ansett
1103 2478 49 36 sig
1170 2479 86 29 böra
1277 2477 55 30 för
1352 2476 185 36 riksdagen
1558 2473 139 32 anmäla
1718 2472 69 31 för-

280 2528 185 31 hållandet.
