1900 2808
561 152 274 31 Statsutskottets
859 152 177 31 utlåtande
1057 162 42 22 nr
1126 153 69 29 141.
1591 147 38 29 13

122 237 174 36 8,273,316
322 238 129 30 kronor
476 237 65 30 och
568 237 54 30 för
647 236 200 37 budgetåret
874 232 142 35 1941/42
1044 236 50 31 till
1121 237 174 35 8,797,355
1323 237 138 29 kronor.
1489 235 13 30 I
1530 236 98 30 dessa

121 288 141 37 utgifter
282 288 138 37 ingingo
442 288 188 30 kostnader
649 288 55 30 för
724 287 196 38 bevakning
941 297 42 20 av
1005 288 149 29 hamnar
1173 287 111 30 under
1302 286 203 36 budgetåret
1529 282 97 34 1940/

123 340 38 29 41
185 339 81 30 med
288 340 173 35 2,108,078
484 339 128 29 kronor
636 339 65 29 och
723 338 109 30 under
854 337 203 37 budgetåret
1084 334 142 33 1941/42
1248 338 78 29 med
1351 337 174 36 2,613,639
1548 337 77 30 kro-

121 399 74 22 nor.
225 390 160 30 Nämnda
413 389 188 30 kostnader
627 390 91 29 hava
746 388 131 31 således
905 388 112 31 under
1055 388 233 30 sistförflutna
1326 386 169 38 budgetår
1533 396 93 21 avse-

122 440 76 31 värt
218 439 100 37 stigit.

166 491 226 30 Revisorerna
414 492 91 29 hava
529 490 128 30 erinrat
679 500 57 20 om
760 492 48 28 att
834 490 81 30 1941
942 489 54 31 års
1020 489 168 30 revisorer
1210 488 195 31 framhållit
1429 488 42 31 de
1492 488 134 37 möjlig-

121 543 97 30 heter
235 542 50 30 till
302 542 260 36 nedbringande
580 551 41 21 av
640 541 234 31 kostnaderna
891 540 55 30 för
962 540 267 36 ifrågavarande
1246 539 174 36 ändamål,
1439 548 75 21 som
1531 538 97 31 torde

122 593 52 31 stå
193 596 50 27 att
263 593 105 30 vinna
386 601 126 28 genom
530 595 49 27 att
597 592 67 30 den
684 591 326 36 ifrågakommande
1028 590 332 37 polisbevakningen
1381 589 246 37 överflyttades

122 643 21 32 å
158 644 183 31 tullverket
358 644 66 30 och
442 645 76 29 dess
535 643 170 36 personal.
725 642 74 30 Den
816 651 42 21 av
875 641 214 30 revisorerna
1106 651 47 20 nu
1173 641 210 30 verkställda
1399 639 229 37 utredningen

122 694 132 31 utvisar
275 693 199 36 emellertid,
498 696 49 28 att
570 693 198 30 tullverkets
791 693 161 35 personal
973 692 122 30 endast
1120 692 9 29 i
1153 694 121 34 ytterst
1296 691 98 36 ringa
1418 690 211 36 omfattning

122 745 100 37 tagits
245 745 10 30 i
276 744 152 37 anspråk
450 744 55 30 för
524 744 147 31 berörda
691 742 172 32 ändamål.
886 742 226 31 Revisorerna
1134 742 91 30 hava
1246 741 117 30 vidare
1384 741 178 36 upprättat
1584 750 43 21 en

123 795 333 36 sammanställning,
483 794 182 31 utvisande
691 794 66 30 den
783 793 250 36 utsträckning,
1060 793 10 29 i
1098 792 116 30 vilken
1240 792 174 30 ordinarie
1441 792 66 30 och
1532 793 96 28 extra

122 846 174 31 ordinarie
325 845 342 37 befattningshavare
695 844 11 30 i
735 844 184 31 tullverket
946 844 111 30 under
1084 842 203 37 budgetåret
1317 838 142 34 1941/42
1489 841 138 31 anlitats

123 897 55 31 för
198 896 197 37 bevakning
415 905 43 21 av
480 897 159 30 hamnar.

167 947 226 31 Revisorerna
409 948 91 30 hava
519 946 150 31 därefter
688 946 89 36 gjort
795 945 156 36 följande
971 944 176 31 allmänna
1165 944 188 31 uttalande.

168 1007 121 31 Såsom
306 1016 42 21 av
365 1008 56 29 det
438 1006 246 31 ovannämnda
701 1004 154 37 framgår
872 1004 160 31 erinrade
1051 1004 80 30 1941
1153 1003 55 31 års
1224 1003 167 30 revisorer
1409 1012 57 20 om
1484 1003 41 29 de
1540 1001 86 36 möj-

123 1050 143 36 ligheter
292 1049 49 30 till
368 1049 260 36 nedbringande
653 1057 43 21 av
722 1047 235 30 kostnaderna
984 1046 57 30 för
1065 1045 316 36 hamnbevakning,
1409 1054 75 20 som
1513 1048 115 32 syntes

122 1092 54 31 stå
194 1095 49 27 att
262 1092 105 30 vinna
387 1100 124 28 genom
531 1094 50 27 att
597 1090 240 36 bevakningen
857 1089 247 36 överflyttades
1126 1088 20 31 å
1166 1088 183 30 tullverket
1369 1088 66 29 och
1456 1087 76 30 dess
1553 1095 74 27 per-

123 1135 107 30 sonal.
260 1134 238 30 Innevarande
528 1133 55 31 års
609 1133 168 30 revisorer
803 1133 91 29 hava
920 1131 191 30 emellertid
1136 1130 59 30 vid
1221 1129 53 31 sin
1302 1129 213 37 granskning
1540 1138 86 27 upp-

122 1178 261 34 märksammat,
409 1180 48 27 att
481 1176 198 30 tullverkets
704 1176 160 35 personal
887 1174 10 30 i
921 1176 121 34 ytterst
1064 1173 99 36 ringa
1186 1172 209 37 omfattning
1418 1175 93 33 tages
1534 1171 11 29 i
1568 1180 59 21 an-

123 1219 106 37 språk
257 1219 56 30 för
340 1218 265 37 ifrågavarande
632 1216 400 37 bevakningsuppgifter.

167 1262 224 37 Synnerligen
409 1260 327 36 anmärkningsvärt
754 1269 99 27 synes
872 1260 57 29 det
948 1259 224 34 revisorerna,
1192 1260 49 28 att
1261 1257 67 30 den
1346 1256 57 31 vid
1423 1256 91 30 vissa
1531 1264 95 22 norr-

123 1306 147 29 ländska
291 1305 150 30 hamnar
462 1303 229 31 stationerade
712 1302 270 36 tullpersonalen
1006 1301 75 30 icke
1102 1301 11 29 i
1137 1301 109 29 större
1267 1298 240 37 utsträckning
1528 1297 100 37 tagits

122 1348 10 29 i
154 1347 152 36 anspråk
328 1347 54 30 för
401 1346 196 36 bevakning
618 1355 42 20 av
681 1354 134 21 samma
834 1345 149 29 hamnar
1002 1344 112 30 under
1133 1341 162 31 vintertid
1316 1344 85 27 utan
1422 1344 49 27 att
1492 1341 56 29 för
1568 1341 59 29 än-

122 1390 151 30 damålet
297 1389 137 30 anlitats
460 1388 148 31 särskild
630 1387 259 37 polispersonal.
915 1386 126 29 Vidare
1063 1394 83 21 anse
1167 1384 215 30 revisorerna
1404 1386 59 33 att,
1487 1383 65 29 när
1573 1382 55 30 för

122 1431 380 37 bevakningsändamål
531 1430 224 36 tullpersonal
782 1429 113 30 finnes
925 1427 198 37 tillgänglig,
1151 1427 114 29 denna
1292 1426 161 36 personal
1480 1424 11 30 i
1519 1424 109 30 första

122 1476 95 30 hand
243 1475 88 29 skall
356 1477 95 32 tagas
479 1473 10 30 i
515 1472 162 36 anspråk,
702 1472 87 29 även
812 1481 57 20 om
896 1471 92 29 detta
1014 1469 198 30 föranleder
1235 1471 48 27 att
1308 1467 146 35 tidigare
1480 1466 148 30 anställd

122 1521 97 27 extra
245 1516 251 37 polispersonal
523 1515 109 30 måste
658 1514 195 35 entledigas.
882 1512 132 30 Genom
1039 1514 46 27 ett
1114 1511 124 30 sådant
1263 1509 268 36 förfaringssätt,
1561 1508 68 30 rätt

122 1559 176 37 utnyttjat,
326 1559 110 30 skulle
462 1558 105 35 enligt
592 1557 66 29 vad
684 1556 213 30 revisorerna
923 1554 163 30 förvissat
1113 1553 50 36 sig
1188 1562 58 20 om
1273 1551 354 36 bevakningskostna-

123 1603 107 30 derna
248 1602 10 29 i
278 1602 86 29 flera
382 1601 62 30 fall
462 1601 135 29 kunnat
614 1599 157 30 avsevärt
788 1597 218 36 nedbringas.
1027 1596 166 36 Slutligen
1212 1596 90 29 hava
1320 1594 215 30 revisorerna
1553 1592 76 31 icke

123 1646 135 29 kunnat
278 1643 117 36 undgå
417 1646 49 27 att
488 1643 98 35 lägga
608 1642 120 29 märke
751 1640 49 30 till
825 1643 49 27 att
897 1638 165 36 åtskilligt
1087 1638 123 30 brister
1240 1637 5 30 i
1270 1637 208 30 samarbetet
1501 1635 128 30 mellan

123 1687 296 37 myndigheterna,
443 1686 63 29 när
528 1686 56 29 det
605 1684 105 36 gäller
732 1686 48 27 att
803 1683 110 29 ordna
935 1680 351 35 hamnbevakningen
1308 1678 46 37 på
1376 1680 57 30 det
1455 1678 55 30 för
1530 1680 96 27 stats-

123 1730 117 30 verket
260 1729 168 35 billigaste
450 1729 110 29 sättet.

167 1772 235 34 Revisorerna,
434 1780 75 20 som
538 1770 61 29 äro
626 1778 42 21 av
697 1768 65 30 den
792 1766 270 37 uppfattningen
1092 1767 49 28 att
1170 1765 151 35 bestyret
1349 1763 80 30 med
1457 1761 169 37 ifrågava-

123 1815 108 30 rande
258 1813 196 35 bevakning
483 1813 64 29 bör
575 1812 9 29 i
613 1810 165 36 betydligt
807 1811 109 28 större
943 1807 241 36 utsträckning
1212 1807 45 28 än
1285 1815 74 20 som
1390 1805 120 29 hittills
1540 1805 88 29 skett

123 1857 201 35 överflyttas
352 1855 20 31 å
396 1855 182 30 tullverket
603 1854 64 29 och
694 1853 75 29 dess
793 1851 171 36 personal,
991 1851 90 29 hava
1106 1849 89 29 velat
1219 1847 122 36 bringa
1365 1847 43 30 de
1432 1856 47 20 nu
1506 1846 121 36 gjorda

124 1899 265 36 iakttagelserna
416 1897 50 29 till
496 1896 200 35 riksdagens
724 1894 208 30 kännedom.

166 1974 190 31 Yttranden
378 1974 91 29 hava
492 1971 142 36 avgivits
658 1980 41 21 av
722 1966 381 40 generaltullstyrelsen,
1128 1962 414 33 överståthållarämbetet
1563 1962 65 31 och

123 2024 284 37 länsstyrelserna
436 2020 76 40 (Del
538 2022 39 36 II,
604 2021 60 30 sid.
691 2016 155 39 31—38).
873 2019 13 29 I
913 2018 99 36 fråga
1035 2027 56 20 om
1116 2016 301 35 länsstyrelsernas
1444 2014 183 36 yttranden

124 2078 89 29 hava
237 2076 121 29 endast
379 2074 91 30 vissa
491 2083 42 20 av
555 2074 98 29 dessa
674 2071 194 30 befordrats
891 2069 50 30 till
965 2069 142 35 trycket.
1132 2067 49 29 De
1204 2067 9 29 i
1235 2066 140 29 ärendet
1398 2065 111 30 hörda
1530 2073 96 26 myn-

124 2127 201 36 digheterna
352 2126 90 29 hava
466 2124 11 29 i
504 2123 189 30 allmänhet
718 2120 140 31 anslutit
884 2120 49 35 sig
960 2119 50 29 till
1038 2118 231 30 revisorernas
1297 2116 137 35 förslag.
1462 2116 49 28 Av
1538 2114 90 30 vissa

123 2177 253 35 länsstyrelsers
396 2175 184 36 yttranden
601 2172 162 36 framgår,
784 2175 47 26 att
851 2171 41 29 de
913 2180 42 20 av
975 2169 213 30 revisorerna
1209 2167 217 30 framställda
1447 2164 180 31 önskemå-

123 2228 56 29 len
202 2227 106 29 redan
333 2225 167 30 beaktats.

168 2326 225 31 Revisorerna
417 2325 91 28 hava
531 2322 128 30 erinrat
682 2331 56 19 om
761 2323 49 27 att
838 2320 79 29 1941
945 2318 54 30 års
1024 2317 166 30 revisorer
1215 2315 191 30 framhållit
1429 2315 41 29 de
1494 2313 132 36 möjlig-

124 2380 94 29 heter
248 2376 48 30 till
321 2373 259 35 nedbringande
607 2381 41 20 av
673 2370 234 30 kostnaderna
935 2368 55 29 för
1015 2365 315 35 hamnbevakning,
1358 2374 74 19 som
1459 2364 95 29 stode
1580 2366 49 27 att

125 2429 104 29 vinna
256 2435 122 27 genom
407 2428 49 26 att
485 2424 64 29 den
579 2421 263 35 ifrågavarande
868 2417 331 38 polisbevakningen
1228 2415 245 35 överflyttades
1505 2414 19 30 å
1553 2413 73 30 tull-

124 2479 125 30 verket.
276 2477 72 29 Den
374 2485 41 20 av
439 2474 212 30 revisorerna
678 2481 45 20 nu
749 2469 208 30 verkställda
984 2466 303 34 undersökningen
1312 2464 139 36 utvisar,
1478 2467 49 26 att
1554 2464 72 29 tull-

1680 2314 124 24 Utskottet.
