1874 2848
553 174 256 32 Statsutskottets
831 175 168 31 utlåtande
1023 174 53 31 Nr
1099 176 52 28 87.
1559 173 42 30 63

324 255 26 30 I.
387 254 317 40 Avlöningsstater
727 255 56 30 för
806 255 223 39 professorer
1053 255 68 30 och
1145 254 117 30 lärare
1286 262 43 21 m.
1353 253 34 30 fl.

116 428 37 27 A.
172 428 261 34 Avlöningsstat
446 429 52 27 för
508 429 211 33 professorer
729 436 40 20 m.
778 429 31 27 fl.
819 423 519 61 IT
1386 423 154 61 Kronor

140 656 28 27 3.
206 656 59 27 För
293 656 158 36 professor
475 657 92 35 utgör
591 656 208 36 pensionsun-

206 700 142 37 derlaget
378 700 96 34 8,000
503 701 116 27 kronor
642 701 59 27 och
725 709 72 27 pen-

206 744 232 38 sionsavgiften
473 745 63 28 480
568 745 124 28 kronor.
741 745 60 28 För

206 790 184 27 observator
429 802 35 3 —
494 803 35 3 —
561 803 35 2 —
629 803 32 3 —
694 802 29 4 =
758 803 42 3 —

206 847 42 3 —
272 847 43 3 —
338 847 44 4 —
408 834 96 33 6,000
530 835 124 27 kronor.

335 908 34 26 B.
396 907 200 33 Stipendier.

141 966 39 28 37
207 967 301 36 docentstipendier,
534 967 149 28 vartdera
700 966 19 28 å
734 967 66 27 kro-

207 1019 57 19 nor
289 1012 107 33 7,000,
422 1020 97 18 varav
559 1024 42 3 —
625 1024 43 4 —
692 1024 41 3 —
759 1024 43 3 —
883 1006 48 43 NN
1052 1006 48 43 NN
1222 1006 48 43 EN
1386 1009 208 34 259,000:
1564 1005 33 43 —

1355 1099 182 58 1,137,662:
1555 1064 47 88 zo|

154 1218 31 43 3)
210 1221 151 40 följande
385 1221 128 42 förslag
536 1221 50 32 till

198 1303 316 39 Avlöningsstater
537 1303 56 29 för
616 1303 223 39 professorer
862 1304 68 29 och
953 1303 117 30 lärare
1094 1312 44 20 m.
1163 1303 34 29 fl.
1221 1302 60 30 vid
1305 1301 210 30 karolinska

569 1348 365 38 mediko-kirurgiska
957 1347 189 30 institutet.

1091 1413 343 107 I

1292 1542 113 25 Kronor
1423 1538 20 38 |
1459 1542 114 25 Kronor

164 1531 36 27 A.
220 1531 258 33 Avlöningsstat
497 1530 53 28 för
568 1531 211 34 professorer
797 1538 41 20 m.
852 1531 31 27 fl.

143 1716 27 28 2,
196 1729 714 4 Fr

143 1761 27 27 3.
196 1761 61 27 För
280 1761 158 36 professor
462 1762 92 36 utgör
569 1761 341 36 pensionsunderlaget

199 1806 96 34 8,000
320 1806 115 27 kronor
460 1806 58 27 och
535 1805 296 37 pensionsavgiften
845 1805 63 28 480

197 1851 123 27 kronor.
354 1850 60 28 För
430 1850 159 28 ordinarie
634 1863 17 4 —
687 1863 30 3 —
752 1863 32 3 —
817 1863 32 3 —
876 1863 34 3 —

197 1908 43 4 —
264 1908 42 3 —
331 1908 42 3 —
400 1895 95 34 6,000
520 1895 124 28 kronor.

211 1979 34 26 B.
273 1978 261 34 Avlöningsstat
552 1977 53 28 för
623 1977 204 28 assistenter

361 2022 63 28 och
446 2029 234 21 amanuenser.

353 2090 181 29 Medicinska
557 2090 137 29 kliniken.

146 2190 14 27 1
187 2197 175 20 amanuens
397 2211 511 7 .....s..ossrco
741 2186 119 43 sosse
872 2186 39 43 rt
1162 2202 41 3 —
1330 2189 96 34 3,000
1499 2189 96 34 3,000

146 2235 13 26 1
1330 2234 96 34 3,000]
1466 2228 16 46 —
1499 2234 97 34 3,000

352 2313 179 37 Kirurgiska
554 2314 136 28 kliniken.

147 2414 13 26 1
188 2422 175 19 amanuens
397 2434 511 8 ..........se.ss.o.cc
822 2410 90 43 soc.
991 2426 43 3 —
1161 2426 43 3 —
1330 2413 96 34 3,000
1499 2413 96 34 3,000

147 2458 13 27 1
274 2464 11 13 rear
497 2481 37 5 ee
556 2481 31 5 rr
609 2453 12 46 sr
638 2479 56 8 ser
716 2480 112 6 srt
851 2480 57 5 ses
1158 2452 46 46 ST
1330 2457 95 35 3,000]
1466 2452 16 46 —
1499 2457 96 35 3,000
