1876 2848
529 193 253 32 Statsutskottets
805 194 169 32 utlåtande
999 195 51 30 Nr
1074 198 52 28 87.
1540 198 41 29 59

409 271 110 33 linska
536 272 339 42 mediko-kirurgiska
892 273 164 33 institutet
1081 275 118 31 anvisa
1222 275 51 31 för
1285 275 198 41 budgetåret
1500 277 82 30 1925

410 326 130 31 —1926
566 329 46 28 ett
629 328 92 30 extra
745 326 118 41 anslag
887 337 41 21 av
954 328 118 38 84,513
1098 328 132 38 kronor,
1245 331 47 28 att
1317 328 78 32 med
1419 328 164 32 särskilda

410 378 121 41 belopp
560 390 42 21 av
627 379 125 41 Kungl.
779 379 98 41 Maj:t
900 380 174 32 användas
1098 381 54 31 för
1175 381 152 40 följande
1351 381 168 32 ändamål:

1470 445 113 24 Kronor

408 490 242 27 Arbetsbiträde
675 490 54 27 vid
754 491 188 27 biblioteket
967 514 31 4 ..
1021 513 406 7 ................
1485 493 97 34 2,208

409 533 114 28 Lärare
547 534 55 27 vid
623 534 246 36 propedeutiska
885 535 111 27 kurser
1012 535 9 26 i
1040 535 38 27 de
1096 535 172 37 viktigaste
1290 536 140 27 kliniska

454 578 446 36 undersökningsmetoderna.
912 601 514 6 ......s.ssso...soc
1366 574 63 45 vo.
1485 581 96 33 2,600

408 621 114 28 Lärare
545 622 56 27 vid
625 622 246 37 propedeutiska
895 623 109 28 kurser
1033 624 9 26 i
1072 624 119 27 allmän
1220 624 121 36 kirurgi
1370 625 59 27 och

453 666 10 27 i
493 666 119 28 allmän
644 667 285 36 sjukvårdsteknik.
941 690 487 6 ....osossosoosccc
1364 660 66 48 co.
1451 663 22 39 1
1486 669 95 34 2,700

409 710 197 29 Biträdande
629 711 101 28 lärare
754 712 8 27 i
789 712 139 27 medicin.
941 734 487 7 ..................
1486 714 95 34 8,000

409 755 195 28 Biträdande
629 755 100 29 lärare
752 757 11 26 i
788 757 120 36 kirurgi
941 779 487 6 ..oososscss
1236 751 65 47 css
1312 751 119 47 sov
1486 758 95 34 8,000

408 799 240 29 Underläkaren
676 801 55 27 vid
759 801 164 27 allmänna
949 801 176 28 barnhuset
1148 802 9 27 i
1179 801 184 29 Stockholm
1381 802 48 28 för

453 844 221 37 handledning
697 854 40 19 av
762 846 39 27 de
826 846 193 28 studerande
1047 869 380 5 .......o.o.scoccc-.
1519 847 62 27 900

408 888 197 28 Biträdande
629 889 100 28 lärare
753 890 11 26 i
784 890 144 36 ortopedi.
940 913 487 5 ......s....s.s.csc
1311 884 119 47 co.cc.
1486 891 95 34 3,600

407 933 222 27 Amanuenser
653 934 55 27 vid
732 934 62 27 den
819 934 198 28 medicinska
1040 935 274 36 undervisningen
1339 935 19 27 å
1382 935 47 28 S:t

451 977 93 27 Eriks
569 978 83 36 sjuk-
677 978 59 27 och
760 978 154 28 vårdhem
941 1001 487 6 .....sssosssosssos
1344 973 87 46 osv.
1485 980 96 34 3,600

407 1021 62 27 Till
493 1022 120 27 klinisk
637 1022 58 28 och
719 1023 186 36 poliklinisk
928 1024 260 36 undervisning
1175 1017 19 47 i
1212 1025 144 35 ortopedi
1373 1024 56 27 vid

453 1066 275 29 vanföranstalten
763 1068 10 27 i
799 1067 184 29 Stockholm
1007 1061 152 43 (arvoden
1183 1068 34 28 åt
1240 1077 186 26 amanuens,

452 1111 144 28 tekniskt
619 1112 124 28 biträde
766 1121 42 19 m.
827 1105 54 43 m.)
913 1135 514 6 ....................
1485 1113 96 34 5,850

407 1155 62 27 Till
500 1164 39 19 en
563 1156 169 36 poliklinik
756 1157 48 27 för
828 1157 269 37 barnsjukdomar
1121 1158 9 27 i
1156 1157 185 29 Stockholm
1365 1151 63 43 [(an-

452 1200 101 37 slaget
577 1201 92 36 utgår
689 1202 101 27 under
814 1201 233 38 förutsättning
1071 1204 49 26 att
1137 1202 202 28 Stockholms
1356 1203 73 27 stad

451 1244 48 28 för
528 1245 184 29 ändamålet
740 1246 177 36 tillskjuter
945 1255 123 19 samma
1092 1243 124 41 belopp)
1235 1270 193 5 ........
1485 1247 95 34 6,255

407 1289 186 28 Amanuens
622 1290 55 27 vid
705 1291 197 36 pediatriska
925 1291 211 37 polikliniken
1164 1292 19 27 å
1211 1292 217 36 kronprinses-

453 1342 57 19 san
534 1334 130 28 Lovisas
688 1334 202 29 vårdanstalt
913 1336 48 27 för
985 1336 95 37 sjuka
1103 1336 80 28 barn
1205 1332 158 41 (anslaget
1382 1338 46 26 ut-

451 1378 56 36 går
530 1379 101 27 under
655 1379 233 38 förutsättning
912 1382 48 26 att
984 1380 201 28 Stockholms
1210 1381 73 27 stad
1307 1381 48 27 för
1376 1382 52 26 än-

451 1423 141 28 damålet
615 1424 175 36 tillskjuter
814 1433 124 19 samma
965 1421 125 40 belopp).
1102 1448 326 5 ............
1487 1426 94 34 1,200

406 1466 349 39 Vaktmästargöromål
780 1469 56 27 vid
860 1470 202 27 anatomiska
1085 1470 229 28 institutionen
1341 1493 85 5 ....
1486 1471 94 34 1,200

574 1519 13 15 >
801 1521 12 15 »
857 1514 144 28 kemiska
1024 1514 228 28 institutionen
1287 1538 140 5 ......
1486 1515 94 34 1,200

575 1564 12 16 »
801 1566 12 15 »
857 1559 282 28 rättsmedicinska
1163 1559 227 28 institutionen
1422 1583 4 4 .
1486 1560 94 33 1,200

405 1601 62 27 Till
501 1603 241 36 vetenskapliga
774 1604 130 27 arbeten
938 1604 55 27 vid
1032 1606 48 26 ett
1114 1604 314 37 patologiskt-anato-

451 1646 99 28 miskt
573 1647 228 28 laboratorium
825 1648 57 27 vid
906 1647 230 38 Sabbatsbergs
1165 1649 136 36 sjukhus.
1314 1672 112 5 ....
1484 1649 96 34 4,000

405 1690 62 28 Till
504 1691 201 37 dagavgifter
737 1693 56 27 vid
829 1701 39 19 en
897 1693 175 37 pediatrisk
1097 1693 102 28 klinik
1223 1693 19 28 å
1266 1694 164 27 allmänna

405 1735 177 29 barnhuset
615 1759 811 7 .osooooossssees
1014 1731 99 45 sees
1123 1731 69 45 se.
1205 1731 68 45 sve
1284 1731 68 45 svs
1362 1731 69 45 ost
1462 1739 117 34 25,000

1155 1800 131 28 Summa
1310 1801 116 28 kronor
1461 1801 117 34 84,513

451 1846 18 32 1)
487 1839 25 33 Å
533 1847 79 26 detta
631 1849 98 32 anslag
748 1849 83 32 utgår
850 1849 61 26 icke
931 1849 221 33 dyrtidstillägg.

128 1890 198 33 Stockholm
351 1891 65 32 den
441 1893 19 31 8
485 1893 69 40 maj
583 1894 93 31 1925.

581 1973 48 32 På
653 1974 262 32 statsutskottets
942 1979 142 37 vägnar:

599 2045 181 32 ANDERS
807 2046 254 32 ANDERSON.

127 2150 57 25 Vid
203 2150 181 26 förestående
404 2151 121 26 ärendes
545 2151 235 34 slutbehandling
800 2153 77 25 inom
898 2153 141 26 utskottet
1058 2154 75 25 hava
1152 2154 140 26 närvarit:

82 2194 64 25 från
175 2195 90 25 första
292 2195 181 26 kammaren:
503 2196 99 26 herrar
620 2196 34 26 ÅA.
678 2196 27 26 C.
725 2197 152 32 Lindblad,
898 2197 33 26 A.
951 2197 32 26 F.
1010 2197 174 33 Vennersten,
1206 2197 86 27 Oscar
1314 2198 106 31 Olsson,
1443 2198 27 26 C.
1491 2198 31 25 P.
1547 2198 30 27 V.

241 2239 115 26 Nilsson
376 2240 9 25 i
405 2240 142 32 Gränebo,
570 2240 29 27 O.
621 2241 151 33 Bergqvist,
802 2241 35 26 K.
858 2241 33 27 E.
912 2241 159 27 Andersson
1091 2243 9 24 i
1120 2243 158 32 Eliantorp,
1303 2243 32 26 P.
1355 2242 34 27 A.
1409 2242 168 34 Bergström,

243 2284 32 26 A.
291 2284 34 26 R.
346 2284 99 32 Rooth,
461 2284 33 27 G.
509 2285 84 32 Kobb,
605 2285 30 27 J.
650 2285 33 26 B.
698 2285 160 27 Johansson
871 2287 9 25 i
894 2286 215 33 Fredrikslund,
1125 2288 34 25 A.
1174 2287 99 26 Petrén
1286 2288 53 25 och
1356 2288 27 25 C.
1398 2288 34 25 A.
1449 2287 128 27 Carlsson

242 2330 9 24 i
271 2330 98 26 Gävle.

81 2373 64 26 från
174 2374 90 26 andra
291 2375 180 25 kammaren:
500 2375 99 26 herrar
623 2376 33 25 ÅA.
677 2376 144 26 Anderson
840 2377 9 25 i
868 2377 132 30 Råstock,
1021 2377 36 26 K.
1082 2377 31 26 V.
1134 2377 105 33 Rydén,
1263 2377 29 26 O.
1316 2377 98 27 Olsson
1434 2378 8 25 i
1462 2378 115 26 Kullen-

241 2420 160 32 bergstorp,
431 2420 31 25 P.
483 2419 40 27 M.
546 2420 98 26 Olsson
672 2421 8 25 i
707 2421 148 33 Blädinge,
883 2421 28 26 S.
931 2421 29 27 J.
980 2421 139 27 Karlsson
1138 2422 9 25 i
1167 2423 197 32 Nynäshamn,
1384 2422 28 26 SI.
1432 2422 117 26 Persson
1569 2423 8 24 i

241 2464 122 33 Fritorp,
384 2464 35 27 E.
440 2465 34 26 G.
495 2465 34 26 E.
550 2465 135 26 Eriksson
704 2466 9 25 i
734 2463 175 35 Stockholm,
931 2466 27 26 C.
979 2466 150 33 Lindskog,
1149 2467 31 26 P.
1197 2467 27 26 C.
1244 2467 122 26 Jonsson
1380 2468 7 25 i
1403 2467 174 32 Eskilstuna,

243 2509 32 25 ÅA.
296 2508 178 33 Danielsson,
497 2509 30 26 O.
548 2509 33 26 E.
601 2509 33 27 F.
654 2510 82 26 Järte
755 2511 54 25 och
828 2510 36 26 K.
885 2511 27 25 S.
939 2510 28 26 V.
994 2510 95 27 Ward.
