2178 2608
361 219 20 30 4
620 220 105 35 Första
749 218 182 28 kammarens
950 217 123 35 första
1096 215 150 36 tillfälliga
1269 214 120 29 utskotts
1413 215 146 28 utlåtande
1583 213 45 29 Nr
1652 214 51 28 25.

472 299 74 35 Vid
590 297 315 48 banavdelningen
947 295 177 36 anordnas
1167 294 122 49 dylika
1330 294 123 35 kurser
1486 294 57 35 för
1571 293 209 47 utbildning
1808 304 44 23 av
1881 293 79 33 ban-

363 357 153 32 mästare
559 352 67 35 och
670 351 313 35 överbanmästare.
1055 349 146 34 Kursen
1242 348 172 35 omfattar
1455 347 260 47 undervisning
1756 348 13 33 i
1811 344 151 37 svenska

364 407 155 47 språket,
549 404 226 44 matematik,
803 402 436 49 järnvägsbyggnadslära
1264 401 201 49 (tillämpad
1485 400 192 44 naturlära,
1699 400 133 35 allmän
1852 400 110 47 bygg-

364 460 174 43 nadslära,
570 459 270 46 mätningslära,
869 458 208 46 järnvägars
1107 455 169 49 byggnad
1305 456 68 34 och
1401 454 190 36 underhåll
1619 455 92 33 samt
1739 453 129 47 signal-
1897 452 65 36 och

364 510 488 50 förreglingsanordningar),
896 510 215 35 lokomotiv-
1148 510 67 34 och
1253 509 180 46 vagnlära,
1464 507 230 47 trafiktjänst,
1727 506 234 47 ritövningar,

366 565 312 45 samaritväsende,
704 565 273 42 instruktioner,
1008 563 244 48 reglementen
1281 575 48 22 m.
1359 575 47 21 m.
1438 564 93 33 samt
1560 560 349 48 expeditionstjänst.

472 620 71 35 För
572 619 211 46 utbildning
812 631 43 22 av
884 617 298 36 lokomotiveldare
1209 617 67 34 och
1306 615 302 42 lokomotivförare
1635 613 177 35 anordnas
1832 613 132 42 kurser,

368 674 224 36 omfattande
621 672 262 46 undervisning
915 672 55 34 uti
997 670 277 36 lokomotivlära
1303 669 81 35 med
1413 668 190 47 tillämpad
1632 667 192 44 naturlära,
1855 668 109 32 mate-

367 728 125 43 matik,
523 727 153 35 svenska
704 726 156 48 språket,
881 725 247 47 reglementen
1148 724 66 35 och
1234 723 260 36 instruktioner
1514 723 93 34 samt
1624 719 337 49 järnvägsgeografi.

474 781 72 35 För
574 782 54 33 att
648 780 96 35 bliva
764 778 188 36 befordrad
974 778 57 35 till
1050 776 476 49 tjänstemannabefattning
1541 774 61 35 vid
1618 774 343 46 trafikavdelningen

369 836 100 43 högre
494 840 47 30 än
569 834 229 36 stationskarl
826 832 148 43 fordras,
1005 832 161 35 förutom
1195 830 196 48 ådagalagd
1408 829 215 48 lämplighet
1648 828 64 35 och
1734 827 228 47 skicklighet,

367 891 64 42 att,
475 888 65 35 allt
582 888 91 35 efter
715 887 69 35 den
828 887 216 45 befattning,
1084 885 57 35 till
1183 885 120 35 vilken
1351 882 265 36 vederbörande
1663 893 99 23 anses
1808 883 157 32 närmast

367 943 125 34 kunna
520 941 262 47 ifrågakomma
811 942 55 33 att
893 939 195 43 befordras,
1120 939 91 34 hava
1239 939 212 45 genomgått
1478 936 57 35 för
1563 935 209 46 utbildning
1788 934 58 35 till
1866 934 98 47 dylik

368 995 209 47 befattning
617 994 221 35 föreskriven
879 992 374 48 undervisningskurs.
1312 991 112 35 Dessa
1465 990 126 35 kurser
1619 1001 80 23 avse
1728 987 235 36 konduktörs-

369 1049 295 46 befattningarna
693 1050 91 33 samt
812 1047 249 47 befattningar
1090 1048 116 33 såsom
1235 1044 316 36 kontorsbiträden
1581 1043 67 35 och
1673 1042 291 35 stationsförmän

370 1104 24 44 (i
423 1103 238 47 expeditions-
702 1102 84 34 eller
815 1101 234 48 yttertjänst).
1110 1100 183 34 Kurserna
1322 1099 152 34 omfatta
1502 1096 262 47 undervisning
1794 1096 11 33 i
1834 1095 128 35 allmän

369 1157 164 35 stations-
576 1156 68 35 och
685 1156 189 46 tågtjänst,
915 1154 238 48 expeditions-
1183 1153 66 35 och
1277 1152 297 47 transporttjänst
1603 1152 92 33 samt
1723 1148 242 49 organisation

371 1211 67 35 och
478 1208 446 50 personalbestämmelser,
953 1206 357 48 telegrafkännedom
1337 1206 67 45 (för
1431 1204 248 35 konduktörer
1707 1204 67 34 och
1803 1203 163 35 stations-

371 1264 141 35 förmän
540 1264 12 34 i
580 1264 212 47 yttertjänst
819 1262 12 34 i
860 1261 119 36 stället
1005 1260 265 47 telefonering),
1292 1259 150 35 svenska
1459 1258 154 48 språket,
1628 1256 336 49 järnvägsgeografi,

372 1317 245 48 postgöromål
647 1317 67 45 (för
742 1313 481 50 expeditionstjänstgöring)
1254 1315 91 33 samt
1374 1311 326 36 samaritväsendet.

468 1371 57 34 De
553 1383 52 22 nu
638 1369 235 36 omförmälda
901 1368 451 46 undervisningskurserna
1380 1369 58 32 äro
1467 1366 78 34 icke
1575 1365 180 34 allmänna
1774 1362 190 45 såtillvida,

373 1427 53 33 att
454 1423 233 48 deltagandet
715 1423 76 34 däri
820 1425 38 32 är
886 1421 177 36 beroende
1092 1423 46 46 på
1167 1434 43 21 en
1239 1420 207 46 uttagning,
1478 1419 91 35 efter
1590 1418 84 35 eller
1690 1420 87 33 utan
1797 1416 168 45 ansökan,

373 1491 42 22 av
443 1476 267 37 vederbörande
736 1475 277 48 järnvägsbefäl.

480 1530 230 36 Beträffande
739 1529 216 47 exempelvis
984 1528 69 35 den
1078 1529 65 34 sist
1171 1526 235 36 omförmälda
1427 1524 411 47 undervisningskursen
1858 1523 111 48 gäller

373 1585 160 42 sålunda,
577 1585 55 33 att
660 1583 158 35 ansökan
848 1594 58 22 om
935 1581 140 35 inträde
1104 1582 13 33 i
1145 1580 100 48 dylik
1274 1580 85 34 kurs
1389 1581 56 32 må
1472 1579 141 47 ingivas
1645 1590 42 22 av
1716 1590 44 22 en
1789 1590 62 22 var
1880 1577 89 35 ordi-

373 1639 97 34 narie
511 1639 219 46 tjänsteman
768 1649 42 22 av
839 1636 96 46 lägre
964 1635 89 46 grad
1081 1634 61 35 vid
1171 1633 346 47 trafikavdelningen
1547 1632 67 34 och
1643 1631 90 35 skall
1760 1631 120 35 ställas
1914 1631 56 35 till

374 1691 267 36 vederbörande
684 1689 398 46 distriktsförvaltning.
1141 1687 103 35 Efter
1284 1687 179 47 prövning
1502 1699 43 21 av
1584 1685 43 35 de
1656 1685 175 35 sökandes
1859 1685 110 34 förut-

375 1746 201 46 sättningar
605 1747 54 33 att
687 1743 242 48 tillgodogöra
957 1743 55 46 sig
1040 1741 309 47 undervisningen
1373 1742 92 33 samt
1492 1739 83 35 med
1606 1740 139 47 hänsyn
1774 1738 57 35 till
1859 1738 110 47 lämp-

374 1800 117 47 lighet
533 1799 68 34 och
643 1797 219 47 skicklighet
890 1796 11 35 i
930 1796 120 47 övrigt
1092 1795 157 35 beslutar
1291 1793 434 46 distriktsförvaltningen
1762 1794 47 46 på
1850 1792 118 34 trafik-

375 1853 223 35 direktörens
641 1850 268 47 föredragning,
951 1850 97 34 vilka
1091 1862 43 22 av
1176 1848 42 35 de
1260 1847 157 36 sökande
1449 1847 99 35 skola
1583 1846 165 36 beordras
1782 1846 143 46 deltaga
1958 1845 10 33 i

374 1907 141 35 kursen.

481 2012 357 48 Järnvägsstyrelsen
876 2012 65 34 har
973 2010 55 35 uti
1057 2010 65 35 sitt
1145 2010 12 34 i
1186 2008 231 36 förevarande
1442 2008 130 35 ärende
1602 2008 153 47 avgivna
1784 2006 184 36 utlåtande

375 2067 209 44 framhållit,
616 2068 54 33 att
710 2065 81 35 med
831 2064 213 47 utgivandet
1086 2076 43 22 av
1176 2064 99 34 1914
1316 2064 55 34 års
1412 2061 370 48 rekryteringsstadga
1812 2060 158 36 erhållits

377 2134 130 35 genom
537 2120 75 35 dels
640 2132 71 35 nya
739 2118 267 36 bestämmelser
1035 2118 67 35 och
1132 2117 73 35 dels
1234 2130 42 22 en
1303 2116 324 47 sammanfattning
1655 2128 43 22 av
1723 2115 96 34 äldre
1840 2114 128 35 sådana

376 2176 12 33 i
417 2176 122 34 ämnet
581 2186 43 23 en
664 2172 215 46 fullständig
922 2172 84 47 plan
1036 2175 84 31 över
1148 2170 227 48 personalens
1404 2169 57 35 vid
1492 2171 136 33 statens
1654 2170 191 45 järnvägar
1873 2170 96 33 anta-

376 2229 114 46 gande
534 2228 68 34 och
644 2226 219 46 utbildning.
920 2225 116 35 Tiden
1065 2224 93 35 hade
1183 2224 209 43 emellertid,
1418 2223 103 35 anför
1548 2222 344 48 järnvägsstyrelsen
1921 2221 48 34 vi-

376 2282 93 44 dare,
512 2282 93 34 visat
633 2279 289 37 önskvärdheten
951 2292 43 22 av
1024 2278 109 35 andra
1163 2278 132 35 former
1323 2277 55 36 för
1407 2277 230 47 anställning,
1668 2275 126 36 liksom
1816 2274 153 39 utveck-
