2230 2626
477 171 107 28 Första
606 171 184 29 kammarens
813 172 118 36 första
953 171 147 39 tillfälliga
1123 172 121 29 utskotts
1267 172 151 29 utlåtande
1440 170 52 32 Nr
1514 174 49 28 16.
1783 172 41 30 21

211 251 145 45 gången
384 246 83 37 från
495 248 101 48 lägre
623 249 58 34 till
708 249 112 47 högre
847 249 241 48 tjänstegrad;
1117 249 68 36 och
1214 249 190 49 angående
1422 249 227 49 indragning
1673 249 40 36 af
1728 251 97 35 vissa

210 299 134 47 byråer
370 299 102 35 inom
497 299 397 49 järnvägsstyrelsen»>.
947 299 15 35 I
990 300 266 48 sammanhang
1283 299 152 37 härmed
1463 299 108 37 hafva
1590 302 236 35 statsreviso-

211 362 107 22 rerna
353 350 145 43 uttalat,
541 355 74 30 »att
643 349 70 36 den
743 350 210 48 utredning,
983 363 78 23 som
1090 351 104 35 torde
1221 352 147 34 komma
1395 356 54 30 att
1476 350 234 38 föranstaltas
1739 351 85 36 med

212 399 202 49 anledning
441 399 40 36 af
505 399 351 37 öfverrevisorernas
893 400 241 37 förenämnda
1162 400 316 49 framställningar
1505 401 231 37 beträffande
1764 402 60 36 öf-

210 430 301 56 verkvalificerad
547 450 222 37 arbetskraft
805 452 68 34 och
902 452 226 48 indragning
1155 451 39 36 af
1218 453 96 34 vissa
1340 452 134 48 byråer
1500 454 102 34 inom
1626 453 197 47 järnvägs-

212 502 192 48 styrelsen,
442 514 108 36 synes
564 497 4 57 '
585 502 89 35 böra
709 501 155 36 omfatta
897 483 139 66 jämväl
1072 479 142 75 frågan,
1252 502 184 36 huruvida
1463 504 79 34 icke
1570 502 110 37 äfven
1708 503 116 36 andra

210 551 406 49 tjänsteindragningar
644 553 128 43 skulle,
802 557 90 31 utan
921 565 84 23 men
1039 551 57 37 för
1119 527 331 78 järnvägsdriften,
1479 554 125 35 kunna
1631 561 67 40 äga
1725 567 96 22 rum.

310 602 16 36 I
354 602 202 48 anledning
595 602 41 36 af
673 603 100 36 detta
813 603 189 36 uttalande
1030 603 65 35 har
1118 605 359 47 järnvägsstyrelsen
1504 606 12 33 i
1544 582 155 67 afgifvet
1727 606 99 34 utlå-

210 653 110 35 tande
349 652 216 45 framhållit,
595 659 53 30 att
676 653 173 36 särskildt
877 654 85 36 med
990 654 143 48 hänsyn
1161 655 58 35 till
1248 654 44 35 de
1312 654 112 36 sedan
1444 657 40 33 år
1506 656 94 34 1907
1622 655 202 47 väsentligt

211 703 110 48 höjda
349 704 418 47 personalkostnaderna
794 705 182 48 styrelsen
1005 704 154 36 sträfvat
1186 709 66 39 att,
1283 704 65 36 där
1376 709 38 32 så
1443 710 89 31 utan
1548 705 276 36 åsidosättande

210 753 40 36 af
273 755 177 34 trafikens
478 755 230 48 berättigade
736 755 83 35 kraf
844 756 144 34 kunnat
1015 756 73 43 ske,
1118 755 253 36 åstadkomma
1398 756 215 48 minskning
1640 755 41 37 af
1696 769 126 35 perso-

210 806 285 34 nalnumerären
535 805 62 35 vid
637 811 139 30 statens
799 806 213 47 järnvägar.
1069 806 15 35 I
1113 806 99 35 detta
1240 805 173 37 afseende
1440 807 173 35 hänvisar
1641 808 181 47 styrelsen

209 855 58 35 till
295 855 68 35 sid.
386 857 46 33 24
460 857 12 33 i
500 855 354 37 öfverrevisorernas
881 856 207 44 berättelse,
1118 856 80 36 däri
1225 857 187 47 ökningen
1440 856 57 36 för
1524 856 185 37 ordinarie
1736 870 87 35 per-

209 906 102 35 sonal
353 905 176 49 angifvits
565 906 59 36 för
663 910 87 32 åren
793 907 248 35 1907—1910
1082 907 57 35 till
1170 920 95 35 resp.
1311 908 86 43 9,33,
1426 909 87 42 8,65,
1545 910 74 41 1,16
1648 908 68 35 och
1747 910 76 41 1,82

209 961 153 43 procent
391 957 68 35 och
488 958 185 47 ökningen
702 956 40 36 af
766 958 78 35 icke
872 958 185 35 ordinarie
1085 958 169 47 personal
1282 957 81 36 från
1392 961 87 32 åren
1500 959 247 35 1907—1908
1764 959 58 34 till

209 1019 93 35 resp.
348 1008 76 42 6,25
452 1008 69 34 och
551 1009 75 42 5,65
656 1013 164 43 procent,
850 1007 132 36 medan
1010 1009 215 48 minskning
1252 1008 141 35 inträdt
1420 1008 57 36 för
1507 1010 93 40 1909
1630 1009 84 36 med
1743 1011 79 42 4,86

208 1062 166 43 procent.
428 1058 71 35 För
529 1059 94 35 1909
653 1057 131 37 ställde
812 1059 57 47 sig
896 1059 192 35 resultatet
1115 1058 160 37 särdeles
1302 1064 210 44 gynnsamt,
1528 1060 217 47 isynnerhet
1761 1072 60 23 om

209 1108 62 35 det
307 1113 105 41 toges
452 1110 12 33 i
505 1109 214 45 beaktande,
760 1114 54 31 att
855 1109 83 35 från
975 1109 68 36 och
1071 1109 85 36 med
1183 1110 161 35 nämnda
1372 1113 40 32 år
1440 1110 290 36 statsbanenätet
1760 1116 64 30 ut-

208 1158 176 48 vidgades
411 1172 135 34 genom
573 1159 265 36 införlifvande
865 1160 86 35 med
978 1160 202 35 detsamma
1208 1160 40 35 af
1271 1161 118 46 linjen
1428 1159 163 37 Malmö—
1606 1154 217 59 Trelleborg

210 1214 94 30 samt
340 1214 55 30 att
423 1209 82 36 från
533 1211 68 35 och
630 1211 83 35 med
741 1210 70 35 den
841 1212 19 33 7
886 1212 73 45 juli
990 1212 94 34 1909
1113 1211 144 35 tillkom
1286 1210 328 48 ångfärjetrafiken
1642 1215 20 31 å
1688 1217 135 30 routen

209 1259 190 36 Trelleborg—
401 1260 248 47 Sassnitz.
703 1261 67 35 Att
798 1260 110 36 äfven
935 1273 49 23 nu
1014 1266 120 30 senast
1162 1260 57 36 för
1246 1264 40 32 år
1316 1263 96 33 1910
1440 1263 201 46 styrelsens
1657 1261 165 36 sträfvan

209 1310 11 34 i
248 1291 241 54 förevarande
527 1310 172 36 afseende
727 1312 125 34 krönts
880 1311 85 35 med
992 1311 195 48 framgång
1214 1311 107 35 torde
1348 1311 256 49 föreliggande
1632 1311 192 49 uppgifter

209 1359 156 36 rörande
392 1368 223 29 numerären
642 1361 62 35 vid
731 1364 95 33 årets
854 1362 131 47 början
1013 1361 67 36 och
1109 1367 76 30 mot
1213 1361 81 36 dess
1314 1362 77 35 slut
1410 1342 130 55 utvisa.
1577 1362 126 48 Enligt
1718 1362 104 36 dessa

209 1409 192 59 uppgifter
430 1412 174 47 utgjorde
632 1413 139 34 antalet
798 1412 186 35 ordinarie
1012 1412 68 35 och
1107 1413 80 34 icke
1214 1412 185 36 ordinarie
1426 1413 169 47 personal
1624 1393 117 56 under
1762 1414 60 61 jar

208 1462 108 34 nuari
360 1463 96 34 1910
499 1464 134 42 22,688
675 1468 77 30 mot
794 1464 134 42 22,495
965 1463 12 35 i
1005 1463 209 35 november.
1268 1463 130 36 Denna
1425 1464 216 47 minskning
1668 1476 86 23 vore
1783 1467 39 32 så

209 1512 148 47 mycket
398 1526 79 22 mer
517 1491 363 70 anmärkningsvärd,
923 1526 78 23 som
1038 1514 349 35 trafikintensiteten
1416 1514 118 35 under
1561 1517 78 33 året
1666 1515 113 43 ökats,
1809 1516 12 33 i

211 1562 61 35 det
300 1563 368 36 trafikinkomsterna
695 1543 62 56 för
781 1567 39 32 år
849 1542 95 58 1909
976 1565 192 47 uppgingo
1187 1566 58 33 till
1265 1565 155 35 allenast
1441 1565 222 44 63,975,637
1684 1543 139 57 kronor

209 1614 46 82 a
296 1619 74 38 öre,
413 1614 131 36 medan
586 1613 57 37 för
683 1618 39 31 år
761 1616 95 34 1910
884 1627 139 23 samma
1050 1615 203 35 inkomster
1280 1615 106 35 torde
1414 1618 123 45 uppgå
1563 1616 58 34 till
1649 1616 173 47 omkring

234 1664 199 42 2,000,000
470 1665 145 35 kronor.
669 1664 74 35 Vid
780 1677 51 22 nu
867 1664 154 48 angifna
1053 1664 257 36 förhållanden
1345 1665 69 35 och
1442 1665 118 35 under
1588 1647 234 66 åberopande

208 1672 46 75 at
259 1691 83 56 "den
372 1714 11 34 i
412 1715 198 47 styrelsens
639 1716 10 33 i
679 1714 200 47 anledning
907 1695 39 54 af
972 1714 351 36 öfverrevisorernas
1352 1714 196 36 berittelse
1576 1714 143 49 afgifna
1746 1721 76 42 ytt-

208 1763 113 35 rande
350 1776 139 23 samma
517 1764 71 48 dag
615 1765 168 35 lämnade
812 1745 203 67 utredning
1041 1766 12 33 i
1081 1771 123 29 ämnet
1232 1765 97 35 hölle
1357 1766 181 47 styrelsen
1566 1747 89 62 före,
1685 1770 53 30 att
1746 1753 73 48 det

207 1814 79 34 icke
327 1827 87 23 vore
456 1791 237 75 erforderligt
728 1828 50 22 nu
806 1795 206 56 verkställa
1030 1818 121 44 någon
1178 1816 216 48 ytterligare
1423 1815 202 48 utredning
1653 1818 11 32 i
1692 1816 61 35 det
1782 1815 40 36 af

207 1865 229 35 revisorerna
463 1864 152 48 angifna
642 1846 108 68 syfte.

308 1897 282 54 Statsutskottet
618 1916 65 35 har
712 1916 62 36 vid
801 1916 228 48 behandling
1055 1916 41 36 af
1121 1916 99 36 detta
1247 1916 135 36 ärende
1410 1916 123 36 anfört
1561 1916 178 48 följande:

316 1967 147 34 >Såsom
505 1965 110 37 ofvan
656 1966 161 49 antydts,
853 1967 67 34 har
961 1948 180 54 utskottet
1168 1966 126 35 funnit
1323 1967 94 35 hvad
1445 1966 334 37 öfverrevisorerna
1809 1969 8 32 i

207 2016 156 35 berörda
389 2022 56 29 tre
472 2017 160 47 punkter
660 2018 121 34 anfört
807 2029 86 23 vara
921 2016 297 43 beaktansvärdt;
1246 2017 69 35 och
1343 2029 107 23 anser
1478 2019 179 34 utskottet
1679 2018 139 46 jämväl

208 2067 340 34 statsrevisorernas
591 2066 189 35 uttalande
821 2066 189 48 angående
1052 2067 240 47 möjligheten
1321 2066 40 35 af
1386 2067 227 48 indragning
1639 2067 40 35 af
1703 2067 115 35 andra

208 2117 155 46 tjänster
400 2123 45 28 än
473 2117 44 34 de
546 2116 40 35 af
610 2116 336 36 öfverrevisorerna
974 2116 172 35 vidrörda
1173 2129 86 23 vara
1287 2115 155 48 förtjänt
1470 2117 39 34 af
1536 2117 281 48 uppmärksam-

208 2167 71 34 het.
334 2165 131 46 Någon
503 2167 216 46 ytterligare
752 2166 200 46 utredning
979 2167 11 34 i
1019 2172 123 29 ämnet
1172 2166 145 36 utöfver
1345 2166 69 35 den
1444 2166 39 35 af
1504 2168 315 48 järnvägsstyrel-

208 2229 62 22 sen
311 2228 52 22 nu
392 2197 193 62 lämnade,
623 2217 64 35 vill
725 2217 182 35 utskottet
928 2204 85 48 icke
1041 2216 57 36 för
1126 2216 227 36 närvarande
1381 2217 153 47 påkalla,
1564 2217 46 35 då
1638 2218 182 34 utskottet

1881 1921 84 27 Stats-

1855 1955 138 26 utskottet.
