1902 2854
452 164 394 36 Jordbruksutskottets
875 162 186 33 utlåtande
1089 161 53 33 Nr
1169 160 51 31 79.
1531 156 19 30 5

772 451 59 41 Nr
858 450 61 42 79.

624 570 110 24 Ankom
753 570 43 24 till
813 569 164 31 riksdagens
995 567 92 25 kansli
1107 565 54 25 den
1183 567 28 23 11
1233 566 56 30 maj
1309 565 63 24 1931
1394 564 37 24 kl.
1451 565 14 23 4
1485 571 21 16 e.
1527 570 38 17 m.

200 668 195 32 Utlåtande
420 669 14 30 i
460 667 194 37 anledning
681 675 45 22 av
752 664 134 38 Kungl.
913 663 130 36 Maj:ts
1068 660 223 38 proposition
1317 657 185 39 angående
1528 656 74 38 älg-

377 721 143 36 jaktens
542 718 182 32 ordnande
745 728 44 21 m.
811 727 43 21 m.
876 717 114 35 jämte
1010 716 13 30 i
1045 716 120 29 ämnet
1186 712 130 32 väckta
1339 707 183 44 motioner.

1344 772 72 35 (2:a
1436 770 107 36 avd.).

139 887 18 31 I
175 897 44 21 en
237 886 57 31 till
313 885 194 36 riksdagen
526 884 68 31 den
613 883 38 31 13
669 892 96 21 mars
783 881 78 31 1931
879 881 155 34 avlåten,
1053 878 59 32 till
1128 876 370 38 jordbruksutskottet
1516 874 87 31 hän-

95 939 109 31 visad
223 937 230 37 proposition,
474 946 42 21 nr
537 936 69 35 214,
627 936 66 30 har
714 933 136 37 Kungl.
871 932 110 37 Maj:t
1003 931 112 31 under
1137 929 225 37 åberopande
1380 938 47 21 av
1447 926 158 38 proposi-

98 991 124 31 tionen
254 990 116 36 bilagt
404 988 132 37 utdrag
571 998 47 21 av
642 984 394 37 statsrådsprotokollet
1061 986 85 29 över
1171 980 351 38 jordbruksärenden
1548 978 57 32 för

100 1053 138 22 samma
255 1042 71 37 dag
349 1041 187 36 föreslagit
556 1040 195 35 riksdagen
771 1039 64 35 att,
855 1038 81 31 med
956 1034 262 39 godkännande
1238 1044 45 21 av
1303 1033 44 31 de
1367 1032 114 37 enligt
1499 1032 107 31 stats-

99 1095 301 37 rådsprotokollet
419 1095 89 30 utav
526 1090 395 38 departementschefen
941 1088 203 37 tillstyrkta
1164 1086 207 37 grunderna
1392 1085 54 31 för
1468 1083 138 37 älgjak-

102 1150 78 30 tens
201 1147 183 32 ordnande
403 1146 65 31 och
487 1145 57 31 för
565 1144 129 36 bidrag
715 1143 57 32 till
792 1141 189 32 lindrande
1002 1141 13 30 i
1037 1140 96 32 vissa
1154 1139 67 31 fall
1241 1149 45 21 av
1306 1137 112 33 skada
1437 1147 45 21 av
1503 1136 60 36 älg
1585 1137 22 30 å

102 1200 122 37 gröda,
244 1199 166 37 medgiva
430 1197 200 37 uttagande
650 1206 46 21 av
716 1195 96 32 vissa
832 1195 13 30 i
866 1203 136 22 samma
1023 1191 157 39 grunder
1201 1191 158 31 avsedda
1378 1189 170 37 avgifter.

143 1251 237 33 Beträffande
398 1251 44 32 de
460 1249 89 36 skäl,
569 1258 75 22 som
665 1247 138 32 anförts
823 1246 57 32 till
899 1246 80 31 stöd
998 1245 56 31 för
1074 1244 134 35 Kungl.
1228 1242 129 36 Maj:ts
1376 1240 231 38 proposition,

99 1305 184 35 hänvisas,
312 1304 6 30 i
341 1303 69 31 den
454 1303 85 30 mån
563 1301 79 31 icke
665 1298 225 38 redogörelse
913 1298 125 31 härför
1062 1296 117 32 nedan
1202 1296 149 35 lämnas,
1377 1293 57 32 till
1457 1292 151 32 berörda

102 1355 365 38 statsrådsprotokoll.

143 1435 19 31 I
180 1434 195 36 anledning
394 1444 45 20 av
459 1432 134 36 Kungl.
613 1431 129 36 Maj:ts
761 1428 156 33 nämnda
936 1427 223 38 proposition
1178 1426 66 31 har
1264 1426 96 30 inom
1378 1425 113 30 andra
1512 1424 96 30 kam-

101 1497 128 22 maren
246 1486 125 31 väckts
391 1485 65 31 och
474 1483 174 32 likaledes
667 1483 58 30 till
744 1482 174 31 utskottet
937 1479 189 32 hänvisats
1145 1478 145 36 motion,
1310 1487 43 21 nr
1372 1477 67 35 427,
1460 1486 44 21 av
1525 1476 83 31 herr

103 1540 155 32 Jonsson
278 1539 13 30 i
309 1538 150 35 Risinge
478 1547 44 21 m.
543 1536 49 36 fl.,
611 1535 81 30 vari
712 1533 210 36 hemställts,
943 1533 54 30 att
1016 1530 196 37 riksdagen
1230 1531 121 34 måtte,
1368 1528 82 32 med
1468 1529 141 35 avstyr-

103 1591 119 32 kande
244 1600 46 22 av
313 1590 42 31 de
377 1599 48 21 av
448 1588 134 35 Kungl.
605 1587 110 36 Maj:t
737 1588 12 30 i
772 1584 266 38 propositionen
1061 1593 43 21 nr
1127 1583 59 30 214
1209 1581 205 36 framlagda
1437 1579 170 37 grunder-

104 1653 49 21 na
177 1643 57 31 för
260 1641 204 37 älgjaktens
489 1638 183 33 ordnande
698 1639 11 30 i
734 1638 72 31 vad
828 1637 115 35 angår
969 1635 180 32 utsträckt
1174 1633 135 37 jakttid
1334 1633 56 31 för
1414 1632 98 31 vissa
1537 1640 70 23 om-

106 1694 122 37 råden,
255 1693 167 36 medgiva
447 1691 199 36 uttagande
671 1699 45 23 av
741 1700 45 21 en
811 1688 120 36 avgift
957 1698 46 21 av
1027 1688 39 30 25
1092 1687 132 30 kronor
1252 1686 55 31 för
1333 1684 104 36 varje
1464 1683 145 37 skjuten

109 1746 61 36 älg
188 1747 56 30 för
262 1744 129 37 bidrag
408 1744 57 32 till
484 1742 190 33 lindrande
692 1743 12 31 i
722 1741 99 32 vissa
840 1741 65 31 fall
924 1750 46 21 av
989 1738 112 33 skada
1120 1748 46 21 av
1186 1737 59 37 älg
1263 1738 22 30 å
1304 1736 119 36 gröda.

147 1798 18 31 I
190 1798 101 31 detta
317 1796 260 36 sammanhang
605 1795 67 31 har
699 1793 174 32 utskottet
900 1791 124 32 vidare
1051 1791 56 32 till
1136 1789 218 36 behandling
1383 1787 160 32 förehaft
1568 1796 45 23 en

106 1851 99 30 inom
221 1850 114 31 andra
350 1849 210 31 kammaren
574 1847 117 35 väckt,
708 1846 56 32 till
781 1845 174 32 utskottet
971 1842 178 33 hänvisad
1164 1842 144 35 motion,
1323 1850 42 21 nr
1382 1840 67 36 210,
1466 1850 46 21 av
1528 1840 83 30 herr

107 1901 286 36 Wachtmeister,
418 1900 80 31 vari
522 1898 211 36 hemställts,
759 1899 54 30 att
839 1897 194 35 riksdagen
1057 1895 88 30 ville
1169 1894 63 31 hos
1256 1893 135 36 Kungl.
1416 1892 111 36 Maj:t
1552 1900 61 22 an-

106 1954 101 32 hålla
224 1963 56 22 om
297 1951 219 33 utfärdande
531 1961 48 21 av
596 1949 267 33 bestämmelser
879 1947 231 32 beträffande
1126 1946 79 36 jakt
1223 1947 21 29 å
1262 1945 68 36 älg,
1348 1943 175 32 avseende

147 2004 33 36 1)
205 2004 253 32 fastställande
482 2013 45 21 av
551 2012 45 22 en
617 2001 135 32 allmän
775 2000 135 37 jakttid
933 2009 45 21 av
1003 1998 199 31 maximum
1224 1997 19 31 2
1268 1996 123 36 dagar,
1414 1995 123 31 vilken
1558 1995 54 30 ut-

107 2057 160 32 sträckes
289 2057 21 30 å
335 2053 379 39 »älgvårdsområden»
739 2051 57 32 till
819 2052 38 29 14
881 2051 122 35 dagar,
1027 2049 168 36 förlagda
1217 2048 56 31 till
1295 2047 170 36 tidpunkt
1488 2055 126 22 senare

108 2112 48 29 än
173 2110 68 30 den
261 2108 108 36 förra,

150 2159 33 37 2)
208 2159 169 33 bildande
395 2169 46 21 av
460 2168 43 22 en
522 2156 259 38 älgskadefond
801 2155 237 37 uppkommen
1056 2163 45 21 av
1120 2151 280 36 licensavgifter,

150 2212 33 36 3)
208 2212 193 37 värdering
418 2221 45 21 av
480 2209 175 37 älgskada
672 2208 148 31 medelst
838 2207 184 31 allmänna
1039 2205 124 35 medel,

150 2264 32 36 4)
207 2263 241 37 förbjudande
469 2272 46 21 av
539 2261 183 36 älgskytte
746 2258 79 32 med
849 2258 115 31 andra
986 2267 118 26 vapen
1128 2259 47 28 än
1199 2255 144 36 sådana,
1369 2264 75 22 som
1467 2257 63 28 äro
1555 2264 59 21 av-

110 2316 110 32 sedda
236 2316 56 31 för
307 2315 96 35 kula,
419 2313 86 32 eller
521 2323 46 21 av
582 2321 122 22 annan
718 2320 129 27 person
861 2313 47 28 än
923 2309 77 35 den,
1017 2318 74 22 som
1108 2308 97 30 visar
1219 2308 54 35 sig
1291 2316 89 21 vara
1395 2306 220 31 innehavare

109 2378 48 21 av
176 2370 135 30 statens
328 2364 244 38 skyttemärke
590 2364 87 31 eller
694 2362 123 36 avlagt
837 2363 111 30 annat
966 2360 159 36 godkänt
1142 2358 437 37 skjutskicklighetsprov,

152 2419 66 32 allt
240 2419 13 30 i
276 2417 159 38 enlighet
455 2416 80 31 med
557 2416 13 30 i
592 2415 198 32 motionens
813 2412 217 35 motivering
1054 2411 160 36 angivna
1236 2409 222 38 synpunkter
1481 2409 64 31 och
1569 2419 46 21 av

110 2471 136 36 Kungl.
267 2470 111 37 Maj:t
396 2468 193 32 utfärdade
609 2465 305 38 kompletterande
933 2463 277 32 bestämmelser.

1664 1429 140 26 Motioner.
