1880 2854
500 157 293 33 Statsutskottets
817 153 188 33 utlåtande
1031 153 52 32 Nr
1111 153 50 30 79.
1495 149 38 29 11

113 237 71 32 Till
203 237 79 32 stöd
301 237 55 31 för
375 236 63 32 sitt
458 235 135 37 förslag
612 235 95 31 hava
725 233 268 31 motionärerna
1012 231 124 31 anfört
1156 228 172 38 följande:

116 290 166 35 »Frågan
311 298 57 21 om
397 287 425 33 skattefrälseräntornas
854 284 139 31 inlösen
1023 283 84 30 från
1136 280 235 33 statsverkets
1404 278 78 32 sida
1514 278 66 30 har

74 344 99 29 ännu
194 341 77 31 icke
296 339 231 36 fullständigt
550 339 140 30 kunnat
713 337 140 36 ordnas,
878 336 114 31 ehuru
1014 334 70 31 den
1108 333 94 31 ända
1223 331 109 33 sedan
1355 333 41 29 år
1419 330 76 31 1885
1518 329 63 31 vid

75 392 206 38 upprepade
301 391 170 32 tillfällen
493 390 96 32 varit
611 389 152 32 föremål
783 388 56 31 för
858 386 135 37 Kungl.
1014 385 130 36 Maj:ts
1164 384 64 31 och
1248 383 211 36 riksdagens
1479 383 102 34 pröv-

75 445 87 36 ning
181 444 64 32 och
263 444 124 32 beslut.

116 497 134 31 Genom
278 494 210 37 förordning
519 494 68 31 den
615 494 38 29 11
681 491 198 38 september
911 490 76 31 1885
1019 488 208 36 bestämdes,
1256 488 54 31 att
1338 486 44 32 de
1409 487 124 29 räntor
1561 485 21 30 å

76 547 407 36 skattefrälsehemman,
527 544 98 33 vilka
667 553 127 28 genom
833 543 79 36 köp,
953 542 84 36 byte
1078 540 86 32 eller
1195 541 94 35 gåva
1317 537 151 32 kommit
1499 536 84 32 från

74 600 139 31 kronan
236 600 12 30 i
270 599 139 31 enskild
430 608 146 26 persons
599 597 86 31 eller
709 596 114 36 verks,
847 594 201 36 menighets
1073 592 86 32 eller
1182 591 222 36 inrättnings
1426 592 67 33 ägo
1517 588 66 31 och

75 652 79 31 icke
173 651 106 32 blivit
297 650 80 31 med
397 649 345 37 jordäganderätten
763 647 180 36 förenade,
964 645 99 36 finge
1090 645 6 30 i
1116 645 85 30 mån
1222 652 74 22 som
1316 640 267 33 vederbörande

75 706 109 33 ägare
212 702 123 31 därom
361 701 225 32 framställde
611 700 130 35 anbud,
770 699 110 31 sedan
907 697 146 36 behörig
1080 695 194 36 utredning
1301 704 57 21 om
1384 692 199 37 utskylder-

76 765 64 21 nas
162 756 99 30 rätta
283 756 108 29 natur
416 753 65 31 och
504 753 125 35 belopp
654 753 62 35 ägt
739 760 91 27 rum,
854 750 56 30 för
935 748 216 32 statsverket
1174 746 144 35 inlösas,
1342 744 128 32 varvid
1492 746 93 29 även

76 806 158 37 grunder
262 806 56 31 för
345 804 333 37 inlösningsprisets
705 800 267 34 bestämmande
1001 810 44 21 m.
1075 809 45 21 m.
1149 797 229 33 fastställdes.
1426 794 51 33 År
1506 795 78 31 1911

77 858 142 36 vidtogs
242 858 70 31 den
336 857 211 36 ändringen,
570 856 57 31 att
651 858 91 28 även
767 855 125 30 räntor
918 853 21 31 å
963 850 409 35 skattefrälsehemman,
1397 847 100 32 vilka
1522 847 63 31 vid

75 911 112 36 något
209 909 144 32 tillfälle
374 909 76 30 före
471 908 70 31 den
562 908 18 30 1
601 906 95 37 april
720 906 77 31 1911
820 904 97 32 varit
938 904 80 31 med
1040 901 343 38 jordäganderätten
1404 895 180 45 förenade,

78 962 101 37 finge
210 962 90 31 utan
329 960 128 32 hinder
487 960 113 31 därav
631 958 134 31 inlösas
796 957 56 31 för
883 955 237 33 statsverkets
1147 953 166 36 räkning.
1366 952 127 32 Senast
1524 950 61 32 vid

78 1014 77 31 1927
180 1014 59 31 års
264 1012 147 37 riksdag
438 1010 155 32 fattades
619 1012 46 34 på
693 1010 136 35 förslag
854 1019 46 21 av
924 1007 135 36 Kungl.
1086 1006 109 36 Maj:t
1220 1005 124 36 beslut,
1370 1005 53 30 att
1448 1003 138 31 inlösen

77 1075 45 21 av
149 1063 355 34 skattefrälseräntor
530 1064 59 29 må
615 1065 69 33 äga
711 1071 90 26 rum,
826 1060 123 31 därest
975 1057 264 33 vederbörande
1265 1058 215 33 ränteägare
1507 1054 78 31 där-

79 1126 56 22 om
157 1117 12 31 i
193 1115 223 33 föreskriven
438 1115 153 35 ordning
617 1116 63 34 gör
702 1113 170 31 anmälan
894 1111 98 31 inom
1016 1111 185 35 utgången
1225 1118 45 21 av
1293 1109 40 30 år
1357 1107 87 31 1932.

119 1169 17 31 I
161 1167 174 33 skrivelse
357 1167 71 31 den
450 1167 18 30 8
492 1166 73 36 maj
590 1165 88 37 1918,
702 1175 43 20 nr
769 1164 67 36 198,
863 1162 122 32 anhöll
1009 1162 204 35 riksdagen,
1238 1162 54 28 att
1315 1159 135 36 Kungl.
1475 1157 111 37 Maj:t

80 1220 84 32 ville
191 1220 76 31 låta
291 1218 128 32 utreda
443 1219 47 35 på
516 1218 70 31 vad
610 1218 73 30 sätt
709 1219 107 33 ägare
842 1225 45 21 av
915 1213 339 33 skattefrälseränta
1279 1210 120 32 kunde
1422 1220 46 21 av
1494 1209 92 31 läns-

79 1272 151 37 styrelse
258 1271 38 32 få
322 1270 162 37 uppbära
510 1270 42 31 de
579 1271 136 34 räntor,
742 1267 57 31 till
825 1265 101 33 vilka
952 1266 73 30 han
1049 1274 88 22 vore
1163 1266 117 34 ägare,
1308 1264 94 30 samt
1426 1261 160 32 därefter

80 1324 165 36 företaga
266 1323 43 31 de
330 1322 179 36 åtgärder,
532 1320 124 32 vartill
677 1319 242 36 utredningen
939 1317 120 32 kunde
1082 1314 194 34 föranleda.
1298 1312 289 39 Ifrågavarande

78 1374 343 37 riksdagsskrivelse
447 1373 89 31 hade
562 1372 191 32 föranletts
777 1381 45 21 av
846 1380 44 22 en
913 1369 146 36 motion,
1082 1368 81 31 vari
1188 1366 230 36 framhållits,
1443 1367 53 30 att
1519 1364 70 32 den

80 1426 184 37 procedur,
285 1435 74 22 som
381 1425 56 31 för
459 1424 229 32 närvarande
710 1422 184 32 användes
917 1421 60 32 vid
999 1419 209 38 uppbörden
1229 1429 44 21 av
1296 1420 97 29 ännu
1413 1427 47 21 av
1483 1413 105 44 stats-

80 1478 125 31 verket
237 1477 153 32 oinlösta
420 1476 358 32 skattefrälseräntor
808 1491 41 6 —
878 1472 185 36 nämligen.
1093 1473 54 30 att
1178 1472 241 33 ränteägaren
1449 1467 140 37 årligen

82 1529 188 32 tillställde
296 1528 256 36 räntegivaren
582 1526 200 32 debetsedel
810 1527 21 29 å
858 1523 269 36 räntebeloppet
1154 1522 11 31 i
1192 1522 116 35 fråga,
1336 1520 113 31 vilket
1475 1519 114 31 denne

82 1581 201 32 sedermera
309 1579 91 32 hade
429 1581 53 29 att
510 1580 21 30 å
558 1579 114 31 utsatt
701 1580 54 29 ort
785 1577 65 31 och
877 1576 55 32 tid
959 1575 153 31 kontant
1140 1573 116 37 gälda,
1286 1572 158 31 varefter
1472 1573 117 29 ränte-

82 1633 152 36 givaren
261 1632 90 31 hade
377 1633 56 29 att
460 1630 55 31 för
542 1629 256 32 bekommande
825 1638 46 21 av
899 1626 203 36 ersättning
1133 1626 56 30 för
1216 1624 70 32 vad
1313 1623 152 32 sålunda
1493 1622 96 32 utbe-

82 1684 110 31 talats
222 1682 161 33 inlämna
410 1682 68 31 den
506 1680 202 33 kvitterade
735 1679 229 33 debetsedeln
993 1678 57 31 till
1079 1675 264 33 vederbörande
1372 1673 218 33 lantränteri

83 1736 85 31 eller
198 1735 231 32 landskontor
456 1754 40 3 —
521 1743 85 23 vore
635 1732 149 32 förenad
812 1731 79 31 med
922 1730 200 31 avsevärda
1152 1729 126 31 besvär
1306 1727 65 32 och
1397 1726 193 31 kostnader

84 1788 158 30 förutom
262 1786 130 37 onödig
418 1786 163 36 omgång.
624 1782 375 36 Kammarkollegium
1021 1780 91 32 hade
1135 1781 12 30 i
1170 1779 145 37 avgivet
1339 1778 168 38 yttrande
1531 1787 59 21 an-

85 1839 82 36 fört,
189 1841 56 29 att
268 1839 109 35 något
399 1839 113 29 annat
535 1836 77 32 icke
638 1835 108 32 borde
771 1836 146 36 åtgöras
940 1834 13 30 i
974 1832 201 32 motionens
1199 1832 94 36 syfte
1317 1835 47 27 än
1388 1832 53 29 att
1466 1840 42 22 en
1531 1838 60 22 an-

86 1890 144 36 visning
261 1889 224 32 meddelades
513 1889 57 31 för
599 1887 231 36 räntegivare
860 1885 65 31 och
957 1885 242 35 räntetagare,
1228 1885 53 30 att
1310 1882 53 37 de,
1393 1891 57 21 om
1479 1882 45 31 de
1552 1881 40 31 så

84 1942 167 35 önskade,
274 1941 118 31 kunde
415 1940 76 31 låta
513 1938 156 32 avsedda
695 1936 221 33 räntelikvid
942 1935 194 32 förmedlas
1159 1945 45 20 av
1226 1934 135 35 Kungl.
1386 1932 128 36 Maj:ts
1538 1932 54 31 be-

86 1991 342 37 fallningshavande
456 1991 12 31 i
498 1990 281 32 landskontoret.
828 1987 209 36 Riksdagen
1067 1987 112 35 ansåg
1206 1985 61 31 det
1297 1983 199 33 emellertid
1526 1983 66 31 tvi-

84 2043 189 37 velaktigt,
293 2053 56 21 om
367 2044 110 35 något
499 2041 195 36 väsentligt
714 2040 99 31 stode
831 2041 56 30 att
908 2038 111 32 vinna
1039 2047 127 27 genom
1187 2036 202 32 anlitandet
1411 2045 45 21 av
1477 2035 116 31 denna

87 2098 122 34 utväg,
237 2095 63 31 och
328 2094 89 31 fann
443 2103 44 21 en
515 2093 136 31 allmän
677 2091 211 36 förordning
916 2090 12 31 i
956 2092 120 29 ämnet
1105 2088 169 37 påkallad
1302 2088 56 30 för
1385 2088 54 30 att
1470 2087 37 31 få
1536 2086 58 31 till

86 2147 107 31 stånd
208 2146 69 31 den
293 2145 203 33 önskvärda
513 2144 259 35 förändringen
791 2143 11 31 i
821 2140 468 39 uppbördsförhållandena.

129 2196 92 33 Över
252 2198 118 30 denna
401 2196 174 31 skrivelse
603 2204 138 27 avgavs
773 2193 189 32 utlåtande
993 2202 45 21 av
1070 2191 110 32 bland
1211 2191 114 31 andra
1356 2189 237 32 kammarkol-

88 2249 143 36 legium,
252 2258 74 22 som
346 2248 89 31 fann
453 2248 59 31 det
533 2248 122 30 kunna
675 2246 248 35 ifrågasättas,
943 2243 182 32 huruvida
1145 2243 78 31 icke
1243 2242 147 31 särskilt
1410 2241 79 31 med
1509 2241 85 30 hän-

88 2311 68 26 syn
185 2300 56 31 till
267 2299 277 37 olägenheterna
571 2298 57 30 för
655 2297 260 35 räntegivarna
941 2295 107 30 borde
1076 2297 103 33 tagas
1206 2294 11 30 i
1245 2293 249 35 övervägande
1524 2292 70 30 frå-

88 2360 71 27 gan
204 2361 57 21 om
293 2349 219 36 vidtagande
548 2359 44 20 av
618 2347 168 37 åtgärder
811 2347 56 30 för
891 2345 424 33 skattefrälseräntornas
1341 2343 254 36 skyndsamma

89 2403 219 34 indragning
336 2401 53 31 till
419 2400 226 31 statsverket.
694 2397 211 32 Emellertid
934 2396 210 31 hemställde
1172 2395 205 35 kollegium,
1405 2396 53 28 att
1487 2394 67 31 den
1581 2394 11 29 i

90 2454 212 35 riksdagens
332 2452 173 32 skrivelse
536 2451 127 36 gjorda
699 2448 318 36 framställningen
1049 2447 36 35 ej
1115 2448 112 29 måtte
1259 2445 186 32 föranleda
1476 2455 117 21 annan
