1878 2796
507 164 123 33 Första
647 161 247 43 lagutskottets
910 160 181 35 utlåtande
1108 173 40 21 nr
1165 163 54 31 31.
1589 161 15 30 1

783 393 68 41 Nr
878 390 91 44 31.

353 530 190 35 Utlåtande
566 531 12 33 i
599 529 187 42 anledning
811 541 46 22 av
879 529 109 34 väckt
1011 527 137 35 motion
1171 540 59 22 om
1252 530 152 39 översyn
1425 538 46 22 av
1494 525 112 34 aktie-

576 584 223 42 bolagslagen
820 596 48 21 m.
891 596 47 20 m.

166 693 18 33 I
207 705 43 21 en
274 692 98 34 inom
396 692 109 33 andra
529 692 208 33 kammaren
760 690 120 40 väckt,
904 690 53 33 till
981 689 199 42 lagutskott
1202 687 175 35 hänvisad
1401 687 147 40 motion,
1571 698 43 21 nr

121 750 77 36 284,
219 746 119 34 vilken
360 745 210 34 behandlats
595 757 44 21 av
663 744 110 34 första
796 743 248 43 lagutskottet,
1068 743 64 33 har
1153 742 79 33 herr
1257 741 138 42 Wiberg
1419 740 193 39 hemställt,

122 805 55 29 att
194 800 189 42 riksdagen
402 799 80 34 ville
504 799 138 34 besluta

168 854 70 34 dels
264 858 56 29 att
343 853 85 34 sista
450 852 187 42 meningen
659 852 10 33 i
694 855 42 30 30
762 851 15 39 8
802 852 102 41 lagen
926 851 67 33 den
1020 854 40 29 14
1085 849 198 43 september
1308 851 86 31 1944
1420 860 57 21 om
1502 846 110 35 aktie-

123 908 103 42 bolag
246 908 114 33 måtte
380 906 36 34 få
436 906 156 42 följande
612 905 141 43 lydelse:
778 905 65 41 »Ej
866 905 105 33 heller
992 905 59 33 må
1071 905 46 41 på
1135 903 114 42 grund
1269 915 46 21 av
1336 902 110 34 sådan
1466 900 145 43 förplik-

123 961 84 34 telse
226 961 110 40 talan,
355 960 107 34 sedan
481 964 53 29 ett
555 960 39 33 år
612 958 153 35 förflutit
783 958 79 33 från
882 957 278 42 registreringen,
1179 956 130 34 väckas
1329 961 76 28 mot
1424 955 91 39 dem,
1537 966 76 22 som

122 1014 148 35 handlat
289 1015 20 32 å
328 1014 156 41 bolagets
505 1016 168 38 vägnar»,

169 1068 71 34 dels
260 1072 56 29 att
336 1068 10 33 i
367 1070 64 30 224
453 1066 15 39 8
487 1078 141 23 samma
643 1066 57 42 lag
718 1065 54 34 till
790 1068 83 31 näst
891 1064 86 34 sista
997 1064 142 42 stycket
1158 1063 110 34 skulle
1287 1062 111 42 fogas:
1421 1061 98 34 »Där
1538 1065 74 37 sty-

123 1122 87 34 relse
227 1121 119 34 består
368 1133 44 21 av
432 1120 127 34 endast
577 1132 43 21 en
639 1131 126 30 person
782 1119 84 33 eller
884 1118 125 34 endast
1029 1130 42 21 en
1092 1116 191 34 likvidator
1305 1115 113 34 finnes
1439 1114 174 35 erfordras

124 1174 193 35 emellertid
333 1174 76 34 icke
427 1178 55 29 att
500 1172 151 35 avskrift
668 1172 183 42 bestyrkes
871 1184 44 21 av
933 1183 73 22 mer
1026 1174 45 30 än
1089 1183 43 21 en
1150 1182 126 30 person
1295 1182 46 21 av
1359 1169 66 33 den
1443 1167 171 43 kategori,

124 1241 75 22 som
213 1241 48 21 nu
278 1231 179 36 nämnts»,

170 1282 71 33 dels
259 1281 66 34 ock
343 1285 55 30 att
416 1280 10 33 i
440 1280 169 34 skrivelse
626 1279 53 34 till
694 1279 133 41 Kungl.
846 1278 110 42 Maj:t
974 1278 141 33 anhålla
1133 1289 56 22 om
1209 1289 42 21 en
1270 1280 151 37 översyn
1440 1288 44 21 av
1504 1274 110 35 aktie-

126 1335 222 42 bolagslagen
369 1334 71 33 dels
460 1333 10 33 i
489 1333 155 34 formellt
663 1332 172 35 avseende
855 1331 54 34 för
927 1336 55 29 att
1001 1334 84 39 göra
1106 1331 207 33 densamma
1334 1328 281 42 överskådligare

125 1388 64 34 och
214 1387 310 42 lättbegripligare,
551 1386 72 34 dels
650 1398 40 21 ur
716 1385 112 42 saklig
852 1384 183 42 synpunkt
1060 1385 11 33 i
1096 1383 230 34 förenklande
1351 1382 92 42 syfte
1470 1382 66 34 och
1562 1381 53 34 för

126 1446 54 30 att
205 1441 169 42 antingen
398 1452 128 30 genom
548 1438 275 43 komplettering
848 1451 46 21 av
917 1438 100 41 lagen
1044 1438 82 33 eller
1151 1450 42 21 en
1217 1436 151 34 särskild
1394 1435 223 43 lagstiftning

126 1495 37 34 få
180 1494 53 33 till
251 1494 107 34 stånd
374 1493 121 43 regler,
513 1505 76 22 som
608 1493 117 33 bättre
745 1495 45 30 än
810 1491 206 34 nuvarande
1035 1491 57 41 lag
1111 1491 120 41 lämpa
1250 1489 51 42 sig
1321 1489 55 34 för
1395 1489 111 34 sådan
1526 1488 89 34 före-

126 1547 212 43 tagsamhet,
358 1559 76 22 som
457 1546 55 34 för
535 1546 220 34 närvarande
777 1545 12 34 i
812 1544 193 35 allmänhet
1030 1547 127 31 utövas
1178 1555 128 30 genom
1329 1543 43 33 de
1396 1542 135 34 mindre
1554 1542 61 33 bo-

126 1603 111 41 lagen,
259 1605 94 30 samt
374 1613 56 21 om
453 1599 263 42 framläggande
738 1598 54 34 för
815 1598 184 41 riksdagen
1023 1610 45 21 av
1092 1597 60 34 det
1173 1596 161 40 resultat,
1358 1595 115 34 vartill
1497 1595 119 34 utred-

126 1655 127 42 ningen
273 1654 72 34 kan
365 1653 192 34 föranleda.

171 1743 232 34 Beträffande
427 1743 69 33 vad
523 1742 220 34 motionären
768 1741 119 34 anfört
911 1741 52 33 till
990 1741 80 34 stöd
1096 1740 54 34 för
1172 1740 78 34 sina
1273 1739 183 42 yrkanden
1482 1739 55 34 får
1562 1743 55 29 ut-

128 1798 145 39 skottet,
291 1809 76 21 som
383 1796 159 33 kommer
560 1800 55 29 att
633 1795 176 34 behandla
827 1795 101 33 dessa
944 1807 62 21 var
1024 1794 54 33 för
1096 1794 61 41 sig,
1176 1793 150 34 hänvisa
1342 1793 53 33 till
1414 1793 68 33 vad
1500 1792 117 34 nedan

129 1849 171 42 återgives
321 1849 111 33 därav
451 1848 65 34 och
536 1848 11 33 i
567 1848 115 42 övrigt
701 1848 52 33 till
773 1847 198 34 motionens
991 1846 165 34 innehåll.

173 1938 188 34 Utskottet
377 1937 63 33 har
458 1937 10 33 i
488 1937 68 33 den
574 1936 147 41 ordning
742 1936 15 38 $
780 1939 42 29 46
842 1934 351 42 riksdagsordningen
1211 1933 210 34 föreskriver
1439 1932 178 34 inhämtat

127 1990 169 43 yttrande
327 1994 84 29 över
442 1989 181 34 motionen
656 1988 76 34 från
765 1992 142 39 patent-
939 1987 66 34 och
1035 1986 375 43 registreringsverket,
1443 1985 176 43 varjämte

128 2045 159 41 Sveriges
308 2043 327 41 advokatsamfund
656 2043 64 33 och
742 2042 161 41 Sveriges
922 2040 306 42 industriförbund
1251 2040 133 34 beretts
1406 2039 136 34 tillfälle
1565 2039 53 33 till

128 2098 179 42 yttrande.
322 2097 128 33 Vidare
466 2096 63 33 har
544 2096 78 33 från
638 2095 220 33 motionären
875 2094 52 34 till
944 2094 178 34 utskottet
1139 2093 109 34 under
1266 2093 96 33 hand
1380 2093 238 33 överlämnats

129 2150 175 41 åtskilliga
326 2149 220 42 handlingar,
569 2148 173 34 avseende
764 2160 43 21 en
830 2147 230 41 nedsättning
1083 2159 46 20 av
1150 2145 350 42 Kraftaktiebolaget
1522 2144 97 34 Gull-

129 2201 329 44 spång-Munkfors”
477 2201 243 41 aktiekapital.

455 2300 28 31 I.
519 2296 179 42 Ändring
722 2307 49 22 av
796 2298 44 31 30
864 2296 23 41 8
913 2297 379 39 aktiebolagslagen.

175 2381 17 32 I
209 2380 101 41 lagen
326 2379 69 33 den
414 2381 40 37 14
471 2378 200 42 september
688 2380 89 37 1944
792 2390 60 21 om
866 2376 199 42 aktiebolag
1085 2380 38 30 är
1139 2380 41 29 30
1202 2376 14 37 $
1239 2388 45 21 av
1302 2375 156 41 följande
1477 2374 141 42 lydelse:

282 2441 74 33 Blir
376 2441 108 41 enligt
503 2444 42 29 29
570 2440 14 38 $
608 2441 94 32 avtal
725 2439 179 34 bindande
924 2438 53 33 för
999 2439 151 40 bolaget,
1172 2438 58 33 må
1250 2437 225 41 ansvarighet
1496 2448 123 21 varom

237 2499 8 20 i
274 2489 43 29 28
346 2486 15 38 $
391 2486 110 33 andra
525 2485 140 41 stycket
689 2484 145 41 stadgas
862 2495 30 29 ej
922 2486 100 38 göras
1049 2482 172 42 gällande,
1248 2486 100 29 utom
1377 2482 109 33 såvitt
1513 2481 108 41 angår

129 2548 13 26 1
162 2563 33 4 —
214 2548 101 31 Bihang
333 2548 38 24 till
386 2547 148 31 riksdagens
549 2546 130 32 protokoll
691 2549 78 27 1949.
808 2549 15 22 9
843 2546 74 24 saml.
955 2549 14 21 1
990 2545 60 25 avd.
1088 2545 40 24 Nr
1146 2547 42 22 81.
