<?xml version="1.0" encoding="UTF-8"?>
<alto xmlns="http://www.loc.gov/standards/alto/ns-v3#" xmlns:xlink="http://www.w3.org/1999/xlink" xmlns:xsi="http://www.w3.org/2001/XMLSchema-instance" xsi:schemaLocation="http://www.loc.gov/standards/alto/ns-v3# http://www.loc.gov/alto/v3/alto-3-0.xsd">
	<Description>
		<MeasurementUnit>pixel</MeasurementUnit>
		<sourceImageInformation>
			<fileName>/tmp/tess_krxn1144_input.PNG</fileName>
		</sourceImageInformation>
		<OCRProcessing ID="OCR_0">
			<ocrProcessingStep>
				<processingSoftware>
					<softwareName>tesseract 5.3.0</softwareName>
				</processingSoftware>
			</ocrProcessingStep>
		</OCRProcessing>
	</Description>
	<Layout>
		<Page WIDTH="2208" HEIGHT="2608" PHYSICAL_IMG_NR="0" ID="page_0">
			<PrintSpace HPOS="0" VPOS="0" WIDTH="2208" HEIGHT="2608">
				<ComposedBlock ID="cblock_0" HPOS="714" VPOS="147" WIDTH="1086" HEIGHT="33">
					<TextBlock ID="block_0" HPOS="714" VPOS="147" WIDTH="1086" HEIGHT="33">
						<TextLine ID="line_0" HPOS="714" VPOS="147" WIDTH="1086" HEIGHT="33">
							<String ID="string_0" HPOS="714" VPOS="147" WIDTH="343" HEIGHT="31" WC="0.90" CONTENT="Jordbruksutskottets"/><SP WIDTH="26" VPOS="147" HPOS="1057"/>
							<String ID="string_1" HPOS="1083" VPOS="148" WIDTH="161" HEIGHT="31" WC="0.95" CONTENT="utlåtande"/><SP WIDTH="25" VPOS="148" HPOS="1244"/>
							<String ID="string_2" HPOS="1269" VPOS="149" WIDTH="50" HEIGHT="30" WC="0.0" CONTENT="Nix"/><SP WIDTH="24" VPOS="149" HPOS="1319"/>
							<String ID="string_3" HPOS="1343" VPOS="151" WIDTH="50" HEIGHT="28" WC="0.81" CONTENT="80."/><SP WIDTH="401" VPOS="151" HPOS="1393"/>
							<String ID="string_4" HPOS="1794" VPOS="152" WIDTH="6" HEIGHT="28" WC="0.94" CONTENT="i"/>
						</TextLine>
					</TextBlock>
				</ComposedBlock>
				<ComposedBlock ID="cblock_1" HPOS="829" VPOS="531" WIDTH="949" HEIGHT="191">
					<TextBlock ID="block_1" HPOS="829" VPOS="531" WIDTH="949" HEIGHT="191">
						<TextLine ID="line_1" HPOS="973" VPOS="531" WIDTH="151" HEIGHT="39">
							<String ID="string_5" HPOS="973" VPOS="531" WIDTH="58" HEIGHT="38" WC="0.91" CONTENT="Nr"/><SP WIDTH="27" VPOS="531" HPOS="1031"/>
							<String ID="string_6" HPOS="1058" VPOS="532" WIDTH="66" HEIGHT="38" WC="0.34" CONTENT="S0."/>
						</TextLine>
						<TextLine ID="line_2" HPOS="829" VPOS="685" WIDTH="949" HEIGHT="37">
							<String ID="string_7" HPOS="829" VPOS="685" WIDTH="110" HEIGHT="27" WC="0.96" CONTENT="Ankom"/><SP WIDTH="21" VPOS="685" HPOS="939"/>
							<String ID="string_8" HPOS="960" VPOS="686" WIDTH="41" HEIGHT="26" WC="0.96" CONTENT="till"/><SP WIDTH="22" VPOS="686" HPOS="1001"/>
							<String ID="string_9" HPOS="1023" VPOS="686" WIDTH="166" HEIGHT="36" WC="0.95" CONTENT="riksdagens"/><SP WIDTH="21" VPOS="686" HPOS="1189"/>
							<String ID="string_10" HPOS="1210" VPOS="687" WIDTH="90" HEIGHT="27" WC="0.94" CONTENT="kansli"/><SP WIDTH="21" VPOS="687" HPOS="1300"/>
							<String ID="string_11" HPOS="1321" VPOS="687" WIDTH="52" HEIGHT="26" WC="0.96" CONTENT="den"/><SP WIDTH="23" VPOS="687" HPOS="1373"/>
							<String ID="string_12" HPOS="1396" VPOS="688" WIDTH="33" HEIGHT="25" WC="0.96" CONTENT="10"/><SP WIDTH="18" VPOS="688" HPOS="1429"/>
							<String ID="string_13" HPOS="1447" VPOS="688" WIDTH="53" HEIGHT="34" WC="0.96" CONTENT="maj"/><SP WIDTH="23" VPOS="688" HPOS="1500"/>
							<String ID="string_14" HPOS="1523" VPOS="688" WIDTH="68" HEIGHT="25" WC="0.95" CONTENT="1918"/><SP WIDTH="19" VPOS="688" HPOS="1591"/>
							<String ID="string_15" HPOS="1610" VPOS="688" WIDTH="35" HEIGHT="25" WC="0.93" CONTENT="kl."/><SP WIDTH="20" VPOS="688" HPOS="1645"/>
							<String ID="string_16" HPOS="1665" VPOS="688" WIDTH="16" HEIGHT="26" WC="0.92" CONTENT="7"/><SP WIDTH="20" VPOS="688" HPOS="1681"/>
							<String ID="string_17" HPOS="1701" VPOS="697" WIDTH="22" HEIGHT="17" WC="0.88" CONTENT="e."/><SP WIDTH="20" VPOS="697" HPOS="1723"/>
							<String ID="string_18" HPOS="1743" VPOS="698" WIDTH="35" HEIGHT="16" WC="0.89" CONTENT="m."/>
						</TextLine>
					</TextBlock>
				</ComposedBlock>
				<ComposedBlock ID="cblock_2" HPOS="457" VPOS="825" WIDTH="1392" HEIGHT="253">
					<TextBlock ID="block_2" HPOS="457" VPOS="825" WIDTH="1392" HEIGHT="253">
						<TextLine ID="line_3" HPOS="457" VPOS="825" WIDTH="1391" HEIGHT="48">
							<String ID="string_19" HPOS="457" VPOS="825" WIDTH="205" HEIGHT="43" WC="0.96" CONTENT="Utlåtande,"/><SP WIDTH="31" VPOS="825" HPOS="662"/>
							<String ID="string_20" HPOS="693" VPOS="828" WIDTH="13" HEIGHT="33" WC="0.96" CONTENT="i"/><SP WIDTH="28" VPOS="828" HPOS="706"/>
							<String ID="string_21" HPOS="734" VPOS="827" WIDTH="197" HEIGHT="44" WC="0.95" CONTENT="anledning"/><SP WIDTH="30" VPOS="827" HPOS="931"/>
							<String ID="string_22" HPOS="961" VPOS="840" WIDTH="43" HEIGHT="23" WC="0.95" CONTENT="av"/><SP WIDTH="29" VPOS="840" HPOS="1004"/>
							<String ID="string_23" HPOS="1033" VPOS="829" WIDTH="132" HEIGHT="42" WC="0.94" CONTENT="Kungl."/><SP WIDTH="26" VPOS="829" HPOS="1165"/>
							<String ID="string_24" HPOS="1191" VPOS="829" WIDTH="133" HEIGHT="42" WC="0.41" CONTENT="Maj:ts"/><SP WIDTH="25" VPOS="829" HPOS="1324"/>
							<String ID="string_25" HPOS="1349" VPOS="830" WIDTH="7" HEIGHT="32" WC="0.96" CONTENT="i"/><SP WIDTH="15" VPOS="830" HPOS="1356"/>
							<String ID="string_26" HPOS="1371" VPOS="830" WIDTH="120" HEIGHT="43" WC="0.96" CONTENT="punkt"/><SP WIDTH="22" VPOS="830" HPOS="1491"/>
							<String ID="string_27" HPOS="1513" VPOS="832" WIDTH="49" HEIGHT="31" WC="0.96" CONTENT="97"/><SP WIDTH="20" VPOS="832" HPOS="1562"/>
							<String ID="string_28" HPOS="1582" VPOS="830" WIDTH="115" HEIGHT="34" WC="0.96" CONTENT="under"/><SP WIDTH="19" VPOS="830" HPOS="1697"/>
							<String ID="string_29" HPOS="1716" VPOS="831" WIDTH="132" HEIGHT="33" WC="0.96" CONTENT="nionde"/>
						</TextLine>
						<TextLine ID="line_4" HPOS="648" VPOS="895" WIDTH="1199" HEIGHT="46">
							<String ID="string_30" HPOS="648" VPOS="895" WIDTH="224" HEIGHT="36" WC="0.91" CONTENT="huvudtiteln"/><SP WIDTH="45" VPOS="895" HPOS="872"/>
							<String ID="string_31" HPOS="917" VPOS="908" WIDTH="44" HEIGHT="23" WC="0.90" CONTENT="av"/><SP WIDTH="33" VPOS="908" HPOS="961"/>
							<String ID="string_32" HPOS="994" VPOS="897" WIDTH="461" HEIGHT="44" WC="0.90" CONTENT="statsverkspropositionen"/><SP WIDTH="33" VPOS="897" HPOS="1455"/>
							<String ID="string_33" HPOS="1488" VPOS="897" WIDTH="130" HEIGHT="42" WC="0.93" CONTENT="gjorda"/><SP WIDTH="23" VPOS="897" HPOS="1618"/>
							<String ID="string_34" HPOS="1641" VPOS="897" WIDTH="206" HEIGHT="42" WC="0.91" CONTENT="framställ-"/>
						</TextLine>
						<TextLine ID="line_5" HPOS="648" VPOS="965" WIDTH="1200" HEIGHT="46">
							<String ID="string_35" HPOS="648" VPOS="965" WIDTH="87" HEIGHT="43" WC="0.96" CONTENT="ning"/><SP WIDTH="33" VPOS="965" HPOS="735"/>
							<String ID="string_36" HPOS="768" VPOS="965" WIDTH="187" HEIGHT="44" WC="0.94" CONTENT="angående"/><SP WIDTH="32" VPOS="965" HPOS="955"/>
							<String ID="string_37" HPOS="987" VPOS="966" WIDTH="334" HEIGHT="44" WC="0.95" CONTENT="sammanslagning"/><SP WIDTH="33" VPOS="966" HPOS="1321"/>
							<String ID="string_38" HPOS="1354" VPOS="977" WIDTH="43" HEIGHT="23" WC="0.91" CONTENT="av"/><SP WIDTH="34" VPOS="977" HPOS="1397"/>
							<String ID="string_39" HPOS="1431" VPOS="966" WIDTH="275" HEIGHT="44" WC="0.88" CONTENT="hydrografiska"/><SP WIDTH="30" VPOS="966" HPOS="1706"/>
							<String ID="string_40" HPOS="1736" VPOS="967" WIDTH="112" HEIGHT="44" WC="0.90" CONTENT="byran"/>
						</TextLine>
						<TextLine ID="line_6" HPOS="646" VPOS="1033" WIDTH="1203" HEIGHT="45">
							<String ID="string_41" HPOS="646" VPOS="1033" WIDTH="79" HEIGHT="34" WC="0.96" CONTENT="med"/><SP WIDTH="27" VPOS="1033" HPOS="725"/>
							<String ID="string_42" HPOS="752" VPOS="1034" WIDTH="291" HEIGHT="44" WC="0.93" CONTENT="meteorologiska"/><SP WIDTH="29" VPOS="1034" HPOS="1043"/>
							<String ID="string_43" HPOS="1072" VPOS="1034" WIDTH="319" HEIGHT="36" WC="0.91" CONTENT="centralanstalten"/><SP WIDTH="29" VPOS="1034" HPOS="1391"/>
							<String ID="string_44" HPOS="1420" VPOS="1040" WIDTH="162" HEIGHT="29" WC="0.96" CONTENT="ävensom"/><SP WIDTH="31" VPOS="1040" HPOS="1582"/>
							<String ID="string_45" HPOS="1613" VPOS="1038" WIDTH="50" HEIGHT="32" WC="0.96" CONTENT="tre"/><SP WIDTH="27" VPOS="1038" HPOS="1663"/>
							<String ID="string_46" HPOS="1690" VPOS="1037" WIDTH="12" HEIGHT="33" WC="0.96" CONTENT="i"/><SP WIDTH="29" VPOS="1037" HPOS="1702"/>
							<String ID="string_47" HPOS="1731" VPOS="1039" WIDTH="118" HEIGHT="30" WC="0.96" CONTENT="ämnet"/>
						</TextLine>
					</TextBlock>
				</ComposedBlock>
				<ComposedBlock ID="cblock_3" HPOS="648" VPOS="1103" WIDTH="336" HEIGHT="35">
					<TextBlock ID="block_3" HPOS="648" VPOS="1103" WIDTH="336" HEIGHT="35">
						<TextLine ID="line_7" HPOS="648" VPOS="1103" WIDTH="336" HEIGHT="35">
							<String ID="string_48" HPOS="648" VPOS="1103" WIDTH="126" HEIGHT="34" WC="0.96" CONTENT="väckta"/><SP WIDTH="28" VPOS="1103" HPOS="774"/>
							<String ID="string_49" HPOS="802" VPOS="1103" WIDTH="182" HEIGHT="35" WC="0.95" CONTENT="motioner."/>
						</TextLine>
					</TextBlock>
				</ComposedBlock>
				<ComposedBlock ID="cblock_4" HPOS="245" VPOS="1255" WIDTH="1604" HEIGHT="1086">
					<TextBlock ID="block_4" HPOS="245" VPOS="1255" WIDTH="1604" HEIGHT="205">
						<TextLine ID="line_8" HPOS="379" VPOS="1255" WIDTH="1467" HEIGHT="51">
							<String ID="string_50" HPOS="379" VPOS="1255" WIDTH="16" HEIGHT="35" WC="0.96" CONTENT="I"/><SP WIDTH="29" VPOS="1255" HPOS="395"/>
							<String ID="string_51" HPOS="424" VPOS="1255" WIDTH="72" HEIGHT="36" WC="0.96" CONTENT="den"/><SP WIDTH="33" VPOS="1255" HPOS="496"/>
							<String ID="string_52" HPOS="529" VPOS="1256" WIDTH="56" HEIGHT="35" WC="0.96" CONTENT="till"/><SP WIDTH="32" VPOS="1256" HPOS="585"/>
							<String ID="string_53" HPOS="617" VPOS="1255" WIDTH="204" HEIGHT="48" WC="0.96" CONTENT="riksdagen"/><SP WIDTH="32" VPOS="1255" HPOS="821"/>
							<String ID="string_54" HPOS="853" VPOS="1256" WIDTH="73" HEIGHT="36" WC="0.96" CONTENT="den"/><SP WIDTH="33" VPOS="1256" HPOS="926"/>
							<String ID="string_55" HPOS="959" VPOS="1259" WIDTH="45" HEIGHT="33" WC="0.96" CONTENT="14"/><SP WIDTH="24" VPOS="1259" HPOS="1004"/>
							<String ID="string_56" HPOS="1028" VPOS="1257" WIDTH="152" HEIGHT="48" WC="0.95" CONTENT="januari"/><SP WIDTH="31" VPOS="1257" HPOS="1180"/>
							<String ID="string_57" HPOS="1211" VPOS="1259" WIDTH="97" HEIGHT="34" WC="0.93" CONTENT="1918"/><SP WIDTH="30" VPOS="1259" HPOS="1308"/>
							<String ID="string_58" HPOS="1338" VPOS="1258" WIDTH="152" HEIGHT="35" WC="0.92" CONTENT="avlåtna"/><SP WIDTH="29" VPOS="1258" HPOS="1490"/>
							<String ID="string_59" HPOS="1519" VPOS="1259" WIDTH="233" HEIGHT="47" WC="0.93" CONTENT="proposition"/><SP WIDTH="29" VPOS="1259" HPOS="1752"/>
							<String ID="string_60" HPOS="1781" VPOS="1273" WIDTH="65" HEIGHT="21" WC="0.91" CONTENT="an-"/>
						</TextLine>
						<TextLine ID="line_9" HPOS="245" VPOS="1306" WIDTH="1603" HEIGHT="49">
							<String ID="string_61" HPOS="245" VPOS="1306" WIDTH="148" HEIGHT="49" WC="0.93" CONTENT="gående"/><SP WIDTH="42" VPOS="1306" HPOS="393"/>
							<String ID="string_62" HPOS="435" VPOS="1307" WIDTH="247" HEIGHT="36" WC="0.90" CONTENT="statsverkets"/><SP WIDTH="42" VPOS="1307" HPOS="682"/>
							<String ID="string_63" HPOS="724" VPOS="1308" WIDTH="169" HEIGHT="36" WC="0.93" CONTENT="tillstånd"/><SP WIDTH="42" VPOS="1308" HPOS="893"/>
							<String ID="string_64" HPOS="935" VPOS="1309" WIDTH="70" HEIGHT="35" WC="0.96" CONTENT="och"/><SP WIDTH="41" VPOS="1309" HPOS="1005"/>
							<String ID="string_65" HPOS="1046" VPOS="1309" WIDTH="135" HEIGHT="45" WC="0.95" CONTENT="behov,"/><SP WIDTH="39" VPOS="1309" HPOS="1181"/>
							<String ID="string_66" HPOS="1220" VPOS="1309" WIDTH="126" HEIGHT="36" WC="0.96" CONTENT="vilken"/><SP WIDTH="30" VPOS="1309" HPOS="1346"/>
							<String ID="string_67" HPOS="1376" VPOS="1310" WIDTH="11" HEIGHT="34" WC="0.96" CONTENT="i"/><SP WIDTH="28" VPOS="1310" HPOS="1387"/>
							<String ID="string_68" HPOS="1415" VPOS="1309" WIDTH="73" HEIGHT="36" WC="0.96" CONTENT="vad"/><SP WIDTH="34" VPOS="1309" HPOS="1488"/>
							<String ID="string_69" HPOS="1522" VPOS="1310" WIDTH="70" HEIGHT="36" WC="0.96" CONTENT="den"/><SP WIDTH="28" VPOS="1310" HPOS="1592"/>
							<String ID="string_70" HPOS="1620" VPOS="1315" WIDTH="63" HEIGHT="31" WC="0.96" CONTENT="rör"/><SP WIDTH="27" VPOS="1315" HPOS="1683"/>
							<String ID="string_71" HPOS="1710" VPOS="1310" WIDTH="138" HEIGHT="36" WC="0.95" CONTENT="nionde"/>
						</TextLine>
						<TextLine ID="line_10" HPOS="249" VPOS="1358" WIDTH="1600" HEIGHT="52">
							<String ID="string_72" HPOS="249" VPOS="1358" WIDTH="239" HEIGHT="36" WC="0.67" CONTENT="huvnudtiteln"/><SP WIDTH="40" VPOS="1358" HPOS="488"/>
							<String ID="string_73" HPOS="528" VPOS="1359" WIDTH="229" HEIGHT="36" WC="0.93" CONTENT="remitterats"/><SP WIDTH="42" VPOS="1359" HPOS="757"/>
							<String ID="string_74" HPOS="799" VPOS="1360" WIDTH="55" HEIGHT="35" WC="0.91" CONTENT="till"/><SP WIDTH="36" VPOS="1360" HPOS="854"/>
							<String ID="string_75" HPOS="890" VPOS="1360" WIDTH="402" HEIGHT="47" WC="0.91" CONTENT="jordbruksutskottet,"/><SP WIDTH="31" VPOS="1360" HPOS="1292"/>
							<String ID="string_76" HPOS="1323" VPOS="1361" WIDTH="68" HEIGHT="35" WC="0.96" CONTENT="har"/><SP WIDTH="29" VPOS="1361" HPOS="1391"/>
							<String ID="string_77" HPOS="1420" VPOS="1361" WIDTH="137" HEIGHT="49" WC="0.94" CONTENT="Kungl."/><SP WIDTH="37" VPOS="1361" HPOS="1557"/>
							<String ID="string_78" HPOS="1594" VPOS="1362" WIDTH="107" HEIGHT="48" WC="0.96" CONTENT="Maj:t"/><SP WIDTH="27" VPOS="1362" HPOS="1701"/>
							<String ID="string_79" HPOS="1728" VPOS="1363" WIDTH="121" HEIGHT="34" WC="0.95" CONTENT="under"/>
						</TextLine>
						<TextLine ID="line_11" HPOS="249" VPOS="1409" WIDTH="1225" HEIGHT="51">
							<String ID="string_80" HPOS="249" VPOS="1409" WIDTH="120" HEIGHT="48" WC="0.96" CONTENT="punkt"/><SP WIDTH="30" VPOS="1409" HPOS="369"/>
							<String ID="string_81" HPOS="399" VPOS="1411" WIDTH="45" HEIGHT="34" WC="0.96" CONTENT="97"/><SP WIDTH="32" VPOS="1411" HPOS="444"/>
							<String ID="string_82" HPOS="476" VPOS="1422" WIDTH="46" HEIGHT="23" WC="0.96" CONTENT="av"/><SP WIDTH="26" VPOS="1422" HPOS="522"/>
							<String ID="string_83" HPOS="548" VPOS="1423" WIDTH="144" HEIGHT="23" WC="0.93" CONTENT="samma"/><SP WIDTH="32" VPOS="1423" HPOS="692"/>
							<String ID="string_84" HPOS="724" VPOS="1411" WIDTH="209" HEIGHT="35" WC="0.62" CONTENT="huvnudtitel"/><SP WIDTH="28" VPOS="1411" HPOS="933"/>
							<String ID="string_85" HPOS="961" VPOS="1411" WIDTH="197" HEIGHT="48" WC="0.96" CONTENT="föreslagit"/><SP WIDTH="26" VPOS="1411" HPOS="1158"/>
							<String ID="string_86" HPOS="1184" VPOS="1412" WIDTH="204" HEIGHT="48" WC="0.94" CONTENT="riksdagen"/><SP WIDTH="31" VPOS="1412" HPOS="1388"/>
							<String ID="string_87" HPOS="1419" VPOS="1417" WIDTH="55" HEIGHT="31" WC="0.96" CONTENT="att"/>
						</TextLine>
					</TextBlock>
					<TextBlock ID="block_5" HPOS="248" VPOS="1461" WIDTH="1601" HEIGHT="257">
						<TextLine ID="line_12" HPOS="377" VPOS="1461" WIDTH="1472" HEIGHT="52">
							<String ID="string_88" HPOS="377" VPOS="1462" WIDTH="76" HEIGHT="35" WC="0.96" CONTENT="dels"/><SP WIDTH="41" VPOS="1462" HPOS="453"/>
							<String ID="string_89" HPOS="494" VPOS="1461" WIDTH="203" HEIGHT="48" WC="0.94" CONTENT="godkänna"/><SP WIDTH="27" VPOS="1461" HPOS="697"/>
							<String ID="string_90" HPOS="724" VPOS="1462" WIDTH="12" HEIGHT="35" WC="0.87" CONTENT="1"/><SP WIDTH="29" VPOS="1462" HPOS="736"/>
							<String ID="string_91" HPOS="765" VPOS="1462" WIDTH="410" HEIGHT="45" WC="0.91" CONTENT="statsrådsprotokollet"/><SP WIDTH="40" VPOS="1462" HPOS="1175"/>
							<String ID="string_92" HPOS="1215" VPOS="1464" WIDTH="148" HEIGHT="48" WC="0.96" CONTENT="intaget"/><SP WIDTH="41" VPOS="1464" HPOS="1363"/>
							<String ID="string_93" HPOS="1404" VPOS="1464" WIDTH="142" HEIGHT="49" WC="0.94" CONTENT="förslag"/><SP WIDTH="41" VPOS="1464" HPOS="1546"/>
							<String ID="string_94" HPOS="1587" VPOS="1465" WIDTH="57" HEIGHT="35" WC="0.94" CONTENT="till"/><SP WIDTH="41" VPOS="1465" HPOS="1644"/>
							<String ID="string_95" HPOS="1685" VPOS="1471" WIDTH="73" HEIGHT="29" WC="0.95" CONTENT="stat"/><SP WIDTH="34" VPOS="1471" HPOS="1758"/>
							<String ID="string_96" HPOS="1792" VPOS="1465" WIDTH="57" HEIGHT="36" WC="0.96" CONTENT="för"/>
						</TextLine>
						<TextLine ID="line_13" HPOS="248" VPOS="1514" WIDTH="1599" HEIGHT="50">
							<String ID="string_97" HPOS="248" VPOS="1517" WIDTH="143" HEIGHT="32" WC="0.91" CONTENT="statens"/><SP WIDTH="43" VPOS="1517" HPOS="391"/>
							<String ID="string_98" HPOS="434" VPOS="1514" WIDTH="601" HEIGHT="49" WC="0.91" CONTENT="meteorologisk-hydrografiska"/><SP WIDTH="36" VPOS="1514" HPOS="1035"/>
							<String ID="string_99" HPOS="1071" VPOS="1515" WIDTH="150" HEIGHT="45" WC="0.96" CONTENT="anstalt,"/><SP WIDTH="31" VPOS="1515" HPOS="1221"/>
							<String ID="string_100" HPOS="1252" VPOS="1521" WIDTH="54" HEIGHT="30" WC="0.96" CONTENT="att"/><SP WIDTH="29" VPOS="1521" HPOS="1306"/>
							<String ID="string_101" HPOS="1335" VPOS="1515" WIDTH="189" HEIGHT="49" WC="0.96" CONTENT="tillämpas"/><SP WIDTH="29" VPOS="1515" HPOS="1524"/>
							<String ID="string_102" HPOS="1553" VPOS="1516" WIDTH="80" HEIGHT="36" WC="0.96" CONTENT="från"/><SP WIDTH="32" VPOS="1516" HPOS="1633"/>
							<String ID="string_103" HPOS="1665" VPOS="1516" WIDTH="69" HEIGHT="37" WC="0.96" CONTENT="och"/><SP WIDTH="31" VPOS="1516" HPOS="1734"/>
							<String ID="string_104" HPOS="1765" VPOS="1517" WIDTH="82" HEIGHT="36" WC="0.96" CONTENT="med"/>
						</TextLine>
						<TextLine ID="line_14" HPOS="248" VPOS="1566" WIDTH="1600" HEIGHT="51">
							<String ID="string_105" HPOS="248" VPOS="1567" WIDTH="41" HEIGHT="33" WC="0.96" CONTENT="år"/><SP WIDTH="27" VPOS="1567" HPOS="289"/>
							<String ID="string_106" HPOS="316" VPOS="1566" WIDTH="105" HEIGHT="44" WC="0.94" CONTENT="1919,"/><SP WIDTH="23" VPOS="1566" HPOS="421"/>
							<String ID="string_107" HPOS="444" VPOS="1569" WIDTH="179" HEIGHT="32" WC="0.96" CONTENT="ävensom"/><SP WIDTH="21" VPOS="1569" HPOS="623"/>
							<String ID="string_108" HPOS="644" VPOS="1566" WIDTH="45" HEIGHT="35" WC="0.95" CONTENT="de"/><SP WIDTH="20" VPOS="1566" HPOS="689"/>
							<String ID="string_109" HPOS="709" VPOS="1566" WIDTH="136" HEIGHT="36" WC="0.96" CONTENT="villkor"/><SP WIDTH="19" VPOS="1566" HPOS="845"/>
							<String ID="string_110" HPOS="864" VPOS="1566" WIDTH="69" HEIGHT="36" WC="0.96" CONTENT="och"/><SP WIDTH="24" VPOS="1566" HPOS="933"/>
							<String ID="string_111" HPOS="957" VPOS="1566" WIDTH="294" HEIGHT="47" WC="0.91" CONTENT="bestämmelser,"/><SP WIDTH="17" VPOS="1566" HPOS="1251"/>
							<String ID="string_112" HPOS="1268" VPOS="1580" WIDTH="81" HEIGHT="23" WC="0.95" CONTENT="som"/><SP WIDTH="21" VPOS="1580" HPOS="1349"/>
							<String ID="string_113" HPOS="1370" VPOS="1581" WIDTH="46" HEIGHT="22" WC="0.93" CONTENT="av"/><SP WIDTH="21" VPOS="1581" HPOS="1416"/>
							<String ID="string_114" HPOS="1437" VPOS="1568" WIDTH="411" HEIGHT="49" WC="0.91" CONTENT="departementechefen"/>
						</TextLine>
						<TextLine ID="line_15" HPOS="249" VPOS="1616" WIDTH="1598" HEIGHT="52">
							<String ID="string_115" HPOS="249" VPOS="1616" WIDTH="215" HEIGHT="49" WC="0.96" CONTENT="föreslagits"/><SP WIDTH="31" VPOS="1616" HPOS="464"/>
							<String ID="string_116" HPOS="495" VPOS="1617" WIDTH="57" HEIGHT="36" WC="0.97" CONTENT="för"/><SP WIDTH="32" VPOS="1617" HPOS="552"/>
							<String ID="string_117" HPOS="584" VPOS="1618" WIDTH="219" HEIGHT="47" WC="0.47" CONTENT="åtnjutande"/><SP WIDTH="29" VPOS="1618" HPOS="803"/>
							<String ID="string_118" HPOS="832" VPOS="1632" WIDTH="47" HEIGHT="22" WC="0.96" CONTENT="av"/><SP WIDTH="29" VPOS="1632" HPOS="879"/>
							<String ID="string_119" HPOS="908" VPOS="1618" WIDTH="45" HEIGHT="36" WC="0.96" CONTENT="de"/><SP WIDTH="29" VPOS="1618" HPOS="953"/>
							<String ID="string_120" HPOS="982" VPOS="1619" WIDTH="10" HEIGHT="35" WC="0.96" CONTENT="i"/><SP WIDTH="30" VPOS="1619" HPOS="992"/>
							<String ID="string_121" HPOS="1022" VPOS="1631" WIDTH="144" HEIGHT="23" WC="0.96" CONTENT="samma"/><SP WIDTH="28" VPOS="1631" HPOS="1166"/>
							<String ID="string_122" HPOS="1194" VPOS="1624" WIDTH="75" HEIGHT="31" WC="0.96" CONTENT="stat"/><SP WIDTH="27" VPOS="1624" HPOS="1269"/>
							<String ID="string_123" HPOS="1296" VPOS="1619" WIDTH="57" HEIGHT="35" WC="0.96" CONTENT="för"/><SP WIDTH="29" VPOS="1619" HPOS="1353"/>
							<String ID="string_124" HPOS="1382" VPOS="1620" WIDTH="186" HEIGHT="36" WC="0.93" CONTENT="ordinarie"/><SP WIDTH="28" VPOS="1620" HPOS="1568"/>
							<String ID="string_125" HPOS="1596" VPOS="1620" WIDTH="251" HEIGHT="48" WC="0.52" CONTENT="befattning&#39;s-"/>
						</TextLine>
						<TextLine ID="line_16" HPOS="248" VPOS="1668" WIDTH="797" HEIGHT="50">
							<String ID="string_126" HPOS="248" VPOS="1668" WIDTH="137" HEIGHT="36" WC="0.82" CONTENT="havare"/><SP WIDTH="30" VPOS="1668" HPOS="385"/>
							<String ID="string_127" HPOS="415" VPOS="1674" WIDTH="196" HEIGHT="43" WC="0.93" CONTENT="upptagna"/><SP WIDTH="28" VPOS="1674" HPOS="611"/>
							<String ID="string_128" HPOS="639" VPOS="1670" WIDTH="406" HEIGHT="48" WC="0.91" CONTENT="avlöningsförmåner:"/>
						</TextLine>
					</TextBlock>
					<TextBlock ID="block_6" HPOS="248" VPOS="1720" WIDTH="1601" HEIGHT="152">
						<TextLine ID="line_17" HPOS="378" VPOS="1720" WIDTH="1468" HEIGHT="51">
							<String ID="string_129" HPOS="378" VPOS="1722" WIDTH="76" HEIGHT="35" WC="0.96" CONTENT="dels"/><SP WIDTH="28" VPOS="1722" HPOS="454"/>
							<String ID="string_130" HPOS="482" VPOS="1720" WIDTH="174" HEIGHT="45" WC="0.96" CONTENT="förklara,"/><SP WIDTH="31" VPOS="1720" HPOS="656"/>
							<String ID="string_131" HPOS="687" VPOS="1727" WIDTH="53" HEIGHT="30" WC="0.96" CONTENT="att"/><SP WIDTH="29" VPOS="1727" HPOS="740"/>
							<String ID="string_132" HPOS="769" VPOS="1734" WIDTH="46" HEIGHT="23" WC="0.96" CONTENT="en"/><SP WIDTH="28" VPOS="1734" HPOS="815"/>
							<String ID="string_133" HPOS="843" VPOS="1735" WIDTH="79" HEIGHT="33" WC="0.95" CONTENT="var,"/><SP WIDTH="30" VPOS="1735" HPOS="922"/>
							<String ID="string_134" HPOS="952" VPOS="1735" WIDTH="80" HEIGHT="23" WC="0.95" CONTENT="som"/><SP WIDTH="29" VPOS="1735" HPOS="1032"/>
							<String ID="string_135" HPOS="1061" VPOS="1722" WIDTH="85" HEIGHT="36" WC="0.95" CONTENT="med"/><SP WIDTH="29" VPOS="1722" HPOS="1146"/>
							<String ID="string_136" HPOS="1175" VPOS="1723" WIDTH="89" HEIGHT="35" WC="0.96" CONTENT="eller"/><SP WIDTH="28" VPOS="1723" HPOS="1264"/>
							<String ID="string_137" HPOS="1292" VPOS="1722" WIDTH="95" HEIGHT="37" WC="0.96" CONTENT="efter"/><SP WIDTH="19" VPOS="1722" HPOS="1387"/>
							<String ID="string_138" HPOS="1406" VPOS="1724" WIDTH="194" HEIGHT="47" WC="0.96" CONTENT="ingången"/><SP WIDTH="21" VPOS="1724" HPOS="1600"/>
							<String ID="string_139" HPOS="1621" VPOS="1737" WIDTH="47" HEIGHT="23" WC="0.96" CONTENT="av"/><SP WIDTH="20" VPOS="1737" HPOS="1668"/>
							<String ID="string_140" HPOS="1688" VPOS="1726" WIDTH="39" HEIGHT="33" WC="0.94" CONTENT="år"/><SP WIDTH="23" VPOS="1726" HPOS="1727"/>
							<String ID="string_141" HPOS="1750" VPOS="1726" WIDTH="96" HEIGHT="34" WC="0.96" CONTENT="1919"/>
						</TextLine>
						<TextLine ID="line_18" HPOS="248" VPOS="1771" WIDTH="1601" HEIGHT="53">
							<String ID="string_142" HPOS="248" VPOS="1771" WIDTH="186" HEIGHT="36" WC="0.96" CONTENT="tillträder"/><SP WIDTH="28" VPOS="1771" HPOS="434"/>
							<String ID="string_143" HPOS="462" VPOS="1772" WIDTH="186" HEIGHT="36" WC="0.96" CONTENT="ordinarie"/><SP WIDTH="29" VPOS="1772" HPOS="648"/>
							<String ID="string_144" HPOS="677" VPOS="1773" WIDTH="214" HEIGHT="48" WC="0.96" CONTENT="befattning"/><SP WIDTH="29" VPOS="1773" HPOS="891"/>
							<String ID="string_145" HPOS="920" VPOS="1774" WIDTH="60" HEIGHT="35" WC="0.96" CONTENT="vid"/><SP WIDTH="30" VPOS="1774" HPOS="980"/>
							<String ID="string_146" HPOS="1010" VPOS="1774" WIDTH="287" HEIGHT="48" WC="0.95" CONTENT="ifrågavarande"/><SP WIDTH="20" VPOS="1774" HPOS="1297"/>
							<String ID="string_147" HPOS="1317" VPOS="1775" WIDTH="149" HEIGHT="46" WC="0.96" CONTENT="anstalt,"/><SP WIDTH="21" VPOS="1775" HPOS="1466"/>
							<String ID="string_148" HPOS="1487" VPOS="1775" WIDTH="94" HEIGHT="36" WC="0.96" CONTENT="skall"/><SP WIDTH="21" VPOS="1775" HPOS="1581"/>
							<String ID="string_149" HPOS="1602" VPOS="1789" WIDTH="89" HEIGHT="22" WC="0.93" CONTENT="vara"/><SP WIDTH="19" VPOS="1789" HPOS="1691"/>
							<String ID="string_150" HPOS="1710" VPOS="1776" WIDTH="139" HEIGHT="48" WC="0.92" CONTENT="pliktig"/>
						</TextLine>
						<TextLine ID="line_19" HPOS="249" VPOS="1824" WIDTH="1275" HEIGHT="48">
							<String ID="string_151" HPOS="249" VPOS="1830" WIDTH="55" HEIGHT="28" WC="0.96" CONTENT="att"/><SP WIDTH="27" VPOS="1830" HPOS="304"/>
							<String ID="string_152" HPOS="331" VPOS="1824" WIDTH="229" HEIGHT="36" WC="0.96" CONTENT="underkasta"/><SP WIDTH="28" VPOS="1824" HPOS="560"/>
							<String ID="string_153" HPOS="588" VPOS="1824" WIDTH="61" HEIGHT="48" WC="0.93" CONTENT="sig"/><SP WIDTH="27" VPOS="1824" HPOS="649"/>
							<String ID="string_154" HPOS="676" VPOS="1825" WIDTH="258" HEIGHT="36" WC="0.92" CONTENT="ovanberörda"/><SP WIDTH="28" VPOS="1825" HPOS="934"/>
							<String ID="string_155" HPOS="962" VPOS="1825" WIDTH="136" HEIGHT="36" WC="0.96" CONTENT="villkor"/><SP WIDTH="28" VPOS="1825" HPOS="1098"/>
							<String ID="string_156" HPOS="1126" VPOS="1826" WIDTH="69" HEIGHT="36" WC="0.96" CONTENT="och"/><SP WIDTH="31" VPOS="1826" HPOS="1195"/>
							<String ID="string_157" HPOS="1226" VPOS="1826" WIDTH="298" HEIGHT="44" WC="0.96" CONTENT="bestämmelser;"/>
						</TextLine>
					</TextBlock>
					<TextBlock ID="block_7" HPOS="248" VPOS="1876" WIDTH="1599" HEIGHT="303">
						<TextLine ID="line_20" HPOS="380" VPOS="1876" WIDTH="1467" HEIGHT="52">
							<String ID="string_158" HPOS="380" VPOS="1877" WIDTH="75" HEIGHT="35" WC="0.92" CONTENT="dels"/><SP WIDTH="29" VPOS="1877" HPOS="455"/>
							<String ID="string_159" HPOS="484" VPOS="1876" WIDTH="177" HEIGHT="47" WC="0.91" CONTENT="medgiva"/><SP WIDTH="28" VPOS="1876" HPOS="661"/>
							<String ID="string_160" HPOS="689" VPOS="1882" WIDTH="64" HEIGHT="40" WC="0.96" CONTENT="att,"/><SP WIDTH="30" VPOS="1882" HPOS="753"/>
							<String ID="string_161" HPOS="783" VPOS="1876" WIDTH="124" HEIGHT="36" WC="0.93" CONTENT="därest"/><SP WIDTH="28" VPOS="1876" HPOS="907"/>
							<String ID="string_162" HPOS="935" VPOS="1876" WIDTH="363" HEIGHT="49" WC="0.88" CONTENT="byråingenjörerna"/><SP WIDTH="27" VPOS="1876" HPOS="1298"/>
							<String ID="string_163" HPOS="1325" VPOS="1877" WIDTH="64" HEIGHT="36" WC="0.93" CONTENT="vid"/><SP WIDTH="29" VPOS="1877" HPOS="1389"/>
							<String ID="string_164" HPOS="1418" VPOS="1878" WIDTH="287" HEIGHT="49" WC="0.92" CONTENT="hydrografiska"/><SP WIDTH="25" VPOS="1878" HPOS="1705"/>
							<String ID="string_165" HPOS="1730" VPOS="1879" WIDTH="117" HEIGHT="49" WC="0.96" CONTENT="byrån"/>
						</TextLine>
						<TextLine ID="line_21" HPOS="248" VPOS="1926" WIDTH="1599" HEIGHT="52">
							<String ID="string_166" HPOS="248" VPOS="1926" WIDTH="164" HEIGHT="49" WC="0.96" CONTENT="Magnus"/><SP WIDTH="33" VPOS="1926" HPOS="412"/>
							<String ID="string_167" HPOS="445" VPOS="1927" WIDTH="179" HEIGHT="37" WC="0.96" CONTENT="Albrecht"/><SP WIDTH="27" VPOS="1927" HPOS="624"/>
							<String ID="string_168" HPOS="651" VPOS="1928" WIDTH="162" HEIGHT="36" WC="0.96" CONTENT="Richard"/><SP WIDTH="30" VPOS="1928" HPOS="813"/>
							<String ID="string_169" HPOS="843" VPOS="1928" WIDTH="211" HEIGHT="49" WC="0.96" CONTENT="Smedberg"/><SP WIDTH="28" VPOS="1928" HPOS="1054"/>
							<String ID="string_170" HPOS="1082" VPOS="1929" WIDTH="70" HEIGHT="36" WC="0.96" CONTENT="och"/><SP WIDTH="32" VPOS="1929" HPOS="1152"/>
							<String ID="string_171" HPOS="1184" VPOS="1929" WIDTH="88" HEIGHT="36" WC="0.95" CONTENT="Erik"/><SP WIDTH="31" VPOS="1929" HPOS="1272"/>
							<String ID="string_172" HPOS="1303" VPOS="1928" WIDTH="91" HEIGHT="38" WC="0.96" CONTENT="Olof"/><SP WIDTH="25" VPOS="1928" HPOS="1394"/>
							<String ID="string_173" HPOS="1419" VPOS="1930" WIDTH="204" HEIGHT="48" WC="0.93" CONTENT="Engström"/><SP WIDTH="30" VPOS="1930" HPOS="1623"/>
							<String ID="string_174" HPOS="1653" VPOS="1930" WIDTH="194" HEIGHT="37" WC="0.92" CONTENT="befordras"/>
						</TextLine>
						<TextLine ID="line_22" HPOS="248" VPOS="1978" WIDTH="1599" HEIGHT="53">
							<String ID="string_175" HPOS="248" VPOS="1978" WIDTH="56" HEIGHT="36" WC="0.87" CONTENT="till"/><SP WIDTH="41" VPOS="1978" HPOS="304"/>
							<String ID="string_176" HPOS="345" VPOS="1980" WIDTH="230" HEIGHT="44" WC="0.61" CONTENT="tjänstemän"/><SP WIDTH="41" VPOS="1980" HPOS="575"/>
							<String ID="string_177" HPOS="616" VPOS="1993" WIDTH="46" HEIGHT="23" WC="0.96" CONTENT="av"/><SP WIDTH="41" VPOS="1993" HPOS="662"/>
							<String ID="string_178" HPOS="703" VPOS="1980" WIDTH="116" HEIGHT="36" WC="0.96" CONTENT="andra"/><SP WIDTH="40" VPOS="1980" HPOS="819"/>
							<String ID="string_179" HPOS="859" VPOS="1980" WIDTH="143" HEIGHT="48" WC="0.95" CONTENT="graden"/><SP WIDTH="43" VPOS="1980" HPOS="1002"/>
							<String ID="string_180" HPOS="1045" VPOS="1981" WIDTH="60" HEIGHT="35" WC="0.96" CONTENT="vid"/><SP WIDTH="30" VPOS="1981" HPOS="1105"/>
							<String ID="string_181" HPOS="1135" VPOS="1980" WIDTH="72" HEIGHT="37" WC="0.96" CONTENT="den"/><SP WIDTH="29" VPOS="1980" HPOS="1207"/>
							<String ID="string_182" HPOS="1236" VPOS="1995" WIDTH="73" HEIGHT="36" WC="0.96" CONTENT="nya"/><SP WIDTH="29" VPOS="1995" HPOS="1309"/>
							<String ID="string_183" HPOS="1338" VPOS="1983" WIDTH="185" HEIGHT="35" WC="0.96" CONTENT="anstalten"/><SP WIDTH="33" VPOS="1983" HPOS="1523"/>
							<String ID="string_184" HPOS="1556" VPOS="1982" WIDTH="81" HEIGHT="36" WC="0.96" CONTENT="från"/><SP WIDTH="28" VPOS="1982" HPOS="1637"/>
							<String ID="string_185" HPOS="1665" VPOS="1982" WIDTH="68" HEIGHT="37" WC="0.96" CONTENT="och"/><SP WIDTH="30" VPOS="1982" HPOS="1733"/>
							<String ID="string_186" HPOS="1763" VPOS="1983" WIDTH="84" HEIGHT="35" WC="0.96" CONTENT="med"/>
						</TextLine>
						<TextLine ID="line_23" HPOS="249" VPOS="2029" WIDTH="1597" HEIGHT="54">
							<String ID="string_187" HPOS="249" VPOS="2029" WIDTH="317" HEIGHT="38" WC="0.96" CONTENT="ikraftträdandet"/><SP WIDTH="41" VPOS="2029" HPOS="566"/>
							<String ID="string_188" HPOS="607" VPOS="2044" WIDTH="47" HEIGHT="23" WC="0.94" CONTENT="av"/><SP WIDTH="41" VPOS="2044" HPOS="654"/>
							<String ID="string_189" HPOS="695" VPOS="2037" WIDTH="123" HEIGHT="30" WC="0.94" CONTENT="staten"/><SP WIDTH="30" VPOS="2037" HPOS="818"/>
							<String ID="string_190" HPOS="848" VPOS="2033" WIDTH="58" HEIGHT="34" WC="0.96" CONTENT="för"/><SP WIDTH="29" VPOS="2033" HPOS="906"/>
							<String ID="string_191" HPOS="935" VPOS="2033" WIDTH="230" HEIGHT="47" WC="0.96" CONTENT="densamma,"/><SP WIDTH="30" VPOS="2033" HPOS="1165"/>
							<String ID="string_192" HPOS="1195" VPOS="2033" WIDTH="83" HEIGHT="36" WC="0.96" CONTENT="dem"/><SP WIDTH="30" VPOS="2033" HPOS="1278"/>
							<String ID="string_193" HPOS="1308" VPOS="2036" WIDTH="61" HEIGHT="33" WC="0.95" CONTENT="må"/><SP WIDTH="28" VPOS="2036" HPOS="1369"/>
							<String ID="string_194" HPOS="1397" VPOS="2034" WIDTH="58" HEIGHT="36" WC="0.93" CONTENT="för"/><SP WIDTH="28" VPOS="2034" HPOS="1455"/>
							<String ID="string_195" HPOS="1483" VPOS="2034" WIDTH="262" HEIGHT="49" WC="0.89" CONTENT="ålderstillägg"/><SP WIDTH="29" VPOS="2034" HPOS="1745"/>
							<String ID="string_196" HPOS="1774" VPOS="2035" WIDTH="72" HEIGHT="35" WC="0.92" CONTENT="till-"/>
						</TextLine>
						<TextLine ID="line_24" HPOS="249" VPOS="2082" WIDTH="1597" HEIGHT="52">
							<String ID="string_197" HPOS="249" VPOS="2082" WIDTH="217" HEIGHT="47" WC="0.90" CONTENT="godoföras,"/><SP WIDTH="44" VPOS="2082" HPOS="466"/>
							<String ID="string_198" HPOS="510" VPOS="2082" WIDTH="209" HEIGHT="49" WC="0.95" CONTENT="Smedberg"/><SP WIDTH="36" VPOS="2082" HPOS="719"/>
							<String ID="string_199" HPOS="755" VPOS="2083" WIDTH="102" HEIGHT="37" WC="0.95" CONTENT="tiden"/><SP WIDTH="30" VPOS="2083" HPOS="857"/>
							<String ID="string_200" HPOS="887" VPOS="2084" WIDTH="84" HEIGHT="36" WC="0.96" CONTENT="från"/><SP WIDTH="28" VPOS="2084" HPOS="971"/>
							<String ID="string_201" HPOS="999" VPOS="2084" WIDTH="70" HEIGHT="36" WC="0.96" CONTENT="och"/><SP WIDTH="29" VPOS="2084" HPOS="1069"/>
							<String ID="string_202" HPOS="1098" VPOS="2085" WIDTH="86" HEIGHT="35" WC="0.96" CONTENT="med"/><SP WIDTH="29" VPOS="2085" HPOS="1184"/>
							<String ID="string_203" HPOS="1213" VPOS="2088" WIDTH="40" HEIGHT="33" WC="0.96" CONTENT="år"/><SP WIDTH="32" VPOS="2088" HPOS="1253"/>
							<String ID="string_204" HPOS="1285" VPOS="2087" WIDTH="97" HEIGHT="34" WC="0.96" CONTENT="1914"/><SP WIDTH="31" VPOS="2087" HPOS="1382"/>
							<String ID="string_205" HPOS="1413" VPOS="2085" WIDTH="68" HEIGHT="36" WC="0.96" CONTENT="och"/><SP WIDTH="31" VPOS="2085" HPOS="1481"/>
							<String ID="string_206" HPOS="1512" VPOS="2086" WIDTH="204" HEIGHT="48" WC="0.96" CONTENT="Engström"/><SP WIDTH="29" VPOS="2086" HPOS="1716"/>
							<String ID="string_207" HPOS="1745" VPOS="2086" WIDTH="101" HEIGHT="36" WC="0.96" CONTENT="tiden"/>
						</TextLine>
						<TextLine ID="line_25" HPOS="250" VPOS="2134" WIDTH="508" HEIGHT="45">
							<String ID="string_208" HPOS="250" VPOS="2136" WIDTH="81" HEIGHT="33" WC="0.96" CONTENT="från"/><SP WIDTH="31" VPOS="2136" HPOS="331"/>
							<String ID="string_209" HPOS="362" VPOS="2134" WIDTH="71" HEIGHT="36" WC="0.96" CONTENT="och"/><SP WIDTH="29" VPOS="2134" HPOS="433"/>
							<String ID="string_210" HPOS="462" VPOS="2134" WIDTH="83" HEIGHT="36" WC="0.96" CONTENT="med"/><SP WIDTH="30" VPOS="2134" HPOS="545"/>
							<String ID="string_211" HPOS="575" VPOS="2138" WIDTH="40" HEIGHT="33" WC="0.96" CONTENT="år"/><SP WIDTH="32" VPOS="2138" HPOS="615"/>
							<String ID="string_212" HPOS="647" VPOS="2137" WIDTH="111" HEIGHT="42" WC="0.96" CONTENT="1915;"/>
						</TextLine>
					</TextBlock>
					<TextBlock ID="block_8" HPOS="249" VPOS="2187" WIDTH="1598" HEIGHT="103">
						<TextLine ID="line_26" HPOS="379" VPOS="2187" WIDTH="1468" HEIGHT="51">
							<String ID="string_213" HPOS="379" VPOS="2187" WIDTH="75" HEIGHT="35" WC="0.96" CONTENT="dels"/><SP WIDTH="37" VPOS="2187" HPOS="454"/>
							<String ID="string_214" HPOS="491" VPOS="2189" WIDTH="61" HEIGHT="33" WC="0.96" CONTENT="ock"/><SP WIDTH="28" VPOS="2189" HPOS="552"/>
							<String ID="string_215" HPOS="580" VPOS="2187" WIDTH="11" HEIGHT="35" WC="0.72" CONTENT="i"/><SP WIDTH="28" VPOS="2187" HPOS="591"/>
							<String ID="string_216" HPOS="619" VPOS="2187" WIDTH="203" HEIGHT="36" WC="0.92" CONTENT="riksstaten"/><SP WIDTH="38" VPOS="2187" HPOS="822"/>
							<String ID="string_217" HPOS="860" VPOS="2188" WIDTH="161" HEIGHT="49" WC="0.96" CONTENT="uppföra"/><SP WIDTH="28" VPOS="2188" HPOS="1021"/>
							<String ID="string_218" HPOS="1049" VPOS="2193" WIDTH="52" HEIGHT="31" WC="0.96" CONTENT="ett"/><SP WIDTH="29" VPOS="2193" HPOS="1101"/>
							<String ID="string_219" HPOS="1130" VPOS="2193" WIDTH="86" HEIGHT="44" WC="0.96" CONTENT="nytt"/><SP WIDTH="28" VPOS="2193" HPOS="1216"/>
							<String ID="string_220" HPOS="1244" VPOS="2188" WIDTH="187" HEIGHT="36" WC="0.56" CONTENT="ordinarie"/><SP WIDTH="28" VPOS="2188" HPOS="1431"/>
							<String ID="string_221" HPOS="1459" VPOS="2190" WIDTH="134" HEIGHT="48" WC="0.96" CONTENT="anslag"/><SP WIDTH="28" VPOS="2190" HPOS="1593"/>
							<String ID="string_222" HPOS="1621" VPOS="2190" WIDTH="53" HEIGHT="35" WC="0.96" CONTENT="till"/><SP WIDTH="31" VPOS="2190" HPOS="1674"/>
							<String ID="string_223" HPOS="1705" VPOS="2195" WIDTH="142" HEIGHT="31" WC="0.96" CONTENT="statens"/>
						</TextLine>
						<TextLine ID="line_27" HPOS="249" VPOS="2238" WIDTH="1420" HEIGHT="52">
							<String ID="string_224" HPOS="249" VPOS="2238" WIDTH="603" HEIGHT="49" WC="0.89" CONTENT="meteorologisk-hydrografiska"/><SP WIDTH="28" VPOS="2238" HPOS="852"/>
							<String ID="string_225" HPOS="880" VPOS="2240" WIDTH="140" HEIGHT="36" WC="0.96" CONTENT="anstalt"/><SP WIDTH="28" VPOS="2240" HPOS="1020"/>
							<String ID="string_226" HPOS="1048" VPOS="2239" WIDTH="119" HEIGHT="36" WC="0.96" CONTENT="under"/><SP WIDTH="29" VPOS="2239" HPOS="1167"/>
							<String ID="string_227" HPOS="1196" VPOS="2240" WIDTH="167" HEIGHT="48" WC="0.96" CONTENT="följande"/><SP WIDTH="29" VPOS="2240" HPOS="1363"/>
							<String ID="string_228" HPOS="1392" VPOS="2241" WIDTH="277" HEIGHT="49" WC="0.96" CONTENT="uppställning:"/>
						</TextLine>
					</TextBlock>
					<TextBlock ID="block_9" HPOS="292" VPOS="2297" WIDTH="1510" HEIGHT="44">
						<TextLine ID="line_28" HPOS="292" VPOS="2297" WIDTH="1510" HEIGHT="44">
							<String ID="string_229" HPOS="292" VPOS="2297" WIDTH="129" HEIGHT="42" WC="0.93" CONTENT="Bihang"/><SP WIDTH="23" VPOS="2297" HPOS="421"/>
							<String ID="string_230" HPOS="444" VPOS="2298" WIDTH="49" HEIGHT="31" WC="0.96" CONTENT="till"/><SP WIDTH="22" VPOS="2298" HPOS="493"/>
							<String ID="string_231" HPOS="515" VPOS="2299" WIDTH="186" HEIGHT="40" WC="0.96" CONTENT="riksdagens"/><SP WIDTH="18" VPOS="2299" HPOS="701"/>
							<String ID="string_232" HPOS="719" VPOS="2300" WIDTH="159" HEIGHT="40" WC="0.96" CONTENT="protokoll"/><SP WIDTH="25" VPOS="2300" HPOS="878"/>
							<String ID="string_233" HPOS="903" VPOS="2300" WIDTH="92" HEIGHT="31" WC="0.95" CONTENT="1918."/><SP WIDTH="49" VPOS="2300" HPOS="995"/>
							<String ID="string_234" HPOS="1044" VPOS="2301" WIDTH="41" HEIGHT="31" WC="0.95" CONTENT="10"/><SP WIDTH="22" VPOS="2301" HPOS="1085"/>
							<String ID="string_235" HPOS="1107" VPOS="2300" WIDTH="89" HEIGHT="31" WC="0.93" CONTENT="saml."/><SP WIDTH="47" VPOS="2300" HPOS="1196"/>
							<String ID="string_236" HPOS="1243" VPOS="2302" WIDTH="42" HEIGHT="30" WC="0.93" CONTENT="37"/><SP WIDTH="23" VPOS="2302" HPOS="1285"/>
							<String ID="string_237" HPOS="1308" VPOS="2300" WIDTH="81" HEIGHT="41" WC="0.92" CONTENT="häft."/><SP WIDTH="44" VPOS="2300" HPOS="1389"/>
							<String ID="string_238" HPOS="1433" VPOS="2300" WIDTH="66" HEIGHT="41" WC="0.93" CONTENT="(Nr"/><SP WIDTH="24" VPOS="2300" HPOS="1499"/>
							<String ID="string_239" HPOS="1523" VPOS="2300" WIDTH="66" HEIGHT="35" WC="0.94" CONTENT="80.)"/><SP WIDTH="199" VPOS="2300" HPOS="1589"/>
							<String ID="string_240" HPOS="1788" VPOS="2303" WIDTH="14" HEIGHT="29" WC="0.96" CONTENT="1"/>
						</TextLine>
					</TextBlock>
				</ComposedBlock>
			</PrintSpace>
		</Page>
	</Layout>
</alto>
