<?xml version="1.0" encoding="UTF-8"?>
<alto xmlns="http://www.loc.gov/standards/alto/ns-v3#" xmlns:xlink="http://www.w3.org/1999/xlink" xmlns:xsi="http://www.w3.org/2001/XMLSchema-instance" xsi:schemaLocation="http://www.loc.gov/standards/alto/ns-v3# http://www.loc.gov/alto/v3/alto-3-0.xsd">
	<Description>
		<MeasurementUnit>pixel</MeasurementUnit>
		<sourceImageInformation>
			<fileName>/tmp/tess_w4b6jxb4_input.PNG</fileName>
		</sourceImageInformation>
		<OCRProcessing ID="OCR_0">
			<ocrProcessingStep>
				<processingSoftware>
					<softwareName>tesseract 5.3.0</softwareName>
				</processingSoftware>
			</ocrProcessingStep>
		</OCRProcessing>
	</Description>
	<Layout>
		<Page WIDTH="1884" HEIGHT="2792" PHYSICAL_IMG_NR="0" ID="page_0">
			<PrintSpace HPOS="0" VPOS="0" WIDTH="1884" HEIGHT="2792">
				<ComposedBlock ID="cblock_0" HPOS="534" VPOS="167" WIDTH="1079" HEIGHT="38">
					<TextBlock ID="block_0" HPOS="534" VPOS="167" WIDTH="1079" HEIGHT="38">
						<TextLine ID="line_0" HPOS="534" VPOS="167" WIDTH="1079" HEIGHT="38">
							<String ID="string_0" HPOS="534" VPOS="169" WIDTH="326" HEIGHT="36" WC="0.91" CONTENT="Bankoutskottets"/><SP WIDTH="17" VPOS="169" HPOS="860"/>
							<String ID="string_1" HPOS="877" VPOS="168" WIDTH="187" HEIGHT="35" WC="0.96" CONTENT="utlåtande"/><SP WIDTH="19" VPOS="168" HPOS="1064"/>
							<String ID="string_2" HPOS="1083" VPOS="180" WIDTH="43" HEIGHT="21" WC="0.96" CONTENT="nr"/><SP WIDTH="18" VPOS="180" HPOS="1126"/>
							<String ID="string_3" HPOS="1144" VPOS="170" WIDTH="55" HEIGHT="32" WC="0.96" CONTENT="12."/><SP WIDTH="398" VPOS="170" HPOS="1199"/>
							<String ID="string_4" HPOS="1597" VPOS="167" WIDTH="16" HEIGHT="31" WC="0.84" CONTENT="i"/>
						</TextLine>
					</TextBlock>
				</ComposedBlock>
				<ComposedBlock ID="cblock_1" HPOS="790" VPOS="399" WIDTH="161" HEIGHT="43">
					<TextBlock ID="block_1" HPOS="790" VPOS="399" WIDTH="161" HEIGHT="43">
						<TextLine ID="line_1" HPOS="790" VPOS="399" WIDTH="161" HEIGHT="43">
							<String ID="string_5" HPOS="790" VPOS="400" WIDTH="68" HEIGHT="42" WC="0.95" CONTENT="Nr"/><SP WIDTH="27" VPOS="400" HPOS="858"/>
							<String ID="string_6" HPOS="885" VPOS="399" WIDTH="66" HEIGHT="43" WC="0.82" CONTENT="12."/>
						</TextLine>
					</TextBlock>
				</ComposedBlock>
				<ComposedBlock ID="cblock_2" HPOS="358" VPOS="539" WIDTH="1259" HEIGHT="261">
					<TextBlock ID="block_2" HPOS="358" VPOS="539" WIDTH="1259" HEIGHT="261">
						<TextLine ID="line_2" HPOS="358" VPOS="539" WIDTH="1256" HEIGHT="47">
							<String ID="string_7" HPOS="358" VPOS="545" WIDTH="192" HEIGHT="35" WC="0.95" CONTENT="Utlåtande"/><SP WIDTH="18" VPOS="545" HPOS="550"/>
							<String ID="string_8" HPOS="568" VPOS="545" WIDTH="12" HEIGHT="34" WC="0.95" CONTENT="i"/><SP WIDTH="17" VPOS="545" HPOS="580"/>
							<String ID="string_9" HPOS="597" VPOS="544" WIDTH="189" HEIGHT="42" WC="0.96" CONTENT="anledning"/><SP WIDTH="19" VPOS="544" HPOS="786"/>
							<String ID="string_10" HPOS="805" VPOS="556" WIDTH="45" HEIGHT="22" WC="0.97" CONTENT="av"/><SP WIDTH="18" VPOS="556" HPOS="850"/>
							<String ID="string_11" HPOS="868" VPOS="543" WIDTH="132" HEIGHT="34" WC="0.96" CONTENT="väckta"/><SP WIDTH="17" VPOS="543" HPOS="1000"/>
							<String ID="string_12" HPOS="1017" VPOS="542" WIDTH="176" HEIGHT="35" WC="0.96" CONTENT="motioner"/><SP WIDTH="17" VPOS="542" HPOS="1193"/>
							<String ID="string_13" HPOS="1210" VPOS="541" WIDTH="75" HEIGHT="34" WC="0.96" CONTENT="dels"/><SP WIDTH="17" VPOS="541" HPOS="1285"/>
							<String ID="string_14" HPOS="1302" VPOS="553" WIDTH="58" HEIGHT="23" WC="0.96" CONTENT="om"/><SP WIDTH="19" VPOS="553" HPOS="1360"/>
							<String ID="string_15" HPOS="1379" VPOS="540" WIDTH="164" HEIGHT="43" WC="0.96" CONTENT="åtgärder"/><SP WIDTH="18" VPOS="540" HPOS="1543"/>
							<String ID="string_16" HPOS="1561" VPOS="539" WIDTH="53" HEIGHT="34" WC="0.96" CONTENT="till"/>
						</TextLine>
						<TextLine ID="line_3" HPOS="578" VPOS="593" WIDTH="1039" HEIGHT="47">
							<String ID="string_17" HPOS="578" VPOS="597" WIDTH="201" HEIGHT="43" WC="0.96" CONTENT="främjande"/><SP WIDTH="24" VPOS="597" HPOS="779"/>
							<String ID="string_18" HPOS="803" VPOS="609" WIDTH="46" HEIGHT="22" WC="0.96" CONTENT="av"/><SP WIDTH="23" VPOS="609" HPOS="849"/>
							<String ID="string_19" HPOS="872" VPOS="596" WIDTH="62" HEIGHT="34" WC="0.96" CONTENT="det"/><SP WIDTH="21" VPOS="596" HPOS="934"/>
							<String ID="string_20" HPOS="955" VPOS="595" WIDTH="167" HEIGHT="43" WC="0.95" CONTENT="frivilliga"/><SP WIDTH="21" VPOS="595" HPOS="1122"/>
							<String ID="string_21" HPOS="1143" VPOS="595" WIDTH="67" HEIGHT="34" WC="0.96" CONTENT="och"/><SP WIDTH="23" VPOS="595" HPOS="1210"/>
							<String ID="string_22" HPOS="1233" VPOS="594" WIDTH="158" HEIGHT="35" WC="0.96" CONTENT="enskilda"/><SP WIDTH="22" VPOS="594" HPOS="1391"/>
							<String ID="string_23" HPOS="1413" VPOS="593" WIDTH="204" HEIGHT="44" WC="0.95" CONTENT="sparandet,"/>
						</TextLine>
						<TextLine ID="line_4" HPOS="581" VPOS="647" WIDTH="1033" HEIGHT="46">
							<String ID="string_24" HPOS="581" VPOS="652" WIDTH="75" HEIGHT="34" WC="0.96" CONTENT="dels"/><SP WIDTH="15" VPOS="652" HPOS="656"/>
							<String ID="string_25" HPOS="671" VPOS="651" WIDTH="67" HEIGHT="35" WC="0.96" CONTENT="ock"/><SP WIDTH="16" VPOS="651" HPOS="738"/>
							<String ID="string_26" HPOS="754" VPOS="663" WIDTH="60" HEIGHT="22" WC="0.93" CONTENT="om"/><SP WIDTH="15" VPOS="663" HPOS="814"/>
							<String ID="string_27" HPOS="829" VPOS="649" WIDTH="265" HEIGHT="44" WC="0.90" CONTENT="framläggande"/><SP WIDTH="15" VPOS="649" HPOS="1094"/>
							<String ID="string_28" HPOS="1109" VPOS="649" WIDTH="56" HEIGHT="42" WC="0.96" CONTENT="för"/><SP WIDTH="16" VPOS="649" HPOS="1165"/>
							<String ID="string_29" HPOS="1181" VPOS="651" WIDTH="85" HEIGHT="31" WC="0.96" CONTENT="1951"/><SP WIDTH="22" VPOS="651" HPOS="1266"/>
							<String ID="string_30" HPOS="1288" VPOS="649" WIDTH="56" HEIGHT="33" WC="0.96" CONTENT="års"/><SP WIDTH="16" VPOS="649" HPOS="1344"/>
							<String ID="string_31" HPOS="1360" VPOS="647" WIDTH="159" HEIGHT="42" WC="0.93" CONTENT="riksdags"/><SP WIDTH="16" VPOS="647" HPOS="1519"/>
							<String ID="string_32" HPOS="1535" VPOS="647" WIDTH="79" HEIGHT="33" WC="0.92" CONTENT="vår-"/>
						</TextLine>
						<TextLine ID="line_5" HPOS="580" VPOS="702" WIDTH="1033" HEIGHT="44">
							<String ID="string_33" HPOS="580" VPOS="705" WIDTH="132" HEIGHT="34" WC="0.96" CONTENT="session"/><SP WIDTH="24" VPOS="705" HPOS="712"/>
							<String ID="string_34" HPOS="736" VPOS="716" WIDTH="45" HEIGHT="22" WC="0.95" CONTENT="av"/><SP WIDTH="24" VPOS="716" HPOS="781"/>
							<String ID="string_35" HPOS="805" VPOS="704" WIDTH="128" HEIGHT="42" WC="0.96" CONTENT="förslag"/><SP WIDTH="25" VPOS="704" HPOS="933"/>
							<String ID="string_36" HPOS="958" VPOS="703" WIDTH="54" HEIGHT="34" WC="0.95" CONTENT="till"/><SP WIDTH="24" VPOS="703" HPOS="1012"/>
							<String ID="string_37" HPOS="1036" VPOS="702" WIDTH="164" HEIGHT="42" WC="0.96" CONTENT="åtgärder"/><SP WIDTH="22" VPOS="702" HPOS="1200"/>
							<String ID="string_38" HPOS="1222" VPOS="702" WIDTH="56" HEIGHT="42" WC="0.96" CONTENT="för"/><SP WIDTH="21" VPOS="702" HPOS="1278"/>
							<String ID="string_39" HPOS="1299" VPOS="704" WIDTH="246" HEIGHT="40" WC="0.96" CONTENT="uppmuntran"/><SP WIDTH="23" VPOS="704" HPOS="1545"/>
							<String ID="string_40" HPOS="1568" VPOS="711" WIDTH="45" HEIGHT="23" WC="0.96" CONTENT="av"/>
						</TextLine>
						<TextLine ID="line_6" HPOS="581" VPOS="756" WIDTH="465" HEIGHT="44">
							<String ID="string_41" HPOS="581" VPOS="758" WIDTH="61" HEIGHT="34" WC="0.96" CONTENT="det"/><SP WIDTH="18" VPOS="758" HPOS="642"/>
							<String ID="string_42" HPOS="660" VPOS="757" WIDTH="165" HEIGHT="43" WC="0.96" CONTENT="frivilliga"/><SP WIDTH="19" VPOS="757" HPOS="825"/>
							<String ID="string_43" HPOS="844" VPOS="756" WIDTH="202" HEIGHT="44" WC="0.96" CONTENT="sparandet."/>
						</TextLine>
					</TextBlock>
				</ComposedBlock>
				<ComposedBlock ID="cblock_3" HPOS="120" VPOS="860" WIDTH="1497" HEIGHT="1670">
					<TextBlock ID="block_3" HPOS="123" VPOS="860" WIDTH="1494" HEIGHT="258">
						<TextLine ID="line_7" HPOS="171" VPOS="860" WIDTH="1443" HEIGHT="47">
							<String ID="string_44" HPOS="171" VPOS="865" WIDTH="307" HEIGHT="35" WC="0.90" CONTENT="Bankoutskottet"/><SP WIDTH="16" VPOS="865" HPOS="478"/>
							<String ID="string_45" HPOS="494" VPOS="865" WIDTH="65" HEIGHT="34" WC="0.96" CONTENT="har"/><SP WIDTH="17" VPOS="865" HPOS="559"/>
							<String ID="string_46" HPOS="576" VPOS="865" WIDTH="53" HEIGHT="34" WC="0.95" CONTENT="till"/><SP WIDTH="17" VPOS="865" HPOS="629"/>
							<String ID="string_47" HPOS="646" VPOS="864" WIDTH="215" HEIGHT="43" WC="0.95" CONTENT="behandling"/><SP WIDTH="16" VPOS="864" HPOS="861"/>
							<String ID="string_48" HPOS="877" VPOS="863" WIDTH="11" HEIGHT="34" WC="0.96" CONTENT="i"/><SP WIDTH="17" VPOS="863" HPOS="888"/>
							<String ID="string_49" HPOS="905" VPOS="868" WIDTH="54" HEIGHT="29" WC="0.96" CONTENT="ett"/><SP WIDTH="18" VPOS="868" HPOS="959"/>
							<String ID="string_50" HPOS="977" VPOS="862" WIDTH="258" HEIGHT="43" WC="0.93" CONTENT="sammanhang"/><SP WIDTH="16" VPOS="862" HPOS="1235"/>
							<String ID="string_51" HPOS="1251" VPOS="861" WIDTH="154" HEIGHT="35" WC="0.92" CONTENT="förehaft"/><SP WIDTH="16" VPOS="861" HPOS="1405"/>
							<String ID="string_52" HPOS="1421" VPOS="860" WIDTH="81" HEIGHT="44" WC="0.96" CONTENT="fyra"/><SP WIDTH="15" VPOS="860" HPOS="1502"/>
							<String ID="string_53" HPOS="1517" VPOS="860" WIDTH="97" HEIGHT="34" WC="0.96" CONTENT="inom"/>
						</TextLine>
						<TextLine ID="line_8" HPOS="125" VPOS="914" WIDTH="1488" HEIGHT="48">
							<String ID="string_54" HPOS="125" VPOS="920" WIDTH="188" HEIGHT="42" WC="0.96" CONTENT="riksdagen"/><SP WIDTH="21" VPOS="920" HPOS="313"/>
							<String ID="string_55" HPOS="334" VPOS="919" WIDTH="141" HEIGHT="40" WC="0.95" CONTENT="väckta,"/><SP WIDTH="22" VPOS="919" HPOS="475"/>
							<String ID="string_56" HPOS="497" VPOS="919" WIDTH="55" HEIGHT="33" WC="0.95" CONTENT="till"/><SP WIDTH="21" VPOS="919" HPOS="552"/>
							<String ID="string_57" HPOS="573" VPOS="918" WIDTH="179" HEIGHT="34" WC="0.96" CONTENT="utskottet"/><SP WIDTH="21" VPOS="918" HPOS="752"/>
							<String ID="string_58" HPOS="773" VPOS="917" WIDTH="194" HEIGHT="34" WC="0.96" CONTENT="hänvisade"/><SP WIDTH="22" VPOS="917" HPOS="967"/>
							<String ID="string_59" HPOS="989" VPOS="916" WIDTH="185" HEIGHT="40" WC="0.96" CONTENT="motioner,"/><SP WIDTH="22" VPOS="916" HPOS="1174"/>
							<String ID="string_60" HPOS="1196" VPOS="928" WIDTH="43" HEIGHT="21" WC="0.96" CONTENT="nr"/><SP WIDTH="23" VPOS="928" HPOS="1239"/>
							<String ID="string_61" HPOS="1262" VPOS="919" WIDTH="64" HEIGHT="31" WC="0.96" CONTENT="186"/><SP WIDTH="23" VPOS="919" HPOS="1326"/>
							<String ID="string_62" HPOS="1349" VPOS="915" WIDTH="11" HEIGHT="34" WC="0.95" CONTENT="i"/><SP WIDTH="21" VPOS="915" HPOS="1360"/>
							<String ID="string_63" HPOS="1381" VPOS="914" WIDTH="113" HEIGHT="35" WC="0.93" CONTENT="första"/><SP WIDTH="20" VPOS="914" HPOS="1494"/>
							<String ID="string_64" HPOS="1514" VPOS="914" WIDTH="99" HEIGHT="34" WC="0.90" CONTENT="kam-"/>
						</TextLine>
						<TextLine ID="line_9" HPOS="124" VPOS="967" WIDTH="1488" HEIGHT="47">
							<String ID="string_65" HPOS="124" VPOS="985" WIDTH="121" HEIGHT="22" WC="0.95" CONTENT="maren"/><SP WIDTH="21" VPOS="985" HPOS="245"/>
							<String ID="string_66" HPOS="266" VPOS="985" WIDTH="46" HEIGHT="21" WC="0.95" CONTENT="av"/><SP WIDTH="20" VPOS="985" HPOS="312"/>
							<String ID="string_67" HPOS="332" VPOS="972" WIDTH="79" HEIGHT="34" WC="0.96" CONTENT="herr"/><SP WIDTH="18" VPOS="972" HPOS="411"/>
							<String ID="string_68" HPOS="429" VPOS="972" WIDTH="146" HEIGHT="34" WC="0.92" CONTENT="Andrén"/><SP WIDTH="19" VPOS="972" HPOS="575"/>
							<String ID="string_69" HPOS="594" VPOS="984" WIDTH="47" HEIGHT="22" WC="0.90" CONTENT="m."/><SP WIDTH="20" VPOS="984" HPOS="641"/>
							<String ID="string_70" HPOS="661" VPOS="972" WIDTH="38" HEIGHT="42" WC="0.96" CONTENT="fl."/><SP WIDTH="21" VPOS="972" HPOS="699"/>
							<String ID="string_71" HPOS="720" VPOS="971" WIDTH="66" HEIGHT="34" WC="0.96" CONTENT="och"/><SP WIDTH="20" VPOS="971" HPOS="786"/>
							<String ID="string_72" HPOS="806" VPOS="983" WIDTH="42" HEIGHT="21" WC="0.95" CONTENT="nr"/><SP WIDTH="21" VPOS="983" HPOS="848"/>
							<String ID="string_73" HPOS="869" VPOS="974" WIDTH="65" HEIGHT="30" WC="0.96" CONTENT="284"/><SP WIDTH="21" VPOS="974" HPOS="934"/>
							<String ID="string_74" HPOS="955" VPOS="970" WIDTH="12" HEIGHT="34" WC="0.95" CONTENT="i"/><SP WIDTH="20" VPOS="970" HPOS="967"/>
							<String ID="string_75" HPOS="987" VPOS="970" WIDTH="113" HEIGHT="34" WC="0.96" CONTENT="andra"/><SP WIDTH="19" VPOS="970" HPOS="1100"/>
							<String ID="string_76" HPOS="1119" VPOS="969" WIDTH="206" HEIGHT="34" WC="0.96" CONTENT="kammaren"/><SP WIDTH="22" VPOS="969" HPOS="1325"/>
							<String ID="string_77" HPOS="1347" VPOS="980" WIDTH="45" HEIGHT="22" WC="0.96" CONTENT="av"/><SP WIDTH="19" VPOS="980" HPOS="1392"/>
							<String ID="string_78" HPOS="1411" VPOS="968" WIDTH="80" HEIGHT="34" WC="0.93" CONTENT="herr"/><SP WIDTH="19" VPOS="968" HPOS="1491"/>
							<String ID="string_79" HPOS="1510" VPOS="967" WIDTH="102" HEIGHT="42" WC="0.91" CONTENT="Hjal-"/>
						</TextLine>
						<TextLine ID="line_10" HPOS="123" VPOS="1020" WIDTH="1494" HEIGHT="48">
							<String ID="string_80" HPOS="123" VPOS="1038" WIDTH="143" HEIGHT="23" WC="0.91" CONTENT="marson"/><SP WIDTH="17" VPOS="1038" HPOS="266"/>
							<String ID="string_81" HPOS="283" VPOS="1038" WIDTH="48" HEIGHT="22" WC="0.90" CONTENT="m."/><SP WIDTH="19" VPOS="1038" HPOS="331"/>
							<String ID="string_82" HPOS="350" VPOS="1025" WIDTH="39" HEIGHT="43" WC="0.96" CONTENT="fl."/><SP WIDTH="18" VPOS="1025" HPOS="389"/>
							<String ID="string_83" HPOS="407" VPOS="1029" WIDTH="96" HEIGHT="30" WC="0.96" CONTENT="samt"/><SP WIDTH="20" VPOS="1029" HPOS="503"/>
							<String ID="string_84" HPOS="523" VPOS="1037" WIDTH="43" HEIGHT="22" WC="0.96" CONTENT="nr"/><SP WIDTH="19" VPOS="1037" HPOS="566"/>
							<String ID="string_85" HPOS="585" VPOS="1028" WIDTH="66" HEIGHT="31" WC="0.95" CONTENT="279"/><SP WIDTH="21" VPOS="1028" HPOS="651"/>
							<String ID="string_86" HPOS="672" VPOS="1025" WIDTH="11" HEIGHT="33" WC="0.95" CONTENT="i"/><SP WIDTH="19" VPOS="1025" HPOS="683"/>
							<String ID="string_87" HPOS="702" VPOS="1024" WIDTH="112" HEIGHT="34" WC="0.96" CONTENT="första"/><SP WIDTH="18" VPOS="1024" HPOS="814"/>
							<String ID="string_88" HPOS="832" VPOS="1024" WIDTH="207" HEIGHT="34" WC="0.96" CONTENT="kammaren"/><SP WIDTH="20" VPOS="1024" HPOS="1039"/>
							<String ID="string_89" HPOS="1059" VPOS="1035" WIDTH="46" HEIGHT="22" WC="0.96" CONTENT="av"/><SP WIDTH="17" VPOS="1035" HPOS="1105"/>
							<String ID="string_90" HPOS="1122" VPOS="1023" WIDTH="79" HEIGHT="33" WC="0.96" CONTENT="herr"/><SP WIDTH="17" VPOS="1023" HPOS="1201"/>
							<String ID="string_91" HPOS="1218" VPOS="1021" WIDTH="191" HEIGHT="35" WC="0.93" CONTENT="Lindblom"/><SP WIDTH="16" VPOS="1021" HPOS="1409"/>
							<String ID="string_92" HPOS="1425" VPOS="1034" WIDTH="49" HEIGHT="22" WC="0.89" CONTENT="m."/><SP WIDTH="18" VPOS="1034" HPOS="1474"/>
							<String ID="string_93" HPOS="1492" VPOS="1021" WIDTH="41" HEIGHT="42" WC="0.95" CONTENT="fl."/><SP WIDTH="18" VPOS="1021" HPOS="1533"/>
							<String ID="string_94" HPOS="1551" VPOS="1020" WIDTH="66" HEIGHT="34" WC="0.96" CONTENT="och"/>
						</TextLine>
						<TextLine ID="line_11" HPOS="126" VPOS="1077" WIDTH="914" HEIGHT="41">
							<String ID="string_95" HPOS="126" VPOS="1092" WIDTH="42" HEIGHT="21" WC="0.96" CONTENT="nr"/><SP WIDTH="17" VPOS="1092" HPOS="168"/>
							<String ID="string_96" HPOS="185" VPOS="1084" WIDTH="66" HEIGHT="30" WC="0.96" CONTENT="367"/><SP WIDTH="19" VPOS="1084" HPOS="251"/>
							<String ID="string_97" HPOS="270" VPOS="1080" WIDTH="11" HEIGHT="33" WC="0.96" CONTENT="i"/><SP WIDTH="19" VPOS="1080" HPOS="281"/>
							<String ID="string_98" HPOS="300" VPOS="1079" WIDTH="110" HEIGHT="34" WC="0.96" CONTENT="andra"/><SP WIDTH="16" VPOS="1079" HPOS="410"/>
							<String ID="string_99" HPOS="426" VPOS="1079" WIDTH="208" HEIGHT="33" WC="0.96" CONTENT="kammaren"/><SP WIDTH="19" VPOS="1079" HPOS="634"/>
							<String ID="string_100" HPOS="653" VPOS="1090" WIDTH="45" HEIGHT="22" WC="0.96" CONTENT="av"/><SP WIDTH="18" VPOS="1090" HPOS="698"/>
							<String ID="string_101" HPOS="716" VPOS="1078" WIDTH="80" HEIGHT="33" WC="0.96" CONTENT="herr"/><SP WIDTH="18" VPOS="1078" HPOS="796"/>
							<String ID="string_102" HPOS="814" VPOS="1077" WIDTH="105" HEIGHT="34" WC="0.93" CONTENT="Ohlin"/><SP WIDTH="17" VPOS="1077" HPOS="919"/>
							<String ID="string_103" HPOS="936" VPOS="1089" WIDTH="48" HEIGHT="21" WC="0.91" CONTENT="m."/><SP WIDTH="18" VPOS="1089" HPOS="984"/>
							<String ID="string_104" HPOS="1002" VPOS="1077" WIDTH="38" HEIGHT="41" WC="0.96" CONTENT="fl."/>
						</TextLine>
					</TextBlock>
					<TextBlock ID="block_4" HPOS="122" VPOS="1128" WIDTH="1494" HEIGHT="529">
						<TextLine ID="line_12" HPOS="170" VPOS="1128" WIDTH="1444" HEIGHT="44">
							<String ID="string_105" HPOS="170" VPOS="1133" WIDTH="19" HEIGHT="34" WC="0.96" CONTENT="I"/><SP WIDTH="21" VPOS="1133" HPOS="189"/>
							<String ID="string_106" HPOS="210" VPOS="1133" WIDTH="222" HEIGHT="34" WC="0.96" CONTENT="motionerna"/><SP WIDTH="22" VPOS="1133" HPOS="432"/>
							<String ID="string_107" HPOS="454" VPOS="1132" WIDTH="31" HEIGHT="33" WC="0.93" CONTENT="I:"/><SP WIDTH="16" VPOS="1132" HPOS="485"/>
							<String ID="string_108" HPOS="501" VPOS="1135" WIDTH="65" HEIGHT="31" WC="0.93" CONTENT="186"/><SP WIDTH="24" VPOS="1135" HPOS="566"/>
							<String ID="string_109" HPOS="590" VPOS="1132" WIDTH="66" HEIGHT="34" WC="0.96" CONTENT="och"/><SP WIDTH="23" VPOS="1132" HPOS="656"/>
							<String ID="string_110" HPOS="679" VPOS="1131" WIDTH="50" HEIGHT="34" WC="0.95" CONTENT="II:"/><SP WIDTH="15" VPOS="1131" HPOS="729"/>
							<String ID="string_111" HPOS="744" VPOS="1134" WIDTH="78" HEIGHT="36" WC="0.96" CONTENT="284,"/><SP WIDTH="24" VPOS="1134" HPOS="822"/>
							<String ID="string_112" HPOS="846" VPOS="1130" WIDTH="97" HEIGHT="34" WC="0.96" CONTENT="vilka"/><SP WIDTH="22" VPOS="1130" HPOS="943"/>
							<String ID="string_113" HPOS="965" VPOS="1133" WIDTH="61" HEIGHT="31" WC="0.96" CONTENT="äro"/><SP WIDTH="24" VPOS="1133" HPOS="1026"/>
							<String ID="string_114" HPOS="1050" VPOS="1129" WIDTH="237" HEIGHT="43" WC="0.93" CONTENT="likalydande,"/><SP WIDTH="23" VPOS="1129" HPOS="1287"/>
							<String ID="string_115" HPOS="1310" VPOS="1128" WIDTH="202" HEIGHT="34" WC="0.92" CONTENT="hemställes"/><SP WIDTH="25" VPOS="1128" HPOS="1512"/>
							<String ID="string_116" HPOS="1537" VPOS="1131" WIDTH="77" HEIGHT="30" WC="0.90" CONTENT="»att"/>
						</TextLine>
						<TextLine ID="line_13" HPOS="125" VPOS="1180" WIDTH="1488" HEIGHT="49">
							<String ID="string_117" HPOS="125" VPOS="1186" WIDTH="186" HEIGHT="43" WC="0.96" CONTENT="riksdagen"/><SP WIDTH="20" VPOS="1186" HPOS="311"/>
							<String ID="string_118" HPOS="331" VPOS="1186" WIDTH="11" HEIGHT="33" WC="0.96" CONTENT="i"/><SP WIDTH="19" VPOS="1186" HPOS="342"/>
							<String ID="string_119" HPOS="361" VPOS="1185" WIDTH="166" HEIGHT="34" WC="0.96" CONTENT="skrivelse"/><SP WIDTH="21" VPOS="1185" HPOS="527"/>
							<String ID="string_120" HPOS="548" VPOS="1185" WIDTH="54" HEIGHT="34" WC="0.96" CONTENT="till"/><SP WIDTH="19" VPOS="1185" HPOS="602"/>
							<String ID="string_121" HPOS="621" VPOS="1185" WIDTH="133" HEIGHT="42" WC="0.95" CONTENT="Kungl."/><SP WIDTH="20" VPOS="1185" HPOS="754"/>
							<String ID="string_122" HPOS="774" VPOS="1183" WIDTH="112" HEIGHT="43" WC="0.96" CONTENT="Maj:t"/><SP WIDTH="19" VPOS="1183" HPOS="886"/>
							<String ID="string_123" HPOS="905" VPOS="1184" WIDTH="115" HEIGHT="33" WC="0.96" CONTENT="måtte"/><SP WIDTH="19" VPOS="1184" HPOS="1020"/>
							<String ID="string_124" HPOS="1039" VPOS="1184" WIDTH="117" HEIGHT="33" WC="0.96" CONTENT="uttala"/><SP WIDTH="21" VPOS="1184" HPOS="1156"/>
							<String ID="string_125" HPOS="1177" VPOS="1187" WIDTH="56" HEIGHT="29" WC="0.96" CONTENT="att"/><SP WIDTH="20" VPOS="1187" HPOS="1233"/>
							<String ID="string_126" HPOS="1253" VPOS="1183" WIDTH="68" HEIGHT="33" WC="0.92" CONTENT="den"/><SP WIDTH="19" VPOS="1183" HPOS="1321"/>
							<String ID="string_127" HPOS="1340" VPOS="1202" WIDTH="46" HEIGHT="5" WC="0.92" CONTENT="—"/><SP WIDTH="19" VPOS="1202" HPOS="1386"/>
							<String ID="string_128" HPOS="1405" VPOS="1182" WIDTH="82" HEIGHT="33" WC="0.93" CONTENT="med"/><SP WIDTH="20" VPOS="1182" HPOS="1487"/>
							<String ID="string_129" HPOS="1507" VPOS="1180" WIDTH="106" HEIGHT="35" WC="0.91" CONTENT="beak-"/>
						</TextLine>
						<TextLine ID="line_14" HPOS="125" VPOS="1235" WIDTH="1489" HEIGHT="44">
							<String ID="string_130" HPOS="125" VPOS="1240" WIDTH="110" HEIGHT="34" WC="0.96" CONTENT="tande"/><SP WIDTH="17" VPOS="1240" HPOS="235"/>
							<String ID="string_131" HPOS="252" VPOS="1252" WIDTH="46" HEIGHT="21" WC="0.96" CONTENT="av"/><SP WIDTH="17" VPOS="1252" HPOS="298"/>
							<String ID="string_132" HPOS="315" VPOS="1239" WIDTH="70" HEIGHT="34" WC="0.96" CONTENT="vad"/><SP WIDTH="17" VPOS="1239" HPOS="385"/>
							<String ID="string_133" HPOS="402" VPOS="1239" WIDTH="11" HEIGHT="34" WC="0.96" CONTENT="i"/><SP WIDTH="17" VPOS="1239" HPOS="413"/>
							<String ID="string_134" HPOS="430" VPOS="1239" WIDTH="223" HEIGHT="34" WC="0.96" CONTENT="motionerna"/><SP WIDTH="17" VPOS="1239" HPOS="653"/>
							<String ID="string_135" HPOS="670" VPOS="1238" WIDTH="136" HEIGHT="34" WC="0.93" CONTENT="anförts"/><SP WIDTH="17" VPOS="1238" HPOS="806"/>
							<String ID="string_136" HPOS="823" VPOS="1258" WIDTH="46" HEIGHT="4" WC="0.90" CONTENT="—"/><SP WIDTH="16" VPOS="1258" HPOS="869"/>
							<String ID="string_137" HPOS="885" VPOS="1237" WIDTH="110" HEIGHT="34" WC="0.96" CONTENT="fäster"/><SP WIDTH="17" VPOS="1237" HPOS="995"/>
							<String ID="string_138" HPOS="1012" VPOS="1237" WIDTH="201" HEIGHT="42" WC="0.96" CONTENT="avgörande"/><SP WIDTH="18" VPOS="1237" HPOS="1213"/>
							<String ID="string_139" HPOS="1231" VPOS="1236" WIDTH="80" HEIGHT="34" WC="0.96" CONTENT="vikt"/><SP WIDTH="17" VPOS="1236" HPOS="1311"/>
							<String ID="string_140" HPOS="1328" VPOS="1236" WIDTH="60" HEIGHT="33" WC="0.95" CONTENT="vid"/><SP WIDTH="18" VPOS="1236" HPOS="1388"/>
							<String ID="string_141" HPOS="1406" VPOS="1239" WIDTH="56" HEIGHT="30" WC="0.97" CONTENT="att"/><SP WIDTH="18" VPOS="1239" HPOS="1462"/>
							<String ID="string_142" HPOS="1480" VPOS="1235" WIDTH="134" HEIGHT="33" WC="0.96" CONTENT="sådana"/>
						</TextLine>
						<TextLine ID="line_15" HPOS="122" VPOS="1287" WIDTH="1494" HEIGHT="48">
							<String ID="string_143" HPOS="122" VPOS="1292" WIDTH="211" HEIGHT="43" WC="0.96" CONTENT="betingelser"/><SP WIDTH="18" VPOS="1292" HPOS="333"/>
							<String ID="string_144" HPOS="351" VPOS="1292" WIDTH="55" HEIGHT="34" WC="0.96" CONTENT="för"/><SP WIDTH="19" VPOS="1292" HPOS="406"/>
							<String ID="string_145" HPOS="425" VPOS="1292" WIDTH="62" HEIGHT="34" WC="0.96" CONTENT="det"/><SP WIDTH="18" VPOS="1292" HPOS="487"/>
							<String ID="string_146" HPOS="505" VPOS="1291" WIDTH="165" HEIGHT="43" WC="0.96" CONTENT="frivilliga"/><SP WIDTH="16" VPOS="1291" HPOS="670"/>
							<String ID="string_147" HPOS="686" VPOS="1291" WIDTH="69" HEIGHT="34" WC="0.96" CONTENT="och"/><SP WIDTH="19" VPOS="1291" HPOS="755"/>
							<String ID="string_148" HPOS="774" VPOS="1290" WIDTH="160" HEIGHT="35" WC="0.96" CONTENT="enskilda"/><SP WIDTH="19" VPOS="1290" HPOS="934"/>
							<String ID="string_149" HPOS="953" VPOS="1290" WIDTH="193" HEIGHT="43" WC="0.96" CONTENT="sparandet"/><SP WIDTH="18" VPOS="1290" HPOS="1146"/>
							<String ID="string_150" HPOS="1164" VPOS="1289" WIDTH="129" HEIGHT="43" WC="0.95" CONTENT="skapas"/><SP WIDTH="21" VPOS="1289" HPOS="1293"/>
							<String ID="string_151" HPOS="1314" VPOS="1293" WIDTH="57" HEIGHT="30" WC="0.95" CONTENT="att"/><SP WIDTH="19" VPOS="1293" HPOS="1371"/>
							<String ID="string_152" HPOS="1390" VPOS="1288" WIDTH="102" HEIGHT="34" WC="0.93" CONTENT="detta"/><SP WIDTH="18" VPOS="1288" HPOS="1492"/>
							<String ID="string_153" HPOS="1510" VPOS="1287" WIDTH="106" HEIGHT="34" WC="0.92" CONTENT="fram-"/>
						</TextLine>
						<TextLine ID="line_16" HPOS="124" VPOS="1341" WIDTH="1489" HEIGHT="47">
							<String ID="string_154" HPOS="124" VPOS="1347" WIDTH="75" HEIGHT="33" WC="0.96" CONTENT="står"/><SP WIDTH="22" VPOS="1347" HPOS="199"/>
							<String ID="string_155" HPOS="221" VPOS="1358" WIDTH="76" HEIGHT="23" WC="0.96" CONTENT="som"/><SP WIDTH="23" VPOS="1358" HPOS="297"/>
							<String ID="string_156" HPOS="320" VPOS="1346" WIDTH="150" HEIGHT="34" WC="0.96" CONTENT="lönande"/><SP WIDTH="24" VPOS="1346" HPOS="470"/>
							<String ID="string_157" HPOS="494" VPOS="1358" WIDTH="43" HEIGHT="22" WC="0.93" CONTENT="ur"/><SP WIDTH="22" VPOS="1358" HPOS="537"/>
							<String ID="string_158" HPOS="559" VPOS="1357" WIDTH="185" HEIGHT="31" WC="0.91" CONTENT="spararnas"/><SP WIDTH="24" VPOS="1357" HPOS="744"/>
							<String ID="string_159" HPOS="768" VPOS="1344" WIDTH="184" HEIGHT="43" WC="0.96" CONTENT="synpunkt"/><SP WIDTH="23" VPOS="1344" HPOS="952"/>
							<String ID="string_160" HPOS="975" VPOS="1344" WIDTH="67" HEIGHT="34" WC="0.96" CONTENT="och"/><SP WIDTH="24" VPOS="1344" HPOS="1042"/>
							<String ID="string_161" HPOS="1066" VPOS="1343" WIDTH="204" HEIGHT="43" WC="0.96" CONTENT="därigenom"/><SP WIDTH="23" VPOS="1343" HPOS="1270"/>
							<String ID="string_162" HPOS="1293" VPOS="1342" WIDTH="146" HEIGHT="42" WC="0.96" CONTENT="främjas"/><SP WIDTH="23" VPOS="1342" HPOS="1439"/>
							<String ID="string_163" HPOS="1462" VPOS="1341" WIDTH="67" HEIGHT="35" WC="0.93" CONTENT="och"/><SP WIDTH="22" VPOS="1341" HPOS="1529"/>
							<String ID="string_164" HPOS="1551" VPOS="1353" WIDTH="62" HEIGHT="22" WC="0.90" CONTENT="an-"/>
						</TextLine>
						<TextLine ID="line_17" HPOS="123" VPOS="1395" WIDTH="1489" HEIGHT="47">
							<String ID="string_165" HPOS="123" VPOS="1400" WIDTH="94" HEIGHT="34" WC="0.95" CONTENT="hålla"/><SP WIDTH="22" VPOS="1400" HPOS="217"/>
							<String ID="string_166" HPOS="239" VPOS="1404" WIDTH="57" HEIGHT="29" WC="0.96" CONTENT="att"/><SP WIDTH="21" VPOS="1404" HPOS="296"/>
							<String ID="string_167" HPOS="317" VPOS="1400" WIDTH="131" HEIGHT="42" WC="0.96" CONTENT="Kungl."/><SP WIDTH="23" VPOS="1400" HPOS="448"/>
							<String ID="string_168" HPOS="471" VPOS="1399" WIDTH="113" HEIGHT="42" WC="0.96" CONTENT="Maj:t"/><SP WIDTH="21" VPOS="1399" HPOS="584"/>
							<String ID="string_169" HPOS="605" VPOS="1399" WIDTH="139" HEIGHT="33" WC="0.96" CONTENT="täcktes"/><SP WIDTH="23" VPOS="1399" HPOS="744"/>
							<String ID="string_170" HPOS="767" VPOS="1398" WIDTH="114" HEIGHT="33" WC="0.96" CONTENT="erinra"/><SP WIDTH="21" VPOS="1398" HPOS="881"/>
							<String ID="string_171" HPOS="902" VPOS="1398" WIDTH="68" HEIGHT="33" WC="0.96" CONTENT="den"/><SP WIDTH="22" VPOS="1398" HPOS="970"/>
							<String ID="string_172" HPOS="992" VPOS="1397" WIDTH="12" HEIGHT="34" WC="0.96" CONTENT="i"/><SP WIDTH="22" VPOS="1397" HPOS="1004"/>
							<String ID="string_173" HPOS="1026" VPOS="1397" WIDTH="114" HEIGHT="34" WC="0.96" CONTENT="utsikt"/><SP WIDTH="23" VPOS="1397" HPOS="1140"/>
							<String ID="string_174" HPOS="1163" VPOS="1397" WIDTH="129" HEIGHT="33" WC="0.96" CONTENT="ställda"/><SP WIDTH="21" VPOS="1397" HPOS="1292"/>
							<String ID="string_175" HPOS="1313" VPOS="1395" WIDTH="200" HEIGHT="42" WC="0.96" CONTENT="utredning,"/><SP WIDTH="23" VPOS="1395" HPOS="1513"/>
							<String ID="string_176" HPOS="1536" VPOS="1407" WIDTH="76" HEIGHT="21" WC="0.96" CONTENT="som"/>
						</TextLine>
						<TextLine ID="line_18" HPOS="125" VPOS="1447" WIDTH="1487" HEIGHT="49">
							<String ID="string_177" HPOS="125" VPOS="1453" WIDTH="154" HEIGHT="43" WC="0.96" CONTENT="angivits"/><SP WIDTH="27" VPOS="1453" HPOS="279"/>
							<String ID="string_178" HPOS="306" VPOS="1453" WIDTH="99" HEIGHT="33" WC="0.96" CONTENT="skola"/><SP WIDTH="25" VPOS="1453" HPOS="405"/>
							<String ID="string_179" HPOS="430" VPOS="1452" WIDTH="37" HEIGHT="34" WC="0.96" CONTENT="få"/><SP WIDTH="25" VPOS="1452" HPOS="467"/>
							<String ID="string_180" HPOS="492" VPOS="1453" WIDTH="55" HEIGHT="33" WC="0.96" CONTENT="till"/><SP WIDTH="26" VPOS="1453" HPOS="547"/>
							<String ID="string_181" HPOS="573" VPOS="1451" WIDTH="143" HEIGHT="44" WC="0.95" CONTENT="uppgift"/><SP WIDTH="26" VPOS="1451" HPOS="716"/>
							<String ID="string_182" HPOS="742" VPOS="1455" WIDTH="57" HEIGHT="30" WC="0.96" CONTENT="att"/><SP WIDTH="25" VPOS="1455" HPOS="799"/>
							<String ID="string_183" HPOS="824" VPOS="1450" WIDTH="201" HEIGHT="35" WC="0.96" CONTENT="undersöka"/><SP WIDTH="25" VPOS="1450" HPOS="1025"/>
							<String ID="string_184" HPOS="1050" VPOS="1449" WIDTH="230" HEIGHT="43" WC="0.96" CONTENT="möjligheten"/><SP WIDTH="27" VPOS="1449" HPOS="1280"/>
							<String ID="string_185" HPOS="1307" VPOS="1453" WIDTH="56" HEIGHT="29" WC="0.96" CONTENT="att"/><SP WIDTH="26" VPOS="1453" HPOS="1363"/>
							<String ID="string_186" HPOS="1389" VPOS="1448" WIDTH="121" HEIGHT="34" WC="0.88" CONTENT="förena"/><SP WIDTH="29" VPOS="1448" HPOS="1510"/>
							<String ID="string_187" HPOS="1539" VPOS="1447" WIDTH="73" HEIGHT="34" WC="0.87" CONTENT="”full"/>
						</TextLine>
						<TextLine ID="line_19" HPOS="124" VPOS="1502" WIDTH="1488" HEIGHT="47">
							<String ID="string_188" HPOS="124" VPOS="1506" WIDTH="280" HEIGHT="43" WC="0.81" CONTENT="sysselsättning”"/><SP WIDTH="30" VPOS="1506" HPOS="404"/>
							<String ID="string_189" HPOS="434" VPOS="1506" WIDTH="82" HEIGHT="34" WC="0.96" CONTENT="med"/><SP WIDTH="31" VPOS="1506" HPOS="516"/>
							<String ID="string_190" HPOS="547" VPOS="1510" WIDTH="54" HEIGHT="30" WC="0.96" CONTENT="ett"/><SP WIDTH="30" VPOS="1510" HPOS="601"/>
							<String ID="string_191" HPOS="631" VPOS="1505" WIDTH="72" HEIGHT="34" WC="0.95" CONTENT="fast"/><SP WIDTH="29" VPOS="1505" HPOS="703"/>
							<String ID="string_192" HPOS="732" VPOS="1504" WIDTH="276" HEIGHT="44" WC="0.96" CONTENT="penningvärde,"/><SP WIDTH="31" VPOS="1504" HPOS="1008"/>
							<String ID="string_193" HPOS="1039" VPOS="1516" WIDTH="60" HEIGHT="22" WC="0.90" CONTENT="om"/><SP WIDTH="30" VPOS="1516" HPOS="1099"/>
							<String ID="string_194" HPOS="1129" VPOS="1503" WIDTH="296" HEIGHT="43" WC="0.90" CONTENT="sparproblemets"/><SP WIDTH="31" VPOS="1503" HPOS="1425"/>
							<String ID="string_195" HPOS="1456" VPOS="1502" WIDTH="156" HEIGHT="33" WC="0.96" CONTENT="centrala"/>
						</TextLine>
						<TextLine ID="line_20" HPOS="123" VPOS="1555" WIDTH="1488" HEIGHT="48">
							<String ID="string_196" HPOS="123" VPOS="1561" WIDTH="93" HEIGHT="42" WC="0.96" CONTENT="plats"/><SP WIDTH="20" VPOS="1561" HPOS="216"/>
							<String ID="string_197" HPOS="236" VPOS="1561" WIDTH="11" HEIGHT="33" WC="0.96" CONTENT="i"/><SP WIDTH="21" VPOS="1561" HPOS="247"/>
							<String ID="string_198" HPOS="268" VPOS="1561" WIDTH="102" HEIGHT="33" WC="0.96" CONTENT="dessa"/><SP WIDTH="19" VPOS="1561" HPOS="370"/>
							<String ID="string_199" HPOS="389" VPOS="1560" WIDTH="258" HEIGHT="42" WC="0.96" CONTENT="sammanhang"/><SP WIDTH="19" VPOS="1560" HPOS="647"/>
							<String ID="string_200" HPOS="666" VPOS="1559" WIDTH="66" HEIGHT="34" WC="0.93" CONTENT="och"/><SP WIDTH="20" VPOS="1559" HPOS="732"/>
							<String ID="string_201" HPOS="752" VPOS="1558" WIDTH="167" HEIGHT="44" WC="0.93" CONTENT="påfordra"/><SP WIDTH="20" VPOS="1558" HPOS="919"/>
							<String ID="string_202" HPOS="939" VPOS="1562" WIDTH="57" HEIGHT="29" WC="0.96" CONTENT="att"/><SP WIDTH="20" VPOS="1562" HPOS="996"/>
							<String ID="string_203" HPOS="1016" VPOS="1558" WIDTH="102" HEIGHT="33" WC="0.96" CONTENT="detta"/><SP WIDTH="20" VPOS="1558" HPOS="1118"/>
							<String ID="string_204" HPOS="1138" VPOS="1557" WIDTH="60" HEIGHT="34" WC="0.96" CONTENT="vid"/><SP WIDTH="21" VPOS="1557" HPOS="1198"/>
							<String ID="string_205" HPOS="1219" VPOS="1556" WIDTH="250" HEIGHT="42" WC="0.96" CONTENT="utredningens"/><SP WIDTH="22" VPOS="1556" HPOS="1469"/>
							<String ID="string_206" HPOS="1491" VPOS="1555" WIDTH="120" HEIGHT="34" WC="0.96" CONTENT="arbete"/>
						</TextLine>
						<TextLine ID="line_21" HPOS="124" VPOS="1612" WIDTH="661" HEIGHT="45">
							<String ID="string_207" HPOS="124" VPOS="1617" WIDTH="108" HEIGHT="40" WC="0.96" CONTENT="ägnas"/><SP WIDTH="18" VPOS="1617" HPOS="232"/>
							<String ID="string_208" HPOS="250" VPOS="1613" WIDTH="167" HEIGHT="43" WC="0.96" CONTENT="tillbörlig"/><SP WIDTH="16" VPOS="1613" HPOS="417"/>
							<String ID="string_209" HPOS="433" VPOS="1612" WIDTH="352" HEIGHT="44" WC="0.94" CONTENT="uppmärksamhet»."/>
						</TextLine>
					</TextBlock>
					<TextBlock ID="block_5" HPOS="123" VPOS="1661" WIDTH="1489" HEIGHT="208">
						<TextLine ID="line_22" HPOS="169" VPOS="1661" WIDTH="1443" HEIGHT="45">
							<String ID="string_210" HPOS="169" VPOS="1667" WIDTH="229" HEIGHT="34" WC="0.96" CONTENT="Motionerna"/><SP WIDTH="24" VPOS="1667" HPOS="398"/>
							<String ID="string_211" HPOS="422" VPOS="1667" WIDTH="29" HEIGHT="33" WC="0.95" CONTENT="I:"/><SP WIDTH="16" VPOS="1667" HPOS="451"/>
							<String ID="string_212" HPOS="467" VPOS="1670" WIDTH="66" HEIGHT="30" WC="0.96" CONTENT="279"/><SP WIDTH="26" VPOS="1670" HPOS="533"/>
							<String ID="string_213" HPOS="559" VPOS="1666" WIDTH="65" HEIGHT="34" WC="0.96" CONTENT="och"/><SP WIDTH="25" VPOS="1666" HPOS="624"/>
							<String ID="string_214" HPOS="649" VPOS="1666" WIDTH="50" HEIGHT="33" WC="0.45" CONTENT="II:"/><SP WIDTH="15" VPOS="1666" HPOS="699"/>
							<String ID="string_215" HPOS="714" VPOS="1669" WIDTH="78" HEIGHT="36" WC="0.45" CONTENT="367,"/><SP WIDTH="25" VPOS="1669" HPOS="792"/>
							<String ID="string_216" HPOS="817" VPOS="1665" WIDTH="95" HEIGHT="34" WC="0.96" CONTENT="vilka"/><SP WIDTH="25" VPOS="1665" HPOS="912"/>
							<String ID="string_217" HPOS="937" VPOS="1668" WIDTH="92" HEIGHT="30" WC="0.96" CONTENT="även"/><SP WIDTH="25" VPOS="1668" HPOS="1029"/>
							<String ID="string_218" HPOS="1054" VPOS="1667" WIDTH="60" HEIGHT="31" WC="0.96" CONTENT="äro"/><SP WIDTH="24" VPOS="1667" HPOS="1114"/>
							<String ID="string_219" HPOS="1138" VPOS="1663" WIDTH="237" HEIGHT="43" WC="0.93" CONTENT="likalydande,"/><SP WIDTH="24" VPOS="1663" HPOS="1375"/>
							<String ID="string_220" HPOS="1399" VPOS="1667" WIDTH="179" HEIGHT="38" WC="0.91" CONTENT="utmynna"/><SP WIDTH="23" VPOS="1667" HPOS="1578"/>
							<String ID="string_221" HPOS="1601" VPOS="1661" WIDTH="11" HEIGHT="34" WC="0.96" CONTENT="i"/>
						</TextLine>
						<TextLine ID="line_23" HPOS="123" VPOS="1716" WIDTH="1488" HEIGHT="46">
							<String ID="string_222" HPOS="123" VPOS="1720" WIDTH="212" HEIGHT="35" WC="0.92" CONTENT="hemställan"/><SP WIDTH="23" VPOS="1720" HPOS="335"/>
							<String ID="string_223" HPOS="358" VPOS="1724" WIDTH="76" HEIGHT="30" WC="0.92" CONTENT="»att"/><SP WIDTH="20" VPOS="1724" HPOS="434"/>
							<String ID="string_224" HPOS="454" VPOS="1720" WIDTH="188" HEIGHT="42" WC="0.96" CONTENT="riksdagen"/><SP WIDTH="20" VPOS="1720" HPOS="642"/>
							<String ID="string_225" HPOS="662" VPOS="1720" WIDTH="114" HEIGHT="33" WC="0.96" CONTENT="måtte"/><SP WIDTH="21" VPOS="1720" HPOS="776"/>
							<String ID="string_226" HPOS="797" VPOS="1719" WIDTH="64" HEIGHT="34" WC="0.96" CONTENT="hos"/><SP WIDTH="20" VPOS="1719" HPOS="861"/>
							<String ID="string_227" HPOS="881" VPOS="1718" WIDTH="133" HEIGHT="42" WC="0.96" CONTENT="Kungl."/><SP WIDTH="22" VPOS="1718" HPOS="1014"/>
							<String ID="string_228" HPOS="1036" VPOS="1717" WIDTH="112" HEIGHT="42" WC="0.96" CONTENT="Maj:t"/><SP WIDTH="20" VPOS="1717" HPOS="1148"/>
							<String ID="string_229" HPOS="1168" VPOS="1717" WIDTH="130" HEIGHT="43" WC="0.96" CONTENT="begära"/><SP WIDTH="20" VPOS="1717" HPOS="1298"/>
							<String ID="string_230" HPOS="1318" VPOS="1721" WIDTH="55" HEIGHT="29" WC="0.95" CONTENT="att"/><SP WIDTH="20" VPOS="1721" HPOS="1373"/>
							<String ID="string_231" HPOS="1393" VPOS="1716" WIDTH="54" HEIGHT="34" WC="0.93" CONTENT="till"/><SP WIDTH="21" VPOS="1716" HPOS="1447"/>
							<String ID="string_232" HPOS="1468" VPOS="1716" WIDTH="143" HEIGHT="33" WC="0.92" CONTENT="inneva-"/>
						</TextLine>
						<TextLine ID="line_24" HPOS="124" VPOS="1769" WIDTH="1487" HEIGHT="44">
							<String ID="string_233" HPOS="124" VPOS="1774" WIDTH="109" HEIGHT="34" WC="0.93" CONTENT="rande"/><SP WIDTH="17" VPOS="1774" HPOS="233"/>
							<String ID="string_234" HPOS="250" VPOS="1774" WIDTH="195" HEIGHT="33" WC="0.91" CONTENT="vårsession"/><SP WIDTH="17" VPOS="1774" HPOS="445"/>
							<String ID="string_235" HPOS="462" VPOS="1774" WIDTH="114" HEIGHT="33" WC="0.96" CONTENT="måtte"/><SP WIDTH="18" VPOS="1774" HPOS="576"/>
							<String ID="string_236" HPOS="594" VPOS="1777" WIDTH="88" HEIGHT="29" WC="0.96" CONTENT="utan"/><SP WIDTH="19" VPOS="1777" HPOS="682"/>
							<String ID="string_237" HPOS="701" VPOS="1772" WIDTH="183" HEIGHT="34" WC="0.95" CONTENT="avvaktan"/><SP WIDTH="18" VPOS="1772" HPOS="884"/>
							<String ID="string_238" HPOS="902" VPOS="1784" WIDTH="46" HEIGHT="21" WC="0.95" CONTENT="av"/><SP WIDTH="17" VPOS="1784" HPOS="948"/>
							<String ID="string_239" HPOS="965" VPOS="1771" WIDTH="130" HEIGHT="42" WC="0.96" CONTENT="förslag"/><SP WIDTH="17" VPOS="1771" HPOS="1095"/>
							<String ID="string_240" HPOS="1112" VPOS="1771" WIDTH="53" HEIGHT="33" WC="0.96" CONTENT="till"/><SP WIDTH="17" VPOS="1771" HPOS="1165"/>
							<String ID="string_241" HPOS="1182" VPOS="1783" WIDTH="73" HEIGHT="29" WC="0.93" CONTENT="nya"/><SP WIDTH="17" VPOS="1783" HPOS="1255"/>
							<String ID="string_242" HPOS="1272" VPOS="1770" WIDTH="216" HEIGHT="42" WC="0.92" CONTENT="skattelagar"/><SP WIDTH="17" VPOS="1770" HPOS="1488"/>
							<String ID="string_243" HPOS="1505" VPOS="1769" WIDTH="106" HEIGHT="33" WC="0.92" CONTENT="fram-"/>
						</TextLine>
						<TextLine ID="line_25" HPOS="123" VPOS="1823" WIDTH="1425" HEIGHT="46">
							<String ID="string_244" HPOS="123" VPOS="1827" WIDTH="120" HEIGHT="42" WC="0.96" CONTENT="läggas"/><SP WIDTH="18" VPOS="1827" HPOS="243"/>
							<String ID="string_245" HPOS="261" VPOS="1826" WIDTH="129" HEIGHT="43" WC="0.96" CONTENT="förslag"/><SP WIDTH="17" VPOS="1826" HPOS="390"/>
							<String ID="string_246" HPOS="407" VPOS="1827" WIDTH="53" HEIGHT="33" WC="0.96" CONTENT="till"/><SP WIDTH="19" VPOS="1827" HPOS="460"/>
							<String ID="string_247" HPOS="479" VPOS="1826" WIDTH="164" HEIGHT="42" WC="0.96" CONTENT="åtgärder"/><SP WIDTH="18" VPOS="1826" HPOS="643"/>
							<String ID="string_248" HPOS="661" VPOS="1825" WIDTH="55" HEIGHT="34" WC="0.96" CONTENT="för"/><SP WIDTH="18" VPOS="1825" HPOS="716"/>
							<String ID="string_249" HPOS="734" VPOS="1829" WIDTH="243" HEIGHT="39" WC="0.96" CONTENT="uppmuntran"/><SP WIDTH="20" VPOS="1829" HPOS="977"/>
							<String ID="string_250" HPOS="997" VPOS="1836" WIDTH="46" HEIGHT="22" WC="0.96" CONTENT="av"/><SP WIDTH="19" VPOS="1836" HPOS="1043"/>
							<String ID="string_251" HPOS="1062" VPOS="1824" WIDTH="61" HEIGHT="34" WC="0.96" CONTENT="det"/><SP WIDTH="18" VPOS="1824" HPOS="1123"/>
							<String ID="string_252" HPOS="1141" VPOS="1824" WIDTH="164" HEIGHT="41" WC="0.96" CONTENT="frivilliga"/><SP WIDTH="18" VPOS="1824" HPOS="1305"/>
							<String ID="string_253" HPOS="1323" VPOS="1823" WIDTH="225" HEIGHT="43" WC="0.91" CONTENT="sparandet»."/>
						</TextLine>
					</TextBlock>
					<TextBlock ID="block_6" HPOS="124" VPOS="1875" WIDTH="1487" HEIGHT="91">
						<TextLine ID="line_26" HPOS="168" VPOS="1875" WIDTH="1443" HEIGHT="45">
							<String ID="string_254" HPOS="168" VPOS="1879" WIDTH="229" HEIGHT="34" WC="0.96" CONTENT="Beträffande"/><SP WIDTH="15" VPOS="1879" HPOS="397"/>
							<String ID="string_255" HPOS="412" VPOS="1879" WIDTH="301" HEIGHT="41" WC="0.96" CONTENT="motiveringarna"/><SP WIDTH="15" VPOS="1879" HPOS="713"/>
							<String ID="string_256" HPOS="728" VPOS="1878" WIDTH="54" HEIGHT="33" WC="0.96" CONTENT="för"/><SP WIDTH="15" VPOS="1878" HPOS="782"/>
							<String ID="string_257" HPOS="797" VPOS="1878" WIDTH="71" HEIGHT="33" WC="0.96" CONTENT="vad"/><SP WIDTH="16" VPOS="1878" HPOS="868"/>
							<String ID="string_258" HPOS="884" VPOS="1878" WIDTH="150" HEIGHT="33" WC="0.93" CONTENT="sålunda"/><SP WIDTH="14" VPOS="1878" HPOS="1034"/>
							<String ID="string_259" HPOS="1048" VPOS="1877" WIDTH="199" HEIGHT="33" WC="0.91" CONTENT="hemställts"/><SP WIDTH="16" VPOS="1877" HPOS="1247"/>
							<String ID="string_260" HPOS="1263" VPOS="1876" WIDTH="54" HEIGHT="33" WC="0.96" CONTENT="får"/><SP WIDTH="15" VPOS="1876" HPOS="1317"/>
							<String ID="string_261" HPOS="1332" VPOS="1876" WIDTH="179" HEIGHT="33" WC="0.93" CONTENT="utskottet"/><SP WIDTH="14" VPOS="1876" HPOS="1511"/>
							<String ID="string_262" HPOS="1525" VPOS="1875" WIDTH="86" HEIGHT="34" WC="0.92" CONTENT="hän-"/>
						</TextLine>
						<TextLine ID="line_27" HPOS="124" VPOS="1931" WIDTH="790" HEIGHT="35">
							<String ID="string_263" HPOS="124" VPOS="1933" WIDTH="75" HEIGHT="33" WC="0.95" CONTENT="visa"/><SP WIDTH="20" VPOS="1933" HPOS="199"/>
							<String ID="string_264" HPOS="219" VPOS="1933" WIDTH="54" HEIGHT="33" WC="0.96" CONTENT="till"/><SP WIDTH="20" VPOS="1933" HPOS="273"/>
							<String ID="string_265" HPOS="293" VPOS="1932" WIDTH="222" HEIGHT="34" WC="0.96" CONTENT="motionerna"/><SP WIDTH="19" VPOS="1932" HPOS="515"/>
							<String ID="string_266" HPOS="534" VPOS="1932" WIDTH="50" HEIGHT="33" WC="0.69" CONTENT="II:"/><SP WIDTH="16" VPOS="1932" HPOS="584"/>
							<String ID="string_267" HPOS="600" VPOS="1934" WIDTH="65" HEIGHT="30" WC="0.95" CONTENT="284"/><SP WIDTH="21" VPOS="1934" HPOS="665"/>
							<String ID="string_268" HPOS="686" VPOS="1931" WIDTH="66" HEIGHT="34" WC="0.96" CONTENT="och"/><SP WIDTH="20" VPOS="1931" HPOS="752"/>
							<String ID="string_269" HPOS="772" VPOS="1931" WIDTH="50" HEIGHT="33" WC="0.91" CONTENT="II:"/><SP WIDTH="16" VPOS="1931" HPOS="822"/>
							<String ID="string_270" HPOS="838" VPOS="1934" WIDTH="76" HEIGHT="30" WC="0.92" CONTENT="367."/>
						</TextLine>
					</TextBlock>
					<TextBlock ID="block_7" HPOS="122" VPOS="1981" WIDTH="1491" HEIGHT="152">
						<TextLine ID="line_28" HPOS="168" VPOS="1981" WIDTH="1445" HEIGHT="45">
							<String ID="string_271" HPOS="168" VPOS="1984" WIDTH="94" HEIGHT="35" WC="0.96" CONTENT="Över"/><SP WIDTH="23" VPOS="1984" HPOS="262"/>
							<String ID="string_272" HPOS="285" VPOS="1984" WIDTH="223" HEIGHT="35" WC="0.96" CONTENT="motionerna"/><SP WIDTH="23" VPOS="1984" HPOS="508"/>
							<String ID="string_273" HPOS="531" VPOS="1984" WIDTH="58" HEIGHT="40" WC="0.96" CONTENT="ha,"/><SP WIDTH="25" VPOS="1984" HPOS="589"/>
							<String ID="string_274" HPOS="614" VPOS="1984" WIDTH="89" HEIGHT="33" WC="0.96" CONTENT="efter"/><SP WIDTH="25" VPOS="1984" HPOS="703"/>
							<String ID="string_275" HPOS="728" VPOS="1983" WIDTH="132" HEIGHT="40" WC="0.96" CONTENT="remiss,"/><SP WIDTH="25" VPOS="1983" HPOS="860"/>
							<String ID="string_276" HPOS="885" VPOS="1983" WIDTH="194" HEIGHT="43" WC="0.93" CONTENT="yttranden"/><SP WIDTH="26" VPOS="1983" HPOS="1079"/>
							<String ID="string_277" HPOS="1105" VPOS="1982" WIDTH="153" HEIGHT="42" WC="0.91" CONTENT="avgivits"/><SP WIDTH="26" VPOS="1982" HPOS="1258"/>
							<String ID="string_278" HPOS="1284" VPOS="1994" WIDTH="46" HEIGHT="21" WC="0.96" CONTENT="av"/><SP WIDTH="23" VPOS="1994" HPOS="1330"/>
							<String ID="string_279" HPOS="1353" VPOS="1981" WIDTH="222" HEIGHT="42" WC="0.94" CONTENT="fullmäktige"/><SP WIDTH="25" VPOS="1981" HPOS="1575"/>
							<String ID="string_280" HPOS="1600" VPOS="1981" WIDTH="13" HEIGHT="33" WC="0.91" CONTENT="1"/>
						</TextLine>
						<TextLine ID="line_29" HPOS="122" VPOS="2035" WIDTH="1489" HEIGHT="45">
							<String ID="string_281" HPOS="122" VPOS="2038" WIDTH="349" HEIGHT="42" WC="0.91" CONTENT="riksgäldskontoret,"/><SP WIDTH="24" VPOS="2038" HPOS="471"/>
							<String ID="string_282" HPOS="495" VPOS="2037" WIDTH="160" HEIGHT="34" WC="0.93" CONTENT="Svenska"/><SP WIDTH="26" VPOS="2037" HPOS="655"/>
							<String ID="string_283" HPOS="681" VPOS="2036" WIDTH="311" HEIGHT="43" WC="0.91" CONTENT="bankföreningen,"/><SP WIDTH="23" VPOS="2036" HPOS="992"/>
							<String ID="string_284" HPOS="1015" VPOS="2035" WIDTH="161" HEIGHT="35" WC="0.93" CONTENT="Svenska"/><SP WIDTH="22" VPOS="2035" HPOS="1176"/>
							<String ID="string_285" HPOS="1198" VPOS="2035" WIDTH="413" HEIGHT="43" WC="0.91" CONTENT="sparbanksföreningen,"/>
						</TextLine>
						<TextLine ID="line_30" HPOS="122" VPOS="2088" WIDTH="1490" HEIGHT="45">
							<String ID="string_286" HPOS="122" VPOS="2091" WIDTH="159" HEIGHT="34" WC="0.90" CONTENT="Svenska"/><SP WIDTH="19" VPOS="2091" HPOS="281"/>
							<String ID="string_287" HPOS="300" VPOS="2091" WIDTH="438" HEIGHT="42" WC="0.90" CONTENT="jordbrukskreditkassan"/><SP WIDTH="18" VPOS="2091" HPOS="738"/>
							<String ID="string_288" HPOS="756" VPOS="2090" WIDTH="66" HEIGHT="33" WC="0.96" CONTENT="och"/><SP WIDTH="18" VPOS="2090" HPOS="822"/>
							<String ID="string_289" HPOS="840" VPOS="2089" WIDTH="160" HEIGHT="34" WC="0.93" CONTENT="Svenska"/><SP WIDTH="18" VPOS="2089" HPOS="1000"/>
							<String ID="string_290" HPOS="1018" VPOS="2088" WIDTH="339" HEIGHT="43" WC="0.91" CONTENT="försäkringsbolags"/><SP WIDTH="17" VPOS="2088" HPOS="1357"/>
							<String ID="string_291" HPOS="1374" VPOS="2088" WIDTH="238" HEIGHT="42" WC="0.96" CONTENT="riksförbund."/>
						</TextLine>
					</TextBlock>
					<TextBlock ID="block_8" HPOS="170" VPOS="2141" WIDTH="1061" HEIGHT="45">
						<TextLine ID="line_31" HPOS="170" VPOS="2141" WIDTH="1061" HEIGHT="45">
							<String ID="string_292" HPOS="170" VPOS="2143" WIDTH="721" HEIGHT="43" WC="0.81" CONTENT="Riksgäldsfullmäktige"/><SP WIDTH="30" VPOS="2143" HPOS="891"/>
							<String ID="string_293" HPOS="921" VPOS="2142" WIDTH="120" HEIGHT="33" WC="0.96" CONTENT="anföra"/><SP WIDTH="23" VPOS="2142" HPOS="1041"/>
							<String ID="string_294" HPOS="1064" VPOS="2141" WIDTH="167" HEIGHT="42" WC="0.96" CONTENT="följande:"/>
						</TextLine>
					</TextBlock>
					<TextBlock ID="block_9" HPOS="120" VPOS="2212" WIDTH="1492" HEIGHT="318">
						<TextLine ID="line_32" HPOS="167" VPOS="2212" WIDTH="1445" HEIGHT="45">
							<String ID="string_295" HPOS="167" VPOS="2214" WIDTH="188" HEIGHT="43" WC="0.95" CONTENT="Åtskilliga"/><SP WIDTH="22" VPOS="2214" HPOS="355"/>
							<String ID="string_296" HPOS="377" VPOS="2215" WIDTH="125" HEIGHT="33" WC="0.96" CONTENT="tecken"/><SP WIDTH="24" VPOS="2215" HPOS="502"/>
							<String ID="string_297" HPOS="526" VPOS="2215" WIDTH="89" HEIGHT="41" WC="0.96" CONTENT="tyda"/><SP WIDTH="22" VPOS="2215" HPOS="615"/>
							<String ID="string_298" HPOS="637" VPOS="2215" WIDTH="47" HEIGHT="41" WC="0.96" CONTENT="på"/><SP WIDTH="22" VPOS="2215" HPOS="684"/>
							<String ID="string_299" HPOS="706" VPOS="2218" WIDTH="57" HEIGHT="29" WC="0.96" CONTENT="att"/><SP WIDTH="23" VPOS="2218" HPOS="763"/>
							<String ID="string_300" HPOS="786" VPOS="2214" WIDTH="60" HEIGHT="33" WC="0.96" CONTENT="det"/><SP WIDTH="23" VPOS="2214" HPOS="846"/>
							<String ID="string_301" HPOS="869" VPOS="2213" WIDTH="175" HEIGHT="42" WC="0.96" CONTENT="frivilliga,"/><SP WIDTH="23" VPOS="2213" HPOS="1044"/>
							<String ID="string_302" HPOS="1067" VPOS="2212" WIDTH="160" HEIGHT="34" WC="0.96" CONTENT="enskilda"/><SP WIDTH="22" VPOS="2212" HPOS="1227"/>
							<String ID="string_303" HPOS="1249" VPOS="2213" WIDTH="190" HEIGHT="41" WC="0.93" CONTENT="sparandet"/><SP WIDTH="23" VPOS="2213" HPOS="1439"/>
							<String ID="string_304" HPOS="1462" VPOS="2212" WIDTH="150" HEIGHT="41" WC="0.92" CONTENT="nedgått"/>
						</TextLine>
						<TextLine ID="line_33" HPOS="123" VPOS="2256" WIDTH="1489" HEIGHT="43">
							<String ID="string_305" HPOS="123" VPOS="2260" WIDTH="111" HEIGHT="33" WC="0.96" CONTENT="under"/><SP WIDTH="22" VPOS="2260" HPOS="234"/>
							<String ID="string_306" HPOS="256" VPOS="2260" WIDTH="42" HEIGHT="33" WC="0.96" CONTENT="de"/><SP WIDTH="24" VPOS="2260" HPOS="298"/>
							<String ID="string_307" HPOS="322" VPOS="2264" WIDTH="136" HEIGHT="28" WC="0.96" CONTENT="senaste"/><SP WIDTH="23" VPOS="2264" HPOS="458"/>
							<String ID="string_308" HPOS="481" VPOS="2260" WIDTH="95" HEIGHT="32" WC="0.93" CONTENT="åren."/><SP WIDTH="33" VPOS="2260" HPOS="576"/>
							<String ID="string_309" HPOS="609" VPOS="2258" WIDTH="423" HEIGHT="41" WC="0.92" CONTENT="Försäkringssparandet"/><SP WIDTH="22" VPOS="2258" HPOS="1032"/>
							<String ID="string_310" HPOS="1054" VPOS="2257" WIDTH="63" HEIGHT="32" WC="0.96" CONTENT="har"/><SP WIDTH="23" VPOS="2257" HPOS="1117"/>
							<String ID="string_311" HPOS="1140" VPOS="2257" WIDTH="200" HEIGHT="41" WC="0.95" CONTENT="visserligen"/><SP WIDTH="23" VPOS="2257" HPOS="1340"/>
							<String ID="string_312" HPOS="1363" VPOS="2256" WIDTH="168" HEIGHT="42" WC="0.96" CONTENT="tämligen"/><SP WIDTH="24" VPOS="2256" HPOS="1531"/>
							<String ID="string_313" HPOS="1555" VPOS="2256" WIDTH="57" HEIGHT="33" WC="0.96" CONTENT="väl"/>
						</TextLine>
						<TextLine ID="line_34" HPOS="123" VPOS="2300" WIDTH="1488" HEIGHT="44">
							<String ID="string_314" HPOS="123" VPOS="2304" WIDTH="139" HEIGHT="33" WC="0.96" CONTENT="kunnat"/><SP WIDTH="22" VPOS="2304" HPOS="262"/>
							<String ID="string_315" HPOS="284" VPOS="2304" WIDTH="119" HEIGHT="32" WC="0.96" CONTENT="hävda"/><SP WIDTH="20" VPOS="2304" HPOS="403"/>
							<String ID="string_316" HPOS="423" VPOS="2303" WIDTH="62" HEIGHT="41" WC="0.96" CONTENT="sig,"/><SP WIDTH="22" VPOS="2303" HPOS="485"/>
							<String ID="string_317" HPOS="507" VPOS="2303" WIDTH="109" HEIGHT="32" WC="0.96" CONTENT="ehuru"/><SP WIDTH="25" VPOS="2303" HPOS="616"/>
							<String ID="string_318" HPOS="641" VPOS="2303" WIDTH="198" HEIGHT="32" WC="0.96" CONTENT="detsamma"/><SP WIDTH="21" VPOS="2303" HPOS="839"/>
							<String ID="string_319" HPOS="860" VPOS="2301" WIDTH="30" HEIGHT="41" WC="0.96" CONTENT="ej"/><SP WIDTH="25" VPOS="2301" HPOS="890"/>
							<String ID="string_320" HPOS="915" VPOS="2301" WIDTH="141" HEIGHT="33" WC="0.96" CONTENT="kunnat"/><SP WIDTH="21" VPOS="2301" HPOS="1056"/>
							<String ID="string_321" HPOS="1077" VPOS="2301" WIDTH="93" HEIGHT="33" WC="0.96" CONTENT="hålla"/><SP WIDTH="22" VPOS="2301" HPOS="1170"/>
							<String ID="string_322" HPOS="1192" VPOS="2301" WIDTH="125" HEIGHT="32" WC="0.96" CONTENT="takten"/><SP WIDTH="23" VPOS="2301" HPOS="1317"/>
							<String ID="string_323" HPOS="1340" VPOS="2301" WIDTH="79" HEIGHT="32" WC="0.93" CONTENT="med"/><SP WIDTH="23" VPOS="2301" HPOS="1419"/>
							<String ID="string_324" HPOS="1442" VPOS="2300" WIDTH="169" HEIGHT="42" WC="0.91" CONTENT="penning-"/>
						</TextLine>
						<TextLine ID="line_35" HPOS="124" VPOS="2344" WIDTH="1487" HEIGHT="45">
							<String ID="string_325" HPOS="124" VPOS="2348" WIDTH="142" HEIGHT="33" WC="0.91" CONTENT="värdets"/><SP WIDTH="19" VPOS="2348" HPOS="266"/>
							<String ID="string_326" HPOS="285" VPOS="2347" WIDTH="218" HEIGHT="41" WC="0.96" CONTENT="försämring."/><SP WIDTH="18" VPOS="2347" HPOS="503"/>
							<String ID="string_327" HPOS="521" VPOS="2347" WIDTH="199" HEIGHT="42" WC="0.96" CONTENT="Sparandet"/><SP WIDTH="17" VPOS="2347" HPOS="720"/>
							<String ID="string_328" HPOS="737" VPOS="2346" WIDTH="10" HEIGHT="33" WC="0.96" CONTENT="i"/><SP WIDTH="18" VPOS="2346" HPOS="747"/>
							<String ID="string_329" HPOS="765" VPOS="2345" WIDTH="231" HEIGHT="42" WC="0.96" CONTENT="obligationer"/><SP WIDTH="18" VPOS="2345" HPOS="996"/>
							<String ID="string_330" HPOS="1014" VPOS="2345" WIDTH="77" HEIGHT="33" WC="0.96" CONTENT="från"/><SP WIDTH="19" VPOS="2345" HPOS="1091"/>
							<String ID="string_331" HPOS="1110" VPOS="2345" WIDTH="248" HEIGHT="38" WC="0.95" CONTENT="allmänheten,"/><SP WIDTH="18" VPOS="2345" HPOS="1358"/>
							<String ID="string_332" HPOS="1376" VPOS="2344" WIDTH="121" HEIGHT="33" WC="0.93" CONTENT="kassor"/><SP WIDTH="17" VPOS="2344" HPOS="1497"/>
							<String ID="string_333" HPOS="1514" VPOS="2356" WIDTH="47" HEIGHT="21" WC="0.91" CONTENT="m."/><SP WIDTH="14" VPOS="2356" HPOS="1561"/>
							<String ID="string_334" HPOS="1575" VPOS="2344" WIDTH="36" HEIGHT="33" WC="0.96" CONTENT="fl."/>
						</TextLine>
						<TextLine ID="line_36" HPOS="124" VPOS="2388" WIDTH="1487" HEIGHT="45">
							<String ID="string_335" HPOS="124" VPOS="2404" WIDTH="102" HEIGHT="29" WC="0.96" CONTENT="synes"/><SP WIDTH="21" VPOS="2404" HPOS="226"/>
							<String ID="string_336" HPOS="247" VPOS="2391" WIDTH="192" HEIGHT="34" WC="0.96" CONTENT="emellertid"/><SP WIDTH="21" VPOS="2391" HPOS="439"/>
							<String ID="string_337" HPOS="460" VPOS="2391" WIDTH="47" HEIGHT="33" WC="0.96" CONTENT="ha"/><SP WIDTH="20" VPOS="2391" HPOS="507"/>
							<String ID="string_338" HPOS="527" VPOS="2391" WIDTH="138" HEIGHT="40" WC="0.96" CONTENT="avtagit"/><SP WIDTH="21" VPOS="2391" HPOS="665"/>
							<String ID="string_339" HPOS="686" VPOS="2390" WIDTH="65" HEIGHT="33" WC="0.96" CONTENT="och"/><SP WIDTH="22" VPOS="2390" HPOS="751"/>
							<String ID="string_340" HPOS="773" VPOS="2390" WIDTH="70" HEIGHT="33" WC="0.96" CONTENT="vad"/><SP WIDTH="22" VPOS="2390" HPOS="843"/>
							<String ID="string_341" HPOS="865" VPOS="2389" WIDTH="168" HEIGHT="33" WC="0.96" CONTENT="beträffar"/><SP WIDTH="20" VPOS="2389" HPOS="1033"/>
							<String ID="string_342" HPOS="1053" VPOS="2389" WIDTH="61" HEIGHT="33" WC="0.93" CONTENT="det"/><SP WIDTH="21" VPOS="2389" HPOS="1114"/>
							<String ID="string_343" HPOS="1135" VPOS="2390" WIDTH="21" HEIGHT="32" WC="0.92" CONTENT="å"/><SP WIDTH="20" VPOS="2390" HPOS="1156"/>
							<String ID="string_344" HPOS="1176" VPOS="2388" WIDTH="335" HEIGHT="42" WC="0.91" CONTENT="bankräkningarna"/><SP WIDTH="20" VPOS="2388" HPOS="1511"/>
							<String ID="string_345" HPOS="1531" VPOS="2400" WIDTH="80" HEIGHT="30" WC="0.92" CONTENT="syn-"/>
						</TextLine>
						<TextLine ID="line_37" HPOS="124" VPOS="2433" WIDTH="1487" HEIGHT="45">
							<String ID="string_346" HPOS="124" VPOS="2436" WIDTH="68" HEIGHT="42" WC="0.96" CONTENT="liga"/><SP WIDTH="18" VPOS="2436" HPOS="192"/>
							<String ID="string_347" HPOS="210" VPOS="2436" WIDTH="190" HEIGHT="42" WC="0.96" CONTENT="sparandet"/><SP WIDTH="19" VPOS="2436" HPOS="400"/>
							<String ID="string_348" HPOS="419" VPOS="2436" WIDTH="75" HEIGHT="32" WC="0.92" CONTENT="visa"/><SP WIDTH="19" VPOS="2436" HPOS="494"/>
							<String ID="string_349" HPOS="513" VPOS="2435" WIDTH="215" HEIGHT="33" WC="0.90" CONTENT="insättarnas"/><SP WIDTH="19" VPOS="2435" HPOS="728"/>
							<String ID="string_350" HPOS="747" VPOS="2433" WIDTH="337" HEIGHT="42" WC="0.90" CONTENT="tillgodohavanden"/><SP WIDTH="18" VPOS="2433" HPOS="1084"/>
							<String ID="string_351" HPOS="1102" VPOS="2445" WIDTH="43" HEIGHT="21" WC="0.96" CONTENT="en"/><SP WIDTH="19" VPOS="2445" HPOS="1145"/>
							<String ID="string_352" HPOS="1164" VPOS="2433" WIDTH="135" HEIGHT="33" WC="0.96" CONTENT="mindre"/><SP WIDTH="19" VPOS="2433" HPOS="1299"/>
							<String ID="string_353" HPOS="1318" VPOS="2433" WIDTH="131" HEIGHT="42" WC="0.96" CONTENT="ökning"/><SP WIDTH="18" VPOS="2433" HPOS="1449"/>
							<String ID="string_354" HPOS="1467" VPOS="2436" WIDTH="44" HEIGHT="30" WC="0.92" CONTENT="än"/><SP WIDTH="20" VPOS="2436" HPOS="1511"/>
							<String ID="string_355" HPOS="1531" VPOS="2433" WIDTH="80" HEIGHT="33" WC="0.91" CONTENT="tidi-"/>
						</TextLine>
						<TextLine ID="line_38" HPOS="120" VPOS="2497" WIDTH="915" HEIGHT="33">
							<String ID="string_356" HPOS="120" VPOS="2499" WIDTH="15" HEIGHT="27" WC="0.89" CONTENT="1"/><SP WIDTH="19" VPOS="2499" HPOS="135"/>
							<String ID="string_357" HPOS="154" VPOS="2512" WIDTH="34" HEIGHT="5" WC="0.89" CONTENT="—"/><SP WIDTH="17" VPOS="2512" HPOS="188"/>
							<String ID="string_358" HPOS="205" VPOS="2498" WIDTH="100" HEIGHT="32" WC="0.91" CONTENT="Bihang"/><SP WIDTH="18" VPOS="2498" HPOS="305"/>
							<String ID="string_359" HPOS="323" VPOS="2498" WIDTH="38" HEIGHT="25" WC="0.96" CONTENT="till"/><SP WIDTH="15" VPOS="2498" HPOS="361"/>
							<String ID="string_360" HPOS="376" VPOS="2497" WIDTH="149" HEIGHT="31" WC="0.96" CONTENT="riksdagens"/><SP WIDTH="14" VPOS="2497" HPOS="525"/>
							<String ID="string_361" HPOS="539" VPOS="2497" WIDTH="131" HEIGHT="31" WC="0.96" CONTENT="protokoll"/><SP WIDTH="16" VPOS="2497" HPOS="670"/>
							<String ID="string_362" HPOS="686" VPOS="2499" WIDTH="73" HEIGHT="23" WC="0.95" CONTENT="1951."/><SP WIDTH="29" VPOS="2499" HPOS="759"/>
							<String ID="string_363" HPOS="788" VPOS="2500" WIDTH="16" HEIGHT="22" WC="0.93" CONTENT="8"/><SP WIDTH="18" VPOS="2500" HPOS="804"/>
							<String ID="string_364" HPOS="822" VPOS="2497" WIDTH="74" HEIGHT="25" WC="0.95" CONTENT="saml."/><SP WIDTH="37" VPOS="2497" HPOS="896"/>
							<String ID="string_365" HPOS="933" VPOS="2497" WIDTH="41" HEIGHT="24" WC="0.95" CONTENT="Nr"/><SP WIDTH="19" VPOS="2497" HPOS="974"/>
							<String ID="string_366" HPOS="993" VPOS="2499" WIDTH="42" HEIGHT="22" WC="0.95" CONTENT="12."/>
						</TextLine>
					</TextBlock>
				</ComposedBlock>
			</PrintSpace>
		</Page>
	</Layout>
</alto>
