1874 2778
266 188 18 29 8
582 188 117 30 Andra
717 188 245 39 lagutskottets
980 188 180 29 utlåtande
1177 197 42 19 nr
1237 188 40 28 18
1294 187 39 29 år
1352 186 81 30 1957

266 268 387 38 pensionsnämnderna
682 277 55 20 om
768 270 50 27 att
848 268 41 29 de
919 277 67 29 nya
1015 266 330 39 taxeringsvärdena
1376 266 191 29 tillsvidare
1598 266 70 29 inte
1698 265 54 29 får

266 321 159 29 medföra
440 321 204 39 minskning
659 331 41 19 av
713 321 172 39 utgående
899 321 195 39 pensioner.
1109 321 48 29 De
1172 320 108 38 höjda
1294 319 332 39 taxeringsvärdena
1641 318 111 30 skulle

267 374 134 29 således
425 375 35 29 få
482 374 171 29 inverkan
675 375 56 28 vid
755 374 243 29 fastställande
1023 383 42 20 av
1088 373 184 39 pensioner
1297 373 54 29 för
1375 372 273 39 nytillträdande
1671 380 83 31 pen-

268 427 213 39 sionstagare
508 428 65 29 och
601 428 55 28 vid
682 427 147 39 höjning
856 437 42 19 av
923 427 172 39 utgående
1121 426 194 40 pensioner.
1355 425 243 39 Anledningen
1625 425 51 29 till
1703 426 50 28 att

266 480 96 30 detta
386 480 321 39 tillvägagångssätt
731 480 160 30 förordas
916 482 37 27 är
977 482 50 27 att
1051 480 57 29 det
1132 480 70 29 inte
1227 488 102 21 anses
1354 479 167 38 föreligga
1545 478 207 38 tillräckliga

268 534 77 29 skäl
363 536 49 27 att
429 535 81 38 göra
528 534 148 38 ändring
694 535 9 28 i
720 534 159 38 gällande
896 533 263 30 bestämmelser
1175 533 57 29 vid
1250 542 42 19 en
1310 532 165 40 tidpunkt
1493 532 44 29 då
1555 542 43 19 en
1616 540 138 31 genom-

267 588 167 38 gripande
453 587 131 30 reform
606 597 41 20 av
666 587 76 29 hela
761 587 334 39 pensionsväsendet
1116 586 208 30 förberedes.

311 641 68 29 För
397 649 83 30 egen
499 641 54 29 del
574 641 111 29 skulle
703 640 58 39 jag
780 640 107 30 också
905 641 89 28 helst
1015 649 34 20 se
1070 642 50 27 att
1139 640 107 38 några
1264 639 145 39 ingrepp
1428 639 71 29 inte
1519 639 154 29 behövde
1694 638 59 29 ske

267 694 10 28 i
301 694 158 38 gällande
483 693 220 39 lagstiftning
726 694 10 29 i
760 694 174 29 avvaktan
957 693 44 39 på
1026 693 292 29 statsmakternas
1344 692 334 39 ställningstagande
1702 691 52 29 till

267 747 58 29 det
348 747 129 38 förslag
498 757 58 19 om
581 747 192 29 förbättrad
795 746 257 40 pensionering,
1077 756 73 19 som
1173 746 139 39 nyligen
1335 745 193 39 framlagts.
1553 744 201 30 Emellertid

268 801 71 29 kan
355 801 56 28 det
426 800 235 39 ifrågasättas,
677 810 55 19 om
748 800 67 29 den
831 809 83 30 nyss
930 800 150 38 angivna
1096 800 148 38 utvägen
1260 799 54 29 för
1330 801 50 27 att
1395 798 156 30 undvika
1566 808 44 19 en
1626 806 129 31 ogynn-

269 863 76 19 sam
375 854 169 29 inverkan
576 863 41 20 av
649 853 163 39 förhöjda
843 852 495 40 fastighetstaxeringsvärden
1368 852 43 39 på
1443 852 312 38 egnahemsägares

268 907 65 29 och
357 907 143 29 därmed
523 907 202 39 jämförliga
749 907 305 38 pensionstagares
1078 905 247 39 pensionsnivå
1351 905 70 30 står
1445 906 11 28 i
1481 905 66 38 god
1573 904 182 38 samklang

268 961 80 28 med
369 960 41 29 de
430 960 186 39 principer,
637 960 43 39 på
700 960 93 29 vilka
814 959 367 39 folkpensioneringen
1202 958 97 29 vilar.
1322 959 48 29 De
1392 967 102 30 synes
1515 958 71 39 mig
1609 957 146 29 sålunda

268 1014 137 29 mindre
428 1013 195 30 tilltalande
646 1015 49 28 att
717 1021 124 31 genom
864 1022 42 20 en
929 1012 182 30 föreskrift
1133 1013 11 28 i
1167 1011 257 30 administrativ
1446 1012 64 38 väg
1534 1011 157 29 undanta
1713 1020 42 19 en

270 1067 151 29 särskild
442 1074 111 32 grupp
576 1076 42 20 av
639 1066 283 39 pensionstagare
944 1066 80 29 från
1045 1066 42 29 de
1108 1065 220 38 verkningar,
1352 1074 73 20 som
1447 1065 101 38 lagen
1569 1065 11 28 i
1602 1066 47 28 ett
1671 1064 85 29 visst

269 1120 169 29 avseende
456 1120 148 29 medför.
624 1120 11 28 I
655 1120 65 29 den
738 1119 83 30 mån
839 1119 268 39 tillämpningen
1126 1128 40 20 av
1184 1118 160 39 gällande
1362 1117 263 30 bestämmelser
1645 1117 111 30 skulle

269 1173 78 29 leda
369 1173 51 29 till
442 1173 157 33 resultat,
623 1182 74 20 som
718 1182 82 20 man
822 1172 59 29 vill
905 1172 165 34 undvika,
1093 1172 61 29 bör
1175 1171 310 30 bestämmelserna
1508 1171 139 29 ändras.
1671 1171 85 28 Pen-

270 1227 268 39 sionsstyrelsen
562 1227 64 28 har
650 1227 10 28 i
684 1226 109 29 andra
817 1226 95 29 hand
936 1225 179 39 föreslagit
1141 1225 130 29 sådana
1296 1224 198 39 ändringar.
1521 1224 117 39 Enligt
1662 1224 94 29 detta

270 1280 131 39 förslag
422 1280 99 39 höjes
541 1280 42 29 de
605 1279 280 40 skärpningsfria
905 1278 170 40 beloppen
1097 1278 79 29 från
1198 1278 94 29 7500
1314 1278 130 29 kronor
1464 1278 53 29 till
1542 1278 37 29 15
1595 1277 62 30 000
1679 1277 78 29 kro-

269 1342 66 20 nor
354 1333 54 30 för
426 1333 63 39 gift
507 1332 362 40 pensionsberättigad
888 1333 64 28 och
971 1332 80 29 från
1073 1332 38 29 10
1126 1331 61 30 000
1208 1331 51 29 till
1280 1330 40 30 20
1335 1330 62 30 000
1416 1331 131 29 kronor
1567 1331 54 29 för
1640 1339 117 20 annan

270 1386 373 39 pensionsberättigad,
661 1386 171 39 varjämte
850 1385 400 40 skärpningsprocenten
1268 1384 85 30 ökas
1372 1384 78 29 från
1470 1384 38 29 10
1527 1385 53 28 till
1599 1384 50 29 20.
1668 1383 89 29 änd-

270 1441 166 39 ringarna
462 1441 148 29 föreslås
638 1441 96 29 skola
760 1441 102 29 träda
888 1441 11 28 i
925 1440 95 29 kraft
1048 1440 67 29 den
1145 1440 13 28 1
1187 1439 67 38 juli
1284 1438 93 30 1957.
1406 1439 282 39 Fördubblingen
1716 1448 42 20 av

271 1494 403 39 skärpningsprocenten
697 1494 112 29 skulle
831 1494 11 29 i
864 1493 92 29 vissa
979 1493 73 34 fall,
1076 1494 87 28 trots
1185 1492 193 39 höjningen
1401 1502 42 19 av
1466 1493 41 29 de
1532 1492 226 39 skärpnings-

271 1547 70 29 fria
357 1547 442 39 förmögenhetsbeloppen,
817 1547 122 28 kunna
955 1546 77 29 leda
1049 1546 53 29 till
1120 1546 203 39 minskning
1340 1555 41 19 av
1399 1545 172 39 utgående
1588 1546 170 29 inkomst-

270 1601 153 38 prövade
451 1600 357 39 pensionsförmåner.
839 1600 67 28 Till
936 1599 253 29 förhindrande
1220 1599 108 29 härav
1359 1598 146 30 föreslås
1536 1608 43 20 en
1610 1599 149 29 bestäm-

271 1654 108 28 melse
396 1655 48 28 att
461 1653 171 39 utgående
649 1653 145 39 pension
809 1652 31 39 ej
860 1652 54 29 får
929 1652 159 29 minskas
1104 1652 122 29 endast
1242 1652 52 29 till
1312 1651 88 39 följd
1417 1661 40 20 av
1474 1653 50 28 att
1540 1651 220 30 bestämmel-

270 1715 104 21 serna
390 1707 151 29 ändrats.
558 1706 66 30 Det
640 1706 203 30 förutsättes
860 1705 173 39 slutligen,
1050 1707 51 28 att
1115 1705 337 39 pensionsstyrelsen
1469 1705 160 29 utfärdar
1645 1704 113 30 anvis-

271 1760 126 39 ningar
417 1760 52 29 till
489 1759 387 40 pensionsnämnderna
897 1768 56 20 om
975 1761 50 27 att
1047 1758 230 40 omreglering
1298 1767 42 22 av
1360 1758 308 39 inkomstprövade
1690 1757 69 30 för-

271 1813 124 29 måner
408 1813 121 29 enbart
542 1813 46 40 på
603 1813 111 39 grund
728 1822 42 20 av
784 1813 41 29 de
841 1812 157 39 stegrade
1013 1812 339 39 fastighetsvärdena
1366 1811 70 30 tills
1450 1812 119 29 vidare
1584 1811 70 30 inte
1670 1811 89 29 skall

271 1867 66 38 äga
356 1875 89 20 rum.

317 1920 361 39 Pensionsstyrelsens
696 1920 130 38 förslag
844 1919 63 29 har
925 1919 44 39 på
987 1921 48 27 ett
1053 1920 179 38 undantag
1250 1920 64 28 när
1333 1919 172 38 godtagits
1524 1918 72 29 inte
1614 1918 84 29 bara
1716 1927 42 20 av

271 1974 42 29 de
333 1974 245 38 remissorgan,
600 1982 75 20 som
694 1974 114 28 ansett
828 1972 230 30 förevarande
1078 1972 155 39 problem
1254 1972 84 29 böra
1359 1972 91 29 lösas
1472 1979 125 31 genom
1618 1971 141 39 lagänd-

271 2027 89 38 ring,
379 2028 84 27 utan
481 2027 87 29 även
587 2036 41 19 av
646 2027 88 33 dem,
754 2035 76 20 som
847 2027 11 28 i
876 2026 110 29 första
1004 2026 96 29 hand
1120 2026 156 29 förordat
1295 2025 67 29 den
1381 2034 41 20 av
1442 2025 171 38 styrelsen
1633 2024 126 30 skisse-

271 2080 84 29 rade
384 2080 160 29 metoden
574 2080 78 29 med
682 2079 219 30 föreskrifter
930 2080 11 28 i
969 2079 259 29 administrativ
1258 2079 158 38 ordning.
1447 2078 180 39 Förslaget
1657 2087 101 30 synes

273 2132 71 40 mig
362 2133 56 29 väl
437 2134 133 38 avvägt,
591 2133 64 29 och
674 2133 57 39 jag
750 2133 162 29 förordar
932 2132 119 29 därför
1073 2134 50 27 att
1143 2133 56 29 det
1219 2131 230 40 genomföres.
1471 2131 13 29 I
1505 2132 254 29 överensstäm-

272 2186 108 29 melse
401 2186 144 30 därmed
566 2186 64 29 har
651 2187 94 28 inom
767 2186 385 39 socialdepartementet
1173 2186 199 38 upprättats
1395 2185 131 38 förslag
1548 2184 54 29 till
1624 2185 54 38 lag
1700 2193 60 20 an-

272 2239 133 39 gående
423 2240 133 29 ändrad
576 2239 128 39 lydelse
722 2248 41 20 av
783 2239 38 29 13
843 2238 15 37 8
880 2239 17 29 2
918 2248 103 20 mom.
1042 2239 100 38 lagen
1160 2247 57 20 om
1236 2237 334 40 folkpensionering.

317 2292 52 29 Av
394 2293 40 29 de
461 2292 199 40 föreslagna
686 2292 504 39 övergångsbestämmelserna
1217 2291 114 39 följer,
1359 2293 50 28 att
1437 2292 41 29 de
1506 2300 70 30 nya
1603 2290 157 40 reglerna

273 2345 43 29 fr.
335 2354 29 20 o.
383 2355 43 20 m.
444 2346 66 29 den
530 2346 14 28 1
564 2346 66 38 juli
652 2345 78 29 1957
751 2346 89 29 skall
859 2345 177 39 tillämpas
1054 2345 58 29 vid
1131 2345 170 39 prövning
1320 2354 41 20 av
1379 2354 68 29 nya
1465 2343 295 41 pensionsansök-

272 2397 136 38 ningar.
447 2397 92 30 Även
567 2398 57 29 vid
651 2398 184 38 jämkning
864 2406 41 20 av
932 2397 172 39 utgående
1131 2396 195 40 pensioner,
1354 2396 209 39 exempelvis
1591 2396 51 29 till
1671 2395 89 38 följd

273 2459 42 20 av
342 2450 152 30 ändrade
521 2450 171 30 inkomst-
717 2451 64 29 och
809 2449 508 40 förmögenhetsförhållanden
1345 2449 81 30 eller
1454 2449 149 39 ändring
1630 2450 10 28 i
1668 2448 93 30 civil-

274 2503 114 34 stånd,
407 2503 86 30 skall
512 2504 41 29 de
572 2513 68 30 nya
656 2504 308 29 bestämmelserna
983 2504 10 29 i
1010 2504 137 39 princip
1165 2503 103 29 lända
1287 2503 51 29 till
1356 2503 232 29 efterrättelse
1607 2503 41 28 fr.
1667 2512 28 20 o.
1714 2511 45 19 m.
