2209 2672
719 174 277 34 Bankoutskottets
1019 174 173 34 Memorial
1216 175 63 33 N:o
1303 177 29 30 5.
1811 178 14 29 1

963 651 75 41 N:o
1067 651 38 40 3.

896 815 74 25 Ank.
989 814 43 26 till
1051 813 98 28 Riksd.
1169 813 94 26 kansli
1281 813 55 26 den
1356 813 16 26 9
1392 821 75 18 mars
1486 813 78 32 1906,
1583 814 38 26 kl.
1641 813 16 26 3
1677 821 23 18 e.
1721 822 36 18 m.

445 959 199 45 Memorial,
676 960 177 45 angående
881 959 155 36 särskild
1064 960 193 44 ersättning
1286 960 36 34 åt
1349 963 22 31 t.
1395 958 34 44 f.
1461 959 292 36 ombudsmannen
1772 959 60 35 vid

657 1023 229 36 riksbankens
916 1022 321 45 afdelningskontor
1263 1023 14 34 i
1305 1021 124 37 Luleå.

338 1185 104 36 Efter
479 1184 268 48 framställning
784 1184 40 36 af
858 1183 229 48 fullmäktige
1124 1183 13 36 i
1174 1183 224 36 riksbanken
1440 1183 148 47 medgaf
1628 1185 100 34 1903
1773 1185 57 34 års

231 1238 175 48 Riksdag,
446 1241 53 33 att
536 1241 115 33 såsom
689 1238 120 47 skälig
846 1239 137 35 ansedd
1020 1237 202 48 ersättning
1259 1237 55 36 för
1341 1237 138 47 ökning
1508 1239 46 45 på
1582 1249 126 23 senare
1735 1237 55 36 tid
1817 1236 14 36 i

231 1293 327 36 ombudsmannens
595 1292 63 37 vid
695 1292 242 35 riksbankens
975 1291 339 47 afdelningskontor
1350 1291 13 35 i
1399 1291 112 35 Luleå
1547 1291 159 47 göromål
1734 1292 97 46 finge

232 1347 55 35 för
324 1347 107 36 hvart
468 1346 40 36 af
542 1349 85 33 åren
669 1348 259 33 1899—1902
963 1345 155 36 tilldelas
1146 1348 26 33 t.
1203 1345 24 35 f.
1260 1345 309 35 ombudsmannen
1598 1345 96 36 Sven
1723 1345 107 36 Sven-

231 1401 148 35 Nilsson
417 1403 52 33 ett
505 1400 131 47 belopp
671 1400 39 35 af
737 1402 74 33 200
842 1400 143 44 kronor,
1017 1399 184 36 äfvensom
1230 1402 54 32 att
1311 1398 229 48 fullmäktige
1568 1399 108 47 finge,
1711 1399 121 35 därest

231 1455 129 35 sådant
387 1454 192 47 pröfvades
607 1453 137 48 nödigt,
775 1453 56 36 för
859 1456 86 33 åren
977 1456 98 33 1903
1107 1453 66 36 och
1205 1454 100 34 1904
1334 1452 139 36 tilldela
1491 1453 129 35 honom
1643 1453 189 35 enahanda

230 1508 158 36 arfvode.
437 1509 69 44 Då,
537 1507 114 48 enligt
678 1508 97 35 hvad
804 1507 228 47 fullmäktige
1061 1507 189 45 meddelat,
1281 1506 275 48 ifrågavarande
1576 1507 255 35 ombudsmans

230 1563 159 47 göromål
425 1562 117 35 under
580 1561 224 36 sistnämnda
840 1564 61 34 två
939 1564 39 33 år
1014 1561 95 37 varit
1145 1561 11 35 i
1195 1562 61 35 det
1283 1561 81 35 hela
1391 1560 77 36 lika
1496 1561 231 47 betungande
1756 1573 75 24 som

230 1617 116 35 under
373 1619 161 32 närmast
558 1616 226 47 föregående,
807 1616 65 34 har
892 1616 69 35 den
980 1615 143 36 tillåtna
1143 1614 184 48 ökningen
1346 1615 13 35 i
1378 1615 164 36 arfvodet
1560 1617 121 45 utgått
1695 1614 137 49 jämväl

231 1670 56 35 för
315 1672 86 33 åren
433 1672 99 33 1903
563 1670 67 35 och
663 1672 111 33 1904.

337 1724 20 35 I
394 1724 70 35 den
502 1723 192 37 skrifvelse
729 1723 81 36 från
839 1723 240 48 fullmäktige,
1111 1735 73 24 som
1215 1723 208 35 föranledde
1452 1721 228 48 Riksdagens
1709 1722 122 36 ofvan-

231 1777 152 36 berörda
424 1777 129 45 beslut,
596 1777 197 44 framhölls,
832 1777 171 35 hurusom
1041 1777 62 36 vid
1139 1777 160 35 rådande
1337 1776 360 36 affärsförhållanden
1734 1776 96 36 inom

230 1830 301 37 Luleåkontorets
573 1830 149 37 distrikt
763 1831 309 35 ombudsmannen
1113 1830 62 37 vid
1216 1830 168 36 kontoret
1426 1829 79 36 haft
1546 1832 53 33 att
1635 1830 116 35 under
1788 1830 44 35 de

231 1885 276 47 ifrågavarande
549 1887 86 33 åren
676 1884 119 37 utföra
837 1887 52 33 ett
926 1884 233 48 synnerligen
1192 1884 220 36 omfattande
1444 1884 132 44 arbete,
1608 1885 55 34 för
1691 1883 143 37 hvilket

232 1939 69 34 den
338 1938 14 35 i
389 1938 297 47 aflöningsstaten
727 1941 186 44 upptagna
955 1939 71 43 lön,
1070 1939 199 46 utgörande
1313 1940 74 33 800
1430 1938 134 35 kronor
1593 1950 55 23 om
1679 1940 88 42 året,
1799 1937 30 48 ej

233 1992 165 47 skäligen
427 1992 123 35 kunde
579 2004 104 23 anses
711 1995 129 44 utgöra
868 1991 198 48 tillräcklig
1095 1991 211 48 ersättning.

339 2046 19 35 I
396 2058 45 23 en
477 2045 57 36 till
571 2046 179 35 utskottet
786 2046 109 35 ställd
932 2045 192 37 skrifvelse
1161 2045 41 36 af
1227 2046 70 34 den
1327 2047 20 33 2
1378 2045 13 35 i
1419 2046 119 34 denna
1566 2045 130 35 månad
1724 2045 110 36 hafva

233 2099 230 47 fullmäktige
492 2100 128 44 anfört,
652 2102 53 33 att
733 2100 44 35 de
806 2100 261 44 förhållanden,
1097 2111 73 24 som
1192 2099 155 45 orsakat,
1369 2102 54 33 att
1441 2099 311 35 ombudsmannen
1772 2099 62 37 vid

231 2153 170 35 kontoret
428 2153 13 35 i
468 2153 111 35 Luleå
611 2154 116 34 under
754 2153 86 36 flere
869 2155 39 33 år
935 2153 79 36 haft
1042 2155 62 42 ett,
1136 2152 172 36 särskildt
1335 2152 14 36 i
1372 2153 207 48 jämförelse
1608 2153 82 35 med
1718 2154 113 34 andra

232 2206 62 37 vid
338 2207 376 35 riksbankskontoren
756 2207 13 35 i
812 2210 144 32 orterna
998 2207 175 36 anställde
1215 2207 266 44 ombudsmäns,
1526 2207 199 35 mödosamt
1767 2207 66 35 och

233 2261 236 35 ansvarsfullt
497 2261 131 45 arbete,
660 2260 159 37 fortfarit
843 2261 136 48 jämväl
1006 2261 116 35 under
1153 2263 99 33 1905
1284 2261 66 35 och
1378 2261 101 35 torde
1508 2261 145 35 komma
1678 2264 52 33 att
1749 2266 85 42 göra

277 2322 77 32 Bih.
382 2322 49 32 till
455 2321 111 33 Riksd.
593 2322 87 32 Prot.
707 2323 96 32 1906.
853 2325 20 29 6
898 2322 100 32 Saml.
1046 2325 19 29 1
1090 2322 79 39 Afd.
1217 2325 21 29 5
1262 2321 94 42 Häft.
1382 2322 80 41 (N:o
1487 2322 46 41 5).
