1902 2764
520 154 287 31 Statsutskottets
828 152 178 31 utlåtande
1025 161 44 21 nr
1091 152 36 29 11
1150 151 39 31 år
1210 151 84 30 1962
1610 148 42 30 39

164 236 100 30 niker
290 235 174 30 beräknar
491 233 395 41 departementschefen,
914 234 50 28 att
992 231 212 39 statsbidrag
1231 230 78 30 från
1338 229 229 31 förevarande
1595 237 60 21 an-

166 289 73 40 slag
258 289 112 30 under
389 289 101 29 nästa
509 287 170 40 budgetår
698 287 71 30 kan
789 287 142 29 komma
951 287 50 28 att
1021 285 84 39 utgå
1124 285 52 29 till
1197 283 131 31 driften
1349 293 42 20 av
1413 283 38 29 18
1471 281 184 39 befintliga

163 341 405 41 lasarettspsykiatriska
592 340 153 31 kliniker
769 340 65 30 och
859 339 123 30 endast
1010 339 14 29 1
1052 337 317 41 nytillkommande
1395 336 109 30 sådan
1530 335 124 30 klinik.

164 396 78 30 Med
268 396 138 39 hänsyn
432 395 119 30 härtill
578 394 66 30 och
671 394 44 30 då
741 393 238 40 platsbehovet
1006 392 96 29 inom
1130 390 268 40 ifrågavarande
1424 388 231 31 vårdområde

166 450 152 39 alltjämt
353 449 40 29 är
426 448 206 40 betydande,
669 446 204 31 framhålles
910 445 296 40 angelägenheten
1243 453 42 21 av
1322 445 50 28 att
1409 442 245 40 utbyggnaden

166 503 190 34 fortsätter,
378 503 11 30 i
410 502 111 30 första
540 501 96 30 hand
656 501 96 29 inom
774 501 40 29 de
837 498 359 41 sjukvårdsområden
1218 506 75 21 som
1315 497 24 30 f.
1360 506 33 20 n.
1416 496 131 30 saknar
1566 496 90 29 lasa-

166 556 327 40 rettspsykiatriska
510 555 163 30 kliniker.

210 610 217 38 Statsbidrag
449 609 54 29 för
525 617 48 21 nu
596 607 203 31 redovisade
820 606 152 30 kliniker
994 606 71 29 kan
1087 605 173 30 beräknas
1284 604 144 30 komma
1450 604 50 28 att
1522 602 134 30 belasta

166 663 156 40 anslaget
343 663 111 29 under
474 663 101 28 nästa
596 660 170 40 budgetår
787 660 79 30 med
887 659 147 39 tillhopa
1056 658 95 30 1056
1165 658 61 30 561
1249 658 53 29 kr.
1325 657 65 29 Det
1412 656 171 33 förordas,
1605 656 50 28 att

167 717 156 39 anslaget
342 717 169 39 upptages
529 715 53 30 till
601 715 11 29 i
632 716 82 28 runt
734 714 46 29 tal
803 714 15 29 1
837 713 59 30 100
911 713 62 29 000
993 712 52 29 kr.

255 822 185 37 Utskottet,
469 831 75 21 som
572 822 11 29 i
612 821 112 30 likhet
752 820 78 30 med
860 817 387 42 departementschefen
1274 816 252 39 understryker
1555 822 102 32 ange-

165 877 206 40 lägenheten
397 885 43 21 av
464 885 41 20 en
532 875 142 30 fortsatt
700 873 200 40 utbyggnad
925 882 42 20 av
992 872 67 30 den
1084 869 406 41 lasarettspsykiatriska
1514 868 141 34 vården,

167 931 164 39 godtager
350 929 127 39 Kungl.
497 928 125 40 Maj:ts
643 926 335 41 anslagsberäkning
998 926 66 29 och
1083 924 213 34 hemställer,

519 984 50 28 att
594 981 187 39 riksdagen
806 980 57 29 må
888 980 51 29 till
964 978 129 40 Bidrag
1120 978 52 29 till
1195 977 130 39 driften
1351 985 42 21 av
1417 974 239 41 psykiatriska

475 1034 153 30 kliniker
652 1034 56 30 vid
731 1034 143 29 lasarett
897 1032 54 30 för
973 1031 206 40 budgetåret
1205 1030 140 33 1962/63
1370 1029 122 30 anvisa
1515 1031 49 27 ett
1587 1028 70 29 för-

476 1088 217 40 slagsanslag
713 1097 42 20 av
777 1088 14 28 1
809 1087 61 29 100
885 1086 62 30 000
968 1086 52 29 kr.

207 1295 96 34 39:0)
329 1295 126 35 Bidrag
479 1294 53 29 till
559 1293 225 30 anordnande
810 1302 42 19 av
879 1291 162 35 sjukhem
1068 1290 57 29 för
1152 1290 177 29 lättskötta
1358 1287 159 37 psykiskt
1544 1286 113 35 sjuka.

167 1349 125 35 Bidrag
312 1348 53 29 till
386 1348 128 29 driften
536 1356 42 20 av
600 1346 161 35 sjukhem
783 1346 56 29 för
859 1345 177 29 lättskötta
1058 1343 159 36 psykiskt
1238 1342 114 35 sjuka.
1375 1342 13 28 I
1409 1340 150 38 enlighet
1580 1339 78 30 med

167 1402 124 37 Kungl.
314 1401 122 36 Maj:ts
458 1400 131 37 förslag
616 1399 212 37 (punkterna
849 1398 40 29 42
913 1397 64 30 och
1000 1396 50 35 43,
1075 1406 26 20 s.
1127 1396 57 29 166
1208 1395 65 30 och
1298 1395 89 33 167),
1409 1394 95 30 vilka
1527 1393 132 36 förslag

167 1455 145 30 innebär
334 1455 56 29 det
413 1453 241 30 förstnämnda
676 1461 42 21 en
741 1452 77 29 med
843 1450 57 30 125
913 1450 59 30 000
994 1450 54 29 kr.
1069 1449 162 30 minskad
1253 1446 316 37 medelsanvisning
1593 1445 65 30 och

169 1509 55 30 det
244 1507 215 31 sistnämnda
479 1506 204 31 oförändrat
702 1505 128 37 anslag,
849 1503 199 30 hemställer
1067 1502 176 34 utskottet,

521 1562 50 27 att
592 1558 188 39 riksdagen
801 1557 58 30 må
881 1556 55 30 för
955 1555 207 40 budgetåret
1185 1554 140 33 1962/63
1348 1553 121 30 anvisa

520 1613 37 34 a)
588 1612 51 30 till
663 1612 127 38 Bidrag
816 1610 52 30 till
890 1609 227 31 anordnande
1141 1617 42 21 av
1206 1607 166 40 sjukhem
1397 1606 56 40 för
1476 1605 183 30 lättskötta

476 1666 164 40 psykiskt
660 1665 106 39 sjuka
788 1667 48 27 ett
858 1662 357 39 reservationsanslag
1236 1670 43 21 av
1300 1661 62 29 275
1378 1660 62 30 000
1462 1660 68 34 kr.;

520 1720 38 34 b)
589 1719 52 30 till
664 1718 127 39 Bidrag
815 1717 52 30 till
889 1716 129 40 driften
1042 1724 42 21 av
1107 1714 165 40 sjukhem
1297 1713 56 40 för
1375 1713 183 30 lättskötta
1580 1720 80 31 psy-

478 1773 97 29 kiskt
595 1772 107 39 sjuka
725 1774 47 27 ett
795 1770 274 40 förslagsanslag
1092 1778 42 20 av
1156 1768 18 30 2
1189 1768 62 30 300
1266 1767 63 30 000
1352 1767 51 29 kr.

209 1988 97 34 40:0)
333 1987 134 29 Statens
496 1986 92 29 skol-
618 1986 64 29 och
712 1984 182 36 yrkeshem
924 1983 42 35 på
995 1981 187 31 Salbohed:
1215 1979 222 36 Avlöningar.
1469 1979 12 28 I
1511 1977 151 37 enlighet

170 2041 80 30 med
266 2040 127 39 Kungl.
411 2039 124 39 Maj:ts
554 2039 130 38 förslag
709 2038 129 39 (punkt
857 2036 52 34 44,
929 2046 25 19 s.
977 2034 204 34 167—171),
1201 2033 107 30 vilket
1326 2032 146 30 innebär
1490 2031 172 29 inrättan-

171 2095 41 29 de
236 2104 42 19 av
301 2103 42 20 en
368 2094 111 39 tjänst
503 2101 74 21 som
603 2092 165 29 assistent
792 2091 10 29 i
827 2090 47 29 Ae
891 2090 49 33 17,
965 2098 42 20 en
1032 2088 112 39 tjänst
1169 2096 74 20 som
1267 2088 160 37 terapeut
1451 2085 10 29 i
1487 2084 48 29 Ae
1549 2084 29 34 9,
1604 2083 57 30 två

171 2148 151 38 tjänster
337 2155 76 21 som
428 2146 145 29 vårdare
590 2145 10 29 i
618 2145 47 29 Ae
679 2145 19 29 8
715 2145 64 29 och
795 2153 42 20 en
853 2144 111 38 tjänst
980 2152 76 20 som
1071 2142 135 30 biträde
1223 2142 54 29 för
1294 2141 110 30 skriv-
1420 2141 65 29 och
1500 2141 162 28 kontors-

171 2200 154 39 göromål
348 2199 10 29 i
381 2199 45 29 Af
442 2199 111 29 1—Ae
567 2199 18 28 5
608 2200 91 27 samt
721 2206 41 20 en
785 2196 78 30 med
885 2196 41 29 69
940 2196 63 29 000
1025 2196 52 28 kr.
1101 2195 91 29 ökad
1215 2193 329 39 medelsanvisning,
1566 2193 96 28 hem-

172 2252 118 30 ställer
311 2252 181 32 utskottet,

525 2305 50 29 att
600 2303 186 38 riksdagen
810 2301 59 30 må

527 2374 37 33 a)
594 2372 187 40 godkänna
802 2371 155 40 följande
978 2370 254 39 avlöningsstat
1253 2369 56 30 för
1330 2370 133 29 statens
1485 2367 91 31 skol-
1597 2367 65 30 och

483 2426 186 40 yrkeshem
695 2425 45 40 på
765 2424 181 34 Salbohed,
972 2425 51 29 att
1048 2423 177 39 tillämpas
1250 2422 71 31 tills
1346 2421 118 31 vidare
1490 2421 44 30 fr.
1559 2430 31 21 o.
1615 2429 47 22 m.

484 2479 204 39 budgetåret
710 2478 155 34 1962/63:
