1918 2846
76 2355 69 23 1916
163 2353 42 24 års

85 2389 112 29 riksdag.

317 147 19 29 8
639 150 393 38 Jordbruksutskottets
1061 155 187 33 utlåtande
1275 157 52 31 Nr
1354 157 51 31 73.

973 231 98 31 Stat.

273 285 219 38 Avlöningar
515 287 57 31 till
596 288 171 32 ordinarie
791 290 218 38 tjänstemän,
1034 293 438 37 förslagsanslag................
1500 297 124 30 kronor
1648 297 122 36 63,000

273 338 420 39 Vikariatsersättningar,
719 341 748 39 förslagsanSläag.......emsmmssmssnssssn
1552 360 13 16 »
1670 351 99 36 1,000

272 390 138 31 Arvode
433 391 55 30 till
511 401 43 21 en
576 392 277 38 fiskeriingenDjÖr
865 420 603 9 s..mesmsmmsmsrssssnssnssssssnsss
1257 386 37 49 ass
1303 386 28 49 sss
1333 386 84 49 sasse
1440 386 32 49 ana
1553 413 13 15 »
1669 403 98 34 4,000

272 442 163 31 Arvoden
459 444 57 30 till
540 446 60 29 två
623 445 338 37 fiskeristipendiater
985 450 173 35 (vartdera
1181 451 142 31 arvodet
1338 453 20 29 å
1375 452 95 36 3,000

318 495 133 36 kronor,
476 496 112 31 vilket
611 496 118 37 belopp
752 499 85 30 efter
853 501 50 29 tre
918 501 41 29 år
972 501 68 30 kan
1054 501 97 36 höjas
1165 503 77 31 med
1257 504 61 30 500
1331 504 139 38 kronor)
1552 517 13 15 »
1669 507 97 35 7,000

271 546 259 38 Renskrivning
554 549 60 30 och
637 549 108 32 andra
768 551 323 33 kontorskostnader
1126 578 342 7 s..mmnnnmnnmnnmnmnnnnsn
1553 568 13 16 »
1668 558 97 34 4,200

1331 601 143 47 Summa
1498 618 126 31 kronor
1647 619 137 35 79,200.

315 669 132 32 Vidare
467 671 67 31 har
555 671 132 37 Kungl.
708 673 111 36 Maj:t
840 675 111 31 under
972 685 125 22 senare
1116 676 53 32 tid
1191 677 101 36 varje
1312 678 40 30 år
1372 679 46 35 på
1438 678 271 37 framställning
1729 689 48 21 av

272 720 368 39 lantbruksstyrelsen
672 724 85 31 från
787 725 180 32 ordinarie
999 728 405 37 reservationsanslaget
1436 729 58 31 till
1524 730 257 36 befrämjande:

273 771 14 31 i
319 772 196 32 allmänhet
547 784 45 20 av
624 774 304 38 fiskerinäringen
960 777 151 37 beviljat
1142 779 115 31 medel
1289 780 56 30 till
1377 781 225 31 anställande
1634 791 47 21 av
1711 783 65 30 två

273 824 102 29 extra
413 823 372 40 fiskeristipendiater,
822 827 99 31 vilka
958 829 153 31 vardera
1150 829 138 33 erhålla
1317 832 131 31 arvode
1476 833 21 30 å
1526 832 88 36 2,500
1640 833 136 31 kronor

274 872 110 37 jämte
402 874 250 38 ålderstillägg
669 879 21 30 å
708 878 60 30 500
786 879 140 32 kronor.

314 925 259 37 Befattningen
594 929 113 31 såsom
730 930 294 33 fiskeriassistent
1046 935 40 27 är
1109 933 133 31 vakant
1264 934 107 31 sedan
1390 934 69 31 den
1478 935 19 30 1
1516 934 147 36 januari
1684 935 93 36 1926,

273 977 65 31 och
363 977 137 33 vikarie
526 980 22 30 å
570 979 251 38 befattningen
845 982 64 30 har
934 982 33 36 ej
993 983 97 31 varit
1115 984 205 32 förordnad.

313 1028 50 31 De
395 1029 12 30 i
439 1031 119 30 staten
590 1033 186 34 upptagna
807 1032 406 37 befattningshavarnas
1244 1035 218 36 åligganden
1494 1039 63 28 äro
1589 1037 192 36 reglerade

273 1087 126 28 genom
426 1080 267 33 instruktionen
723 1083 68 31 den
820 1084 37 29 12
885 1085 190 30 november
1105 1085 77 31 1923
1214 1085 57 35 (nr
1301 1085 71 35 396)
1405 1087 56 30 för
1490 1089 135 30 statens
1654 1088 126 31 lokala

272 1128 421 36 fiskeriadministration
727 1134 80 31 med
838 1134 79 32 däri
950 1144 126 26 genom
1099 1136 238 36 kungörelsen
1358 1147 43 21 nr
1423 1137 152 35 282/1925
1599 1139 174 35 vidtagna

273 1182 206 35 ändringar.

312 1233 123 37 Enligt
463 1235 267 33 instruktionen
757 1238 139 36 åligger
923 1239 58 31 det
1010 1240 316 32 fiskeriintendent
1353 1243 54 29 att
1434 1242 169 31 befordra
1630 1243 146 31 utveck-

270 1276 122 37 lingen
411 1288 45 21 av
479 1279 316 38 fiskerinäringen,
818 1282 128 31 varvid
967 1283 72 30 han
1059 1284 147 31 särskilt
1228 1285 66 30 har
1317 1287 53 29 att
1393 1286 105 31 träda
1521 1286 12 30 i
1557 1286 223 32 förbindelse

270 1322 81 30 med
372 1323 263 31 vederbörande
656 1324 412 38 hushållningssällskap
1090 1327 64 30 och
1176 1328 78 30 dess
1276 1328 383 37 förvaltningsutskott
1680 1332 97 29 samt

270 1364 64 31 hos
362 1366 266 32 vederbörande
656 1367 97 31 inom
781 1368 449 37 tjänstgöringsdistriktet
1259 1372 115 30 väcka
1405 1373 135 36 förslag
1570 1383 55 21 om
1654 1375 125 35 åtgär-

270 1408 81 31 ders
378 1409 219 36 vidtagande
624 1410 54 31 för
707 1411 325 37 fiskerinäringens
1058 1413 154 36 höjande
1239 1415 66 31 och
1332 1415 227 37 tillhandagå
1587 1417 79 31 dem
1694 1418 84 31 med

269 1452 205 35 yttranden.
518 1453 84 31 Han
624 1454 91 30 skall
737 1455 126 31 vidare
885 1456 84 31 söka
992 1456 135 36 främja
1149 1457 185 33 bildandet
1357 1469 44 20 av
1423 1459 354 38 fiskeriföreningar,

269 1495 111 31 verka
402 1496 55 31 för
479 1496 197 37 fiskodling
697 1498 65 30 och
784 1498 281 38 fiskplantering
1086 1500 12 30 i
1119 1500 96 36 sjöar
1237 1502 65 30 och
1325 1503 215 36 vattendrag
1562 1505 93 30 samt
1676 1504 12 31 i
1710 1505 65 30 all-

269 1539 145 31 mänhet
440 1550 89 20 vara
555 1541 164 31 verksam
746 1542 56 30 för
829 1542 266 32 fiskstammens
1120 1544 204 32 bevarande
1349 1547 64 29 och
1439 1546 204 32 förökande.
1691 1548 84 31 Med

269 1582 223 32 insamlande
519 1584 65 30 och
610 1584 223 37 granskning
857 1596 44 20 av
927 1586 327 37 primäruppgifter
1282 1589 55 30 för
1364 1589 291 32 fiskeristatistik
1681 1592 94 30 skall

269 1625 362 33 fiskeriintendenten
656 1629 86 34 taga
768 1628 72 31 viss
866 1629 214 37 befattning.
1127 1631 376 33 Fiskeriintendenten
1529 1634 91 31 skall
1648 1635 130 31 vidare

270 1667 94 33 bistå
401 1670 101 31 såväl
538 1670 42 31 de
616 1681 45 20 av
697 1671 456 38 hushållningssällskapen
1191 1676 180 31 anställda
1410 1677 361 36 fiskeritjänstemän-

270 1721 70 22 nen
367 1723 74 21 som
470 1716 93 28 även
593 1715 241 31 allmänheten
863 1716 79 31 med
972 1717 264 37 upplysningar
1267 1719 64 31 och
1362 1720 65 31 råd
1458 1720 12 30 i
1501 1721 273 36 fiskerifrågor;

270 1755 74 31 han
371 1756 65 31 har
466 1757 178 35 därjämte
673 1760 64 34 att,
767 1759 45 30 då
840 1759 71 30 han
939 1760 124 32 därtill
1093 1761 124 36 kallas,
1247 1763 116 30 såsom
1393 1763 204 37 sakkunnig
1628 1765 146 31 biträda

269 1799 193 31 domstolar
491 1801 87 30 eller
607 1801 113 31 andra
748 1802 262 36 myndigheter.
1059 1804 122 31 Under
1210 1805 385 38 lantbruksstyrelsens
1624 1808 151 36 ledning

269 1842 92 30 skall
382 1842 70 31 han
474 1843 197 32 verkställa
692 1845 311 37 undersökningar
1024 1857 45 20 av
1092 1848 63 30 och
1178 1848 124 31 utföra
1324 1849 276 37 beskrivningar
1622 1851 21 30 å
1666 1852 107 30 fiske-

268 1887 124 29 vatten
415 1886 97 30 inom
537 1886 182 32 distriktet
743 1891 94 28 samt
860 1888 91 31 skall
974 1890 12 30 i
1011 1890 119 36 övrigt
1153 1890 145 32 biträda
1321 1893 367 37 lantbruksstyrelsen
1710 1895 63 31 vid

269 1928 229 36 fullgörande
520 1940 46 20 av
587 1930 76 31 dess
685 1930 219 37 åligganden
923 1932 13 30 i
957 1934 174 30 avseende
1152 1935 21 30 å
1196 1934 316 38 fiskerinäringen.

310 1971 357 33 Fiskeriassistenten
692 1974 67 30 har
786 1974 109 32 bland
921 1978 111 29 annat
1060 1976 56 31 till
1143 1977 193 36 åliggande
1364 1981 53 29 att
1444 1980 204 37 tjänstgöra
1675 1982 98 31 inom

267 2013 377 38 lantbruksstyrelsen.
689 2017 136 32 Vidare
851 2018 90 31 skall
965 2019 71 30 han
1063 2020 121 31 utföra
1210 2021 441 39 fiskeriundersökningar
1678 2028 95 28 samt

267 2056 144 33 biträda
434 2059 406 33 fiskeriintendenterna
863 2063 64 30 och
950 2062 63 32 vid
1037 2063 112 31 behov
1171 2064 204 37 tjänstgöra
1399 2067 116 31 såsom
1538 2070 103 29 extra
1665 2069 107 30 fiske-

267 2101 231 32 riintendent.
547 2102 19 31 I
593 2103 118 36 övrigt
740 2104 66 31 har
834 2105 70 30 han
932 2107 53 30 att
1014 2106 163 37 företaga
1205 2108 41 31 de
1274 2108 403 39 tjänsteförrättningar
1706 2112 65 31 och

268 2144 159 37 fullgöra
451 2146 42 31 de
519 2145 227 38 åligganden,
772 2158 56 20 om
854 2149 97 31 vilka
975 2150 12 30 i
1012 2150 268 32 instruktionen
1306 2152 178 32 förmäles.

308 2197 81 31 Med
418 2198 175 31 avseende
621 2199 21 30 å
671 2199 423 34 fiskeriintendenternas
1124 2202 245 38 tjänstgöring
1398 2208 40 28 är
1469 2206 93 32 riket
1592 2207 137 33 indelat
1758 2208 15 32 i

267 2258 63 21 sex
355 2249 156 32 distrikt.

306 2343 19 30 I
347 2345 194 36 anledning
565 2356 44 20 av
630 2346 131 32 väckta
783 2347 173 32 motioner
979 2349 121 31 anhöll
1123 2350 77 31 1916
1223 2352 59 30 års
1304 2352 158 36 riksdag,
1484 2355 54 30 att
1567 2354 5 31 i
1594 2364 177 21 samman-

266 2393 97 37 hang
393 2397 80 30 med
505 2397 46 30 då
582 2398 183 36 pågående
797 2399 194 37 utredning
1024 2401 184 35 angående
1240 2402 207 33 inrättande
1480 2414 46 21 av
1557 2415 44 21 en
1633 2407 140 30 statens

265 2445 555 40 fiskeriundersökningsanstalt
846 2450 136 36 jämväl
1009 2453 112 30 måtte
1148 2453 236 33 föranstaltas
1413 2465 56 21 om
1494 2456 195 37 utredning
1716 2460 57 29 rö-
