1890 2814
496 164 392 36 Bevillningsutskottets
908 164 217 32 betänkande
1145 174 41 20 nr
1216 167 28 28 1.
1605 160 18 30 3

120 250 82 31 mån
220 251 56 30 det
296 251 51 29 till
365 250 216 31 sistnämnda
600 250 85 30 fond
703 253 133 27 avsatta
855 250 160 35 beloppet
1033 249 101 36 tagits
1156 249 11 30 i
1187 248 153 37 anspråk
1360 249 110 30 under
1490 247 131 32 sådana

120 300 243 32 förhållanden
387 305 49 26 att
460 300 306 36 efterbeskattning
788 300 108 30 därav
919 300 110 29 skulle
1050 300 65 35 äga
1136 309 88 26 rum,
1249 299 111 31 skulle
1385 299 89 30 dock
1496 300 124 29 avsätt-

120 352 125 36 ningen
267 352 11 30 i
299 351 99 37 fråga
419 352 76 30 icke
517 351 181 30 föranleda
722 350 109 31 sådan
855 350 200 36 minskning
1078 359 74 21 som
1175 359 83 27 nyss
1283 352 101 34 sagts.

165 402 235 37 Anledningen
422 403 50 29 till
496 402 65 31 den
586 402 11 30 i
618 401 231 31 förenämnda
871 399 450 38 övergångsbestämmelser
1344 399 183 36 medgivna
1552 398 68 30 för-

120 453 189 36 höjningen
325 462 43 21 av
385 453 163 35 avdraget
564 452 56 31 vid
641 452 82 30 1944
741 451 56 30 års
816 451 155 36 taxering
987 460 62 21 var
1066 452 76 34 den,
1159 454 51 27 att
1229 449 173 37 åtskilliga
1420 449 200 30 rederiföre-

120 507 57 33 tag
204 503 45 37 på
277 504 112 36 grund
418 512 43 21 av
487 502 276 37 lagstiftningens
789 501 145 37 tidigare
960 500 214 37 utformning
1202 500 89 30 varit
1318 499 226 31 förhindrade
1573 502 49 27 att

120 555 185 29 verkställa
320 553 180 31 skattefria
516 553 236 36 avsättningar
768 552 50 31 till
833 551 324 37 nybyggnadsfond.
1174 551 190 35 Företagen
1381 549 145 37 ansågos
1545 549 75 30 där-

120 604 55 31 för
196 605 84 30 böra
301 604 176 36 medgivas
498 604 67 30 rätt
585 607 50 28 att
657 603 213 30 omedelbart
891 602 86 30 efter
998 601 264 36 förordningens
1283 600 277 30 ikraftträdande
1578 617 44 4 —

120 655 11 30 i
158 656 66 30 den
249 654 82 31 mån
358 654 191 31 årsvinsten
574 654 114 30 därtill
712 653 149 36 försloge
886 670 45 4 —
957 651 45 37 på
1029 661 43 21 en
1098 650 89 38 gång
1214 651 186 30 verkställa
1427 649 194 36 avsättning

120 706 244 30 motsvarande
387 705 78 36 fyra
488 704 126 37 gånger
638 705 55 30 det
716 704 98 36 eljest
836 703 183 36 medgivna
1041 702 160 36 beloppet
1228 698 48 40 (se
1299 700 259 37 propositionen
1579 708 43 21 nr

120 753 166 34 263/1944
306 766 25 20 s.
351 757 42 29 43
411 756 65 30 och
495 752 68 40 49).

165 807 14 30 I
208 816 42 21 en
278 807 66 30 den
375 807 39 29 29
444 806 137 36 januari
614 806 82 30 1945
728 805 226 36 dagtecknad,
986 804 51 32 till
1068 804 390 37 finansdepartementet
1485 804 137 36 ingiven

121 856 256 37 framställning
398 857 66 30 har
485 856 153 36 Sveriges
662 855 280 36 redareförening
965 865 48 20 nu
1035 855 175 30 hemställt
1232 864 58 21 om
1312 853 110 32 sådan
1442 854 146 36 ändring
1610 853 11 30 i

120 907 230 31 förenämnda
372 906 446 37 övergångsbestämmelser
840 909 50 27 att
911 905 239 36 skattskyldig,
1173 914 75 21 som
1270 905 58 30 vid
1351 905 82 30 1944
1454 903 55 32 års
1530 908 91 26 taxe-

120 958 75 36 ring
220 958 76 30 icke
323 959 135 29 kunnat
484 957 184 31 verkställa
694 956 195 36 avsättning
913 955 51 31 till
987 955 313 36 investeringsfond
1324 955 55 30 för
1403 954 114 37 fartyg
1542 954 81 30 med

121 1009 39 30 20
179 1012 143 33 procent
341 1018 43 21 av
404 1009 66 29 den
489 1008 199 30 beräknade
707 1006 441 36 anskaffningskostnaden
1167 1005 55 30 för
1241 1005 84 30 visst
1346 1004 275 37 ersättningsfar-

120 1063 67 32 tyg,
207 1058 217 31 förklarades
444 1058 191 36 berättigad
653 1060 48 28 att
719 1057 133 30 avsätta
872 1057 94 30 detta
984 1057 125 35 belopp
1128 1056 81 30 eller
1227 1056 197 30 resterande
1443 1056 53 30 del
1515 1055 106 30 därav

120 1109 109 31 under
257 1109 42 30 de
325 1108 240 31 kvarvarande
590 1106 287 37 beskattningsår,
903 1107 56 30 för
985 1106 93 30 vilka
1105 1106 66 30 rätt
1195 1106 52 29 till
1275 1105 195 36 avsättning
1495 1104 51 30 till
1571 1104 49 30 in-

121 1158 274 37 vesteringsfond
418 1159 55 30 för
497 1159 114 36 fartyg
634 1157 190 37 medgivits.

165 1210 112 30 Sedan
301 1209 342 36 redareföreningens
670 1207 256 36 framställning
953 1206 232 31 överlämnats
1221 1206 52 30 till
1310 1205 219 36 sakkunniga
1568 1204 54 38 för

121 1261 145 35 översyn
287 1269 43 21 av
353 1259 258 37 lagstiftningen
635 1268 57 20 om
715 1256 349 38 investeringsfonder
1086 1266 45 20 m.
1155 1265 56 28 m.,
1236 1257 46 30 ha
1307 1256 42 30 de
1373 1255 217 36 sakkunniga
1611 1254 11 30 i

121 1311 163 30 skrivelse
306 1312 66 29 den
395 1313 15 28 7
436 1310 186 30 november
648 1310 81 29 1945
753 1309 164 36 tillstyrkt
940 1307 310 36 framställningen,
1274 1305 102 32 såvitt
1397 1304 108 37 angår
1528 1304 93 31 med-

119 1362 146 36 givande
286 1371 42 20 av
349 1362 130 35 avdrag
496 1360 58 31 vid
576 1361 82 29 1946
678 1359 55 31 års
752 1359 165 36 taxering,
937 1362 89 26 samt
1046 1358 215 30 överlämnat
1279 1359 47 27 ett
1344 1356 12 30 i
1376 1355 149 37 enlighet
1544 1355 77 29 här-

120 1413 79 30 med
217 1412 173 30 utarbetat
411 1411 130 37 förslag
560 1411 50 30 till
629 1410 204 35 förordning
854 1419 57 20 om
932 1407 146 37 ändring
1097 1417 42 21 av
1160 1405 461 37 övergångsbestämmelser-

121 1471 45 22 na
183 1462 49 30 till
251 1462 248 35 förordningen
519 1462 66 29 den
602 1462 19 29 9
638 1460 77 37 juni
737 1460 92 30 1944.

163 1507 89 35 Över
267 1512 45 30 de
329 1511 235 35 sakkunnigas
584 1510 128 36 förslag
730 1510 46 30 ha
793 1510 184 36 yttranden
995 1509 143 36 avgivits
1160 1518 42 20 av
1221 1509 284 35 kammarrätten,
1523 1508 97 30 stats-

117 1562 168 37 kontoret,
310 1561 364 36 kommerskollegium
703 1560 91 39 (med
822 1559 269 31 överlämnande
1117 1569 42 20 av
1186 1558 185 37 yttranden
1399 1568 42 20 av
1469 1558 151 35 Sveriges

117 1613 289 37 redareförening,
435 1612 152 37 Sveriges
615 1611 392 37 segelfartygsförening,
1038 1610 219 30 Stockholms
1283 1609 337 35 handelskammare,

117 1662 351 31 handelskammaren
495 1664 11 28 i
529 1662 168 37 Göteborg
719 1662 65 30 och
810 1660 131 32 Skånes
964 1658 355 40 handelskammare),
1346 1658 275 31 överståthållar-

117 1712 149 31 ämbetet
294 1713 92 39 (med
405 1712 267 31 överlämnande
692 1721 43 21 av
756 1711 162 37 yttrande
938 1720 43 20 av
1003 1710 201 31 biträdande
1227 1708 394 37 taxeringsintendenten

121 1765 37 31 E.
179 1766 37 30 B.
237 1764 205 39 Lundquist)
466 1768 90 26 samt
575 1762 282 38 länsstyrelserna
885 1765 3 28 i
907 1762 198 30 Malmöhus
1127 1762 65 29 och
1213 1761 186 36 Göteborgs
1421 1760 65 30 och
1505 1760 116 30 Bohus

118 1815 67 30 län.

162 1865 49 30 De
230 1864 236 36 sakkunnigas
487 1864 128 35 förslag
633 1864 65 30 har
713 1863 183 36 tillstyrkts
913 1863 81 29 eller
1011 1862 11 29 i
1039 1865 76 26 vart
1132 1861 61 30 fall
1211 1862 150 29 lämnats
1382 1864 84 26 utan
1484 1860 137 30 erinran

117 1914 10 30 i
154 1915 158 36 samtliga
339 1915 42 29 de
405 1914 144 36 avgivna
573 1913 339 36 remissyttrandena.
937 1912 14 29 I
977 1914 46 27 ett
1048 1921 64 26 par
1134 1911 185 36 yttranden
1342 1911 66 29 har
1434 1909 187 31 emellertid

118 1964 195 37 ifrågasatts
334 1964 195 37 ytterligare
547 1963 203 36 utvidgning
769 1972 42 20 av
833 1964 111 28 rätten
966 1962 51 29 till
1038 1961 130 36 avdrag
1188 1961 55 30 för
1265 1960 196 36 avsättning
1479 1970 41 20 av
1540 1958 80 31 ifrå-

118 2016 194 36 gavarande
334 2016 81 35 slag.

163 2066 223 30 Beträffande
411 2065 188 30 innehållet
626 2066 10 29 i
663 2065 154 29 nämnda
845 2064 183 36 yttranden
1054 2062 125 31 tillåter
1208 2062 50 37 sig
1286 2062 165 30 utskottet
1480 2060 142 31 hänvisa

120 2116 47 31 till
190 2115 259 37 propositionen
476 2115 37 38 (s.
538 2114 112 39 7—38).

163 2167 64 30 Till
251 2167 76 30 stöd
348 2166 56 30 för
424 2166 55 30 det
501 2166 10 30 i
534 2166 65 29 den
623 2165 232 36 föreliggande
878 2162 258 38 propositionen
1161 2162 193 36 framlagda
1376 2161 162 36 förslaget
1560 2161 64 29 har

118 2216 377 37 departementschefen
518 2216 114 32 anfört
653 2215 168 36 följande:

166 2266 68 29 »Av
254 2267 67 29 den
343 2266 192 36 utredning,
560 2276 74 19 som
656 2265 193 30 verkställts
875 2273 41 20 av
941 2265 41 29 de
1006 2262 218 37 sakkunniga
1247 2263 54 30 för
1325 2264 146 33 översyn
1493 2271 41 20 av
1556 2262 67 34 lag-

119 2315 202 37 stiftningen
342 2326 57 19 om
423 2314 347 37 investeringsfonder
793 2325 45 20 m.
863 2323 56 28 m.,
946 2312 153 37 framgår
1121 2316 48 26 att
1191 2313 56 29 det
1270 2311 57 31 vid
1352 2313 83 29 1944
1457 2311 54 30 års
1533 2314 89 27 taxe-

119 2365 73 37 ring
209 2366 181 35 medgivna
411 2366 161 35 förhöjda
591 2366 160 34 avdraget
769 2364 19 31 å
807 2365 41 29 20
864 2367 142 33 procent
1026 2364 9 29 i
1056 2367 70 26 stor
1143 2361 238 37 utsträckning
1400 2361 74 30 icke
1492 2362 133 28 kunnat

120 2415 176 36 utnyttjas.
322 2416 66 30 Vid
413 2415 122 31 sådant
560 2415 216 30 förhållande
802 2423 100 28 synes
930 2414 55 30 det
1010 2413 128 36 rimligt
1164 2416 57 32 att,
1247 2412 46 36 på
1318 2413 66 28 sätt
1408 2412 41 29 de
1473 2412 149 28 sakkun-

119 2465 77 37 niga
224 2465 185 37 föreslagit,
437 2467 152 29 nämnda
617 2466 215 35 avdragsrätt
857 2465 10 30 i
894 2464 110 30 stället
1032 2463 57 30 må
1116 2462 168 36 utnyttjas
1311 2461 56 31 vid
1394 2461 230 30 innevarande

118 2515 55 31 års
193 2516 162 36 taxering.
376 2515 131 31 Härvid
528 2516 61 30 bör
610 2515 186 30 emellertid
818 2532 44 3 —
882 2514 8 30 i
911 2513 149 37 enlighet
1080 2514 78 30 med
1181 2514 41 29 de
1243 2511 234 37 sakkunnigas
1498 2511 127 36 förslag
