2200 2620
178 447 91 30 Högre
299 447 81 24 hand-

201 480 154 24 arbetslära-

177 514 188 24 rinnesemina-

192 548 50 24 riet
259 548 8 23 i
288 547 78 26 Göte-

243 582 72 30 borg.

219 633 113 45 [143.]

206 807 148 25 Utskottets

213 843 130 30 yttrande,

396 168 40 31 28
932 174 232 30 Statsutskottets
1185 176 151 28 utlåtande
1358 175 48 29 Nr
1429 177 50 28 17.

499 248 190 36 Utskottet
721 250 213 35 hemställer
961 250 246 48 följaktligen,

906 306 52 30 att
985 301 136 48 Kungl.
1149 301 123 47 Maj:ts
1299 301 241 37 förevarande
1567 302 277 50 framställning
1858 304 80 35 icke
1955 307 58 32 må

804 352 112 34 vinna
943 331 217 69 riksdagens
1187 351 118 37 bifall.

503 449 97 45 10:0)
629 450 136 49 Kungl.
793 451 106 48 Maj:t
926 453 67 34 har
1029 452 120 36 under
1182 454 118 46 punkt
1330 455 70 34 143
1429 453 191 49 föreslagit
1648 455 197 47 riksdagen
1873 461 53 29 att
1953 456 59 35 till

401 500 203 36 understöd
643 500 58 36 för
716 481 137 68 ”högre
882 502 627 37 handarbetslärarinneseminariet
1535 484 64 56 vid
1630 504 116 36 Maria
1772 485 240 56 Nordenfelts

399 551 192 48 kvinnliga
617 527 214 78 yrkesskola
858 554 12 34 i
899 551 189 50 Göteborg
1115 554 118 47 enligt
1261 553 44 36 de
1338 555 288 44 bestämmelser,
1656 555 136 49 Kungl.
1821 555 104 48 Maj:t
1952 559 60 33 må

399 597 101 52 finna
527 576 83 77 gott
637 598 179 66 meddela,
845 605 125 34 anvisa
1002 603 58 36 för
1088 607 39 32 år
1158 583 94 57 1915
1282 609 52 31 ett
1362 610 107 30 extra
1496 606 128 47 anslag
1651 619 43 22 av
1723 608 32 41 3,
1743 586 89 56 700
1861 608 146 34 kronor.

501 633 256 67 Utredningen
785 653 13 35 i
824 654 152 35 ärendet
1004 655 201 34 återfinnes
1233 658 20 31 å
1280 655 67 34 sid.
1367 656 196 35 236—241
1582 657 12 33 i
1616 631 395 77 statsrådsprotokollet

401 702 70 34 den
502 704 43 32 14
570 703 149 45 januari
750 705 107 33 1914.

501 802 125 37 Såsom
656 815 44 23 av
727 804 120 47 punkt
877 805 42 34 11
950 803 66 36 här
1044 804 121 36 nedan
1191 804 196 44 inhämtas,
1404 805 66 35 har
1496 805 135 49 Kungl.
1653 806 106 48 Maj:t
1777 807 100 48 gjort
1895 805 115 37 fram-

400 855 178 47 ställning
604 866 60 23 om
692 855 128 47 anslag
846 855 58 35 till
929 856 217 47 ytterligare
1164 858 61 33 två
1244 855 640 46 handarbetslärarinneseminarier,
1905 865 105 28 näm-

398 904 101 47 ligen
527 904 149 35 Andrea
702 904 182 36 Eneroths
911 905 330 36 handarbetsskola
1269 906 69 35 och
1366 907 241 34 seminarium
1635 908 13 34 i
1675 907 213 36 Stockholm
1917 913 94 30 samt

399 953 219 47 föreningen
646 954 274 36 Handarbetets
947 962 139 28 vänner
1113 957 69 33 och
1204 956 126 35 Hulda
1348 956 169 35 Lundins
1536 957 114 46 högre
1670 957 339 46 slöjdseminarium

398 1005 12 33 i
438 1003 225 44 Stockholm,
692 1005 68 35 och
788 1005 66 35 vill
882 1005 183 35 utskottet
1092 1005 67 35 här
1186 1007 12 33 i
1227 1010 52 30 ett
1299 1006 266 48 sammanhang
1584 1011 100 43 yttra
1704 1008 56 46 sig
1778 1013 86 29 över
1880 1006 130 49 frågan

398 1066 60 23 om
487 1055 128 47 anslag
641 1055 58 35 till
728 1055 172 48 samtliga
926 1068 50 22 nu
1005 1056 224 35 omnämnda
1255 1057 269 35 läroanstalter.

499 1084 149 56 Liksom
689 1085 226 68 statsbidrag
952 1104 58 37 för
1036 1106 229 36 närvarande
1293 1109 109 46 utgår
1428 1107 58 35 till
1513 1108 269 44 läroanstalter,
1812 1120 79 23 som
1919 1108 92 36 hava

397 1156 58 34 till
484 1154 151 49 uppgift
662 1156 214 47 utbildning
902 1158 13 33 i
943 1157 125 47 huslig
1095 1157 183 43 ekonomi,
1307 1132 122 77 finner
1458 1158 191 42 utskottet,
1679 1162 54 31 att
1761 1158 249 48 utbildnings-

398 1206 176 35 anstalter
601 1205 58 35 för
698 1206 208 35 lärarinnor
938 1208 12 33 i
978 1211 53 30 ett
1040 1181 141 77 "annat,
1210 1207 84 35 med
1322 1207 124 47 huslig
1473 1185 176 57 ekonomi
1672 1209 13 33 i
1712 1208 91 35 visst
1830 1188 180 56 avseende

397 1256 182 35 besläktat
620 1263 119 36 ämne,
773 1256 188 47 nämligen
988 1230 238 75 handarbete,
1255 1257 84 35 med
1365 1236 79 56 lika
1467 1256 89 37 fullt
1583 1256 65 49 fog
1675 1258 126 35 kunna
1828 1265 89 41 göra
1944 1271 66 23 an-

399 1307 109 57 språk
547 1308 47 46 på
621 1284 232 58 ekonomiskt
880 1285 84 57 stöd
990 1306 84 36 från
1102 1312 140 31 statens
1270 1306 88 37 sida.
1412 1307 55 36 Då
1494 1321 51 22 nu
1574 1289 208 55 emellertid
1809 1308 201 36 framställ-

398 1358 133 47 ningar
550 1355 180 50 föreligga
749 1370 59 22 om
828 1357 209 48 beviljande
1064 1370 44 23 av
1127 1359 127 47 anslag
1272 1359 58 35 till
1349 1358 205 36 understöd
1572 1361 38 33 åt
1628 1359 79 36 icke
1726 1359 145 36 mindre
1891 1366 45 29 än
1955 1364 56 31 tre

398 1387 260 56 läroanstalter
683 1386 61 57 för
772 1408 216 35 utbildande
1016 1421 45 23 av
1088 1386 445 89 handarbetslärarinnor,
1563 1422 108 35 synes
1695 1409 240 49 nödvändigt,
1955 1415 55 30 att

398 1470 85 22 man
499 1457 83 35 med
601 1462 134 30 största
761 1458 210 35 varsamhet
999 1465 142 40 prövar,
1169 1460 13 33 i
1201 1459 71 35 vad
1290 1462 85 32 mån
1395 1460 178 34 anstalter
1591 1472 44 22 av
1652 1459 280 47 ifrågavarande
1952 1465 57 30 art

397 1508 125 34 kunna
537 1519 104 23 anses
668 1520 87 22 vara
782 1506 178 48 förtjänta
988 1521 44 22 av
1058 1507 205 37 understöd
1289 1508 83 36 från
1400 1508 62 36 det
1489 1510 205 34 allmännas
1714 1489 89 56 sida.
1846 1508 164 38 Givetvis

399 1560 115 33 måste
541 1558 189 47 nämligen
757 1564 90 41 göra
875 1559 57 45 sig
958 1558 173 48 gällande
1159 1572 46 22 en
1231 1559 74 35 viss
1325 1557 153 50 farhåga
1496 1564 56 31 att
1571 1572 45 23 en
1635 1559 313 49 överproduktion
1968 1573 43 22 av

398 1589 435 54 handarbetslärarinnor
869 1587 119 57 skulle
1024 1607 91 48 följa
1142 1622 45 23 av
1215 1622 45 23 en
1288 1609 140 48 åtgärd,
1458 1622 78 23 som
1564 1611 146 34 komme
1738 1615 54 30 att
1818 1610 192 48 samtidigt

398 1658 134 35 bereda
571 1663 56 30 tre
666 1659 257 34 läroanstalter
963 1672 45 22 av
1048 1658 242 36 förevarande
1332 1660 78 46 slag
1450 1659 72 36 den
1549 1659 136 36 fastare
1713 1660 189 47 ställning,
1931 1673 78 22 som

398 1707 205 36 understöd
642 1707 84 35 från
767 1713 138 30 statens
934 1708 79 35 sida
1041 1715 40 28 är
1108 1714 113 42 ägnat
1248 1714 54 30 att
1328 1687 179 57 medföra.
1560 1709 56 36 Då
1643 1710 217 44 emellertid,
1890 1713 120 32 såsom

398 1771 44 22 av
482 1757 248 48 utredningen
771 1757 174 59 framgår,
987 1758 102 36 detta
1129 1737 80 57 icke
1245 1772 107 36 synes
1392 1772 86 22 vara
1518 1765 53 30 att
1609 1759 138 45 befara,
1777 1760 67 35 och
1882 1758 54 47 då
1965 1760 44 35 de

396 1807 282 49 ifrågavarande
693 1809 248 35 anstalterna
927 1803 18 68 i
959 1810 121 47 övrigt
1100 1822 110 45 synas
1234 1823 87 23 vara
1339 1808 179 49 förtjänta
1537 1823 44 23 av
1600 1810 188 49 offentligt
1808 1800 201 46 understöd

396 1861 13 33 i
450 1860 57 35 sin
547 1860 243 43 verksamhet,
832 1860 67 35 har
939 1840 184 56 utskottet
1163 1861 31 46 ej
1237 1861 97 35 velat
1366 1866 175 31 motsätta
1569 1862 56 47 sig
1652 1841 117 56 bifall
1785 1863 58 34 till
1871 1862 136 47 Kungl.

397 1910 124 47 Maj:ts
549 1910 278 35 härutinnan
803 1909 132 48 gjorda
962 1909 331 49 framställningar.

498 1960 53 34 De
578 1958 210 49 föreslagna
816 1960 184 47 beloppen
1028 1961 92 35 hava
1148 1961 33 46 ej
1211 1941 93 67 givit
1332 1962 181 34 utskottet
1541 1961 202 48 anledning
1770 1963 58 33 till
1848 1963 159 34 erinran.

397 2008 236 37 Beträffande
661 2009 44 35 de
715 1989 296 56 bestämmelser
1038 2009 58 37 för
1120 2010 291 48 statsbidragens
1430 2011 196 47 utgående,
1648 2024 77 22 som
1715 1987 15 77 )
1753 1987 129 77 Kungl.
1902 2011 107 48 Maj:t

397 2060 118 35 skulle
543 2060 91 35 hava
661 2065 55 30 att
743 2059 180 45 meddela,
953 2059 218 37 förutsätter
1198 2062 191 42 utskottet,
1419 2042 76 63 att,
1514 2040 123 57 därest
1664 2062 45 35 de
1737 2040 132 57 äskade
1893 2063 115 34 ansla-

396 2123 72 34 gen
495 2111 165 47 beviljas,
689 2110 138 48 Kungl.
856 2085 105 78 Maj:t
988 2111 62 35 vid
1077 2111 166 36 medlens
1271 2088 281 59 utanordnande
1576 2111 113 36 fäster
1708 2112 62 36 det
1788 2114 144 42 villkor,
1954 2117 54 31 att
