2196 2614
158 758 107 24 Diverse
284 757 39 23 in-

179 793 119 24 komster.

165 1548 166 31 Kapitaltill-

155 1584 105 31 gångar
278 1591 64 22 upp:

177 1619 97 24 komna
293 1625 32 16 av

144 1653 126 32 egentliga
280 1654 75 22 stats-

174 1689 149 23 inkomster.

403 175 20 30 4
829 170 254 33 Statsutskottets
1105 168 164 32 memorial
1293 167 53 32 Nr
1369 167 66 31 240
1447 166 41 31 B.

563 252 143 47 Bidrag
734 251 57 36 till
819 246 619 50 försäkringsinspektionen.........
1462 242 224 61 =e-eeeweeeweW
1745 243 151 44 60,000:
1913 262 49 4 —

563 303 178 48 Avgifter
770 302 58 36 för
856 300 244 49 granskning
1127 312 47 23 av
1201 296 343 50 biografbilder......
1567 326 119 5 .....ee
1746 294 151 45 30,000:
1913 314 50 4 —

562 355 175 36 Inkomst
765 367 46 22 av
839 352 208 49 myntning
1076 350 72 37 och
1172 350 193 48 justering...
1375 378 313 6 .eeeeeeee
1746 346 219 46 84,000:
1934 341 33 57 —

564 407 153 36 Patent-
759 406 72 36 och
886 403 266 37 varumärkes-
1206 407 99 30 samt
1360 399 338 49 registreringsav-

618 458 110 49 DÄR
690 450 35 61 ÖT
739 488 132 5 onani
899 487 53 5 STR
964 486 180 5 SAFESERETERS
1155 485 92 4 BENEN
1258 485 37 3 SER
1307 484 25 4 10
1353 483 38 4 sn
1400 481 288 6 erna
1673 450 17 61 20
1721 449 165 47 550,000:
1915 469 50 5 —

564 510 144 48 Bidrag
735 509 59 36 till
822 507 373 49 bankinspektionen
1234 533 455 7 ..mmsesseseesseecwweew>>W8
1750 501 138 47 70,650:
1918 520 47 6 —

567 559 474 50 Dönatureringsav
928 554 52 59 gl
987 554 52 59 ter
1075 589 128 5 ms.
1223 554 207 59 smw.mswusvsmumns
1455 584 235 6 mess
1748 553 139 41 55,000:
1916 573 51 4 —

1367 608 156 52 Summa
1550 607 149 52 kronor
1722 622 178 45 849,650:
1917 641 61 13 —.

495 752 74 48 3:0)
600 752 17 35 I
645 751 169 47 enlighet
844 749 83 36 med
957 748 146 49 Kungl.
1125 747 127 48 Maj:ts
1274 746 10 36 i
1299 745 287 51 propositionen
1607 757 45 22 nr
1673 746 21 32 2
1715 743 131 36 därom
1866 741 115 36 fram-

364 804 135 38 ställda
528 804 157 48 förslag,
714 802 219 37 hemställer
960 800 198 46 utskottet,

698 911 56 31 att
794 905 208 48 riksdagen
1044 907 62 33 må
1143 906 20 33 å
1196 903 284 48 tilläggsstaten
1523 900 59 35 för
1623 902 40 32 år
1707 898 98 35 1920
1860 895 123 37 under

566 958 182 37 rubriken
790 957 149 36 diverse
980 956 212 36 inkomster
1232 959 172 44 upptaga
1445 958 53 30 ett
1540 951 138 48 belopp
1727 963 47 22 av
1819 948 164 46 180,000

567 1011 149 36 kronor.

497 1115 76 37 Vid
601 1114 109 37 bifall
737 1114 59 35 till
825 1113 73 35 vad
927 1112 188 36 utskottet
1144 1109 160 37 sålunda
1332 1106 213 48 föreslagit,
1566 1105 154 36 komma
1740 1104 46 35 de
1805 1103 180 45 egentliga

366 1169 338 36 statsinkomsterna
738 1170 54 31 att
819 1165 11 35 i
859 1164 289 48 tilläggsstaten
1177 1162 58 35 för
1255 1163 41 33 år
1319 1160 99 36 1920
1446 1158 183 49 uppföras
1659 1155 86 36 med
1774 1160 53 30 ett
1846 1153 139 48 belopp

368 1220 232 47 21,029,650
629 1218 149 36 kronor.

782 1423 39 31 B.
869 1423 19 31 I
912 1419 157 43 anspråk
1092 1421 111 40 tagna
1224 1414 351 46 kapitaltillgångar.

502 1537 75 49 4:0)
605 1538 19 36 I
651 1536 285 50 propositionen
965 1549 46 21 nr
1041 1537 21 32 2
1092 1534 68 35 har
1188 1533 144 47 Kungl.
1361 1530 127 49 Maj:ts
1517 1527 188 49 förslagit,
1735 1531 56 31 att
1815 1539 46 22 av
1880 1531 111 31 stats-

372 1590 150 36 verkets
552 1589 206 36 kassafond
787 1588 120 36 skulle
935 1587 59 36 för
1021 1585 240 49 reglerandet
1289 1597 48 22 av
1364 1583 283 47 tilläggsstaten
1667 1584 112 43 tagas
1799 1577 12 36 i
1827 1578 165 49 anspråk

373 1648 53 31 ett
455 1642 139 49 belopp
624 1655 47 22 av
700 1640 231 46 98,772,150
955 1639 152 35 kronor.
1151 1637 10 35 I
1187 1633 419 50 statsrådsprotokollet
1626 1630 58 37 till
1703 1630 289 49 propositionen

373 1708 46 22 nr
445 1696 74 34 437
564 1693 70 36 har
662 1691 210 37 emellertid
901 1691 214 43 förutsatts,
1145 1694 53 30 att
1225 1688 65 35 det
1318 1687 153 48 belopp,
1501 1697 81 23 som
1612 1687 135 32 utöver
1776 1682 134 48 övriga
1937 1680 56 36 in-

372 1746 170 36 komster
570 1744 128 37 kunde
726 1743 189 37 erfordras
944 1742 58 36 för
1029 1740 187 37 täckande
1236 1752 47 23 av
1301 1737 212 50 utgifterna
1534 1739 21 33 å
1574 1734 300 48 tilläggsstaten,
1895 1733 97 35 skall

375 1804 109 42 tagas
513 1810 45 22 ur
587 1795 270 37 kassafonden.
900 1793 86 37 Med
1015 1793 152 48 hänsyn
1186 1791 57 36 till
1263 1790 231 47 ställningen
1514 1790 20 33 å
1555 1786 142 37 fonden
1717 1785 68 35 har
1803 1784 190 37 utskottet

374 1849 82 37 icke
488 1848 84 36 haft
600 1851 119 45 något
746 1852 55 31 att
828 1847 173 35 häremot
1030 1845 124 36 erinra
1182 1843 70 36 och
1281 1842 58 36 får
1366 1839 237 38 fördenskull
1632 1836 201 49 tillstyrka,
1863 1841 56 31 att
1947 1849 47 23 av

375 1900 142 37 fonden
560 1905 112 43 tages
699 1899 13 35 i
741 1898 164 49 anspråk
950 1896 255 47 115,675,001
1249 1894 154 46 kronor,
1445 1891 87 37 med
1572 1890 121 37 vilket
1730 1887 138 50 belopp
1898 1888 46 36 de
1973 1891 20 32 å

375 1952 289 49 tilläggsstaten
692 1950 181 37 anvisade
897 1949 213 48 utgifterna
1138 1947 195 47 överstiga
1353 1956 175 25 summan
1550 1956 46 23 av
1617 1942 136 48 övriga
1771 1935 222 58 inkomster.

505 2003 58 37 Då
604 2003 46 36 de
678 2005 21 33 å
725 2002 208 36 riksstaten
974 2001 60 35 för
1072 2002 41 33 år
1143 2000 98 34 1920
1269 1996 192 50 uppförda
1491 1994 317 47 avsättningarna
1836 1991 57 36 till
1921 1991 74 36 till-

376 2056 109 49 fällig
525 2054 324 47 löneförbättring
890 2053 71 36 och
1003 2050 290 51 dyrtidstillägg
1320 2050 13 34 i
1362 2048 172 48 enlighet
1575 2046 88 36 med
1691 2044 143 48 Kungl.
1864 2043 131 47 Maj:ts

375 2108 145 48 förslag
535 2107 93 37 böra
646 2106 182 48 uppföras
844 2108 21 33 å
884 2104 309 48 tilläggsstatens
1213 2100 267 46 inkomstsida,
1500 2098 58 36 får
1577 2097 188 37 utskottet
1782 2095 213 45 hemställa,

711 2214 54 31 att
784 2208 169 49 följande
972 2205 370 51 kapitaltillgångar,
1363 2203 224 48 uppkomna
1607 2215 47 23 av
1674 2199 196 49 egentliga
1884 2203 114 32 stats-

581 2262 221 46 inkomster,
833 2262 61 33 må
922 2260 11 35 i
962 2259 287 47 tilläggsstaten
1278 2256 60 35 för
1367 2257 40 33 år
1438 2255 98 35 1920
1565 2252 195 50 uppföras,
1785 2251 210 46 nämligen:
