2262 2618
456 172 40 31 10
699 174 225 32 Sammansatta
948 177 93 30 Stats-
1065 180 68 35 (och
1163 180 91 38 Lag-)
1279 182 155 30 Utskottets
1457 184 157 30 Utlåtande
1636 186 59 29 N:o
1719 189 30 30 3.

409 250 161 48 tidigast
613 252 96 36 fram
752 259 103 30 emot
883 255 114 36 slutet
1025 256 43 36 af
1091 257 257 38 innevarande
1376 262 52 44 år,
1457 261 72 36 och
1558 275 83 23 som
1670 265 212 39 meddelats
1909 268 116 37 innan

411 306 101 31 ännu
541 303 390 48 strafflagsreformen
958 307 102 36 varit
1087 307 182 51 planlagd
1289 316 99 31 samt
1408 311 183 48 gifvetvis
1610 315 120 36 under
1749 317 276 51 förutsättning

409 354 44 34 af
490 353 108 37 bifall
638 355 59 36 till
738 368 53 24 nu
832 356 269 51 föreliggande
1128 361 252 48 proposition,
1408 363 97 37 lärer
1532 365 62 36 väl
1622 365 65 37 vid
1715 366 203 42 inträffade
1945 371 78 36 för-

411 403 167 39 ändrade
606 407 269 37 förhållanden
902 408 130 38 kunna
1060 411 139 37 ändras
1227 420 98 29 samt
1353 414 160 37 sålunda
1532 416 32 48 ej
1586 416 117 50 lägga
1721 418 303 53 hinder
1869 412 21 63 i
1908 418 116 53 vägen

410 456 61 36 för
500 456 76 37 den
603 472 52 22 nu
684 458 266 49 föreliggande
979 461 159 49 frågans
1165 464 157 49 lösning
1349 466 11 35 i
1389 466 116 36 ofvan
1534 468 159 48 angifna
1720 465 186 59 riktning.

542 509 56 36 Af
623 509 110 37 dessa
762 510 82 37 skäl
873 512 122 37 finner
1022 514 188 37 utskottet
1237 515 62 48 sig
1327 516 91 37 böra
1445 518 218 38 hemställa:

947 616 72 49 1:0)
1063 622 57 31 att
1161 618 143 50 Kungl.
1347 619 127 50 Maj:ts
1516 622 122 37 under
1674 625 109 36 10:de
1812 626 211 48 punkten
1999 612 25 66 i

815 667 115 36 andra
971 668 264 38 hufvudtiteln
1267 670 140 38 äskade
1436 673 136 49 anslag
1599 675 57 36 till
1685 689 47 24 en
1759 677 262 48 processkom-

814 717 159 38 mission
1002 720 32 48 ej
1067 723 63 34 må
1159 721 41 36 af
1222 721 223 51 Riksdagen
1472 725 175 50 beviljas,
1676 735 98 29 samt

945 771 75 49 2:0)
1066 776 56 32 att
1162 772 89 37 herr
1292 774 245 50 Lindhagens
1579 778 145 37 motion
1764 793 64 23 n:o
1860 783 71 34 120
1959 786 62 33 må

814 835 111 23 anses
953 822 189 38 besvarad
1170 824 79 37 dels
1277 839 140 35 genom
1447 827 73 37 den
1549 829 120 38 under
1695 832 124 47 punkt
1846 834 18 34 1
1884 833 137 49 gjorda

812 873 229 38 hemställan
1084 876 72 35 och
1197 876 80 37 dels
1309 891 138 34 genom
1476 880 284 50 motiveringen
1788 884 12 35 i
1829 884 104 37 detta
1961 891 59 30 ut-

812 924 162 37 låtande.

536 1025 227 39 Stockholm
793 1029 74 36 den
895 1031 24 34 4
947 1043 100 23 mars
1080 1032 110 35 1909.

775 1132 53 36 På
858 1133 62 35 det
947 1139 277 32 sammansatta
1249 1136 209 38 utskottets
1486 1143 162 43 vägnar:

971 1236 41 36 T.
1042 1237 414 40 ZETTERSTRAND.

536 1492 77 39 Det
639 1493 123 38 skulle
791 1495 218 48 antecknas,
1041 1502 56 31 att
1124 1497 87 36 herr
1238 1500 139 36 Fahlén
1406 1500 32 48 ej
1469 1500 163 49 deltagit
1659 1501 55 35 uti
1734 1502 103 37 detta
1859 1504 156 37 ärendes

404 1543 236 52 behandling
667 1546 103 36 inom
797 1546 198 38 utskottet.

604 2269 244 47 STOCKHOLM,
870 2285 107 25 ISAAC
1010 2265 162 62 MARCUS'
1182 2272 529 51 BOKTRYCKERI-AKTIEBOLAG,
1731 2293 77 26 1909.
