1854 2772
1595 148 16 26 [SA

468 151 113 28 Andra
600 151 231 35 lagutskottets
847 151 171 28 utlåtande
1034 160 39 18 nr
1089 152 37 26 53
1143 150 36 28 är
1197 151 74 27 1965

132 256 50 28 till
213 256 145 36 fartyget
388 257 85 28 efter
504 258 133 27 vistelse
669 259 9 26 i
709 258 78 27 land
819 257 103 28 under
955 257 103 28 fritid.
1091 256 219 36 Olycksfallet
1342 255 84 28 hade
1458 253 155 30 inträffat

132 311 35 26 50
196 312 104 26 meter
328 311 133 28 utanför
490 310 261 29 hamnområdet.
780 311 196 35 Klaganden
1004 310 84 29 hade
1117 310 123 28 hävdat
1269 309 266 35 uppfattningen,
1566 309 48 26 att

132 363 209 36 olycksfallet
364 364 67 28 fick
455 373 94 19 anses
573 364 42 28 ha
637 364 87 29 skett
747 364 105 29 under
875 364 74 28 färd
972 364 51 28 till
1048 364 136 28 arbetet.
1210 360 403 37 Försäkringsdomstolen

132 417 79 28 fann
239 418 27 34 ej
296 417 71 28 skäl
395 417 115 29 bifalla
539 417 203 36 klagandens
769 418 148 35 yrkande
945 426 52 20 om
1026 417 184 35 ersättning
1238 414 75 30 från
1340 414 273 37 yrkesskadeför-

131 471 186 35 säkringen.

172 525 47 27 En
242 526 168 27 minoritet
433 526 90 26 inom
546 524 393 36 försäkringsdomstolen
963 533 59 19 var
1048 533 40 19 av
1113 523 172 35 skiljaktig
1311 523 132 34 mening
1470 521 59 28 och
1555 529 58 20 an-

133 578 103 28 förde:

171 670 115 29 Såsom
308 680 40 19 en
370 671 123 28 allmän
513 671 138 28 fordran
672 671 52 28 för
745 674 48 26 att
814 674 47 27 ett
881 671 175 36 olycksfall
1078 671 103 34 enligt
1202 670 96 35 lagen
1320 678 52 19 om
1395 667 218 37 yrkesskade-

131 716 189 35 försäkring
339 716 85 28 skall
444 724 95 20 anses
559 715 164 36 berättiga
743 716 51 28 till
813 716 184 35 ersättning
1017 715 191 36 uppställes,
1229 716 48 27 att
1298 713 210 36 olycksfallet
1529 712 84 28 skall

132 759 50 30 stå
205 762 10 26 i
238 760 356 36 orsakssammanhang
617 761 74 27 med
715 761 64 28 den
802 761 221 33 verksamhet,
1048 761 10 27 i
1083 760 112 28 vilken
1219 759 64 28 den
1305 757 145 30 skadade
1472 765 61 21 var
1556 765 58 20 an-

130 805 108 28 ställd.
257 805 127 29 Kravet
402 804 41 36 på
462 804 160 29 samband
641 805 75 28 med
736 806 129 28 arbetet
882 805 195 28 förutsättes
1097 803 184 29 emellertid
1301 806 68 25 inte
1387 802 94 28 skola
1500 801 113 29 ställas

131 850 134 28 särskilt
282 849 88 36 högt.
388 850 63 28 Det
470 850 131 28 fordras
620 850 72 28 icke
711 852 49 27 att
778 850 127 28 arbetet
923 851 10 27 i
952 850 266 35 arbetsgivarens
1238 849 103 34 tjänst
1360 847 85 29 skall
1464 847 43 28 ha
1527 847 87 27 varit

132 894 63 28 den
215 896 167 27 närmaste
402 894 81 28 eller
503 894 244 35 huvudsakliga
769 895 139 27 orsaken
928 894 51 28 tiil
999 894 135 28 skadan.
1157 894 67 28 När
1245 893 55 27 det
1320 892 82 35 gällt
1424 894 47 26 att
1492 892 122 34 avgöra

132 947 53 19 om
204 947 42 20 en
263 938 103 29 skada
385 939 61 28 har
464 939 161 28 samband
646 939 75 28 med
741 939 191 28 försäkrads
954 939 113 28 arbete
1086 938 60 28 har
1166 938 71 28 icke
1257 937 105 28 heller
1383 936 231 34 rättstillämp-

133 984 122 35 ningen
276 984 88 27 varit
386 983 134 28 bunden
542 992 41 19 av
605 992 39 19 en
666 985 82 26 snäv
772 984 159 35 tolkning.
954 983 49 27 En
1026 982 103 29 sådan
1153 982 150 35 tolkning
1326 982 65 27 kan
1414 981 72 28 icke
1509 980 105 28 heller

132 1027 189 28 föranledas
344 1036 40 20 av
406 1028 114 35 lagens
543 1028 207 35 ordalydelse
774 1028 80 28 eller
876 1028 212 35 lagmotiven.
1111 1027 169 27 Praktiskt
1303 1028 89 33 taget
1415 1026 94 34 varje
1532 1025 83 28 hän-

132 1072 90 28 delse
242 1081 40 19 av
304 1073 142 34 angiven
466 1074 60 32 art,
547 1081 69 19 som
637 1072 158 28 inträffar
815 1071 42 36 på
877 1071 271 34 arbetsområdet,
1169 1071 156 35 godtages
1348 1078 69 20 som
1439 1069 175 36 olycksfall

132 1117 10 27 i
164 1117 137 28 arbetet.
322 1117 191 35 Ersättning
534 1117 61 27 har
615 1118 10 26 i
645 1117 111 34 praxis
778 1115 140 29 sålunda
938 1116 177 35 medgivits
1137 1116 52 27 för
1211 1115 174 35 olycksfall
1406 1114 106 28 under
1534 1122 80 26 paus

132 1162 9 27 i
162 1161 126 28 arbetet
309 1161 80 28 eller
408 1160 41 36 på
469 1163 108 33 vägen
597 1160 75 29 från
691 1161 60 28 och
772 1161 50 28 till
842 1161 127 28 arbetet
989 1162 157 26 ävensom
1166 1160 55 28 vid
1242 1158 156 37 göromål,
1419 1158 195 29 föranledda

133 1215 41 19 av
198 1206 55 28 det
278 1206 164 35 egentliga
468 1205 129 29 arbelet
621 1204 106 29 såsom
753 1205 215 35 omklädning
994 1205 60 28 och
1081 1205 176 34 tvättning.
1284 1205 13 26 I
1324 1203 119 36 många
1469 1203 60 28 fall
1554 1203 61 28 har

133 1249 261 29 arbetsområdet
414 1250 116 28 vidare
552 1250 99 35 tagits
674 1250 125 35 ganska
820 1250 184 28 vidsträckt
1026 1248 107 30 såsom
1157 1249 55 28 vid
1234 1248 161 36 jordbruk
1418 1248 60 28 och
1502 1248 112 35 skogs-

133 1295 215 35 avverkning.
370 1295 78 27 Men
469 1296 85 26 även
576 1294 175 35 olycksfall
773 1295 134 27 utanför
930 1292 263 30 arbetsområdet
1213 1294 61 27 har
1295 1294 28 34 ej
1348 1293 106 28 sällan
1476 1293 139 27 kommit

133 1341 48 26 att
203 1339 169 28 betraktas
395 1347 69 19 som
487 1339 175 35 olycksfall
685 1340 9 26 i
717 1339 122 28 arbete.
863 1339 122 28 Härför
1009 1339 194 27 förutsättes
1225 1338 198 34 naturligen,
1449 1340 48 25 att
1521 1336 93 29 arbe-

133 1385 94 26 taren
245 1384 36 27 är
299 1383 96 28 stadd
413 1384 11 26 i
442 1383 266 35 arbetsgivarens
728 1383 154 28 ärenden.
902 1382 87 29 Från
1007 1383 91 28 äldre
1118 1383 112 34 praxis
1248 1381 53 29 må
1319 1381 139 29 sålunda
1477 1382 138 27 nämnas

133 1429 48 27 att
200 1427 175 36 olycksfall
394 1428 11 26 i
425 1427 114 28 arbete
558 1428 124 27 ansetts
702 1427 161 35 föreligga
882 1429 59 26 när
962 1435 41 19 en
1022 1426 155 34 banvakt,
1198 1435 70 19 som
1289 1435 39 19 en
1347 1426 124 35 söndag
1490 1425 126 35 begivit

132 1472 49 35 sig
202 1471 49 28 till
272 1473 47 27 ett
338 1471 153 35 omkring
510 1472 15 27 3
547 1471 55 27 km
622 1470 75 29 från
717 1471 64 28 den
801 1471 163 35 egentliga
987 1470 241 35 arbetsplatsen
1249 1470 131 35 beläget
1399 1470 216 28 missionshus

133 1516 51 28 för
204 1518 48 26 att
272 1516 130 35 deltaga
421 1516 10 27 i
450 1517 47 26 ett
516 1515 60 28 där
596 1516 162 27 anordnat
778 1515 245 28 sammanträde
1044 1524 40 19 av
1105 1515 109 35 privat
1233 1517 107 31 natur,
1362 1513 41 36 på
1424 1513 192 29 återfärden

134 1561 49 27 till
202 1561 64 28 den
284 1560 164 35 egentliga
468 1560 241 35 arbetsplatsen
727 1560 52 27 för
798 1562 48 26 att
864 1560 144 34 fullgöra
1026 1558 223 37 tågpassning,
1268 1558 134 35 påkörts
1421 1559 60 27 och
1499 1558 116 28 dödats

135 1614 40 19 av
196 1607 47 26 ett
264 1603 64 37 tåg.
351 1605 187 27 Anmärkas
560 1603 53 29 må
635 1605 134 27 särskilt
792 1607 48 25 att
861 1604 191 28 banvakten
1074 1604 102 27 redan
1198 1604 70 27 före
1292 1603 62 28 den
1377 1604 131 34 privata
1529 1611 86 20 sam-

133 1650 231 27 mankomsten
384 1648 154 36 fullgjort
559 1649 64 27 den
646 1649 103 28 andra
772 1649 120 27 honom
915 1649 63 27 den
1001 1648 107 35 dagen
1132 1647 172 36 åliggande
1328 1647 287 35 arbetsuppgiften

134 1696 48 26 att
201 1693 75 29 med
296 1693 128 28 dressin
442 1693 225 35 avpatrullera
689 1702 41 19 en
749 1694 66 27 viss
835 1693 300 35 järnvägssträcka.

173 1736 205 30 Framhållas
401 1736 51 29 må
474 1737 116 28 vidare
612 1739 48 26 att
682 1746 53 19 om
757 1746 39 19 en
821 1737 225 35 arbetstagare
1070 1737 89 28 utför
1182 1737 112 28 arbete
1317 1738 9 26 i
1350 1737 266 34 arbetsgivarens

133 1783 148 33 intresse,
299 1782 67 28 kan
383 1782 103 35 enligt
505 1782 202 34 lagmotiven
727 1782 128 27 arbetet
874 1790 94 19 anses
987 1781 105 28 utfört
1111 1781 51 27 för
1182 1781 257 35 arbetsgivaren,
1460 1782 83 27 även
1563 1789 52 19 om

134 1826 127 29 arbetet
281 1827 72 27 icke
372 1826 122 28 utförts
515 1826 85 28 efter
620 1827 179 34 anmaning
819 1826 80 28 eller
920 1826 321 27 överenskommelse
1261 1825 75 28 med
1356 1825 259 35 arbetsgivaren.

134 1870 199 29 Uträttande
357 1879 40 19 av
420 1879 42 19 en
488 1870 129 28 enskild
642 1870 241 35 angelägenhet
908 1870 105 27 under
1039 1871 198 33 tjänsteresa
1261 1870 51 27 till
1338 1869 94 28 lands
1457 1869 61 28 har
1544 1869 71 28 icke

133 1915 104 28 heller
266 1917 124 26 ansetts
418 1915 144 27 utesluta
591 1914 250 35 arbetstagaren
868 1913 74 28 från
973 1915 184 33 ersättning
1187 1914 51 27 för
1266 1913 167 28 därunder
1461 1913 155 28 inträffat

134 1958 183 36 olycksfall.
340 1958 146 29 Sålunda
510 1958 60 28 har
593 1959 183 34 ersättning
800 1957 108 36 utgått
931 1958 49 27 till
1005 1967 40 18 en
1070 1958 170 32 kontorist,
1264 1966 69 19 som
1357 1957 56 28 vid
1436 1958 179 28 affärsresa

135 2003 103 28 under
259 2002 72 36 tågs
352 2001 156 37 uppehåll
530 2002 55 28 vid
607 2002 122 28 station
750 2002 134 35 inköpte
907 2002 195 35 cigarretter
1123 2002 50 27 för
1194 2009 82 28 egen
1297 2002 141 35 räkning
1460 2002 58 28 och
1541 2002 74 27 ska-

134 2048 99 28 dades
249 2047 55 28 vid
319 2047 220 35 uppstigande
554 2045 17 29 å
586 2045 97 36 tåget.
701 2047 12 26 I
728 2045 94 36 fråga
838 2047 134 27 särskilt
988 2055 52 18 om
1057 2046 347 36 försäkringsskyddet
1422 2047 50 27 för
1488 2047 128 34 sjömän

134 2093 60 27 har
221 2090 75 30 från
324 2091 227 36 lagstiftarens
578 2091 70 27 sida
675 2091 174 28 förutsatts
878 2093 47 25 att
953 2090 71 28 icke
1052 2099 57 19 ens
1137 2090 183 35 olycksfall,
1349 2099 68 19 som
1448 2090 168 28 drabbade

134 2137 128 34 sjömän
291 2135 105 28 under
425 2135 282 34 idrottsutövning
738 2135 59 27 och
827 2135 85 27 vissa
944 2135 101 27 andra
1078 2134 403 36 fritidssysselsättningar
1512 2134 104 29 under

134 2180 65 28 alla
225 2178 232 29 förhållanden
483 2187 80 19 voro
590 2178 214 35 undantagna
830 2177 75 29 från
931 2178 446 36 yrkesskadeförsäkringen.
1405 2179 211 35 Omständig-

135 2225 137 27 heterna
296 2224 10 27 i
330 2223 54 28 det
409 2222 152 29 enskilda
586 2222 93 28 fallet
704 2222 111 28 kunde
840 2222 166 35 nämligen
1032 2222 103 34 enligt
1160 2222 142 28 nämnda
1329 2223 182 34 lagutskott
1536 2231 80 20 vara

134 2267 132 33 sådana,
292 2270 48 26 att
365 2266 212 35 erforderligt
603 2266 274 27 orsakssamband
904 2265 104 28 måste
1034 2274 94 19 anses
1156 2266 158 35 föreligga
1340 2266 121 28 mellan
1488 2267 128 34 olycks-

136 2312 93 29 fallet
250 2311 60 28 och
332 2311 135 31 arbetet,
489 2310 59 27 och
572 2318 50 19 om
644 2308 34 29 så
700 2318 60 19 var
782 2308 232 30 förhållandet,
1038 2309 100 27 borde
1160 2310 102 34 enligt
1285 2310 177 28 utskottets
1484 2311 132 33 mening

135 2357 183 33 ersättning
338 2354 40 36 på
398 2354 107 35 grund
528 2362 40 19 av
590 2353 62 28 den
674 2353 234 35 obligatoriska
931 2353 231 34 försäkringen
1185 2352 85 35 utgå.
1293 2353 111 28 Redan
1426 2355 100 27 innan
1551 2355 65 27 till-

136 2403 149 26 komsten
313 2408 41 19 av
383 2397 517 37 yrkesskadeförsäkringslagen,
931 2405 69 19 som
1031 2397 202 28 föreskriver
1263 2406 39 18 en
1333 2398 243 35 uppmjukning
1607 2400 9 26 i

138 2446 114 34 många
272 2442 208 30 hänseenden
502 2444 6 25 i
531 2440 205 29 förhållande
756 2442 46 27 till
823 2442 61 26 den
906 2442 118 33 praxis,
1045 2441 71 27 med
1138 2442 127 27 hårfina
1287 2442 240 33 distinktioner,
1548 2453 66 17 som
