2180 2622
395 191 38 32 16
635 189 229 31 Sammansatta
890 189 209 37 Bevillnings-
1124 189 52 29 och
1201 187 237 38 Lagutskottets
1467 185 161 31 Utlåtande
1652 184 56 31 N:o
1733 184 26 30 1.

395 273 73 44 god
497 270 94 49 frejd
620 270 68 35 och
718 275 62 29 äro
811 268 160 37 svenska
1002 267 253 47 medborgare,
1287 266 120 34 finner
1436 265 181 35 utskottet
1640 263 179 36 innebära
1849 275 45 23 en
1916 262 77 36 allt-

396 326 55 35 för
479 328 76 32 stor
589 324 179 35 afvikelse
799 323 81 34 från
908 335 50 22 nu
989 321 171 47 gällande
1191 320 241 47 grundsatser
1460 318 56 35 för
1544 318 239 35 kommunala
1812 317 182 35 ärendens

396 378 215 47 afgörande;
655 377 265 42 hvarförutom,
966 378 118 32 såsom
1131 376 101 33 1894
1276 375 58 33 års
1364 375 263 33 sammansatta
1655 369 239 47 bevillnings-
1925 370 68 35 och

395 432 206 47 lagutskott
642 431 13 34 i
698 430 64 36 sitt
805 429 110 37 ofvan
958 428 239 36 omförmälda
1231 426 237 36 betänkande
1493 425 139 48 jämväl
1663 423 214 43 framhållit,
1909 423 84 35 med

394 483 474 48 brännvinsförsäljningen
914 488 61 30 äro
1018 482 208 35 förbundna
1270 482 39 34 så
1352 483 98 32 stora
1487 479 183 35 intressen
1700 479 69 34 och
1800 479 110 34 sättet
1938 476 56 35 för

397 541 83 34 dess
523 537 238 47 tillämpning
804 543 39 29 är
876 537 39 34 af
941 539 40 32 så
1009 535 220 47 ingripande
1259 534 191 47 betydelse
1479 533 56 35 för
1563 533 287 34 kommunernas
1879 530 114 46 lugna

396 594 68 34 och
494 591 225 47 lifskraftiga
748 590 229 46 utveckling,
1010 592 53 33 att
1092 589 79 35 skäl
1201 588 83 35 icke
1313 587 199 35 förefinnes
1542 589 53 32 att
1624 586 128 46 afgöra
1771 583 222 37 hithörande

396 648 124 45 frågor
548 649 46 43 på
623 648 115 32 annat
766 647 74 33 sätt
868 650 46 29 än
944 643 117 47 öfriga
1089 641 239 37 kommunala
1358 640 344 47 angelägenheter.»

505 700 193 35 Utskottet
739 697 220 36 hemstiällde
1002 697 107 47 förty,
1149 699 54 32 att
1240 695 188 35 motionen
1456 694 83 35 icke
1569 695 112 33 måtte
1711 693 40 35 af
1775 692 217 47 Riksdagen

397 754 156 42 bifallas,
599 753 67 35 och
710 752 217 45 Riksdagen
970 750 138 36 fattade
1150 750 63 35 sitt
1254 749 122 35 beslut
1417 748 13 34 i
1473 747 165 46 enlighet
1674 747 84 34 med
1788 746 121 35 denna
1937 750 54 30 ut-

400 807 156 36 skottets
597 806 232 35 hemställan.
902 805 121 45 Sagda
1065 803 121 35 beslut
1229 802 158 36 fattades
1422 801 39 35 af
1491 802 127 34 Första
1647 801 226 34 Kammaren
1902 802 90 32 utan

398 861 226 46 föregången
654 858 214 37 diskussion
898 858 67 35 och
994 860 90 33 utan
1115 856 169 46 votering
1313 857 94 34 samt
1436 854 40 35 af
1491 855 129 34 Andra
1640 854 237 42 Kammaren,
1900 852 93 36 efter

398 914 222 43 diskussion,
652 914 83 34 med
768 915 66 33 121
870 915 118 32 röster
1016 914 76 32 mot
1122 913 59 42 58,
1203 910 128 35 hvilka
1348 908 164 47 afgåfvos
1529 907 55 36 för
1597 907 105 35 bifall
1718 906 58 36 till
1792 906 196 36 motionen.

504 968 19 34 I
553 980 45 23 en
628 967 61 36 vid
723 969 99 32 1902
849 968 57 33 års
935 965 153 46 riksdag
1115 964 112 36 väckt
1247 962 138 37 motion
1405 961 245 36 framställdes
1668 972 139 24 samma
1821 960 170 48 yrkande

399 1035 73 22 som
504 1022 12 34 i
546 1022 71 34 den
647 1021 111 35 ofvan
788 1019 237 36 omförmälda
1055 1018 187 35 motionen
1272 1016 39 36 af
1337 1019 39 32 år
1408 1018 110 32 1894.

504 1075 19 34 I
566 1074 61 36 sitt
671 1074 102 36 öfver
815 1073 186 35 motionen
1037 1071 138 47 afgifna
1204 1070 236 36 betänkande
1470 1068 73 42 (n:o
1577 1071 60 45 18)
1666 1067 172 35 framhöll
1866 1066 126 36 bevill-

398 1128 305 47 ningsutskottet,
734 1127 112 35 bland
876 1130 124 37 annat,
1032 1129 52 32 att
1114 1125 116 46 enligt
1260 1125 46 34 då
1335 1123 171 46 gällande
1532 1120 457 48 brännvinsförsäljnings-

399 1181 215 48 förordning
648 1182 71 34 den
749 1179 237 36 kommunala
1015 1178 342 47 representationen
1384 1176 12 35 i
1425 1175 287 36 landskommun
1741 1175 67 34 och
1837 1175 12 34 i
1878 1175 113 34 stads-

399 1237 188 43 kommun,
629 1248 57 22 om
731 1236 72 33 den
845 1246 85 23 vore
974 1233 87 46 enig
1090 1233 81 34 med
1202 1231 251 46 magistraten,
1484 1229 125 35 kunde
1638 1228 191 36 förhindra
1859 1228 133 35 minut-

400 1290 136 35 handel
561 1290 82 34 med
673 1289 68 35 och
766 1287 257 46 utskänkning
1053 1286 39 35 af
1116 1284 195 37 brännvin.

506 1341 416 47 Bevillningsutskottet
950 1340 218 35 hemställde
1199 1351 55 23 om
1287 1338 117 45 afslag
1434 1339 19 32 å
1484 1336 198 43 motionen,
1714 1338 98 32 emot
1837 1334 154 37 hvilken

400 1397 220 35 hemställan
649 1398 124 44 någon
802 1394 227 36 reservation
1057 1393 82 35 icke
1169 1392 119 46 afgafs
1308 1392 96 34 inom
1426 1390 191 35 utskottet.
1669 1389 208 35 Utskottets
1894 1389 97 34 hem-

401 1451 133 35 ställan
561 1450 79 34 blef
665 1453 91 31 utan
784 1448 169 46 votering
981 1446 152 36 bifallen
1162 1445 39 36 af
1227 1445 102 36 såväl
1357 1445 130 34 Första
1507 1455 74 23 som
1605 1442 130 36 Andra
1755 1442 235 35 Kammaren.

508 1504 182 46 Slutligen
732 1501 246 36 framställdes
1021 1500 62 36 vid
1128 1502 97 32 1907
1272 1501 57 32 års
1371 1497 152 46 riksdag
1564 1497 12 34 i
1613 1495 81 48 fyra
1732 1495 98 35 inom
1861 1495 130 36 Andra

402 1559 224 34 Kammaren
668 1556 134 35 väckta
845 1554 179 36 motioner
1066 1553 166 47 yrkande
1276 1564 56 23 om
1360 1550 194 36 införande
1584 1549 39 35 af
1647 1549 233 36 kommunalt
1907 1552 84 32 veto

403 1612 82 35 med
524 1611 135 35 allmän
682 1607 328 46 folkomröstning
1051 1607 13 34 i
1103 1605 267 46 hufvudsaklig
1413 1603 382 37 öfverensstämmelse
1834 1603 82 34 med
1946 1603 44 34 de

402 1666 172 44 grunder,
621 1676 76 23 som
741 1664 11 34 i
797 1663 70 34 den
906 1662 62 34 vid
1014 1663 99 33 1894
1148 1662 57 33 års
1235 1659 153 45 riksdag
1417 1657 140 46 afgifna
1586 1657 187 35 motionen
1803 1656 187 46 angifvits,

402 1718 227 36 beträffande
672 1716 268 48 försäljningen
983 1714 102 35 såväl
1127 1713 39 35 af
1204 1711 182 36 brännvin
1430 1723 76 23 som
1550 1711 39 34 af
1629 1709 61 36 vin
1734 1710 67 34 och
1834 1710 43 35 öl
1935 1710 58 34 En

404 1773 180 35 motionär
626 1771 95 34 hade
765 1769 95 36 dock
898 1768 200 46 föreslagit,
1143 1770 52 32 att
1238 1766 56 35 för
1332 1768 54 32 att
1413 1764 122 36 beslut
1563 1764 12 35 i
1605 1763 104 48 dylik
1738 1763 104 46 fråga
1872 1763 119 35 skulle

404 1826 109 36 hafva
551 1824 187 36 bindande
782 1822 107 44 kraft,
934 1834 46 23 en
1024 1820 182 48 majoritet
1248 1819 40 35 af
1314 1819 110 35 minst
1450 1820 39 36 ”/s
1521 1818 38 34 af
1585 1818 44 34 de
1660 1817 140 46 afgifna
1828 1819 166 33 rösterna

403 1879 121 35 skulle
568 1878 193 43 erfordras,
798 1877 186 35 äfvensom
1017 1878 52 32 att
1098 1877 51 32 ett
1178 1874 133 35 sådant
1339 1872 122 35 beslut
1489 1871 31 48 ej
1553 1870 120 36 skulle
1702 1870 128 35 kunna
1860 1870 133 35 ändras

404 1934 123 34 förrän
557 1932 91 35 efter
679 1934 19 32 5
730 1933 59 33 års
813 1930 154 46 förlopp.

511 1987 117 34 Dessa
672 1984 181 36 motioner
893 1982 251 36 behandlades
1188 1981 39 35 af
1267 1981 242 34 sammansatt
1550 1977 239 47 bevillnings-
1824 1977 66 35 och
1920 1977 73 46 lag-

404 2041 154 43 utskott,
590 2051 75 23 som
695 2038 13 34 i
738 2038 63 35 sitt
831 2036 100 36 öfver
960 2035 228 36 motionerna
1218 2033 140 47 afgifna
1386 2032 235 36 betänkande
1651 2034 74 45 (n:o
1759 2031 33 47 1)
1813 2030 180 44 erinrade,

405 2094 112 35 bland
548 2096 122 39 annat,
703 2095 52 32 att
786 2091 115 45 enligt
929 2090 98 35 hvad
1056 2089 55 34 för
1138 2088 183 35 utskottet
1342 2085 235 47 tillgängliga
1596 2083 270 49 upplysningar
1886 2084 108 46 gåfve

405 2148 63 35 vid
510 2147 160 42 handen,
713 2144 250 47 ingenstädes,
1009 2143 65 34 där
1115 2141 132 36 förbud
1277 2143 75 32 mot
1380 2139 218 48 försäljning
1628 2139 39 34 af
1691 2138 224 47 rusdrycker
1942 2137 53 35 in-

406 2201 100 43 förts,
551 2199 170 36 förbudet
764 2197 156 36 medfört
963 2195 144 48 åsyftad
1149 2194 152 43 verkan,
1347 2194 188 35 äfvensom
1580 2195 51 32 att
1666 2192 62 34 det
1756 2191 82 35 icke
1869 2194 126 45 syntes

406 2254 180 47 lämpligt,
631 2256 52 32 att
726 2258 44 41 på
815 2252 11 34 i
870 2250 227 36 motionerna
1138 2248 196 46 föreslaget
1364 2250 71 32 sätt
1463 2246 118 35 införa
1611 2245 173 47 speciella
1813 2248 178 32 rösträtts-
