1868 2782
444 144 314 30 Bankoutskottets
782 142 179 30 utlåtande
984 151 43 20 nr
1050 141 40 30 19
1112 141 39 29 år
1175 140 81 30 1957
1586 136 14 30 1

769 427 60 40 Nr
858 427 48 41 19

324 524 184 31 Utlåtande
528 524 10 29 i
554 522 190 40 anledning
761 531 42 20 av
820 520 240 40 fullmäktiges
1081 519 11 29 i
1109 517 215 31 riksbanken
1341 514 264 43 framställning

543 573 178 38 angående
740 570 236 40 anskaffande
994 579 42 20 av
1053 578 41 22 en
1113 568 121 39 offset-
1251 567 63 30 och
1334 565 271 41 koppartrycks-

545 622 312 32 rotationsmaskin
879 622 57 39 för
955 618 295 41 sedeltryckeriet.

149 721 12 29 I
190 718 262 39 framställning
476 717 52 29 till
554 715 290 30 bankoutskottet
870 713 67 29 den
962 714 38 29 21
1028 721 95 21 mars
1151 711 81 29 1957
1259 710 65 29 har
1348 708 222 41 fullmäktige
1597 707 11 29 i

102 770 213 30 riksbanken
340 769 134 29 anmält
497 767 124 39 frågan
646 774 57 21 om
725 763 237 31 anskaffande
988 772 40 20 av
1051 771 44 20 en
1117 760 285 33 helautomatisk,
1427 758 180 30 kombine-

103 823 62 28 rad
192 821 120 29 offset-
339 820 64 29 och
429 814 584 43 koppartrycksrotationsmaskin,
1039 821 43 21 en
1109 821 25 24 s,
1162 812 32 28 k.
1222 808 384 32 helrotationsmaskin,

103 874 54 28 för
182 870 292 40 sedeltryckeriet.
500 867 234 39 Fullmäktige
759 866 64 30 har
848 865 118 29 anfört
991 862 172 40 följande:

149 929 307 40 Sedeltryckeriets
475 926 203 31 nuvarande
699 925 175 39 fastighet,
896 924 117 30 vilken
1033 922 190 40 uppfördes
1245 921 111 29 under
1375 920 84 29 åren
1481 918 129 31 1934—

106 975 93 33 1935,
224 973 206 40 planerades
455 971 54 29 för
534 972 50 28 att
607 968 182 40 tillgodose
813 968 58 29 det
895 966 45 30 då
963 964 238 40 föreliggande
1225 962 282 40 sedelomloppet,
1533 969 75 21 som

105 1017 161 39 utgjorde
292 1024 40 21 ca
357 1015 62 30 700
444 1013 89 39 milj.
560 1013 140 32 kronor,
728 1013 91 27 samt
845 1012 50 27 att
921 1008 77 40 giva
1024 1010 174 36 utrymme
1225 1006 55 29 för
1306 1014 42 20 en
1374 1004 71 30 viss
1472 1003 137 30 mindre

106 1059 153 40 stegring
285 1058 9 29 i
322 1057 66 30 den
415 1054 210 41 utelöpande
652 1052 281 39 sedelmängden.
961 1051 52 29 En
1041 1048 220 40 fortlöpande
1290 1046 282 39 rationalisering
1600 1045 10 28 i

106 1103 90 30 form
216 1111 41 19 av
277 1098 279 41 nyanskaffning
577 1106 41 20 av
638 1095 179 30 maskiner
837 1095 91 29 samt
950 1093 152 30 ändrade
1122 1088 403 40 tillverkningsmetoder
1546 1088 64 29 har

105 1143 193 31 emellertid
324 1142 93 39 gjort
441 1141 57 30 det
523 1139 138 40 möjligt
686 1140 50 28 att
760 1138 69 29 öka
853 1135 261 41 produktionen
1139 1134 11 28 i
1176 1133 110 30 sådan
1310 1130 224 39 omfattning,
1560 1130 51 29 att

105 1188 67 28 den
192 1187 134 28 kunnat
347 1184 182 40 tillgodose
548 1183 57 29 det
626 1180 203 31 nuvarande
849 1178 272 39 sedelomloppet
1140 1185 57 20 om
1216 1177 21 30 5
1254 1175 20 30 å
1293 1175 21 29 6
1331 1173 183 40 miljarder
1532 1172 79 29 kro-

107 1238 64 21 nor
197 1230 91 28 samt
312 1228 52 29 till
390 1227 66 30 och
481 1225 79 30 med
585 1223 246 31 åstadkomma
856 1223 48 28 ett
930 1221 81 30 ökat
1035 1217 246 40 inneliggande
1307 1216 200 39 sedellager.
1535 1215 77 30 Sär-

111 1272 82 30 skilt
213 1272 64 28 har
297 1270 119 29 härtill
435 1268 150 39 bidragit
605 1266 277 38 anskaffningen
901 1263 142 40 jämlikt
1063 1262 114 29 beslut
1197 1270 42 20 av
1261 1259 83 30 1938
1365 1259 65 29 och
1453 1257 81 30 1947
1557 1257 57 29 års

107 1315 183 38 riksdagar
320 1322 41 20 av
392 1313 89 29 först
512 1311 57 29 två
599 1310 55 29 för
684 1307 239 41 koppartryck
954 1304 152 31 avsedda
1136 1303 314 38 rotationspressar
1480 1309 43 20 av
1551 1300 61 38 typ

108 1357 133 40 Koenig
256 1357 26 30 &
299 1357 112 28 Bauer
435 1354 65 39 (jfr
517 1353 116 30 BoU:s
650 1351 61 30 utl.
733 1350 99 31 1938:
848 1349 59 33 49)
929 1349 91 29 samt
1037 1346 155 32 därcfter
1208 1354 42 21 av
1267 1347 57 29 två
1340 1338 272 49 koppartrycks-

110 1397 352 32 rotationsmaskiner
484 1405 43 20 av
549 1394 135 31 Märket
707 1395 138 28 Beaune
877 1392 52 32 (se
952 1391 114 29 BoU:s
1090 1388 62 30 utl.
1178 1387 98 30 1947:
1294 1386 73 33 25).
1390 1386 76 29 Den
1488 1392 126 31 genom

103 1442 166 38 vidtagna
284 1436 465 40 rationaliseringsåtgärder
763 1434 234 31 åstadkomna
1013 1428 414 43 produktionsökningen
1442 1427 69 29 kan
1527 1426 89 30 dock

110 1485 75 30 icke
204 1484 174 29 beräknas
396 1490 83 22 vara
498 1479 188 39 tillräcklig
705 1479 55 29 för
778 1480 50 27 att
847 1478 177 28 motsvara
1042 1474 58 29 det
1118 1472 154 39 alltjämt
1291 1470 160 40 stegrade
1469 1468 147 30 behovet

112 1529 54 28 för
188 1526 115 40 någon
326 1526 119 38 längre
468 1524 49 29 tid
541 1522 145 34 framåt;
712 1520 127 30 ställda
861 1525 189 34 prognoser
1073 1516 46 28 ha
1141 1515 84 39 givit
1248 1514 59 29 vid
1330 1512 141 30 handen
1494 1513 51 28 att
1566 1510 51 30 åt-

111 1570 134 39 gången
267 1569 160 28 kommer
448 1568 51 28 att
521 1565 172 37 överstiga
716 1562 269 37 tillverkningen
1008 1568 57 20 om
1087 1558 18 30 2
1127 1557 20 29 å
1169 1557 18 29 3
1210 1556 49 30 år.
1281 1555 53 30 En
1355 1553 261 39 omständighet

112 1622 75 20 som
204 1612 111 28 under
331 1618 122 21 senare
468 1608 38 29 år
522 1608 131 38 gynnat
669 1601 482 44 produktionsutvecklingen
1167 1599 64 29 har
1244 1598 102 35 varit,
1365 1599 51 28 att
1432 1596 108 39 några
1556 1595 61 30 all-

111 1655 169 37 varligare
298 1651 301 31 maskinhaverier
616 1649 76 28 icke
709 1645 237 32 förekommit.
965 1645 66 29 För
1049 1645 50 27 att
1116 1641 182 30 motverka
1315 1639 299 38 driftstörningar,

110 1706 76 21 som
207 1697 74 28 icke
303 1696 10 29 i
331 1693 152 40 längden
504 1693 97 29 torde
620 1691 122 29 kunna
762 1688 185 34 undvikas,
968 1688 91 28 samt
1078 1685 95 29 möta
1191 1683 114 30 ökade
1325 1681 155 40 anspråk
1500 1684 45 37 på
1565 1689 49 21 se-

109 1737 330 38 deltillverkningen
465 1735 53 29 stå
542 1734 79 29 med
647 1731 203 31 nuvarande
876 1726 347 40 maskinutrustning
1246 1725 59 30 vid
1332 1719 284 49 sedeltryckeriet

110 1782 81 39 inga
214 1781 110 29 andra
348 1777 221 41 möjligheter
592 1776 52 30 till
667 1774 89 30 buds
782 1775 44 28 än
850 1774 51 28 att
924 1771 153 39 tillgripa
1100 1768 167 32 övertids-
1291 1767 83 30 eller
1398 1766 217 32 skiftarbete,

110 1824 57 29 det
190 1821 221 31 sistnämnda
433 1821 11 29 i
466 1820 66 29 den
556 1818 82 30 mån
660 1815 205 39 erforderlig
887 1812 215 32 arbetskraft
1122 1812 71 29 kan
1216 1809 185 31 anskaffas
1424 1808 66 30 och
1514 1807 102 30 utbil-

111 1867 73 28 das.
209 1866 51 28 Då
286 1865 56 29 det
368 1864 83 38 gällt
475 1862 65 29 och
565 1861 107 39 gäller
696 1861 50 27 att
771 1857 183 39 tillgodose
976 1856 58 29 det
1059 1853 155 38 ständigt
1237 1852 112 30 ökade
1375 1850 242 30 sedelbehovet

112 1909 63 28 har
198 1906 193 30 emellertid
414 1906 58 28 det
495 1902 214 40 begränsade
735 1899 287 38 lokalutrymmet
1045 1896 153 30 medfört
1221 1894 66 30 och
1310 1894 162 29 kommer
1494 1893 88 29 även
1606 1890 11 30 i

112 1949 274 37 fortsättningen
409 1949 50 27 att
483 1946 160 29 medföra
665 1944 41 29 de
730 1944 128 28 största
880 1940 273 39 svårigheterna.
1178 1937 139 29 Bristen
1340 1936 45 38 på
1408 1935 210 38 lagringsut-

113 2000 144 31 rymme,
279 1990 178 38 trängseln
477 1988 97 29 inom
594 1985 187 40 tryckeriet
802 1993 45 21 m.
869 1992 45 20 m.
936 1983 64 28 har
1020 1981 150 30 sålunda
1189 1981 62 29 lett
1272 1978 51 30 till
1345 1979 52 28 att
1417 1977 67 29 den
1506 1975 112 30 ökade

113 2034 271 37 tillverkningen
404 2031 109 30 delvis
536 2030 144 29 vunnits
701 2028 44 39 på
766 2025 196 31 bekostnad
984 2033 42 20 av
1046 2022 199 31 kontrollen
1274 2021 66 38 (jfr
1363 2019 146 33 nedan).

158 2078 67 28 För
247 2078 49 27 att
320 2075 119 38 uppnå
461 2083 42 20 en
527 2071 131 39 ökning
681 2080 42 20 av
744 2066 457 43 produktionskapaciteten
1223 2063 66 30 och
1313 2062 175 37 förbilliga
1512 2060 106 30 sedel-

115 2119 279 36 tillverkningen,
424 2116 76 29 med
529 2115 111 29 andra
666 2113 62 29 ord
756 2111 245 31 åstadkomma
1028 2117 43 21 en
1098 2108 142 28 fortsatt
1268 2103 282 38 rationalisering
1578 2111 41 20 av

113 2162 141 32 driften,
276 2161 63 28 har
360 2157 283 38 sedeltryckeriet
663 2156 10 28 i
694 2154 195 30 samarbete
909 2152 78 29 med
1009 2148 323 32 Maschinenfabrik
1354 2146 126 30 Goebel
1498 2144 121 30 GmbH

115 2204 9 28 i
144 2203 204 29 Darmstadt
368 2200 176 30 utarbetat
562 2199 120 39 planer
704 2199 43 38 på
766 2206 43 20 en
830 2205 25 19 s.
877 2196 32 28 k.
929 2191 383 33 helrotationsmaskin,
1332 2189 33 29 d.
1385 2198 30 19 v.
1438 2198 25 19 s.
1484 2197 42 20 en
1548 2196 71 19 ma-

115 2246 79 28 skin
219 2253 74 20 som
319 2244 80 28 från
424 2241 267 40 pappersbanan
717 2239 172 28 levererar
914 2234 253 39 färdigtryckta
1193 2232 124 29 sedlar.
1343 2230 118 38 Enligt
1486 2229 134 37 avgivet

116 2287 115 29 anbud
260 2288 37 27 är
323 2286 66 28 den
415 2284 101 38 tyska
544 2283 129 28 firman
699 2280 126 29 beredd
852 2280 51 27 att
929 2279 76 27 med
1033 2275 201 30 nuvarande
1261 2273 216 29 arbetslöner
1504 2281 44 18 m.
1575 2279 45 19 m.

118 2329 159 29 tillverka
300 2328 62 28 och
389 2326 75 29 fritt
488 2324 200 29 Stockholm
714 2323 151 28 leverera
889 2329 41 20 en
954 2319 95 39 dylik
1077 2317 137 30 maskin
1239 2317 53 27 för
1316 2317 49 27 ett
1387 2314 73 39 pris
1484 2323 42 19 av
1550 2322 71 19 om-

117 2372 102 37 kring
247 2371 44 32 1,1
323 2369 87 39 milj.
437 2369 140 28 kronor.
604 2365 183 30 Maskinen
814 2363 183 31 beräknas,
1025 2360 107 29 sedan
1159 2359 67 29 den
1251 2357 99 30 blivit
1377 2356 80 29 fullt
1484 2354 136 33 inkörd,

119 2414 118 28 kunna
264 2413 116 28 lämna
408 2420 40 20 en
477 2408 211 40 produktion
717 2416 73 19 som
820 2405 77 29 med
925 2406 40 28 50
993 2403 18 29 å
1042 2403 59 29 100
1129 2402 143 38 procent
1299 2398 188 37 överstiger
1515 2397 107 28 sedel-

120 2455 202 38 tryckeriels
343 2454 76 28 hela
440 2451 201 30 nuvarande
661 2448 223 37 tillverkning
903 2456 40 19 av
964 2445 122 30 sedlar.
1106 2445 72 28 Den
1200 2443 101 38 tyska
1321 2441 129 30 firman
1470 2440 61 27 har
1551 2438 72 29 åta-

151 2513 8 25 I
185 2515 109 28 Bihang
309 2513 45 23 till
366 2511 169 30 riksdagens
547 2509 147 32 protokoll
708 2508 74 23 1957.
803 2508 14 21 8
830 2506 83 24 saml.
935 2506 37 23 Nr
990 2506 28 23 19
