2194 2616
703 153 250 32 Statsutskottets
976 151 162 32 utlåtande
1163 151 51 30 Nr
1239 152 50 29 40.
1729 148 9 30 1

916 637 57 39 Nr
999 636 67 40 40.

789 794 112 27 Ankom
920 794 42 26 till
982 793 166 35 riksdagens
1167 793 82 26 kansi
1269 791 53 27 den
1342 794 16 23 9
1378 791 70 35 april
1470 792 65 25 1918
1555 790 36 26 kl.
1612 791 54 30 !/21
1684 799 21 17 e.
1720 799 36 17 m.

402 929 208 68 Utlåtande,
640 937 12 33 i
684 935 195 44 anledning
921 945 44 24 av
1007 933 135 44 Kungl.
1186 933 134 41 Maj:ts
1355 932 225 45 proposition
1608 931 185 43 angående

594 1004 205 44 resebidrag
830 1003 57 35 till
915 1003 95 35 vissa
1033 1003 185 44 patienter
1248 1000 62 35 vid
1329 1000 295 35 radiumhemmet
1643 1000 13 33 i
1671 998 122 35 Stock-

594 1073 104 36 holm.

1464 1119 71 49 (3:e
1563 1118 99 49 avd.)

297 1266 17 35 I
356 1278 46 24 en
442 1265 73 36 den
559 1267 18 33 1
622 1277 100 22 mars
766 1264 98 35 1918
903 1261 55 37 till
985 1260 204 49 riksdagen
1218 1260 161 46 avlåten,
1409 1258 55 37 till
1493 1256 301 38 statsutskottets

196 1316 271 39 förberedande
508 1314 231 49 behandling
780 1312 241 39 överlämnad
1062 1311 236 51 proposition
1341 1309 59 51 (nr
1440 1308 85 49 133)
1555 1308 68 36 har
1650 1307 141 48 Kungl.

196 1369 120 48 Maj:t,
357 1368 120 36 under
518 1366 239 49 åberopande
795 1379 46 22 av
871 1364 122 48 bilagt
1019 1364 141 46 utdrag
1188 1376 46 22 av
1263 1358 413 51 statsrådsprotokollet
1703 1363 92 31 över

196 1419 254 38 civilärenden
478 1431 143 24 samma
648 1417 87 49 dag,
756 1416 196 48 föreslagit
970 1415 205 48 riksdagen
1195 1418 55 31 att
1269 1413 60 36 för
1348 1411 212 38 beredande
1579 1424 47 23 av
1644 1409 148 49 bidrag,

196 1472 121 48 enligt
344 1472 13 36 i
385 1469 411 50 statsrådsprotokollet
824 1468 164 48 angivna
1016 1465 178 50 grunder,
1224 1465 57 36 till
1309 1463 203 37 medellösa
1540 1462 90 36 eller
1648 1461 147 36 mindre

196 1523 221 37 bemedlade
445 1534 180 38 personer
652 1521 59 36 för
737 1533 104 24 resor
867 1519 59 36 till
952 1518 313 37 radiumhemmet
1293 1516 13 36 i
1336 1514 219 38 Stockholm
1583 1513 139 49 bevilja

326 1576 75 36 dels
436 1576 49 47 på
522 1578 106 32 extra
655 1577 75 32 stat
758 1572 58 36 för
843 1574 41 34 år
916 1572 95 35 1919
1042 1574 55 32 ett
1124 1568 303 48 förslagsanslag
1454 1569 21 33 å
1503 1566 112 47 8,000
1644 1565 150 46 kronor,

328 1628 75 36 dels
423 1628 61 34 ock
502 1628 50 46 på
570 1624 233 49 tilläggsstat
823 1623 58 36 för
900 1626 40 33 år
962 1623 97 36 1918
1080 1626 53 32 ett
1152 1618 306 50 förslagsanslag
1476 1620 21 34 å
1515 1618 113 47 4,000
1644 1616 149 36 kronor.

320 1677 247 38 Beträffande
608 1675 252 49 utredningen
888 1675 12 35 i
928 1673 154 37 ärendet
1119 1672 55 36 får
1201 1671 184 37 utskottet
1413 1669 159 37 hänvisa
1598 1668 57 36 till
1681 1672 115 32 stats-

197 1729 327 52 rådsprotokollet.

327 1832 210 46 Utskottet,
578 1844 79 24 som
700 1831 127 36 funnit
867 1830 72 35 vad
982 1842 46 23 av
1070 1825 414 52 departementschefen
1529 1824 55 36 till
1625 1823 85 36 stöd
1738 1822 60 37 för

200 1886 122 36 denna
349 1883 282 49 framställning
659 1882 154 47 anförts,
842 1880 238 50 välgrundat,
1109 1878 226 46 hemställer,

730 1991 54 31 att
811 1985 206 49 riksdagen
1045 1986 61 33 må
1133 1982 57 36 för
1218 1980 215 38 beredande
1448 1993 47 22 av
1515 1978 146 49 bidrag,
1678 1977 122 48 enligt

600 2040 12 35 i
654 2035 414 51 statsrådsprotokollet
1108 2039 90 31 över
1241 2031 254 39 civilärenden
1536 2030 74 37 den
1645 2032 18 33 1
1698 2042 101 23 mars

604 2091 97 36 1908
730 2089 168 48 angivna
927 2087 178 50 grunder,
1134 2085 56 37 till
1219 2083 204 38 medellösa
1450 2083 90 36 eller
1567 2081 146 37 mindre
1741 2080 57 37 be-

601 2141 171 38 medlade
800 2153 178 37 personer
1005 2138 60 37 för
1091 2149 106 25 resor
1215 2136 57 36 till
1298 2134 314 38 radiumhemmet
1635 2133 13 36 i
1667 2131 132 38 Stock-

601 2194 103 36 holm
731 2192 139 49 bevilja

289 2255 129 43 Bihang
442 2256 47 32 till
512 2254 186 42 riksdagens
718 2252 155 42 protokoll
897 2252 95 32 1918.
1039 2253 20 29 6
1082 2250 88 31 saml.
1217 2249 41 31 31
1282 2247 79 41 häft.
1406 2246 68 41 (Nr
1497 2246 153 39 40—42)
1740 2244 15 31 1
