1884 2804
542 128 277 31 Statsutskottets
841 128 177 32 utlåtande
1038 138 43 22 nr
1107 128 69 31 188.
1583 123 37 31 17

113 207 9 29 i
140 206 194 41 september
353 206 83 30 1945
456 207 126 30 saknat
600 206 305 40 utmätningsbara
922 206 187 40 tillgångar
1127 207 66 29 och
1211 208 50 30 att
1279 207 90 30 hans
1387 206 231 31 ekonomiska

112 257 167 39 ställning
303 257 220 30 fortfarande
551 259 118 37 syntes
694 266 84 21 vara
804 257 119 34 sådan,
952 259 50 28 att
1029 257 57 29 det
1112 257 95 38 finge
1233 266 103 20 anses
1362 257 178 34 uteslutet,
1567 258 50 29 att

112 308 208 30 statsverket
346 308 112 29 skulle
484 308 122 29 kunna
632 315 124 32 genom
782 307 185 30 exekutiva
992 307 162 39 åtgärder
1179 307 127 30 bereda
1332 307 51 39 sig
1409 307 207 39 gottgörelse

110 359 56 29 för
188 367 63 22 ens
273 358 114 40 någon
409 358 55 30 del
488 368 43 20 av
554 358 54 30 sin
631 357 236 31 lånefordran.

154 409 395 40 Departementschefen
569 409 64 30 har
651 409 79 29 med
749 409 137 39 hänsyn
905 408 54 30 till
978 409 66 29 vad
1063 408 11 30 i
1093 408 144 30 ärendet
1256 408 161 40 upplysts
1436 408 180 39 tillstyrkt,

110 462 50 30 att
183 460 208 30 statsverket
413 469 48 20 nu
485 460 244 30 efterskänker
751 459 268 39 ifrågavarande
1042 459 146 30 fordran
1212 458 20 31 å
1255 459 97 30 Orre.

156 561 186 31 Utskottet.
359 561 53 30 Då
427 561 68 34 det,
514 561 115 30 såsom
647 561 252 30 statskontoret
916 560 128 35 anfört,
1062 560 55 30 får
1133 569 104 21 anses
1252 559 177 35 uteslutet,
1447 561 50 30 att
1516 560 101 30 stats-

110 613 119 29 verket
250 612 89 30 skall
358 612 123 30 kunna
501 619 124 32 genom
645 611 185 30 exekutiva
850 611 162 39 åtgärder
1032 611 127 30 bereda
1179 610 52 39 sig
1251 610 206 39 gottgörelse
1479 610 56 30 för
1555 618 62 22 ens

110 663 115 39 någon
243 663 54 29 del
317 672 41 20 av
378 662 53 30 sin
450 662 227 30 lånefordran
695 662 21 30 å
735 662 96 34 Orre,
850 671 104 21 anser
973 662 50 39 sig
1041 661 172 30 utskottet
1231 661 85 30 böra
1333 661 137 30 biträda
1489 660 126 39 Kungl.

109 714 124 39 Maj:ts
256 713 141 39 förslag.
419 713 178 30 Utskottet
619 712 202 30 hemställer
844 712 112 34 alltså,

464 799 51 28 att
535 797 187 39 riksdagen
741 796 59 31 må
819 796 170 40 medgiva,
1010 798 51 28 att
1082 797 133 29 statens
1235 796 11 29 i
1267 795 350 40 statsrådsprotokol-

419 848 46 30 let
491 849 81 29 över
598 847 302 30 handelsärenden
925 847 56 30 för
1007 847 68 29 den
1102 847 39 30 27
1169 846 157 30 februari
1353 846 84 30 1948
1465 846 151 39 angivna

419 898 149 40 kapital-
593 898 65 30 och
683 898 248 30 räntefordran
958 897 21 31 å
1004 897 201 31 direktören
1231 897 37 30 B.
1295 897 39 30 V.
1362 896 86 31 Orre
1475 896 59 30 må
1560 905 56 21 av-

419 949 147 30 skrivas.

154 1050 202 31 Stockholm
374 1050 67 29 den
462 1049 39 30 18
518 1049 80 40 juni
619 1049 94 30 1948.

603 1150 48 30 På
670 1150 279 30 statsutskottets
968 1150 146 38 vägnar:

688 1252 30 29 J.
745 1252 36 29 B.
808 1250 270 31 JOHANSSON.

153 1503 241 30 Närvarande:
416 1512 34 21 se
470 1503 111 30 under
601 1502 195 30 utlåtandet
815 1511 42 21 nr
880 1501 72 31 184.

139 2489 16 26 2
192 2492 110 30 Bihang
313 2491 42 25 till
366 2492 167 29 riksdagens
546 2491 143 30 protokoll
703 2492 73 24 1948.
798 2493 15 22 6
825 2492 79 24 saml.
926 2491 39 23 Nr
982 2490 142 25 184—191.
