1930 2862
377 202 101 26 Första
501 203 187 26 kammarens
709 204 115 33 tredje
844 205 147 33 tillfälliga
1014 205 123 25 utskotts
1157 205 149 27 utlåtande
1326 206 42 25 Nr
1385 207 24 25 4.
1592 208 12 25 1

829 399 65 39 Nr
921 400 39 38 4.

632 496 113 26 Ankom
768 497 43 25 till
832 497 171 33 riksdagens
1022 498 95 26 kansli
1138 498 55 25 den
1215 499 32 24 19
1268 507 75 17 mars
1364 499 67 25 1925
1451 500 38 25 kl.
1512 501 29 24 11
1564 500 18 26 f.
1604 508 36 18 m.

359 585 122 31 Första
497 587 215 29 kammarens
730 588 126 37 tredje
873 588 171 38 tillfälliga
1068 589 140 29 utskotts
1224 589 173 29 utlåtande
1419 591 14 27 i
1456 590 184 37 anledning

573 649 41 19 av
649 641 92 28 väckt
777 642 125 28 motion
938 650 53 20 om
1015 642 180 36 införande
1219 643 13 27 i
1256 642 307 39 ordningsstadgan
1585 644 56 36 för

571 694 200 37 riksdagens
803 694 111 36 första
948 695 173 29 kammare
1157 704 40 20 av
1233 695 227 30 bestämmelse
1495 706 53 20 om
1572 697 68 29 rätt

573 747 55 37 för
663 747 142 29 ledamot
840 757 41 20 av
916 748 198 29 kammaren
1150 749 46 29 att
1232 749 243 38 tillkännagiva
1503 751 58 28 sitt
1588 751 51 28 in-

572 802 212 28 stämmande
807 802 13 28 i
843 802 93 28 inom
959 802 199 29 kammaren
1182 801 101 31 hållet
1308 803 195 37 anförande.

190 895 15 29 I
241 905 39 20 en
316 896 87 30 inom
439 896 102 30 första
576 897 189 30 kammaren
789 898 106 37 väckt,
921 898 51 29 till
997 898 75 30 dess
1097 897 104 40 tredje
1225 898 163 39 tillfälliga
1411 900 129 30 utskott
1564 900 74 30 hän-

145 947 92 31 visad
262 949 131 37 motion,
418 959 39 20 nr
482 950 72 37 189,
572 950 59 30 har
654 950 74 30 herr
752 952 110 29 Rosén
885 961 42 19 m.
951 952 38 36 fl.
1016 951 176 36 hemställt,
1218 953 68 29 >att
1309 951 9 30 i
1343 952 296 39 ordningsstadgan

145 1001 49 30 för
228 1000 191 41 riksdagens
454 1003 103 30 första
604 1003 163 31 kammare
803 1005 101 29 måtte
940 1004 122 30 införas
1099 1014 40 20 en
1178 1005 237 38 bestämmelse,
1453 1006 184 38 varigenom

144 1054 143 31 ledamot
310 1066 41 20 av
367 1056 188 30 kammaren
579 1056 215 32 tillerkännes
817 1059 66 29 rätt
907 1059 50 29 att
981 1057 104 31 under
1100 1058 168 40 pågående
1292 1058 241 40 överläggning,
1556 1060 83 30 efter

145 1107 56 31 det
224 1110 50 28 att
297 1109 177 31 anförande
499 1110 122 37 hållits,
647 1111 70 30 från
741 1111 52 30 sin
816 1111 86 40 plats
932 1111 5 30 i
961 1112 189 30 kammaren
1174 1111 233 41 tillkännagiva
1423 1112 59 32 sitt
1506 1113 130 31 instäm-

145 1161 116 31 mande
285 1163 10 29 i
320 1162 213 32 detsamma».

188 1215 207 31 Beträffande
420 1217 235 40 motiveringen
681 1218 48 30 får
753 1219 163 30 utskottet
939 1218 136 31 hänvisa
1099 1218 52 31 till
1175 1220 174 30 motionen.

187 1322 68 37 Att,
291 1324 106 29 såsom
435 1323 8 30 i
480 1324 211 30 förevarande
709 1351 3 3 .
724 1324 124 31 motion
883 1325 147 38 föreslås,
1062 1335 117 29 genom
1202 1325 193 41 uttryckligt
1417 1327 217 39 stadgande
1613 1318 23 52 i

142 1375 204 31 kammarens
382 1376 273 40 ordningsstadga
679 1379 180 30 bestämma
883 1388 51 20 om
959 1380 67 28 rätt
1051 1379 49 29 för
1122 1378 145 31 ledamot
1290 1382 50 27 att
1364 1380 202 31 omedelbart
1589 1382 44 29 in-

142 1431 139 28 stämma
315 1429 9 30 i
359 1430 139 39 avgivna
533 1431 177 38 yttranden
745 1431 83 30 låter
862 1432 51 38 sig
948 1431 103 40 enligt
1081 1433 179 30 utskottets
1283 1432 132 40 mening
1438 1434 196 40 näppeligen

141 1487 87 34 göra,
269 1482 41 31 då
345 1482 91 31 detta
460 1483 72 31 icke
556 1484 93 30 torde
673 1486 52 29 stå
749 1484 9 30 i
783 1485 63 38 god
871 1486 328 30 överensstämmelse
1223 1486 73 30 med
1321 1486 63 30 den
1408 1488 11 29 i
1443 1486 20 39 $
1489 1489 42 29 52
1557 1488 77 30 riks-

142 1535 260 40 dagsordningen
431 1536 98 40 givna
555 1538 261 37 bestämmelsen,
842 1540 49 29 att
914 1538 182 31 ledamöter
1119 1549 40 21 av
1183 1540 187 30 kammaren
1394 1541 93 30 skola
1511 1542 124 30 erhålla

141 1589 93 30 ordet
269 1589 9 30 i
314 1590 62 30 den
401 1590 148 40 ordning,
576 1591 66 30 vari
667 1592 40 30 de
732 1592 123 30 anmält
878 1591 51 40 sig
953 1592 49 30 för
1025 1592 198 32 talmannen.
1271 1593 77 31 Icke
1371 1594 104 31 heller
1499 1595 65 31 kan
1588 1598 46 27 ut-

141 1643 126 30 skottet
302 1644 96 36 finna,
434 1646 50 28 att
518 1646 101 38 något
657 1647 104 28 större
786 1646 105 30 behov
914 1656 41 20 av
979 1646 64 31 den
1068 1646 183 40 föreslagna
1274 1647 225 40 anordningen
1524 1653 36 26 är
1584 1649 50 30 för

140 1696 140 37 handen,
315 1697 41 30 då
384 1707 40 20 en
454 1697 154 38 ledamot,
633 1708 69 21 som
726 1699 120 30 önskar
870 1699 175 31 instämma
1069 1699 10 30 i
1103 1702 49 28 ett
1175 1700 102 31 hållet
1300 1701 188 38 anförande,
1514 1703 121 30 likaväl

140 1749 84 31 lärer
257 1750 110 31 kunna
400 1755 79 34 göra
502 1751 93 31 detta
619 1762 117 29 genom
760 1754 50 29 att
834 1752 9 30 i
869 1751 109 41 vanlig
1002 1752 139 40 ordning
1165 1754 118 39 begära
1307 1754 93 31 ordet
1424 1755 49 30 för
1497 1758 50 28 att
1572 1756 61 31 till-

140 1802 182 40 kännagiva
345 1803 51 31 sin
419 1804 221 40 uppfattning.
688 1805 108 31 Sedan
820 1810 106 36 öppen
951 1806 203 41 omröstning
1177 1808 209 38 genomförts,
1411 1809 91 39 gives
1512 1809 121 40 jämväl

139 1857 130 30 tillfälle
294 1857 49 31 för
366 1857 88 40 varje
478 1858 145 31 ledamot
646 1861 50 28 att
721 1859 54 30 vid
799 1860 191 39 voteringen
1015 1858 236 42 tillkännagiva
1274 1861 51 31 sin
1349 1862 215 40 ståndpunkt.

184 1910 173 31 Utskottet
380 1911 48 31 får
452 1912 97 30 alltså
573 1912 183 35 hemställa,

502 1976 49 29 att
575 1975 211 31 förevarande
810 1974 123 32 motion
956 1975 72 31 icke
1053 1978 101 29 måtte
1176 1977 49 30 till
1247 1978 105 38 någon
1371 1978 205 32 kammarens
1589 1981 43 29 åt-

457 2027 79 40 gärd
561 2028 174 30 föranleda.

183 2089 188 30 Stockholm
396 2089 63 31 den
488 2091 38 29 19
551 2101 86 20 mars
664 2092 93 29 1925.

682 2171 46 31 På
753 2172 180 31 utskottets
957 2176 136 36 vägnar:

730 2252 38 30 K.
795 2262 61 20 von
881 2253 162 31 GEIJER.

181 2418 206 27 Närvarande:
405 2419 104 26 Herrar
528 2428 55 18 von
605 2420 105 34 Geijer,
731 2421 95 26 David
844 2422 179 32 Bergström,
1046 2422 124 33 Thulin",
1190 2423 83 26 G.W.
1294 2424 144 33 Hansson,
1453 2424 85 31 Dahl,
1553 2425 77 26 Hell-

394 2464 70 33 berg
483 2464 55 26 och
558 2465 31 26 P.
608 2465 28 26 J.
657 2465 184 34 Gustafsson.

181 2515 12 12 "
212 2516 31 33 Ej
265 2501 178 43 närvarande
464 2519 48 25 vid
534 2518 179 26 utlåtandets
732 2519 150 33 justering.

172 2587 115 33 Bihang
307 2589 43 25 till
369 2589 175 33 riksdagens
562 2590 147 32 protokoll
728 2591 77 26 1925.
844 2591 33 25 12
895 2591 84 26 saml.
1018 2592 18 25 3
1055 2592 64 26 avd.
1138 2593 18 24 3
1174 2593 73 33 häft.
1284 2592 55 32 (Nr
1357 2594 36 32 4)
1546 2596 45 25 1

1674 1345 157 26 Utskottets

1673 1381 145 32 yttrande.
