1872 2786
502 180 254 29 Statsutskottets
782 176 162 29 utlåtande
968 183 40 20 nr
1032 175 17 27 4
1074 174 37 28 år
1136 173 75 28 1956
1557 170 41 30 41

112 266 110 30 måtte
247 264 193 31 nedskäras
463 262 80 30 med
568 260 149 40 tillhopa
741 257 64 31 250
830 256 166 40 miljoner
1020 255 133 29 kronor
1176 252 66 31 och
1267 252 53 30 att
1343 248 259 32 vederbörande

114 320 137 30 utskott
275 318 108 30 måtte
407 315 195 39 framlägga
625 312 133 39 förslag
779 311 114 30 under
915 309 96 30 vilka
1036 317 42 21 av
1102 305 206 32 förberörda
1330 303 124 40 anslag
1476 301 129 40 ifråga-

115 372 154 31 varande
294 370 245 38 minskningar
561 368 65 30 bör
650 367 65 39 äga
738 374 90 21 rum.

174 479 167 39 Anslaget
368 477 53 30 till
449 474 231 39 anskaffning
706 481 44 22 av
776 469 274 43 vapenmateriel
1078 477 46 21 m.
1152 476 46 21 m.
1228 467 39 29 är
1294 465 11 29 i
1333 464 191 30 riksstaten
1552 462 55 30 för

117 533 151 41 löpande
290 531 169 39 budgetår
483 529 167 40 upptaget
674 526 80 30 med
778 525 41 30 90
844 523 166 40 miljoner
1032 522 132 30 kronor
1188 520 81 30 med
1293 520 48 29 ett
1364 516 244 39 beställnings-

118 585 281 40 bemyndigande
419 584 45 40 på
486 590 135 22 samma
643 580 136 39 belopp.

175 636 376 39 Marinförvaltningen
576 632 203 32 hemställer
805 631 56 31 för
885 631 103 29 nästa
1012 627 171 41 budgetår
1208 636 60 20 om
1293 627 49 29 ett
1366 623 245 39 beställnings-

119 690 281 41 bemyndigande
419 698 42 21 av
482 687 61 31 100
563 687 167 40 miljoner
748 685 131 30 kronor
900 684 93 29 samt
1011 683 50 29 ett
1080 681 123 39 anslag
1223 689 42 21 av
1284 678 43 31 90
1347 677 165 40 miljoner
1532 676 80 30 kro-

120 755 65 21 nor
203 745 57 31 för
278 744 143 31 fortsatt
439 741 232 39 anskaffning
690 740 97 30 inom
806 746 124 22 ramen
949 736 56 31 för
1025 734 178 32 fastställd
1223 733 94 41 plan.
1349 730 264 32 Ämbetsverket

121 799 187 34 förklarar,
334 798 51 30 att
409 795 200 41 tidrymden
633 794 57 30 för
714 793 129 40 planen
868 790 158 40 uttänjes
1050 789 60 30 vid
1135 797 44 21 en
1205 784 340 42 anslagstilldelning
1570 792 43 21 av

121 853 43 31 90
196 852 167 40 miljoner
395 851 141 29 kronor.
570 848 80 30 Med
683 847 139 39 hänsyn
855 845 54 30 till
932 845 51 30 att
1005 843 97 30 detta
1123 842 127 40 belopp
1272 840 12 30 i
1307 837 188 33 huvudsak
1517 838 97 30 över-

122 907 234 30 ensstämmer
383 904 80 30 med
489 903 67 30 vad
583 900 334 32 överbefälhavaren
943 897 12 31 i
983 897 78 30 sina
1087 894 180 40 riktlinjer
1294 893 129 30 räknat
1450 891 80 31 med
1559 890 55 30 för

123 961 103 30 nästa
250 958 181 40 budgetår,
457 956 65 31 har
547 953 380 39 marinförvaltningen
952 950 108 31 likväl
1086 949 117 31 ansett
1230 948 52 39 sig
1308 947 85 30 böra
1418 943 196 32 inskränka

124 1014 61 30 sitt
206 1011 299 41 anslagsäskande
527 1009 52 31 till
602 1008 42 31 90
666 1007 166 40 miljoner
854 1005 142 30 kronor.

178 1064 395 43 Departementschefen
593 1063 132 30 räknar
745 1061 55 30 för
820 1061 103 29 nästa
942 1056 171 41 budgetår
1133 1056 81 30 med
1232 1056 54 29 att
1305 1051 228 33 förevarande
1555 1059 60 22 an-

125 1121 74 39 slag
216 1120 168 40 uppföres
400 1118 80 30 med
497 1117 40 30 85
555 1116 166 39 miljoner
737 1114 132 30 kronor
884 1112 67 30 och
968 1110 149 31 föreslår
1132 1109 120 30 vidare
1267 1108 53 30 att
1334 1104 281 41 bemyndigande

125 1174 138 30 lämnas
291 1174 51 29 att
369 1172 141 38 utlägga
535 1168 202 42 ytterligare
763 1165 253 39 beställningar
1042 1173 44 21 av
1112 1160 274 42 vapenmateriel
1412 1168 46 21 m.
1486 1167 46 21 m.
1560 1157 56 30 för

125 1228 49 29 ett
191 1227 128 39 belopp
337 1234 43 22 av
399 1233 135 22 samma
553 1222 142 31 storlek.
725 1216 509 42 Beställningsverksamheten
1252 1215 63 30 bör
1333 1212 108 40 enligt
1460 1212 157 39 departe-

126 1279 244 31 mentschefen
396 1279 64 38 äga
486 1286 80 21 rum
591 1276 46 40 på
663 1273 172 42 grundval
861 1281 42 22 av
930 1270 238 40 föreliggande
1194 1269 85 40 plan
1305 1267 55 30 för
1386 1264 231 40 anskaffning

126 1343 43 21 av
192 1331 273 42 vapenmateriel
489 1339 45 21 m.
559 1338 46 21 m.

182 1387 67 30 Vid
273 1385 101 31 bifall
399 1385 53 30 till
477 1383 166 39 förslaget
669 1382 159 29 kommer
853 1380 69 29 den
947 1377 41 31 30
1012 1377 80 40 juni
1120 1375 84 30 1957
1229 1372 306 41 bemyndiganden
1559 1380 58 20 om

127 1439 235 39 sammanlagt
382 1438 105 33 206,24
505 1436 166 39 miljoner
691 1435 130 29 kronor
842 1433 51 29 att
914 1431 111 30 sakna
1045 1428 169 40 täckning
1232 1436 44 22 av
1295 1420 323 50 betalningsmedel.

185 1545 186 31 Utskottet.
401 1544 78 30 Med
497 1542 176 31 förmälan
689 1542 54 29 att
759 1537 322 40 anskaffningarna
1098 1536 113 30 under
1231 1535 101 29 nästa
1350 1531 170 41 budgetår
1536 1540 83 21 avse

128 1599 169 34 materiel,
321 1607 75 21 som
419 1599 38 28 är
479 1597 178 39 upptagen
679 1594 11 29 i
713 1594 68 30 den
803 1602 42 20 av
869 1591 84 30 1953
977 1591 58 29 års
1057 1589 144 39 riksdag
1221 1589 155 37 antagna
1398 1585 222 40 vapenmate-

128 1652 196 41 rielplanen
347 1651 55 30 för
427 1650 169 33 marinen,
622 1648 117 30 finner
762 1646 173 30 utskottet
959 1644 52 39 sig
1033 1643 87 30 böra
1143 1641 178 40 tillstyrka
1344 1639 126 39 Kungl.
1495 1637 125 40 Maj:ts

130 1706 133 39 förslag
289 1714 57 21 om
372 1699 510 42 beställningsbemyndigande
910 1697 65 31 och
1002 1694 267 41 anslagsmedel.
1307 1694 103 29 Detta
1436 1691 147 31 innebär
1610 1691 11 29 i

130 1758 221 32 förhållande
371 1758 52 29 till
442 1756 148 40 löpande
608 1753 170 40 budgetår
798 1762 43 21 en
861 1751 176 38 sänkning
1055 1759 42 21 av
1116 1748 97 31 såväl
1231 1745 295 41 bemyndigandet
1545 1753 76 21 som

132 1812 157 39 anslaget
313 1811 79 29 med
416 1809 162 30 vartdera
603 1808 18 29 5
647 1807 165 39 miljoner
836 1806 141 29 kronor.

186 1865 220 30 Motionerna
427 1863 29 29 I:
472 1862 63 30 403
556 1861 67 30 och
645 1861 46 29 II:
707 1859 74 35 485,
805 1867 75 21 som
901 1858 80 29 med
1004 1856 171 30 avseende
1197 1854 20 30 å
1239 1853 157 39 anslaget
1419 1852 53 30 stå
1494 1851 11 30 i
1526 1852 96 29 över-

133 1917 266 32 ensstämmelse
428 1916 79 30 med
535 1914 127 39 Kungl.
691 1913 124 39 Maj:ts
845 1911 142 38 förslag,
1016 1908 206 39 tillstyrkas.
1263 1907 109 29 Dessa
1400 1904 183 34 motioner,
1613 1904 11 28 i

131 1972 68 30 vad
222 1971 108 40 gäller
351 1965 537 42 beställningsbemyndigandet,
912 1962 185 40 avstyrkas
1121 1961 128 30 liksom
1272 1959 220 30 motionerna
1515 1958 29 29 I:
1560 1956 65 30 404

132 2025 66 30 och
220 2024 46 30 II:
282 2023 74 34 483,
380 2023 104 29 såvitt
505 2031 47 20 nu
576 2022 38 29 är
636 2020 10 29 i
669 2019 109 39 fråga.

189 2078 176 30 Utskottet
389 2075 212 33 hemställer,

446 2130 50 28 att
516 2128 189 37 riksdagen
726 2125 67 34 må,
816 2124 79 30 med
917 2123 100 30 bifall
1039 2122 53 29 till
1114 2121 126 39 Kungl.
1263 2119 124 40 Maj:ts
1410 2118 130 39 förslag
1561 2117 64 29 och

401 2182 221 30 motionerna
648 2180 29 29 I:
693 2179 64 29 403
783 2178 65 29 och
875 2177 45 29 II:
937 2176 74 33 485,
1038 2175 11 29 i
1074 2175 67 29 vad
1167 2174 42 30 de
1234 2182 82 21 avse
1342 2172 166 38 anslaget,
1536 2172 91 28 samt

403 2235 79 30 med
509 2234 118 38 avslag
654 2233 20 29 å
702 2240 135 21 samma
865 2229 182 33 motioner,
1075 2228 11 28 i
1113 2227 67 29 vad
1207 2227 42 29 de
1275 2234 82 21 avse
1384 2224 244 38 beställnings-

403 2286 304 40 bemyndigandet,
735 2284 64 29 och
827 2282 221 31 motionerna
1075 2281 28 28 1:
1120 2279 64 30 404
1211 2279 65 29 och
1303 2279 45 28 II:
1365 2278 74 33 483,
1467 2273 161 47 samtliga

404 2341 170 29 motioner
600 2338 105 30 såvitt
730 2346 47 20 nu
803 2337 38 29 är
866 2335 11 30 i
902 2335 109 38 fråga,

447 2394 35 32 a)
512 2391 209 40 bemyndiga
744 2389 126 39 Kungl.
893 2388 106 39 Maj:t
1020 2389 52 28 att
1095 2385 158 39 medgiva
1276 2384 209 38 utläggande
1508 2392 42 20 av
1571 2382 56 30 be-

406 2446 206 37 ställningar
638 2445 19 28 å
683 2441 271 41 vapenmateriel
982 2449 44 20 m.
1053 2449 45 20 m.
1124 2438 95 29 inom
1246 2447 42 20 en
1314 2437 247 29 kostnadsram
1589 2444 41 20 av

406 2500 40 29 85
461 2498 62 30 000
538 2498 62 29 000
626 2497 145 33 kronor;
