1874 2786
525 179 252 27 Statsutskottets
804 177 161 28 utlåtande
991 185 39 18 nr
1054 177 16 26 4
1096 177 35 27 år
1157 176 75 27 1956
1579 176 45 31 59

133 260 119 30 mälan
270 269 41 21 av
330 260 68 30 För
416 259 90 30 flera
524 258 218 30 huvudtitlar
762 265 261 32 gemensamma
1042 256 118 39 frågor
1179 255 150 30 föreslår
1347 255 275 39 departements-

131 313 127 31 chefen
277 315 51 29 att
347 313 157 40 tjänsten
526 312 55 30 för
600 312 230 29 rustmästare
849 311 12 29 i
883 310 46 31 Ca
944 309 41 30 14
1005 309 196 41 uppflyttas
1223 308 53 30 till
1296 308 47 30 Ca
1358 308 50 30 17.

188 368 14 29 I
220 367 159 40 gällande
397 365 389 41 personalförteckning
805 364 55 30 för
877 363 263 31 armémuseum
1157 362 100 30 finns
1275 361 154 41 uppförd
1450 370 44 21 en
1512 361 111 40 tjänst

133 421 56 30 för
208 422 231 29 rustmästare
460 420 12 30 i
495 419 46 31 Ca
556 419 38 30 17
618 419 44 40 på
683 418 273 40 övergångsstat.
979 417 53 30 Då
1052 416 241 31 innehavaren
1315 424 43 21 av
1379 415 159 39 tjänsten
1560 423 63 21 nu-

133 483 97 21 mera
246 474 119 40 avgått
381 474 75 30 kan
474 473 157 40 tjänsten
649 472 84 40 utgå
752 481 43 21 ur
813 470 444 41 personalförteckningen.

188 527 126 40 Övriga
338 526 420 39 kostnadsförändringar
777 527 61 29 äro
854 534 43 21 av
913 523 218 32 automatisk
1149 525 114 28 natur.

190 615 185 31 Utskottet.
404 616 117 30 Under
539 615 142 30 erinran
696 624 58 20 om
770 615 51 29 att
837 614 190 38 riksdagen
1044 621 147 21 numera
1207 611 130 30 bifallit
1354 610 126 40 Kungl.
1499 610 124 39 Maj:ts

133 669 133 40 förslag
284 670 112 29 under
416 669 116 40 bilaga
552 668 18 30 2
592 668 53 30 till
664 668 92 30 årets
778 665 423 41 statsverksproposition,
1224 664 105 32 såvitt
1349 673 48 21 nu
1419 665 38 29 är
1479 663 11 29 i
1513 663 109 40 fråga,

132 723 194 40 tillstyrker
349 723 173 29 utskottet
546 722 64 29 här
635 720 196 40 framlagda
856 718 389 42 personalförteckning
1270 717 63 30 och
1358 716 266 40 anslagsberäk-

135 776 135 41 ningar.

189 830 177 30 Utskottet
390 829 212 34 hemställer,

445 884 51 29 att
520 882 189 40 riksdagen
732 881 58 30 må

444 936 36 34 a)
510 936 74 30 dels
599 936 47 40 på
664 933 433 42 personalförteckningen
1115 933 56 30 för
1191 932 262 31 armémuseum
1472 931 151 40 uppföra

400 999 43 21 en
467 990 112 40 tjänst
599 990 59 29 för
680 989 231 30 rustmästare
935 988 11 29 i
971 987 166 39 lönegrad
1162 986 47 30 Ca
1224 986 50 34 17,
1297 985 75 31 dels
1397 985 66 30 ock
1487 994 43 20 ur
1554 984 70 30 för-

400 1044 210 38 teckningen
628 1042 153 30 utesluta
799 1051 42 20 en
859 1041 113 40 tjänst
987 1041 58 30 för
1059 1041 232 29 rustmästare
1308 1039 11 30 i
1336 1039 168 39 lönegrad
1522 1037 46 31 Ca
1583 1037 40 30 14

400 1099 93 28 samt
520 1106 43 20 en
589 1096 45 41 på
660 1095 264 40 övergångsstat
951 1094 154 40 uppförd
1132 1094 113 39 tjänst
1272 1093 55 30 för
1353 1093 232 29 rustmästare
1613 1091 10 29 i

401 1151 166 39 lönegrad
592 1149 47 30 Ca
653 1149 54 34 17;

443 1204 39 34 b)
512 1203 175 30 fastställa
719 1202 158 39 följande
907 1201 255 39 avlöningsstat
1194 1200 56 30 för
1280 1199 272 33 armémuseum,
1575 1199 49 29 att

401 1258 177 39 tillämpas
600 1256 71 30 tills
693 1256 118 30 vidare
834 1255 80 30 från
937 1254 65 31 och
1024 1254 80 30 med
1125 1253 206 40 budgetåret
1356 1252 157 31 1956/57:

843 1352 336 39 Avlöningsstat

937 1423 150 39 Utgifter

402 1489 28 29 1.
456 1487 213 39 Avlöningar
702 1486 51 29 till
787 1485 175 30 ordinarie
995 1484 227 40 tjänstemän,
1254 1482 204 40 förslagsvis
1506 1481 119 30 99400

401 1541 29 30 2.
456 1541 136 30 Arvode
623 1540 54 29 till
707 1539 232 41 pensionerad
971 1537 163 41 personal
1154 1537 12 30 i
1187 1536 273 31 arvodesbefatt-

456 1594 95 40 ning,
570 1592 204 41 förslagsvis
799 1613 657 9 .......s.s.sessessessess06sore0reresrrnn
1376 1587 84 51 senere
1509 1588 39 30 18
1562 1587 63 31 350

402 1648 30 30 3.
457 1647 214 40 Avlöningar
695 1646 52 30 till
771 1645 96 40 övrig
891 1644 270 31 icke-ordinarie
1184 1643 164 41 personal
1377 1666 80 7 ......
1507 1642 42 30 26
1562 1641 63 31 500

400 1701 29 31 4,
455 1701 135 39 Rörligt
611 1701 129 39 tillägg,
762 1698 187 41 förslagvis
976 1719 480 9 nsessesesesereserenerr
1333 1694 35 50 enn
1374 1694 85 50 renar
1506 1695 40 30 35
1561 1694 63 31 850

1160 1760 144 30 Summa
1329 1759 132 30 kronor
1486 1758 62 30 180
1564 1757 62 30 100

761 1859 181 31 Särskilda
969 1857 295 41 uppbördsmedel

406 1922 295 34 Pensionsmedel,
733 1920 206 41 förslagsvis
974 1942 481 8 mmisssessssserrrrernrnrer
1345 1916 37 49 ren
1391 1916 19 49 nr
1418 1916 41 49 rn
1506 1917 41 30 14
1563 1917 62 30 100

1093 1981 211 40 Nettoutgift
1329 1981 131 29 kronor
1487 1980 61 30 166
1561 1980 65 30 000

448 2074 35 34 c)
514 2073 52 30 till
597 2072 286 31 Armémuseum:
915 2071 216 38 Avlöningar
1161 2071 55 30 för
1246 2069 205 40 budgetåret
1485 2068 140 32 1956/57

404 2127 121 30 anvisa
549 2128 50 29 ett
622 2125 274 40 förslagsanslag
920 2134 43 21 av
989 2124 61 30 166
1064 2123 63 30 000
1152 2124 142 29 kronor.

195 2224 118 34 122:0)
342 2225 290 30 Armémuseum:
654 2223 273 32 Omkostnader.
962 2221 13 29 I
996 2220 153 39 enlighet
1169 2220 79 30 med
1269 2220 125 38 Kungl.
1416 2219 125 39 Maj:ts
1560 2218 70 30 för-

139 2277 74 40 slag
237 2277 131 40 (punkt
389 2277 73 33 133,
485 2285 25 20 s.
531 2275 96 35 204),
647 2275 238 29 innebärande
906 2283 43 20 en
969 2283 42 20 av
1033 2273 108 39 höjda
1160 2273 271 39 järnvägstaxor
1450 2272 65 29 och
1535 2272 94 29 städ-

139 2331 98 30 löner
262 2331 91 28 samt
377 2329 244 38 belastningen
647 2328 183 30 föranledd
857 2326 291 40 anslagshöjning
1175 2335 41 20 av
1243 2325 96 29 8000
1366 2325 141 33 kronor,
1534 2325 96 29 hem-

140 2383 118 31 ställer
284 2383 179 33 utskottet,

449 2437 52 28 att
520 2435 187 38 riksdagen
728 2433 57 30 må
805 2433 52 30 till
878 2432 287 30 Armémuseum:
1189 2431 260 30 Omkostnader
1470 2431 54 29 för
1545 2431 85 29 bud-

406 2488 132 40 getåret
558 2487 137 31 1956/57
714 2487 121 30 anvisa
853 2488 48 28 ett
919 2485 275 40 förslagsanslag
1210 2494 42 20 av
1270 2484 40 30 45
1325 2483 63 31 000
1407 2484 139 29 kronor.
