1872 2778
270 167 43 31 56
661 170 253 29 Statsutskottets
941 173 161 28 utlåtande
1127 183 39 18 nr
1191 175 17 27 4
1233 175 35 28 år
1294 176 75 28 1956

325 246 166 40 Anslaget
520 249 38 29 är
587 249 54 29 för
668 250 236 32 innevarande
933 252 171 40 budgetår
1131 255 146 39 uppfört
1305 257 80 30 med
1414 257 13 29 2
1447 257 63 30 400
1525 258 63 30 000
1616 259 141 31 kronor.

322 299 116 40 Enligt
462 301 405 40 departementschefens
889 305 237 41 beräkningar
1147 308 63 29 bör
1232 309 158 40 anslaget
1412 310 122 31 kunna
1556 307 201 50 begränsas,

268 352 43 29 då
333 353 249 40 utbyggnaden
608 365 42 20 av
673 356 258 40 berghangarer
954 359 66 30 och
1046 360 204 40 flygplatser
1275 363 98 30 torde
1399 363 36 30 få
1461 364 61 30 ske
1546 365 12 29 i
1583 365 174 40 långsam-

267 414 95 21 mare
400 407 78 29 takt
517 408 44 29 än
600 409 333 41 flygförvaltningen
962 412 177 32 förutsatt.
1178 414 127 31 Härtill
1333 416 159 31 kommer
1521 420 50 28 att
1599 419 157 40 departe-

267 459 242 31 mentschefen
534 462 77 29 icke
636 471 47 21 nu
710 465 56 28 tar
792 464 166 41 ställning
984 466 54 30 till
1063 467 42 30 de
1131 477 42 20 av
1199 469 333 32 överbefälhavaren
1559 472 196 41 framlagda

266 511 225 40 riktlinjerna
514 515 55 29 för
590 515 260 40 krigsmaktens
872 518 165 31 fortsatta
1059 520 210 40 utbyggnad,
1292 522 244 33 innefattande
1557 534 44 21 en
1623 522 132 48 ökning

265 574 41 20 av
339 566 131 30 antalet
504 568 167 40 flygplan.
705 570 394 40 Departementschefen
1132 574 149 30 föreslår
1313 577 51 29 att
1397 577 157 40 anslaget
1586 579 168 40 uppföres

265 619 78 29 med
361 621 48 27 ett
427 620 128 40 belopp
572 630 42 21 av
632 622 18 30 2
665 622 63 30 000
743 623 63 30 000
824 624 140 31 kronor.
995 626 66 30 Det
1079 627 206 32 förutsättes
1302 629 36 30 få
1356 630 191 31 ankomma
1564 632 46 40 på
1627 633 126 40 Kungl.

264 671 105 40 Maj:t
396 675 51 27 att
474 674 10 28 i
511 675 117 39 vanlig
654 676 149 40 ordning
830 678 195 31 bestämma
1051 689 57 20 om
1136 682 538 40 anskaffningsverksamhetens
1702 686 51 30 in-

264 724 164 41 riktning.

318 832 176 30 Utskottet
517 843 102 21 anser
642 837 51 38 sig
716 837 119 30 kunna
860 839 148 39 godtaga
1031 840 125 40 Kungl.
1181 841 123 40 Maj:ts
1329 842 131 41 förslag
1483 844 52 30 till
1558 846 194 30 medelsan-

261 884 138 41 visning
420 887 66 29 och
508 887 64 30 har
593 888 75 30 icke
690 889 105 40 något
815 892 51 29 att
888 891 117 31 erinra
1025 896 73 27 mot
1119 896 51 28 att
1192 895 57 30 det
1270 895 54 30 får
1346 897 191 30 ankomma
1559 898 44 40 på
1624 899 126 40 Kungl.

261 937 105 40 Maj:t
388 941 51 28 att
462 940 195 31 bestämma
680 951 57 21 om
762 944 539 40 anskaffningsverksamhetens
1325 949 206 41 inriktning.

316 992 177 30 Utskottet
518 994 211 36 hemställer,

570 1049 50 28 att
652 1049 188 40 riksdagen
872 1051 58 30 må
963 1052 53 30 till
1047 1053 231 40 Flygvapnet:
1311 1056 242 41 Anskaffning
1584 1068 42 20 av
1659 1059 92 30 driv-

524 1101 338 42 medelsutrustning
888 1104 55 30 för
969 1105 205 40 budgetåret
1203 1107 140 32 1956/57
1372 1111 122 29 anvisa
1521 1112 49 29 ett
1596 1121 153 22 reserva-

524 1155 217 40 tionsanslag
765 1165 41 21 av
831 1157 18 29 2
864 1156 63 31 000
942 1157 64 31 000
1031 1159 140 31 kronor.

314 1258 117 34 116:0)
461 1260 229 41 Flygvapnet:
718 1262 144 42 Ökning
886 1276 42 20 av
952 1266 410 42 drivmedelslagringen.
1401 1270 126 40 Kungl.
1554 1271 106 40 Maj:t
1684 1272 65 30 har

260 1310 178 41 föreslagit
469 1313 188 40 riksdagen
691 1315 131 40 (punkt
853 1317 71 35 126,
956 1328 26 20 s.
1015 1318 61 31 197
1105 1320 66 30 och
1203 1320 79 35 198)
1315 1324 51 28 att
1397 1323 52 29 till
1479 1319 268 50 ifrågavarande

257 1364 163 30 ändamål
441 1365 57 30 för
520 1367 204 39 budgetåret
748 1369 140 31 1956/57
912 1371 122 30 anvisa
1058 1374 48 28 ett
1127 1374 358 42 reservationsanslag
1507 1387 43 20 av
1572 1378 18 29 5
1605 1377 63 31 000
1682 1378 64 31 000

256 1417 138 30 kronor.

311 1524 166 41 Anslaget
505 1527 39 29 är
573 1528 54 29 för
655 1528 238 32 innevarande
920 1531 171 40 budgetår
1119 1533 144 41 uppfört
1291 1536 78 30 med
1400 1536 17 30 3
1433 1536 64 31 000
1511 1537 63 31 000
1603 1538 141 32 kronor.

309 1578 14 29 I
347 1579 153 30 särskild
525 1580 165 31 skrivelse
715 1582 68 30 den
808 1583 39 30 13
870 1585 142 39 augusti
1039 1585 83 31 1953
1147 1587 172 31 framlade
1343 1589 335 42 flygförvaltningen
1701 1601 43 22 en

253 1631 83 38 plan
354 1631 55 30 för
427 1632 134 41 ökning
578 1643 43 21 av
638 1635 300 41 lagerhållningen
955 1648 44 20 av
1017 1639 191 31 drivmedel
1226 1642 111 29 under
1356 1642 216 40 budgetåren
1591 1644 152 33 1954/58.

252 1684 68 30 För
347 1684 207 41 budgetåret
587 1687 139 32 1954/55
757 1689 168 40 begärdes
956 1692 180 40 samtidigt
1168 1693 81 35 10,08
1278 1695 165 40 miljoner
1473 1697 131 30 kronor
1627 1698 115 41 (prop.

255 1736 143 36 1954:1,
425 1738 59 31 bil.
512 1740 30 34 6,
570 1750 25 20 s.
625 1741 94 34 144).
758 1743 68 29 För
851 1743 206 41 budgetåret
1085 1746 141 32 1955/56
1253 1749 222 31 redovisades
1502 1750 10 29 i
1539 1751 129 40 planen
1693 1754 49 29 ett

252 1791 244 30 medelsbehov
523 1802 42 21 av
591 1795 59 33 4,32
675 1795 166 39 miljoner
867 1797 142 31 kronor.
1046 1799 68 30 För
1139 1799 271 41 tillgodoseende
1438 1812 41 21 av
1506 1804 149 31 sålunda
1681 1815 61 21 an-

250 1844 117 30 mälda
388 1845 114 30 behov
525 1846 65 30 har
612 1848 52 29 till
687 1848 65 30 och
776 1850 79 29 med
878 1850 237 32 innevarande
1139 1853 170 40 budgetår
1334 1855 66 35 10,0
1421 1856 166 40 miljoner
1610 1858 131 31 kronor

250 1896 154 31 anvisats
435 1898 68 40 (jfr
528 1909 97 31 prop.
652 1901 145 36 1955:1,
822 1902 58 31 bil.
905 1904 30 34 6,
961 1914 26 20 s.
1015 1905 94 34 171).

305 1950 347 43 Flygförvaltningen
670 1954 212 41 framlägger
899 1966 47 21 nu
965 1958 11 29 i
996 1959 151 31 särskild
1166 1960 167 31 skrivelse
1351 1962 67 30 den
1438 1963 39 29 12
1496 1965 140 39 augusti
1656 1964 83 32 1955

249 2012 43 21 en
309 2004 83 40 plan
410 2004 56 30 för
483 2006 132 40 ökning
633 2016 42 21 av
693 2007 300 43 lagerhållningen
1011 2021 42 20 av
1071 2012 190 32 drivmedel
1279 2014 56 30 för
1351 2015 216 40 budgetåren
1587 2017 152 33 1956/60.

249 2056 65 30 Det
341 2059 266 39 sammanlagda
632 2060 148 31 behovet
807 2072 42 20 av
876 2063 256 42 lagerhållning
1158 2075 42 21 av
1227 2067 191 31 drivmedel
1445 2070 65 30 har
1537 2071 107 40 enligt
1671 2072 69 30 den

249 2118 46 21 nu
321 2110 198 41 framlagda
544 2113 128 39 planen
697 2114 102 31 ökats
824 2116 187 41 väsentligt
1036 2119 11 29 i
1074 2118 220 33 förhållande
1320 2122 52 29 till
1397 2123 67 30 vad
1490 2132 75 21 som
1591 2124 147 41 tidigare

248 2163 149 40 angivits
432 2165 231 41 erforderligt.
700 2167 185 42 Ökningen
919 2170 161 40 betingas
1114 2172 74 31 dels
1222 2183 44 20 av
1301 2175 218 40 övergången
1555 2177 52 30 till
1642 2187 97 22 mera

246 2216 321 33 bränslekrävande
589 2220 260 41 flygplantyper
871 2223 96 30 inom
991 2233 121 21 ramen
1135 2225 55 31 för
1213 2227 57 30 det
1292 2228 183 41 befintliga
1497 2231 132 30 antalet
1650 2232 88 40 flyg-

247 2270 92 39 plan,
368 2271 73 30 dels
469 2273 66 29 ock
563 2282 42 20 av
631 2282 43 21 en
701 2274 168 40 planerad
897 2277 174 40 utökning
1097 2288 42 20 av
1166 2279 343 41 flygplanbeståndet
1536 2284 107 40 enligt
1670 2286 67 30 vad

248 2331 75 22 som
351 2324 187 31 förutsatts
565 2327 11 28 i
604 2327 352 33 överbefälhavarens
983 2330 188 41 riktlinjer.
1210 2333 68 30 För
1306 2335 101 30 nästa
1434 2335 169 41 budgetår
1632 2338 105 31 äskar

246 2375 336 43 flygförvaltningen
607 2381 49 28 ett
682 2381 121 40 anslag
830 2391 43 21 av
900 2382 97 31 8000
1011 2383 64 31 000
1101 2385 140 31 kronor.

300 2430 395 40 Departementschefen
717 2434 136 30 erinrar
873 2444 57 22 om
952 2438 52 29 att
1025 2437 71 30 han
1117 2439 76 30 icke
1216 2449 47 21 nu
1287 2442 96 38 tager
1404 2442 167 41 ställning
1591 2444 53 30 till
1666 2445 70 31 frå-

245 2490 67 32 gan
338 2492 56 21 om
421 2484 462 42 försvarsorganisationens
910 2490 221 41 utformning
1157 2492 45 40 på
1227 2493 119 40 längre
1373 2495 80 30 sikt.
1492 2496 78 31 Med
1596 2497 139 41 hänsyn
