2166 2648
709 164 231 41 Lagutskottets
963 164 161 29 memorial
1148 163 50 30 Nr
1242 166 32 27 42.
1744 163 18 30 d

330 252 185 36 Utskottet
555 253 221 42 hemställer,
819 256 54 30 att
915 251 112 35 första
1068 251 207 34 kammaren
1322 252 6 32 i
1365 250 120 34 denna
1518 249 55 35 del
1607 253 115 32 mätte
1750 249 55 35 bi-

194 303 103 36 träda
326 303 114 35 andra
468 303 229 35 kammarens
726 303 131 34 beslut.

927 455 19 31 6
978 451 105 35 KAP.

328 537 252 56 Överskriften.
637 544 203 35 Utskottets
870 543 137 45 förslag
1036 543 64 34 har
1132 556 42 21 av
1202 542 115 35 andra
1346 543 206 34 kammaren
1582 542 182 44 godkänts
1796 543 6 32 i

194 594 215 38 oförändrat
453 594 112 43 skick,
611 599 161 30 varemot
815 593 117 35 första
975 594 208 34 kammaren
1230 591 139 36 bifallit
1413 591 174 47 förslaget
1620 591 83 35 med
1734 592 68 35 den

193 645 169 47 ändring,
388 649 54 31 att
468 644 104 35 ordet
599 645 241 46 »separation»
870 643 144 48 utbytts
1043 649 76 29 mot
1147 642 291 36 »hemskillnad>.

328 695 13 35 I
372 696 216 46 anslutning
614 695 56 34 till
699 694 69 35 vad
795 694 180 35 utskottet
1002 694 66 34 här
1095 706 90 22 ovan
1214 693 62 35 vid
1305 695 19 32 2
1354 693 81 47 kap.
1464 695 18 32 2
1504 692 22 43 $
1546 691 134 45 anfört,
1703 693 101 33 hem-

194 747 124 34 ställer
363 746 189 42 utskottet,
594 751 54 29 att
688 745 109 35 andra
841 745 209 35 kammaren
1094 747 112 32 måtte
1249 745 9 33 i
1287 743 118 35 denna
1433 743 57 34 del
1520 742 143 35 biträda
1690 741 115 36 första

195 797 229 35 kammarens
452 796 131 35 beslut.

330 848 19 34 7
384 845 36 45 $.
476 846 127 35 Första
630 846 209 35 kammaren
870 846 65 33 har
961 845 163 47 godkänt
1153 845 200 34 utskottets
1382 843 139 46 förslag
1548 844 12 34 i
1588 842 217 36 oförändrat

195 898 111 42 skick,
347 902 164 30 varemot
550 896 115 35 andra
705 897 211 33 kammaren
957 871 139 74 antagit
1133 894 176 47 förslaget
1337 894 83 35 med
1448 874 70 54 den
1545 893 150 49 lydelse,
1725 905 79 23 som

195 924 208 69 föreslagits
448 960 44 22 av
537 947 126 35 herrar
702 945 154 36 Persson
897 946 9 34 i
936 927 235 64 Norrköping
1200 926 68 53 och
1299 944 187 46 Lindqvist
1513 945 12 33 i
1553 935 212 44 Stockholm
1793 944 11 33 i

195 997 69 36 den
292 1010 45 23 av
365 997 83 35 dem
475 998 166 46 avgivna,
672 996 63 35 vid
762 994 216 60 paragrafen
1007 995 133 47 fogade
1168 996 287 34 reservationen.

328 1048 190 36 Utskottet
557 1047 67 35 har
651 1051 120 31 ansett
799 1047 57 47 sig
882 1046 88 35 böra
998 1026 199 62 hemställa,
1228 1050 53 30 att
1309 1045 113 35 andra
1452 1045 211 34 kammaren
1692 1046 114 33 måtte

196 1098 143 36 biträda
366 1098 114 36 första
509 1099 228 34 kammarens
765 1097 133 35 beslut.

331 1149 26 35 2
384 1150 62 35 och
472 1149 25 35 4
523 1147 64 46 $$.
642 1147 127 36 Första
796 1147 212 36 kammaren
1035 1147 66 34 har
1127 1146 162 48 godkänt
1318 1147 199 34 utskottets
1545 1144 150 48 förslag,
1724 1157 82 22 var-

197 1205 98 30 emot
334 1199 115 36 andra
488 1199 211 35 kammaren
740 1197 138 36 bifallit
905 1198 44 35 de
977 1198 61 35 vid
1066 1197 105 35 dessa
1199 1196 210 48 paragrafer
1436 1195 144 48 fogade,
1609 1208 43 22 av
1662 1169 145 77 herrar

196 1250 212 35 Pettersson
436 1251 12 34 i
476 1249 200 46 Södertälje
704 1249 68 35 och
799 1248 148 36 Schotte
975 1249 159 46 avgivna
1161 1249 335 33 reservationerna.'

330 1300 187 36 Utskottet
543 1301 66 34 har
635 1307 90 28 även
753 1301 12 32 i
793 1298 103 48 fråga
923 1311 60 22 om
1012 1277 104 57 dessa
1144 1297 213 48 paragrafer
1384 1303 120 29 ansett
1524 1298 56 44 sig
1599 1297 89 34 böra
1706 1296 103 35 hem-

197 1352 117 42 ställa,
344 1355 53 30 att
424 1350 113 36 andra
564 1351 212 34 kammaren
806 1329 112 55 måtte
945 1348 144 36 biträda
1117 1335 126 48 första
1258 1349 229 33 kammarens
1516 1334 133 48 beslut.

196 1507 64 40 2:0)
281 1504 182 41 förslaget
484 1504 62 33 till
568 1504 63 40 lag
653 1512 58 24 om
733 1503 68 33 vad
823 1503 186 40 iakttagas
1033 1502 92 33 skall
1149 1502 11 31 i
1185 1501 177 33 avseende
1391 1503 20 31 å
1433 1500 192 33 införande
1642 1510 42 22 av
1700 1500 107 40 lagen

583 1572 60 24 om
665 1562 220 41 äktenskaps
906 1560 176 41 ingående
1105 1561 67 32 och
1194 1560 235 41 upplösning.

330 1663 25 35 4
394 1661 37 45 $.
486 1661 206 36 Utskottets
719 1660 137 48 förslag
884 1660 65 35 har
976 1673 42 22 av
1046 1659 110 35 första
1183 1659 212 35 kammaren
1422 1658 194 48 godkänts,
1644 1663 163 30 varemot

197 1713 113 35 andra
350 1714 211 34 kammaren
601 1712 165 48 godkänt
805 1689 175 74 förslaget
1020 1712 12 33 i
1073 1710 71 35 den
1172 1709 216 47 avfattning,
1418 1722 78 22 som
1526 1707 208 48 föreslagits
1762 1721 46 22 av

197 1764 126 35 herrar
361 1763 212 36 Pettersson
613 1764 12 33 i
664 1762 201 46 Södertälje
898 1742 67 54 och
994 1760 148 36 Schotte
1169 1762 12 32 i
1210 1760 104 35 deras
1341 1738 61 57 vid
1432 1757 215 50 paragrafen
1662 1739 146 67 fogade

196 1815 241 35 reservation.

331 1864 187 36 Utskottet
558 1864 65 35 har
649 1865 12 33 i
689 1862 104 49 fråga
819 1875 60 23 om
908 1862 121 35 denna
1056 1860 171 49 paragraf
1253 1866 122 30 ansett
1404 1861 57 45 sig
1489 1861 89 34 böra
1605 1851 205 51 hemställa,

198 1920 53 31 att
277 1915 114 35 andra
418 1915 212 35 kammaren
659 1900 113 49 måtte
800 1913 145 35 biträda
972 1912 115 36 första
1114 1913 231 34 kammarens
1372 1891 135 55 beslut.

349 1966 24 35 8
398 1964 38 45 $.
489 1965 207 36 Utskottets
723 1963 141 48 förslag
890 1963 66 36 har
983 1976 43 23 av
1053 1962 115 36 andra
1195 1963 210 34 kammaren
1434 1961 193 48 godkänts,
1648 1966 164 30 varemot

198 2015 114 37 första
340 2017 212 35 kammaren
580 2015 233 36 återförvisat
839 2014 102 36 detta
967 2015 144 46 lagrum
1139 2012 58 36 för
1224 2026 50 35 ny
1302 2012 238 46 behandling.

333 2065 85 37 Med
458 2067 142 48 hänsyn
629 2067 60 34 till
715 2065 69 36 vad
812 2065 180 35 utskottet
1019 2065 11 34 i
1058 2062 482 59 sammanjämkningssyfte
1567 2061 154 36 föreslår
1750 2061 62 35 be-

201 2116 179 37 träffande
416 2120 16 32 1
462 2117 82 48 kap.
576 2119 17 33 1
623 2115 24 45 $
674 2128 108 37 synes
809 2119 122 45 någon
959 2115 159 46 ändring
1143 2114 13 35 i
1184 2127 51 22 nu
1263 2113 241 36 förevarande
1533 2111 171 49 paragraf
1729 2113 82 34 icke

200 2167 180 49 påkallad,
409 2166 123 37 varför
558 2167 180 36 utskottet
757 2165 56 36 får
832 2147 205 60 hemställa,
1067 2146 53 54 att
1139 2164 213 36 densamma
1372 2167 114 32 måtte
1514 2177 43 22 av
1576 2162 113 37 första
1708 2164 102 34 kam-

201 2231 125 23 maren
353 2218 214 48 godkännas
594 2218 12 35 i
634 2216 214 37 oförändrat
877 2216 113 36 skick.
