2200 2620
670 198 261 31 Statsutskottets
961 198 174 32 Utlåtande
1158 198 65 31 N:o
1247 201 52 29 38.
1701 198 42 31 45

196 286 295 49 arbetsredskap
521 286 70 37 och
620 285 163 37 effekter
812 285 238 37 erfordrades
1078 288 59 34 för
1165 284 179 38 arbetena
1364 288 20 34 å
1404 285 219 37 statsbanan
1643 298 141 37 genom

198 339 187 37 Bohuslän
427 339 71 36 och
539 338 74 47 det,
653 337 121 50 enligt
803 338 208 49 styrelsens
1041 338 258 47 förmenande,
1328 337 107 37 torde
1464 351 91 23 vara
1583 338 201 48 antagligt,

195 396 55 31 att
293 391 215 37 återstoden
550 390 108 37 deraf
688 390 126 36 kunde
844 390 218 49 öfvertagas
1091 390 40 36 af
1155 403 127 24 annan
1311 395 128 31 senast
1466 390 120 36 under
1614 393 39 33 år
1687 391 95 36 1902

193 443 171 37 beslutad
393 442 391 49 statsbanebyggnad.

295 495 76 36 För
399 508 98 35 egen
526 494 60 36 del
613 495 68 36 har
709 494 417 49 departementschefen
1155 497 135 46 yttrat:

296 546 424 49 »Jernvägsstyrelsens
762 546 300 49 byggnadsbyrå
1102 546 68 36 har
1210 548 49 45 på
1297 544 168 49 begäran
1493 543 292 37 tillhandahållit

193 599 79 49 mig
301 613 45 23 en
375 598 188 49 öfversigt
583 598 71 36 och
677 598 221 48 jemförelse
927 598 139 36 mellan
1095 598 71 36 den
1196 600 40 33 år
1267 598 96 34 1899
1384 596 218 49 respektive
1623 599 39 33 år
1685 597 99 35 1900

192 651 215 37 beräknade
422 650 211 37 kostnaden
653 651 59 36 för
731 650 238 49 anläggning
987 650 41 36 af
1044 650 220 37 statsbanan
1281 648 501 48 Gellivare—riksgränsen.

193 703 124 37 Bland
346 716 103 24 mera
477 702 198 37 afsevärda
703 702 189 48 ökningar
919 703 12 35 i
960 702 213 37 beräknade
1203 700 215 50 enhetspris
1446 700 109 37 torde
1583 700 93 36 böra
1705 712 78 24 om-

192 755 180 37 förmälas
401 755 184 48 följande:
617 754 58 37 för
702 754 337 49 bergsprängning
1062 754 84 36 från
1165 756 23 34 4
1214 754 141 36 kronor
1376 755 48 34 34
1441 758 65 31 öre
1524 752 58 36 till
1602 754 20 35 5
1642 752 143 36 kronor

193 809 47 35 61
278 813 63 31 öre
376 820 68 36 per
471 807 250 47 kubikmeter,
750 806 61 37 för
838 806 377 49 tunnelsprängning
1242 805 84 36 från
1355 806 71 35 325
1458 804 138 37 kronor
1623 804 57 36 till
1708 805 72 35 447

192 860 144 50 kronor
362 872 68 36 per
456 858 236 49 längdmeter
722 863 98 32 samt
846 859 59 36 för
934 857 291 51 öfverbyggnad
1253 856 57 37 till
1338 856 273 50 hufvudspåret
1632 856 82 36 från
1738 858 43 34 17

193 912 145 36 kronor
368 913 45 34 79
444 916 65 31 öre
537 910 57 37 till
625 912 44 34 19
699 910 142 36 kronor
870 912 46 34 82
947 915 65 32 öre
1040 923 67 37 per
1134 910 250 48 längdmeter.

297 963 56 37 Då
393 962 131 37 värdet
559 963 40 36 af
624 962 45 36 de
698 962 64 36 vid
791 962 104 36 tiden
924 962 59 37 för
1012 962 198 37 arbetenas
1240 960 211 37 afslutande
1479 960 13 36 i
1520 958 126 39 förråd
1675 971 109 36 qvar-

194 1015 165 37 varande
400 1014 294 49 arbetsredskap
734 1014 71 37 och
847 1014 118 37 andra
999 1014 157 37 effekter
1184 1013 194 50 upptagits
1406 1012 57 36 till
1492 1011 170 49 ovanligt
1689 1010 96 49 högt

193 1067 152 50 belopp,
377 1068 163 45 766,000
569 1067 151 46 kronor,
749 1066 139 37 tillåter
911 1067 70 48 jag
1009 1067 78 48 mig
1115 1066 137 47 erinra,
1282 1070 55 31 att
1364 1065 13 36 i
1396 1065 104 36 detta
1518 1064 137 48 belopp
1674 1063 110 48 ingår

193 1119 133 37 värdet
365 1119 42 37 af
431 1118 205 37 elektriska
664 1118 193 37 maskiner
886 1119 61 36 vid
976 1118 235 49 Abiskojokk
1241 1117 70 37 och
1340 1116 221 49 Kaderjokk
1590 1120 97 32 samt
1714 1115 70 36 lin-

192 1172 127 36 banan
347 1171 62 37 vid
437 1170 338 37 Rombaksbotten.

296 1223 241 37 Beträffande
565 1221 422 50 tunnelanläggningen
1015 1221 12 36 i
1056 1220 263 49 Nuoljafjellet
1345 1220 58 36 får
1426 1220 70 48 jag
1516 1219 134 47 erinra,
1671 1218 113 36 huru-

194 1288 83 24 som
317 1275 12 36 i
359 1274 238 48 underdånig
625 1274 200 37 skrifvelse
855 1273 73 36 den
958 1276 20 33 3
1008 1273 158 36 oktober
1197 1274 97 34 1900
1319 1270 371 50 jernvägsstyrelsen
1720 1283 64 23 an-

193 1329 88 45 fört,
314 1331 55 32 att
397 1326 121 49 enligt
546 1326 189 37 fastställd
764 1325 89 50 plan
876 1326 215 48 jernvägen
1119 1324 120 37 skulle
1267 1323 239 49 framdragas
1533 1323 112 49 längs
1675 1322 109 36 slutt-

193 1379 144 48 ningen
374 1379 40 36 af
440 1378 64 37 det
532 1378 63 37 vid
623 1379 81 35 öfra
733 1378 125 36 ändan
886 1377 35 36 af
952 1377 124 36 Torne
1104 1377 103 35 träsk
1236 1376 165 49 belägna
1428 1374 272 50 Nuoljafjellet,
1730 1378 55 32 att

195 1431 63 36 vid
295 1430 221 49 afgifvande
545 1430 42 37 af
610 1430 150 49 förslag
787 1429 57 36 till
873 1429 124 36 denna
1025 1428 99 50 plan,
1155 1428 119 49 enligt
1302 1428 154 36 hvilken
1480 1425 304 51 jernvägslinien

193 1483 64 37 vid
298 1482 162 37 nämnda
497 1482 81 49 fjell
606 1482 138 46 blifvit,
774 1482 59 36 för
860 1481 242 36 undvikande
1131 1481 41 36 af
1197 1480 173 49 betydlig
1396 1478 387 50 tunnelsprängning,

195 1535 241 48 framdragen
466 1535 185 36 nedanför
678 1534 122 48 fjellet
829 1533 106 37 öfver
964 1546 48 23 en
1040 1533 83 36 från
1152 1533 209 36 detsamma
1389 1537 78 31 mot
1496 1531 145 36 träsket
1661 1531 123 36 starkt

194 1587 188 37 sluttande
424 1591 167 43 terräng,
628 1585 378 49 jernvägsstyrelsen
1047 1590 124 31 ansett
1207 1585 12 35 i
1247 1584 93 49 följd
1370 1584 40 36 af
1435 1583 139 49 fjellets
1603 1582 181 37 utseende

194 1638 83 37 skäl
318 1639 80 36 icke
439 1638 190 49 föreligga
669 1638 60 36 för
767 1637 228 48 antagande,
1037 1642 54 31 att
1127 1636 209 49 bergskred
1365 1635 56 36 till
1451 1635 116 37 skada
1597 1634 58 37 för
1678 1635 105 48 jern-

194 1696 126 43 vägen
361 1690 69 36 och
467 1690 110 36 trafik
618 1690 89 35 derå
742 1688 120 37 skulle
894 1702 91 23 vara
1013 1693 54 31 att
1095 1688 146 44 befara;
1272 1692 54 31 att
1354 1687 235 48 rigtigheten
1616 1686 41 37 af
1682 1686 103 37 detta

194 1742 213 49 antagande
449 1742 125 45 äfven,
613 1741 85 36 med
727 1741 194 48 undantag
949 1740 40 36 af
1015 1743 63 33 två
1106 1739 121 37 under
1256 1739 149 48 augusti
1433 1738 138 37 månad
1602 1740 97 34 1900
1729 1737 54 36 in-

193 1794 163 36 träffade
385 1793 212 45 stenskred,
626 1793 193 48 bestyrkts
848 1792 41 36 af
915 1791 133 37 dittills
1077 1805 152 22 vunnen
1251 1791 230 44 erfarenhet;
1503 1795 56 31 att
1574 1789 117 37 under
1711 1789 73 36 den

194 1846 153 49 mycket
388 1845 155 37 snörika
575 1845 149 36 vintern
757 1846 250 35 1898—1899
1037 1844 31 48 ej
1099 1843 119 37 heller
1245 1843 171 36 inträffat
1445 1842 182 36 snöskred
1657 1841 41 36 af
1722 1841 63 37 be-

195 1897 222 47 skaffenhet,
461 1902 55 31 att
557 1896 184 37 särskilda
784 1895 377 49 säkerhetsåtgärder
1200 1895 169 36 deremot
1397 1894 240 37 förmenades
1667 1893 118 37 blifva

194 1951 60 34 för
282 1949 203 37 framtiden
515 1948 269 47 erforderliga;
816 1952 55 32 att
889 1948 118 36 under
1027 1948 147 35 vintern
1197 1948 251 35 1899—1900
1470 1946 208 37 emellertid
1698 1951 87 30 snö-

196 2001 114 36 skred
338 2001 40 36 af
402 2000 216 49 betydande
648 2000 231 48 omfattning
909 1999 240 37 förekommit
1173 2001 20 33 å
1212 1997 289 50 ifrågavarande
1522 1998 109 49 plats,
1652 1997 132 36 dervid

195 2053 74 35 den
298 2053 58 35 för
379 2051 442 49 jernvägsbyggnadens
851 2051 116 36 behof
983 2051 161 47 anlagda
1164 2055 322 43 transportvägen
1505 2049 185 36 nedanför
1711 2048 71 36 den

195 2103 201 36 utstakade
433 2103 302 48 jernvägslinien
780 2102 123 36 blifvit
945 2102 119 36 delvis
1106 2101 166 36 förstörd
1312 2106 95 31 samt
1444 2101 74 35 den
1554 2101 59 35 för
1642 2113 140 22 samma

195 2154 173 37 ändamål
396 2154 187 49 uppförda
612 2153 349 48 telefonledningen
992 2153 156 44 skadad;
1176 2158 55 30 att
1250 2155 47 46 på
1316 2152 123 46 grund
1458 2152 110 36 deraf
1584 2151 199 48 styrelsen,

195 2221 81 21 som
304 2212 134 40 ansett,
469 2211 54 30 att
554 2206 59 36 vid
642 2206 163 35 nämnda
835 2205 106 36 ställe
971 2205 341 36 trafiksäkerheten
1333 2204 124 36 kunde
1479 2203 116 37 blifva
1616 2202 168 37 fullstän-

196 2259 82 47 digt
319 2257 215 50 betryggad
577 2257 133 36 endast
753 2270 138 32 genom
935 2257 143 35 banans
1106 2256 159 37 ledande
1295 2269 136 32 genom
1468 2269 44 22 en
1543 2255 10 35 i
1583 2254 118 48 fjellet
1730 2260 55 30 ut-

195 2309 167 50 sprängd
404 2309 141 46 tunnel,
587 2309 82 36 låtit
706 2309 203 36 verkställa
946 2309 58 35 för
1032 2308 214 36 ändamålet
1273 2308 137 47 nödiga
1442 2306 342 47 undersökningar,

196 2367 98 31 samt
321 2366 53 32 att
402 2362 131 35 dervid
562 2366 159 42 utrönts,
751 2366 54 31 att
834 2360 178 36 tunnelns
1043 2360 113 49 längd
1186 2360 119 36 skulle
1337 2360 147 35 komma
1510 2364 53 31 att
1582 2362 128 45 uppgå
1730 2357 55 36 till
