2802 1896
271 62 127 34 Förslag
416 62 50 26 till
488 62 174 33 fördelning
688 62 96 27 under
805 62 36 26 de
862 63 153 26 närmaste
1034 60 74 28 åren
1128 68 36 20 av
1184 61 36 26 de
1241 60 271 35 bostadspolitiska
1531 59 309 35 arbetsuppgifterna
1859 59 113 26 mellan
1992 58 136 27 centralt
2147 65 106 26 organ,
2274 58 165 32 länsorgan
2460 58 56 26 och

1224 103 193 27 kommunala
1436 110 110 26 organ.

1163 175 276 29 Förhandsgranskning
1458 182 28 16 av
1504 174 97 30 projekt
1619 173 39 23 för
1676 174 64 23 vilka

1181 210 40 23 lån
1241 211 44 21 och
1304 209 86 29 bidrag
1409 210 41 22 äro
1470 208 105 24 avsedda
1594 209 36 22 att
1648 209 72 22 sökas
1855 189 139 30 Beviljande
2012 190 45 23 och
2075 189 149 29 förvaltning
2243 196 28 16 av
2290 188 40 23 lån
2350 190 45 21 och
2413 188 88 29 bidrag

529 194 129 29 Planering
677 201 29 16 av
725 193 282 30 bostadsförsörjningen

224 272 125 27 Centralt
435 270 114 30 Följande
578 278 28 15 av
634 270 165 30 utvecklingen
823 270 30 29 på
871 270 112 23 bostads-
1002 271 45 22 och
1065 271 71 29 bygg]
1164 269 277 30 Förhandsgranskning
1459 276 29 16 av
1506 268 121 30 ritningar
1640 269 44 23 och
1699 269 49 23 tek-|
1775 268 85 22 Beslut
1878 268 7 22 i
1905 267 63 23 låne-
1988 267 45 22 och
2052 265 204 30 bidragsärenden
2277 265 116 24 avscende

256 315 85 24 organ
452 305 235 23 nadsmarknaderna
707 307 63 20 samt
789 305 172 29 klarläggande
975 312 28 16 av
1017 304 119 30 förskjut-|
1182 304 70 23 niska
1270 304 186 29 beskrivningar
1474 303 116 24 avscende
1792 301 23 32 a)
1833 309 43 22 ny-
1894 302 59 22 eller
1972 300 151 31 ombyggnad
2142 308 28 15 av
2190 299 194 31 flerfamiljshus.

452 342 85 26 ningar
564 347 7 14 i
599 339 28 23 de
655 339 114 23 framtida
797 339 235 29 förutsättningarna
1051 338 39 23 för
1109 346 26 16 en|
1183 338 23 31 a)
1224 347 40 22 ny-
1282 339 59 22 eller
1359 338 151 30 ombyggnad
1523 345 28 16 av
1565 337 182 29 flerfamiljshus]
1792 336 24 31 b)
1834 335 150 31 nybyggnad,
2004 335 153 30 ombyggnad
2170 335 59 22 eller
2241 334 147 29 förbättring
2401 342 29 16 av
2447 333 129 32 enfamiljs-

453 375 86 22 allmän
559 374 147 29 förbättring
725 381 28 16 av
772 373 286 30 bostadsförsörjningen.
1183 373 24 30 b)
1224 372 151 31 nybyggnad,
1395 372 153 30 ombyggnad
1568 372 59 23 eller
1645 371 99 23 förbätt-
1835 372 45 21 hus
1899 372 9 20 i
1927 369 80 23 städer
2025 369 53 23 med
2096 370 74 21 minst
2191 371 29 21 10
2232 371 48 21 000
2300 370 48 22 inv.

436 425 180 23 Handharande
640 433 28 15 av
690 425 103 29 löpande
811 426 108 22 statistik
937 425 87 24 avsedd
1044 426 36 22 att
1098 425 34 23 be-
1225 415 54 33 Ting
1307 415 28 16 av
1364 406 169 40 CARTE
1560 404 254 32 SEELE
1833 406 38 22 fan
1878 404 147 40 tarpetarbor
2035 404 62 40 Eden

622 462 2 2 |
1224 444 73 21 minst
1316 444 30 22 10
1358 444 48 22 000
1425 449 47 16 inv.
1794 439 24 32 d)
1835 440 132 22 kollektiva
1986 439 127 23 tvätterier

453 461 52 29 lysa
524 460 164 29 utvecklingen
709 459 30 30 på
752 460 108 22 bostads-
875 461 45 22 och
932 459 204 31 byggnadsmark-
1268 478 6 2 Å
1418 478 4 2 E
1580 476 4 4 i
1728 476 2 4 k
1890 476 24 2 äv
2050 476 4 2 i
2152 476 2 2 S
2248 474 24 4 är
2418 474 4 4 än
2478 474 2 2 Ja

678 496 10 4 -
870 478 107 22 RA
1096 496 8 6 us
1183 476 21 32 ce)
1222 477 96 29 projekt
1336 485 51 14 som
1406 477 157 29 länsorganen
1579 476 50 23 icke
1643 483 56 16 anse
1713 483 36 22 sig|
1794 474 21 32 e)
1837 473 281 30 familjebostadsbidrag
2136 474 39 22 till
2193 472 108 31 familjer
2319 481 8 14 i
2346 473 46 22 hus
2405 473 40 22 till
2458 473 67 23 vilka
2538 472 38 24 lån

453 495 103 22 naderna,
594 494 177 23 verkställande
801 502 29 15 av
858 494 120 23 särskilda
1005 494 131 23 undersök-
1376 514 8 2 -
1918 510 4 2 5
2152 510 24 2 lå,

561 514 69 20 re
944 530 2 4 ;
1226 512 81 22 kunna
1326 511 108 23 bedöma.
1837 510 44 21 och
1899 508 87 29 bidrag
2005 509 80 21 kunna
2104 508 100 29 beviljas
2223 515 28 15 av
2271 507 199 29 centralorganet.

454 536 85 21 ningar
565 528 147 23 beträffande
740 528 78 23 denna
846 529 136 29 utveckling
1009 530 63 21 samt
1099 530 37 21 ut-
1793 542 20 33 f)
1837 543 96 29 projekt
1963 550 50 15 som
2042 543 158 28 länsorganen
2228 542 52 22 icke
2308 548 57 16 anse
2385 542 37 28 sig
2440 542 81 22 kunna
2540 541 28 23 bo

454 562 97 23 förande
582 570 28 15 av
638 563 163 28 beräkningar
828 563 102 22 rörande
957 563 40 22 det
1023 563 115 22 framtidal|
1166 562 97 23 Biträde
1291 561 24 23 åt
1342 562 158 28 länsorganen
1526 562 45 21 och
1594 560 28 24 de
1640 561 108 22 kommu-

1836 577 71 22 döma

453 597 201 23 bostadsbehovet
680 597 45 22 och
753 597 44 22 den
826 596 115 24 framtida
969 597 166 29 utvecklingen!
1182 597 55 22 mnala
1256 603 105 22 organen
1380 595 53 23 med
1451 595 52 31 råd,
1517 596 174 29 upplysningar
1704 595 44 23 och
1793 610 24 33 g)
1835 612 86 23 besvär
1939 612 56 22 över
2014 611 172 29 länsorganens
2205 610 87 24 beslut.

453 632 30 29 på
502 631 252 23 bostadsmarknaden.
1183 632 155 28 anvisningar
1356 632 8 21 i
1383 630 112 23 tekniska
1514 630 90 30 frågor.

436 683 142 23 Medverkan
592 682 40 24 vid
646 682 162 30 upprättande
822 690 27 16 av
862 682 274 31 bostadsförsörjningse-|
1167 682 97 24 Biträde
1283 684 7 21 i
1310 682 62 23 form
1386 689 27 16 av
1428 682 195 22 konsultationer
1636 681 25 23 åt
1673 681 71 30 bygg:
1776 663 157 29 Förvaltning
1947 670 28 16 av
1989 662 38 23 lån
2042 663 44 22 och
2099 662 94 30 bidrag,
2207 661 115 31 beviljade
2336 669 29 16 av
2378 662 198 29 centralorganet.

454 719 83 28 planer
555 718 38 22 för
611 718 142 23 kommuner
770 718 54 23 med
842 719 74 21 minst
936 720 29 22 10
978 720 48 22 000
1047 725 47 17 inv.
1183 717 198 29 nadsföretagare
1408 716 41 24 vid
1476 716 155 30 planeringen
1660 724 28 15 av
1710 716 36 23 bo-|
1776 715 157 29 Granskning
1952 722 28 15 av
1994 714 165 29 ansökningar
2172 713 123 31 angående
2309 713 149 29 statsbidrag
2470 713 37 23 till
2521 720 54 22 pen-

438 769 96 23 Biträde
561 769 25 22 åt
612 768 93 24 mindre
732 769 141 23 kommuner.
900 769 44 22 där
970 769 77 23 behov
1074 769 63 23 före-
1183 747 295 40 stadsbyggnadsföretag.
1793 751 150 22 sionärshem
1963 750 44 22 och
2027 749 111 30 yttrande
2157 749 39 23 till
2215 749 89 29 Kungl.
2324 748 70 29 Maj:t
2411 748 109 23 däröver.

455 804 75 29 ligger
549 811 27 14 av
595 803 118 22 särskilda
733 804 209 28 undersökningar
961 803 38 22 för
1011 804 127 29 belysning]
1166 803 154 28 Granskning
1347 803 43 22 och
1419 802 158 23 utarbetande
1605 809 28 15 av
1661 802 83 30 typrit-]
1775 801 102 30 Förslag
1895 802 38 21 till
1946 800 137 30 fördelning
2096 801 87 22 mellan
2197 800 174 22 kommunerna
2384 807 28 16 av
2426 800 150 22 trekronors-

455 845 28 16 av
501 837 324 29 bostadsförsörjningsläget
844 839 44 21 och
901 837 235 30 förutsättningarnal
1183 838 87 28 ningar
1288 837 37 23 till
1345 836 177 30 enfamiljshus.
1792 835 94 30 bidrag.

455 873 38 21 FÖRRE
528 867 67 56 RIOT
597 872 108 28 DELt
657 867 15 56 ET
685 867 50 56 ERA
741 867 44 56 vad
790 873 48 22 etsa
846 880 42 15 nm
909 879 1 16 g
930 867 56 56 Väfra
993 872 91 23 mtd
1165 888 168 30 Projektering
1360 895 28 16 av
1407 887 132 23 kollektiva
1558 887 134 30 tvätterier,
1710 886 38 23 för]
1776 886 52 23 Råd
1855 887 44 22 och
1923 888 158 28 anvisningar
2099 886 38 23 till
2156 886 160 29 länsorganen
2336 885 104 23 rörande
2458 885 45 23 den
2523 886 53 22 eko-

1183 923 66 22 vilka
1275 922 98 29 statliga
1400 922 39 22 lån
1467 922 45 22 och
1540 921 87 29 bidrag
1646 922 42 22 äro
1708 928 28 17 av-|
1792 922 111 22 nomiska
1922 922 45 22 och
1984 921 123 30 juridiska
2126 921 188 29 granskningen.

1183 956 73 24 sedda
1275 958 36 22 att
1329 957 79 22 sökas.
1776 964 141 29 Inspektion
1939 971 27 15 av
1986 964 172 29 länsorganens
2177 963 65 23 låne-
2257 964 45 22 och
2314 962 262 30 bidragsverksamhet,

1776 1007 104 29 Översyn
1901 1008 57 21 över
1977 1006 44 23 den
2040 1006 239 30 byggnadstekniska
2298 1006 146 22 kontrollen,

225 1073 162 33 Länsorgan
406 1065 18 45 |
440 1069 183 23 Verkställande
655 1070 6 21 i
690 1068 94 24 samråd
813 1069 52 23 med
893 1070 190 29 centralorganet
1111 1077 27 15 av|
1166 1068 276 29 Förhandsgranskning
1461 1075 28 15 av
1507 1068 121 29 ritningar
1640 1068 45 22 och
1698 1067 50 22 tek-|
1777 1067 82 23 Beslut
1877 1068 8 21 i
1903 1066 65 23 låne-
1987 1066 45 23 och
2050 1066 204 29 bidragsärenden
2274 1065 115 23 avseende

455 1104 207 29 undersökningar
679 1103 103 23 rörande
801 1104 281 23 bostadsförhållandena
1094 1105 43 22 och|
1183 1103 71 23 niska
1267 1103 186 28 beskrivningar
1465 1102 118 23 avseende
1596 1101 152 32 nybyggnad,|
1794 1100 23 33 a)
1834 1100 153 31 nybyggnad,
2006 1100 152 30 ombyggnad
2175 1100 60 23 eller
2247 1100 147 29 förbättring
2407 1107 27 15 av
2448 1099 128 31 enfamiljs-

456 1138 200 24 bostadsbehovet
675 1146 8 14 i
702 1138 28 24 de
749 1139 65 22 olika
833 1139 77 23 länen,
1183 1137 152 30 ombyggnad
1348 1137 58 23 eller
1418 1136 147 30 förbättring
1578 1144 28 15 av
1617 1136 132 30 enfamiljs-
1837 1137 46 21 hus
1912 1144 9 14 i
1952 1135 76 23 andra
2064 1136 140 22 kommuner
2240 1136 30 22 än
2307 1135 81 23 städer
2422 1134 53 23 med
2505 1136 73 21 minst

1183 1174 46 21 hus
1257 1174 8 20 i
1292 1171 74 23 andra
1388 1172 142 22 kommuner
1548 1172 30 22 än
1598 1171 79 23 städer
1695 1171 52 23 med
1839 1173 30 21 10
1881 1173 48 21 000
1948 1172 48 22 inv.

1183 1208 75 21 minst
1279 1209 28 21 10
1320 1209 48 21 000
1388 1208 48 22 inv.
1793 1204 25 32 b)
1836 1204 280 30 familjebostadsbidrag
2134 1204 39 23 till
2192 1203 106 30 familjer
2316 1204 9 22 i
2343 1205 46 22 hus
2407 1204 39 22 till
2461 1204 64 23 vilka
2538 1203 38 23 lån

1837 1241 45 22 och
1900 1239 87 30 bidrag
2005 1240 82 22 kunna
2105 1238 101 30 beviljas
2226 1246 28 16 av
2273 1239 167 29 länsorganen.

1776 1291 183 23 Förberedande
1987 1291 149 29 granskning
2164 1298 28 15 av
2220 1289 104 24 ärenden
2353 1290 115 23 avseende
2487 1290 89 23 lantar-

1793 1325 189 24 betarbostäder.

1776 1377 157 29 Förvaltning
1952 1384 29 16 av
1999 1376 41 23 lån
2060 1378 44 21 och
2125 1376 93 30 bidrag,
2236 1376 119 30 beviljade
2368 1383 29 16 av
2409 1364 167 46 länsorganen.

223 1446 187 26 Kommunalal|
444 1439 6 23 I
478 1439 69 29 fråga
573 1447 38 14 om
630 1439 142 23 kommuner
789 1439 55 23 med
863 1440 74 22 minst
962 1442 90 21 10000
1082 1440 58 29 inv.,|
1168 1439 155 30 Förmedling
1341 1447 28 16 av
1389 1440 165 29 ansökningar
1567 1447 39 15 om
1619 1438 130 24 förhands-|
1777 1437 157 30 Förmedling
1952 1445 29 16 av
2001 1437 164 30 ansökningar
2183 1445 39 15 om
2241 1436 39 23 lån
2300 1437 44 22 och
2363 1436 95 30 bidrag.

259 1489 86 23 organ
456 1473 161 29 upprättande
637 1481 27 17 av
683 1473 349 30 bostadsförsörjningsplaner
1051 1482 6 14 i
1078 1481 62 16 sam-'
1186 1474 158 29 granskning,
1777 1489 99 23 Biträde
1895 1488 40 24 vid
1956 1488 150 29 utbetalning
2126 1495 29 16 av
2173 1487 38 23 lån
2232 1488 44 23 och
2295 1487 93 30 bidrag.

455 1508 43 22 råd
517 1508 52 23 med
588 1508 198 29 centralorganet.

1778 1539 97 24 Biträde
1903 1539 39 24 vid
1970 1539 178 29 förvaltningen
2176 1546 30 15 av
2224 1538 39 23 lån
2283 1539 45 23 och
2347 1538 94 30 bidrag,
2461 1539 117 30 beviljade

439 1559 133 29 Insamling
591 1566 27 15 av
639 1559 136 22 statistiska
795 1558 222 31 primäruppgifter,
1036 1559 102 23 avsedda
1795 1582 28 16 av
1843 1574 65 23 såväl
1928 1574 194 29 centralorganet
2141 1581 50 15 som
2211 1574 167 29 länsorganen.

456 1594 35 22 att
518 1594 80 29 belysa
627 1593 166 30 utvecklingen
822 1593 29 30 på
872 1593 110 23 bostads-
1002 1594 44 22 och
1066 1594 70 29 bygg-

456 1628 242 25 nadsmarknaderna,
1778 1625 184 24 Verkställande
1982 1633 28 15 av
2029 1625 222 30 byggnadsteknisk
2270 1624 114 24 kontroll.

440 1679 96 24 Biträde
559 1679 24 23 åt
601 1679 259 31 byggnadsföretagare
879 1680 40 23 vid
938 1680 154 29 planeringen
1112 1687 27 17 av

456 1714 321 30 bostadsbyggnadsföretag.

437 1765 241 23 Tillhandahållande
692 1773 28 15 av
733 1766 163 29 typritningar
913 1766 38 22 till
965 1765 173 30 enfamiljshus.

2631 1154 28 69 "6ST
2632 1099 19 39 LU
2631 910 29 167 2PUVIVYN
2631 623 28 265 SJP0NSINSIVIS
