1896 2820
510 145 378 32 Jordbruksutskottets
914 144 176 33 utlåtande
1114 145 49 31 Nr
1190 144 49 31 48.
1604 138 18 31 3

116 231 54 30 del
195 241 42 21 av
261 230 299 37 arrendeavgiften
584 230 56 30 för
663 231 43 30 de
732 239 42 22 av
797 232 200 34 pastoraten
1021 229 193 31 förvaltade
1238 228 271 31 löneboställena
1534 227 88 31 skall

118 281 212 30 bestämmas
354 281 10 30 i
390 281 185 37 persedlar.
613 281 66 30 Vid
706 290 42 21 av
776 283 198 35 pastoraten
1000 280 176 36 företagen
1201 279 262 37 utarrendering
1492 288 41 20 av
1561 280 58 29 bo-

115 333 132 36 ställen,
274 342 73 21 som
374 333 89 30 skett
488 332 103 36 enligt
616 332 96 30 äldre
735 332 270 34 bestämmelser,
1028 330 218 31 ecklesiastik
1273 329 351 36 arrendeförordning

115 383 66 31 den
202 385 40 28 21
266 384 187 30 november
476 383 93 35 1925,
594 393 41 20 nr
657 383 75 35 452,
757 382 82 30 eller
861 382 104 36 enligt
988 380 497 37 övergångsbestämmelserna
1509 380 10 29 i
1541 380 38 30 67
1605 379 18 37 8

117 435 16 29 7
159 444 105 21 mom.
293 444 42 21 av
361 435 83 29 1932
470 433 55 32 års
548 433 302 36 boställsordning,
877 433 88 30 skall
990 433 155 30 däremot
1171 431 299 36 arrendeavgiften
1497 431 11 29 i
1535 430 89 37 regel

116 494 83 22 vara
219 488 106 28 utsatt
347 485 50 30 till
419 485 134 30 hälften
575 485 10 29 i
607 484 194 37 penningar
822 484 64 30 och
908 483 51 31 till
980 483 133 30 hälften
1133 483 11 30 i
1164 492 42 21 en
1230 483 81 29 eller
1331 482 88 30 flera
1437 482 186 36 persedlar,

116 545 72 21 som
207 539 170 33 upptagas
392 536 10 30 i
419 536 110 30 länets
547 534 320 37 markegångstaxa.
887 534 65 30 Vid
970 533 261 36 utarrendering
1248 543 41 21 av
1305 533 178 30 allmänna
1499 533 125 35 kyrko-

115 587 166 29 hemman
302 587 65 29 och
388 586 310 36 biskopshemman
720 586 89 30 skall
832 584 106 31 också
959 584 133 30 hälften
1114 594 41 20 av
1179 583 300 37 arrendeavgiften
1503 583 10 30 i
1535 583 89 36 regel

116 647 83 21 vara
216 640 108 27 utsatt
342 637 10 30 i
372 637 185 36 persedlar.

161 688 154 30 Nämnas
344 687 58 31 må
433 688 98 35 även,
565 690 48 27 att
645 687 105 36 enligt
780 687 66 30 den
876 686 57 30 vid
964 686 93 30 tiden
1086 685 56 30 för
1173 685 95 30 förra
1299 685 228 36 världskriget
1556 684 67 36 gäl-

120 738 101 30 lande
244 737 248 37 förordningen
516 737 66 30 den
608 738 38 29 15
671 737 192 36 september
888 737 81 29 1911
1001 735 52 40 (nr
1074 735 53 40 89)
1158 734 178 38 angående
1360 735 262 36 utarrendering

120 797 42 21 av
191 788 274 36 prästerskapets
494 787 249 31 löneboställen
772 786 299 37 arrendeavgiften
1100 786 97 30 alltid
1227 786 109 29 skulle
1365 794 83 21 vara
1476 788 106 27 utsatt
1611 785 10 30 i

120 838 202 37 penningar.
362 837 99 31 Vissa
501 838 250 35 arrendatorer,
790 837 111 30 vilkas
943 837 238 30 arrendeavtal
1211 837 111 29 slutits
1347 836 111 30 under
1486 837 65 29 den
1579 844 42 21 av

120 889 155 30 nämnda
301 888 75 38 krig
402 888 205 30 föranledda
634 887 342 37 högkonjunkturen,
1006 887 159 30 försattes
1194 887 200 36 därigenom
1420 887 111 29 under
1554 887 68 29 den

120 938 157 37 följande
300 938 311 37 depressionstiden
635 938 80 30 med
738 938 150 30 vikande
912 938 109 36 priser
1043 936 44 39 på
1110 937 381 37 jordbruksprodukter
1515 936 9 30 i
1549 935 73 31 svå-

119 989 149 37 righeter
291 992 48 27 att
359 989 151 36 fullgöra
533 989 40 30 de
594 987 175 39 ingångna
791 988 292 31 arrendeavtalen.
1120 988 131 30 Genom
1275 988 96 36 lagar
1395 987 66 30 den
1483 988 40 29 21
1550 985 71 38 maj

120 1041 84 30 1926
230 1040 54 39 (nr
307 1037 86 40 104),
414 1040 67 30 den
500 1040 37 29 21
560 1040 144 29 oktober
727 1039 83 30 1932
835 1035 54 40 (nr
909 1035 75 40 465)
1010 1039 65 30 och
1095 1038 65 30 den
1183 1039 40 28 24
1243 1047 93 21 mars
1360 1038 83 30 1933
1470 1034 55 39 (nr
1547 1033 73 41 100)

117 1091 186 37 medgåvos
327 1091 120 30 därför
471 1090 91 31 vissa
584 1090 193 36 lindringar
799 1089 11 30 i
833 1089 283 31 arrendeavtalen
1140 1089 56 30 för
1218 1088 131 31 sådana
1374 1089 250 30 arrendatorer.

119 1142 254 36 Lindringarna
400 1151 84 20 voro
510 1141 74 31 icke
611 1141 170 36 generella
807 1143 84 28 utan
919 1140 183 31 förutsatte
1129 1140 171 36 prövning
1324 1140 10 29 i
1363 1138 97 38 varje
1487 1139 138 30 särskilt

118 1193 63 31 fall
204 1193 149 30 rörande
377 1193 245 30 arrendatorns
647 1191 229 31 ekonomiska
899 1191 163 36 ställning
1085 1201 45 22 m.
1156 1200 47 21 m.

163 1293 172 31 Utskottet
361 1292 59 31 vill
448 1293 158 36 slutligen
631 1292 116 31 erinra
773 1302 67 26 om,
870 1295 48 28 att
946 1292 234 36 ansökningar
1209 1301 42 20 av
1280 1291 163 30 liknande
1472 1291 152 31 innehåll

118 1352 74 22 som
213 1343 266 37 ifrågavarande
499 1344 169 30 motioner
688 1343 140 36 nyligen
847 1343 152 36 avgjorts
1021 1352 41 20 av
1084 1342 125 36 Kungl.
1229 1342 112 37 Maj:t.

163 1404 14 29 I
218 1403 164 31 skrivelse
421 1403 66 30 den
530 1403 38 29 19
608 1402 189 30 november
838 1402 82 29 1940
950 1400 204 32 hemställde
1183 1401 263 30 riksförbundet
1473 1400 152 37 Sveriges

119 1446 338 34 statsarrendatorer,
488 1447 49 28 att
563 1445 306 29 bestämmelserna
896 1443 11 30 i
938 1445 39 28 12
1006 1444 17 36 8
1054 1444 14 29 1
1098 1453 105 21 mom.
1232 1444 230 29 förenämnda
1491 1443 133 30 förord-

118 1488 82 36 ning
223 1497 42 21 nr
287 1484 167 34 320/1934
477 1489 89 28 samt
584 1487 246 30 motsvarande
852 1487 259 29 bestämmelser
1131 1486 11 29 i
1163 1486 218 30 ecklesiastik
1403 1486 222 30 boställsord-

118 1530 82 36 ning
222 1529 106 31 måtte
351 1530 184 35 upphävas
559 1529 56 30 för
637 1530 67 29 den
728 1529 50 30 tid
802 1529 104 36 priset
930 1528 21 31 å
973 1528 221 36 jordbrukets
1221 1528 191 36 produkter
1435 1528 190 37 reglerades

119 1582 42 21 av
188 1573 270 30 statsmakterna
485 1573 65 29 och
577 1574 48 27 att
651 1572 79 31 hela
758 1571 299 36 arrendeavgiften
1083 1571 107 30 måtte
1219 1571 173 30 förklaras
1421 1571 98 30 skola
1544 1570 83 38 utgå

118 1615 11 30 i
159 1615 202 36 penningar,
391 1615 116 29 därest
537 1614 258 30 vederbörande
825 1614 205 29 arrendator
1058 1614 121 29 därom
1210 1613 118 37 gjorde
1359 1613 265 37 framställning.

120 1657 125 31 Vidare
275 1658 117 29 anhöll
421 1657 262 30 riksförbundet
709 1656 257 37 landsbygdens
995 1656 73 30 folk
1097 1656 10 30 i
1136 1656 163 30 skrivelse
1329 1657 66 30 den
1425 1657 39 29 21
1493 1657 132 30 decem-

118 1700 60 30 ber
207 1701 93 34 1940,
328 1702 49 28 att
405 1700 123 35 Kungl.
555 1699 101 36 Maj:t
682 1699 46 36 på
754 1699 148 30 anförda
928 1699 73 30 skäl
1029 1698 105 31 måtte
1159 1700 182 35 uppdraga
1368 1699 33 30 åt
1428 1699 197 36 domänsty-

121 1743 110 29 relsen
265 1745 49 27 att
347 1742 186 30 verkställa
567 1741 315 36 arrendereglering
912 1741 222 31 beträffande
1168 1741 132 31 sådana
1331 1742 294 35 kronoarrenden,

119 1785 63 29 där
207 1784 301 36 arrendeavgiften
532 1784 137 36 utginge
695 1785 9 29 i
731 1784 331 36 naturaprodukter;
1090 1785 64 29 och
1178 1785 205 29 hemställde
1409 1784 216 31 riksförbun-

119 1827 65 35 det,
209 1830 50 27 att
280 1826 225 36 erforderliga
526 1826 156 36 åtgärder
704 1826 106 31 måtte
831 1827 156 35 vidtagas
1009 1827 55 41 för
1084 1830 48 27 att
1154 1827 212 36 regleringen
1388 1827 111 30 skulle
1522 1828 105 29 vinna

121 1869 219 36 tillämpning
362 1869 79 30 från
464 1870 65 28 och
550 1870 77 28 med
652 1869 65 29 den
742 1869 39 29 14
804 1878 92 20 mars
923 1869 93 30 1941.
1039 1868 90 30 Över
1151 1869 345 35 framställningarna
1518 1878 108 28 avgav

120 1912 298 35 domänstyrelsen
445 1911 169 36 yttrande,
643 1911 106 30 vilket
775 1911 113 30 finnes
917 1911 114 30 såsom
1058 1911 114 36 bilaga
1201 1912 27 29 A
1255 1911 95 36 fogat
1378 1912 50 29 till
1455 1913 92 29 detta
1574 1915 51 27 ut-

119 1954 150 30 låtande.

165 1995 131 30 Genom
318 1996 112 29 beslut
454 1996 66 29 den
544 1996 39 29 31
608 1995 139 36 januari
775 1995 80 30 1941
882 1995 84 30 fann
992 1994 121 37 Kungl.
1137 1994 102 37 Maj:t
1267 1992 358 40 (jordbruksdeparte-

120 2035 140 39 mentet)
295 2038 10 29 i
333 2038 187 36 anledning
547 2047 41 21 av
616 2037 282 36 ansökningarna
927 2041 89 27 samt
1045 2038 9 29 i
1083 2039 342 30 överensstämmelse
1454 2040 78 29 med
1559 2040 67 30 vad

121 2080 297 36 domänstyrelsen
451 2080 174 30 hemställt
657 2083 71 32 gott
760 2080 208 36 bemyndiga
1001 2080 296 36 domänstyrelsen
1328 2085 48 26 att
1408 2082 127 35 bevilja
1567 2093 57 20 an-

121 2122 100 30 stånd
245 2123 49 29 till
315 2132 41 20 av
379 2123 166 35 styrelsen
566 2123 157 29 bestämd
747 2123 75 34 dag,
847 2123 88 29 dock
958 2122 30 37 ej
1014 2123 114 35 längre
1149 2124 45 29 än
1217 2123 50 30 till
1291 2125 65 28 den
1381 2125 38 29 31
1447 2125 179 30 december

124 2165 92 35 1941,
239 2166 78 28 med
340 2165 176 35 betalning
540 2174 41 20 av
603 2165 100 35 högst
726 2165 132 29 hälften
881 2165 90 35 eller,
996 2165 63 29 när
1081 2166 194 35 synnerliga
1300 2167 74 29 skäl
1398 2167 114 29 därtill
1536 2177 89 25 vore,

121 2210 48 26 tre
194 2207 212 35 fjärdedelar
430 2216 43 20 av
495 2208 110 28 under
628 2216 134 20 samma
786 2206 38 30 år
846 2207 209 30 förfallande
1079 2208 293 36 arrendeavgifter
1394 2209 54 29 för
1472 2212 153 27 utarren-

121 2249 125 29 derade
269 2249 289 34 kronodomäner,
580 2249 110 29 under
715 2249 125 29 villkor
860 2252 47 27 att
932 2250 201 29 arrendator
1157 2250 19 30 å
1201 2250 135 36 belopp,
1362 2261 73 19 som
1459 2252 74 29 icke
1558 2253 68 35 gäl-

121 2291 105 29 dades
252 2291 92 28 inom
369 2291 275 35 kontraktsenlig
667 2291 58 34 tid.
751 2291 114 29 erlade
890 2292 98 28 ränta
1013 2291 76 30 från
1114 2292 255 36 förfallodagen
1392 2293 67 30 tills
1485 2294 63 29 full
1570 2295 55 29 be-

123 2333 130 35 talning
278 2333 127 28 skedde
430 2332 87 30 efter
541 2342 40 19 en
608 2333 150 29 räntefot
783 2342 43 21 av
849 2333 76 35 fyra
950 2337 140 31 procent
1117 2335 52 27 för
1196 2334 38 29 år
1257 2335 163 29 ävensom
1446 2336 54 29 för
1521 2337 104 29 betal-

122 2375 143 33 ningens
291 2375 163 34 behöriga
478 2374 217 35 fullgörande
721 2374 48 29 till
795 2375 91 29 såväl
914 2376 194 29 resterande
1132 2377 270 34 arrendeavgäld
1428 2388 74 19 som
1528 2380 98 28 ränta

122 2417 82 29 därå
235 2417 120 29 ställde
384 2417 47 29 till
461 2417 318 34 vederhäftigheten
809 2418 109 35 styrkt
946 2418 127 35 borgen
1099 2418 80 29 eller
1207 2429 116 20 annan
1351 2421 170 34 säkerhet,
1552 2431 76 20 som

121 2459 296 35 domänstyrelsen
446 2459 193 34 godkände.
