2313 2744
692 177 83 41 Laq-
785 176 162 33 Utskottets
980 175 168 33 Utlåtande
1172 177 65 32 N:o
1261 178 49 29 33.
1732 176 17 29 3

194 258 49 37 för
286 258 77 36 hela
405 258 192 47 domsagan
639 258 112 36 skulle
796 263 122 42 utgöra
960 262 47 31 ett
1036 258 150 48 tingslag
1216 265 87 29 samt
1332 257 72 36 deri
1432 257 133 46 årligen
1594 255 112 37 hållas
1736 256 57 36 två

194 311 84 47 fing,
314 311 57 35 det
405 323 62 23 ena
510 310 129 36 mellan
684 310 165 48 tjugonde
877 311 67 46 dag
968 311 53 46 jul
1050 310 64 36 och
1144 311 221 36 midsommar
1394 309 62 36 och
1486 309 57 35 det
1571 308 109 36 andra
1709 310 82 35 mel-

194 361 57 38 lan
292 363 203 48 September
536 363 143 35 månads
722 363 121 48 början
884 363 64 35 och
989 363 212 48 Thomedag,
1244 364 56 34 det
1328 365 91 33 förra
1450 362 73 35 med
1556 373 61 24 sex
1644 361 63 35 och
1736 361 57 36 det

193 415 146 36 sednare
367 416 77 34 med
474 417 73 46 fyra
578 415 177 35 allmänna
783 415 330 47 rättegångsdagar;
1144 422 50 28 att
1224 417 166 45 domsaga
1407 415 74 34 med
1500 414 54 34 två
1571 414 220 47 tingsställen

192 467 111 35 skulle
346 472 120 42 utgöra
510 468 56 34 två
607 466 154 49 tingslag
803 467 63 36 och
908 468 10 35 i
947 467 186 36 hvartdera
1163 469 37 34 af
1224 468 100 35 dessa
1352 467 109 36 under
1489 465 225 36 förenämnda
1745 466 45 35 tid

192 519 114 35 hållas
337 521 57 32 tva
423 520 83 45 ting,
536 520 57 34 det
621 532 65 22 cua
715 521 75 33 med
824 532 47 22 tre
900 520 62 35 och
993 521 56 34 det
1077 520 105 34 andra
1204 521 78 34 med
1304 520 56 34 två
1376 520 176 34 allmänna
1572 519 219 46 rättegångs-

192 570 123 48 dagar;
358 575 48 31 att
447 572 44 46 på
532 569 219 49 Konungens
795 571 161 48 pröfning
984 571 111 36 skulle
1132 572 197 40 ankomma,
1359 584 54 22 om
1442 570 63 36 och
1541 570 9 35 i
1583 570 93 35 hvad
1713 571 81 34 mån

192 622 99 37 dessa
319 622 258 36 bestämmelser
605 623 112 36 skuile
748 624 171 47 tillämpas
954 624 11 34 i
993 624 164 46 domsaga
1189 624 75 35 med
1292 624 84 35 flera
1405 628 43 30 än
1477 623 58 35 två
1563 622 229 47 tingsställen,

192 674 64 37 och
298 679 50 32 att
383 675 7 35 i
425 675 179 46 domsaga,
634 675 61 36 der
724 676 118 46 tingen
874 676 42 47 på
945 676 93 35 detta
1067 679 66 32 sätt
1163 675 114 36 blifvit
1305 676 163 45 ordnade,
1498 675 176 46 stämning
1701 674 93 47 finge

193 727 155 37 utfärdas
389 727 50 36 till
486 727 68 36 viss
593 727 270 49 rättegångsdag
897 737 89 27 samt
1014 728 154 48 uppskof
1193 728 175 36 meddelas
1396 727 53 36 till
1478 727 68 35 viss
1575 727 217 46 rättegångs-

190 780 70 46 dag
289 780 111 35 under
429 791 133 24 samma
591 780 83 35 eller
702 780 152 47 följande
884 781 83 46 tmg.

320 832 52 34 Af
410 831 91 36 hvad
530 832 146 35 sålunda
705 832 63 35 och
799 833 6 33 i
837 833 103 46 öfrigt
968 833 89 35 imom
1092 833 130 47 Högsta
1251 832 200 36 Domstolen
1482 831 178 36 unmärkts
1689 832 103 35 fram-

191 887 75 44 sår,
309 892 51 27 att
392 884 147 35 flertalet
567 884 39 35 af
630 885 78 35 dess
736 885 188 35 ledamöter
952 889 122 42 ansett,
1104 888 51 31 att
1184 885 230 35 komiterades
1442 883 139 47 förslag,
1611 883 100 35 tänkt
1739 883 52 36 så-

191 948 74 24 som
292 948 42 23 en
364 935 155 36 definitiv
547 936 194 48 anordning
770 937 37 34 af
831 936 343 36 underdomstolarne
1202 937 20 34 å
1249 937 118 36 landet
1395 935 63 36 och
1487 935 100 36 deras
1615 936 176 35 verksam-

191 988 70 42 het,
290 988 76 35 icke
396 1000 79 23 vore
505 1001 68 33 nog
601 989 211 35 omfattande
841 988 83 36 eller
953 989 311 47 genomgripande;
1294 992 51 32 att
1372 990 57 33 det
1448 987 220 47 följaktligen
1689 988 103 35 borde

190 1039 122 47 tillses,
342 1040 176 35 huruvida
546 1040 76 35 icke
652 1040 98 46 långt
777 1040 84 35 flera
889 1041 65 35 och
983 1045 108 31 större
1107 1041 257 47 förändringar,
1385 1053 72 23 som
1479 1051 79 23 vore
1578 1040 38 34 af
1631 1039 162 36 behofvot

192 1091 193 48 påkallade,
416 1093 116 34 kunde
561 1092 240 47 genomföras;
830 1092 63 36 och
923 1100 50 27 att
1002 1093 109 35 under
1133 1093 94 35 tiden
1248 1093 122 35 endast
1390 1092 131 35 sådana
1548 1091 245 47 förändringar

189 1143 11 34 i
242 1143 163 36 afseende
434 1144 21 34 å
483 1144 233 35 domstolarne
745 1145 106 34 borde
880 1145 169 46 vidtagas,
1079 1158 70 21 som
1180 1145 76 35 icke
1286 1145 169 35 hindrade
1483 1143 82 35 eller
1593 1143 199 35 försvårade

189 1193 66 37 den
284 1195 145 48 slutliga
457 1195 251 48 anordningen.

317 1247 18 35 I
375 1247 252 48 hutvudsaklig
669 1249 357 35 öfverensstämmelse
1068 1250 76 33 med
1187 1250 40 34 de
1256 1249 138 46 äsigter,
1424 1261 73 22 som
1525 1248 145 34 sålunda
1699 1248 93 35 inom

191 1298 134 49 Högsta
361 1300 200 35 Domstolen
595 1300 90 48 gjort
713 1300 53 47 sig
794 1300 174 46 gällande,
997 1301 63 34 har
1089 1300 129 47 Kongl.
1248 1300 97 47 Maj:t
1374 1301 136 35 affattat
1537 1299 53 35 sin
1618 1299 172 48 ifrågava-

187 1351 109 36 rande
337 1352 130 47 nådiga
509 1352 225 47 proposition,
776 1352 154 40 hvilken,
972 1353 145 35 likasom
1145 1353 64 34 här
1239 1353 112 35 nedan
1380 1351 226 37 omförmälda
1633 1352 156 36 enskilda

188 1403 179 46 motioner,
409 1404 113 35 blifvit
551 1403 51 35 till
632 1404 275 46 Lag-Utskottet
943 1405 209 34 remitterad.
1207 1406 77 34 Den
1313 1405 127 44 nådiga
1469 1404 257 47 propositionen
1755 1408 37 31 är

188 1455 38 35 af
250 1455 115 36 denna
394 1456 142 47 lydelse:

317 1506 132 38 ”Sedan
490 1507 130 48 Kongl.
663 1509 110 47 Maj:t,
802 1509 76 35 med
919 1509 190 47 anledning
1143 1510 37 33 af
1209 1509 123 36 Rikets
1361 1509 164 36 Ständers
1555 1509 238 47 underdåniga

188 1560 176 46 anhållan,
407 1561 36 34 åt
485 1561 214 35 komiterade
741 1561 186 48 uppdragit
955 1565 48 31 att
1033 1563 159 34 utarbeta
1220 1562 130 46 förslag
1377 1562 55 34 till
1461 1560 208 36 förändrade
1699 1562 92 34 stad-

187 1611 140 48 ganden
369 1612 183 47 angående
592 1613 303 36 häradsrätternas
936 1613 185 35 arbetssätt
1163 1613 63 35 och
1272 1613 51 35 till
1357 1614 41 34 de
1427 1613 111 47 öfriga
1566 1613 225 47 föreskrifter,

187 1676 83 34 som,
313 1664 142 35 dermed
497 1665 133 45 egande
672 1665 261 46 sammanhang,
975 1666 115 34 kunde
1128 1667 108 33 finnas
1265 1665 228 46 erforderliga
1522 1665 64 35 och
1614 1664 176 48 lämpliga,

188 1716 105 35 hafva
327 1716 218 35 komiterade
588 1716 52 36 till
669 1717 130 47 Kongl.
830 1717 97 46 Maj:t
955 1717 136 47 afgifvit
1123 1718 126 45 förslag
1277 1717 53 35 till
1360 1718 129 46 Stadga
1519 1716 180 47 angående
1728 1718 62 35 all-

190 1772 127 31 männa
344 1768 347 36 underdomstolarne
720 1770 20 33 å
767 1769 118 35 landet
909 1769 106 47 jemte
1044 1769 172 35 särskilda
1243 1769 131 47 förslag
1404 1769 49 34 till
1478 1769 312 47 lagförändringar,

188 1819 203 36 föranledda
432 1820 38 35 af
507 1820 41 34 de
588 1820 11 35 i
639 1821 146 46 stadgan
816 1821 142 46 intagna
986 1821 267 39 bestämmelser,
1281 1821 120 35 hvilka
1434 1821 129 45 förslag
1596 1821 194 36 sedermera

191 1870 113 37 blifvit
331 1871 12 35 i
370 1871 139 48 Högsta
537 1871 204 37 Domstolen
769 1872 208 48 granskade.

317 1923 131 48 Kongl.
488 1923 113 48 Maj:t,
643 1937 72 23 som
756 1938 102 23 anser
897 1937 43 23 en
970 1925 203 47 fullständig
1202 1926 188 45 utredning
1418 1926 85 34 böra
1531 1930 99 41 göras
1662 1927 127 44 derom,

191 1976 173 36 huruvida
406 1988 41 23 en
489 1975 108 37 sådan
633 1977 215 44 ombildning
890 1977 40 35 af
955 1977 343 36 underdomstolarne
1333 1978 54 35 må
1422 1977 219 45 verkställas,
1670 1982 51 31 att
1748 1979 41 35 de

189 2027 162 48 samtliga
393 2028 141 35 komma
562 2032 50 31 att
639 2029 97 35 bestå
764 2029 37 35 af
826 2029 80 35 flere
935 2029 157 47 lagfarne
1122 2029 197 47 ledamöter,
1348 2030 112 35 finner
1489 2029 98 46 dock,
1617 2038 59 38 att,
1706 2034 84 32 enär

188 2081 9 34 i
240 2079 69 36 alla
349 2079 186 36 händelser
577 2093 41 22 en
660 2081 66 35 slik
759 2081 201 45 förändring
988 2082 10 34 1
1028 2082 449 46 domstolsorganisationen
1507 2082 73 34 icke
1609 2082 69 35 kan
1708 2086 82 31 utan

190 2131 209 48 tidsutdrägt
435 2132 232 47 genomföras,
710 2133 161 46 ätgärder
913 2134 109 34 under
1064 2133 92 35 tiden
1197 2134 85 35 böra
1322 2134 160 46 vidtagas
1510 2134 10 33 i
1549 2134 164 35 ändamål
1742 2139 49 30 att

189 2184 286 36 häradsrätterna
503 2184 91 36 inom
624 2185 42 35 de
695 2185 194 46 domsagor,
917 2185 60 35 der
1007 2185 123 35 sådant
1160 2185 109 36 under
1297 2186 51 35 för
1377 2186 140 35 handen
1546 2187 153 35 varande
1719 2187 69 35 för-

190 2235 190 36 hållanden
406 2236 189 48 lämpligen
625 2237 71 35 kan
724 2237 71 44 ske,
825 2237 108 35 oftare
962 2241 46 31 än
1036 2238 52 34 för
1116 2238 217 35 närvarande
1360 2238 107 35 blifva
1495 2238 52 35 för
1568 2239 221 35 rättsökande

193 2287 228 48 tillgängliga,
463 2300 79 23 men
584 2292 51 31 att
675 2289 52 35 för
754 2289 175 35 vinnande
958 2290 39 34 af
1020 2289 94 35 detta
1141 2290 70 34 mål
1239 2289 309 48 lagförändringen
1577 2290 68 35 kan
1676 2290 112 47 gifvas

191 2352 42 24 en
263 2339 242 37 inskränktare
534 2339 210 49 omfattning
774 2344 43 32 än
845 2340 11 35 1
884 2340 233 37 komiterades
1144 2342 129 46 förslag
1301 2346 57 43 egt
1385 2354 87 23 rum.
