1876 2772
508 137 284 30 Statsutskottets
814 136 179 29 utlåtande
1012 145 41 19 nr
1072 136 19 28 3
1109 135 39 29 år
1169 134 82 29 1964
1584 133 37 30 19

138 220 209 38 Därigenom
370 219 64 29 har
459 228 43 20 en
525 218 113 38 grund
661 217 87 38 lagts
773 217 53 28 för
850 225 42 20 en
915 223 96 21 mera
1033 214 188 38 långsiktig
1244 212 192 39 planering.
1460 211 164 38 Deparle-

139 273 240 30 mentschefen
397 272 116 29 finner
529 272 58 29 det
602 270 190 39 angeläget,
810 271 51 28 att
877 278 83 20 man
977 268 173 40 parallellt
1167 268 77 29 med
1262 276 43 20 en
1322 266 107 30 sådan
1445 264 179 38 planering

138 327 113 29 vidtar
273 325 228 39 erforderliga
520 324 160 40 åtgärder
703 324 53 29 för
779 332 42 21 en
844 322 216 39 anpassning
1082 329 42 21 av
1146 319 404 40 upplysningsorganens
1574 317 50 28 in-

138 380 125 29 bördes
282 378 327 39 arbetsfördelning.
628 378 122 29 Denna
769 376 62 30 bör
849 385 84 20 vara
951 374 167 40 uppnådd
1137 375 11 28 i
1168 373 38 30 så
1226 373 64 39 god
1310 372 50 29 tid
1382 374 50 27 att
1451 371 66 29 den
1537 371 88 28 hun-

139 434 52 29 nit
210 433 125 39 prövas
355 432 75 31 före
450 439 171 31 organens
641 430 206 40 inflyttning
873 430 5 29 i
898 436 262 32 gemensamma
1179 426 131 29 lokaler
1330 426 11 29 i
1361 425 57 30 det
1438 424 186 40 planerade

141 486 251 40 Sverigehuset.

184 540 286 39 Upprustningen
490 548 42 20 av
551 536 520 42 upplysningsverksamhetens
1092 533 237 40 organisation
1350 533 65 29 och
1434 531 192 29 materiella

139 600 157 22 resurser
319 593 66 30 och
407 593 146 29 behovet
576 594 50 27 att
649 591 102 38 vidga
774 589 219 30 arbetsfältet
1016 589 51 28 till
1092 596 68 30 nya
1182 587 121 28 länder
1328 586 118 29 ställer
1471 594 66 29 nya
1562 584 64 28 och

140 647 112 29 ökade
274 647 87 29 krav
383 646 45 39 på
451 645 225 39 personalens
702 643 296 30 kvalifikationer.

186 700 233 38 Planeringen
436 700 54 28 för
507 697 401 31 informationsarbetets
926 696 163 29 fortsatta
1108 693 198 39 utveckling
1324 693 61 28 bör
1404 691 118 30 därför
1541 691 86 28 även

141 762 79 21 avse
239 753 270 39 möjligheterna
530 754 50 28 att
599 751 107 30 verka
725 751 54 29 för
800 749 199 39 utbildning
1019 758 41 20 av
1082 747 144 39 lämplig
1244 745 174 40 personal.

187 806 228 31 Beträffande
458 805 217 31 Svenska
716 804 271 31 institutet
1031 802 78 30 för
1151 799 266 31 kulturellt
1459 798 169 39 utbyte

142 861 99 29 med
279 860 230 29 utlandet
544 858 205 30 framhåller
774 855 398 41 departementschefen,
1200 855 49 29 att
1276 853 67 30 den
1370 851 258 38 intensifiering

142 922 43 21 av
204 912 512 40 upplysningsverksamheten,
738 919 75 21 som
836 910 92 29 skett
949 909 111 29 under
1084 908 82 30 1963
1188 914 124 32 genom
1333 906 42 29 de
1397 904 231 31 samordnade

142 969 209 30 aktionerna
368 968 11 29 i
398 967 151 30 Förenta
568 967 165 33 staterna,
752 964 181 40 Tyskland
952 963 67 30 och
1037 961 195 31 Frankrike
1252 970 82 20 men
1353 960 88 30 även
1461 959 167 40 punktvis

142 1022 12 27 i
174 1023 48 28 ett
244 1021 94 29 antal
360 1020 111 29 andra
492 1019 131 35 länder,
645 1018 64 29 har
730 1018 61 29 lett
812 1018 53 28 till
887 1026 43 20 en
951 1016 94 29 ökad
1065 1014 214 38 efterfrågan
1301 1013 46 39 på
1365 1011 264 30 informations-

143 1074 169 30 material.

188 1128 51 28 Av
257 1127 387 39 upplysningsorganen
664 1125 38 29 är
721 1125 57 29 det
798 1124 127 29 främst
946 1122 154 30 Svenska
1120 1121 174 29 institutet
1315 1128 75 21 som
1409 1119 65 29 har
1494 1118 51 29 till
1568 1118 63 28 hu-

145 1181 210 38 vuduppgift
378 1182 50 27 att
452 1180 192 38 producera
668 1179 65 29 och
756 1177 212 30 distribuera
990 1176 125 29 sådant
1138 1174 160 29 material
1321 1173 12 29 i
1357 1173 94 29 form
1477 1181 42 20 av
1542 1171 87 32 film,

144 1234 259 40 publikationer
431 1235 63 28 etc.
522 1231 395 41 Departementschefen
945 1238 102 21 anser
1075 1229 57 29 det
1160 1227 190 39 angeläget,
1379 1227 50 28 att
1456 1225 175 29 institutet

145 1295 57 31 ges
225 1287 183 39 möjlighet
431 1288 50 28 att
504 1287 96 29 möta
622 1286 68 29 den
711 1285 214 38 efterfrågan
949 1292 75 21 som
1047 1282 98 29 blivit
1167 1281 183 29 resultatet
1373 1289 41 20 av
1436 1279 42 29 de
1500 1278 131 29 statsfi-

146 1341 207 29 nansierade
378 1340 267 39 kampanjerna.
672 1339 50 29 Av
748 1338 116 29 denna
890 1336 190 38 anledning
1104 1336 115 28 finner
1245 1332 386 40 departementschefen

146 1396 51 37 sig
219 1394 83 30 böra
324 1394 144 29 förorda
489 1402 43 21 en
555 1392 167 29 avsevärd
744 1391 149 38 höjning
916 1399 41 20 av
980 1389 132 29 statens
1136 1388 121 38 bidrag
1279 1387 52 28 till
1354 1386 185 29 institutet.
1563 1384 69 29 Un-

147 1450 59 29 der
233 1449 112 39 tredje
369 1448 67 29 och
462 1447 141 30 åttonde
630 1445 267 30 huvudtitlarna
926 1442 147 31 föreslås
1102 1451 48 20 nu
1178 1451 44 20 en
1249 1440 275 39 bidragsökning
1552 1438 78 30 med

148 1503 233 38 sammanlagt
405 1502 14 28 1
436 1500 62 30 000
514 1500 62 30 000
598 1500 52 29 kr.

192 1555 95 29 Efter
307 1554 141 29 samråd
466 1553 79 29 med
564 1552 124 30 chefen
708 1552 53 28 för
779 1548 502 39 ecklesiastikdepartementet
1299 1545 194 40 tillstyrker
1512 1545 121 38 depar-

147 1607 276 30 tementschefen
446 1616 42 20 en
511 1616 41 19 av
572 1605 176 29 institutet
769 1604 196 38 föreslagen
985 1601 249 39 överflyttning
1257 1609 42 20 av
1319 1598 237 30 kostnaderna
1579 1597 53 29 för

147 1660 438 30 lektoratsverksamheten
607 1659 65 29 och
694 1656 386 41 gästföreläsarutbytet
1100 1674 43 3 —
1164 1654 234 29 tillsammans
1424 1652 58 30 107
1498 1651 60 30 150
1581 1651 51 28 kr.

148 1732 42 2 -—-
209 1714 79 29 från
307 1713 112 40 tredje
438 1713 52 29 till
508 1712 141 30 åttonde
668 1711 233 29 huvudtiteln.

194 1769 126 29 Vidare
352 1767 193 39 tillstyrker
578 1764 386 41 departementschefen
997 1772 43 21 en
1074 1761 148 41 höjning
1255 1770 43 21 av
1331 1760 157 38 bidraget
1523 1759 110 29 under

149 1821 110 39 tredje
280 1820 223 29 huvudtiteln
523 1820 79 29 med
624 1818 63 29 848
700 1818 61 29 000
782 1817 53 29 kr.
857 1817 123 28 Denna
999 1815 132 38 ökning
1152 1814 61 29 bör
1234 1813 107 38 enligt
1362 1812 273 39 departements-

150 1874 123 29 chefen
302 1874 10 29 i
343 1873 128 29 största
500 1872 145 39 möjliga
675 1870 245 38 utsträckning
954 1868 178 29 användas
1163 1867 53 29 för
1246 1866 92 29 ökad
1368 1864 229 37 anskaffning
1625 1864 9 27 i

151 1929 110 29 första
281 1928 95 29 hand
397 1936 42 20 av
460 1926 115 29 filmer
596 1925 66 29 och
683 1923 203 40 filmkopior
909 1924 91 28 samt
1020 1920 269 41 publikationer.

195 1981 13 27 I
233 1980 98 38 fråga
355 1988 56 20 om
450 1975 573 33 Svensk-amerikanska
1057 1971 341 39 nyhetsbyrån
1432 1970 204 29 framhåller

150 2032 385 40 departementschefen
555 2032 11 28 i
586 2030 185 29 huvudsak
793 2028 168 40 följande.

195 2086 116 30 Under
341 2085 83 30 1963
450 2085 64 29 har
540 2085 67 28 den
635 2092 25 21 s.
688 2084 33 29 k.
749 2081 317 38 USA-kampanjen
1093 2080 129 29 inletts.
1248 2078 127 29 Mellan
1402 2077 235 38 kampanjens

151 2139 186 39 bestyrelse
359 2139 66 29 och
446 2138 170 38 styrelsen
638 2137 54 28 för
715 2133 399 32 Svensk-amerikanska
1136 2131 237 40 nyhetsbyrån
1394 2131 64 28 har
1479 2130 159 28 överens-

152 2192 190 29 kommelse
367 2191 153 35 träffats,
545 2190 107 38 enligt
676 2189 115 28 vilken
818 2187 235 38 kampanjens
1082 2185 206 29 sekretariat
1319 2184 3 29 i
1347 2183 83 29 New
1453 2182 94 29 York
1569 2182 69 28 för-

152 2246 88 37 lagts
264 2246 8 27 i
295 2244 204 38 anslutning
520 2243 51 29 till
594 2242 128 38 byråns
745 2241 126 28 kontor
893 2240 73 28 där.
989 2240 49 28 De
1060 2238 125 29 hittills
1208 2237 123 38 gjorda
1353 2235 285 30 erfarenheterna

153 2299 63 27 har
237 2297 176 28 bekräftat
435 2296 145 28 behovet
601 2304 42 20 av
664 2303 41 20 en
728 2294 84 28 nära
836 2292 228 37 samordning
1087 2290 128 29 mellan
1236 2290 42 29 de
1301 2289 89 29 båda
1412 2287 227 39 organisatio-

154 2351 132 29 nerna
271 2337 20 51 i
305 2349 94 30 såväl
419 2348 200 31 Stockholm
638 2356 74 20 som
731 2347 81 28 New
830 2345 105 29 York.
955 2344 116 38 Enligt
1089 2342 264 38 samstämmiga
1372 2341 267 39 uppfattningar

154 2404 60 28 bör
234 2402 270 37 samordningen
526 2401 76 29 leda
622 2400 49 29 till
693 2409 42 20 en
755 2398 214 39 integrering
989 2406 42 20 av
1051 2397 126 38 byråns
1195 2395 64 29 och
1280 2394 234 39 kampanjens
1535 2393 104 29 funk-

155 2458 120 28 tioner.
307 2456 102 29 Detta
445 2455 185 28 motiveras
662 2453 70 29 inte
766 2452 107 28 minst
908 2460 41 19 av
983 2449 302 38 nödvändigheten
1318 2448 50 28 att
1400 2446 164 39 upprätta
1598 2455 40 20 en
