1866 2848
76 1868 141 25 Utskottets

72 1904 134 29 yttrande.

317 146 40 28 14
703 146 293 34 Statsutskottets
1020 148 187 32 utlåtande
1231 149 53 32 NT
1304 151 51 29 50.

349 223 69 31 Till
442 224 91 30 Herr
557 224 202 32 Statsrådet
781 225 61 31 och
869 225 134 36 Chefen
1025 227 56 34 för
1105 226 134 39 Kuxgl.
1264 228 428 36 Finansdepartementet.

311 301 118 31 Sedan
453 302 129 31 mellan
609 303 93 31 Eder
729 304 55 29 för
810 304 151 31 svenska
986 306 127 34 staten,
1139 307 21 29 ä
1185 315 67 21 ena
1278 305 113 36 sidan,
1417 306 64 31 och
1506 306 268 32 verkställande

270 344 205 32 direktören
494 346 55 30 för
571 346 287 32 undertecknade
877 347 564 33 Luossavaara—Kiirunavaara
1461 349 227 37 Aktiebolag,
1708 350 66 31 här

272 388 118 31 nedan
418 388 167 32 benämnt
613 389 142 37 LKAB,
784 391 21 29 å
832 391 116 30 andra
975 391 113 35 sidan,
1118 391 277 37 förhandlingar
1424 395 62 34 ägt
1515 403 81 21 rum
1621 393 154 32 rörande

271 431 131 36 frågan
427 441 57 21 om
508 431 293 37 tillgodoseendet
826 444 46 20 av
898 434 159 36 bolagets
1081 434 264 38 kapitalbehov,
1371 435 99 32 vilka
1497 436 277 36 förhandlingar

270 474 64 32 lett
360 474 58 31 till
444 476 257 35 upprättandet
726 487 45 20 av
796 478 51 29 ett
873 477 136 36 förslag
1035 477 57 31 till
1119 478 99 31 avtal
1243 478 133 31 mellan
1398 480 126 35 staten,
1550 478 132 32 LKAB
1709 480 64 31 och

270 517 369 38 Trafikaktiebolaget
670 520 503 37 Grängesberg—Oxelösund,
1205 522 57 30 får
1290 521 134 31 LKAB
1453 522 149 32 härmed
1633 523 12 30 i
1676 524 96 29 över-

269 562 264 31 ensstämmelse
558 563 80 31 med
664 564 72 30 vad
759 563 61 31 vid
846 564 158 31 nämnda
1031 564 277 36 förhandlingar
1335 576 46 20 av
1407 565 93 31 Eder
1528 566 181 36 betingats
1734 585 40 3 —

269 604 114 31 under
403 604 260 37 förutsättning
685 616 46 20 av
752 607 54 30 att
826 607 157 31 nämnda
1006 607 136 37 förslag
1164 607 56 32 till
1242 608 100 31 avtal
1363 608 70 31 blir
1456 619 45 20 av
1523 610 171 35 parterna
1717 610 55 30 de-

271 646 142 33 finitivt
443 649 147 35 antaget
619 649 66 31 och
714 650 79 31 med
823 650 221 31 reservation
1075 651 56 30 för
1162 651 196 32 eventuellt
1388 651 226 33 inträffande
1645 652 128 32 hinder

270 690 148 32 utanför
440 691 158 36 bolagets
618 692 157 31 kontroll
795 712 40 3 —
856 693 167 32 förbinda
1046 693 54 36 sig
1124 695 63 35 att,
1211 694 56 30 för
1289 694 99 31 tiden
1412 695 82 31 från
1516 695 65 31 och
1603 696 81 31 med
1706 696 68 31 den

269 734 18 29 1
311 733 147 36 januari
484 735 77 30 1932
585 735 59 31 till
666 735 65 31 och
755 736 80 31 med
861 737 67 30 den
953 737 38 30 30
1017 737 197 35 september
1239 737 78 31 1933
1342 738 140 36 räknat,
1509 739 74 31 dels
1610 740 162 35 upprätt-

269 777 97 31 hålla
389 777 217 36 brytningen
628 778 63 31 vid
712 778 159 37 bolagets
894 780 164 35 gruvfält
1080 780 12 30 i
1114 780 111 32 minst
1248 781 68 31 den
1338 781 229 37 omfattning,
1590 792 75 21 som
1686 784 87 29 mot-

270 829 126 21 svarar
426 821 353 37 malmskeppningen
811 823 84 30 från
924 822 139 32 Narvik
1092 824 64 30 och
1186 824 165 36 Svartön,
1380 827 169 29 ävensom
1577 825 124 31 utföra
1730 826 42 31 de

268 864 74 30 mot
366 873 44 21 en
435 864 111 31 sådan
568 864 174 37 brytning
766 866 176 31 svarande
969 866 257 32 förberedande
1251 867 146 31 arbeten
1421 878 46 21 av
1492 867 97 33 olika
1614 869 79 35 slag
1719 870 53 30 så-

268 916 74 21 som
368 907 355 37 gråbergsbrytning,
748 908 229 37 ortdrivning
1003 919 44 21 m.
1073 920 54 27 m.,
1153 909 75 32 dels
1252 910 193 32 därutöver
1470 911 124 32 utföra
1619 912 152 31 förbere-

268 949 116 32 dande
406 950 145 32 arbeten
573 951 86 31 eller
680 951 282 37 malmbrytning
986 952 111 36 jämte
1120 953 219 37 upplagring
1362 957 93 29 samt
1478 954 115 32 andra
1616 955 156 36 arbeten,

268 1002 74 21 som
370 993 146 32 därmed
543 994 123 31 kunna
694 997 69 33 äga
791 996 181 36 samband,
1003 996 55 30 för
1085 997 52 30 ett
1166 997 240 36 sammanlagt
1434 997 126 37 belopp
1589 1008 46 21 av
1662 998 109 31 minst

268 1046 60 21 sex
346 1036 168 36 miljoner
532 1038 141 36 kronor,
692 1039 66 30 allt
778 1039 88 31 dock
886 1040 125 31 endast
1031 1040 12 30 i
1064 1040 68 31 den
1152 1041 83 30 mån
1255 1042 39 29 så
1314 1040 73 31 kan
1406 1041 183 32 erfordras
1608 1041 57 31 till
1685 1045 85 28 mot-

267 1079 194 32 arbetande
485 1090 45 21 av
554 1081 93 31 ökad
671 1081 233 33 arbetslöshet
928 1082 109 32 bland
1061 1083 162 36 bolagets
1242 1084 164 31 arbetare
1430 1084 12 30 i
1467 1084 154 37 Kiruna,
1646 1085 125 31 Malm-

268 1122 123 36 berget
413 1123 64 31 och
500 1124 21 30 å
544 1124 165 31 Svartön.
752 1124 19 31 I
794 1125 244 35 nyssnämnda
1062 1126 127 36 belopp
1213 1136 45 21 av
1283 1127 19 30 6
1325 1126 166 36 miljoner
1515 1127 132 32 kronor
1672 1128 98 31 skola

267 1165 35 37 ej
332 1166 174 32 inräknas
535 1167 114 31 andra
679 1167 249 31 omkostnader
958 1171 48 28 än
1035 1169 147 36 sådana,
1213 1179 75 22 som
1317 1170 219 32 omedelbart
1565 1171 207 31 föranledas

267 1219 44 21 av
336 1208 201 37 respektive
562 1210 147 31 arbeten
732 1210 64 30 och
821 1220 75 21 som
919 1211 197 36 nedläggas
1141 1211 95 32 inom
1261 1212 132 36 landet,
1418 1213 65 31 och
1507 1214 60 31 må
1592 1214 11 30 i
1629 1214 141 31 kostna-

268 1252 110 31 derna
406 1252 56 31 för
486 1252 283 38 malmbrytning
795 1253 34 36 ej
855 1253 111 31 heller
991 1254 215 32 medräknas
1231 1255 274 36 järnvägsfrakt
1533 1256 55 31 för
1615 1257 155 31 malmen

268 1295 83 30 från
370 1295 209 36 gruvfälten
598 1296 57 31 till
673 1296 210 30 hamnarna.

307 1364 206 31 Stockholm
532 1365 67 31 den
619 1365 18 29 3
659 1374 95 22 mars
774 1365 87 30 19382.

451 1450 781 33 LUOSSAVAARA-—KIIRUNAVAARA
1259 1454 320 32 AKTIEBOLAG.

509 1535 134 31 Walter
663 1535 194 37 Philipson.
1186 1538 47 31 HM.
1256 1537 272 33 Waldenström.

305 1647 401 36 Departementsehefen
723 1648 64 30 har
806 1648 211 36 framhallit,
1034 1651 53 29 att
1106 1650 12 29 i
1135 1649 198 32 skrivelsen
1348 1651 156 31 avsedda
1521 1652 128 32 hinder
1668 1655 101 29 utan-

266 1700 56 30 för
344 1699 160 36 bolagets
524 1699 156 31 kontroll
702 1699 224 32 innefattade
948 1700 109 32 bland
1079 1703 112 30 annat
1214 1702 112 35 strejk
1349 1703 63 30 och
1436 1714 45 20 av
1504 1704 265 32 vederbörande

265 1751 474 36 arbetsgivarorganisation
763 1751 180 36 påbjuden
967 1752 151 31 lockout.

306 1853 17 31 I
349 1853 236 33 förevarande
607 1853 221 36 proposition
851 1853 147 36 begäres
1024 1855 212 36 riksdagens
1259 1857 216 32 medverkan
1499 1859 56 30 för
1579 1860 54 30 att
1655 1859 116 32 astad-

266 1904 143 33 komma
433 1914 45 24 en
501 1915 75 22 som
601 1906 209 36 nödvändig
837 1906 133 33 ansedd
996 1907 182 37 reglering
1200 1918 48 21 av
1274 1908 409 38 Luossavaarabolagets
1707 1921 64 21 nu-

265 1957 160 31 varande
471 1957 358 32 skuldförhållanden
878 1960 92 31 samt
995 1959 174 31 desslikes
1194 1962 53 30 att
1275 1963 133 34 trygga
1433 1961 159 37 bolagets
1618 1963 152 37 kapital-

265 2007 114 33 hehov
404 2007 201 35 tillsvidare
627 2010 66 31 och
716 2010 13 31 i
754 2009 242 38 förhoppning
1021 2020 57 21 om
1102 2012 190 32 efterhand
1316 2014 77 30 åter
1417 2013 214 33 inträdande
1654 2015 117 31 bättre

265 2059 263 37 konjunkturer
551 2064 46 33 på
622 2062 342 32 malmmarknaden.

304 2109 82 34 Med
410 2110 139 38 hänsyn
572 2113 57 32 till
655 2112 158 37 bolagets
836 2112 148 35 iråkade
1006 2115 79 35 läge
1109 2135 38 3 —
1171 2116 228 33 beträffande
1420 2129 84 20 vars
1527 2121 168 31 närmare
1717 2130 52 21 or-

263 2163 105 33 saker
395 2164 173 33 utskottet
598 2164 58 32 får
683 2164 153 33 hinvisa
864 2166 58 33 till
947 2166 69 32 den
1044 2168 13 31 i
1086 2167 265 36 propositionen
1378 2169 166 33 lämnade
1572 2172 197 36 redogörel-

263 2224 61 23 sen
348 2235 39 4 —
412 2216 66 32 har
503 2217 174 32 utskottet
703 2219 116 30 ansett
842 2218 58 37 sig
921 2218 90 33 böra
1039 2219 187 37 tillstyrka
1248 2220 134 37 Kungl.
1408 2221 131 37 Maj:ts
1562 2223 206 32 förevaran-

262 2266 41 33 de
330 2267 139 38 förslag
496 2277 55 23 om
579 2268 155 33 tillskott
760 2270 78 31 med
864 2269 76 33 lika
968 2272 96 31 stora
1090 2271 127 38 belopp
1245 2273 83 31 från
1355 2275 117 31 staten
1500 2275 65 31 och
1593 2275 173 37 Gränges-

261 2318 248 38 bergsbolaget
544 2330 46 21 av
621 2321 213 36 ytterligare
864 2321 141 36 kapital
1037 2323 57 32 till
1127 2322 402 41 Lueossavaarabolaget.
1583 2327 182 33 Utskottet

263 2369 65 32 har
352 2372 35 36 ej
411 2370 110 33 heller
546 2372 97 31 velat
667 2374 169 31 motsätta
861 2374 54 36 sig
939 2374 43 32 de
1007 2376 12 31 i
1044 2374 266 37 propositionen
1333 2377 157 36 begärda
1515 2379 253 37 eftergifterna
