1930 2828
603 174 277 28 Bankoutskottets
903 171 162 29 memorial
1088 171 45 28 Nr
1156 171 47 27 23.
1633 165 19 29 3

204 266 181 35 Utskottet,
404 274 75 21 som
496 266 111 29 ansett
623 263 113 30 behov
752 260 168 40 föreligga
939 270 42 21 av
999 258 227 32 telefonväxel
1244 258 79 30 med
1340 264 227 30 namnanrop,
1586 255 65 30 har

159 319 117 31 funnit
302 319 42 30 de
368 317 199 32 beräknade
593 316 234 30 kostnaderna
853 313 122 31 härför
998 313 76 30 icke
1100 321 83 21 vara
1209 312 109 30 större
1342 311 45 29 än
1413 312 48 28 att
1487 309 41 30 de
1554 308 96 30 torde

159 375 192 28 motsvaras
371 381 43 21 av
432 370 143 31 därmed
593 369 151 31 avsedda
761 368 163 30 fördelar.
954 365 49 32 På
1022 366 112 39 grund
1151 365 110 30 härav
1277 365 65 29 har
1358 363 163 30 utskottet
1540 363 111 29 ansett

159 426 50 40 sig
229 426 85 30 böra
334 424 183 40 tillstyrka,
539 426 48 28 att
607 422 159 40 uppdrag
785 420 177 32 meddelas
982 418 218 39 fullmäktige
1219 417 12 31 i
1251 417 329 39 riksgäldskontoret
1602 416 48 28 att

160 479 138 39 vidtaga
314 478 159 39 åtgärder
489 477 55 30 för
560 475 283 41 genomförande,
858 474 11 31 i
884 472 233 40 huvudsaklig
1133 470 339 33 överensstämmelse
1489 469 78 30 med
1583 468 68 30 vad

159 533 11 30 i
187 534 56 29 det
259 531 208 40 föregående
483 530 157 39 angivits,
658 539 43 21 av
717 539 43 20 en
776 527 110 32 sådan
901 526 203 39 anordning.
1134 526 50 30 De
1199 525 56 30 för
1270 523 196 32 ändamålet
1482 522 167 31 erforder-

159 586 68 39 liga
251 585 234 31 kostnaderna
509 584 96 30 torde
628 582 85 31 böra
736 581 169 31 bestridas
929 580 80 30 från
1033 580 153 37 anslaget
1209 578 50 30 till
1283 577 169 38 riksdags-
1477 576 65 29 och
1565 574 84 31 revi-

160 638 282 31 sionskostnader
464 639 89 28 samt
574 635 186 31 kostnader
781 634 55 31 för
857 633 203 39 riksdagens
1080 633 76 29 hus.

204 692 49 31 På
274 692 113 39 grund
408 700 43 21 av
472 690 56 31 det
548 689 149 32 anförda
718 688 56 31 får
793 688 175 35 utskottet,
990 687 79 30 med
1089 684 225 41 begagnande
1335 693 42 22 av
1398 684 66 30 den
1486 682 164 30 utskottet

159 745 138 39 jämlikt
321 741 20 41 $
366 745 40 30 41
433 753 105 22 mom.
565 744 15 30 1
607 740 354 41 riksdagsordningen
986 739 263 31 tillkommande
1272 737 259 39 befogenheten,
1555 735 94 30 hem-

159 799 111 36 ställa,

527 896 49 29 att
596 893 186 39 riksdagen
803 891 59 32 må
882 892 134 30 besluta
1036 890 181 40 uppdraga
1239 888 35 32 åt
1295 886 217 40 fullmäktige
1533 886 11 30 i
1565 885 85 31 riks-

484 947 257 39 gäldskontoret
762 948 50 28 att
831 944 80 36 låta,
940 944 4 31 i
963 942 232 40 huvudsaklig
1215 941 338 32 överensstämmelse
1573 939 80 30 med

482 1000 68 31 vad
568 1000 64 29 här
652 1008 91 21 ovan
762 997 158 40 angivits,
941 997 11 30 i
972 996 258 39 riksdagshuset
1250 995 156 30 anordna
1426 992 225 32 telefonväxel

483 1053 79 31 med
582 1060 232 31 namnanrop.

208 1161 201 31 Stockholm
430 1160 68 31 den
519 1161 19 29 9
559 1168 94 22 mars
677 1159 94 30 1929.

636 1256 49 31 På
710 1255 302 31 bankoutskottets
1037 1254 144 38 vägnar:

729 1352 35 31 C.
790 1352 38 30 E.
855 1350 235 32 SVENSSON.

204 1648 59 27 Vid
288 1647 196 28 förestående
509 1647 128 27 ärendes
663 1645 252 35 slutbehandling
941 1644 85 27 inom
1051 1644 148 27 utskottet
1225 1643 80 26 hava
1330 1640 147 28 närvarit:

205 1719 71 27 från
302 1718 149 28 första
476 1718 192 27 kammaren:
687 1717 109 27 herrar
814 1717 30 27 C.
861 1716 34 27 E.
912 1716 163 31 Svensson,
1093 1714 182 33 Gustafsson
1291 1713 9 27 i
1317 1712 183 31 Stensholm,
1517 1710 138 34 Lindley,

166 1763 164 36 Lindgren,
351 1763 112 32 Ström,
484 1763 178 27 Johansson
682 1761 9 28 i
712 1760 229 37 Friggeråker,"
963 1760 173 34 Bjurström
1157 1759 58 26 och
1238 1758 133 27 Larsson
1392 1756 9 27 i
1420 1748 156 47 Örbyhus;

207 1834 72 27 från
306 1834 139 27 andra
473 1834 192 27 kammaren:
685 1833 108 26 herrar
813 1831 147 33 Winkler,
978 1831 165 33 Borggren,
1162 1829 186 31 Henrikson,
1367 1825 187 33 Bäcklund,"
1576 1826 82 27 Wik-

167 1880 106 30 ström,
297 1878 132 35 Ryberg,
452 1878 105 27 Lovén
581 1877 58 27 och
663 1877 155 27 Svensson
841 1875 10 27 i
875 1874 205 35 Betingetorp.

212 1956 14 15 +
247 1957 34 32 Ej
304 1955 185 27 närvarande
507 1954 49 26 vid
577 1953 178 27 utlåtandets
774 1952 153 33 justering.
