1886 2780
247 185 37 30 10
561 180 403 40 Bevillningsutskottets
986 178 219 30 betänkande
1225 187 42 20 nr
1286 178 26 28 B
1333 177 19 29 9
1372 177 38 29 år
1432 176 84 29 1958

296 267 174 30 Utskottet
490 266 70 29 kan
581 266 139 29 ansluta
740 264 51 39 sig
809 264 54 30 till
884 263 40 30 de
944 262 219 40 synpunkter
1183 261 43 40 på
1247 261 66 29 den
1331 260 232 30 ekonomiska
1582 259 169 39 politiken

254 327 73 20 som
351 315 382 41 departementschefen
758 314 165 39 framlagt
945 314 12 28 i
979 313 290 39 finansplanerna
1292 311 11 29 i
1325 311 141 39 januari
1490 310 65 29 och
1577 309 89 39 juni.

297 367 115 39 Enligt
434 367 190 29 utskottets
647 365 139 39 mening
809 372 58 32 ger
889 364 41 29 de
953 362 433 39 avmattningstendenser,
1411 369 74 21 som
1508 360 158 39 uppträtt
1689 359 64 29 och

251 418 151 39 alltjämt
426 418 70 28 kan
520 416 138 30 befaras
682 416 11 28 i
717 415 66 29 den
807 413 283 31 internationella
1114 413 65 29 och
1204 412 149 30 svenska
1376 410 280 40 konjunkturen,
1680 409 71 29 inte

252 468 187 38 anledning
457 467 51 30 till
527 467 114 38 någon
658 475 73 20 mer
749 464 294 40 genomgripande
1061 463 223 39 omläggning
1298 471 40 20 av
1353 460 301 40 finanspolitiken.
1669 460 85 28 Där-

254 519 54 28 för
328 519 37 28 är
384 519 88 38 läget
491 517 109 39 enligt
618 517 188 28 utskottets
826 515 139 38 mening
986 513 118 30 alltför
1124 513 113 29 oklart
1257 512 64 29 och
1341 511 78 40 fyllt
1440 520 41 20 av
1499 510 113 30 risker
1632 510 54 29 för
1706 511 47 27 ett

253 568 366 39 återuppflammande
642 576 40 20 av
704 566 40 29 de
767 564 291 31 inflationistiska
1079 563 233 30 tendenserna
1333 562 11 29 i
1366 562 66 29 den
1456 561 150 29 svenska
1628 560 126 29 ekono-

253 619 83 29 min.
363 618 125 29 Därtill
516 617 71 30 står
613 617 60 29 vår
699 616 164 30 ekonomi
889 616 11 28 i
927 615 112 29 starkt
1066 613 170 30 beroende
1264 622 41 19 av
1331 611 245 39 utvecklingen
1602 610 11 29 i
1640 610 113 29 utlan-

255 670 67 32 det,
341 669 61 29 där
420 669 90 38 läget
529 667 124 30 snabbt
672 667 69 29 kan
759 665 196 33 förändras,
974 664 143 30 särskilt
1135 663 11 29 i
1164 673 41 19 en
1225 663 48 29 tid
1293 672 41 19 av
1352 662 38 29 så
1409 662 96 29 stark
1524 660 143 40 politisk
1686 669 69 24 oro,

255 729 74 20 som
349 719 128 38 dagens
497 718 185 29 händelser
702 716 144 30 utvisar.

300 769 74 30 Vad
394 768 142 31 särskilt
555 768 106 39 gäller
680 767 179 38 företagen
879 766 58 28 vill
956 765 172 29 utskottet
1146 764 12 28 i
1177 764 94 29 detta
1291 762 256 38 sammanhang
1566 760 116 30 erinra
1701 768 54 21 om

256 823 49 27 att
334 819 54 30 för
417 819 101 29 dessa
546 818 93 29 vissa
668 817 174 29 lättnader
872 815 132 39 ägnade
1033 817 49 27 att
1113 814 129 38 främja
1271 812 214 40 produktion
1514 811 66 29 och
1609 811 148 28 investe-

255 871 118 38 ringar
402 868 226 40 genomförts.
660 867 154 30 Sålunda
843 866 63 29 har
935 863 387 40 investeringsavgilten
1353 862 198 30 avvecklats
1582 860 80 30 från
1692 860 64 29 och

258 920 77 30 med
358 920 80 29 1958
458 919 56 30 års
533 918 139 40 ingång,
689 918 108 29 vilket
815 917 45 29 bl.
880 926 29 20 a.
925 924 106 31 synes
1049 915 47 29 ha
1114 914 66 30 fått
1199 914 52 29 till
1269 913 112 30 effekt
1397 922 46 20 en
1461 911 187 39 väsentligt
1667 909 90 31 ökad

256 970 303 38 investeringslust
580 969 11 29 i
612 969 65 29 den
697 968 137 39 privata
855 967 151 29 sektorn.
1028 965 132 30 Genom
1181 963 252 38 återbetalning
1455 972 42 19 av
1517 961 96 30 förut
1635 960 123 30 sterili-

258 1021 120 29 serade
403 1020 87 39 pris-
516 1020 66 29 och
609 1014 593 43 konjunkturutjämningsavgifter
1228 1014 64 29 har
1319 1012 176 39 åtskilliga
1522 1011 135 39 företag
1683 1010 10 29 1
1720 1010 39 29 år

260 1071 137 30 erhållit
425 1080 42 20 en
494 1067 447 39 likviditetsförstärkning.
969 1065 174 30 Tillstånd
1171 1067 49 27 att
1245 1066 38 28 ta
1310 1063 12 30 i
1351 1063 153 39 anspråk
1533 1061 123 33 medel,
1686 1069 74 21 som

259 1123 131 28 avsatts
408 1121 51 30 till
477 1118 369 40 investeringsfonder,
865 1117 64 29 har
947 1116 193 30 meddelats
1158 1115 10 29 i
1187 1113 185 39 väsentligt
1390 1112 126 39 vidgad
1536 1111 223 38 omfattning.

260 1172 167 38 Slutligen
448 1171 62 29 bör
533 1171 147 28 nämnas
702 1171 49 27 att
774 1168 66 29 den
862 1167 11 30 i
893 1167 101 29 våras
1016 1165 229 40 genomförda
1266 1163 323 38 räntesänkningen
1610 1160 150 39 bidragit

260 1224 50 27 att
333 1222 109 29 sänka
463 1219 278 31 kostnadsnivån
764 1218 56 30 för
843 1217 188 39 företagen.
1056 1216 109 30 Såvitt
1188 1224 47 20 nu
1258 1215 70 28 kan
1351 1213 165 30 bedömas
1539 1211 99 30 torde
1661 1211 98 29 dessa

260 1272 172 30 lättnader
452 1280 85 20 vara
558 1271 49 29 till
630 1270 115 39 fyllest
767 1269 54 29 för
842 1270 49 28 att
912 1276 37 30 ge
971 1267 179 38 företagen
1171 1266 10 28 i
1202 1264 191 30 allmänhet
1413 1262 206 38 erforderlig
1641 1261 121 30 stimu-

260 1323 77 29 lans
359 1322 10 29 i
391 1321 203 30 nuvarande
616 1321 83 38 läge.

305 1373 175 30 Utskottet
503 1371 60 29 vill
586 1370 118 30 vidare
727 1369 127 30 betona
877 1367 282 30 önskvärdheten
1183 1375 42 20 av
1248 1367 49 27 att
1322 1363 261 39 driftbudgeten
1606 1362 157 29 balanse-

262 1433 67 20 ras.
352 1424 73 28 Den
446 1422 10 29 i
480 1419 457 40 statsverkspropositionen
959 1419 25 28 B
1007 1416 197 39 framlagda
1226 1414 260 39 driftbudgeten
1508 1413 94 29 visar
1624 1414 48 27 ett
1695 1411 69 29 for-

263 1474 95 29 mellt
377 1472 178 30 överskott
573 1471 20 30 å
612 1471 41 29 24
671 1470 88 39 milj.
779 1470 64 34 kr.,
862 1468 106 30 vilket
986 1466 205 34 emellertid,
1205 1475 56 20 om
1276 1465 41 29 de
1331 1463 238 40 föreliggande
1599 1462 165 29 motions-

263 1523 202 40 yrkandena
488 1522 113 30 skulle
623 1521 106 29 vinna
749 1520 99 29 bifall
872 1519 64 29 och
958 1527 57 21 om
1037 1518 139 38 hänsyn
1197 1518 53 27 tas
1273 1515 50 29 till
1348 1512 337 39 skattesänkningen
1707 1511 57 29 vid

264 1573 259 39 inbetalningen
548 1581 42 20 av
611 1571 168 29 källskatt
801 1569 109 30 redan
932 1568 42 30 fr.
998 1577 29 20 o.
1051 1577 46 19 m.
1122 1564 400 42 septemberuppbörden
1545 1563 11 29 i
1579 1562 49 34 år,
1653 1557 111 48 skulle

265 1624 156 39 förbytas
443 1623 10 29 i
475 1625 47 28 ett
546 1621 207 30 underskott
786 1620 10 30 å
818 1619 161 39 omkring
1002 1617 62 31 200
1088 1617 88 39 milj.
1199 1617 51 28 kr.
1274 1617 12 28 I
1310 1615 94 30 detta
1428 1613 256 38 sammanhang
1705 1611 59 29 vill

265 1675 169 29 utskottet
459 1673 137 39 påpeka
624 1674 48 27 att
699 1671 53 29 för
779 1673 48 27 ett
853 1670 71 29 helt
949 1668 170 40 budgetår
1143 1667 99 30 torde
1269 1666 65 29 den
1362 1667 97 27 extra
1484 1663 281 39 bolagsskattens

264 1724 228 39 borttagande
514 1722 169 30 innebära
705 1730 42 20 en
770 1719 204 39 minskning
997 1728 41 20 av
1063 1717 330 30 statsinkomsterna
1415 1714 79 29 med
1518 1713 162 38 omkring
1704 1711 61 30 250

265 1775 87 39 milj.
373 1775 50 28 kr.

308 1825 174 29 Utskottet
500 1824 71 29 kan
591 1832 42 20 av
651 1831 87 20 ovan
758 1821 149 39 angivna
928 1820 75 29 skäl
1022 1819 72 28 inte
1112 1817 175 39 tillstyrka
1306 1815 99 30 bifall
1424 1815 52 29 till
1496 1814 41 29 de
1558 1813 207 38 föreliggan-

266 1875 40 29 de
333 1874 229 30 motionerna.
589 1873 74 29 Den
689 1874 97 27 extra
811 1870 262 39 bolagsskatten
1099 1868 62 29 bör
1189 1867 132 29 således
1347 1865 107 39 enligt
1481 1864 189 29 utskottets
1697 1871 68 20 me-

265 1925 93 39 ning,
381 1924 77 29 med
481 1923 196 30 bevarande
701 1931 40 20 av
764 1922 79 28 dess
866 1919 238 41 provisoriska
1126 1918 177 32 karaktär,
1327 1916 71 29 tills
1420 1915 119 29 vidare
1563 1913 202 29 bibehållas.

266 1974 200 30 Emellertid
487 1974 63 29 bör
573 1973 114 29 denna
708 1972 93 29 skatt
825 1970 128 30 sänkas
974 1970 83 29 eller
1080 1967 180 31 avskaffas
1282 1967 11 29 i
1316 1968 47 28 ett
1385 1964 285 40 konjunkturellt
1692 1963 74 38 läge

269 2035 41 20 av
336 2026 65 28 den
427 2026 63 32 art,
517 2026 50 28 att
593 2033 41 19 en
661 2022 108 30 sådan
795 2021 122 39 åtgärd
941 2020 171 39 påkallas,
1138 2018 81 29 eller
1245 2017 44 29 då
1315 2016 65 29 den
1407 2025 40 20 av
1474 2013 292 31 statsfinansiella

267 2076 74 29 skäl
361 2076 68 28 kan
449 2075 178 28 undvaras
646 2073 81 29 eller
747 2072 64 29 ock
832 2072 70 28 kan
921 2071 148 29 ersättas
1090 2078 40 20 av
1151 2068 108 29 andra
1280 2066 294 30 statsinkomster.
1595 2065 58 29 Ett
1673 2064 94 28 över-

267 2126 154 39 vägande
449 2134 40 20 av
516 2123 280 39 bolagsskattens
824 2120 174 39 sänkning
1025 2120 62 29 bör
1114 2118 154 40 givetvis,
1297 2126 73 20 som
1397 2116 58 29 vid
1482 2115 95 30 olika
1603 2113 163 31 tillfällen

266 2175 223 34 framhållits,
514 2175 61 29 ske
598 2174 9 29 i
633 2173 168 30 samband
825 2171 79 30 med
927 2170 201 30 införandet
1152 2178 41 20 av
1215 2177 42 20 en
1281 2167 44 39 på
1349 2164 337 41 arbetsgivarbidrag
1710 2163 57 29 ba-

268 2227 99 29 serad
389 2225 127 39 lagfäst
538 2221 388 43 tjänstepensionering.

315 2327 116 29 Under
452 2326 66 29 den
540 2325 96 29 förra
657 2323 186 39 riksdagen
865 2322 94 29 detta
980 2322 38 29 år
1039 2320 64 29 har
1124 2319 185 38 riksdagen
1332 2316 132 39 antagit
1487 2315 130 38 förslag
1639 2323 56 20 om
1718 2322 53 20 ex-

271 2379 53 27 tra
347 2376 309 30 skatteinkomster
678 2374 44 39 på
743 2373 131 29 inemot
897 2371 62 29 400
982 2370 89 39 milj.
1094 2370 63 32 kr.,
1179 2367 214 39 väsentligen
1416 2376 41 19 av
1480 2366 66 29 den
1570 2363 202 38 anledning-

271 2437 41 19 en
335 2430 49 27 att
406 2426 111 29 medel
541 2425 111 29 måste
674 2422 184 31 anskaffas
881 2421 54 30 för
957 2421 40 29 de
1020 2419 112 31 ökade
1154 2418 191 39 utgifterna
1368 2417 54 29 för
1445 2416 182 29 försvaret.
1650 2415 122 28 Denna

273 2487 41 20 av
341 2477 160 38 samtliga
528 2476 109 29 större
663 2474 129 39 partier
819 2471 185 40 godkända
1030 2469 122 40 åtgärd
1178 2469 135 38 vidtogs
1340 2466 120 30 därför
1487 2468 49 27 att
1563 2465 57 30 det
1647 2462 125 38 ansågs
