1892 2780
410 192 407 39 Bevillningsutskottets
838 190 220 30 betänkande
1078 200 41 19 nr
1139 191 26 28 B
1186 190 19 28 9
1225 190 38 29 år
1286 190 83 28 1958
1629 190 19 29 5

140 277 39 29 år
198 276 90 30 visat
309 286 41 20 en
375 276 232 39 stagnerande
629 277 64 28 och
715 278 22 27 t.
761 285 29 20 o.
813 284 45 20 m.
881 274 105 39 något
1008 274 149 30 vikande
1180 274 156 29 tendens.
1360 272 280 40 Ökningstakten

142 328 63 29 har
220 327 88 30 varit
325 327 92 39 lägre
433 328 45 28 än
492 326 157 39 tidigare.
666 326 50 30 Av
732 327 87 28 stort
835 325 147 29 intresse
999 324 55 30 för
1069 324 216 30 bedömande
1300 333 43 21 av
1359 324 67 29 den
1442 324 65 29 här
1524 323 119 31 disku-

143 377 115 29 terade
279 377 123 39 frågan
424 386 56 20 om
502 377 67 29 den
591 378 96 29 extra
708 376 281 39 bolagsskattens
1012 375 169 30 inverkan
1203 376 43 38 på
1269 374 286 39 skatteunderiag
1578 374 63 29 och

142 428 52 28 lill
222 427 225 40 beskattning
473 427 203 30 redovisade
702 427 132 30 vinster
862 428 38 28 är
928 427 179 29 dessutom
1135 427 50 28 att
1213 435 45 24 se,
1287 426 68 28 hur
1382 425 260 39 aktiebolagens

143 477 327 39 beskattningsbara
500 477 193 30 inkomster
723 477 177 30 utvecklat
930 476 51 40 sig
1011 477 110 29 under
1151 476 83 30 åren
1263 476 88 30 efter
1381 476 67 30 den
1477 475 165 39 förhöjda

147 528 251 29 skattesatsens
430 528 284 39 genomförande.
747 528 102 28 Trots
880 529 50 27 att
962 526 414 40 industriproduktionen
1407 526 90 30 visat
1529 526 113 39 någon

142 577 86 40 årlig
247 578 131 39 ökning
396 596 44 3 —
458 578 112 29 ehuru
590 579 93 38 lägre
702 580 45 28 än
767 578 145 38 tidigare
931 596 44 3 -—
994 578 64 29 har
1077 578 41 29 de
1138 577 328 39 beskattningsbara
1488 577 155 29 inkoms-

142 630 98 27 lerna
263 628 155 30 minskat
440 628 80 30 från
546 628 82 30 1954
654 628 52 29 till
731 628 82 30 1955
837 629 78 29 med
939 629 52 33 0,9
1019 628 31 34 Z
1078 629 64 29 och
1166 628 79 29 från
1272 628 81 30 1955
1378 628 52 29 till
1456 628 83 29 1956
1562 628 79 29 med

144 678 71 33 12,5
240 678 47 33 7.
307 679 52 28 En
379 679 171 39 väsentlig
568 678 159 40 nedgång
747 679 11 28 i
778 678 321 39 skatteunderlaget
1119 679 64 29 har
1204 678 148 30 sålunda
1373 678 173 30 inträffat.
1568 678 74 29 Den

142 728 107 39 höjda
268 728 234 30 skattesatsen
522 729 52 29 till
594 730 86 28 trots
701 729 133 39 uppgår
854 729 177 39 ökningen
1050 729 10 29 i
1081 730 131 28 statens
1233 729 194 29 inkomster
1447 738 43 21 av
1508 729 134 39 bolags-

144 779 138 29 skatten
305 779 106 29 sedan
436 779 93 34 1954,
552 779 56 30 det
632 781 136 28 senaste
791 779 72 30 året
889 780 74 29 före
987 780 252 29 skattesatsens
1262 779 158 40 höjning,
1445 780 123 29 endast
1591 780 52 29 till

146 829 38 29 72
205 828 88 38 mili.
316 829 51 29 kr.

186 879 121 30 Denna
328 880 160 38 nedgång
509 880 10 29 i
542 880 56 29 det
621 880 107 30 totala
751 880 321 39 skatteunderlaget
1095 881 53 29 för
1171 881 177 38 företagen
1374 881 97 29 torde
1495 880 51 30 till
1571 882 72 28 stor

141 929 54 29 del
219 929 98 30 finna
338 930 54 29 sin
413 930 196 39 förklaring
629 930 10 29 i
660 931 157 39 följande
839 931 307 39 omständigheter.

186 980 64 28 Det
278 982 119 27 senast
426 980 203 30 redovisade
660 981 321 39 skatteunderlaget
1011 981 55 30 för
1094 981 198 39 aktiebolag
1323 992 43 19 m.
1399 982 36 29 fl.
1466 982 176 39 juridiska

143 1038 163 30 personer
326 1048 44 3 —:
392 1030 55 30 för
469 1031 318 29 verksamhetsåret
813 1031 82 30 1956
918 1050 44 2 —
983 1031 118 30 visade
1124 1033 48 28 ett
1196 1032 233 39 sammanlagt
1452 1032 124 40 belopp
1601 1042 42 20 av

143 1079 96 30 2294
256 1079 87 40 milj.
362 1080 51 30 kr.
433 1081 139 29 Räknat
588 1081 44 39 på
650 1082 48 29 ett
717 1081 78 30 med
813 1082 77 38 fyra
908 1084 144 37 procent
1070 1082 133 39 förhöjt
1222 1082 286 39 skatteunderlag
1530 1083 113 30 skulle

142 1131 96 27 extra
257 1129 262 40 bolagsskatten
540 1131 24 29 f.
584 1140 33 20 n.
639 1139 38 31 ge
697 1140 40 21 ca
758 1131 62 30 240
841 1131 88 39 milj.
951 1132 139 29 kronor.
1111 1133 66 29 För
1198 1133 50 29 att
1268 1133 262 39 bolagsskatten
1553 1134 89 29 skall

143 1187 37 31 ge
201 1189 133 21 samma
354 1181 154 29 intäkter
529 1181 57 30 vid
606 1181 41 30 40
667 1184 162 37 procents
850 1183 98 39 uttag
972 1192 74 20 som
1066 1183 56 29 vid
1144 1183 41 30 50
1206 1185 153 37 procent,
1380 1183 112 30 måste
1514 1184 128 29 skatte-

143 1231 201 38 underlaget
367 1231 67 30 öka
458 1232 79 29 med
561 1232 40 30 25
625 1234 154 37 procent.
803 1233 65 29 Det
892 1233 97 30 torde
1014 1233 72 30 inte
1109 1242 82 22 vara
1217 1233 213 32 orealistiskt
1455 1236 50 28 att
1531 1235 111 29 räkna

142 1281 78 29 med
245 1283 52 27 att
324 1283 47 27 ett
398 1282 234 30 avskaffande
657 1292 44 21 av
729 1284 97 29 extra
853 1283 262 40 bolagsskatten
1142 1285 159 29 kommer
1329 1286 50 28 att
1407 1285 77 29 leda
1513 1285 52 29 till
1591 1287 51 28 att

142 1331 321 40 skatteunderlaget
486 1333 138 29 relativt
645 1333 125 30 snabbt
791 1333 72 30 åter
885 1334 137 39 uppnår
1045 1334 10 29 i
1075 1334 97 39 varje
1194 1335 62 29 fall
1281 1335 81 30 1955
1385 1336 57 29 års
1464 1335 91 30 nivå.
1577 1336 65 29 Det

143 1381 113 29 skulle
273 1381 128 40 betyda
418 1384 50 28 att
486 1383 102 39 drygt
605 1383 135 30 hälften
760 1393 41 20 av
819 1384 202 30 intäkterna
1040 1394 41 21 av
1099 1386 96 28 extra
1215 1385 295 39 företagsskatten
1530 1386 113 29 skulle

146 1431 212 31 omedelbart
377 1432 201 30 återvinnas
598 1432 54 31 för
672 1434 72 29 helt
764 1434 39 29 år
822 1435 137 29 räknat.
979 1435 65 29 Det
1062 1435 61 29 bör
1144 1435 211 34 observeras,
1376 1438 51 28 att
1447 1436 198 39 företagens

139 1481 146 30 intresse
308 1484 49 27 att
379 1483 190 29 verkställa
590 1483 342 39 vinstdispositioner
955 1485 80 29 med
1057 1485 137 39 hänsyn
1218 1486 51 29 till
1293 1486 66 29 den
1382 1486 169 39 tillfälligt
1575 1486 69 29 för-

143 1532 109 39 höjda
275 1532 234 30 skattesatsen
534 1533 112 29 skulle
670 1533 174 32 bortfalla.
870 1535 332 39 Uppskattningsvis
1228 1536 97 29 torde
1351 1536 293 30 skattebortfallet

145 1582 79 29 med
242 1582 137 39 hänsyn
397 1585 103 37 tagen
520 1583 52 30 till
591 1583 64 30 här
673 1584 148 30 berörda
840 1584 93 30 olika
953 1584 156 30 faktorer
1127 1586 64 29 och
1212 1586 51 30 till
1283 1586 67 29 den
1370 1586 147 40 kraftigt
1537 1587 107 39 höjda

145 1632 332 31 kvarskatteräntan
499 1633 55 30 för
576 1635 99 28 nästa
700 1634 169 39 budgetår
892 1635 120 30 kunna
1035 1636 172 29 beräknas
1231 1636 51 30 till
1306 1646 39 20 ca
1370 1637 61 30 100
1455 1637 87 40 milj.
1567 1639 78 28 kro-

145 1690 73 22 nor.
237 1682 122 31 Denna
378 1683 119 39 kalkyl
517 1684 126 39 bygger
663 1684 103 30 alltså
784 1686 86 29 även
889 1686 46 39 på
954 1685 298 40 förutsättningen
1272 1688 50 28 att
1341 1688 114 29 beslut
1475 1698 56 20 om
1553 1689 92 29 skat-

147 1734 75 27 tens
238 1733 166 39 slopande
421 1733 108 31 fattas
543 1734 59 30 vid
619 1735 235 31 innevarande
871 1736 145 39 riksdag
1031 1738 77 29 med
1125 1737 131 30 verkan
1273 1737 42 30 fr.
1334 1746 29 21 o.
1380 1748 45 20 m.
1443 1739 202 39 taxeringen

145 1782 38 29 år
207 1783 93 29 1959.
324 1783 46 30 På
392 1784 119 38 längre
534 1784 69 30 sikt
628 1785 97 29 torde
747 1794 43 21 en
812 1785 166 40 återgång
1000 1786 51 30 till
1074 1787 66 29 den
1164 1787 145 39 tidigare
1333 1788 160 39 gällande
1517 1789 127 30 skatte-

144 1834 115 27 satsen
281 1842 40 20 av
342 1833 40 29 40
404 1837 143 35 procent
568 1837 77 27 rent
667 1845 41 19 av
729 1836 101 29 ställa
853 1836 50 38 sig
924 1844 269 31 gynnsammare
1216 1838 53 29 för
1292 1839 218 29 statskassan
1533 1840 44 29 än
1599 1842 46 27 ett

141 1882 242 30 bibehållande
406 1893 41 20 av
470 1885 202 29 nuvarande
695 1886 314 38 50-procentsnivå.

800 2039 179 34 Utskottet

186 2133 172 29 Utskottet
380 2134 58 29 vill
462 2134 48 29 till
534 2144 41 20 en
597 2135 124 39 början
744 2135 188 30 framhålla
954 2139 48 27 att
1025 2137 339 39 konjunkturbilden
1387 2139 9 28 i
1418 2139 130 38 dagens
1570 2140 74 37 läge

141 2183 37 28 är
195 2192 41 20 en
255 2183 70 29 hell
344 2193 116 20 annan
480 2185 43 29 än
542 2185 38 29 år
600 2185 93 35 1955,
712 2185 44 29 då
771 2186 68 29 den
859 2186 143 39 skärpta
1021 2187 267 38 beskattningen
1307 2197 41 20 av
1366 2189 196 38 aktiebolag
1580 2189 64 29 och

142 2233 227 28 ckonomiska
398 2233 202 39 föreningar
627 2235 255 38 genomfördes.
911 2236 74 29 Den
1014 2237 291 38 högkonjunktur
1334 2247 73 19 som
1437 2238 68 29 rått
1535 2239 110 28 under

143 2282 40 28 de
207 2284 135 27 senaste
365 2283 82 29 åren
471 2283 64 29 har
557 2284 166 38 påtagligt
747 2287 153 27 matlats.
925 2286 77 28 Som
1029 2286 211 29 framhållits
1264 2287 8 28 i
1297 2288 350 38 statsverksproposi-

146 2331 114 29 tionen
287 2333 24 28 B
337 2333 37 28 är
399 2333 57 28 det
483 2333 122 39 tydligt
631 2336 48 26 alt
706 2334 479 39 produktionsutvecklingen
1213 2337 109 28 under
1348 2336 236 30 innevarande
1609 2337 38 30 år

145 2380 66 29 blir
231 2390 41 20 av
291 2382 256 38 blygsammare
567 2383 213 39 omfattning
800 2386 43 28 än
864 2385 111 29 under
995 2385 41 30 de
1055 2387 156 28 närmast
1232 2386 207 38 föregående
1459 2387 94 30 åren.
1572 2388 73 29 Den

145 2433 135 28 senaste
306 2432 113 29 tidens
444 2433 229 30 ekonomiska
699 2435 199 37 utveckling
924 2437 90 28 samt
1040 2435 40 29 de
1106 2436 152 29 aktuella
1286 2437 362 38 utvecklingstenden-

142 2490 100 20 serna
262 2482 250 40 understryker
531 2483 197 39 betydelsen
750 2494 40 19 av
809 2487 47 27 att
878 2485 130 29 sådana
1028 2485 160 38 åtgärder
1207 2486 154 38 vidtages
1381 2496 73 19 som
1476 2487 67 29 kan
1564 2496 80 20 vara
