1904 2806
262 151 41 31 36
672 158 111 29 Första
806 159 225 37 lagutskottets
1054 163 166 29 utlåtande
1242 164 46 28 Nr
1308 166 48 28 36.

267 229 37 29 så
324 227 187 33 vidsträckt
530 230 222 44 formulering
771 234 38 30 är
828 234 90 33 blott
936 236 109 41 ägnad
1067 239 49 29 att
1136 239 80 40 göra
1236 241 59 29 ont
1316 241 103 30 värre.
1453 241 49 41 Ty
1523 241 66 32 den
1611 242 150 42 betyder,

265 279 49 30 att
338 290 77 20 man
440 280 122 32 frestar
585 281 259 44 lagstiftningen
868 287 118 30 utöver
1009 287 80 31 dess
1113 288 158 42 förmåga.
1306 290 119 31 Redan
1449 291 64 31 den
1537 303 46 20 nu
1607 293 154 41 gällande

266 328 99 42 lagen
394 340 100 31 synes
523 333 212 42 väsentligen
762 334 44 31 ha
833 336 181 32 resulterat
1040 337 11 30 i
1080 339 49 30 att
1157 339 216 41 fängelserna
1401 341 100 41 fyllas
1530 343 77 31 med
1635 344 127 41 rattfyl-

264 379 145 40 lerister,
435 383 80 30 utan
541 384 50 30 att
616 394 76 21 man
717 386 114 40 spårat
856 388 103 39 några
983 388 172 42 egentliga
1181 389 95 32 bevis
1303 391 55 30 för
1383 393 49 29 att
1458 403 76 20 man
1560 393 77 31 med
1663 394 99 41 lagen

265 430 131 42 lyckats
411 432 189 43 nedbringa
615 435 293 42 trafikolyckorna.
935 437 48 31 Är
997 438 58 31 det
1070 450 47 20 nu
1133 439 117 42 riktigt
1263 460 42 3 —
1320 442 65 30 vad
1400 453 72 20 som
1489 443 105 31 bland
1609 444 153 32 krimina-

265 481 144 33 listerna
428 494 101 30 synes
550 495 81 21 vara
651 496 40 20 en
712 486 161 42 tämligen
897 487 122 32 allmän
1041 488 91 32 åsikt
1151 509 41 3 —
1212 492 49 29 att
1283 491 42 31 de
1345 491 97 32 korta
1463 493 298 41 fängelsestraffen

265 533 58 30 äro
348 533 162 41 gagnlösa
534 546 40 19 ur
598 536 283 42 straffsynpunkt,
907 539 37 30 så
967 538 65 31 kan
1057 538 59 32 det
1139 539 102 32 redan
1266 541 11 30 i
1304 541 184 43 anledning
1511 554 41 20 av
1577 544 57 31 det
1658 541 104 50 sagda

265 582 202 40 diskuteras,
490 584 170 33 huruvida
681 587 71 31 icke
775 587 66 32 den
863 588 274 35 hittillsvarande
1159 592 97 41 lagen
1278 592 73 32 helt
1373 593 114 32 enkelt
1507 594 87 31 varit
1617 606 41 20 en
1680 606 81 20 sam-

264 633 225 44 hällsskadlig
515 636 206 32 institution.
759 638 61 32 Att
851 650 40 20 en
919 640 104 31 sådan
1051 640 64 42 lag,
1144 652 71 21 som
1242 643 169 33 utskottet
1437 644 186 42 föreslagit,
1652 645 109 32 skulle

265 685 155 32 medföra
448 688 111 40 någon
592 687 204 43 förbättring
826 689 11 31 i
868 690 222 33 förevarande
1120 693 166 32 avseende
1317 693 93 33 finns
1441 694 101 42 ingen
1573 696 108 41 grund
1712 699 49 29 att

264 738 132 40 antaga.
430 738 51 30 Av
504 738 58 32 det
587 739 150 42 följande
759 741 99 31 torde
882 741 137 42 framgå,
1043 744 50 30 att
1117 754 41 21 en
1182 744 105 31 sådan
1311 744 55 42 lag
1389 745 72 32 icke
1484 746 66 31 kan
1574 758 99 20 anses
1697 747 64 32 till-

263 787 263 34 fredsställande
548 789 147 42 fullgöra
715 791 202 32 funktionen
938 794 49 30 att
1007 804 185 30 prevenera
1214 797 70 29 mot
1306 795 65 32 den
1393 796 247 42 straffbelagda
1660 797 100 32 hand-

263 837 126 43 lingen.
422 839 80 31 Men
525 840 331 42 fängelseklientelet
878 843 95 32 torde
996 855 123 30 genom
1141 856 40 20 en
1204 846 105 31 sådan
1335 846 54 42 lag
1411 847 196 42 ytterligare
1629 848 133 32 komma

264 890 49 30 att
339 889 91 33 ökas.
468 889 113 33 Såvitt
607 902 75 21 man
707 892 63 31 kan
796 893 118 38 förstå,
940 894 201 32 framträder
1165 895 119 32 härvid
1311 907 41 21 en
1377 897 146 32 särskild
1549 898 104 31 social
1679 899 80 37 fara,

263 940 172 42 nämligen
454 941 200 42 spridandet
675 944 78 30 över
772 943 118 32 landet
908 955 40 20 av
969 945 219 42 ringaktning
1207 946 53 31 för
1279 947 141 31 allvaret
1439 948 12 30 i
1471 948 290 41 fängelsestraffet

264 991 206 32 överhuvud.
502 992 49 42 Ty
571 1004 42 20 en
635 994 120 41 mängd
775 1005 41 20 av
835 994 41 32 de
896 995 182 42 infångade
1099 996 317 42 ”rattfylleristerna'
1436 998 134 32 komma
1587 999 62 31 hos
1669 1001 91 30 stora

264 1041 96 32 delar
381 1053 39 20 av
442 1043 228 32 allmänheten
692 1044 185 42 ingalunda
898 1048 48 29 att
968 1046 142 32 framstå
1131 1049 111 30 såsom
1265 1059 54 20 om
1343 1048 41 33 de
1406 1048 116 42 begått
1544 1052 104 39 något
1668 1050 92 31 brott

263 1094 82 30 utan
371 1095 112 30 såsom
508 1105 54 20 om
588 1094 43 32 de
658 1095 105 32 utfört
788 1096 73 31 helt
885 1096 209 32 klanderfria
1117 1097 211 42 handlingar.
1365 1098 61 32 Att
1451 1099 309 33 straffanstalterna

263 1145 42 40 på
328 1143 95 32 detta
445 1146 66 30 sätt
535 1145 129 32 förlora
685 1146 59 31 sitt
768 1146 188 33 'anseende'
980 1158 74 21 som
1080 1149 267 32 straffanstalter
1368 1149 11 31 i
1403 1149 245 33 allmänhetens
1672 1152 86 40 ögon

263 1196 109 30 måste
391 1195 100 31 verka
508 1207 42 20 en
569 1207 72 20 mer
659 1196 80 32 eller
757 1197 132 33 mindre
907 1198 188 42 höggradig
1113 1199 195 42 minskning
1326 1199 11 31 i
1355 1200 180 41 respekten
1554 1201 54 30 för
1626 1201 134 31 straffet

263 1247 44 39 på
324 1245 69 32 alla
410 1246 159 32 områden
589 1246 63 32 och
670 1247 11 31 i
701 1248 236 32 motsvarande
955 1249 82 41 grad
1055 1249 78 31 leda
1151 1249 52 31 till
1221 1260 42 20 en
1282 1250 127 41 ökning
1426 1261 40 20 av
1485 1250 273 42 brottsligheten.

263 1295 123 33 Denna
402 1296 213 33 konsekvens
633 1298 200 32 framträder
848 1299 218 41 naturligtvis
1083 1298 72 33 icke
1172 1301 127 40 genast.
1328 1300 75 31 Den
1422 1302 35 29 är
1474 1301 197 32 överhuvud
1688 1301 72 32 icke

264 1346 113 32 direkt
395 1347 199 42 iakttagbar.
626 1348 75 31 Den
720 1348 64 32 kan
804 1349 105 31 likväl
927 1349 93 32 bliva
1039 1350 189 41 ödesdiger.

315 1397 83 32 Med
415 1397 131 42 hänsyn
565 1398 55 31 till
639 1399 57 32 det
713 1399 105 42 sagda
837 1402 159 29 ävensom
1014 1400 54 31 till
1087 1400 172 42 åtskilliga
1278 1401 191 32 oklarheter
1488 1402 73 31 dels
1580 1403 107 41 ifråga
1706 1414 53 20 om

262 1447 223 43 blodprovets
501 1448 179 42 betydelse
697 1450 72 31 dels
788 1450 61 31 ock
867 1450 107 42 ifråga
991 1461 54 20 om
1064 1451 203 41 farligheten
1285 1452 54 30 för
1356 1452 146 32 trafiken
1519 1453 11 30 i
1550 1453 209 42 förtäringen

262 1509 40 21 av
328 1499 94 32 vissa
446 1499 131 33 mindre
604 1500 342 32 alkoholkvantiteter
970 1501 61 32 har
1056 1502 58 41 jag
1138 1503 119 37 ansett,
1285 1504 49 29 att
1361 1503 167 31 utskottet
1552 1503 106 32 borde
1683 1504 76 31 med

262 1550 118 42 avslag
399 1552 19 29 å
437 1550 259 42 propositionen
717 1551 61 31 och
799 1551 212 32 motionerna
1032 1552 181 31 hemställa
1232 1563 54 21 om
1307 1564 41 20 en
1369 1564 53 31 ny,
1443 1565 91 20 mera
1556 1554 138 42 allsidig
1712 1557 47 29 ut-

263 1600 146 43 redning
424 1601 62 32 och
502 1603 48 30 ett
567 1601 105 42 därpå
688 1601 144 42 grundat
848 1602 136 41 förslag.
1012 1602 53 31 Då
1082 1602 111 32 denna
1207 1603 90 31 åsikt
1312 1603 73 32 icke
1402 1603 107 32 delats
1527 1615 40 20 av
1583 1604 175 38 utskottet,

261 1651 62 32 har
342 1651 58 42 jag
419 1651 113 32 funnit
551 1652 71 41 mig
640 1651 83 32 böra
742 1652 186 42 framlägga
947 1655 48 29 ett
1014 1653 146 42 positivt
1180 1653 128 42 förslag
1327 1654 54 31 till
1401 1654 172 32 straffbud
1594 1657 69 29 mot
1683 1657 76 29 ratt-

262 1702 125 42 fylleri,
415 1702 105 33 vilket
544 1703 131 42 förslag
698 1703 55 42 jag
778 1703 202 42 visserligen
1004 1723 43 3 —
1071 1705 44 40 på
1140 1704 107 41 grund
1274 1715 40 20 av
1339 1705 66 31 vad
1429 1704 56 42 jag
1509 1705 250 42 inledningsvis

260 1753 147 32 nämnde
427 1772 43 5 —
489 1753 73 32 icke
585 1753 113 32 finner
718 1765 79 20 vara
818 1766 41 19 ur
879 1754 378 42 lagstiftningspolitisk
1279 1755 173 41 synpunkt
1475 1755 79 33 fullt
1576 1756 181 37 rationellt,

261 1815 77 21 men
360 1815 74 21 som
457 1804 84 32 dock
563 1815 102 31 synes
688 1804 67 42 mig
775 1804 46 32 ha
841 1805 66 31 den
929 1805 215 41 förtjänsten,
1167 1807 48 30 att
1235 1805 215 42 lagstiftaren
1472 1806 77 31 med
1571 1806 78 32 dess
1671 1808 87 30 anta-

261 1855 111 42 gande
390 1855 72 32 icke
480 1857 149 40 spänner
646 1855 53 32 sin
715 1855 85 42 båge
820 1858 46 35 så,
885 1857 49 30 att
952 1856 65 31 den
1036 1855 134 32 brister.

314 1906 70 32 Det
412 1908 37 30 är
476 1906 267 42 uppenbarligen
773 1917 43 20 en
845 1906 213 42 samhällelig
1086 1906 255 42 angelägenhet,
1371 1909 50 29 att
1449 1907 224 42 nykterheten
1701 1908 57 31 vid

261 1959 111 30 ratten
393 1959 37 29 är
449 1957 132 32 allmän.
614 1957 61 32 Att
694 1957 87 31 blott
802 1968 123 31 genom
944 1957 218 42 lagstiftning
1181 1957 82 32 söka
1284 1958 234 32 åstadkomma
1536 1959 125 31 allmän
1680 1958 77 42 nyk-

261 2007 112 33 terhet
396 2008 57 31 vid
477 2010 111 29 ratten
612 2009 37 30 är
674 2008 84 31 dock
781 2008 74 32 icke
880 2008 188 41 tillrådligt,
1095 2010 80 30 enär
1198 2008 94 32 detta
1315 2008 109 32 skulle
1449 2009 169 32 innefatta
1641 2021 41 20 en
1705 2021 53 20 an-

259 2059 174 41 vändning
449 2070 40 20 av
505 2059 100 42 lagen
623 2060 117 31 utöver
758 2059 129 31 dennas
905 2060 150 40 förmåga
1073 2061 50 30 att
1141 2059 107 32 verka.
1279 2060 105 31 Detta
1402 2060 96 31 torde
1517 2059 84 32 böra
1618 2060 139 32 beaktas

260 2109 73 33 icke
355 2109 90 32 blott
465 2112 174 40 gentemot
660 2112 47 29 ett
728 2110 117 31 försök
865 2112 51 29 att
935 2121 120 30 genom
1077 2110 171 31 straffbud
1270 2110 232 32 åstadkomma
1523 2122 26 20 s.
1571 2111 30 31 k.
1623 2111 135 42 helnyk-

260 2161 113 32 terhet
399 2160 57 32 vid
482 2162 111 30 ratten
621 2162 80 30 utan
729 2163 84 29 även
840 2163 172 39 gentemot
1038 2160 161 32 försöken
1225 2163 49 29 att
1301 2172 121 31 genom
1451 2161 173 32 straffbud
1650 2162 108 31 förmå

260 2211 201 33 chauffören
484 2213 49 30 att
555 2213 113 40 någon
690 2211 50 32 tid
762 2211 74 32 före
860 2211 83 32 eller
964 2211 109 32 under
1095 2211 186 42 körningen
1305 2211 73 32 icke
1402 2212 127 31 förtära
1550 2212 137 32 alkohol
1710 2214 47 29 ut-

260 2263 81 31 över
362 2262 71 33 viss
454 2262 131 32 mindre
607 2262 173 31 kvantitet.
815 2262 18 31 I
855 2273 117 21 senare
994 2261 184 33 avseendet
1200 2262 105 41 gäller
1328 2262 57 32 det
1407 2264 48 29 att
1478 2262 77 32 med
1577 2264 49 30 ett
1648 2262 109 32 straff-

258 2313 71 33 bud
348 2313 75 33 icke
441 2315 42 40 gå
503 2313 126 42 längre,
650 2315 42 29 än
711 2315 49 29 att
778 2313 155 42 grundad
952 2312 233 43 förhoppning
1203 2313 122 37 finnes,
1347 2315 49 29 att
1414 2312 106 32 budet
1539 2312 87 32 skall
1644 2312 114 32 kunna

259 2363 102 42 rycka
381 2364 65 32 den
465 2364 171 32 allmänna
653 2363 148 32 moralen
822 2363 77 32 med
919 2363 52 43 sig
990 2365 92 30 emot
1100 2363 65 32 den
1187 2363 245 42 straffbelagda
1451 2363 217 42 handlingen.
1690 2363 67 32 För

259 2415 49 31 att
345 2414 94 32 detta
473 2416 72 30 åter
580 2414 88 32 skall
692 2414 113 32 kunna
829 2414 69 37 ske,
924 2416 105 30 måste
1055 2414 208 41 handlingen
1288 2413 12 32 i
1325 2414 170 32 allmänna
1519 2413 238 32 medvetandet

260 2465 142 33 framstå
419 2467 111 31 såsom
549 2464 174 43 aggressiv
741 2467 92 30 emot
850 2466 51 30 ett
918 2464 119 33 socialt
1056 2464 110 31 värde.
1199 2464 217 32 Straffbudet
1434 2464 51 32 får
1504 2464 66 32 den
1589 2464 167 32 allmänna
