1908 2802
276 150 37 31 18
704 155 111 28 Första
838 155 227 35 lagutskottets
1087 155 167 28 utlåtande
1276 155 45 28 Nr
1348 155 47 28 36.

275 226 52 31 till
353 226 65 42 lag,
446 226 157 42 frågorna
629 238 56 20 om
710 227 124 42 vidgad
860 227 195 42 skyldighet
1081 229 54 30 för
1160 228 241 42 tjänsteläkare
1428 230 49 29 att
1503 230 76 39 taga
1604 227 168 42 blodprov

275 279 86 29 samt
386 288 55 20 om
467 277 138 41 lämplig
630 277 87 31 form
743 278 53 31 för
820 278 145 31 officiell
990 278 443 42 upplysningsverksamhet
1457 278 173 41 angående
1655 279 117 41 lagens

275 327 168 32 innebörd
463 327 34 32 få
516 330 166 39 upptagas
703 328 53 31 till
775 328 219 42 behandling.

325 378 18 30 I
364 378 152 41 enlighet
536 379 75 30 med
631 379 66 31 vad
718 379 347 41 utredningsmannen
1085 379 178 42 föreslagit
1282 379 97 32 torde
1401 379 182 42 ändringar
1601 379 84 32 böra
1706 380 67 31 vid-

276 431 94 39 tagas
388 428 11 31 i
418 429 19 30 2
455 428 62 32 och
535 429 18 31 5
571 427 42 43 $$
631 440 128 20 samma
775 429 55 42 lag
847 432 88 28 samt
952 430 11 30 i
983 429 55 42 1$
1055 429 98 42 lagen
1172 430 66 31 den
1255 430 38 31 31
1312 430 65 41 maj
1400 430 80 30 1934
1499 440 53 20 om
1569 430 203 31 blodunder-

276 479 146 41 sökning
447 479 12 30 i
487 479 169 38 brottmål,
685 480 38 30 21
751 479 21 42 8
799 481 16 29 1
842 491 99 20 mom.
970 480 501 41 motorfordonsförordningen
1498 480 61 31 och
1586 481 39 30 21
1653 479 20 42 &
1700 482 71 40 väg-

274 529 257 42 trafikstadgan.
563 530 68 31 För
652 530 66 31 den
738 532 151 29 närmare
911 530 211 32 innebörden
1143 541 40 21 av
1204 531 100 31 dessa
1323 530 294 42 ändringsförslag
1637 531 62 31 har
1718 531 55 41 jag

275 579 145 42 tidigare
448 580 181 41 redogjort.
668 580 55 31 En
749 580 272 42 huvudsakligen
1048 581 134 31 formell
1210 581 143 41 ändring
1379 581 63 31 bör
1469 583 82 29 även
1579 581 155 41 vidtagas
1761 582 11 30 i

275 630 245 42 förordningen
536 630 65 32 den
617 631 39 30 22
672 631 74 41 juni
764 631 79 31 1939
863 631 54 40 (nr
932 631 73 41 286)
1027 631 75 31 med
1118 632 93 31 vissa
1227 631 257 32 bestämmelser
1499 632 142 30 rörande
1658 632 113 31 skade-

274 680 359 42 ståndsskyldigheten
658 681 55 31 för
737 682 109 31 förare
871 691 41 21 av
936 682 245 38 motorfordon,
1207 682 257 41 motorredskap
1489 682 61 31 och
1575 682 196 41 traktortåg,

276 742 71 20 som
366 731 141 32 tillhöra
523 731 82 32 eller
622 732 130 41 nyttjas
771 743 40 20 av
828 734 122 29 staten.
980 732 18 31 I
1016 733 111 31 denna
1145 732 200 42 förordning
1363 733 148 41 stadgas,
1530 735 48 29 att
1597 733 54 30 för
1668 732 105 32 skada

275 782 11 30 1
313 782 89 41 följd
429 793 41 20 av
496 782 102 31 trafik
624 783 78 31 med
728 784 111 30 staten
865 783 170 41 tillhörigt
1061 783 82 31 eller
1169 794 41 20 av
1237 785 111 30 staten
1373 783 128 41 nyttjat
1526 783 245 37 motorfordon,

274 832 257 42 motorredskap
551 833 62 31 och
631 833 188 42 traktortåg
837 835 113 30 staten
969 835 53 29 må
1040 844 40 21 av
1099 833 176 32 fordonets
1294 834 111 32 förare
1426 834 139 31 utkräva
1583 834 190 41 ersättning

275 883 121 31 endast
411 883 12 31 i
440 883 91 31 vissa
547 883 68 38 fall,
632 883 106 32 bland
754 887 102 29 annat
872 894 56 20 om
943 884 134 31 föraren
1094 884 87 31 varit
1197 886 37 29 så
1250 884 170 41 påverkad
1436 895 40 20 av
1492 884 113 32 starka
1621 884 150 41 drycker,

274 935 49 29 att
347 933 68 31 han
439 933 66 32 kan
530 936 140 39 antagas
696 933 73 32 icke
794 934 86 31 hava
907 936 57 39 ägt
988 934 119 41 nödigt
1132 934 197 32 herravälde
1355 936 81 30 över
1460 935 74 31 sina
1558 935 212 41 handlingar.

274 984 105 32 Detta
402 984 134 42 uttryck
559 995 102 31 synes
685 984 84 32 böra
792 984 138 42 utbytas
954 986 71 30 mot
1047 996 41 20 en
1112 985 206 42 hänvisning
1340 985 54 31 till
1420 986 15 30 1
1462 986 62 31 och
1548 986 18 30 2
1589 985 43 42 $$
1656 986 11 30 i
1693 986 79 31 1934

274 1037 53 29 års
350 1035 64 41 lag.

325 1085 19 31 I
366 1085 198 42 anslutning
585 1086 53 31 till
661 1086 42 31 de
725 1097 40 20 av
787 1086 349 41 utredningsmannen
1159 1087 186 41 framlagda
1368 1087 338 42 ändringsförslagen
1729 1087 44 31 ha

274 1136 11 30 i
309 1136 41 31 de
374 1136 144 41 avgivna
540 1136 203 42 yttrandena
766 1137 198 41 ytterligare
988 1137 90 32 vissa
1103 1137 114 41 frågor
1240 1138 86 31 varit
1351 1138 143 31 föremål
1520 1138 52 31 för
1596 1138 176 42 uppmärk-

275 1186 139 32 samhet.
445 1187 19 31 I
482 1186 52 42 28
552 1187 98 42 lagen
670 1198 55 21 om
743 1187 340 42 blodundersökning
1102 1188 11 30 i
1132 1188 161 31 brottmål
1313 1189 148 41 stadgas,
1482 1191 49 29 att
1550 1191 68 29 rätt
1638 1191 49 29 att
1709 1189 62 31 för-

274 1237 147 32 anstalta
446 1248 54 21 om
525 1238 144 41 tagande
695 1249 41 20 av
760 1238 169 41 blodprov
954 1238 205 31 tillkommer
1184 1239 91 31 vissa
1299 1239 106 41 högre
1431 1239 215 41 tjänstemän,
1674 1242 96 35 samt,

274 1288 56 31 vid
354 1288 187 32 misstanke
567 1299 53 21 om
644 1289 183 41 rattfylleri
852 1289 84 31 eller
961 1289 60 31 där
1045 1289 101 40 eljest
1171 1289 72 31 fara
1267 1291 37 29 är
1327 1289 12 31 1
1365 1290 173 41 dröjsmål,
1564 1290 169 41 polisman
1760 1291 11 30 i

272 1338 286 42 befälsställning.
595 1339 50 31 På
681 1339 238 42 landsbygden
955 1339 61 31 har
1042 1340 56 31 det
1125 1340 198 37 emellertid,
1351 1340 108 41 enligt
1485 1341 62 31 vad
1575 1352 73 20 som
1676 1342 93 30 fram-

273 1390 127 37 hållits,
419 1390 71 31 ofta
506 1390 88 31 visat
610 1390 54 41 sig
681 1392 92 29 svårt
790 1392 48 29 att
855 1390 58 31 vid
931 1390 347 42 polisundersökning
1295 1391 11 31 i
1325 1391 70 38 fall,
1415 1391 44 31 då
1476 1391 182 42 rattfylleri
1678 1392 93 32 miss-

273 1440 128 37 tänkes,
425 1440 11 31 i
459 1442 87 30 rätta
568 1440 218 42 ögonblicket
808 1441 148 31 anträffa
979 1441 167 41 polisman
1170 1442 11 30 i
1204 1441 285 42 befälsställning.
1524 1442 68 32 Det
1615 1442 62 32 har
1701 1443 69 31 där-

273 1491 52 31 för
348 1491 207 41 ifrågasatts,
578 1493 49 29 att
650 1493 111 29 rätten
784 1493 49 29 att
856 1492 202 31 föranstalta
1081 1503 54 20 om
1159 1492 145 41 tagande
1327 1503 41 20 av
1391 1492 168 42 blodprov
1582 1493 107 32 borde
1714 1494 57 30 vid

274 1541 186 32 misstanke
483 1552 53 20 om
559 1541 184 41 rattfylleri
766 1542 189 31 tillkomma
978 1544 83 29 även
1084 1542 106 31 andra
1212 1543 177 41 polismän.

322 1592 126 31 Därest
469 1592 212 41 blodprovet,
704 1594 111 29 såsom
836 1604 46 19 nu
904 1603 107 27 avses,
1034 1593 93 41 gives
1150 1604 41 20 en
1214 1594 220 41 särställning
1456 1605 72 20 som
1549 1594 220 38 bevismedel,

273 1642 67 32 blir
361 1642 59 32 det
441 1642 269 42 uppenbarligen
733 1645 41 29 än
796 1654 71 20 mer
888 1643 177 42 angeläget
1087 1644 42 31 än
1152 1644 144 41 tidigare
1318 1647 50 29 att
1391 1645 121 31 sådant
1534 1656 83 30 prov
1640 1648 95 39 tages
1760 1646 10 30 i

273 1693 103 32 såvitt
398 1694 135 41 möjligt
555 1693 158 42 samtliga
734 1694 203 31 misstänkta
961 1694 68 31 fall.
1064 1695 68 31 Det
1156 1706 102 30 synes
1282 1695 30 41 ej
1338 1695 109 32 heller
1469 1696 132 31 behöva
1625 1696 145 37 befaras,

273 1746 49 29 att
346 1744 172 32 missbruk
541 1744 109 32 skulle
675 1744 69 38 ske,
770 1745 113 31 därest
907 1745 93 41 varje
1023 1745 170 41 polisman
1218 1746 127 31 erhölle
1369 1748 68 29 rätt
1462 1749 50 29 att
1534 1747 57 31 vid
1616 1747 155 41 grundad

272 1795 186 31 misstanke
484 1805 53 21 om
561 1795 183 41 rattfylleri
770 1795 162 32 förordna
958 1806 55 21 om
1038 1795 122 32 sådant
1184 1807 91 30 prov.
1311 1796 193 32 Föreskrift
1526 1797 117 32 härom
1669 1809 102 30 synes

273 1845 115 31 därför
407 1845 84 32 böra
510 1845 131 42 intagas
662 1845 12 31 i
694 1845 52 42 28
766 1846 98 41 lagen
885 1856 55 21 om
961 1846 338 42 blodundersökning
1319 1847 11 31 i
1351 1847 171 32 brottmål.

322 1896 17 31 I
365 1897 38 30 21
430 1895 21 42 5
477 1897 16 30 1
519 1907 96 20 mom.
642 1896 502 42 motorfordonsförordningen
1169 1897 94 42 givas
1288 1897 111 42 regler
1423 1908 54 21 om
1502 1898 205 42 indragning
1731 1910 39 20 av

272 1946 148 31 körkort.
454 1947 18 30 I
494 1948 48 30 ett
562 1946 73 32 icke
658 1947 97 41 ringa
776 1947 91 31 antal
888 1947 182 40 yttranden
1092 1947 44 32 ha
1159 1948 172 31 önskemål
1355 1948 141 32 uttalats
1520 1959 54 21 om
1597 1951 50 30 att
1670 1949 100 32 dessa

272 1997 110 42 regler
399 1997 107 32 borde
527 1997 139 42 skärpas
686 1999 120 30 utöver
825 1998 64 31 vad
910 1998 348 42 utredningsmannen
1278 1999 187 42 föreslagit.

321 2048 52 30 Av
404 2047 83 39 skäl,
519 2059 72 20 som
621 2048 351 42 utredningsmannen
1002 2049 121 38 anfört,
1155 2051 92 30 möta
1276 2049 92 32 vissa
1398 2049 272 43 betänkligheter
1701 2053 70 29 mot

271 2098 124 31 tanken
418 2100 44 40 på
486 2109 41 20 en
549 2098 226 42 långtgående
799 2099 194 42 skärpning.
1029 2099 52 32 En
1106 2100 116 41 längre
1246 2100 68 32 tids
1338 2100 206 42 indragning
1567 2112 40 20 av
1631 2101 139 31 körkort

272 2151 37 29 är
330 2160 41 20 en
394 2149 143 41 påföljd,
562 2160 73 21 som
657 2149 66 32 kan
747 2149 128 32 drabba
898 2150 66 31 den
989 2150 134 32 felande
1148 2151 104 31 minst
1275 2151 68 31 lika
1366 2151 77 32 hårt
1467 2162 72 21 som
1563 2154 49 29 ett
1635 2152 134 31 kortare

271 2199 234 32 frihetsstraff.
540 2200 68 31 För
642 2211 42 20 en
719 2200 260 41 yrkeschaufför
1013 2201 131 31 medför
1178 2201 406 43 körkortsindragningen
1620 2205 50 29 att
1704 2203 66 31 han

269 2250 140 32 hindras
430 2251 75 31 från
524 2253 48 29 att
592 2252 104 30 utöva
715 2251 61 31 sitt
794 2251 90 41 yrke,
908 2252 64 31 och
992 2252 40 31 de
1053 2251 220 33 ekonomiska
1291 2252 297 33 konsekvenserna
1605 2253 104 31 härav
1729 2255 40 40 gå

272 2303 37 29 ut
326 2301 74 31 icke
419 2301 90 32 blott
528 2303 79 29 över
625 2301 127 31 honom
771 2302 85 40 själv
877 2304 82 29 utan
979 2304 83 29 även
1082 2304 80 30 över
1181 2303 85 31 hans
1286 2303 119 41 familj.

320 2351 113 32 Dessa
466 2351 73 32 skäl
573 2353 62 40 äga
669 2352 191 31 emellertid
893 2352 81 31 vida
1007 2352 130 32 mindre
1173 2353 114 41 styrka
1322 2353 104 32 såvitt
1460 2355 102 40 angår
1595 2365 173 30 personer,

269 2412 72 21 som
372 2402 196 42 upprepade
599 2404 127 40 gånger
756 2404 80 40 göra
866 2402 55 42 sig
950 2402 156 42 skyldiga
1125 2403 54 31 till
1200 2403 191 42 rattfylleri.
1423 2404 19 31 I
1462 2404 89 41 syfte
1571 2406 49 29 att
1641 2404 129 32 erhålla

268 2452 191 31 kännedom
482 2463 53 21 om
556 2453 126 42 graden
707 2464 40 20 av
769 2453 111 32 denna
901 2453 314 32 återfallsfrekvens
1236 2453 61 32 har
1316 2454 196 32 verkställts
1535 2466 40 20 en
1598 2454 170 32 statistisk
