2125 2655
703 211 85 42 Lag-
798 210 167 34 Utskottets
994 210 172 34 Utlåtande
1190 210 63 33 N:o
1275 211 52 32 43.
1729 210 34 31 11

636 378 297 60 Förordningen
965 391 66 33 om
1058 378 149 46 allmän
1234 377 171 47 flottled.

978 511 21 34 2
1018 507 44 50 8.

355 596 41 36 "IT
430 595 242 48 vattendrag,
701 594 66 37 der
794 594 180 50 flottning
1007 594 299 50 allmänneligen
1333 595 110 37 idkas
1473 596 92 37 eller
1592 595 149 38 tillåten
1770 601 41 33 är

229 648 63 37 vid
321 647 72 37 den
434 647 67 49 tid,
544 646 47 37 då
631 647 127 36 denna
786 646 223 50 förordning
1036 647 128 37 träder
1190 647 11 36 1
1229 647 112 48 kraft,
1371 647 97 37 skall
1496 648 138 37 allmän
1663 649 147 38 flottled

223 700 144 49 jemväl
395 699 192 49 framgent
614 698 211 38 bibehållas
854 702 47 47 på
928 704 77 32 sätt
1033 699 87 37 med
1148 699 137 37 hittills
1312 699 180 49 gällande
1521 700 65 50 lag
1614 701 90 36 eller
1732 705 77 33 sär-

227 753 125 36 skilda
379 752 240 37 föreskrifter
647 750 375 39 öfverensstämmer.
1077 752 203 50 JFErfordras
1307 765 72 35 nya
1407 753 81 36 eller
1507 754 233 49 förändrade
1755 755 53 35 be-

227 805 231 47 stämmelser,
502 818 57 35 ege
586 805 218 47 Konungens
832 804 420 50 Befallningshafvande
1280 811 61 41 att,
1369 812 87 29 utan
1484 806 127 35 hinder
1639 806 45 50 af
1709 806 101 36 äldre

226 858 109 36 beslut
362 857 13 36 i
404 861 129 43 ämnet,
561 855 145 38 sådana
734 856 200 37 meddela.''

354 909 88 36 Med
483 908 209 48 anledning
725 908 41 37 af
791 909 265 36 återremissen
1084 909 84 36 från
1196 909 96 37 båda
1320 909 210 37 Kamrarne
1558 911 42 36 af
1622 911 124 37 denna
1775 910 34 50 8,

225 961 226 37 hemställer
478 961 214 47 Utskottet,

754 1038 59 49 10)
840 1043 55 32 att
923 1040 21 34 2
975 1037 20 50 $
1024 1041 118 34 måtte
1171 1043 162 44 antagas
1361 1038 12 37 i
1400 1038 167 50 följande
1595 1039 164 50 lydelse:

747 1117 18 36 I
793 1116 241 48 vattendrag,
1064 1115 68 37 der
1159 1115 67 38 vid
1254 1116 71 37 den
1354 1116 68 49 tid,
1452 1116 46 37 då
1518 1117 126 38 denna
1663 1118 146 38 förord-

620 1169 97 48 ning
739 1168 128 38 träder
895 1167 13 36 i
935 1167 113 48 kraft,
1077 1167 182 50 flottning
1286 1171 49 46 på
1362 1168 125 49 grund
1516 1169 42 37 af
1571 1170 137 37 hittills
1727 1170 82 50 gäl-

620 1221 114 37 lande
776 1221 66 48 lag
884 1220 93 36 eller
1018 1219 188 37 särskilda
1246 1220 236 38 föreskrifter
1510 1222 299 50 allmänneligen

620 1273 112 37 idkas
774 1273 91 36 eller
904 1272 150 36 tillåten
1096 1277 53 43 är,
1191 1272 98 37 skall
1325 1273 141 37 allmän
1493 1274 148 37 flottled
1663 1275 145 49 jemväl

621 1326 195 49 framgent
842 1324 220 38 bibehållas.

987 1496 70 51 6$

354 1583 114 37 hafva
496 1584 212 38 Kamrarne
733 1585 150 49 antagit
910 1584 12 36 i
949 1582 167 51 följande
1145 1582 102 38 olika
1274 1582 162 50 lydelse:

461 1680 20 40 I
508 1680 260 40 Kammaren.

353 1750 99 36 "För
493 1750 130 48 skada,
653 1764 81 23 som
763 1764 141 35 genom
934 1763 65 23 an-

225 1802 191 48 läggning
445 1802 91 36 eller
565 1802 135 49 åtgärd
728 1802 59 37 för
802 1802 196 37 flottleden

227 1854 91 36 eller
345 1867 142 35 genom
504 1855 245 36 strändernas
766 1853 232 38 beträdande

226 1906 92 36 eller
359 1906 111 49 eljest
510 1906 11 36 i
564 1907 94 48 följd
700 1907 41 36 af
768 1907 229 47 flottningen

226 1958 131 47 vållas,
387 1958 105 49 njute
523 1958 86 48 den,
630 1972 81 22 som
728 1959 144 36 skadan
892 1959 106 47 lider,

226 2010 215 48 ersättning
451 2010 58 36 till
525 2011 140 48 högsta
681 2011 150 48 skäliga
848 2010 150 49 belopp,

226 2062 153 36 hvartill
408 2063 73 36 den
510 2063 145 37 skattas
684 2064 98 35 må.''

1258 1678 40 39 II
1323 1677 259 40 Kammaren.

1163 1748 100 37 "För
1297 1748 118 36 skada
1444 1749 56 35 och
1518 1759 3 4 '
1532 1749 161 49 kostnad,
1727 1762 81 24 som

1034 1813 141 35 genom
1205 1800 239 48 anläggning
1472 1799 93 37 eller
1593 1801 135 48 åtgärd
1751 1801 58 36 för

1034 1852 194 37 flottleden
1262 1852 93 36 eller
1395 1865 140 35 genom
1564 1853 244 37 strändernas

1035 1905 236 36 beträdande
1313 1904 91 36 eller
1445 1904 110 49 eljest
1594 1905 12 36 i
1644 1905 93 49 följd
1771 1905 43 37 af

1034 1957 230 48 flottningen
1305 1956 132 48 vållas,
1470 1957 92 35 skall
1591 1957 132 48 gäldas
1751 1970 57 23 er-

1036 2008 172 49 sättning
1235 2008 58 37 till
1321 2008 140 48 högsta
1489 2008 151 49 skäliga
1655 2009 152 50 belopp,

1035 2061 154 36 hvartill
1226 2062 142 35 skadan
1392 2061 60 36 och
1480 2061 195 36 kostnaden
1704 2061 102 37 skat-

1035 2119 59 31 tas
1123 2114 98 36 må."

350 2219 16 35 I
395 2218 572 49 sammanjemkningsändamål
996 2217 158 37 föreslår
1182 2217 206 48 Utskottet,

756 2321 58 49 11)
840 2327 55 31 att
923 2322 220 45 Kamrarne,
1169 2322 84 36 med
1282 2321 268 37 frånträdande
1572 2321 94 37 hvar
1686 2321 41 37 af
1742 2321 66 36 sitt

624 2374 101 36 förut
753 2374 144 37 fattade
922 2374 136 48 beslut,
1079 2374 88 36 ville
1184 2379 139 44 antaga
1338 2373 167 50 följande
1521 2373 144 50 lydelse
1680 2374 41 36 af
1733 2377 18 33 6
1769 2373 36 50 $:
