2200 2638
692 197 252 32 Statsutskottets
974 198 168 33 Utlåtande
1165 200 61 31 N:o
1251 203 71 30 142.
1733 206 40 31 39

220 271 162 36 varande
411 271 149 37 tillfälle
589 273 100 36 varit
708 273 64 37 vid
791 274 87 37 fullt
897 276 97 36 sund
1014 277 394 40 sinnesbeskaffenhet
1427 281 82 47 och,
1531 282 125 37 såvidt
1676 283 140 38 vittnet

218 322 146 36 kunnat
391 323 112 48 finna,
533 324 83 37 icke
644 330 121 32 utsatt
792 326 61 37 för
880 330 129 46 någon
1037 330 267 50 påtryckning.
1359 332 67 37 Ett
1453 333 88 37 bref
1564 334 43 36 af
1631 335 61 37 det
1711 336 105 37 inne-

217 374 87 48 håll,
335 374 137 38 vittnet
500 389 92 36 nyss
621 378 166 47 omtalat,
817 378 96 37 hade
940 379 65 37 vid
1032 386 56 31 ett
1115 395 130 24 senare
1274 383 148 38 tillfälle
1450 388 48 46 på
1527 386 196 38 Karlstens
1751 388 63 36 be-

215 430 121 44 gäran
364 427 13 35 i
404 427 158 37 vittnets
590 432 163 34 närvaro
783 429 124 37 blifvit
935 431 159 38 skrifvet
1122 434 41 35 af
1188 448 46 22 en
1262 448 67 24 son
1357 436 57 36 till
1441 437 152 48 vittnet,
1622 439 194 37 hvarefter

216 478 198 49 Högberg,
445 480 133 48 åtföljd
606 480 42 36 af
673 481 57 36 sin
759 481 146 54 hustru,
934 483 160 37 kommit
1121 486 87 36 hem
1236 486 58 36 till
1321 487 188 38 Karlsten.

347 529 72 50 2:0)
462 531 94 36 Karl
596 532 176 37 Leonard
804 536 125 34 Åman
963 535 12 35 i
1013 535 229 39 Skönsmon:
1285 540 273 47 nyårsaftonen
1590 543 96 36 1898
1715 543 98 36 hade

217 581 179 37 Karlsten
424 583 161 36 kommit
612 583 58 37 till
698 584 141 37 vittnet
867 586 12 35 i
906 586 158 38 vittnets
1091 587 165 39 hemvist
1285 590 71 37 och
1383 590 91 38 bedt
1501 593 141 37 vittnet
1670 594 143 37 skrifva

215 633 57 36 till
300 633 186 50 Högberg
514 635 86 37 med
628 635 180 50 begäran,
839 642 54 31 att
919 638 189 50 Högberg
1135 640 121 38 skulle
1283 642 152 38 komma
1464 645 71 36 och
1554 645 129 37 hämta
1702 646 110 37 Karl-

214 690 85 31 sten
341 685 57 37 till
438 686 219 50 Högbergs,
699 691 47 46 på
789 688 64 37 det
895 695 54 31 att
988 691 181 38 Karlsten
1210 693 67 36 där
1318 694 121 38 skulle
1470 696 131 38 kunna
1628 697 38 37 få
1694 698 119 49 nödig

216 736 154 48 skötsel,
400 744 97 30 samt
538 739 87 36 med
666 739 91 37 löfte
791 740 132 48 tillika,
967 747 66 42 att,
1076 743 129 38 därest
1233 745 158 37 berörda
1419 748 180 37 anhållan
1628 745 183 55 villfores,

214 788 188 49 Högberg
442 790 121 36 skulle
605 791 38 36 få
672 792 66 36 allt
765 792 101 36 hvad
895 793 181 38 Karlsten
1102 794 175 40 lämnade
1304 797 96 37 efter
1428 800 71 47 sig.
1556 800 75 37 Vid
1660 801 152 37 omvitt-

213 840 98 36 nade
352 840 166 38 tillfället
554 842 96 37 hade
680 843 190 48 Karlsten,
901 858 93 35 som,
1023 847 97 36 efter
1147 847 100 38 hvad
1276 850 138 36 vittnet
1441 851 98 37 hade
1568 853 62 48 sig
1658 853 151 40 bekant,

213 892 210 37 sedermera
452 893 206 37 afhämtats
687 895 42 36 af
752 895 197 49 Högberg,
979 897 228 50 visserligen
1236 901 99 36 varit
1362 902 101 37 skral
1492 916 88 24 men
1608 904 63 37 vid
1697 906 115 36 sundt

213 943 71 36 och
312 944 87 36 fullt
425 945 173 37 förstånd
625 946 71 36 och
723 947 83 37 icke
833 953 120 32 utsatt
980 949 60 36 för
1067 953 120 47 något
1214 965 80 24 som
1322 953 99 37 helst
1447 952 133 56 tvång.

343 996 71 48 3:0)
451 997 254 38 Handlanden
743 998 143 38 Gustaf
915 1000 95 37 Axel
1044 1001 228 51 Smedberg:
1302 1007 128 46 någon
1458 1007 77 49 dag
1561 1008 13 35 i
1601 1008 75 49 Maj
1709 1010 98 35 1898

212 1046 95 37 hade
355 1048 138 36 vittnet
537 1049 151 37 hemma
728 1051 12 36 i
779 1052 160 37 vittnets
980 1053 235 38 handelsbod
1256 1056 82 37 haft
1381 1057 114 38 besök
1537 1060 42 35 af
1614 1060 192 37 Karlsten.

211 1098 164 48 Vittnet,
418 1113 78 23 som
539 1114 141 36 genom
712 1103 176 38 Karlsten
917 1104 98 48 hört,
1046 1111 56 31 att
1130 1106 198 39 Karlstens
1355 1109 134 38 hustru
1518 1116 290 33 testamenterat

210 1151 60 35 sin
312 1151 110 37 andel
453 1152 12 35 i
497 1153 201 38 makarnas
733 1155 47 36 bo
809 1155 58 37 till
895 1155 197 50 Kellgren,
1121 1158 96 37 hade
1245 1160 47 36 då
1318 1160 127 50 frågat
1472 1162 193 49 Karlsten,
1695 1164 112 37 hvem

212 1216 79 22 som
321 1203 119 36 skulle
470 1204 143 37 erhålla
641 1205 143 37 dennes
813 1208 109 35 andel
949 1207 12 36 i
989 1209 90 36 boet
1106 1210 96 36 efter
1220 1211 199 38 Karlstens
1439 1214 187 37 frånfälle.
1669 1216 137 36 Därtill

211 1254 96 36 hade
334 1254 140 37 vittnet
503 1256 151 36 erhållit
681 1257 58 36 till
767 1271 99 35 svar,
897 1263 55 31 att
973 1259 102 37 hvad
1094 1261 180 38 Karlsten
1293 1264 174 37 lämnade
1487 1265 97 37 efter
1603 1267 61 48 sig
1683 1267 122 36 skulle

211 1305 148 37 tillfalla
388 1311 142 43 ägaren
560 1309 42 35 af
625 1308 64 36 det
715 1309 189 49 hemman,
935 1310 66 36 där
1028 1312 181 37 Karlsten
1237 1316 246 48 uppfostrats.
1540 1318 150 37 Vittnet
1709 1319 98 36 hade

210 1357 215 37 sedermera
452 1359 98 47 hört,
580 1364 55 31 att
662 1360 180 38 Karlsten
870 1362 85 37 med
984 1362 161 39 berörda
1171 1368 178 45 yttrande
1378 1369 143 48 åsyftat
1548 1369 199 50 Högberg.

339 1409 74 48 4:0)
443 1410 214 37 Arbetaren
685 1412 93 36 Erik
806 1413 176 37 Leonard
1009 1416 262 38 Dufvenmark
1292 1422 20 33 å
1330 1419 276 38 Johannesdal:
1628 1422 12 35 i
1659 1422 147 49 januari

209 1461 136 36 månad
389 1463 96 34 1899
528 1462 97 37 hade
666 1463 140 38 vittnet
849 1466 41 36 af
922 1466 186 51 Högberg
1144 1469 127 37 blifvit
1298 1471 162 37 ombedd
1490 1478 55 31 att
1573 1473 143 37 infinna
1745 1475 62 48 sig

209 1512 149 36 hemma
398 1513 68 36 hos
507 1513 123 38 denne
672 1515 59 37 för
772 1522 53 31 att
867 1518 114 37 åhöra
1022 1533 45 23 en
1108 1521 221 50 förklaring,
1365 1536 80 24 som
1473 1525 181 37 Karlsten
1683 1526 122 36 skulle

210 1563 146 49 afgifva
385 1566 198 47 angående
611 1567 198 38 Karlstens
836 1570 272 50 förmögenhet
1128 1573 95 37 efter
1241 1574 198 37 Karlstens
1459 1576 85 36 död.
1587 1577 56 36 Då
1663 1578 143 36 vittnet

208 1615 258 37 efterkommit
507 1617 126 37 denna
674 1619 219 49 tillsägelse,
922 1622 96 37 hade
1046 1624 141 37 vittnet
1214 1625 63 37 vid
1306 1627 67 36 sitt
1399 1627 149 38 inträde
1576 1629 12 35 i
1617 1629 63 36 det
1708 1643 96 33 rum,

208 1666 67 36 där
317 1667 179 37 Karlsten
539 1669 70 36 och
650 1671 183 37 makarna
872 1673 189 50 Högberg
1103 1677 210 48 uppehållit
1354 1679 71 48 sig,
1468 1679 129 37 funnit
1627 1680 178 37 Karlsten

208 1718 183 48 liggande
419 1720 12 35 i
459 1733 48 23 en
535 1725 113 44 säng;
679 1722 70 36 och
777 1722 96 38 hade
900 1725 180 37 Karlsten
1110 1728 46 36 då
1185 1728 193 49 förklarat,
1400 1735 55 31 att
1474 1730 205 49 Högbergs
1700 1737 104 31 svär-

208 1770 107 36 fader
356 1771 99 35 varit
489 1772 83 46 den,
603 1775 37 33 åt
669 1773 155 37 hvilken
854 1775 177 39 Karlsten
1058 1779 110 35 tänkt
1196 1780 233 37 öfverlämna
1457 1782 102 36 hvad
1588 1783 76 36 han
1692 1784 111 48 ägde,

208 1834 87 23 men
324 1827 55 30 att
408 1836 48 22 nu
486 1823 121 37 skulle
636 1824 11 36 i
677 1825 124 36 stället
829 1826 198 39 Karlstens
1057 1831 199 48 egendom,
1287 1832 93 36 både
1408 1834 75 35 löst
1511 1834 71 36 och
1611 1835 84 44 fast,
1730 1835 74 36 till-

208 1873 85 35 falla
340 1873 208 51 Högbergs
591 1875 146 37 hustru.
806 1877 74 37 Vid
927 1880 240 49 afgifvandet
1209 1884 41 35 af
1287 1883 122 37 denna
1450 1885 215 50 förklaring
1705 1887 98 36 hade

207 1924 191 48 Karlsten,
428 1939 79 23 som
537 1927 134 36 därvid
698 1928 124 37 tillika
849 1931 114 48 pekat
991 1935 49 46 på
1068 1933 133 38 hustru
1229 1935 197 50 Högberg,
1447 1937 184 37 förefallit
1650 1938 152 43 vittnet,

206 1989 82 23 som
328 1976 82 37 icke
453 1978 93 36 känt
574 1978 192 49 Karlsten,
797 1981 78 37 förr
903 1988 48 31 än
980 1984 181 37 Karlsten
1191 1987 158 36 kommit
1377 1989 56 35 till
1462 1988 219 50 Högbergs,
1711 2004 92 23 vara

209 2027 60 36 vid
299 2028 84 36 fullt
411 2029 70 35 och
510 2030 114 36 sundt
652 2031 171 37 förstånd
852 2040 98 30 samt
977 2035 83 36 icke
1088 2041 120 32 utsatt
1235 2038 59 36 för
1322 2041 117 46 något
1463 2043 122 46 tvång
1605 2047 91 31 utan
1715 2042 87 35 fullt

206 2079 174 49 frivilligt
422 2080 154 48 afgifvit
617 2082 59 36 sin
704 2082 221 51 förklaring.
981 2087 151 36 Jämväl
1173 2088 159 37 vittnets
1374 2090 134 36 hustru
1541 2091 108 48 hade,
1680 2093 122 47 enligt

209 2129 177 49 begäran,
416 2132 208 36 öfvervarit
652 2133 199 38 Karlstens
879 2150 50 22 nu
959 2138 237 37 omvittnade
1225 2140 220 50 förklaring.

335 2183 35 49 5)
387 2183 144 36 Hustru
551 2183 133 48 Ingrid
703 2184 175 38 Johanna
898 2187 273 39 Dufvenmark:
1193 2191 139 37 vittnet
1347 2192 120 48 jämte
1489 2193 159 38 vittnets
1668 2196 131 36 ofvan-

205 2231 170 39 bemälde
417 2248 86 23 man
541 2235 97 37 hade
668 2238 127 46 någon
825 2238 74 49 dag
926 2240 122 36 under
1071 2241 153 48 januari
1253 2243 135 36 månad
1420 2246 97 35 1899
1549 2246 41 36 af
1615 2246 186 49 Högberg

204 2283 177 38 inkallats
412 2287 8 34 i
442 2292 54 30 ett
516 2287 41 36 af
574 2287 180 37 makarna
776 2288 205 51 Högbergs
1001 2305 95 34 rum,
1119 2292 67 37 där
1205 2294 179 37 Karlsten
1403 2295 196 39 befunnits
1619 2294 181 57 liggande
