2261 2717
514 176 22 32 6
937 179 259 44 Lag-Utskottets
1226 181 166 35 Utlåtande
1420 184 62 33 N:o
1510 181 57 36 67.

464 265 32 32 så
525 263 91 47 länge
645 264 131 35 andelen
805 266 7 33 i
842 266 39 34 de
909 267 142 46 utgifter,
1079 280 66 22 som
1176 269 138 35 beslutas
1343 271 58 34 och
1430 277 170 32 uttaxeras,
1642 276 32 30 är
1716 274 160 35 beroende
1905 277 32 32 af
1955 277 87 34 hvars

464 317 58 33 och
556 328 54 23 ens
640 318 231 45 förmögenhet,
914 320 58 33 kan
1001 321 71 33 icke
1102 323 69 32 med
1203 323 126 34 rättvisa
1358 324 76 34 eller
1462 324 143 44 billighet
1634 338 70 22 vara
1734 327 146 46 förenligt
1909 334 46 29 att
1993 329 48 40 de,

463 381 66 22 som
572 370 32 33 af
643 382 37 21 en
713 370 163 45 ifrågasatt
906 372 94 46 utgift
1029 373 46 34 för
1104 379 45 29 ett
1178 374 74 35 visst
1281 376 143 34 ändamål
1455 377 125 35 komme
1608 384 45 29 att
1681 379 135 36 drabbas
1845 381 7 33 i
1882 393 38 22 en
1950 382 92 46 högst

463 421 163 46 obetydlig
655 424 79 36 mån,
762 424 112 39 skulle,
903 427 30 31 så
963 431 85 29 snart
1077 427 90 33 deras
1195 428 82 33 antal
1307 429 176 46 öfverstege
1513 431 117 33 hälften
1659 432 31 32 al
1716 431 37 34 de
1785 433 47 33 vid
1854 444 37 23 en
1908 436 132 33 stämma

464 475 201 39 närvarande,
704 475 88 34 hafva
835 483 85 39 magt
962 483 46 28 att
1047 478 119 35 besluta
1210 493 116 21 samma
1362 482 96 44 utgift
1500 484 57 33 och
1589 482 148 48 beloppet
1766 485 31 33 al
1822 485 219 35 densamma
2019 471 24 63 i

461 525 79 35 strid
581 527 70 34 med
695 527 39 35 de
776 529 115 46 öfriges
933 531 136 44 mening,
1112 531 46 34 för
1200 533 101 34 hvilka
1345 534 136 35 beslutet
1520 535 163 34 medförde
1712 538 179 45 skyldighet
1918 539 46 33 till
1995 545 46 28 ett

461 578 230 48 skattebidrag,
733 581 47 34 för
822 582 149 35 hvardera
1015 584 191 46 ojemförligt
1247 587 101 33 större
1390 590 37 30 än
1464 589 57 32 alla
1552 588 38 34 de
1620 589 97 34 förres
1746 586 293 55 tillsammanlagda.

463 632 55 33 Ett
554 632 110 35 sådant
692 635 279 46 omröstningssätt
1002 636 104 34 kunde
1136 637 90 34 blifva
1256 639 117 45 vådligt
1403 640 181 47 isynnerhet
1613 642 114 36 derför,
1769 648 45 29 att
1857 643 183 36 förmedelst

461 684 60 34 den
564 697 84 22 mera
678 686 114 46 rörliga
830 687 236 47 befolkningen,
1096 702 66 21 som
1192 691 168 46 onekligen
1390 693 55 32 har
1474 694 112 34 minsta
1616 695 147 34 intresset
1795 696 3 33 i
1831 696 208 36 kommunens

459 737 267 45 angelägenheter
767 741 58 32 och
867 741 98 33 tillika
1010 742 143 44 vanligen
1187 746 33 30 är
1248 744 59 33 den
1338 745 93 33 minst
1461 746 196 39 bemedlade,
1688 748 159 44 pluralitet
1877 749 161 45 lätteligen

461 788 105 35 kunde
596 790 105 34 vinnas
730 791 47 34 för
806 791 114 41 beslut,
949 793 162 46 åsyftande
1141 794 247 47 beskattningar.
1425 797 107 34 hvaraf
1559 798 38 34 de
1627 799 70 34 med
1721 800 140 34 starkare
1884 800 81 35 band
1987 802 48 34 vid

461 842 192 34 kommunen
683 844 131 36 fästade,
844 845 156 46 nemligen
1031 846 292 46 fastighetsegarne,
1352 849 7 33 i
1381 850 88 45 långa
1485 851 83 33 tider
1585 851 213 46 betungades;
1818 859 32 40 ty
1867 865 49 22 om
1935 857 37 30 än
1989 855 48 33 in-

459 894 113 34 vändas
603 895 69 38 kan,
701 901 45 28 att
775 897 195 46 Konungens
999 899 363 45 Befallningshafvandes
1391 902 197 35 fastställelse
1617 904 156 34 erfordras
1802 907 15 31 å
1839 906 114 39 beslut,
1969 918 66 22 som

457 945 65 35 afse
564 948 179 44 uttaxering
785 949 31 34 af
841 950 218 46 skattebidrag
1088 952 46 33 för
1162 952 107 46 längre
1296 954 45 33 tid
1372 956 37 32 än
1439 955 60 34 fem
1530 959 42 32 år,
1602 956 56 34 bör
1686 956 80 35 dock
1796 958 165 41 erkännas,
1991 965 46 29 att

457 1004 45 29 ett
531 999 153 39 ändamål,
713 1001 47 33 för
790 1002 117 35 hvilket
938 1015 36 21 en
1004 1003 86 47 dylik
1119 1005 141 45 ansenlig
1288 1007 181 46 uttaxering
1499 1007 147 42 beslutas,
1677 1009 58 34 kan
1764 1010 45 34 till
1838 1011 46 33 sin
1907 1010 128 36 beskaf-

456 1052 106 34 fenhet
605 1064 69 22 vara
717 1054 121 35 sådant.
881 1061 45 28 att
969 1056 149 45 antingen
1156 1057 198 36 fastställelse
1392 1061 14 31 å
1437 1060 138 35 beslutet
1604 1061 108 34 derom
1742 1062 69 35 icke
1840 1063 45 33 får
1914 1060 120 53 vägras,

456 1104 75 34 eller
573 1104 53 34 det
667 1106 102 34 blefve
811 1120 37 21 en
879 1108 112 34 förlust
1019 1108 75 34 eller
1122 1111 191 34 åtminstone
1342 1124 36 21 en
1408 1113 278 47 misshushållning
1715 1120 46 29 att
1788 1115 71 34 icke
1887 1116 47 34 för
1962 1117 71 34 dess

455 1158 275 45 upprätthållande
771 1160 88 33 äfven
903 1161 47 33 för
991 1161 166 34 framtiden
1200 1163 190 35 underkasta
1432 1165 47 46 sig
1507 1166 147 46 utgifter;
1689 1168 58 34 och
1776 1168 7 33 i
1812 1168 54 34 allt
1894 1169 50 34 fall
1973 1170 59 33 kan

455 1209 96 34 redan
593 1215 46 29 ett
680 1210 47 34 för
756 1211 61 34 fem
854 1214 33 31 år
916 1212 160 35 bestämdt
1104 1214 219 47 skattebidrag
1352 1229 68 22 vara
1450 1218 47 33 för
1525 1219 83 39 dem,
1637 1231 66 22 som
1734 1221 67 32 hela
1829 1221 88 33 tiden
1947 1222 90 33 deraf

454 1261 145 38 drabbas,
627 1262 117 45 ganska
772 1264 187 46 tryckande.

557 1315 81 32 Herr
673 1316 157 33 Olausson
861 1317 55 33 har
943 1317 144 35 deremot
1116 1319 6 32 i
1153 1319 45 34 sin
1228 1321 188 43 motivering
1446 1323 222 35 företrädesvis
1696 1325 94 34 fästat
1818 1325 47 45 sig
1895 1326 48 33 vid
1972 1326 61 34 den

454 1379 41 21 nu
524 1366 163 34 bestämda
717 1369 192 33 röstskalans
938 1370 153 47 inflytelse
1121 1371 47 34 vid
1199 1373 45 33 val
1274 1373 44 34 till
1348 1374 297 47 stadsfullmägtige,
1674 1377 103 33 hvilka
1800 1378 44 33 val
1874 1378 159 35 motionä-

453 1430 53 23 ren
537 1419 163 45 uppgifver
730 1421 87 33 hafva
848 1422 76 33 fallit
953 1422 7 33 i
991 1422 158 35 händerna
1179 1426 36 43 på
1246 1427 93 43 några
1370 1427 26 33 få
1427 1439 148 34 personer
1606 1429 70 33 med
1706 1434 47 28 ett
1776 1431 100 32 större
1892 1432 141 38 röstetal,

453 1471 167 34 förstärkta
650 1472 31 33 af
707 1478 45 28 ett
781 1473 76 34 eller
884 1480 94 28 annat
1006 1475 103 45 bolag,
1138 1476 108 34 hvaraf
1271 1478 101 34 skulle
1401 1480 55 33 hos
1485 1480 38 33 de
1553 1480 121 34 mindre
1704 1483 183 43 röstegarne
1908 1484 124 33 alstrats

452 1523 192 46 likgiltighet
673 1525 46 32 för
748 1526 133 34 nämnda
912 1527 55 33 val.

552 1576 13 33 I
607 1576 116 40 städer,
762 1577 56 34 der
858 1579 285 47 stadsfullmägtige
1184 1581 71 34 icke
1296 1583 109 39 finnas,
1447 1587 33 30 är
1513 1585 208 35 förhållandet
1756 1587 173 45 jemförligt
1959 1589 71 33 med

451 1627 250 47 landsbygdens;
737 1629 8 32 i
774 1629 39 34 de
855 1632 102 32 större
998 1632 146 34 städerna
1180 1635 77 37 åter,
1286 1634 56 34 der
1370 1636 286 46 stadsfullmägtige
1686 1639 103 33 utöfva
1822 1639 208 35 kommunens

451 1679 186 35 beslutande
680 1684 72 36 rätt,
786 1683 132 33 emedan
948 1683 54 35 det
1031 1684 6 33 i
1067 1685 158 34 anseende
1253 1686 46 34 till
1329 1689 155 43 mängden
1514 1691 31 31 af
1573 1689 38 34 de
1640 1690 190 45 röstegande
1859 1692 70 33 icke
1958 1705 72 22 vore

450 1731 142 47 lämpligt
633 1738 46 28 att
720 1734 90 34 dessa
852 1735 154 34 samlades
1048 1737 46 33 för
1134 1743 46 28 att
1221 1739 197 35 omedelbart
1447 1741 122 34 besluta
1599 1742 7 32 i
1636 1743 103 45 hvarje
1770 1744 259 35 förekommande

449 1784 242 46 angelägenhet,
724 1788 33 31 är
786 1786 54 35 det
864 1788 65 44 just
958 1788 48 33 vid
1037 1789 133 34 nämnda
1201 1792 44 32 val
1275 1791 45 34 till
1350 1792 206 46 fullmägtige,
1585 1806 66 22 som
1681 1795 60 33 den
1772 1796 97 45 högre
1898 1796 131 35 beskat-

449 1836 73 33 tade
550 1836 212 35 medlemmen
791 1839 32 32 af
852 1839 191 34 kommunen
1074 1841 58 34 kan
1164 1842 125 35 komma
1318 1844 7 32 i
1355 1845 122 33 tillfälle
1505 1850 45 29 att
1580 1846 119 34 bevaka
1728 1848 45 33 sin
1804 1850 62 32 rätt
1895 1849 134 34 medelst

449 1893 45 29 att
536 1888 45 34 till
625 1889 175 35 ledamöter
834 1891 7 33 i
872 1891 59 34 den
960 1892 186 36 beslutande
1175 1894 220 47 delegationen
1425 1903 70 28 utse
1525 1910 159 33 personer,
1713 1900 119 34 hvilkas
1861 1900 168 46 redlighet,

449 1941 177 33 erfarenhet
667 1942 57 33 och
767 1942 180 36 oberoende
988 1946 297 47 samhällsställning
1315 1949 148 34 innebära
1493 1951 132 43 garanti,
1653 1957 45 28 att
1728 1952 69 34 icke
1827 1952 202 36 kommunala

449 1993 228 46 skattebidrag,
720 1995 44 33 uti
807 1995 102 34 hvilka
952 1997 135 33 nämnde
1130 2001 188 43 röstegande
1348 2001 86 34 bafva
1464 2003 113 33 största
1607 2008 160 41 anparten,
1798 2004 127 47 beviljas
1954 2006 75 33 eller

448 2045 92 33 afslås
569 2045 47 33 för
645 2046 120 35 sådant,
796 2048 127 33 hvarom
954 2049 69 33 icke
1050 2050 86 34 alltid
1166 2051 59 34 den
1256 2052 121 34 mindre
1407 2055 144 45 upplysta
1581 2068 70 21 men
1676 2056 45 33 till
1738 2058 118 32 antalet
1872 2058 155 34 måhända

448 2097 195 48 öfverlägsna
685 2098 91 34 delen
813 2101 32 31 af
875 2101 392 37 samhällsmedlemmarna
1297 2111 110 39 genast
1436 2106 115 34 förmår
1580 2107 81 34 bilda
1691 2108 48 46 sig
1766 2121 37 22 en
1833 2112 62 31 rätt
1923 2110 103 45 insigt.

446 2149 101 33 Alven
590 2150 55 33 här
688 2151 167 34 förefinnes
888 2153 87 33 alltså
1005 2154 160 35 enahanda
1195 2156 67 33 skäl
1290 2157 45 34 till
1364 2158 125 45 farhåga
1518 2160 46 33 för
1592 2160 205 35 användande
1825 2162 32 33 al
1882 2174 38 21 en
1950 2175 77 33 per-

447 2201 335 47 capita-omröstring.
837 2205 72 33 Men
953 2217 49 22 om
1046 2206 54 34 det
1133 2208 121 34 således
1283 2211 15 31 å
1333 2222 56 21 ena
1418 2211 87 33 sidan
1535 2212 48 33 vill
1612 2224 100 34 synas,
1741 2218 45 29 att
1814 2214 44 33 uti
1888 2215 138 46 tillämp-

449 2255 116 44 ningen
594 2255 84 33 inom
710 2255 60 34 den
802 2256 200 35 kommunala
1032 2259 151 46 styrelsen
1213 2260 59 35 den
1302 2274 22 22 s.
1356 2263 27 34 k.
1412 2263 392 49 personlighetsprincipen
1836 2266 104 35 kunde
1957 2268 68 33 leda

445 2305 45 34 till
534 2307 120 44 verklig
699 2308 151 34 orättvisa
892 2314 66 29 mot
993 2311 64 45 just
1085 2311 82 41 dem,
1196 2313 32 33 af
1252 2314 119 34 hvilkas
1400 2316 182 34 samverkan
1612 2318 58 33 och
1700 2317 110 46 bidrag
1837 2319 45 33 till
1911 2319 39 34 de
1979 2320 48 33 för
