<?xml version="1.0" encoding="UTF-8"?>
<alto xmlns="http://www.loc.gov/standards/alto/ns-v3#" xmlns:xlink="http://www.w3.org/1999/xlink" xmlns:xsi="http://www.w3.org/2001/XMLSchema-instance" xsi:schemaLocation="http://www.loc.gov/standards/alto/ns-v3# http://www.loc.gov/alto/v3/alto-3-0.xsd">
	<Description>
		<MeasurementUnit>pixel</MeasurementUnit>
		<sourceImageInformation>
			<fileName>/tmp/tess_hioh6mpl_input.PNG</fileName>
		</sourceImageInformation>
		<OCRProcessing ID="OCR_0">
			<ocrProcessingStep>
				<processingSoftware>
					<softwareName>tesseract 5.3.0</softwareName>
				</processingSoftware>
			</ocrProcessingStep>
		</OCRProcessing>
	</Description>
	<Layout>
		<Page WIDTH="2224" HEIGHT="2620" PHYSICAL_IMG_NR="0" ID="page_0">
			<PrintSpace HPOS="0" VPOS="0" WIDTH="2224" HEIGHT="2620">
				<ComposedBlock ID="cblock_0" HPOS="197" VPOS="287" WIDTH="209" HEIGHT="91">
					<TextBlock ID="block_0" HPOS="197" VPOS="287" WIDTH="209" HEIGHT="91">
						<TextLine ID="line_0" HPOS="197" VPOS="287" WIDTH="209" HEIGHT="29">
							<String ID="string_0" HPOS="197" VPOS="287" WIDTH="209" HEIGHT="29" WC="0.90" CONTENT="Departements-"/>
						</TextLine>
						<TextLine ID="line_1" HPOS="207" VPOS="321" WIDTH="189" HEIGHT="23">
							<String ID="string_1" HPOS="207" VPOS="321" WIDTH="106" HEIGHT="23" WC="0.92" CONTENT="chefens"/><SP WIDTH="12" VPOS="321" HPOS="313"/>
							<String ID="string_2" HPOS="325" VPOS="322" WIDTH="71" HEIGHT="22" WC="0.92" CONTENT="hem-"/>
						</TextLine>
						<TextLine ID="line_2" HPOS="250" VPOS="355" WIDTH="102" HEIGHT="23">
							<String ID="string_3" HPOS="250" VPOS="355" WIDTH="102" HEIGHT="23" WC="0.89" CONTENT="ställan."/>
						</TextLine>
					</TextBlock>
				</ComposedBlock>
				<ComposedBlock ID="cblock_1" HPOS="477" VPOS="204" WIDTH="1061" HEIGHT="33">
					<TextBlock ID="block_1" HPOS="477" VPOS="204" WIDTH="1061" HEIGHT="33">
						<TextLine ID="line_3" HPOS="477" VPOS="204" WIDTH="1061" HEIGHT="33">
							<String ID="string_4" HPOS="477" VPOS="204" WIDTH="19" HEIGHT="30" WC="0.96" CONTENT="8"/><SP WIDTH="398" VPOS="204" HPOS="496"/>
							<String ID="string_5" HPOS="894" VPOS="204" WIDTH="258" HEIGHT="32" WC="0.88" CONTENT="Statsutskottets"/><SP WIDTH="34" VPOS="204" HPOS="1152"/>
							<String ID="string_6" HPOS="1186" VPOS="204" WIDTH="176" HEIGHT="33" WC="0.95" CONTENT="Utlåtande"/><SP WIDTH="28" VPOS="204" HPOS="1362"/>
							<String ID="string_7" HPOS="1390" VPOS="205" WIDTH="65" HEIGHT="32" WC="0.96" CONTENT="N:o"/><SP WIDTH="30" VPOS="205" HPOS="1455"/>
							<String ID="string_8" HPOS="1485" VPOS="207" WIDTH="53" HEIGHT="30" WC="0.95" CONTENT="89."/>
						</TextLine>
					</TextBlock>
				</ComposedBlock>
				<ComposedBlock ID="cblock_2" HPOS="423" VPOS="284" WIDTH="1596" HEIGHT="1086">
					<TextBlock ID="block_2" HPOS="423" VPOS="284" WIDTH="1595" HEIGHT="568">
						<TextLine ID="line_4" HPOS="527" VPOS="284" WIDTH="1489" HEIGHT="53">
							<String ID="string_9" HPOS="527" VPOS="284" WIDTH="127" HEIGHT="36" WC="0.96" CONTENT="Redan"/><SP WIDTH="42" VPOS="284" HPOS="654"/>
							<String ID="string_10" HPOS="696" VPOS="284" WIDTH="71" HEIGHT="37" WC="0.96" CONTENT="den"/><SP WIDTH="37" VPOS="284" HPOS="767"/>
							<String ID="string_11" HPOS="804" VPOS="284" WIDTH="214" HEIGHT="50" WC="0.95" CONTENT="utredning,"/><SP WIDTH="38" VPOS="284" HPOS="1018"/>
							<String ID="string_12" HPOS="1056" VPOS="298" WIDTH="80" HEIGHT="23" WC="0.96" CONTENT="som"/><SP WIDTH="32" VPOS="298" HPOS="1136"/>
							<String ID="string_13" HPOS="1168" VPOS="299" WIDTH="50" HEIGHT="22" WC="0.95" CONTENT="nu"/><SP WIDTH="30" VPOS="299" HPOS="1218"/>
							<String ID="string_14" HPOS="1248" VPOS="285" WIDTH="216" HEIGHT="49" WC="0.95" CONTENT="föreligger,"/><SP WIDTH="30" VPOS="285" HPOS="1464"/>
							<String ID="string_15" HPOS="1494" VPOS="299" WIDTH="113" HEIGHT="35" WC="0.93" CONTENT="synes"/><SP WIDTH="28" VPOS="299" HPOS="1607"/>
							<String ID="string_16" HPOS="1635" VPOS="285" WIDTH="239" HEIGHT="52" WC="0.69" CONTENT="ådagalägga"/><SP WIDTH="28" VPOS="285" HPOS="1874"/>
							<String ID="string_17" HPOS="1902" VPOS="299" WIDTH="114" HEIGHT="35" WC="0.42" CONTENT="aunge-"/>
						</TextLine>
						<TextLine ID="line_5" HPOS="424" VPOS="336" WIDTH="1591" HEIGHT="51">
							<String ID="string_18" HPOS="424" VPOS="336" WIDTH="225" HEIGHT="48" WC="0.96" CONTENT="lägenheten"/><SP WIDTH="37" VPOS="336" HPOS="649"/>
							<String ID="string_19" HPOS="686" VPOS="342" WIDTH="54" HEIGHT="30" WC="0.96" CONTENT="att"/><SP WIDTH="37" VPOS="342" HPOS="740"/>
							<String ID="string_20" HPOS="777" VPOS="336" WIDTH="92" HEIGHT="37" WC="0.96" CONTENT="söka"/><SP WIDTH="37" VPOS="336" HPOS="869"/>
							<String ID="string_21" HPOS="906" VPOS="337" WIDTH="255" HEIGHT="37" WC="0.96" CONTENT="åstadkomma"/><SP WIDTH="37" VPOS="337" HPOS="1161"/>
							<String ID="string_22" HPOS="1198" VPOS="351" WIDTH="46" HEIGHT="23" WC="0.96" CONTENT="en"/><SP WIDTH="28" VPOS="351" HPOS="1244"/>
							<String ID="string_23" HPOS="1272" VPOS="338" WIDTH="58" HEIGHT="35" WC="0.96" CONTENT="för"/><SP WIDTH="28" VPOS="338" HPOS="1330"/>
							<String ID="string_24" HPOS="1358" VPOS="337" WIDTH="46" HEIGHT="37" WC="0.96" CONTENT="de"/><SP WIDTH="28" VPOS="337" HPOS="1404"/>
							<String ID="string_25" HPOS="1432" VPOS="337" WIDTH="161" HEIGHT="37" WC="0.92" CONTENT="svenska"/><SP WIDTH="28" VPOS="337" HPOS="1593"/>
							<String ID="string_26" HPOS="1621" VPOS="337" WIDTH="267" HEIGHT="50" WC="0.90" CONTENT="flyttlapparna"/><SP WIDTH="26" VPOS="337" HPOS="1888"/>
							<String ID="string_27" HPOS="1914" VPOS="351" WIDTH="101" HEIGHT="23" WC="0.96" CONTENT="mera"/>
						</TextLine>
						<TextLine ID="line_6" HPOS="424" VPOS="388" WIDTH="1593" HEIGHT="50">
							<String ID="string_28" HPOS="424" VPOS="388" WIDTH="343" HEIGHT="36" WC="0.91" CONTENT="tillfredsställande"/><SP WIDTH="41" VPOS="388" HPOS="767"/>
							<String ID="string_29" HPOS="808" VPOS="388" WIDTH="154" HEIGHT="49" WC="0.86" CONTENT="lösning"/><SP WIDTH="41" VPOS="388" HPOS="962"/>
							<String ID="string_30" HPOS="1003" VPOS="389" WIDTH="40" HEIGHT="36" WC="0.96" CONTENT="af"/><SP WIDTH="32" VPOS="389" HPOS="1043"/>
							<String ID="string_31" HPOS="1075" VPOS="389" WIDTH="134" HEIGHT="48" WC="0.96" CONTENT="frågan"/><SP WIDTH="37" VPOS="389" HPOS="1209"/>
							<String ID="string_32" HPOS="1246" VPOS="402" WIDTH="60" HEIGHT="23" WC="0.92" CONTENT="om"/><SP WIDTH="28" VPOS="402" HPOS="1306"/>
							<String ID="string_33" HPOS="1334" VPOS="389" WIDTH="297" HEIGHT="38" WC="0.90" CONTENT="renbetesrätten"/><SP WIDTH="28" VPOS="389" HPOS="1631"/>
							<String ID="string_34" HPOS="1659" VPOS="394" WIDTH="48" HEIGHT="32" WC="0.96" CONTENT="än"/><SP WIDTH="28" VPOS="394" HPOS="1707"/>
							<String ID="string_35" HPOS="1735" VPOS="403" WIDTH="81" HEIGHT="24" WC="0.92" CONTENT="som"/><SP WIDTH="28" VPOS="403" HPOS="1816"/>
							<String ID="string_36" HPOS="1844" VPOS="389" WIDTH="133" HEIGHT="49" WC="0.91" CONTENT="gifvits"/><SP WIDTH="28" VPOS="389" HPOS="1977"/>
							<String ID="string_37" HPOS="2005" VPOS="390" WIDTH="12" HEIGHT="35" WC="0.96" CONTENT="i"/>
						</TextLine>
						<TextLine ID="line_7" HPOS="423" VPOS="440" WIDTH="1594" HEIGHT="50">
							<String ID="string_38" HPOS="423" VPOS="440" WIDTH="279" HEIGHT="36" WC="0.96" CONTENT="konventionen"/><SP WIDTH="27" VPOS="440" HPOS="702"/>
							<String ID="string_39" HPOS="729" VPOS="440" WIDTH="42" HEIGHT="36" WC="0.96" CONTENT="af"/><SP WIDTH="24" VPOS="440" HPOS="771"/>
							<String ID="string_40" HPOS="795" VPOS="440" WIDTH="73" HEIGHT="37" WC="0.96" CONTENT="den"/><SP WIDTH="29" VPOS="440" HPOS="868"/>
							<String ID="string_41" HPOS="897" VPOS="443" WIDTH="46" HEIGHT="34" WC="0.96" CONTENT="26"/><SP WIDTH="22" VPOS="443" HPOS="943"/>
							<String ID="string_42" HPOS="965" VPOS="440" WIDTH="156" HEIGHT="37" WC="0.96" CONTENT="oktober"/><SP WIDTH="22" VPOS="440" HPOS="1121"/>
							<String ID="string_43" HPOS="1143" VPOS="442" WIDTH="108" HEIGHT="35" WC="0.95" CONTENT="1905."/><SP WIDTH="47" VPOS="442" HPOS="1251"/>
							<String ID="string_44" HPOS="1298" VPOS="441" WIDTH="75" HEIGHT="36" WC="0.92" CONTENT="För"/><SP WIDTH="19" VPOS="441" HPOS="1373"/>
							<String ID="string_45" HPOS="1392" VPOS="442" WIDTH="135" HEIGHT="36" WC="0.95" CONTENT="sakens"/><SP WIDTH="21" VPOS="442" HPOS="1527"/>
							<String ID="string_46" HPOS="1548" VPOS="442" WIDTH="246" HEIGHT="48" WC="0.95" CONTENT="fullständiga"/><SP WIDTH="19" VPOS="442" HPOS="1794"/>
							<String ID="string_47" HPOS="1813" VPOS="441" WIDTH="204" HEIGHT="49" WC="0.96" CONTENT="utredning"/>
						</TextLine>
						<TextLine ID="line_8" HPOS="424" VPOS="491" WIDTH="1590" HEIGHT="51">
							<String ID="string_48" HPOS="424" VPOS="505" WIDTH="106" HEIGHT="23" WC="0.95" CONTENT="anser"/><SP WIDTH="21" VPOS="505" HPOS="530"/>
							<String ID="string_49" HPOS="551" VPOS="491" WIDTH="71" HEIGHT="49" WC="0.96" CONTENT="jag"/><SP WIDTH="28" VPOS="491" HPOS="622"/>
							<String ID="string_50" HPOS="650" VPOS="492" WIDTH="79" HEIGHT="48" WC="0.96" CONTENT="mig"/><SP WIDTH="29" VPOS="492" HPOS="729"/>
							<String ID="string_51" HPOS="758" VPOS="491" WIDTH="95" HEIGHT="37" WC="0.96" CONTENT="dock"/><SP WIDTH="29" VPOS="491" HPOS="853"/>
							<String ID="string_52" HPOS="882" VPOS="492" WIDTH="92" HEIGHT="37" WC="0.96" CONTENT="böra"/><SP WIDTH="28" VPOS="492" HPOS="974"/>
							<String ID="string_53" HPOS="1002" VPOS="492" WIDTH="160" HEIGHT="48" WC="0.95" CONTENT="förorda,"/><SP WIDTH="29" VPOS="492" HPOS="1162"/>
							<String ID="string_54" HPOS="1191" VPOS="498" WIDTH="55" HEIGHT="31" WC="0.96" CONTENT="att"/><SP WIDTH="28" VPOS="498" HPOS="1246"/>
							<String ID="string_55" HPOS="1274" VPOS="493" WIDTH="174" HEIGHT="37" WC="0.96" CONTENT="fortsatta"/><SP WIDTH="26" VPOS="493" HPOS="1448"/>
							<String ID="string_56" HPOS="1474" VPOS="493" WIDTH="328" HEIGHT="49" WC="0.96" CONTENT="undersökningar"/><SP WIDTH="25" VPOS="493" HPOS="1802"/>
							<String ID="string_57" HPOS="1827" VPOS="493" WIDTH="187" HEIGHT="37" WC="0.96" CONTENT="anställas."/>
						</TextLine>
						<TextLine ID="line_9" HPOS="423" VPOS="544" WIDTH="1593" HEIGHT="50">
							<String ID="string_58" HPOS="423" VPOS="544" WIDTH="71" HEIGHT="36" WC="0.96" CONTENT="Det"/><SP WIDTH="41" VPOS="544" HPOS="494"/>
							<String ID="string_59" HPOS="535" VPOS="548" WIDTH="74" HEIGHT="32" WC="0.96" CONTENT="sätt"/><SP WIDTH="43" VPOS="548" HPOS="609"/>
							<String ID="string_60" HPOS="652" VPOS="544" WIDTH="57" HEIGHT="36" WC="0.96" CONTENT="för"/><SP WIDTH="41" VPOS="544" HPOS="709"/>
							<String ID="string_61" HPOS="750" VPOS="544" WIDTH="106" HEIGHT="37" WC="0.90" CONTENT="dessa"/><SP WIDTH="37" VPOS="544" HPOS="856"/>
							<String ID="string_62" HPOS="893" VPOS="544" WIDTH="344" HEIGHT="49" WC="0.90" CONTENT="undersökningars"/><SP WIDTH="37" VPOS="544" HPOS="1237"/>
							<String ID="string_63" HPOS="1274" VPOS="545" WIDTH="257" HEIGHT="48" WC="0.90" CONTENT="bedrifvande,"/><SP WIDTH="39" VPOS="545" HPOS="1531"/>
							<String ID="string_64" HPOS="1570" VPOS="559" WIDTH="80" HEIGHT="23" WC="0.96" CONTENT="som"/><SP WIDTH="28" VPOS="559" HPOS="1650"/>
							<String ID="string_65" HPOS="1678" VPOS="560" WIDTH="50" HEIGHT="22" WC="0.92" CONTENT="nu"/><SP WIDTH="28" VPOS="560" HPOS="1728"/>
							<String ID="string_66" HPOS="1756" VPOS="545" WIDTH="260" HEIGHT="49" WC="0.91" CONTENT="ifrågaställts,"/>
						</TextLine>
						<TextLine ID="line_10" HPOS="423" VPOS="595" WIDTH="1594" HEIGHT="51">
							<String ID="string_67" HPOS="423" VPOS="609" WIDTH="136" HEIGHT="35" WC="0.96" CONTENT="genom"/><SP WIDTH="30" VPOS="609" HPOS="559"/>
							<String ID="string_68" HPOS="589" VPOS="595" WIDTH="165" HEIGHT="37" WC="0.96" CONTENT="svenska"/><SP WIDTH="28" VPOS="595" HPOS="754"/>
							<String ID="string_69" HPOS="782" VPOS="596" WIDTH="70" HEIGHT="36" WC="0.96" CONTENT="och"/><SP WIDTH="29" VPOS="596" HPOS="852"/>
							<String ID="string_70" HPOS="881" VPOS="596" WIDTH="140" HEIGHT="36" WC="0.96" CONTENT="norska"/><SP WIDTH="28" VPOS="596" HPOS="1021"/>
							<String ID="string_71" HPOS="1049" VPOS="596" WIDTH="279" HEIGHT="37" WC="0.95" CONTENT="kommissarier"/><SP WIDTH="29" VPOS="596" HPOS="1328"/>
							<String ID="string_72" HPOS="1357" VPOS="610" WIDTH="112" HEIGHT="36" WC="0.96" CONTENT="synes"/><SP WIDTH="29" VPOS="610" HPOS="1469"/>
							<String ID="string_73" HPOS="1498" VPOS="597" WIDTH="79" HEIGHT="49" WC="0.95" CONTENT="mig"/><SP WIDTH="28" VPOS="597" HPOS="1577"/>
							<String ID="string_74" HPOS="1605" VPOS="598" WIDTH="111" HEIGHT="36" WC="0.96" CONTENT="också"/><SP WIDTH="19" VPOS="598" HPOS="1716"/>
							<String ID="string_75" HPOS="1735" VPOS="611" WIDTH="89" HEIGHT="23" WC="0.96" CONTENT="vara"/><SP WIDTH="19" VPOS="611" HPOS="1824"/>
							<String ID="string_76" HPOS="1843" VPOS="597" WIDTH="174" HEIGHT="49" WC="0.96" CONTENT="lämpligt"/>
						</TextLine>
						<TextLine ID="line_11" HPOS="423" VPOS="647" WIDTH="1594" HEIGHT="51">
							<String ID="string_77" HPOS="423" VPOS="661" WIDTH="43" HEIGHT="22" WC="0.96" CONTENT="ur"/><SP WIDTH="27" VPOS="661" HPOS="466"/>
							<String ID="string_78" HPOS="493" VPOS="647" WIDTH="71" HEIGHT="37" WC="0.96" CONTENT="alla"/><SP WIDTH="29" VPOS="647" HPOS="564"/>
							<String ID="string_79" HPOS="593" VPOS="647" WIDTH="234" HEIGHT="50" WC="0.96" CONTENT="synpunkter"/><SP WIDTH="28" VPOS="647" HPOS="827"/>
							<String ID="string_80" HPOS="855" VPOS="649" WIDTH="70" HEIGHT="35" WC="0.96" CONTENT="och"/><SP WIDTH="29" VPOS="649" HPOS="925"/>
							<String ID="string_81" HPOS="954" VPOS="648" WIDTH="177" HEIGHT="36" WC="0.96" CONTENT="särskildt"/><SP WIDTH="28" VPOS="648" HPOS="1131"/>
							<String ID="string_82" HPOS="1159" VPOS="649" WIDTH="83" HEIGHT="36" WC="0.96" CONTENT="med"/><SP WIDTH="28" VPOS="649" HPOS="1242"/>
							<String ID="string_83" HPOS="1270" VPOS="649" WIDTH="150" HEIGHT="49" WC="0.96" CONTENT="hänsyn"/><SP WIDTH="20" VPOS="649" HPOS="1420"/>
							<String ID="string_84" HPOS="1440" VPOS="649" WIDTH="135" HEIGHT="48" WC="0.96" CONTENT="därtill,"/><SP WIDTH="21" VPOS="649" HPOS="1575"/>
							<String ID="string_85" HPOS="1596" VPOS="655" WIDTH="55" HEIGHT="31" WC="0.96" CONTENT="att"/><SP WIDTH="18" VPOS="655" HPOS="1651"/>
							<String ID="string_86" HPOS="1669" VPOS="650" WIDTH="223" HEIGHT="48" WC="0.96" CONTENT="härigenom"/><SP WIDTH="19" VPOS="650" HPOS="1892"/>
							<String ID="string_87" HPOS="1911" VPOS="649" WIDTH="106" HEIGHT="37" WC="0.96" CONTENT="torde"/>
						</TextLine>
						<TextLine ID="line_12" HPOS="423" VPOS="699" WIDTH="1595" HEIGHT="49">
							<String ID="string_88" HPOS="423" VPOS="699" WIDTH="131" HEIGHT="37" WC="0.93" CONTENT="lättare"/><SP WIDTH="42" VPOS="699" HPOS="554"/>
							<String ID="string_89" HPOS="596" VPOS="699" WIDTH="116" HEIGHT="37" WC="0.91" CONTENT="banas"/><SP WIDTH="40" VPOS="699" HPOS="712"/>
							<String ID="string_90" HPOS="752" VPOS="705" WIDTH="77" HEIGHT="43" WC="0.96" CONTENT="väg"/><SP WIDTH="41" VPOS="705" HPOS="829"/>
							<String ID="string_91" HPOS="870" VPOS="700" WIDTH="58" HEIGHT="36" WC="0.96" CONTENT="för"/><SP WIDTH="41" VPOS="700" HPOS="928"/>
							<String ID="string_92" HPOS="969" VPOS="714" WIDTH="45" HEIGHT="23" WC="0.93" CONTENT="en"/><SP WIDTH="41" VPOS="714" HPOS="1014"/>
							<String ID="string_93" HPOS="1055" VPOS="701" WIDTH="380" HEIGHT="37" WC="0.91" CONTENT="öfverenskommelse"/><SP WIDTH="37" VPOS="701" HPOS="1435"/>
							<String ID="string_94" HPOS="1472" VPOS="701" WIDTH="11" HEIGHT="36" WC="0.96" CONTENT="i"/><SP WIDTH="39" VPOS="701" HPOS="1483"/>
							<String ID="string_95" HPOS="1522" VPOS="706" WIDTH="126" HEIGHT="32" WC="0.96" CONTENT="ämnet"/><SP WIDTH="37" VPOS="706" HPOS="1648"/>
							<String ID="string_96" HPOS="1685" VPOS="702" WIDTH="136" HEIGHT="36" WC="0.96" CONTENT="mellan"/><SP WIDTH="28" VPOS="702" HPOS="1821"/>
							<String ID="string_97" HPOS="1849" VPOS="701" WIDTH="45" HEIGHT="37" WC="0.96" CONTENT="de"/><SP WIDTH="28" VPOS="701" HPOS="1894"/>
							<String ID="string_98" HPOS="1922" VPOS="700" WIDTH="96" HEIGHT="37" WC="0.96" CONTENT="båda"/>
						</TextLine>
						<TextLine ID="line_13" HPOS="423" VPOS="751" WIDTH="1594" HEIGHT="50">
							<String ID="string_99" HPOS="423" VPOS="751" WIDTH="127" HEIGHT="37" WC="0.96" CONTENT="rikena"/><SP WIDTH="36" VPOS="751" HPOS="550"/>
							<String ID="string_100" HPOS="586" VPOS="757" WIDTH="91" HEIGHT="31" WC="0.96" CONTENT="utan"/><SP WIDTH="28" VPOS="757" HPOS="677"/>
							<String ID="string_101" HPOS="705" VPOS="756" WIDTH="53" HEIGHT="32" WC="0.97" CONTENT="att"/><SP WIDTH="28" VPOS="756" HPOS="758"/>
							<String ID="string_102" HPOS="786" VPOS="752" WIDTH="100" HEIGHT="49" WC="0.96" CONTENT="välja"/><SP WIDTH="29" VPOS="752" HPOS="886"/>
							<String ID="string_103" HPOS="915" VPOS="752" WIDTH="71" HEIGHT="36" WC="0.96" CONTENT="den"/><SP WIDTH="27" VPOS="752" HPOS="986"/>
							<String ID="string_104" HPOS="1013" VPOS="752" WIDTH="12" HEIGHT="36" WC="0.96" CONTENT="i"/><SP WIDTH="28" VPOS="752" HPOS="1025"/>
							<String ID="string_105" HPOS="1053" VPOS="752" WIDTH="279" HEIGHT="38" WC="0.96" CONTENT="konventionen"/><SP WIDTH="30" VPOS="752" HPOS="1332"/>
							<String ID="string_106" HPOS="1362" VPOS="753" WIDTH="58" HEIGHT="36" WC="0.96" CONTENT="för"/><SP WIDTH="29" VPOS="753" HPOS="1420"/>
							<String ID="string_107" HPOS="1449" VPOS="753" WIDTH="210" HEIGHT="37" WC="0.96" CONTENT="ändamålet"/><SP WIDTH="27" VPOS="753" HPOS="1659"/>
							<String ID="string_108" HPOS="1686" VPOS="753" WIDTH="179" HEIGHT="37" WC="0.96" CONTENT="anvisade"/><SP WIDTH="28" VPOS="753" HPOS="1865"/>
							<String ID="string_109" HPOS="1893" VPOS="757" WIDTH="124" HEIGHT="44" WC="0.96" CONTENT="vägen"/>
						</TextLine>
						<TextLine ID="line_14" HPOS="423" VPOS="803" WIDTH="668" HEIGHT="49">
							<String ID="string_110" HPOS="423" VPOS="808" WIDTH="54" HEIGHT="31" WC="0.96" CONTENT="att"/><SP WIDTH="27" VPOS="808" HPOS="477"/>
							<String ID="string_111" HPOS="504" VPOS="803" WIDTH="114" HEIGHT="36" WC="0.93" CONTENT="anlita"/><SP WIDTH="29" VPOS="803" HPOS="618"/>
							<String ID="string_112" HPOS="647" VPOS="803" WIDTH="444" HEIGHT="49" WC="0.91" CONTENT="skiljedomsförfarande."/>
						</TextLine>
					</TextBlock>
					<TextBlock ID="block_3" HPOS="423" VPOS="855" WIDTH="1596" HEIGHT="360">
						<TextLine ID="line_15" HPOS="525" VPOS="855" WIDTH="1493" HEIGHT="51">
							<String ID="string_113" HPOS="525" VPOS="855" WIDTH="290" HEIGHT="37" WC="0.96" CONTENT="Konventionen"/><SP WIDTH="29" VPOS="855" HPOS="815"/>
							<String ID="string_114" HPOS="844" VPOS="856" WIDTH="167" HEIGHT="48" WC="0.96" CONTENT="grundar"/><SP WIDTH="28" VPOS="856" HPOS="1011"/>
							<String ID="string_115" HPOS="1039" VPOS="856" WIDTH="60" HEIGHT="49" WC="0.96" CONTENT="sig"/><SP WIDTH="27" VPOS="856" HPOS="1099"/>
							<String ID="string_116" HPOS="1126" VPOS="856" WIDTH="204" HEIGHT="38" WC="0.96" CONTENT="emellertid"/><SP WIDTH="19" VPOS="856" HPOS="1330"/>
							<String ID="string_117" HPOS="1349" VPOS="859" WIDTH="49" HEIGHT="47" WC="0.96" CONTENT="på"/><SP WIDTH="20" VPOS="859" HPOS="1398"/>
							<String ID="string_118" HPOS="1418" VPOS="857" WIDTH="71" HEIGHT="37" WC="0.96" CONTENT="den"/><SP WIDTH="19" VPOS="857" HPOS="1489"/>
							<String ID="string_119" HPOS="1508" VPOS="857" WIDTH="42" HEIGHT="36" WC="0.96" CONTENT="af"/><SP WIDTH="16" VPOS="857" HPOS="1550"/>
							<String ID="string_120" HPOS="1566" VPOS="857" WIDTH="218" HEIGHT="49" WC="0.96" CONTENT="Riksdagen"/><SP WIDTH="18" VPOS="857" HPOS="1784"/>
							<String ID="string_121" HPOS="1802" VPOS="856" WIDTH="216" HEIGHT="49" WC="0.95" CONTENT="godkända,"/>
						</TextLine>
						<TextLine ID="line_16" HPOS="423" VPOS="906" WIDTH="1594" HEIGHT="51">
							<String ID="string_122" HPOS="423" VPOS="907" WIDTH="42" HEIGHT="36" WC="0.95" CONTENT="af"/><SP WIDTH="35" VPOS="907" HPOS="465"/>
							<String ID="string_123" HPOS="500" VPOS="906" WIDTH="221" HEIGHT="50" WC="0.95" CONTENT="delegerade"/><SP WIDTH="40" VPOS="906" HPOS="721"/>
							<String ID="string_124" HPOS="761" VPOS="907" WIDTH="82" HEIGHT="37" WC="0.96" CONTENT="från"/><SP WIDTH="36" VPOS="907" HPOS="843"/>
							<String ID="string_125" HPOS="879" VPOS="908" WIDTH="138" HEIGHT="37" WC="0.96" CONTENT="svensk"/><SP WIDTH="29" VPOS="908" HPOS="1017"/>
							<String ID="string_126" HPOS="1046" VPOS="909" WIDTH="69" HEIGHT="35" WC="0.96" CONTENT="och"/><SP WIDTH="28" VPOS="909" HPOS="1115"/>
							<String ID="string_127" HPOS="1143" VPOS="909" WIDTH="116" HEIGHT="36" WC="0.96" CONTENT="norsk"/><SP WIDTH="28" VPOS="909" HPOS="1259"/>
							<String ID="string_128" HPOS="1287" VPOS="908" WIDTH="81" HEIGHT="37" WC="0.96" CONTENT="sida"/><SP WIDTH="28" VPOS="908" HPOS="1368"/>
							<String ID="string_129" HPOS="1396" VPOS="909" WIDTH="63" HEIGHT="36" WC="0.96" CONTENT="vid"/><SP WIDTH="30" VPOS="909" HPOS="1459"/>
							<String ID="string_130" HPOS="1489" VPOS="909" WIDTH="286" HEIGHT="48" WC="0.95" CONTENT="förhandlingar"/><SP WIDTH="27" VPOS="909" HPOS="1775"/>
							<String ID="string_131" HPOS="1802" VPOS="909" WIDTH="12" HEIGHT="36" WC="0.81" CONTENT="1"/><SP WIDTH="28" VPOS="909" HPOS="1814"/>
							<String ID="string_132" HPOS="1842" VPOS="908" WIDTH="175" HEIGHT="37" WC="0.96" CONTENT="Karlstad"/>
						</TextLine>
						<TextLine ID="line_17" HPOS="424" VPOS="959" WIDTH="1595" HEIGHT="50">
							<String ID="string_133" HPOS="424" VPOS="972" WIDTH="139" HEIGHT="23" WC="0.96" CONTENT="samma"/><SP WIDTH="37" VPOS="972" HPOS="563"/>
							<String ID="string_134" HPOS="600" VPOS="962" WIDTH="40" HEIGHT="33" WC="0.94" CONTENT="år"/><SP WIDTH="27" VPOS="962" HPOS="640"/>
							<String ID="string_135" HPOS="667" VPOS="959" WIDTH="158" HEIGHT="37" WC="0.93" CONTENT="träffade"/><SP WIDTH="29" VPOS="959" HPOS="825"/>
							<String ID="string_136" HPOS="854" VPOS="960" WIDTH="379" HEIGHT="37" WC="0.90" CONTENT="öfverenskommelse"/><SP WIDTH="28" VPOS="960" HPOS="1233"/>
							<String ID="string_137" HPOS="1261" VPOS="961" WIDTH="11" HEIGHT="35" WC="0.96" CONTENT="i"/><SP WIDTH="29" VPOS="961" HPOS="1272"/>
							<String ID="string_138" HPOS="1301" VPOS="966" WIDTH="137" HEIGHT="31" WC="0.96" CONTENT="ämnet."/><SP WIDTH="55" VPOS="966" HPOS="1438"/>
							<String ID="string_139" HPOS="1493" VPOS="961" WIDTH="55" HEIGHT="36" WC="0.95" CONTENT="Då"/><SP WIDTH="29" VPOS="961" HPOS="1548"/>
							<String ID="string_140" HPOS="1577" VPOS="975" WIDTH="49" HEIGHT="22" WC="0.93" CONTENT="nu"/><SP WIDTH="29" VPOS="975" HPOS="1626"/>
							<String ID="string_141" HPOS="1655" VPOS="960" WIDTH="262" HEIGHT="49" WC="0.92" CONTENT="ifrågaställda"/><SP WIDTH="28" VPOS="960" HPOS="1917"/>
							<String ID="string_142" HPOS="1945" VPOS="960" WIDTH="74" HEIGHT="36" WC="0.93" CONTENT="för-"/>
						</TextLine>
						<TextLine ID="line_18" HPOS="423" VPOS="1011" WIDTH="1596" HEIGHT="50">
							<String ID="string_143" HPOS="423" VPOS="1011" WIDTH="225" HEIGHT="49" WC="0.96" CONTENT="handlingar"/><SP WIDTH="41" VPOS="1011" HPOS="648"/>
							<String ID="string_144" HPOS="689" VPOS="1011" WIDTH="83" HEIGHT="37" WC="0.96" CONTENT="med"/><SP WIDTH="41" VPOS="1011" HPOS="772"/>
							<String ID="string_145" HPOS="813" VPOS="1012" WIDTH="129" HEIGHT="48" WC="0.93" CONTENT="Norge"/><SP WIDTH="41" VPOS="1012" HPOS="942"/>
							<String ID="string_146" HPOS="983" VPOS="1012" WIDTH="78" HEIGHT="36" WC="0.89" CONTENT="afse"/><SP WIDTH="36" VPOS="1012" HPOS="1061"/>
							<String ID="string_147" HPOS="1097" VPOS="1017" WIDTH="55" HEIGHT="31" WC="0.96" CONTENT="att"/><SP WIDTH="28" VPOS="1017" HPOS="1152"/>
							<String ID="string_148" HPOS="1180" VPOS="1013" WIDTH="11" HEIGHT="35" WC="0.96" CONTENT="i"/><SP WIDTH="28" VPOS="1013" HPOS="1191"/>
							<String ID="string_149" HPOS="1219" VPOS="1012" WIDTH="100" HEIGHT="37" WC="0.95" CONTENT="vissa"/><SP WIDTH="28" VPOS="1012" HPOS="1319"/>
							<String ID="string_150" HPOS="1347" VPOS="1013" WIDTH="240" HEIGHT="36" WC="0.96" CONTENT="hänseenden"/><SP WIDTH="29" VPOS="1013" HPOS="1587"/>
							<String ID="string_151" HPOS="1616" VPOS="1013" WIDTH="257" HEIGHT="36" WC="0.90" CONTENT="åstadkomma"/><SP WIDTH="23" VPOS="1013" HPOS="1873"/>
							<String ID="string_152" HPOS="1896" VPOS="1012" WIDTH="123" HEIGHT="49" WC="0.90" CONTENT="jämk-"/>
						</TextLine>
						<TextLine ID="line_19" HPOS="423" VPOS="1063" WIDTH="1596" HEIGHT="49">
							<String ID="string_153" HPOS="423" VPOS="1063" WIDTH="135" HEIGHT="49" WC="0.95" CONTENT="ningar"/><SP WIDTH="28" VPOS="1063" HPOS="558"/>
							<String ID="string_154" HPOS="586" VPOS="1063" WIDTH="54" HEIGHT="36" WC="0.94" CONTENT="uti"/><SP WIDTH="30" VPOS="1063" HPOS="640"/>
							<String ID="string_155" HPOS="670" VPOS="1076" WIDTH="153" HEIGHT="34" WC="0.96" CONTENT="samma,"/><SP WIDTH="31" VPOS="1076" HPOS="823"/>
							<String ID="string_156" HPOS="854" VPOS="1064" WIDTH="41" HEIGHT="35" WC="0.96" CONTENT="af"/><SP WIDTH="24" VPOS="1064" HPOS="895"/>
							<String ID="string_157" HPOS="919" VPOS="1063" WIDTH="216" HEIGHT="49" WC="0.95" CONTENT="Riksdagen"/><SP WIDTH="28" VPOS="1063" HPOS="1135"/>
							<String ID="string_158" HPOS="1163" VPOS="1063" WIDTH="203" HEIGHT="49" WC="0.96" CONTENT="godkända"/><SP WIDTH="28" VPOS="1063" HPOS="1366"/>
							<String ID="string_159" HPOS="1394" VPOS="1065" WIDTH="292" HEIGHT="46" WC="0.95" CONTENT="bestämmelser,"/><SP WIDTH="30" VPOS="1065" HPOS="1686"/>
							<String ID="string_160" HPOS="1716" VPOS="1065" WIDTH="120" HEIGHT="36" WC="0.95" CONTENT="finner"/><SP WIDTH="15" VPOS="1065" HPOS="1836"/>
							<String ID="string_161" HPOS="1851" VPOS="1064" WIDTH="70" HEIGHT="48" WC="0.96" CONTENT="jag"/><SP WIDTH="20" VPOS="1064" HPOS="1921"/>
							<String ID="string_162" HPOS="1941" VPOS="1063" WIDTH="78" HEIGHT="49" WC="0.96" CONTENT="mig"/>
						</TextLine>
						<TextLine ID="line_20" HPOS="423" VPOS="1114" WIDTH="1596" HEIGHT="51">
							<String ID="string_163" HPOS="423" VPOS="1115" WIDTH="90" HEIGHT="36" WC="0.95" CONTENT="böra"/><SP WIDTH="40" VPOS="1115" HPOS="513"/>
							<String ID="string_164" HPOS="553" VPOS="1115" WIDTH="190" HEIGHT="49" WC="0.95" CONTENT="tillstyrka"/><SP WIDTH="40" VPOS="1115" HPOS="743"/>
							<String ID="string_165" HPOS="783" VPOS="1114" WIDTH="142" HEIGHT="48" WC="0.92" CONTENT="Kungl."/><SP WIDTH="43" VPOS="1114" HPOS="925"/>
							<String ID="string_166" HPOS="968" VPOS="1115" WIDTH="106" HEIGHT="48" WC="0.93" CONTENT="Maj:t"/><SP WIDTH="42" VPOS="1115" HPOS="1074"/>
							<String ID="string_167" HPOS="1116" VPOS="1120" WIDTH="53" HEIGHT="31" WC="0.96" CONTENT="att"/><SP WIDTH="40" VPOS="1120" HPOS="1169"/>
							<String ID="string_168" HPOS="1209" VPOS="1115" WIDTH="167" HEIGHT="37" WC="0.95" CONTENT="inhämta"/><SP WIDTH="39" VPOS="1115" HPOS="1376"/>
							<String ID="string_169" HPOS="1415" VPOS="1116" WIDTH="238" HEIGHT="49" WC="0.96" CONTENT="Riksdagens"/><SP WIDTH="36" VPOS="1116" HPOS="1653"/>
							<String ID="string_170" HPOS="1689" VPOS="1116" WIDTH="105" HEIGHT="36" WC="0.96" CONTENT="bifall"/><SP WIDTH="33" VPOS="1116" HPOS="1794"/>
							<String ID="string_171" HPOS="1827" VPOS="1116" WIDTH="56" HEIGHT="36" WC="0.96" CONTENT="till"/><SP WIDTH="28" VPOS="1116" HPOS="1883"/>
							<String ID="string_172" HPOS="1911" VPOS="1115" WIDTH="108" HEIGHT="37" WC="0.96" CONTENT="dessa"/>
						</TextLine>
						<TextLine ID="line_21" HPOS="424" VPOS="1166" WIDTH="357" HEIGHT="49">
							<String ID="string_173" HPOS="424" VPOS="1166" WIDTH="357" HEIGHT="49" WC="0.96" CONTENT="underhandlingar."/>
						</TextLine>
					</TextBlock>
					<TextBlock ID="block_4" HPOS="424" VPOS="1218" WIDTH="1595" HEIGHT="152">
						<TextLine ID="line_22" HPOS="525" VPOS="1218" WIDTH="1494" HEIGHT="47">
							<String ID="string_174" HPOS="525" VPOS="1219" WIDTH="55" HEIGHT="36" WC="0.96" CONTENT="De"/><SP WIDTH="41" VPOS="1219" HPOS="580"/>
							<String ID="string_175" HPOS="621" VPOS="1218" WIDTH="215" HEIGHT="47" WC="0.94" CONTENT="kostnader,"/><SP WIDTH="44" VPOS="1218" HPOS="836"/>
							<String ID="string_176" HPOS="880" VPOS="1231" WIDTH="81" HEIGHT="24" WC="0.96" CONTENT="som"/><SP WIDTH="41" VPOS="1231" HPOS="961"/>
							<String ID="string_177" HPOS="1002" VPOS="1219" WIDTH="126" HEIGHT="36" WC="0.92" CONTENT="kunna"/><SP WIDTH="41" VPOS="1219" HPOS="1128"/>
							<String ID="string_178" HPOS="1169" VPOS="1219" WIDTH="211" HEIGHT="37" WC="0.89" CONTENT="föranledas"/><SP WIDTH="42" VPOS="1219" HPOS="1380"/>
							<String ID="string_179" HPOS="1422" VPOS="1220" WIDTH="42" HEIGHT="35" WC="0.96" CONTENT="af"/><SP WIDTH="37" VPOS="1220" HPOS="1464"/>
							<String ID="string_180" HPOS="1501" VPOS="1220" WIDTH="45" HEIGHT="36" WC="0.92" CONTENT="de"/><SP WIDTH="36" VPOS="1220" HPOS="1546"/>
							<String ID="string_181" HPOS="1582" VPOS="1219" WIDTH="193" HEIGHT="37" WC="0.92" CONTENT="blifvande"/><SP WIDTH="37" VPOS="1219" HPOS="1775"/>
							<String ID="string_182" HPOS="1812" VPOS="1219" WIDTH="207" HEIGHT="37" WC="0.75" CONTENT="undersök-"/>
						</TextLine>
						<TextLine ID="line_23" HPOS="424" VPOS="1270" WIDTH="1595" HEIGHT="50">
							<String ID="string_183" HPOS="424" VPOS="1271" WIDTH="198" HEIGHT="48" WC="0.96" CONTENT="ningarna,"/><SP WIDTH="43" VPOS="1271" HPOS="622"/>
							<String ID="string_184" HPOS="665" VPOS="1270" WIDTH="105" HEIGHT="37" WC="0.96" CONTENT="torde"/><SP WIDTH="41" VPOS="1270" HPOS="770"/>
							<String ID="string_185" HPOS="811" VPOS="1270" WIDTH="206" HEIGHT="50" WC="0.93" CONTENT="lämpligen"/><SP WIDTH="41" VPOS="1270" HPOS="1017"/>
							<String ID="string_186" HPOS="1058" VPOS="1271" WIDTH="205" HEIGHT="49" WC="0.92" CONTENT="förskjutas"/><SP WIDTH="42" VPOS="1271" HPOS="1263"/>
							<String ID="string_187" HPOS="1305" VPOS="1272" WIDTH="42" HEIGHT="35" WC="0.96" CONTENT="af"/><SP WIDTH="32" VPOS="1272" HPOS="1347"/>
							<String ID="string_188" HPOS="1379" VPOS="1271" WIDTH="118" HEIGHT="37" WC="0.96" CONTENT="under"/><SP WIDTH="37" VPOS="1271" HPOS="1497"/>
							<String ID="string_189" HPOS="1534" VPOS="1271" WIDTH="142" HEIGHT="37" WC="0.96" CONTENT="händer"/><SP WIDTH="32" VPOS="1271" HPOS="1676"/>
							<String ID="string_190" HPOS="1708" VPOS="1271" WIDTH="162" HEIGHT="37" WC="0.96" CONTENT="varande"/><SP WIDTH="29" VPOS="1271" HPOS="1870"/>
							<String ID="string_191" HPOS="1899" VPOS="1271" WIDTH="120" HEIGHT="36" WC="0.96" CONTENT="medel"/>
						</TextLine>
						<TextLine ID="line_24" HPOS="425" VPOS="1322" WIDTH="1271" HEIGHT="48">
							<String ID="string_192" HPOS="425" VPOS="1322" WIDTH="57" HEIGHT="36" WC="0.96" CONTENT="för"/><SP WIDTH="27" VPOS="1322" HPOS="482"/>
							<String ID="string_193" HPOS="509" VPOS="1328" WIDTH="53" HEIGHT="31" WC="0.96" CONTENT="att"/><SP WIDTH="29" VPOS="1328" HPOS="562"/>
							<String ID="string_194" HPOS="591" VPOS="1322" WIDTH="210" HEIGHT="37" WC="0.96" CONTENT="sedermera"/><SP WIDTH="28" VPOS="1322" HPOS="801"/>
							<String ID="string_195" HPOS="829" VPOS="1322" WIDTH="70" HEIGHT="37" WC="0.96" CONTENT="hos"/><SP WIDTH="30" VPOS="1322" HPOS="899"/>
							<String ID="string_196" HPOS="929" VPOS="1322" WIDTH="217" HEIGHT="47" WC="0.96" CONTENT="Riksdagen"/><SP WIDTH="29" VPOS="1322" HPOS="1146"/>
							<String ID="string_197" HPOS="1175" VPOS="1323" WIDTH="164" HEIGHT="36" WC="0.94" CONTENT="anmälas"/><SP WIDTH="30" VPOS="1323" HPOS="1339"/>
							<String ID="string_198" HPOS="1369" VPOS="1323" WIDTH="55" HEIGHT="36" WC="0.96" CONTENT="till"/><SP WIDTH="28" VPOS="1323" HPOS="1424"/>
							<String ID="string_199" HPOS="1452" VPOS="1324" WIDTH="244" HEIGHT="46" WC="0.95" CONTENT="ersättning.»"/>
						</TextLine>
					</TextBlock>
				</ComposedBlock>
				<ComposedBlock ID="cblock_3" HPOS="526" VPOS="1424" WIDTH="451" HEIGHT="47">
					<TextBlock ID="block_5" HPOS="526" VPOS="1424" WIDTH="451" HEIGHT="47">
						<TextLine ID="line_25" HPOS="526" VPOS="1424" WIDTH="451" HEIGHT="47">
							<String ID="string_200" HPOS="526" VPOS="1424" WIDTH="195" HEIGHT="37" WC="0.96" CONTENT="Utskottet"/><SP WIDTH="27" VPOS="1424" HPOS="721"/>
							<String ID="string_201" HPOS="748" VPOS="1425" WIDTH="229" HEIGHT="46" WC="0.96" CONTENT="hemställer,"/>
						</TextLine>
					</TextBlock>
				</ComposedBlock>
				<ComposedBlock ID="cblock_4" HPOS="821" VPOS="1528" WIDTH="1203" HEIGHT="100">
					<TextBlock ID="block_6" HPOS="821" VPOS="1528" WIDTH="1203" HEIGHT="100">
						<TextLine ID="line_26" HPOS="926" VPOS="1528" WIDTH="1098" HEIGHT="50">
							<String ID="string_202" HPOS="926" VPOS="1534" WIDTH="55" HEIGHT="30" WC="0.96" CONTENT="att"/><SP WIDTH="36" VPOS="1534" HPOS="981"/>
							<String ID="string_203" HPOS="1017" VPOS="1528" WIDTH="142" HEIGHT="49" WC="0.93" CONTENT="Kungl."/><SP WIDTH="39" VPOS="1528" HPOS="1159"/>
							<String ID="string_204" HPOS="1198" VPOS="1528" WIDTH="126" HEIGHT="49" WC="0.95" CONTENT="Maj:ts"/><SP WIDTH="36" VPOS="1528" HPOS="1324"/>
							<String ID="string_205" HPOS="1360" VPOS="1529" WIDTH="244" HEIGHT="36" WC="0.95" CONTENT="förevarande"/><SP WIDTH="28" VPOS="1529" HPOS="1604"/>
							<String ID="string_206" HPOS="1632" VPOS="1528" WIDTH="236" HEIGHT="50" WC="0.95" CONTENT="proposition"/><SP WIDTH="29" VPOS="1528" HPOS="1868"/>
							<String ID="string_207" HPOS="1897" VPOS="1531" WIDTH="56" HEIGHT="34" WC="0.96" CONTENT="må"/><SP WIDTH="28" VPOS="1531" HPOS="1953"/>
							<String ID="string_208" HPOS="1981" VPOS="1529" WIDTH="43" HEIGHT="36" WC="0.96" CONTENT="af"/>
						</TextLine>
						<TextLine ID="line_27" HPOS="821" VPOS="1580" WIDTH="407" HEIGHT="48">
							<String ID="string_209" HPOS="821" VPOS="1580" WIDTH="218" HEIGHT="48" WC="0.93" CONTENT="Riksdagen"/><SP WIDTH="29" VPOS="1580" HPOS="1039"/>
							<String ID="string_210" HPOS="1068" VPOS="1581" WIDTH="160" HEIGHT="36" WC="0.89" CONTENT="bifallas."/>
						</TextLine>
					</TextBlock>
				</ComposedBlock>
				<ComposedBlock ID="cblock_5" HPOS="528" VPOS="1648" WIDTH="982" HEIGHT="151">
					<TextBlock ID="block_7" HPOS="528" VPOS="1648" WIDTH="982" HEIGHT="151">
						<TextLine ID="line_28" HPOS="528" VPOS="1648" WIDTH="661" HEIGHT="50">
							<String ID="string_211" HPOS="528" VPOS="1648" WIDTH="218" HEIGHT="37" WC="0.96" CONTENT="Stockholm"/><SP WIDTH="29" VPOS="1648" HPOS="746"/>
							<String ID="string_212" HPOS="775" VPOS="1649" WIDTH="74" HEIGHT="36" WC="0.96" CONTENT="den"/><SP WIDTH="32" VPOS="1649" HPOS="849"/>
							<String ID="string_213" HPOS="881" VPOS="1651" WIDTH="44" HEIGHT="34" WC="0.96" CONTENT="19"/><SP WIDTH="29" VPOS="1651" HPOS="925"/>
							<String ID="string_214" HPOS="954" VPOS="1649" WIDTH="94" HEIGHT="49" WC="0.95" CONTENT="april"/><SP WIDTH="33" VPOS="1649" HPOS="1048"/>
							<String ID="string_215" HPOS="1081" VPOS="1651" WIDTH="108" HEIGHT="34" WC="0.96" CONTENT="1907."/>
						</TextLine>
						<TextLine ID="line_29" HPOS="942" VPOS="1751" WIDTH="568" HEIGHT="48">
							<String ID="string_216" HPOS="942" VPOS="1752" WIDTH="48" HEIGHT="35" WC="0.90" CONTENT="På"/><SP WIDTH="30" VPOS="1752" HPOS="990"/>
							<String ID="string_217" HPOS="1020" VPOS="1751" WIDTH="301" HEIGHT="37" WC="0.91" CONTENT="statsutskottets"/><SP WIDTH="30" VPOS="1751" HPOS="1321"/>
							<String ID="string_218" HPOS="1351" VPOS="1756" WIDTH="159" HEIGHT="43" WC="0.94" CONTENT="vägnar:"/>
						</TextLine>
					</TextBlock>
				</ComposedBlock>
				<ComposedBlock ID="cblock_6" HPOS="1062" VPOS="1854" WIDTH="328" HEIGHT="37">
					<TextBlock ID="block_8" HPOS="1062" VPOS="1854" WIDTH="328" HEIGHT="37">
						<TextLine ID="line_30" HPOS="1062" VPOS="1854" WIDTH="328" HEIGHT="37">
							<String ID="string_219" HPOS="1062" VPOS="1854" WIDTH="143" HEIGHT="37" WC="0.93" CONTENT="HUGO"/><SP WIDTH="28" VPOS="1854" HPOS="1205"/>
							<String ID="string_220" HPOS="1233" VPOS="1854" WIDTH="157" HEIGHT="37" WC="0.91" CONTENT="TAMM."/>
						</TextLine>
					</TextBlock>
				</ComposedBlock>
				<ComposedBlock ID="cblock_7" HPOS="905" VPOS="2324" WIDTH="630" HEIGHT="26">
					<TextBlock ID="block_9" HPOS="905" VPOS="2324" WIDTH="630" HEIGHT="26">
						<TextLine ID="line_31" HPOS="905" VPOS="2324" WIDTH="630" HEIGHT="26">
							<String ID="string_221" HPOS="905" VPOS="2324" WIDTH="162" HEIGHT="23" WC="0.93" CONTENT="Stockholm,"/><SP WIDTH="21" VPOS="2324" HPOS="1067"/>
							<String ID="string_222" HPOS="1088" VPOS="2325" WIDTH="29" HEIGHT="21" WC="0.91" CONTENT="K."/><SP WIDTH="21" VPOS="2325" HPOS="1117"/>
							<String ID="string_223" HPOS="1138" VPOS="2324" WIDTH="27" HEIGHT="21" WC="0.92" CONTENT="L."/><SP WIDTH="20" VPOS="2324" HPOS="1165"/>
							<String ID="string_224" HPOS="1185" VPOS="2324" WIDTH="144" HEIGHT="22" WC="0.93" CONTENT="Beckmans"/><SP WIDTH="21" VPOS="2324" HPOS="1329"/>
							<String ID="string_225" HPOS="1350" VPOS="2324" WIDTH="98" HEIGHT="26" WC="0.91" CONTENT="Boktr.,"/><SP WIDTH="17" VPOS="2324" HPOS="1448"/>
							<String ID="string_226" HPOS="1465" VPOS="2326" WIDTH="70" HEIGHT="19" WC="0.95" CONTENT="1907."/>
						</TextLine>
					</TextBlock>
				</ComposedBlock>
				<GraphicalElement ID="cblock_8" HPOS="1232" VPOS="2303" WIDTH="77" HEIGHT="4"></GraphicalElement >
				<GraphicalElement ID="cblock_9" HPOS="1310" VPOS="2303" WIDTH="106" HEIGHT="5"></GraphicalElement >
				<GraphicalElement ID="cblock_10" HPOS="1419" VPOS="2303" WIDTH="116" HEIGHT="4"></GraphicalElement >
			</PrintSpace>
		</Page>
	</Layout>
</alto>
