1848 2766
226 147 41 30 20
514 146 384 41 Bevillningutskottets
920 151 217 32 betänkande
1156 163 42 20 nr
1217 156 38 28 31
1277 155 38 29 år
1335 156 83 30 1965

227 231 66 21 nen
311 234 41 19 nr
372 226 38 28 14
428 226 138 31 införda
583 228 336 39 reduceringsregeln
938 233 54 29 för
1010 233 331 39 investeringsvaror
1359 235 70 29 inte
1448 236 104 39 gäller
1571 246 140 29 repara-

228 276 70 29 tion
323 278 64 29 och
411 279 183 31 underhåll
619 290 41 20 av
685 282 129 30 sådana
838 291 110 28 varor,
973 285 104 30 vilket
1103 287 118 28 ställer
1247 288 217 30 underhållet
1488 289 9 29 i
1522 292 47 27 ett
1595 290 114 29 sämre

227 330 73 38 läge
318 331 43 29 än
381 332 334 41 nyanskaffningen.

272 383 173 31 Utskottet
465 385 58 30 vill
544 386 50 30 till
616 395 42 21 en
679 387 121 41 början
823 390 115 30 erinra
959 400 56 21 om
1035 393 49 28 att
1105 393 41 29 de
1168 393 63 29 kär
1252 394 215 30 behandlade
1489 397 221 28 motionerna

226 437 139 31 väcktes
386 440 10 28 i
417 439 204 41 anslutning
642 442 52 29 till
716 444 260 38 propositionen
999 455 40 19 nr
1064 446 40 29 14
1124 447 65 29 och
1211 450 50 27 att
1284 448 257 31 motionärerna
1565 450 43 29 då
1631 451 79 29 sak-

225 491 88 31 nade
330 491 199 31 kännedom
546 502 56 21 om
619 495 58 29 det
693 496 11 28 i
721 496 66 29 den
805 496 228 32 förevarande
1050 500 262 39 propositionen
1330 501 195 40 framlagda
1543 503 167 39 förslaget

227 543 48 28 att
295 543 226 39 utbytestvätt
540 546 88 30 skall
647 547 167 31 hänföras
834 549 51 29 till
906 551 157 29 material
1083 552 65 29 och
1167 552 201 39 därigenom
1390 555 219 39 undantagas
1629 556 79 29 från

225 595 233 41 beskattning.
477 598 74 30 Vad
569 599 108 39 gäller
696 602 276 30 motionärernas
992 604 294 40 principyrkande
1305 607 115 29 finner
1442 608 168 30 utskottet
1630 610 77 28 med

226 649 209 42 hänvisning
457 652 50 30 till
527 654 65 29 vad
613 663 89 21 ovan
723 656 135 30 anförts
878 656 220 32 beträffande
1120 659 41 29 de
1182 659 282 32 dentaltekniska
1486 662 130 31 alstren
1638 663 70 30 inte

226 702 75 29 skäl
322 704 49 29 att
392 704 82 37 göra
495 704 189 40 ändringar
706 708 10 28 i
736 707 267 41 beskattningen
1025 720 41 19 av
1087 711 159 39 tjänster.
1267 713 90 29 Utan
1379 715 49 28 att
1451 714 257 30 undervärdera

226 755 141 37 frågans
393 757 181 38 praktiska
601 759 65 29 och
692 760 215 39 principiella
933 762 175 39 betydelse
1132 773 103 21 anser
1261 766 168 30 utskottet
1457 767 56 29 det
1540 777 41 20 av
1607 768 44 30 bl.
1679 778 30 20 a.

226 808 317 33 kontrolltekniska
566 812 74 30 skäl
666 813 69 30 inte
758 815 136 39 möjligt
917 817 49 28 att
989 816 93 30 inom
1106 817 67 30 den
1197 820 201 29 nuvarande
1421 820 286 40 beskattningens

224 869 73 21 ram
318 863 156 30 undanta
494 866 234 38 reparations-
746 868 62 29 och
829 868 345 32 underhållsarbeten
1196 872 79 29 från
1296 872 412 42 tjänstebeskattningen.

226 914 76 30 Med
321 916 136 40 hänsyn
477 917 117 30 härtill
614 920 65 29 och
700 920 50 29 till
771 922 64 28 vad
854 930 88 21 ovan
962 923 134 29 anförts
1117 924 116 30 finner
1271 926 168 29 utskottet
1460 927 50 39 sig
1529 928 69 29 inte
1619 928 89 29 kun-

226 975 44 21 na
289 968 174 39 tillstyrka
483 970 96 31 bifall
600 972 51 30 till
673 973 219 31 motionerna
912 975 27 29 1:
956 976 61 29 627
1040 978 63 28 och
1126 977 44 29 11:
1188 978 72 29 738.

269 1050 13 28 I
298 1050 94 29 detta
407 1052 256 39 sammanhang
679 1054 57 29 vill
754 1055 167 30 utskottet
937 1056 86 30 även
1037 1057 122 30 beröra
1172 1068 43 19 en
1230 1059 79 29 från
1323 1056 387 48 Byggnadsställnings-

224 1102 213 31 branschens
455 1105 231 30 stockholms-
703 1108 64 29 och
785 1108 332 41 malmöföreningar
1135 1111 204 30 inkommen
1358 1112 176 31 skrivelse.
1554 1114 11 28 I
1585 1123 125 30 propo-

224 1155 148 30 sitionen
393 1157 147 31 föreslås
557 1176 44 4 —
620 1168 77 21 som
716 1160 144 40 tidigare
880 1162 142 30 nämnts
1040 1181 44 3 —
1102 1165 51 29 att
1172 1164 87 29 även
1280 1166 197 40 montering
1496 1167 89 29 skall
1606 1176 103 21 anses

223 1208 176 41 hänförlig
413 1210 51 30 till
481 1211 242 41 skattepliktig
737 1214 335 40 tjänsteprestation,
1088 1225 57 21 om
1161 1217 67 30 den
1244 1227 99 21 avser
1358 1218 241 41 skattepliktig
1614 1230 93 20 vara.

224 1261 198 41 Ändringen
439 1264 39 29 är
495 1264 9 29 i
521 1264 110 31 första
648 1266 95 30 hand
759 1268 50 29 att
826 1276 83 21 anse
927 1268 114 30 såsom
1059 1271 48 28 ett
1123 1269 258 41 förtydligande
1398 1272 221 31 beträffande
1637 1283 74 20 ma-

224 1315 288 41 skinmontering.
532 1317 213 40 Härigenom
764 1319 155 31 inträder
938 1321 53 30 till
1012 1330 102 31 synes
1134 1332 44 20 en
1197 1323 71 30 viss
1289 1324 193 40 skärpning
1501 1326 10 29 i
1532 1326 99 39 fråga
1651 1335 57 21 om

222 1368 191 41 uthyrning
436 1379 42 20 av
501 1370 398 42 byggnadsställningar.
924 1374 116 40 Enligt
1064 1384 42 21 av
1129 1376 371 31 riksskattenämnden
1525 1379 183 30 meddelad

223 1421 185 41 anvisning
421 1423 166 30 omfattas
603 1425 175 40 nämligen
794 1426 53 29 för
861 1427 218 31 närvarande
1094 1429 144 30 särskilt
1252 1429 179 31 debiterad
1444 1432 195 40 ersättning
1653 1433 56 29 för

223 1475 195 40 montering
441 1476 71 30 inte
536 1486 41 20 av
601 1477 260 40 skatteplikten.
886 1479 13 29 I
924 1480 191 31 skrivelsen
1139 1482 203 30 hemställer
1365 1484 41 30 de
1430 1484 89 31 båda
1542 1485 168 30 lokalför-

222 1527 191 40 eningarna
435 1538 57 20 om
514 1529 196 31 bibehållen
733 1531 222 32 skattefrihet
979 1534 54 29 för
1103 1535 238 40 montering
1363 1546 53 20 av
1437 1537 272 40 byggnads-

223 1581 326 40 ställningar.

267 1634 175 31 Utskottet
458 1636 59 29 vill
534 1636 10 29 i
561 1637 191 40 anledning
767 1639 108 29 härav
892 1639 197 35 framhålla,
1108 1643 50 28 att
1175 1641 68 30 den
1259 1642 11 29 i
1287 1642 152 39 enlighet
1456 1644 79 29 med
1552 1641 157 47 proposi-

222 1687 118 30 tionen
353 1697 42 20 nr
413 1687 38 30 14
466 1688 178 32 beslutade
659 1690 343 42 reduceringsregeln
1017 1693 54 29 för
1083 1694 335 40 investeringsvaror
1432 1696 86 29 även
1534 1697 106 39 gäller
1654 1699 54 28 ut-

222 1740 150 40 hyrning
389 1751 42 19 av
449 1742 130 30 sådana
597 1743 131 39 objekt,
747 1752 75 21 som
839 1745 168 30 omfattas
1024 1755 41 20 av
1082 1747 128 39 regeln.
1229 1747 95 30 Enär
1340 1748 41 31 de
1399 1758 42 20 av
1460 1749 247 40 föreningarna

222 1794 150 30 avsedda
387 1794 434 42 byggnadsställningarna
837 1806 75 21 som
927 1799 88 39 regel
1032 1800 97 29 torde
1144 1800 45 30 ha
1205 1810 42 20 en
1262 1801 177 30 beräknad
1454 1803 254 39 varaktighets-

222 1846 51 30 tid
289 1856 40 20 av
346 1856 73 21 mer
434 1848 44 29 än
496 1850 50 28 tre
562 1849 39 29 år
617 1849 159 30 kommer
792 1851 40 29 de
850 1851 95 30 såväl
961 1852 57 29 vid
1035 1853 231 40 anskaffning
1283 1863 75 21 som
1374 1855 56 29 vid
1449 1856 191 39 uthyrning
1656 1858 51 29 att

221 1898 167 32 omfattas
408 1909 43 22 av
470 1901 354 42 reduceringsregeln.
844 1904 77 30 Den
941 1906 265 40 sammanlagda
1226 1906 155 31 effekten
1402 1917 43 21 av
1465 1909 41 29 de
1527 1909 179 30 beslutade

221 1953 82 29 eller
331 1953 196 40 föreslagna
555 1955 239 40 ändringarna
821 1957 10 29 i
860 1958 458 41 varuskatteförordningen
1347 1961 97 30 torde
1473 1961 132 30 således
1634 1962 73 29 inte

221 2005 121 31 kunna
361 2007 187 30 betecknas
570 2017 75 20 som
667 2009 141 31 särskilt
829 2018 252 31 ogynnsamma
1103 2012 55 29 för
1179 2013 401 41 uthyrningsföretagen.

219 2102 301 41 Skattskyldighet

266 2165 12 28 I
296 2166 169 30 samband
484 2167 77 29 med
578 2170 51 27 att
647 2168 10 29 i
675 2169 261 39 propositionen
955 2170 146 30 föreslås
1119 2171 71 30 viss
1207 2172 150 39 ändring
1374 2182 41 20 av
1432 2173 273 40 anvisningarna

221 2218 52 29 till
299 2218 38 29 12
363 2218 15 37 $
403 2220 11 28 i
440 2219 251 41 förordningen
714 2230 58 21 om
794 2222 131 30 allmän
949 2224 184 30 varuskatt
1156 2225 149 30 rörande
1330 2226 230 30 definitionen
1584 2237 43 20 av
1651 2228 56 29 be-

220 2274 141 36 greppet
382 2272 299 41 yrkesmässighet
704 2274 145 31 föreslås
872 2276 88 29 även
982 2278 51 29 att
1056 2277 117 40 statlig
1195 2278 84 30 eller
1301 2278 204 31 kommunal
1528 2280 178 30 verksam-

221 2324 58 29 het
294 2324 54 30 för
361 2327 51 27 att
427 2325 180 40 tillgodose
621 2335 89 31 egna
724 2327 109 30 behov
846 2346 45 3 —
904 2329 87 30 även
1006 2329 56 30 vid
1078 2330 210 30 samverkan
1302 2332 126 30 mellan
1445 2334 68 28 stat
1528 2334 65 29 och
1608 2333 98 29 kom-

221 2386 85 20 mun
321 2378 83 29 eller
420 2379 128 30 mellan
564 2379 211 31 kommuner
789 2399 43 3 —
849 2381 90 30 skall
956 2391 101 21 anses
1073 2391 83 22 vara
1171 2383 239 41 yrkesmässig
1425 2385 123 30 endast
1564 2395 57 21 om
1638 2386 67 29 den

221 2430 79 30 sker
319 2430 10 30 i
347 2430 224 40 bolagsform.

264 2483 226 31 Beträffande
515 2485 309 32 bestämmelserna
851 2488 149 30 rörande
1037 2489 186 39 statlig
1258 2490 127 30 eller
1458 2492 246 29 kommunal
