2204 2624
334 171 119 32 Andra
477 170 220 33 Kammarens
724 168 189 43 Tillfälliga
940 168 143 34 Utskotts
1105 167 77 39 (N:o
1206 169 35 39 2)
1268 167 175 34 Utlåtande
1467 167 66 32 N:o
1555 171 54 29 25.
1736 168 40 31 19

178 254 113 43 bäras,
319 258 88 32 utan
435 252 93 37 skall
557 252 55 37 för
639 251 124 49 hvarje
791 250 112 38 vecka
930 249 231 38 förskottsvis
1190 248 136 38 betalas
1354 248 56 37 till
1434 247 269 39 föreståndaren
1721 249 57 37 för

177 307 340 49 polisafdelningen;
559 305 158 38 börande
753 305 147 44 kvinna,
926 316 80 25 som
1034 304 172 48 antingen
1234 303 219 37 försummar
1481 302 119 37 betala
1628 302 150 37 berörda

177 361 107 49 afgift
311 361 85 37 eller
423 361 80 36 icke
531 359 120 38 vidare
679 359 64 37 vill
771 358 114 38 sådan
913 358 151 48 erlägga,
1093 356 157 50 undergå
1278 356 208 49 besiktning
1514 355 21 37 å
1563 355 124 50 byrån.

910 679 80 38 Art.
1021 681 33 37 3.

583 781 306 49 Ordningsregler
912 786 60 35 för
994 781 185 39 inskrifna
1202 782 169 38 kvinnor.

941 898 20 43 8
994 891 31 40 7.

311 1005 210 38 Inskrifven
549 1004 137 37 kvinna
714 1002 152 49 åligger:

312 1061 35 47 a)
377 1064 54 32 att
458 1059 77 37 föra
563 1063 52 32 ett
641 1063 76 43 tyst
744 1057 69 37 och
841 1056 96 37 stilla
964 1055 173 43 lefverne;

311 1114 38 48 b)
378 1118 55 32 att
465 1112 79 38 icke
577 1112 150 37 medelst
753 1111 157 37 fönsters
939 1108 199 51 öppnande,
1164 1120 130 37 genom
1322 1113 55 32 att
1405 1106 81 38 från
1512 1106 106 38 huset
1645 1119 136 36 anropa

377 1163 233 52 förbigående
637 1177 168 38 persöner
833 1159 85 42 eller
945 1162 47 51 på
1020 1168 111 31 annat
1159 1165 73 33 sätt
1258 1164 86 46 göra
1373 1161 54 50 sig
1454 1157 183 47 bemärkt;

312 1222 33 47 c)
375 1226 54 31 att
456 1220 79 37 icke
563 1219 61 38 vid
651 1218 153 37 antändt
830 1218 71 49 ljus
930 1217 78 37 visa
1034 1216 56 48 sig
1117 1216 13 36 i
1158 1215 171 52 fönstren,
1357 1210 126 41 hvilka
1501 1210 87 41 böra
1607 1227 86 24 vara
1707 1207 73 43 för-

379 1273 110 37 sedda
517 1273 81 37 med
625 1272 133 44 luckor,
785 1271 148 50 jalusier
961 1269 85 38 eller
1073 1268 250 49 rullgardiner;

313 1328 38 48 d)
381 1333 54 31 att
469 1326 21 37 å
530 1332 92 44 gata,
656 1332 79 42 torg
762 1325 68 37 och
859 1324 112 37 andra
999 1318 184 42 allmänna
1211 1322 132 49 platser
1373 1322 77 37 visa
1478 1316 54 54 sig
1559 1317 12 40 i
1595 1310 187 64 anständig

379 1381 140 37 klädsel
560 1380 68 37 och
669 1379 79 37 icke
789 1391 129 36 genom
957 1370 239 44 utmärkande
1237 1369 171 55 utstyrsel
1450 1370 89 42 söka
1566 1374 133 49 ådraga
1728 1370 54 53 sig

380 1429 334 59 uppmärksamhet;

317 1490 32 47 e)
379 1493 54 33 att
460 1488 78 37 icke
566 1488 21 36 å
616 1492 131 32 teatrar
770 1486 86 37 eller
875 1480 112 42 andra
1006 1484 182 37 allmänna
1208 1482 302 50 samlingsställen
1529 1483 122 48 intaga
1670 1476 112 42 andra

380 1543 133 49 platser
541 1544 46 35 än
616 1542 44 36 de
687 1541 38 36 af
753 1538 350 52 polismyndigheten
1131 1535 197 51 medgifna;

321 1598 28 47 f)
379 1602 54 31 att
473 1596 79 37 icke
593 1595 112 37 under
746 1593 119 48 någon
902 1592 53 38 tid
993 1592 46 49 på
1067 1591 77 37 året
1171 1592 110 37 vistas
1310 1587 171 40 utomhus
1509 1585 151 42 nattetid
1693 1586 89 40 efter

381 1650 156 37 klockan
566 1649 109 43 elfva;

314 1705 36 48 g)
381 1709 53 31 att
462 1703 79 36 icke
568 1703 109 36 hafva
704 1701 91 36 barn
824 1700 85 37 eller
937 1712 95 35 unga
1059 1699 132 36 flickor
1218 1698 67 36 hos
1314 1698 68 48 sig;

313 1758 40 48 h)
383 1762 53 31 att
477 1756 80 37 icke
598 1761 158 42 mottaga
784 1754 113 37 besök
939 1753 37 36 af
1016 1765 177 36 personer,
1222 1764 77 24 som
1328 1751 280 49 uppenbarligen
1636 1750 145 37 tillhöra

385 1810 223 49 gossåldern;

327 1866 27 47 i)
384 1870 54 31 att
470 1863 119 37 städse
618 1862 120 37 beflita
766 1862 55 48 sig
849 1874 57 24 om
937 1862 132 35 största
1097 1858 145 49 möjliga
1271 1858 177 49 renlighet
1476 1857 76 45 och,
1581 1863 87 31 utan
1695 1870 86 36 gen-

382 1916 137 51 sägelse
546 1916 85 38 eller
659 1912 191 47 motstånd,
880 1910 74 41 låta
982 1910 46 52 på
1056 1908 218 41 föreskrifna
1302 1908 92 40 tider
1422 1907 177 53 besiktiga
1628 1912 68 48 sig;

316 1973 39 46 k)
386 1978 61 38 att,
485 1974 65 34 när
590 1971 127 36 tecken
759 1968 215 44 förmärkas,
1014 1979 77 25 som
1121 1966 134 49 antyda
1294 1966 166 37 venerisk
1489 1965 178 49 sjukdom,
1695 1970 87 31 utan

384 2031 54 30 att
465 2025 111 35 anlita
605 2023 265 48 qvacksalvare,
897 2024 127 45 genast
1051 2019 144 36 anmäla
1224 2020 54 47 sig
1305 2019 55 36 till
1390 2019 220 47 besiktning;
1639 2018 68 37 och

330 2078 26 47 1)
386 2083 54 31 att
480 2077 87 43 icke,
605 2082 86 30 utan
720 2075 218 47 föregången
967 2072 178 44 anmälan,
1173 2072 149 48 ombyta
1351 2071 130 37 bostad
1508 2070 86 37 eller
1622 2071 161 48 aflägsna

384 2131 54 47 sig
467 2129 79 37 från
575 2129 125 37 staden
730 2127 46 50 på
803 2128 124 47 längre
956 2126 53 36 tid
1037 2126 45 36 än
1112 2124 61 37 två
1202 2125 105 48 dygn.
