1864 2772
454 135 451 30 Konstitutionsutskottets
925 135 178 30 utlåtande
1123 144 42 21 nr
1184 135 17 30 7
1220 135 40 30 år
1279 135 84 29 1965
1635 136 14 31 1

848 432 52 35 Nr
923 432 25 36 7

386 535 451 30 Konstitutionsutskottets
883 535 179 30 utlåtande
1108 535 11 29 i
1161 533 191 41 anledning
1394 542 43 21 av
1479 534 172 29 motioner

608 598 55 21 om
687 589 154 29 kontroll
862 598 43 21 av
928 587 467 41 taxeringsmyndigheterna
1418 595 124 32 genom
1564 586 89 29 riks-

608 642 129 40 dagens
760 642 384 39 justitieombudsman.

211 750 12 28 I
243 750 41 30 de
303 749 235 39 likalydande,
558 749 52 29 till
628 748 426 30 konstitutionsutskottet
1074 747 191 30 hänvisade
1285 747 221 30 motionerna
1526 755 41 20 nr
1588 746 62 30 360

165 803 11 28 i
196 803 109 30 första
324 803 208 29 kammaren
551 812 41 20 av
611 802 80 30 herr
708 802 204 30 Svanström
932 811 46 21 m.
997 801 39 40 fl.
1056 801 65 30 och
1141 810 42 20 nr
1202 800 65 30 425
1284 801 11 29 i
1316 801 110 29 andra
1444 800 206 30 kammaren

165 865 42 21 av
223 857 121 29 herrar
360 856 200 30 Johansson
577 856 12 29 i
605 856 178 29 Dockered
801 855 66 30 och
882 855 189 40 Börjesson
1086 855 14 29 i
1115 854 218 39 Glömminge
1349 853 212 34 hemställes,
1580 854 71 28 »att

166 910 186 38 riksdagen
375 909 108 29 måtte
504 909 12 30 i
539 909 165 30 skrivelse
726 909 52 29 till
801 908 127 39 Kungl.
951 908 105 40 Maj:t
1080 908 142 29 anhålla
1244 915 58 21 om
1324 906 262 40 framläggande
1609 914 42 22 av

165 963 130 39 förslag
319 963 53 30 till
396 963 42 30 de
461 962 247 39 lagändringar
731 971 74 20 som
829 961 179 30 erfordras
1031 961 55 30 för
1108 963 51 28 att
1183 960 467 40 taxeringsmyndigheterna

165 1016 89 29 skall
280 1016 234 29 underkastas
540 1023 135 23 samma
699 1015 152 29 kontroll
878 1024 42 20 av
946 1014 206 40 riksdagens
1176 1013 373 40 justitieombudsman
1575 1022 75 21 som

164 1070 132 29 statens
317 1069 249 40 tjänstemän».

210 1123 227 30 Beträffande
452 1122 251 39 motiveringen
719 1121 54 30 får
789 1121 180 34 utskottet,
990 1121 4 30 i
1009 1121 67 30 den
1091 1121 84 30 mån
1189 1120 218 40 redogörelse
1422 1120 76 30 icke
1514 1120 135 30 lämnas

165 1177 10 27 i
197 1176 55 30 det
275 1176 167 39 följande,
465 1175 147 30 hänvisa
632 1176 52 29 till
705 1175 180 29 motionen
905 1175 11 29 i
939 1174 110 30 andra
1068 1174 218 31 kammaren.

209 1336 165 31 Gällande
397 1336 77 31 rätt.
499 1336 13 29 I
539 1336 61 30 113
626 1336 15 36 $
666 1335 317 39 regeringsformen
1007 1335 151 39 stadgas,
1183 1336 51 28 att
1259 1334 292 39 »taxeringsmän,
1575 1342 75 20 som

165 1389 205 37 riksdagens
391 1389 206 38 bevillnings
619 1388 219 30 föreskrifter
860 1389 20 29 å
901 1389 79 29 dess
1001 1388 131 39 vägnar
1152 1388 189 38 tillämpa,»
1365 1387 76 30 icke
1463 1386 89 30 skall
1575 1386 75 29 »för

165 1442 193 39 debitering
377 1442 84 29 eller
480 1442 157 39 taxering
657 1442 122 29 kunna
799 1442 52 29 till
872 1441 105 39 något
998 1450 126 21 ansvar
1143 1441 153 29 ställas».
1318 1440 212 38 Stadgandet
1550 1439 101 30 kvar-

166 1496 71 28 står
256 1495 177 39 praktiskt
453 1496 92 37 taget
564 1495 205 29 oförändrat
788 1495 109 29 sedan
919 1494 93 30 1809.

209 1548 235 38 Bakgrunden
471 1547 52 30 till
551 1547 205 39 stadgandet
782 1548 39 29 är
847 1547 167 39 följande.
1041 1548 75 29 Den
1143 1547 179 30 allmänna
1349 1546 197 39 bevillning,
1575 1554 75 21 som

166 1601 188 30 ständerna
376 1602 10 29 i
407 1601 96 30 äldre
523 1601 50 30 tid
594 1601 80 39 åtog
694 1601 61 39 sig,
776 1600 168 37 infördes,
966 1600 227 40 specificerad
1214 1600 45 40 på
1279 1599 95 30 olika
1393 1599 257 40 yrkesgrupper

166 1662 44 21 m.
233 1663 54 26 m.,
309 1655 10 29 i
340 1654 207 30 ständernas
568 1654 425 39 bevillningsförordning.
1014 1654 75 29 Vad
1109 1663 61 20 var
1191 1653 64 30 och
1276 1663 41 20 en
1340 1662 41 21 av
1401 1653 41 29 de
1463 1652 188 40 skattskyl-

165 1708 79 37 diga
268 1708 113 30 skulle
404 1708 139 38 erlägga
564 1708 10 29 i
598 1707 188 39 bevillning
809 1707 196 29 bestämdes
1031 1707 107 29 sedan
1162 1716 42 20 av
1226 1706 342 39 taxeringsmännen.
1594 1706 57 29 Så-

165 1761 91 28 dana
273 1761 118 30 valdes
408 1761 96 29 inom
521 1761 96 39 varje
636 1762 155 38 pastorat
809 1760 65 30 och
891 1760 125 39 ansågs
1035 1769 74 21 som
1129 1760 207 29 ständernas
1355 1759 294 30 förtroendemän.

166 1814 109 29 Deras
289 1814 113 29 beslut
416 1814 118 29 kunde
550 1814 75 29 icke
639 1813 213 39 överklagas.
868 1814 50 29 De
933 1823 61 20 var
1009 1813 193 30 emellertid
1218 1813 184 39 ansvariga
1415 1812 94 30 inför
1525 1812 124 39 Kungl.

166 1867 104 37 Maj:t
290 1867 66 29 och
374 1867 147 36 kronan,
541 1875 56 21 om
616 1866 154 30 kronans
789 1866 69 30 rätt
878 1866 188 30 eftersatts.
1086 1866 103 30 Detta
1209 1874 125 21 ansvar
1352 1866 155 38 borttogs
1527 1872 123 32 genom

168 1920 61 28 113
254 1920 15 36 $
294 1919 327 39 regeringsformen.

211 1972 153 38 Skyddet
383 1973 54 29 för
455 1972 329 38 taxeringsmännen
803 1973 176 37 gentemot
996 1971 136 30 kronan
1151 1980 101 21 anses
1271 1980 148 21 numera
1434 1972 76 29 icke
1528 1971 45 31 ha
1592 1971 59 30 nå-

167 2033 66 31 gon
251 2026 109 29 större
377 2025 162 40 praktisk
555 2025 183 39 betydelse.
757 2025 213 39 Stadgandet
987 2025 63 29 har
1067 2024 192 30 emellertid
1278 2025 129 29 tolkats
1427 2025 47 33 så,
1492 2026 50 28 att
1559 2026 92 28 taxe-

166 2078 180 38 ringsmän
367 2079 76 29 icke
463 2078 108 29 heller
590 2079 70 28 kan
682 2078 118 29 ställas
823 2079 51 28 till
897 2087 125 20 ansvar
1044 2078 78 29 från
1143 2078 41 30 de
1205 2077 274 40 skattskyldigas
1501 2077 74 30 sida
1597 2078 55 28 för

167 2132 244 37 felaktigheter
430 2131 57 30 vid
507 2131 112 30 beslut
639 2131 168 30 avseende
826 2132 169 38 taxering.

212 2184 114 39 Enligt
344 2184 207 39 vedertagen
570 2184 225 39 uppfattning
813 2184 192 29 innefattas
1024 2183 112 29 under
1153 2183 175 39 uttrycket
1349 2183 299 39 »taxeringsmän»

168 2237 8 27 i
196 2237 95 38 varje
312 2237 63 29 fall
395 2236 211 30 ordförande
627 2237 64 29 och
712 2236 190 29 ledamöter
922 2237 10 28 i
953 2236 40 29 de
1015 2236 113 29 skilda
1151 2236 116 38 slagen
1290 2245 41 20 av
1352 2236 299 38 taxeringsnämn-

166 2290 70 28 der.
260 2289 180 30 Huruvida
463 2289 427 38 prövningsnämndernas
915 2288 190 30 ledamöter
1128 2288 165 30 omfattas
1318 2298 42 20 av
1383 2288 270 39 beskrivningen

167 2343 9 28 i
204 2342 60 30 113
290 2342 15 36 8
330 2341 315 39 regeringsformen
670 2341 96 30 torde
792 2341 36 29 få
851 2341 177 29 betraktas
1053 2350 75 20 som
1153 2350 42 20 en
1220 2341 113 39 öppen
1358 2341 109 39 fråga.
1492 2342 73 28 Den
1590 2342 63 28 där

168 2394 164 39 stadgade
361 2394 297 30 ansvarsfriheten
687 2394 166 29 omfattar
882 2394 236 39 debiteringen
1148 2394 64 29 och
1241 2394 202 38 taxeringen
1470 2403 78 20 men
1577 2394 75 30 icke

202 2469 14 24 1
257 2466 110 30 Bihang
385 2466 47 24 till
449 2465 168 31 riksdagens
634 2465 147 31 protokoll
799 2465 76 25 1965.
891 2465 16 24 5
924 2464 84 25 saml.
1025 2465 15 23 2
1056 2464 64 25 avd.
1137 2465 40 24 Nr
1197 2468 12 20 7
