2205 2691
410 206 40 32 14
788 207 362 42 Bevillningsutskottets
1175 208 207 32 Betänkande
1406 208 63 33 N:o
1492 210 50 31 19.

496 288 154 37 Utvisar
689 289 66 36 vid
794 289 216 48 beräkning
1053 289 121 48 enligt
1203 292 24 33 7
1254 289 23 47 $
1304 293 60 33 2:0
1393 288 36 51 a)
1458 291 62 35 och
1550 288 36 51 b)
1617 290 41 37 af
1682 291 278 49 skattskyldigs

364 342 171 36 inkomst
575 342 75 36 viss
687 342 278 36 inkomstkälla
1000 342 148 47 förlust,
1178 346 63 33 må
1269 344 108 46 dylik
1403 344 138 36 förlust
1569 344 177 48 afdragas
1774 345 87 36 från
1888 346 72 36 den

364 395 303 47 skattskyldiges
709 395 122 48 öfriga
872 396 186 45 inkomst;
1101 396 101 36 dock
1243 400 62 32 må
1334 398 136 36 sådant
1498 397 134 48 afdrag
1661 398 31 47 ej
1723 398 173 47 åtnjutas
1924 399 41 36 af

363 448 138 35 svensk
541 448 264 47 medborgare,
849 461 81 23 som
970 449 86 35 icke
1093 454 42 31 är
1162 449 13 35 1
1203 449 104 36 riket
1334 450 348 47 mantalsskrifven,
1713 450 32 48 ej
1776 451 120 36 heller
1924 452 42 36 af

363 501 219 47 utlänning.
1899 515 4 3 |

1114 628 42 33 12
1188 626 29 46 8.

494 712 212 44 Skyldighet
740 716 50 31 att
820 713 144 44 erlägga
993 715 95 33 skatt
1108 714 67 42 för
1202 716 156 34 inkomst
1387 715 136 43 åligger
1550 715 79 34 med
1656 716 120 34 nedan
1805 715 154 44 angifna

365 763 186 45 undantag
582 764 62 36 och
673 764 316 46 inskränkningar

491 814 38 49 a)
560 818 128 35 svensk
715 818 243 46 medborgare,
986 829 74 23 som
1089 822 43 30 är
1158 819 13 33 i
1199 819 91 35 riket
1318 818 341 44 mantalsskrifven:

484 868 67 43 för
578 869 51 35 all
657 869 165 47 inkomst,
852 871 73 34 han
953 871 161 43 åtnjuter
1141 882 83 23 vare
1252 872 56 44 sig
1336 872 68 34 här
1432 871 86 35 eller
1539 871 95 43 från
1663 873 137 34 utrikes
1828 876 73 42 ort;

492 918 35 51 b)
556 923 129 35 svensk
712 922 237 47 medborgare,
979 934 74 24 som
1081 923 75 36 icke
1184 928 43 30 är
1253 924 13 34 i
1293 924 94 35 riket
1415 923 345 44 mantalsskrifven:

483 974 69 43 för
580 975 51 34 all
658 975 155 36 inkomst
843 976 70 35 han
942 974 176 44 härifrån
1147 976 182 44 åtnjuter;

490 1023 32 51 c)
551 1027 207 46 utlänning,
801 1039 74 24 som
918 1033 43 30 är
1000 1029 13 34 i
1046 1028 90 36 riket
1166 1028 113 36 bosatt
1307 1028 87 36 eller
1422 1028 68 36 här
1517 1029 54 44 sig
1600 1029 214 45 uppehåller
1842 1030 116 34 såsom

360 1079 164 42 resande,
560 1091 85 24 vare
672 1081 56 44 sig
750 1080 242 44 fortfarande
1022 1081 115 35 under
1164 1084 46 33 ett
1239 1082 42 34 år
1309 1082 87 35 eller
1424 1082 116 35 under
1567 1084 113 33 större
1708 1082 102 35 delen
1838 1082 48 43 af
1909 1085 51 33 tre

354 1132 52 44 på
449 1131 207 36 hvarandra
692 1132 172 44 följande
904 1134 53 45 år,
1000 1132 85 36 eller
1124 1144 75 24 som
1239 1133 171 44 härifrån
1439 1135 162 42 åtnjuter
1628 1134 154 35 inkomst
1810 1134 48 43 af
1880 1134 79 42 fast

360 1184 167 44 egendom
556 1185 86 35 eller
670 1186 146 44 uppbär
844 1185 59 35 lön
931 1186 86 35 eller
1039 1187 155 43 pension
1222 1186 87 36 eller
1337 1187 68 34 här
1431 1186 105 35 idkar
1564 1187 152 44 näring:

482 1235 64 44 för
588 1237 68 35 den
696 1238 156 34 inkomst
886 1237 47 43 af
949 1237 85 43 fast
1062 1238 178 44 egendom,
1270 1239 72 34 han
1371 1237 175 44 härifrån
1575 1239 173 43 åtnjuter,
1778 1242 92 31 samt
1897 1238 58 43 för

360 1289 69 35 den
470 1289 156 35 inkomst
668 1289 47 44 af
751 1290 140 45 kapital
933 1290 64 35 och
1038 1290 128 43 arbete,
1204 1302 74 23 som
1307 1290 48 44 af
1378 1291 126 35 honom
1534 1290 67 35 här
1623 1290 219 44 förvärfvas
1871 1290 87 36 eller

359 1340 173 44 härifrån
560 1342 168 43 åtnjutes,
759 1342 85 36 eller
872 1343 72 42 ock,
981 1342 145 43 utifrån
1154 1342 138 44 införd,
1321 1343 68 35 här
1417 1343 206 45 användes;

488 1391 38 50 d)
569 1394 48 42 af
654 1394 202 46 utlänning,
886 1407 74 23 som
989 1396 77 34 icke
1094 1395 99 43 afses
1220 1397 13 33 i
1262 1393 33 50 c)
1325 1396 67 35 här
1420 1395 123 47 ofvan,
1572 1407 80 24 men
1680 1407 74 24 som
1784 1395 175 44 härifrån

359 1446 162 43 åtnjuter
549 1447 166 43 inkomst,
744 1459 75 24 som
847 1449 12 33 i
889 1449 23 34 3
939 1446 25 46 $
993 1444 35 51 c)
1059 1446 246 44 omförmäles:

482 1498 67 44 för
576 1500 230 35 sistnämnda
834 1500 97 46 slags
959 1500 165 35 inkomst.

1106 1624 45 34 20
1182 1622 28 46 8.

487 1711 20 32 1
539 1720 102 23 mom.
697 1708 181 48 Skyldige
908 1712 59 33 att
995 1712 96 33 utan
1119 1710 164 35 särskild
1311 1710 209 46 anmaning
1547 1712 51 45 på
1625 1710 118 35 heder
1767 1710 71 35 och
1858 1722 97 23 sam-

358 1763 85 34 vete
473 1761 147 47 årligen
650 1761 144 47 afgifva
821 1761 199 47 uppgifter
1047 1762 60 35 till
1135 1762 157 47 ledning
1320 1762 65 35 vid
1411 1762 232 47 taxeringen
1671 1768 82 29 äro:

488 1811 37 49 a)
553 1813 96 35 verk
691 1813 92 35 eller
822 1814 128 47 bolag,
993 1826 81 23 som
1115 1819 42 30 är
1197 1815 88 35 med
1325 1814 139 47 Kungl.
1494 1814 129 47 Maj:ts
1653 1814 128 46 oktroj
1812 1814 144 36 försedt

360 1865 92 36 eller
491 1865 130 36 blifvit
662 1869 123 33 såsom
827 1866 223 47 aktiebolag
1091 1866 253 48 registreradt
1385 1866 93 36 eller
1519 1869 81 33 står
1631 1867 122 35 under
1782 1866 175 48 offentlig

359 1917 184 46 kontroll,
573 1921 100 32 samt

491 1968 35 50 b)
558 1983 127 23 annan
727 1971 272 48 skattskyldig,
1043 1984 79 24 som
1161 1975 87 33 näst
1289 1972 230 47 föregående
1558 1975 42 32 år
1628 1972 122 46 enligt
1778 1971 177 47 gällande

358 2022 461 49 bevillningsförordning
861 2025 92 35 eller
994 2025 123 35 denna
1155 2024 227 48 förordning
1410 2026 173 34 taxerats
1610 2023 60 36 för
1697 2024 118 35 minst
1844 2026 110 43 2,000

358 2075 164 35 kronors
550 2076 171 36 inkomst
750 2077 92 35 eller
870 2089 144 23 samma
1043 2080 42 32 år
1113 2076 162 47 åtnjutit
1302 2077 173 36 inkomst
1502 2077 62 35 till
1592 2077 201 35 enahanda
1813 2076 142 46 belopp

359 2127 42 36 af
422 2127 279 47 beskaffenhet,
731 2131 60 33 att
819 2130 73 34 den
919 2130 72 35 bör
1019 2130 122 46 enligt
1169 2130 237 35 sistnämnda
1433 2129 229 46 förordning
1687 2129 62 35 till
1768 2128 188 35 inkomst-

359 2180 107 35 skatt
485 2183 169 42 taxeras;
675 2181 101 35 dock
796 2184 60 33 att
874 2181 279 47 uppgiftsplikt
1164 2181 147 47 jämväl
1326 2182 148 47 åligger
1489 2181 272 47 skattskyldig,
1778 2180 179 36 hvilkens

358 2231 320 48 nästföregående
698 2236 43 33 år
760 2235 183 34 taxerade
964 2234 93 35 eller
1076 2234 180 46 åtnjutna
1270 2234 172 36 inkomst
1458 2233 42 36 af
1509 2234 168 36 nämnda
1691 2232 267 37 beskaffenhet

358 2284 86 36 icke
486 2288 169 44 uppgått
696 2286 61 35 till
800 2288 110 44 2,000
953 2286 156 47 kronor,
1153 2286 160 36 såframt
1354 2286 220 36 inkomsten
1601 2286 170 47 utgjorts
1800 2285 41 35 af
1865 2285 93 35 eller
