2234 2628
707 138 343 31 Jordbruksutskottets
1072 138 162 32 utlåtande
1259 138 51 31 Nr
1331 139 50 31 38.
1778 139 16 30 7

244 222 55 30 att
340 228 88 23 man
471 217 124 35 funnit
636 216 112 49 lagen
776 216 11 36 i
817 216 105 36 detta
950 216 64 35 fall
1044 216 185 36 föråldrad
1261 216 70 36 och
1360 216 190 49 hinderlig
1578 216 58 36 för
1664 217 178 36 tillfreds-

243 267 200 36 ställandet
470 281 46 22 av
544 281 46 22 en
619 280 117 37 nyare
759 267 74 36 tids
862 267 226 49 fordringar.

434 319 116 36 andra
578 319 107 36 sidan
714 319 67 36 har
809 319 63 36 det
900 324 99 31 ännu
1022 319 120 36 oftare
1160 319 178 47 inträffat,
1359 324 56 31 att
1433 319 280 37 vederbörande
1734 333 107 36 myn-

242 369 175 49 digheter
443 374 48 45 på
518 370 124 49 grund
672 384 46 22 av
745 370 173 37 bemälda
945 370 140 48 lagbud
1115 376 74 30 sett
1217 371 62 47 sig
1302 370 217 37 nödsakade
1540 377 55 30 att
1613 376 116 42 vägra
1750 371 92 36 fast-

244 422 164 36 ställelse
437 425 21 33 å
487 422 136 48 begärd
655 422 189 49 klyvning
871 422 90 36 eller
980 422 242 48 avsöndring.
1253 423 57 35 Då
1330 422 45 36 de
1395 423 127 47 gamla
1541 422 301 37 lotshemmanen

243 477 64 32 äro
349 473 162 48 belägna
552 474 10 35 1
597 476 91 33 våra
715 473 236 48 skärgårdar,
981 473 67 35 där
1076 474 11 34 1
1116 474 208 48 synnerhet
1352 473 184 49 sjömans-
1565 474 70 35 och
1663 473 179 37 fiskarbe-

243 524 224 49 folkningen
495 525 114 47 slagit
637 538 67 22 ner
732 525 83 35 sina
842 524 166 48 bopålar,
1037 524 49 36 ha
1113 524 82 36 icke
1224 525 37 35 få
1289 524 103 36 inom
1422 524 122 36 denna
1573 524 101 36 klass
1702 538 139 34 genom

243 588 46 24 en
332 576 116 36 sådan
474 581 145 42 vägran
648 576 72 35 fått
747 576 82 35 sina
858 575 299 48 förhoppningar
1185 575 165 48 grusade
1379 579 54 31 att
1461 578 48 45 på
1537 575 47 36 fri
1612 575 123 48 grund
1765 576 77 36 för-

243 632 117 31 värva
401 627 59 48 sig
496 633 54 31 ett
577 633 88 42 eget
693 626 96 37 hem.
845 626 201 36 Likaledes
1075 626 66 36 har
1169 626 176 36 förbudet
1372 639 61 23 om
1462 626 189 49 klyvning
1678 627 70 36 och
1777 640 65 23 av-

243 678 186 49 söndring
468 679 96 36 visat
605 679 61 48 sig
706 678 220 47 hinderligt,
969 683 67 31 när
1078 678 107 48 fråga
1221 680 173 46 uppstått
1423 690 58 24 om
1511 678 257 49 uppförandet
1796 692 47 22 av

243 730 143 36 lokaler
428 730 56 36 för
523 743 284 35 gemensamma
849 729 351 47 sammankomster,
1242 729 237 37 alldenstund
1523 730 195 49 tomtplats
1759 731 83 35 icke

243 782 146 36 kunnat
423 782 158 36 erhållas
610 781 85 37 med
723 782 67 35 full
818 781 235 49 äganderätt.
1109 781 137 49 Dylika
1276 782 169 48 exempel
1473 781 120 36 skulle
1620 782 129 35 kunna
1779 795 64 22 an-

243 833 139 48 dragas
412 834 81 35 från
522 834 62 36 det
611 834 74 44 län,
714 833 281 36 undertecknad
1024 833 68 36 har
1120 838 88 30 äran
1239 838 54 31 att
1320 838 272 43 representera.

373 884 56 36 Då
470 885 119 47 enligt
630 884 79 36 min
749 884 250 49 uppfattning
1038 887 119 45 några
1197 884 198 48 grundade
1436 884 82 36 skäl
1546 884 190 49 knappast
1763 885 81 35 lära

243 936 128 35 kunna
395 936 163 48 påvisas,
578 935 129 37 varför
725 935 186 50 klyvning
930 949 47 22 av
996 935 289 49 ifrågavarande
1305 935 176 36 hemman
1500 936 91 35 eller
1609 935 235 49 avsöndring

243 987 85 36 från
370 987 190 37 desamma
600 987 84 36 icke
721 986 120 37 skulle
869 987 38 36 få
934 986 243 47 förekomma,
1206 999 115 37 synes
1349 986 176 37 förbudet
1552 987 171 36 däremot
1751 987 91 37 böra

243 1039 242 49 undanröjas.
539 1039 114 36 Detta
694 1039 108 36 torde
843 1038 96 37 dock
980 1038 57 36 till
1079 1038 92 47 följd
1213 1051 46 23 av
1293 1038 156 48 frågans
1477 1041 119 46 något
1623 1038 220 38 invecklade

243 1096 111 31 natur
394 1091 81 36 icke
515 1091 128 36 kunna
684 1091 65 36 ske
789 1096 92 31 utan
930 1089 228 49 föregående
1187 1089 219 49 utredning,
1436 1103 80 23 som
1546 1090 192 48 svårligen
1766 1090 76 36 kan

242 1148 190 44 presteras
460 1155 46 23 av
534 1155 46 24 en
609 1142 146 37 enskild
784 1141 199 48 motionär,
1012 1148 91 30 utan
1132 1141 136 37 endast
1296 1155 46 22 av
1370 1141 141 50 Kungl.
1541 1142 143 49 Maj:t.»

373 1246 194 37 Utskottet
594 1247 68 35 har
691 1246 124 36 funnit
842 1246 62 48 sig
932 1246 11 35 i
973 1245 206 48 anledning
1207 1259 45 22 av
1281 1245 74 36 den
1384 1258 46 23 av
1454 1246 233 36 motionären
1706 1245 137 49 gjorda

243 1297 330 49 framställningen
615 1297 156 37 allenast
810 1298 92 36 böra
943 1297 125 37 erinra
1108 1310 72 32 om,
1224 1301 55 31 att
1321 1296 71 37 den
1421 1297 11 35 i
1461 1298 192 36 motionen
1681 1297 161 37 berörda

244 1349 134 49 frågan
411 1349 127 47 redan,
567 1362 139 36 genom
735 1362 46 23 en
811 1363 45 22 av
886 1351 95 34 1911
1013 1351 58 34 års
1099 1348 171 48 Riksdag
1297 1348 58 36 till
1383 1348 143 49 Kungl.
1555 1349 108 48 Maj:t
1691 1349 150 36 avlåten

244 1401 197 46 skrivelse,
484 1415 45 22 nr
570 1402 86 45 210,
699 1405 41 31 är
779 1400 113 49 bragt
919 1400 119 36 under
1066 1400 139 48 Kungl.
1235 1399 128 49 Maj:ts
1392 1399 245 37 bedömande.
1694 1400 56 36 Då
1776 1400 64 36 vid

244 1452 135 37 sådant
419 1452 232 37 förhållande
692 1452 72 36 den
807 1465 47 23 av
886 1453 235 35 motionären
1148 1451 224 49 ifrågasatta
1400 1451 207 37 skrivelsen
1635 1451 83 37 icke
1746 1452 97 36 lärer

244 1517 90 24 vara
362 1518 47 23 av
436 1504 163 37 behovet
626 1504 188 50 påkallad,
842 1503 217 37 hemställer
1086 1503 197 47 utskottet,

774 1613 54 31 att
856 1607 249 37 förevarande
1133 1607 142 36 motion
1304 1607 83 36 icke
1415 1609 61 33 må
1504 1607 55 36 till
1585 1609 127 46 någon
1732 1607 112 36 Riks-

645 1660 144 48 dagens
818 1659 136 49 åtgärd
983 1659 203 37 föranleda.

377 1762 219 39 Stockholm
625 1763 73 36 den
729 1765 46 35 10
804 1776 100 23 mars
936 1764 108 35 1913.

704 1866 53 37 På
779 1866 416 49 jordbruksutskottets
1222 1872 163 42 vägnar:

764 1971 45 36 D.
839 1970 227 38 PERSSON
1093 1971 13 36 i
1134 1971 191 48 Tällberg.

445 2163 218 26 Närvarande:
689 2161 94 27 herrar
810 2161 130 32 Persson,
968 2161 106 32 Tamm,
1102 2160 147 35 Odelberg,
1278 2159 115 32 Fahlén,
1422 2159 125 32 Lundell,
1576 2168 84 26 greve
1688 2159 154 32 Hamilton,

644 2204 153 33 Kronlund,
825 2204 124 32 Linders,
968 2214 82 25 greve
1069 2203 224 31 Wachtmeister,
1312 2203 163 36 Ingeström,
1495 2202 176 32 Barthelson,
1691 2202 152 37 Berggren,

644 2249 130 31 Jonsson,
793 2248 111 31 Ekerot,
924 2247 114 28 Nilsson
1056 2249 9 25 i
1084 2247 99 35 Tånga
1203 2247 51 27 och
1275 2247 149 28 Olausson.

1900 1244 129 24 Utskottet.
