2252 2769
707 254 244 41 Lag-Utskottets
981 258 161 33 Utlitande
1165 262 61 31 N:o
1250 265 50 28 43.
1761 278 14 26 7

345 335 45 34 Så
431 337 54 35 väl
525 338 129 46 Kongl
683 341 115 48 Maj:ts
830 344 219 49 Proposition
1081 361 69 22 som
1188 350 100 36 äfven
1323 353 87 36 Herr
1438 356 144 36 Carléns
1615 358 138 49 förslag,
1783 363 36 34 så

192 382 74 36 vidt
298 385 57 34 det
386 388 77 35 med
494 389 66 36 den
587 390 94 37 förra
708 396 267 37 sammanfaller,
1006 397 94 37 hvila
1128 402 44 46 på
1200 402 65 35 den
1297 408 83 32 utan
1408 407 120 36 tvifvel
1556 410 129 47 riktiga
1711 412 107 36 förut-

190 435 165 47 sättning,
396 442 50 31 att
485 440 173 37 vistandet
697 444 10 34 i
747 458 122 23 enruzr
902 449 106 35 under
1040 450 105 36 första
1178 453 251 44 fängelsetiden
1460 460 41 47 på
1531 461 57 34 det
1614 462 204 48 kraftigaste

190 485 179 37 befordrar
410 490 245 46 brottslingens
694 497 188 36 moraliska
925 500 214 45 förbättring.
1197 505 68 36 Det
1304 508 132 36 medför
1476 511 102 36 äfven
1619 526 42 22 en
1702 527 116 24 annan

191 536 110 47 vigiig
330 539 118 45 fördel,
476 543 66 34 den
570 545 183 48 nemligen,
782 553 50 30 att
859 555 84 40 göra
969 552 132 35 struilet
1128 567 95 23 mora
1250 556 172 48 intensivt,
1451 560 227 49 hvarigenom
1706 567 112 34 straff-

192 587 93 36 tiden
313 590 70 36 kan
410 592 186 49 förkortas;
625 596 65 35 och
718 598 53 38 då,
799 601 110 35 såsom
939 602 7 34 i
976 603 128 46 Kongl
1119 605 116 48 Maj:ts
1258 608 219 49 Proposition
1496 615 155 46 antydes,
1670 616 149 49 tillgång

191 639 45 47 på
263 641 121 48 nödigt
412 646 96 34 antal
536 646 103 36 celler
666 648 77 37 icke
770 651 156 36 kommer
953 658 50 30 att
1030 656 136 47 saknas,
1196 659 69 35 kan
1295 661 175 37 Utskottet
1498 665 28 46 ej
1556 671 107 31 annat
1690 672 43 31 än
1749 668 69 36 för-

191 691 85 34 orda
303 692 99 37 bifall
431 696 54 35 till
512 696 175 49 förslagen
715 701 127 41 derom,
870 708 50 30 att
947 705 68 35 alla
1043 707 53 34 till
1124 710 213 36 straffarbete
1358 714 124 35 dömda
1497 715 202 50 förbrytare,
1715 720 104 36 äfven

191 752 55 24 om
286 746 195 36 strafftiden
522 748 201 49 öfverstiger
763 754 58 34 två
852 755 47 41 år,
940 757 106 43 skola,
1080 759 112 36 derest
1219 762 29 46 ej
1278 765 184 36 särskildta
1490 766 243 40 förhållanden
1760 772 57 36 be-

189 792 96 47 tinga
326 798 189 48 undantag,
550 802 115 45 någon
699 803 48 35 tid
775 804 10 34 i
817 818 121 23 enrum
965 808 121 37 hållas,
1140 811 103 37 Ilvad
1275 814 295 49 lifstidsfångarne
1598 822 119 46 angår,
1746 823 71 35 kan

191 844 203 49 visserligen
422 852 194 45 anmärkas,
644 859 50 30 att
721 856 64 34 den
815 858 300 50 straffskärpning,
1143 876 69 22 som
1243 866 146 37 sålunda
1416 870 236 48 uppkommer,
1680 874 29 46 ej
1730 884 85 25 mot-

191 908 118 26 svaras
337 901 38 34 al
400 903 116 44 någon
544 904 201 49 minskning
773 908 8 33 i
810 910 206 47 strafftiden;
1043 925 80 23 men
1151 918 276 45 anmärkningen
1456 925 37 30 är
1512 923 122 35 endast
1652 924 165 37 skenbart

189 948 159 49 befogad,
389 958 83 31 enär
504 954 109 36 kändt
639 961 47 39 är,
720 962 50 31 att
797 960 98 36 dessa
922 961 132 48 fångar,
1083 966 112 36 derest
1223 968 40 35 de
1291 971 140 47 uppfört
1457 972 52 46 sig
1537 974 57 35 väl
1619 974 94 36 inom
1740 976 76 36 fän-

190 1000 119 47 gelset,
338 1003 85 37 efter
450 1005 46 35 tio
524 1008 20 33 å
571 1008 66 35 tolf
662 1016 54 29 års
743 1010 49 35 tid
820 1024 124 32 genom
971 1015 129 48 Kongl.
1129 1019 68 34 nåd
1224 1020 165 47 vanligen
1416 1023 139 36 återfått
1582 1026 157 36 friheten.

343 1053 16 35 I
391 1056 100 47 fråga
523 1070 55 24 om
611 1060 66 35 den
704 1061 58 39 tid,
796 1062 197 38 hvarunder
1020 1067 129 44 fången
1177 1070 89 35 skall
1293 1072 11 34 i
1332 1073 65 35 cell
1425 1073 163 49 förvaras,
1616 1078 120 47 skiljer
1764 1079 52 46 sig

193 1102 88 35 Herr
314 1104 143 39 Carléns
489 1109 127 48 förslag
643 1112 77 35 från
749 1113 128 48 Kongl.
910 1116 113 47 Maj:ts
1050 1119 217 48 Proposition
1294 1123 292 45 hufvudsakligen
1616 1129 120 40 deruti,
1765 1134 50 31 att

189 1155 191 36 maximum
408 1159 109 41 enligt
544 1161 57 35 det
628 1163 94 35 förra
749 1169 38 30 är
816 1166 167 36 bestämdt
1011 1169 52 35 till
1091 1172 121 35 endast
1240 1186 61 23 sex
1328 1176 175 40 månader,
1531 1190 79 24 men
1626 1180 108 46 enligt
1748 1182 66 35 den

188 1206 145 36 sednare
374 1209 53 35 till
468 1215 48 31 ett
543 1216 52 41 är;
636 1215 65 35 och
728 1216 110 36 ehuru
866 1231 79 22 man
974 1221 45 46 på
1046 1222 143 36 sednarce
1216 1224 87 36 tider
1328 1227 113 47 börjat
1467 1228 212 47 ifrågasätta,
1707 1232 107 36 huru-

189 1256 80 36 vida
296 1258 29 46 ej
354 1263 49 32 ett
429 1262 56 35 års
512 1264 116 36 ceiltid
657 1279 80 23 vore
753 1268 52 34 för
819 1269 91 43 lång,
927 1283 99 23 anser
1041 1273 88 35 dock
1148 1275 183 44 Utskottet,
1347 1282 49 31 att
1410 1279 128 47 Kongl.
1554 1281 115 47 Maj:ts
1684 1282 131 48 förslag

188 1308 63 34 hör
292 1313 154 41 antagas,
479 1324 113 25 såsom
623 1322 159 32 närmare
813 1321 374 40 öfverensstämmande
1214 1329 75 34 med
1319 1329 56 35 det
1401 1329 9 35 i
1439 1332 77 34 vårt
1544 1333 81 35 land
1653 1334 163 46 gällande

188 1359 202 49 sladganue,
430 1367 49 31 att
519 1365 67 36 alla
628 1368 40 36 de
708 1382 73 23 som
822 1376 58 31 äro
923 1374 123 37 dömda
1079 1377 52 34 till
1163 1378 101 45 högst
1295 1381 58 34 två
1379 1381 55 35 års
1462 1383 226 47 straffarbete,
1716 1386 99 36 skola

189 1411 110 35 under
339 1413 79 36 hela
450 1415 101 47 tiden,
584 1419 88 36 dock
700 1422 77 35 med
803 1422 219 39 föreskrifvet
1049 1427 131 48 afärag,
1209 1429 111 37 hållas
1347 1431 10 34 i
1385 1443 130 34 enrum,
1544 1435 90 36 helst
1661 1437 152 36 erfaren-

189 1460 103 37 heten
320 1464 159 49 hitintills
507 1469 29 47 ej
559 1470 94 48 visat,
682 1479 49 29 att
758 1475 123 36 sådant
907 1477 11 34 i
937 1477 189 38 allmänhet
1145 1481 147 36 medfört
1310 1483 151 48 menliga
1479 1485 132 48 följder.

341 1517 116 36 Alven
498 1520 66 36 åen
604 1524 37 34 af
666 1524 91 36 Herr
785 1527 126 35 Carlén
940 1530 197 47 föreslagna
1164 1532 236 38 bestämmelse
1429 1546 55 24 om
1511 1537 302 51 inskränkningen

185 1563 10 34 1
223 1568 244 37 användandet
497 1572 38 34 af
572 1575 167 36 cellstraff
763 1578 20 35 å
810 1591 107 35 yngre
946 1582 201 47 förbrytare,
1174 1584 85 35 eller
1287 1586 117 45 andra,
1433 1587 137 37 hvilkas
1598 1590 96 36 helsa
1729 1592 84 36 eller

186 1615 272 41 sinnestillstånd
504 1624 117 37 kunna
667 1628 100 35 deraf
808 1634 77 44 taga
929 1633 117 46 skada,
1092 1647 101 23 anser
1233 1636 51 44 sig
1323 1637 179 37 Utskottet
1540 1641 86 35 böra
1664 1642 150 37 förorda.

186 1666 216 49 Visserligen
446 1675 117 45 tyckes
605 1678 54 35 det
700 1679 95 48 ligga
822 1682 11 34 i
860 1683 124 36 sakens
1012 1693 111 37 natur,
1155 1690 50 31 att
1232 1688 199 36 cellstraffet
1457 1689 76 37 icke
1559 1692 106 36 borde
1693 1694 117 37 kunna

187 1723 180 34 oovändas
396 1724 6 33 i
432 1725 82 35 flera
542 1728 38 34 af
606 1730 39 35 de
675 1732 183 36 anmärkta
885 1734 107 36 fallen
1019 1741 88 30 samt
1137 1741 50 31 att
1213 1738 185 36 särskildta
1419 1740 256 39 bestämmelser
1695 1745 117 36 derom

186 1771 146 37 sålunda
359 1775 30 46 ej
419 1775 229 50 erfordrades;
677 1794 79 22 men
784 1784 43 34 då
858 1785 392 51 Fångvårds-styrelsen
1287 1789 170 49 hitintills,
1489 1793 87 36 efter
1621 1795 92 36 hvad
1746 1796 65 36 Ut-

186 1822 127 37 skottet
352 1825 180 40 inhemtat,
573 1832 29 47 ej
636 1833 137 37 tilltrott
800 1837 52 47 sig
880 1842 58 42 att,
970 1845 70 30 mot
1067 1841 212 47 uttryckliga
1307 1842 165 46 lagbudet
1498 1844 11 34 i
1541 1846 90 36 1857
1661 1848 56 34 års
1744 1848 69 35 för-

186 1872 60 38 fat.
259 1875 88 47 ning,
388 1878 108 36 befria
537 1881 265 45 ifrågavarande
842 1900 163 36 personcr
1034 1892 74 34 från
1137 1892 207 43 cellstraffet,
1376 1894 91 36 lärer
1492 1896 123 46 nödigt
1641 1906 93 31 vara,
1763 1904 50 30 att

186 1924 156 39 bestämd
370 1929 177 38 föreskrift
574 1933 211 40 härutinnan
813 1941 183 35 meddelas.

338 1982 59 35 Alt
427 1993 163 39 deremot,
618 1989 109 33 såsom
757 1989 53 35 kr
838 1991 127 36 Carlén
992 1994 187 46 föreslagit,
1211 2006 124 34 genom
1361 1997 58 46 lag
1446 1998 210 47 bemyndiga
1679 2000 131 48 Kongl.

186 2032 100 48 Maj:t
313 2037 49 31 att
391 2033 109 36 tilåta
527 2048 43 22 en
597 2038 230 49 straff-långe,
868 2056 73 22 som
968 2045 122 35 sådant
1116 2046 116 46 begär,
1264 2051 49 31 att
1341 2048 129 47 aftjena
1498 2049 58 35 sitt
1582 2051 100 35 straff
1706 2052 12 35 i
1744 2053 66 35 cell

187 2085 119 46 längre
336 2084 45 35 ud
412 2089 44 30 än
483 2086 291 50 författningarne
802 2092 215 47 föreskrifva,
1051 2096 61 35 har
1140 2101 96 43 synts
1263 2099 179 35 Utskottet
1470 2100 228 48 öfverflödigt,
1726 2109 84 31 enär

185 2137 129 44 Kongl.
356 2137 99 48 Maj:t
494 2140 56 35 väl
591 2142 106 35 redan
724 2156 80 34 eger
832 2157 43 23 en
902 2147 108 35 sådan
1036 2149 107 40 makt,
1172 2149 66 35 den
1265 2150 70 35 han
1358 2151 138 47 jemväl,
1525 2153 111 35 såsom
1664 2154 54 35 för
1744 2156 66 36 Ut-

186 2188 128 36 skobiet
342 2188 113 36 blifvit
482 2192 150 47 upplyst,
659 2193 85 39 flera
771 2196 132 45 gånger
931 2199 140 35 utöfvat.

341 2241 182 40 Utskottet,
552 2255 72 23 som
652 2244 64 35 här
743 2247 114 36 nedan
883 2250 154 36 kommer
1065 2254 50 32 att
1142 2255 93 45 yttra
1261 2252 52 47 sig
1341 2266 54 23 om
1410 2254 92 36 Herr
1521 2256 144 36 Carléns
1680 2257 130 48 förslag

183 2292 126 41 derom,
342 2296 50 31 att
419 2293 67 35 den
513 2294 201 48 förbrytare,
754 2310 72 23 som
866 2313 72 23 mer
979 2306 45 31 än
1064 2306 48 31 ett
1151 2305 38 33 år
1227 2304 85 35 sutit
1350 2306 10 33 i
1387 2306 66 35 cell
1480 2307 90 35 skall
1597 2303 214 58 öfverflyttas

182 2343 50 35 till
262 2344 434 48 gemensamhetsfängelse
726 2350 107 36 under
862 2352 78 36 sista
972 2353 95 35 delen
1101 2355 37 35 af
1162 2355 201 37 strafftiden.
1392 2356 145 38 föreslår
1566 2359 111 46 alltså,
