1914 2844
306 151 40 30 12

599 150 419 39 Bevillningsutskottets
1045 153 225 32 betänkande
1297 154 51 32 Nr
1370 155 29 30 9.

1092 283 238 52 Förslag

1182 362 59 31 till

661 428 212 39 förordning
894 440 56 22 om
973 430 137 32 ändrad
1130 431 136 37 lydelse
1287 442 44 22 av
1350 433 19 30 1
1388 431 20 38 8
1429 433 64 31 och
1515 434 38 31 13
1574 432 19 38 8
1622 435 9 30 2
1653 443 106 22 mom.

661 481 258 37 förordningen
943 482 69 31 den
1033 483 38 32 14
1094 483 79 37 juni
1197 484 79 31 1917
1301 483 58 36 (nr
1381 484 73 36 340)
1480 485 182 36 angående
1687 486 72 31 för-

967 533 159 39 säljning
1150 543 47 24 av
1223 535 226 37 rusdrycker.

701 635 222 38 Härigenom
945 636 198 38 förordnas,
1167 639 55 30 att
1246 639 19 30 1
1288 637 18 37 $
1330 639 64 31 och
1416 640 39 31 13
1479 638 19 37 $
1519 641 19 30 2
1559 650 103 22 mom.
1687 641 70 32 för-

661 687 200 37 ordningen
886 688 68 31 den
980 689 39 31 14
1044 689 79 36 juni
1151 689 79 33 1917
1257 691 182 36 angående
1466 691 217 39 försäljning
1711 703 46 21 av

660 739 217 36 rusdrycker
902 740 102 31 skola
1029 741 136 31 erhålla
1191 741 160 37 följande
1376 742 158 32 ändrade
1561 744 148 36 lydelse:

1171 843 71 37 1$.

701 911 18 31 I
744 911 115 32 denna
883 931 40 4 —
945 931 40 4 —
1009 932 40 4 —
1075 914 269 37 volymprocent
1370 915 153 32 alkohol.

700 963 92 31 Lika
820 964 79 31 med
927 964 63 31 vin
1018 974 101 22 anses
1147 966 12 30 i
1189 965 116 32 denna
1334 967 212 38 förordning
1575 969 180 37 starkpor-

659 1016 66 35 ter,
745 1025 124 21 varom
888 1016 170 32 förmäles
1077 1017 12 31 i
1106 1018 39 31 23
1164 1016 18 37 $
1203 1017 258 39 förordningen
1481 1020 183 37 angående
1684 1021 71 32 till-

659 1066 179 38 verkning
863 1068 64 30 och
953 1067 232 39 beskattning
1214 1079 47 22 av
1286 1070 252 37 maltdrycker.

699 1117 253 37 Spritdrycker
976 1120 65 30 och
1061 1139 39 3 —
1120 1140 39 3 —
1180 1140 41 3 —
1240 1121 217 38 benämning
1480 1123 225 37 rusdrycker.

1164 1225 39 32 13
1223 1223 29 37 $.

695 1290 28 31 2.
757 1290 101 31 Inom
880 1291 95 31 riket
997 1311 39 4 —
1056 1311 39 4 —
1114 1312 40 4 —
1177 1293 58 31 till
1258 1294 363 38 partihandelsbolag.

697 1341 196 38 Angående
938 1344 453 36 maltdryckstillverkares
1427 1349 74 30 rätt
1530 1350 53 29 att
1610 1349 144 37 förfoga

657 1395 85 30 över
768 1394 193 32 tillverkad
986 1396 223 37 starkporter
1236 1397 112 37 gäller
1374 1399 70 31 vad
1469 1399 123 32 därom
1615 1402 42 29 är
1680 1403 73 29 sär-

658 1445 88 31 skilt
770 1445 152 38 stadgat.

697 1548 126 32 Denna
844 1549 210 39 förordning
1073 1551 122 32 träder
1216 1553 12 31 i
1251 1553 98 32 kraft
1371 1554 66 31 den
1459 1555 18 31 1
1499 1555 145 32 oktober
1664 1556 88 32 1934.

693 1764 36 35 b)
756 1765 56 31 för
834 1766 55 31 sin
913 1766 56 32 del
992 1769 134 35 antaga
1149 1768 162 37 följande

1085 1881 239 52 Förslag

1174 1958 59 33 till

654 2030 212 39 förordning
893 2042 56 22 om
977 2034 154 37 ändring
1158 2045 46 22 av
1235 2037 38 31 23
1303 2035 20 37 8
1348 2036 257 39 förordningen
1634 2039 68 32 den
1731 2041 19 30 1

654 2082 81 37 juni
760 2083 77 31 1923
861 2082 58 37 (nr
940 2084 75 36 140)
1040 2086 184 37 angående
1248 2087 236 39 tillverkning
1508 2090 64 31 och
1594 2091 156 32 beskatt-

985 2137 88 37 ning
1094 2147 46 23 av
1161 2138 252 38 maltdrycker.

692 2237 221 38 Härigenom
940 2240 197 38 förordnas,
1164 2243 54 31 att
1245 2244 39 31 23
1309 2242 18 37 $
1353 2244 257 39 förordningen
1635 2247 68 31 den
1730 2248 18 30 1

652 2289 81 37 Juni
757 2290 77 31 1923
861 2289 55 36 (nr
940 2290 72 37 140)
1036 2294 184 36 angående
1244 2294 237 40 tillverkning
1505 2298 64 31 och
1592 2297 156 33 beskatt-

652 2340 89 38 ning
770 2352 46 20 av
844 2342 242 37 maltdrycker
1113 2345 93 31 skall
1236 2346 136 32 erhålla
1403 2348 160 37 följande
1589 2350 159 32 ändrade

653 2392 150 36 lydelse:
