1884 2852
494 162 415 29 Konstitutionsutskottets
931 161 165 30 utlåtande
1119 163 48 28 Nr
1196 168 47 26 19.
1601 165 19 30 9

112 248 130 34 Parties
268 261 34 23 se
328 253 73 28 sont
425 251 176 36 arrangées
626 253 41 34 et,
694 249 54 33 sil
772 261 24 27 y
821 261 20 20 a

109 291 75 39 lieu,
215 292 48 32 les
292 292 184 33 conditions
507 292 38 33 de
575 292 267 38 VFarrangement,

112 334 63 32 soit
196 345 61 27 que
280 334 48 33 les
349 333 129 34 Parties
501 333 91 33 n'ont
612 345 45 27 pu
678 336 68 29 étre
769 345 72 20 con-

112 376 120 34 ciliées.

156 460 63 33 Les
242 463 143 30 travaux
406 461 40 32 de
467 461 34 32 la
525 460 218 34 Commission
765 460 73 33 dev-

112 506 82 35 ront,
215 505 20 31 å
253 503 106 32 moins
379 514 62 27 que
458 503 48 33 les
525 502 130 34 Parties
674 503 72 33 n'en
766 514 73 21 con-

110 545 156 33 viennent
296 545 257 38 différemment,
585 548 68 30 &tre
683 545 156 33 terminés

111 587 81 33 dans
211 587 30 33 le
260 587 85 33 délai
365 587 38 33 de
422 588 52 33 six
492 588 82 33 mois
594 590 19 31 å
631 591 147 35 compter
796 587 44 33 du

110 629 75 39 Jour
205 632 42 30 ou
268 629 34 33 la
325 629 218 34 Commission
565 642 81 21 aura
666 632 51 31 été
739 630 100 33 saisie

112 672 43 32 du
175 672 107 38 litige.

372 740 130 34 Article
526 742 52 31 10.

154 799 32 32 A
205 799 107 33 moins
332 799 38 34 de
388 799 197 39 stipulation
605 799 141 39 spéciale
765 811 73 21 con-

106 842 111 38 traire,
246 842 33 33 la
306 841 218 33 Commission
551 842 39 33 de
618 842 220 33 Conciliation

109 885 129 39 réglera
273 885 180 32 elle-méme
490 897 37 21 sa
561 885 180 39 procédure
777 885 66 39 qui,

107 927 81 33 dans
206 931 75 29 tous
302 927 47 32 les
368 938 64 27 cas,
452 927 100 32 devra
570 930 68 30 étre
656 928 182 32 contradic-

110 969 93 33 toire.
234 969 55 32 En
311 970 136 33 matieére
467 970 199 39 d'enquétes,
689 970 34 33 la
745 969 93 34 Com-

110 1012 147 38 mission,
282 1012 30 32 si
334 1012 62 32 elle
419 1012 73 32 nen
517 1012 111 33 décide
652 1016 186 29 autrement

109 1056 19 30 å
151 1054 216 38 Punanimité,
393 1066 34 22 se
450 1055 208 32 conformera
681 1067 67 20 aux
773 1054 64 33 dis-

109 1096 163 38 positions
304 1096 45 33 du
379 1096 79 33 titre
488 1096 59 33 IIT
582 1095 256 40 (Commissions

109 1138 278 34 Internationales
414 1138 186 40 d'enquéte)
632 1140 38 33 de
694 1140 34 31 la
755 1139 82 33 Con-

109 1181 133 32 vention
268 1181 40 33 de
342 1181 50 32 La
417 1181 99 39 Haye
550 1181 46 33 du
621 1183 39 31 18
695 1181 142 33 Octobre

111 1223 82 32 1907
219 1234 85 27 pour
328 1223 30 33 le
382 1223 181 38 réglement
585 1224 169 38 pacifique
778 1224 59 33 des

108 1265 135 33 conflits
267 1265 282 33 internationaux.

370 1401 130 33 Article
525 1403 52 31 11.

147 1460 50 32 La
230 1460 219 32 Commission
480 1460 39 32 de
551 1459 219 33 Conciliation
802 1471 34 21 se

108 1503 141 37 réunira,
289 1502 78 32 sauf
403 1502 117 32 accord
546 1502 162 33 contraire
745 1505 90 29 entre

107 1545 46 32 les
182 1544 143 38 Parties,
355 1556 42 20 au
426 1544 67 33 lieu
523 1544 134 38 désigné
685 1556 63 27 par
777 1555 58 21 son

107 1586 183 33 Président.

372 1681 129 32 Article
526 1681 50 32 12.

147 1739 64 32 Les
243 1742 143 29 travaux
417 1739 39 32 de
489 1739 31 32 la
553 1739 217 32 Commission
802 1738 38 33 de

104 1781 219 32 Conciliation
346 1794 39 19 ne
405 1785 75 29 sont
499 1781 130 39 publies
650 1781 95 39 qu'en
767 1793 71 20 ver-

101 1827 37 28 tu
157 1824 97 32 d”une
274 1824 143 32 décision
439 1824 90 38 prise
547 1836 61 26 par
625 1823 33 33 la
678 1823 159 34 Commis-

103 1866 69 32 sion
195 1878 78 20 avec
296 1866 241 32 lassentiment
558 1867 55 32 des
632 1866 143 33 Parties.

364 1959 130 32 Article
520 1960 51 31 13.

146 2017 63 32 Les
261 2016 131 33 Parties
446 2021 109 28 seront
615 2019 222 36 représentées

101 2062 120 36 aupreés
247 2059 40 32 de
310 2059 33 33 la
368 2059 218 33 Commission
611 2060 36 32 de
674 2060 163 33 Concilia-

102 2102 67 31 tion
195 2113 62 27 par
284 2102 57 32 des
365 2106 117 33 agents
507 2106 105 34 ayant
637 2102 136 33 mission
800 2102 38 31 de

102 2145 105 31 servir
230 2144 278 32 d”intermédiaire
532 2149 89 28 entre
644 2145 78 33 elles
750 2148 32 29 et
805 2144 33 32 la

103 2186 233 38 Commission;
364 2187 79 31 elles
471 2191 168 34 pourront,
667 2199 38 20 en
733 2191 104 33 outre,

102 2240 33 20 se
154 2229 87 32 faire
259 2229 140 32 assister
416 2241 62 26 par
497 2229 55 33 des
573 2230 137 31 conseils
730 2233 33 28 et
784 2241 52 20 ex-

103 2276 87 33 perts
214 2274 145 30 nommés
382 2284 62 26 par
467 2272 79 33 elles
570 2275 19 29 å
612 2277 51 28 cet
685 2274 87 31 effet
807 2276 32 29 et

101 2313 177 31 demander
306 2313 172 31 l'audition
507 2314 39 31 de
571 2317 107 28 toutes
704 2325 132 26 person-

100 2367 54 20 nes
177 2355 78 32 dont
277 2355 31 32 le
328 2355 209 38 témoignage
560 2356 71 31 leur
652 2356 181 38 paraitrait

101 2398 91 31 utile.

144 2440 48 32 La
226 2439 218 32 Commission
474 2451 93 27 aura,
599 2440 38 32 de
668 2452 56 20 son
755 2442 80 36 cöté,

100 2481 32 33 la
162 2482 129 32 faculté
322 2481 39 32 de
392 2482 177 32 demander
601 2483 54 31 des
691 2482 144 39 explica-

883 249 77 39 slås,
1004 250 158 38 antingen
1209 254 50 29 att
1303 251 315 33 överenskommelse

880 293 161 37 uppnåtts
1060 293 120 32 mellan
1199 296 158 35 parterna
1376 298 96 34 samt,
1492 306 51 21 om
1561 306 54 20 an-

881 334 137 39 ledning
1041 334 115 33 därtill
1176 335 194 39 föreligger,
1391 336 226 32 överenskom-

882 376 142 34 melsens
1063 377 168 39 innebörd,
1261 378 81 32 eller
1381 382 51 29 att
1458 382 157 35 parterna

882 418 74 33 icke
975 419 130 33 kunnat
1124 419 153 33 förlikas.

926 461 77 32 Med
1047 461 129 33 mindre
1215 465 158 35 parterna
1411 462 207 33 annorlunda

882 503 278 40 överenskomma,
1192 504 99 33 skola
1324 505 181 34 nämndens
1527 505 90 33 arbe-

881 550 54 28 ten
956 558 82 21 vara
1059 546 173 34 avslutade
1254 547 88 32 inom
1365 560 37 21 en
1427 548 50 32 tid
1497 559 42 21 av
1561 559 57 21 sex

882 590 159 33 månader
1064 590 121 33 räknat
1208 591 78 33 från
1309 591 61 33 den
1394 591 75 39 dag,
1493 592 42 33 då
1556 591 62 33 tvi-

884 635 71 30 sten
983 632 280 39 anhängiggjorts
1291 633 58 33 vid
1376 634 175 33 nämnden.

1143 741 137 33 Artikel
1304 743 51 32 10.

926 799 124 33 Därest
1077 800 28 38 ej
1132 800 208 33 annorlunda
1365 802 139 32 särskilt
1531 802 87 33 stad-

883 846 86 35 gats,
1012 842 88 33 skall
1129 843 372 39 förlikningsnämnden
1533 844 87 39 själv

883 885 174 32 fastställa
1086 884 108 39 regler
1221 886 54 32 för
1303 887 222 39 förfarandet,
1551 898 68 21 som

881 928 106 32 under
1027 927 68 33 alla
1136 928 234 33 förhållanden
1414 929 89 34 skall
1537 941 81 21 vara

882 970 315 33 kontradiktoriskt.
1245 971 19 32 I
1301 971 99 38 fråga
1421 983 53 21 om
1502 971 116 33 under-

883 1012 183 39 sökningar
1094 1012 87 33 skall
1209 1014 174 39 nämnden,
1411 1014 118 33 såvida
1557 1014 60 32 den

879 1055 32 38 ej
932 1055 166 38 enhälligt
1115 1056 210 33 annorlunda
1342 1056 156 39 besluter,
1517 1056 102 33 ställa

882 1097 52 38 sig
958 1097 55 32 till
1039 1098 227 33 efterrättelse
1290 1099 292 33 bestämmelserna
1607 1099 12 32 i

882 1140 180 38 avdelning
1089 1140 58 32 III
1177 1139 69 40 (om
1269 1141 270 34 internationella
1561 1153 57 20 un-

882 1182 491 41 dersökningskommissioner)
1436 1184 13 32 i
1503 1184 113 38 Haag-

880 1225 241 33 konventionen
1147 1237 43 21 av
1215 1226 60 33 den
1304 1227 40 32 18
1370 1226 137 33 oktober
1533 1227 82 32 1907

881 1268 54 32 för
960 1268 189 38 avgörande
1178 1269 44 37 på
1250 1268 126 39 fredlig
1404 1274 68 34 väg
1498 1281 42 21 av
1569 1269 47 32 in-

879 1311 234 32 ternationella
1137 1311 129 33 tvister.

1143 1404 136 33 Artikel
1303 1406 51 31 11.

925 1462 384 39 Förlikningsnämnden
1358 1463 97 39 skall,
1507 1464 111 32 därest

880 1516 109 20 annan
1007 1505 315 33 överenskommelse
1343 1506 29 38 ej
1392 1506 128 33 träffas
1540 1505 77 33 mel-

881 1547 55 31 lan
971 1550 168 36 parterna,
1178 1549 250 32 sammanträda
1461 1549 19 31 å
1515 1548 100 39 plats,

881 1601 68 20 som
975 1590 197 32 bestämmes
1199 1602 43 20 av
1268 1591 235 33 ordföranden.

1139 1683 136 33 Artikel
1302 1684 52 33 12.

923 1742 401 39 Förlikningsnämndens
1362 1742 255 38 förhandlingar

880 1789 56 27 äro
975 1784 30 38 ej
1031 1785 193 39 offentliga,
1252 1785 76 33 med
1352 1786 128 32 mindre
1503 1790 112 28 nämn-

880 1827 60 32 den
961 1827 74 33 med
1057 1831 174 35 parternas
1254 1828 174 38 samtycke
1451 1829 38 31 så
1509 1827 106 33 beslu-

878 1873 61 29 ter.

1137 1962 137 33 Artikel
1301 1964 51 31 13.

923 2020 162 33 Parterna
1129 2021 95 32 skola
1266 2022 92 31 inför
1398 2022 213 38 förliknings-

878 2065 164 32 nämnden
1078 2076 81 21 vara
1197 2065 194 33 företrädda
1429 2077 41 21 av
1496 2065 119 32 ombud

878 2106 72 31 med
979 2106 140 37 uppgift
1146 2109 52 29 att
1222 2106 96 37 tjäna
1345 2107 107 31 såsom
1480 2106 133 33 mellan-

878 2148 88 32 hand
1004 2148 120 32 mellan
1164 2152 158 34 parterna
1348 2149 59 32 och
1436 2148 177 38 nämnden;

879 2191 37 31 de
953 2191 54 31 må
1036 2190 114 32 vidare
1180 2191 150 32 biträdas
1363 2203 42 20 av
1437 2191 177 38 rådgivare

866 2225 71 39 "och
965 2232 220 38 sakkunniga,
1213 2245 68 20 som
1306 2233 39 32 de
1372 2234 11 31 i
1407 2233 91 32 detta
1523 2233 91 38 syfte

877 2279 83 33 utse,
989 2275 59 31 och
1075 2274 137 38 påkalla
1238 2275 145 32 hörande
1409 2287 41 19 av
1477 2275 68 32 alla
1575 2275 38 32 de

879 2329 165 26 personer,
1066 2318 109 31 vilkas
1198 2320 121 35 utsago
1341 2329 101 26 synas
1466 2318 72 32 dem
1559 2330 54 20 va-

878 2370 34 19 ra
934 2370 43 19 av
997 2359 112 31 värde.

924 2441 176 32 Nämnden
1122 2441 87 33 skall
1231 2443 19 31 å
1272 2442 50 32 sin
1344 2442 74 32 sida
1439 2446 64 35 äga
1524 2442 88 32 befo-

879 2484 121 38 genhet
1042 2487 50 29 att
1134 2483 124 39 begära
1290 2484 166 39 muntliga
1488 2484 123 33 förkla-
