1898 2812
100 1244 150 25 Utskottet.

287 153 17 28 Nn

490 154 103 29 Andra
615 156 201 29 kammarens
838 156 105 38 första
965 161 155 34 tillfälliga
1143 162 135 29 utskotts
1301 163 158 27 utlåtande
1481 164 44 29 Nr
1546 166 27 26 3.

288 232 73 30 Den
380 232 146 33 sålunda
543 235 96 31 inom
657 237 80 30 kort
754 239 208 31 verkställda
982 241 229 39 utredningen
1228 243 74 35 bör,
1322 242 114 31 såsom
1455 244 105 30 också
1578 246 201 38 överstyrel-

286 294 59 21 sen
368 285 202 39 framhållit,
592 288 106 40 följas
721 300 43 21 av
786 290 159 40 åtgärder
967 293 11 30 i
1000 293 195 32 motionens
1218 295 100 39 syfte.

329 339 256 33 Motionärerna
608 342 92 32 hava
724 343 76 31 icke
822 345 116 31 berört
961 347 42 30 de
1028 346 117 40 frågor
1169 357 43 21 av
1236 348 165 32 liknande
1425 353 62 33 art,
1513 360 74 21 som
1612 351 166 39 föreligga

284 393 220 32 beträffande
523 395 108 31 andra
654 404 149 33 grupper
822 407 42 21 av
885 399 268 40 övningslärare.
1186 402 56 30 Att
1262 402 66 30 den
1348 403 11 30 i
1378 403 177 31 motionen
1575 403 202 40 ifrågasatta

285 446 228 41 utredningen
537 448 75 31 icke
637 450 71 30 kan
736 452 213 36 verkställas,
976 456 84 27 utan
1086 457 49 27 att
1160 454 140 40 hänsyn
1326 458 93 37 tages
1445 456 130 39 jämväl
1601 457 51 31 till
1679 458 98 30 dessa

285 499 283 40 lärarkategorier
590 503 39 30 är
652 503 190 32 emellertid
865 507 204 37 uppenbart,
1092 508 32 38 ej
1147 508 107 30 minst
1278 508 127 37 därför,
1429 512 51 28 att
1502 510 42 31 de
1573 511 4 30 i
1600 510 178 31 motionen

285 553 150 31 avsedda
460 554 241 33 lärarinnorna
726 557 11 30 i
761 557 127 40 många
914 559 63 30 fall
1000 560 47 30 ha
1072 560 52 30 sin
1150 561 230 40 tjänstgöring
1405 563 101 30 delad
1529 564 129 30 mellan
1684 564 94 31 olika

285 606 72 39 slag
381 616 43 21 av
448 607 250 33 läroanstalter.
737 610 171 33 Utskottet
932 613 89 30 lärer
1046 614 189 31 emellertid
1260 616 109 30 sakna
1394 615 207 40 befogenhet
1625 621 50 27 att
1701 617 76 39 giva

284 659 273 33 motionärernas
575 663 158 36 yrkande
752 664 66 30 den
838 667 108 29 större
966 666 221 40 omfattning,
1207 677 76 22 som
1302 668 44 40 på
1366 670 113 38 grund
1497 679 43 21 av
1559 680 49 20 nu
1627 671 149 39 angivna

283 712 244 33 förhållanden
553 716 88 30 varit
668 718 185 30 önskvärd.
894 718 53 31 Då
974 720 57 30 det
1058 721 190 31 emellertid
1275 722 96 31 torde
1396 722 93 31 bliva
1516 719 260 48 ofrånkomligt,

283 769 50 27 att
355 766 59 31 vid
438 767 66 31 den
527 778 42 20 av
592 769 259 33 motionärerna
874 772 153 39 begärda
1050 774 240 39 utredningen,
1315 775 114 31 därest
1454 776 66 31 den
1544 778 158 30 kommer
1727 777 50 31 till

283 818 112 38 stånd,
426 823 79 37 taga
531 822 139 39 hänsyn
697 823 131 39 jämväl
856 825 52 30 till
935 828 245 30 motsvarande
1208 828 343 40 befattningshavare
1578 830 59 31 vid
1666 831 109 30 andra

283 873 248 37 läroanstalter,
554 884 101 22 anser
678 877 52 39 sig
751 878 166 31 utskottet
938 880 120 30 kunna
1080 880 173 39 tillstyrka
1276 882 176 31 motionen
1475 883 11 29 i
1509 883 77 31 dess
1607 888 77 26 rent
1706 884 69 30 for-

281 926 96 30 mellt
396 936 96 22 mera
510 928 215 39 begränsade
746 931 210 40 omfattning
974 951 46 3 —
1036 951 45 4 —
1098 945 76 20 —>».

326 979 480 35 Första-kammar-utskottet
832 985 65 30 har
924 986 185 36 hemställt,
1139 990 51 28 att
1216 988 110 31 första
1354 990 204 30 kammaren
1586 989 108 32 måtte
1722 991 55 30 för

283 1033 52 29 sin
354 1034 55 30 del
427 1034 142 37 besluta,
590 1039 50 27 att
658 1037 186 39 riksdagen
863 1038 10 30 i
893 1039 164 31 skrivelse
1075 1040 52 31 till
1146 1040 124 40 Kungl.
1291 1041 101 40 Maj:t
1410 1042 156 31 anhåller
1584 1053 58 21 om
1662 1045 113 29 utred-

283 1086 82 39 ning
384 1087 66 30 och
469 1087 128 41 förslag
616 1088 39 32 så
674 1093 97 28 snart
790 1092 60 30 ske
868 1092 71 30 kan
959 1093 148 31 rörande
1125 1094 195 31 ordnandet
1339 1105 43 20 av
1402 1095 267 40 ifrågavarande
1688 1098 86 29 lära-

280 1139 137 31 rinnors
438 1141 253 40 anställnings-,
712 1144 166 36 bostads-,
899 1145 93 31 löne-
1013 1147 65 29 och
1099 1143 419 47 pensionsförhållanden.

326 1247 172 31 Utskottet
522 1249 58 30 vill
603 1250 139 30 ansluta
768 1250 50 38 sig
843 1251 51 30 till
919 1253 68 29 vad
1011 1252 108 31 första
1144 1254 223 31 kammarens
1392 1255 109 30 första
1526 1256 171 39 tillfälliga
1724 1260 51 26 ut-

282 1301 90 29 skott
393 1301 10 29 i
425 1301 58 31 sitt
503 1301 179 32 utlåtande
702 1303 128 36 anfört,
852 1305 67 29 och
939 1304 57 31 får
1014 1306 167 30 utskottet
1201 1306 101 31 alltså
1322 1307 193 37 hemställa,

634 1413 49 26 att
709 1411 109 29 andra
843 1412 205 30 kammaren
1073 1412 107 31 måtte
1204 1413 56 31 för
1286 1414 52 30 sin
1364 1415 54 30 del
1445 1415 143 37 besluta,
1614 1420 50 27 att
1689 1417 85 30 riks-

590 1463 112 39 dagen
730 1463 12 30 i
771 1464 162 31 skrivelse
960 1465 52 30 till
1040 1465 124 40 Kungl.
1194 1467 100 39 Maj:t
1322 1467 157 31 anhåller
1504 1479 58 20 om
1590 1470 185 39 utredning

589 1516 66 30 och
673 1516 131 40 förslag
822 1516 37 32 så
877 1521 96 27 snart
990 1519 60 30 ske
1066 1520 70 29 kan
1154 1520 149 31 rörande
1321 1521 192 31 ordnandet
1532 1532 43 20 av
1593 1524 181 30 skolköks-

588 1569 260 31 lärarinnornas
885 1571 58 30 vid
979 1571 406 41 fortsättningsskolorna
1424 1575 252 39 anställnings-,
1714 1577 58 29 bho-

588 1623 120 35 stads-,
733 1624 91 29 löne-
848 1624 66 30 och
937 1625 418 38 pensionsförhållanden.

325 1727 200 31 Stockholm
546 1730 64 29 den
631 1730 19 30 5
672 1730 88 38 april
785 1731 92 30 1938.

815 1837 48 31 På
882 1839 189 30 utskottets
1091 1841 145 37 vägnar:

874 1909 113 30 CARL
1013 1909 162 32 HOPPE.

320 2122 200 29 Närvarande
542 2124 49 27 vid
611 2125 145 27 ärendets
775 2125 191 36 behandling
985 2127 11 26 i
1016 2128 160 27 utskottet:
1197 2128 110 28 herrar
1325 2128 122 36 Hoppe,
1467 2130 122 35 Kyling,
1608 2130 134 27 Persson
1763 2130 9 26 i

278 2166 142 36 Vinberg,
442 2168 188 34 Tornegård,
654 2168 186 35 Gustafsson
861 2170 10 27 i
894 2171 106 34 Bogla,
1024 2171 148 28 Karlsson
1195 2173 9 26 i
1227 2172 151 34 Granebo,
1401 2173 135 28 Larsson
1558 2174 10 27 i
1589 2170 181 36 Östersund,

278 2210 200 36 Beckström,
497 2212 180 36 Spångberg
696 2214 61 27 och
778 2213 181 36 Fredberg".

325 2290 12 12 >"
358 2290 35 32 Ej
417 2291 181 26 närvarande
621 2292 49 25 vid
693 2292 176 27 utlåtandets
891 2293 151 33 justering.
