1892 2794
285 141 41 29 86
715 138 286 30 Statsutskottets
1024 136 181 31 utlåtande
1227 145 44 20 nr
1291 136 50 29 11.

641 221 51 28 att
718 219 187 39 riksdagen
931 217 58 30 må
1016 217 52 30 till
1095 217 140 29 Statens
1264 214 229 31 brandskola:
1521 213 258 30 Omkostnader

597 272 55 29 för
677 271 205 39 budgetåret
910 270 138 36 1949/50
1075 269 123 30 anvisa
1222 271 49 28 ett
1295 267 274 40 förslagsanslag
1593 275 43 21 av
1660 267 41 29 55
1715 266 63 30 900

595 325 142 29 kronor.

333 458 116 34 147:0)
476 458 123 35 Bidrag
629 458 54 29 till
713 458 148 29 svenska
892 455 460 36 brandskyddsföreningen.
1392 454 127 34 Bidrag
1547 452 54 30 till
1631 451 148 30 svenska

288 512 277 29 brandkårernas
589 510 239 30 riksförbund.
864 511 12 28 I
903 509 151 39 enlighet
1079 509 81 29 med
1186 508 125 39 Kungl.
1338 506 126 39 Maj:ts
1490 506 130 38 förslag
1652 504 128 39 (punk-

288 567 99 27 terna
410 565 61 29 196
491 565 63 29 och
579 564 71 34 197,
673 574 26 20 s.
719 564 62 29 422
801 564 67 29 och
890 563 95 34 423),
1004 562 108 30 vilket
1131 561 148 30 innebär
1297 559 216 32 oförändrad
1532 558 248 31 medelsanvis-

288 617 93 39 ning,
402 617 202 30 hemställer
625 617 180 33 utskottet,

642 725 51 27 att
714 722 188 39 riksdagen
923 722 58 29 må
1002 721 53 30 för
1075 720 207 40 budgetåret
1306 719 141 36 1949/50
1469 718 119 30 anvisa

642 776 37 33 a)
707 776 51 29 till
779 775 129 38 Bidrog
932 774 52 30 till
1002 773 150 31 svenska
1177 771 453 40 brandskyddsföreningen
1652 772 49 28 ett
1722 779 60 20 an-

598 829 73 38 slag
693 837 41 21 av
756 828 18 30 2
789 828 63 30 000
873 828 146 33 kronor;

642 881 39 34 b)
708 881 52 30 till
780 880 129 39 Bidrag
932 880 53 29 till
1003 879 150 30 svenska
1177 878 281 30 brandkårernas
1481 875 231 41 riksförbund
1732 876 49 29 ett

598 934 121 38 anslag
739 943 41 20 av
801 934 17 29 5
834 934 64 29 000
920 933 139 29 kronor.

334 1068 116 34 148:0)
477 1068 124 35 Bidrag
617 1068 54 28 till
688 1067 257 35 förebyggande
962 1066 62 29 och
1042 1065 183 35 släckning
1241 1074 42 20 av
1301 1064 121 29 brand.
1451 1063 125 39 Kungl.
1594 1062 107 39 Maj:t
1718 1061 63 28 har

295 1120 131 40 (punkt
452 1121 70 34 198,
549 1130 25 20 s.
600 1120 192 34 423—425)
823 1120 181 38 föreslagit
1028 1119 189 38 riksdagen
1242 1120 50 27 att
1315 1117 53 30 till
1394 1117 126 37 Bidrag
1544 1116 53 29 till
1625 1115 157 39 förebyg-

289 1173 111 39 gande
425 1173 66 30 och
516 1173 182 39 släckning
723 1182 41 20 av
786 1173 113 29 brand
924 1172 54 30 för
1001 1172 206 38 budgetåret
1232 1170 140 36 1949/50
1399 1169 120 30 anvisa
1545 1170 49 28 ett
1619 1168 163 38 förslags-

290 1226 120 39 anslag
434 1236 42 20 av
498 1225 62 30 400
575 1226 63 29 000
663 1226 140 29 kronor.

333 1341 167 38 Anslaget
520 1342 37 28 är
576 1341 54 29 för
650 1340 236 36 innevarande
906 1339 168 39 budgetår
1095 1339 137 29 anvisat
1252 1338 79 29 med
1351 1337 63 30 385
1430 1337 62 29 000
1510 1337 142 28 kronor.

333 1394 13 29 I
369 1394 266 39 anslagsposten
658 1394 53 28 till
735 1392 416 39 skogsbrandbevakning
1175 1391 80 39 ingå
1278 1390 192 30 kostnader
1493 1389 54 30 för
1570 1388 212 38 bemanning

290 1456 41 20 av
349 1447 195 29 brandtorn
564 1446 110 39 jämte
694 1446 194 38 ersättning
908 1445 36 29 åt
963 1444 248 39 brandfogdar,
1232 1444 54 29 för
1306 1442 366 31 telefonförbindelser
1693 1442 89 29 samt

290 1500 54 29 för
365 1499 149 40 löpande
535 1499 196 29 underhåll.
753 1498 122 39 Någon
896 1498 147 38 ändring
1062 1507 43 19 av
1125 1497 68 29 den
1214 1497 107 29 totala
1342 1495 366 39 medelsanvisningen
1728 1494 55 29 för

289 1552 102 29 dessa
409 1552 163 29 ändamål
592 1552 148 29 föreslås
759 1551 85 29 icke.
865 1551 187 39 Delposten
1072 1550 52 29 till
1143 1550 149 38 löpande
1311 1549 185 29 underhåll
1516 1548 147 30 föreslås
1681 1547 103 30 emel-

291 1605 101 29 lertid
412 1605 98 29 skola
530 1604 231 30 sammanslås
779 1604 79 29 med
877 1604 266 38 anslagsposten
1161 1603 52 29 till
1230 1602 176 39 förnyelse
1426 1611 42 20 av
1484 1601 204 33 brandtorn,
1706 1600 77 30 där-

290 1658 56 29 vid
371 1658 69 29 den
466 1658 281 38 sammanslagna
772 1659 125 37 posten
921 1656 110 29 skulle
1056 1656 193 29 benämnas
1275 1654 209 40 nybyggnad
1509 1654 64 29 och
1598 1653 184 30 underhåll

291 1720 41 20 av
352 1710 194 30 brandtorn
565 1720 45 19 m.
632 1720 46 19 m.
700 1710 73 29 Den
793 1719 68 29 nya
884 1710 265 38 anslagsposten
1171 1708 206 29 förutsättes
1399 1708 98 29 skola
1518 1707 36 29 få
1573 1709 99 36 tagas
1692 1707 12 28 i
1724 1715 59 20 an-

292 1762 105 39 språk
417 1763 56 29 för
489 1763 90 29 vissa
598 1763 137 29 mindre
754 1762 200 34 kostnader,
974 1771 73 20 som
1067 1762 85 29 höra
1172 1770 160 20 samman
1349 1761 81 28 med
1448 1760 257 29 brandtornens
1724 1768 59 20 an-

291 1816 189 38 vändning,
501 1818 22 27 t.
542 1826 50 19 ex.
614 1815 229 39 anskaffning
865 1815 65 30 och
952 1814 182 30 underhåll
1156 1824 42 19 av
1217 1814 132 33 kikare,
1369 1814 121 28 kartor
1510 1822 44 19 m.
1575 1822 57 23 m.,
1653 1812 32 29 d.
1706 1821 30 19 v.
1757 1821 25 20 s.

291 1868 168 34 materiel,
487 1878 73 19 som
588 1868 116 29 städse
731 1868 98 38 ingår
856 1868 11 28 i
894 1867 257 30 brandtornens
1178 1866 212 38 utrustning.
1420 1866 127 28 Posten
1576 1864 206 30 förutsättes

292 1922 98 29 skola
410 1922 36 29 få
466 1921 203 40 disponeras
689 1921 122 29 endast
830 1922 90 28 efter
938 1921 112 28 beslut
1071 1930 42 19 av
1131 1919 416 39 riksbrandinspektören
1566 1918 11 29 i
1595 1918 98 38 varje
1714 1919 70 27 sär-

292 1974 82 30 skilt
392 1974 73 29 fall.
483 1974 243 29 Kostnaderna
744 1974 53 29 för
815 1973 417 38 skogsbrandbevakning
1249 1972 210 39 uppskattas
1477 1971 51 29 till
1547 1972 61 29 235
1624 1971 64 29 000
1706 1971 78 28 kro-

292 2035 62 20 nor
371 2027 67 29 och
456 2027 55 29 för
528 2027 207 39 nybyggnad
753 2026 64 29 och
837 2026 185 29 underhåll
1039 2035 42 20 av
1097 2025 193 29 brandtorn
1307 2034 45 19 m.
1371 2034 46 19 m.
1436 2025 51 29 till
1505 2024 40 30 40
1560 2024 63 30 000
1642 2024 140 28 kronor.

334 2079 247 39 Belastningen
603 2079 45 39 på
673 2079 266 39 anslagsposten
961 2079 51 29 till
1035 2078 196 38 ersättning
1254 2078 54 29 för
1330 2077 224 30 verksamhet
1577 2077 58 29 vid
1658 2076 126 30 brand-

293 2132 182 39 släckning
493 2141 45 20 m.
558 2141 44 19 m.
622 2132 64 29 har
705 2131 109 30 under
834 2140 121 20 senare
973 2131 38 29 år
1028 2149 44 3 —
1089 2131 80 30 med
1188 2131 195 39 betydande
1402 2130 210 29 variationer
1630 2129 42 30 de
1690 2129 93 29 olika

292 2185 83 29 åren
393 2185 149 29 emellan
560 2203 44 2 —
625 2185 116 29 städse
761 2185 180 38 överstigit
960 2185 57 28 det
1036 2184 136 39 belopp,
1194 2193 74 20 som
1288 2184 156 29 anvisats
1464 2183 11 29 i
1496 2184 122 28 staten.
1639 2182 145 30 Medels-

291 2237 231 39 anvisningen
543 2238 53 28 för
616 2239 102 28 nästa
739 2237 170 39 budgetår
929 2246 100 20 anses
1049 2237 121 29 därför
1190 2237 84 29 böra
1294 2236 96 30 ökas.
1412 2236 13 29 I
1447 2236 148 29 avbidan
1615 2235 45 39 på
1678 2236 105 38 ytter-

292 2290 105 39 ligare
420 2290 199 29 erfarenhet
640 2291 64 28 har
726 2292 123 37 posten
872 2290 204 38 begränsats
1098 2290 53 29 till
1178 2290 59 28 125
1253 2289 62 30 000
1337 2289 142 29 kronor.

335 2343 75 30 Den
432 2344 12 28 i
466 2343 158 39 gällande
648 2345 69 27 stat
741 2343 175 39 uppförda
939 2343 265 38 anslagsposten
1225 2342 52 30 till
1298 2342 201 39 reparation
1521 2351 42 20 av
1584 2341 71 30 viss
1677 2342 107 27 mate-

292 2396 61 29 riel
376 2405 62 20 var
460 2396 127 29 avsedd
611 2397 51 28 att
684 2396 102 29 täcka
810 2395 238 30 kostnaderna
1070 2395 56 29 för
1149 2395 93 30 vissa
1265 2394 327 40 engångsåtgärder,
1616 2393 95 30 vilka
1735 2402 48 20 nu

292 2448 172 30 slutförts.
486 2449 125 29 Posten
632 2448 65 29 har
718 2448 101 30 alltså
840 2448 76 30 icke
937 2448 227 30 medräknats
1184 2448 54 29 för
1258 2449 101 28 nästa
1379 2446 179 40 budgetår.
