1890 2796
538 165 287 29 Statsutskottets
850 163 178 30 utlåtande
1052 173 43 19 nr
1117 164 49 28 11.
1562 161 45 29 81

462 244 37 34 b)
529 244 53 30 till
608 245 139 29 Statens
772 243 333 30 kriminaltekniska
1131 242 147 30 anstalt:
1306 241 214 39 Avlöningar
1547 241 56 29 för

418 298 204 39 budgetåret
660 297 139 37 1949/50
836 297 121 29 anvisa
990 298 48 28 ett
1074 295 275 39 förslagsanslag
1385 304 40 20 av
1460 294 62 30 395
1538 293 63 30 000

417 351 141 30 kronor.

155 485 114 34 137:0)
297 486 134 29 Statens
460 485 326 30 kriminaltekniska
817 485 140 29 anstalt:
991 484 264 30 Omkostnader.
1296 484 13 28 I
1340 483 152 39 enlighet
1521 481 80 30 med

108 538 125 39 Kungl.
255 538 126 40 Maj:ts
403 539 131 39 förslag
559 538 131 39 (punkt
714 538 71 34 169,
809 547 25 20 s.
858 537 206 34 376—379),
1085 537 107 30 vilket
1213 536 147 29 innebär
1382 545 43 20 en
1447 535 156 39 anslags-

108 591 204 40 minskning
334 593 78 28 med
434 592 19 29 4
467 592 63 30 000
552 592 141 33 kronor,
716 591 203 30 hemställer
942 591 181 33 utskottet,

461 701 51 27 att
541 699 188 39 riksdagen
757 698 58 30 må
843 698 52 29 till
924 698 140 29 Statens
1093 696 331 30 kriminaltekniska
1452 695 150 31 anstalt:

419 752 259 30 Omkostnader
700 752 55 30 för
779 751 204 39 budgetåret
1010 750 141 37 1949/50
1174 750 121 30 anvisa
1319 751 49 28 ett
1390 748 214 40 förslagsan-

419 806 72 39 slag
513 815 43 21 av
576 805 64 30 294
654 805 63 30 000
740 805 141 29 kronor.

155 940 114 34 138:0)
297 940 212 35 Gottgörelse
534 940 54 29 till
614 940 93 29 vissa
732 939 231 36 polisdistrikt
988 939 58 29 för
1071 938 266 35 ombesörjande
1362 946 42 20 av
1429 936 174 30 särskilda

108 993 236 36 anordningar
365 993 55 30 för
442 993 255 36 polisväsendet
719 993 12 29 i
752 993 78 29 dess
853 993 113 28 helhet
988 1001 45 20 m.
1056 1001 45 20 m.
1134 991 234 30 Anordnande
1389 1000 42 20 av
1453 990 148 36 polisbe-

108 1046 153 35 vakning
284 1047 11 28 i
317 1055 115 20 annan
454 1047 45 28 än
521 1047 67 29 den
611 1047 11 29 i
645 1046 98 36 lagen
766 1056 57 19 om
846 1045 255 36 polisväsendet
1123 1045 12 29 i
1157 1045 88 29 riket
1267 1044 164 35 stadgade
1453 1043 149 35 ordning

109 1108 45 21 m.
173 1108 44 21 m.
246 1100 14 28 I
279 1100 152 38 enlighet
449 1100 80 29 med
548 1099 127 39 Kungl.
695 1099 124 39 Maj:ts
840 1099 130 38 förslag
994 1098 217 40 (punkterna
1233 1098 61 29 170
1313 1097 66 30 och
1401 1097 70 34 171,
1491 1106 27 20 s.
1538 1096 64 30 379

106 1151 142 35 -—881),
277 1152 109 30 vilket
413 1152 146 30 innebär
587 1151 214 30 oförändrad
830 1151 329 39 medelsanvisning,
1189 1149 202 30 hemställer
1421 1149 181 33 utskottet,

462 1261 51 28 att
535 1258 188 40 riksdagen
746 1258 58 30 må
826 1258 55 29 för
904 1257 205 40 budgetåret
1135 1257 140 37 1949/50
1299 1256 117 31 såsom
1437 1256 167 39 förslags-

419 1313 121 39 anslag
565 1311 121 31 anvisa

462 1375 37 33 a)
529 1375 53 29 till
615 1374 213 39 Gottgörelse
864 1374 52 30 till
948 1374 91 29 vissa
1073 1373 235 40 polisdistrikt
1341 1373 57 39 för
1428 1372 176 30 ombesör-

418 1428 106 39 jande
542 1438 45 20 av
605 1428 173 29 särskilda
796 1427 239 39 anordningar
1052 1427 57 39 för
1126 1426 259 40 polisväsendet
1404 1427 11 28 i
1433 1426 79 29 dess
1531 1425 73 30 hel-

418 1481 59 29 het
501 1490 45 20 m.
573 1491 45 20 m.
645 1481 62 30 200
722 1481 63 29 000
810 1481 145 33 kronor;

463 1543 37 33 b)
530 1543 53 29 till
609 1543 236 39 Anordnande
870 1552 43 20 av
937 1542 290 39 polisbevakning
1251 1542 11 29 i
1283 1550 118 21 annan
1428 1542 44 29 än
1499 1541 67 30 den
1593 1540 11 29 i

419 1596 98 39 lagen
551 1606 56 20 om
640 1596 258 39 polisväsendet
931 1596 11 29 i
973 1595 92 30 riket
1097 1594 166 40 stadgade
1296 1594 149 39 ordning
1476 1603 46 21 m.
1556 1602 46 20 m.

419 1650 62 29 200
495 1650 65 30 000
586 1650 140 29 kronor.

155 1775 114 33 139:0)
297 1775 100 29 Vissa
418 1775 230 35 ersättningar
668 1776 34 28 åt
723 1774 341 35 befattningshavare
1084 1774 57 29 vid
1163 1773 264 35 polisväsendet.
1460 1774 12 28 I
1494 1771 108 39 enlig-

107 1827 59 30 het
187 1828 78 29 med
288 1828 126 38 Kungl.
436 1827 125 39 Maj:ts
582 1827 131 40 förslag
740 1827 130 39 (punkt
896 1827 70 33 172,
989 1836 25 19 s.
1035 1826 62 30 381
1121 1827 65 29 och
1208 1825 97 34 382),
1327 1825 107 30 vilket
1456 1825 147 29 innebär

107 1890 44 19 en
170 1890 41 20 av
230 1881 241 37 belastningen
491 1880 164 39 betingad
675 1880 149 39 höjning
845 1889 41 20 av
905 1879 157 39 anslaget
1084 1879 78 29 med
1185 1879 60 29 100
1260 1879 63 29 000
1345 1879 140 33 kronor,
1506 1878 97 29 hem-

108 1933 117 30 ställer
246 1934 179 32 utskottet,

460 2042 50 27 att
538 2040 187 38 riksdagen
752 2039 57 29 må
840 2039 49 29 till
920 2039 98 29 Vissa
1046 2039 236 38 ersättningar
1309 2038 36 30 åt
1374 2038 228 39 befattnings-

416 2092 127 30 havare
571 2093 56 29 vid
650 2093 255 38 polisväsendet
931 2092 55 29 för
1011 2092 204 38 budgetåret
1243 2091 140 37 1949/50
1409 2091 120 29 anvisa
1553 2092 49 28 ett

417 2146 274 38 förslagsanslag
720 2156 42 19 av
796 2146 169 28 1100000
993 2145 141 33 kronor,
1163 2145 107 29 därav
1303 2145 136 29 120000
1470 2145 132 28 kronor

416 2201 50 27 att
491 2200 174 28 avräknas
690 2201 71 27 mot
787 2198 458 29 automobilskattemedlen.

157 2323 111 32 140:0)
296 2323 317 34 Poliskollegierna.
632 2322 198 34 Ersättning
849 2323 55 27 vid
924 2322 121 28 förhör
1065 2322 10 28 i
1094 2322 162 34 polisiära
1275 2321 325 34 disciplinärenden.

109 2376 199 34 Ersättning
324 2375 55 29 vid
398 2376 131 28 biträde
544 2376 35 28 åt
594 2375 305 34 ordningsmakten
917 2384 42 18 m.
977 2384 43 19 m.
1040 2375 9 27 I
1068 2374 150 37 enlighet
1238 2374 76 29 med
1333 2374 124 37 Kungl.
1475 2374 125 38 Maj:ts

108 2428 129 37 förslag
271 2428 215 38 (punkterna
516 2427 181 33 173—175,
726 2436 24 19 s.
779 2427 63 28 382
869 2427 62 28 och
959 2427 96 32 383),
1083 2426 105 29 vilket
1217 2426 144 29 innebär
1387 2426 214 29 oförändrad

109 2481 325 37 medelsanvisning,
458 2480 201 29 hemställer
682 2480 179 31 utskottet,

111 2545 19 26 6
158 2538 21 48 —
200 2544 134 38 Bihangq
358 2544 51 28 till
431 2542 203 39 riksdagens
656 2542 175 39 protokoll
856 2543 90 28 1949.
969 2544 19 27 6
1010 2542 99 29 saml.
1131 2543 47 28 Nr
1204 2543 46 28 11.
