1884 2804
508 149 116 30 Andra
646 150 238 35 lagutskottets
907 150 175 30 utlåtande
1103 160 41 20 nr
1170 151 49 29 352.
1606 145 18 30 3

115 232 306 36 ningssällskapets
453 232 371 36 förvallningsutskott.
859 233 141 30 Liksom
1032 232 233 31 förhållandet
1296 242 62 21 var
1388 233 105 36 enligt
1523 242 95 21 norr-

116 283 147 30 ländska
281 283 260 36 uppsiktslagen
557 284 97 30 skola
671 283 159 37 samtliga
846 283 190 31 ledamöter
1050 287 92 27 utses
1159 283 57 30 för
1230 293 44 21 en
1288 283 50 30 tid
1356 293 42 21 av
1413 287 52 27 tre
1480 283 49 36 år,
1545 293 74 21 var-

115 332 108 37 jämte
243 333 206 31 föreskrives
469 337 50 27 att
538 333 56 31 för
615 343 135 21 samma
770 334 51 30 tid
840 335 89 29 skall
948 334 56 30 för
1022 334 96 36 varje
1140 334 153 31 ledamot
1311 338 91 27 utses
1422 344 43 20 en
1486 335 132 36 supple-

115 388 68 26 ant.
202 385 116 35 Lagen
337 383 190 32 innehåller
546 386 87 29 även
649 385 242 30 bestämmelse
911 385 121 32 därom
1050 388 49 28 att
1119 385 273 31 kommissionen
1412 386 89 30 skall
1522 386 99 30 ställa

115 434 51 37 sig
182 435 51 30 till
248 435 226 31 efterrättelse
489 437 56 29 det
558 436 217 36 reglemente,
792 445 75 21 som
885 436 122 37 Kungl.
1027 436 101 36 Maj:t
1144 436 187 30 fastställer
1345 436 88 30 efter
1451 437 56 30 det
1523 437 97 29 kom-

115 485 188 31 missionen
328 485 126 37 avgivit
479 486 130 37 förslag
636 490 90 27 samt
752 487 208 36 landstinget
985 488 65 29 och
1077 486 448 37 hushållningssällskapets
1552 487 68 30 för-

115 536 304 36 valtningsutskott
441 537 148 30 däröver
607 537 99 30 blivit
725 537 120 31 hörda.

160 587 56 30 Ett
241 587 55 30 för
323 587 157 37 samtliga
506 587 457 37 jordbrukskommissioner
990 591 213 34 gemensamt
1231 589 207 36 reglemente
1466 589 153 30 utfärda-

117 637 57 31 des
197 647 43 21 av
263 638 123 36 Kungl.
406 638 102 36 Maj:t
528 639 66 29 den
616 639 38 30 13
676 639 181 30 december
878 640 84 29 1929
987 638 55 40 (nr
1061 638 91 40 390).

164 715 81 30 1927
269 713 56 32 års
347 714 215 38 uppsiktslag
584 715 104 36 gäller
711 714 114 32 såsom
848 715 94 31 förut
964 717 139 30 nämnts
1126 715 55 31 för
1202 715 78 31 hela
1303 715 97 35 riket,
1426 724 79 21 men
1527 715 10 30 i
1560 714 61 30 lik-

115 763 58 30 het
191 764 80 30 med
287 765 68 29 vad
373 763 234 32 förhållandet
623 774 60 21 var
701 766 80 29 med
799 766 66 29 den
881 766 231 30 norrländska
1128 766 261 36 uppsiktslagen
1408 766 132 31 vänder
1556 767 64 30 den

115 815 52 37 sig
191 816 121 30 endast
336 819 72 27 mot
431 816 162 30 vanhävd
620 816 20 31 å
664 816 199 37 fastigheter
889 816 173 38 tillhöriga
1086 818 103 37 bolag
1212 818 66 30 och
1303 816 226 33 ekonomiska
1554 817 67 30 för-

117 866 143 37 eningar
285 870 89 26 samt
400 876 25 21 s.
450 868 32 30 k.
510 867 230 37 spekulanter,
765 867 171 37 varjämte
961 868 115 36 lagens
1101 867 380 37 tillämpningsområde
1505 869 38 29 är
1566 868 55 30 be-

114 918 138 35 gränsat
274 917 51 30 till
348 918 200 36 fastigheter
571 927 42 21 av
635 918 67 31 viss
727 919 137 36 storlek,
890 919 121 30 därvid
1034 920 243 36 arealgränsen
1299 921 39 29 är
1358 919 159 30 bestämd
1538 919 81 31 ned-

117 966 35 32 åt
175 967 50 30 till
249 968 20 29 4
295 968 123 33 hektar
440 968 105 31 odlad
569 967 77 38 jord
670 968 81 31 eller
774 969 19 29 4
817 970 123 29 hektar
962 969 276 37 inrösningsjord
1261 973 90 27 samt
1373 969 109 37 uppåt
1507 969 50 31 till
1581 969 41 31 25

117 1018 123 30 hektar
263 1018 105 31 odlad
388 1018 87 36 jord.
501 1018 198 32 Emellertid
723 1019 64 31 har
809 1020 56 30 det
885 1023 129 28 ansetts
1036 1024 48 26 att
1105 1020 110 30 under
1235 1019 164 36 rådande,
1421 1029 43 22 av
1486 1020 56 31 det
1563 1018 58 39 på-

117 1068 129 37 gående
267 1069 227 36 världskriget
515 1070 225 30 förorsakade
762 1070 81 30 eller
864 1069 97 38 eljest
983 1071 143 31 därmed
1147 1070 345 36 sammanhängande
1511 1074 110 27 utom-

117 1119 190 36 ordentliga
331 1118 244 32 förhållanden
599 1120 65 30 den
687 1120 397 38 vanhävdslagstiftning
1109 1130 76 22 som
1207 1120 189 32 innehålles
1422 1121 11 30 i
1460 1121 81 30 1927
1567 1119 55 31 års

114 1168 56 36 lag
191 1170 39 29 är
250 1168 206 37 otillräcklig
479 1170 83 30 eller
583 1170 80 36 föga
684 1171 144 35 lämpad
849 1171 55 30 för
927 1171 56 31 sitt
1008 1170 164 31 ändamål
1194 1172 66 29 och
1286 1174 49 27 att
1357 1171 93 37 förty
1470 1181 44 20 en
1538 1181 82 21 van-

116 1220 326 38 hävdslagstiftning
466 1230 44 22 av
535 1221 249 31 vidsträcktare
811 1222 209 38 omfattning
1044 1223 107 30 borde
1174 1223 143 30 komma
1342 1222 50 31 till
1418 1222 111 31 stånd.
1556 1222 68 30 För

117 1270 233 38 avhjälpande
375 1281 42 21 av
439 1272 42 30 de
505 1272 132 36 brister,
661 1282 74 21 som
758 1272 146 32 sålunda
927 1273 128 31 funnos
1077 1273 139 31 vidlåda
1242 1274 82 29 1927
1348 1272 55 32 års
1429 1273 192 31 vanhävds-

117 1322 224 37 lagstiftning,
368 1326 104 33 antog
498 1323 83 29 1942
606 1322 55 32 års
685 1323 141 38 riksdag
850 1323 87 31 efter
960 1325 123 30 därom
1106 1333 42 21 av
1173 1324 124 37 Kungl.
1323 1322 102 38 Maj:t
1450 1323 172 36 framlagd

117 1373 213 36 proposition
351 1382 42 21 en
415 1374 55 36 lag
490 1383 58 21 om
569 1373 158 37 åtgärder
749 1378 72 26 mot
842 1375 164 30 vanhävd
1026 1384 42 21 av
1091 1373 181 38 jordbruk.
1294 1374 123 31 Denna
1438 1375 57 37 lag
1513 1375 108 30 utfär-

116 1424 105 30 dades
240 1424 67 29 den
325 1423 41 30 30
384 1423 75 36 juni
481 1424 83 29 1942
589 1422 53 40 (nr
661 1422 94 40 515);
776 1424 66 30 den
861 1424 121 31 trädde
1000 1424 212 31 omedelbart
1229 1424 11 30 i
1258 1424 93 31 kraft
1369 1426 66 29 och
1453 1424 88 30 skall
1559 1425 63 35 äga

118 1473 152 37 giltighet
292 1473 52 30 till
369 1474 64 30 och
455 1475 80 29 med
558 1474 68 30 den
648 1474 41 30 30
714 1473 76 36 juni
817 1475 93 29 1947.
936 1474 44 31 Så
1003 1475 98 36 länge
1124 1475 99 36 lagen
1246 1476 80 35 äger
1348 1475 159 37 gällande
1529 1475 93 30 kraft

116 1524 88 30 skall
227 1524 81 30 1927
329 1523 56 32 års
405 1524 216 37 uppsiktslag
640 1526 79 29 med
736 1525 91 31 vissa
846 1526 179 37 undantag
1043 1525 77 31 icke
1139 1525 105 31 vinna
1265 1525 229 37 tillämpning.

160 1570 94 34 Även
282 1575 82 29 1942
387 1574 55 31 års
464 1575 57 37 lag
543 1575 38 30 är
604 1575 228 31 konstruerad
854 1575 116 31 såsom
991 1585 42 21 en
1055 1576 227 36 uppsiktslag.
1307 1575 226 31 Beträffande
1556 1576 66 30 den

116 1624 10 29 i
146 1625 98 36 lagen
266 1625 217 31 föreskrivna
501 1625 188 37 uppsikten
709 1625 94 32 finns
821 1626 12 30 i
854 1626 20 30 4
894 1626 18 37 8
932 1626 138 37 intagen
1091 1626 66 31 den
1176 1626 276 36 bestämmelsen,
1473 1629 50 28 att
1541 1626 80 30 den-

116 1684 133 21 samma
266 1676 87 29 skall
368 1677 121 29 utövas
506 1686 42 21 av
564 1677 41 29 de
620 1675 465 38 jordbrukskommissioner,
1102 1687 75 21 som
1193 1677 137 31 tillsatts
1346 1677 104 37 enligt
1468 1678 81 30 1927
1567 1677 55 31 års

117 1725 63 36 lag,
206 1734 78 22 vars
308 1726 20 29 4
353 1725 18 37 8
396 1725 130 32 således
552 1726 217 31 fortfarande
793 1728 87 30 skall
906 1727 184 36 tillämpas.

159 1774 131 31 Genom
311 1776 82 29 1942
411 1775 55 31 års
483 1777 55 35 lag
554 1776 65 30 har
636 1776 520 36 jordbrukskommissionernas
1177 1778 221 30 verksamhet
1415 1779 100 30 ökats
1536 1779 11 30 i
1564 1780 56 29 vä-

116 1826 122 37 sentlig
257 1827 96 36 grad,
375 1826 105 31 vilket
501 1828 291 36 sammanhänger
812 1829 145 30 därmed
977 1832 49 26 att
1046 1829 116 35 lagens
1183 1828 381 37 tillämpningsområde
1585 1830 38 29 är

116 1876 165 37 betydligt
300 1876 249 31 vidsträcktare
571 1878 44 29 än
635 1877 232 31 förhållandet
889 1879 38 29 är
946 1879 79 29 med
1049 1879 81 29 1927
1151 1877 55 32 års
1227 1879 63 36 lag.
1332 1879 82 30 1942
1434 1878 56 32 års
1510 1880 55 37 lag
1584 1880 39 30 är

116 1926 145 31 sålunda
283 1927 146 36 generell
451 1927 38 31 så
509 1927 50 30 till
581 1927 79 31 vida
680 1937 74 21 som
776 1929 110 30 under
907 1929 201 31 densamma
1128 1929 85 30 falla
1232 1928 391 39 jordbruksfastigheter

116 1980 131 27 oavsett
264 1986 77 21 vem
358 1986 75 21 som
450 1978 39 29 är
506 1979 111 35 ägare.
636 1977 124 31 Vidare
776 1979 140 36 stadgar
933 1979 98 35 lagen
1049 1980 66 30 vad
1133 1978 108 37 angår
1257 1979 265 36 fastigheternas
1537 1984 83 27 stor-

116 2028 54 29 lek
188 2026 31 38 ej
242 2036 117 23 annan
378 2028 230 37 begränsning
628 2029 43 29 än
691 2028 66 30 den
777 2037 76 22 som
871 2028 103 36 följer
991 2039 42 21 av
1051 2029 66 30 den
1136 2031 10 29 i
1170 2031 13 28 1
1205 2029 18 37 8
1245 2029 140 36 intagna
1403 2031 217 30 bestämmel-

116 2087 58 20 sen
198 2081 48 26 att
267 2078 186 36 uppsikten
474 2078 88 30 skall
583 2087 78 22 avse
682 2079 289 37 brukningsdelar
992 2089 74 21 som
1086 2079 176 32 innehålla
1284 2081 103 30 odlad
1408 2079 78 37 jord
1508 2081 50 30 till
1579 2089 42 22 en

114 2127 81 30 vidd
215 2128 237 36 överstigande
474 2138 42 20 en
535 2129 132 30 hektar.
691 2130 126 30 Tillika
838 2130 58 30 må
916 2132 156 34 nämnas,
1092 2135 49 26 att
1162 2132 111 30 under
1291 2132 55 30 det
1370 2133 80 29 1927
1474 2132 55 31 års
1550 2134 72 35 lags

113 2177 259 31 bestämmelser
395 2178 11 30 i
428 2179 189 30 allmänhet
640 2180 59 29 äro
722 2179 202 37 tillämpliga
947 2180 12 29 i
982 2181 168 30 avseende
1171 2179 20 31 å
1211 2190 44 21 en
1277 2182 248 30 utarrenderad
1551 2182 67 30 fas-

115 2228 106 37 tighet
238 2229 122 30 endast
377 2229 220 30 beträffande
615 2229 127 36 nödiga
760 2230 208 36 byggnader,
992 2231 81 29 1942
1094 2230 54 31 års
1166 2231 57 37 lag
1239 2234 84 27 utan
1340 2230 114 37 någon
1471 2236 148 26 motsva-

115 2279 107 29 rande
245 2279 229 36 begränsning
495 2280 38 29 är
556 2279 181 37 tillämplig
758 2280 86 29 även
865 2280 20 31 å
905 2280 268 31 utarrenderade
1195 2281 210 36 fastigheter.

158 2328 13 29 I
197 2328 170 29 samband
395 2329 78 28 med
499 2328 223 30 utfärdandet
746 2338 42 20 av
817 2330 82 29 1942
925 2328 56 31 års
1008 2330 56 35 lag
1088 2340 58 20 om
1174 2329 159 37 åtgärder
1359 2335 72 26 mot
1456 2332 162 30 vanhävd

115 2389 43 20 av
179 2378 170 37 jordbruk
371 2378 200 31 utfärdades
596 2380 64 29 den
683 2380 40 29 30
744 2378 75 37 juni
844 2380 82 29 1942
954 2379 53 38 (nr
1028 2379 74 40 536)
1130 2384 74 33 nytt
1225 2381 206 37 reglemente
1452 2381 55 31 för
1527 2381 90 37 jord-

115 2428 430 32 brukskommissionerna.
569 2429 272 36 Giltighetstiden
861 2431 54 30 för
937 2431 91 29 detta
1048 2430 204 36 reglemente
1272 2432 63 30 har
1354 2432 124 31 liksom
1498 2432 55 31 för
1572 2432 46 29 la-
