2194 2630
699 156 344 34 Jordbruksutskottets
1066 153 163 34 utlåtande
1253 152 52 33 Nr
1328 152 52 34 88.
1777 148 15 33 1

964 581 58 40 Nr
1051 581 67 40 88.

812 740 111 27 Ankom
944 739 42 27 till
1005 738 178 36 Riksdagens
1202 736 94 28 kansli
1315 735 52 27 den
1387 735 17 27 6
1422 734 55 36 maj
1499 734 64 27 1911
1586 733 37 27 kl.
1645 733 29 27 11
1695 732 17 27 f.
1732 742 35 17 m.

446 884 204 43 Utlåtande,
680 884 12 35 i
720 882 197 45 anledning
958 880 48 45 af
1038 879 137 46 Kungl.
1218 878 131 43 Maj:ts
1384 876 227 46 proposition
1652 874 186 45 angående

640 952 200 47 upplåtelse
868 950 48 44 af
933 953 75 33 rätt
1029 950 56 35 till
1107 948 234 37 bearbetande
1360 946 49 45 af
1421 947 76 35 icke
1517 945 321 45 inmutningsbara

637 1021 389 47 mineralfyndigheter
1054 1021 21 34 å
1104 1018 205 45 kronojord.

1504 1067 75 50 (1:a
1606 1065 103 51 Afd.)

368 1179 17 38 I
413 1193 45 24 en
487 1179 56 37 till
571 1179 219 47 Riksdagen
819 1176 149 48 aflåten,
997 1174 58 38 till
1075 1172 392 52 jordbruksutskottet
1487 1171 57 37 för
1563 1170 275 38 förberedande

239 1231 232 50 behandling
511 1231 219 37 remitterad
772 1229 236 50 proposition
1053 1226 58 50 (nr
1154 1225 87 50 133)
1283 1225 42 36 af
1357 1224 72 37 den
1458 1226 21 34 3
1510 1236 100 23 mars
1645 1224 95 35 1911
1771 1223 68 35 har

239 1284 142 49 Kungl.
411 1284 109 49 Maj:t
547 1283 121 36 under
695 1280 237 51 åberopande
961 1280 41 36 af
1026 1278 149 49 bilagdt
1201 1277 138 48 utdrag
1363 1276 41 36 af
1420 1274 418 50 statsrådsprotokollet

240 1336 107 37 öfver
379 1334 372 51 jordbruksärenden
781 1333 59 37 för
869 1345 144 24 samma
1041 1331 77 48 dag
1146 1329 198 49 föreslagit
1372 1327 221 49 Riksdagen
1623 1332 55 32 att
1707 1327 58 36 för
1793 1326 46 37 de

240 1388 76 49 fall,
358 1387 233 38 beträffande
631 1386 130 37 hvilka
802 1385 84 37 icke
928 1385 13 36 i
979 1397 124 23 annan
1131 1381 166 49 ordning
1326 1379 187 38 särskilda
1553 1378 286 37 bestämmelser

240 1441 85 36 med
366 1440 237 49 Riksdagens
645 1438 230 38 medverkan
915 1436 161 48 träffats,
1118 1434 193 48 medgifva
1339 1437 54 32 att
1420 1432 59 36 för
1507 1431 103 37 tiden
1639 1430 97 37 intill
1766 1430 72 37 den

244 1495 16 33 1
287 1492 73 50 juli
391 1494 96 35 1912
517 1491 144 50 Kungl.
690 1491 109 49 Maj:t
827 1492 60 35 må
914 1494 73 44 äga

369 1544 33 49 ej
446 1544 146 38 mindre
634 1546 38 35 åt
713 1543 162 37 svenska
916 1546 89 32 män
1046 1539 139 50 bevilja
1226 1537 169 38 tillstånd
1425 1541 55 32 att
1508 1541 79 32 mot
1616 1536 71 36 den
1717 1535 121 49 årliga

239 1597 129 49 afgäld
414 1597 72 37 och
531 1597 120 36 under
696 1596 45 36 de
786 1595 136 37 villkor
967 1593 12 36 i
1025 1592 129 49 öfrigt,
1200 1590 142 49 Kungl.
1389 1589 107 49 Maj:t
1537 1588 238 47 bestämmer,
1818 1589 20 34 å

239 1649 205 49 kronojord
471 1649 104 36 inom
602 1649 96 36 visst
726 1650 21 34 å
775 1647 157 36 marken
959 1644 197 38 utstakadt
1176 1642 152 37 område
1347 1641 122 37 under
1489 1654 46 23 en
1556 1640 55 36 tid
1632 1640 57 36 för
1708 1639 131 48 hvarje

239 1704 105 46 gång
385 1701 41 35 af
463 1701 115 48 högst
609 1700 53 36 tio
691 1702 40 34 år
759 1699 85 37 med
873 1698 136 36 andras
1036 1694 241 39 uteslutande
1305 1694 84 36 med
1419 1692 129 37 arbete
1575 1691 166 49 belägga
1769 1691 69 36 och

240 1753 63 48 sig
344 1751 257 50 tillgodogöra
642 1749 404 51 mineralfyndigheter
1088 1747 40 36 af
1158 1746 117 37 andra
1303 1745 95 49 slag,
1427 1749 47 31 än
1504 1758 82 22 som
1615 1743 123 47 enligt
1769 1745 17 33 1
1818 1742 20 49 $

239 1804 300 49 grufvestadgan
589 1804 129 36 kunna
766 1807 138 44 utgöra
954 1800 158 38 föremål
1161 1798 59 37 för
1265 1796 229 49 inmutning,
1537 1795 86 37 med
1664 1799 75 32 rätt
1780 1794 59 36 för

239 1855 521 38 koncessionsinnehafvaren
803 1860 64 42 att,
907 1853 126 37 därest
1075 1851 63 37 vid
1180 1848 339 51 upplåtelsetidens
1557 1850 149 46 utgång
1733 1846 105 49 dylik

239 1909 210 49 upplåtelse
490 1907 230 38 fortfarande
761 1906 137 37 blifver
940 1905 40 36 af
1016 1903 217 48 Riksdagen
1275 1900 231 49 medgifven,
1550 1905 73 44 äga
1650 1898 188 37 företräde

240 1962 55 35 till
337 1960 382 38 öfverenskommelse
760 1972 60 23 om
864 1958 151 36 fortsatt
1057 1956 127 36 arbete
1225 1953 84 38 med
1348 1952 273 50 fyndighetens
1662 1950 176 49 tillgodo-

239 2013 168 48 görande
448 2016 48 46 på
538 2012 45 37 de
625 2012 146 46 villkor,
812 2010 141 48 Kungl.
997 2009 108 48 Maj:t
1147 2007 46 36 då
1234 2009 48 46 på
1314 2005 124 49 grund
1469 2005 41 35 af
1535 2003 60 49 sig
1622 2002 217 37 företeende

240 2064 324 47 omständigheter
592 2064 74 36 kan
695 2063 101 35 finna
825 2062 93 48 godt
945 2061 221 43 bestämma,

370 2120 47 32 än
458 2116 112 36 äfven
608 2117 38 34 åt
675 2114 114 37 sådan
821 2110 492 39 koncessionsinnehafvare
1343 2108 57 37 för
1428 2108 73 36 den
1529 2106 68 48 tid,
1627 2105 213 37 hvarunder

240 2165 272 39 koncessionen
542 2166 188 49 beviljats,
759 2165 155 49 upplåta
941 2162 227 47 erforderlig
1196 2161 103 36 mark
1329 2161 56 35 för
1412 2164 118 43 vägar
1559 2163 97 31 samt
1688 2157 58 36 för
1776 2170 64 23 an-

240 2219 189 49 läggning
457 2219 40 36 af
521 2218 222 37 verkstäder
772 2218 70 35 och
871 2214 338 46 arbetarbostäder,
1238 2212 84 36 med
1351 2210 219 51 skyldighet
1599 2210 57 35 för
1684 2208 156 37 konces-

241 2271 375 37 sionsinnehafvaren
662 2275 53 31 att
757 2269 59 36 för
857 2267 156 37 sålunda
1055 2268 38 34 åt
1129 2265 137 36 honom
1300 2263 182 50 upplåtna
1510 2262 190 36 förmåner
1728 2260 114 49 gälda

331 2330 126 44 Bihang
481 2332 50 32 till
557 2330 110 33 Riksd.
686 2331 85 41 prot.
799 2330 92 32 1911.
928 2329 20 31 8
972 2327 97 33 Saml.
1117 2326 42 32 37
1183 2324 92 42 Häft.
1320 2324 68 39 (Nr
1410 2324 155 37 88—90.)
1781 2321 14 30 1
