<?xml version="1.0" encoding="UTF-8"?>
<alto xmlns="http://www.loc.gov/standards/alto/ns-v3#" xmlns:xlink="http://www.w3.org/1999/xlink" xmlns:xsi="http://www.w3.org/2001/XMLSchema-instance" xsi:schemaLocation="http://www.loc.gov/standards/alto/ns-v3# http://www.loc.gov/alto/v3/alto-3-0.xsd">
	<Description>
		<MeasurementUnit>pixel</MeasurementUnit>
		<sourceImageInformation>
			<fileName>/tmp/tess_tpen09ci_input.PNG</fileName>
		</sourceImageInformation>
		<OCRProcessing ID="OCR_0">
			<ocrProcessingStep>
				<processingSoftware>
					<softwareName>tesseract 5.3.0</softwareName>
				</processingSoftware>
			</ocrProcessingStep>
		</OCRProcessing>
	</Description>
	<Layout>
		<Page WIDTH="1884" HEIGHT="2810" PHYSICAL_IMG_NR="0" ID="page_0">
			<PrintSpace HPOS="0" VPOS="0" WIDTH="1884" HEIGHT="2810">
				<ComposedBlock ID="cblock_0" HPOS="283" VPOS="168" WIDTH="1065" HEIGHT="33">
					<TextBlock ID="block_0" HPOS="283" VPOS="168" WIDTH="1065" HEIGHT="33">
						<TextLine ID="line_0" HPOS="283" VPOS="168" WIDTH="1065" HEIGHT="33">
							<String ID="string_0" HPOS="283" VPOS="168" WIDTH="20" HEIGHT="29" WC="0.96" CONTENT="4"/><SP WIDTH="438" VPOS="168" HPOS="303"/>
							<String ID="string_1" HPOS="741" VPOS="171" WIDTH="274" HEIGHT="30" WC="0.91" CONTENT="Statsutskottets"/><SP WIDTH="22" VPOS="171" HPOS="1015"/>
							<String ID="string_2" HPOS="1037" VPOS="170" WIDTH="175" HEIGHT="31" WC="0.96" CONTENT="utlåtande"/><SP WIDTH="21" VPOS="170" HPOS="1212"/>
							<String ID="string_3" HPOS="1233" VPOS="179" WIDTH="42" HEIGHT="21" WC="0.96" CONTENT="nr"/><SP WIDTH="24" VPOS="179" HPOS="1275"/>
							<String ID="string_4" HPOS="1299" VPOS="170" WIDTH="49" HEIGHT="30" WC="0.95" CONTENT="35."/>
						</TextLine>
					</TextBlock>
				</ComposedBlock>
				<ComposedBlock ID="cblock_1" HPOS="288" VPOS="251" WIDTH="1507" HEIGHT="292">
					<TextBlock ID="block_1" HPOS="289" VPOS="251" WIDTH="1505" HEIGHT="193">
						<TextLine ID="line_1" HPOS="289" VPOS="251" WIDTH="1505" HEIGHT="40">
							<String ID="string_5" HPOS="289" VPOS="256" WIDTH="53" HEIGHT="30" WC="0.96" CONTENT="till"/><SP WIDTH="22" VPOS="256" HPOS="342"/>
							<String ID="string_6" HPOS="364" VPOS="255" WIDTH="153" HEIGHT="32" WC="0.91" CONTENT="ändrade"/><SP WIDTH="18" VPOS="255" HPOS="517"/>
							<String ID="string_7" HPOS="535" VPOS="254" WIDTH="359" HEIGHT="37" WC="0.91" CONTENT="beräkningsgrunder"/><SP WIDTH="18" VPOS="254" HPOS="894"/>
							<String ID="string_8" HPOS="912" VPOS="254" WIDTH="54" HEIGHT="30" WC="0.96" CONTENT="för"/><SP WIDTH="20" VPOS="254" HPOS="966"/>
							<String ID="string_9" HPOS="986" VPOS="254" WIDTH="111" HEIGHT="36" WC="0.96" CONTENT="dylikt"/><SP WIDTH="20" VPOS="254" HPOS="1097"/>
							<String ID="string_10" HPOS="1117" VPOS="253" WIDTH="125" HEIGHT="36" WC="0.96" CONTENT="tillägg."/><SP WIDTH="20" VPOS="253" HPOS="1242"/>
							<String ID="string_11" HPOS="1262" VPOS="253" WIDTH="125" HEIGHT="30" WC="0.96" CONTENT="Vidare"/><SP WIDTH="22" VPOS="253" HPOS="1387"/>
							<String ID="string_12" HPOS="1409" VPOS="252" WIDTH="144" HEIGHT="31" WC="0.96" CONTENT="föreslås"/><SP WIDTH="22" VPOS="252" HPOS="1553"/>
							<String ID="string_13" HPOS="1575" VPOS="251" WIDTH="219" HEIGHT="38" WC="0.96" CONTENT="upptagande"/>
						</TextLine>
						<TextLine ID="line_2" HPOS="290" VPOS="298" WIDTH="1503" HEIGHT="44">
							<String ID="string_14" HPOS="290" VPOS="307" WIDTH="12" HEIGHT="30" WC="0.93" CONTENT="i"/><SP WIDTH="21" VPOS="307" HPOS="302"/>
							<String ID="string_15" HPOS="323" VPOS="306" WIDTH="292" HEIGHT="36" WC="0.91" CONTENT="avlöningsstaten"/><SP WIDTH="19" VPOS="306" HPOS="615"/>
							<String ID="string_16" HPOS="634" VPOS="315" WIDTH="42" HEIGHT="21" WC="0.96" CONTENT="av"/><SP WIDTH="19" VPOS="315" HPOS="676"/>
							<String ID="string_17" HPOS="695" VPOS="315" WIDTH="41" HEIGHT="20" WC="0.96" CONTENT="en"/><SP WIDTH="22" VPOS="315" HPOS="736"/>
							<String ID="string_18" HPOS="758" VPOS="309" WIDTH="77" HEIGHT="33" WC="0.96" CONTENT="post"/><SP WIDTH="18" VPOS="309" HPOS="835"/>
							<String ID="string_19" HPOS="853" VPOS="304" WIDTH="51" HEIGHT="30" WC="0.93" CONTENT="till"/><SP WIDTH="19" VPOS="304" HPOS="904"/>
							<String ID="string_20" HPOS="923" VPOS="304" WIDTH="206" HEIGHT="36" WC="0.90" CONTENT="barntillägg"/><SP WIDTH="18" VPOS="304" HPOS="1129"/>
							<String ID="string_21" HPOS="1147" VPOS="303" WIDTH="20" HEIGHT="31" WC="0.92" CONTENT="å"/><SP WIDTH="23" VPOS="303" HPOS="1167"/>
							<String ID="string_22" HPOS="1190" VPOS="304" WIDTH="95" HEIGHT="30" WC="0.85" CONTENT="1000"/><SP WIDTH="19" VPOS="304" HPOS="1285"/>
							<String ID="string_23" HPOS="1304" VPOS="304" WIDTH="138" HEIGHT="29" WC="0.96" CONTENT="kronor."/><SP WIDTH="24" VPOS="304" HPOS="1442"/>
							<String ID="string_24" HPOS="1466" VPOS="298" WIDTH="127" HEIGHT="41" WC="0.92" CONTENT="Övriga"/><SP WIDTH="19" VPOS="298" HPOS="1593"/>
							<String ID="string_25" HPOS="1612" VPOS="303" WIDTH="181" HEIGHT="35" WC="0.90" CONTENT="delposter,"/>
						</TextLine>
						<TextLine ID="line_3" HPOS="291" VPOS="352" WIDTH="1502" HEIGHT="41">
							<String ID="string_26" HPOS="291" VPOS="357" WIDTH="79" HEIGHT="30" WC="0.95" CONTENT="med"/><SP WIDTH="20" VPOS="357" HPOS="370"/>
							<String ID="string_27" HPOS="390" VPOS="357" WIDTH="179" HEIGHT="36" WC="0.96" CONTENT="undantag"/><SP WIDTH="19" VPOS="357" HPOS="569"/>
							<String ID="string_28" HPOS="588" VPOS="366" WIDTH="41" HEIGHT="20" WC="0.79" CONTENT="av"/><SP WIDTH="22" VPOS="366" HPOS="629"/>
							<String ID="string_29" HPOS="651" VPOS="359" WIDTH="120" HEIGHT="33" WC="0.79" CONTENT="posten"/><SP WIDTH="20" VPOS="359" HPOS="771"/>
							<String ID="string_30" HPOS="791" VPOS="355" WIDTH="50" HEIGHT="30" WC="0.96" CONTENT="till"/><SP WIDTH="20" VPOS="355" HPOS="841"/>
							<String ID="string_31" HPOS="861" VPOS="354" WIDTH="161" HEIGHT="36" WC="0.96" CONTENT="arvoden,"/><SP WIDTH="25" VPOS="354" HPOS="1022"/>
							<String ID="string_32" HPOS="1047" VPOS="354" WIDTH="180" HEIGHT="30" WC="0.96" CONTENT="bestämda"/><SP WIDTH="24" VPOS="354" HPOS="1227"/>
							<String ID="string_33" HPOS="1251" VPOS="363" WIDTH="42" HEIGHT="21" WC="0.96" CONTENT="av"/><SP WIDTH="22" VPOS="363" HPOS="1293"/>
							<String ID="string_34" HPOS="1315" VPOS="354" WIDTH="122" HEIGHT="35" WC="0.96" CONTENT="Kungl."/><SP WIDTH="26" VPOS="354" HPOS="1437"/>
							<String ID="string_35" HPOS="1463" VPOS="352" WIDTH="110" HEIGHT="37" WC="0.96" CONTENT="Maj:t,"/><SP WIDTH="25" VPOS="352" HPOS="1573"/>
							<String ID="string_36" HPOS="1598" VPOS="353" WIDTH="90" HEIGHT="30" WC="0.92" CONTENT="hava"/><SP WIDTH="20" VPOS="353" HPOS="1688"/>
							<String ID="string_37" HPOS="1708" VPOS="352" WIDTH="85" HEIGHT="37" WC="0.92" CONTENT="jäm-"/>
						</TextLine>
						<TextLine ID="line_4" HPOS="292" VPOS="406" WIDTH="597" HEIGHT="38">
							<String ID="string_38" HPOS="292" VPOS="408" WIDTH="78" HEIGHT="30" WC="0.92" CONTENT="kats"/><SP WIDTH="16" VPOS="408" HPOS="370"/>
							<String ID="string_39" HPOS="386" VPOS="406" WIDTH="107" HEIGHT="38" WC="0.96" CONTENT="uppåt"/><SP WIDTH="17" VPOS="406" HPOS="493"/>
							<String ID="string_40" HPOS="510" VPOS="407" WIDTH="80" HEIGHT="30" WC="0.96" CONTENT="med"/><SP WIDTH="18" VPOS="407" HPOS="590"/>
							<String ID="string_41" HPOS="608" VPOS="407" WIDTH="129" HEIGHT="30" WC="0.96" CONTENT="smärre"/><SP WIDTH="18" VPOS="407" HPOS="737"/>
							<String ID="string_42" HPOS="755" VPOS="406" WIDTH="134" HEIGHT="36" WC="0.96" CONTENT="belopp."/>
						</TextLine>
					</TextBlock>
					<TextBlock ID="block_2" HPOS="288" VPOS="453" WIDTH="1507" HEIGHT="90">
						<TextLine ID="line_5" HPOS="335" VPOS="453" WIDTH="1460" HEIGHT="39">
							<String ID="string_43" HPOS="335" VPOS="457" WIDTH="300" HEIGHT="35" WC="0.91" CONTENT="Avlöningsstaten"/><SP WIDTH="21" VPOS="457" HPOS="635"/>
							<String ID="string_44" HPOS="656" VPOS="457" WIDTH="106" HEIGHT="29" WC="0.93" CONTENT="slutar"/><SP WIDTH="20" VPOS="457" HPOS="762"/>
							<String ID="string_45" HPOS="782" VPOS="455" WIDTH="19" HEIGHT="30" WC="0.90" CONTENT="å"/><SP WIDTH="20" VPOS="455" HPOS="801"/>
							<String ID="string_46" HPOS="821" VPOS="459" WIDTH="46" HEIGHT="27" WC="0.96" CONTENT="ett"/><SP WIDTH="18" VPOS="459" HPOS="867"/>
							<String ID="string_47" HPOS="885" VPOS="455" WIDTH="125" HEIGHT="36" WC="0.96" CONTENT="belopp"/><SP WIDTH="21" VPOS="455" HPOS="1010"/>
							<String ID="string_48" HPOS="1031" VPOS="465" WIDTH="41" HEIGHT="20" WC="0.96" CONTENT="av"/><SP WIDTH="24" VPOS="465" HPOS="1072"/>
							<String ID="string_49" HPOS="1096" VPOS="455" WIDTH="61" HEIGHT="30" WC="0.96" CONTENT="756"/><SP WIDTH="14" VPOS="455" HPOS="1157"/>
							<String ID="string_50" HPOS="1171" VPOS="455" WIDTH="63" HEIGHT="30" WC="0.96" CONTENT="900"/><SP WIDTH="22" VPOS="455" HPOS="1234"/>
							<String ID="string_51" HPOS="1256" VPOS="455" WIDTH="139" HEIGHT="34" WC="0.96" CONTENT="kronor,"/><SP WIDTH="22" VPOS="455" HPOS="1395"/>
							<String ID="string_52" HPOS="1417" VPOS="453" WIDTH="236" HEIGHT="31" WC="0.96" CONTENT="innebärande"/><SP WIDTH="20" VPOS="453" HPOS="1653"/>
							<String ID="string_53" HPOS="1673" VPOS="463" WIDTH="42" HEIGHT="20" WC="0.93" CONTENT="en"/><SP WIDTH="21" VPOS="463" HPOS="1715"/>
							<String ID="string_54" HPOS="1736" VPOS="454" WIDTH="59" HEIGHT="29" WC="0.93" CONTENT="ök-"/>
						</TextLine>
						<TextLine ID="line_6" HPOS="288" VPOS="507" WIDTH="502" HEIGHT="36">
							<String ID="string_55" HPOS="288" VPOS="508" WIDTH="84" HEIGHT="35" WC="0.96" CONTENT="ning"/><SP WIDTH="20" VPOS="508" HPOS="372"/>
							<String ID="string_56" HPOS="392" VPOS="508" WIDTH="77" HEIGHT="30" WC="0.96" CONTENT="med"/><SP WIDTH="23" VPOS="508" HPOS="469"/>
							<String ID="string_57" HPOS="492" VPOS="507" WIDTH="63" HEIGHT="29" WC="0.95" CONTENT="249"/><SP WIDTH="14" VPOS="507" HPOS="555"/>
							<String ID="string_58" HPOS="569" VPOS="508" WIDTH="65" HEIGHT="29" WC="0.96" CONTENT="000"/><SP WIDTH="19" VPOS="508" HPOS="634"/>
							<String ID="string_59" HPOS="653" VPOS="507" WIDTH="137" HEIGHT="29" WC="0.95" CONTENT="kronor."/>
						</TextLine>
					</TextBlock>
				</ComposedBlock>
				<ComposedBlock ID="cblock_2" HPOS="287" VPOS="604" WIDTH="1512" HEIGHT="190">
					<TextBlock ID="block_3" HPOS="287" VPOS="604" WIDTH="1512" HEIGHT="190">
						<TextLine ID="line_7" HPOS="332" VPOS="604" WIDTH="1465" HEIGHT="39">
							<String ID="string_60" HPOS="332" VPOS="607" WIDTH="361" HEIGHT="36" WC="0.92" CONTENT="Luftfartsstyrelsen:"/><SP WIDTH="33" VPOS="607" HPOS="693"/>
							<String ID="string_61" HPOS="726" VPOS="606" WIDTH="271" HEIGHT="30" WC="0.83" CONTENT="Omkostnader."/><SP WIDTH="34" VPOS="606" HPOS="997"/>
							<String ID="string_62" HPOS="1031" VPOS="606" WIDTH="121" HEIGHT="29" WC="0.91" CONTENT="Denna"/><SP WIDTH="36" VPOS="606" HPOS="1152"/>
							<String ID="string_63" HPOS="1188" VPOS="604" WIDTH="204" HEIGHT="37" WC="0.91" CONTENT="utgiftspost"/><SP WIDTH="31" VPOS="604" HPOS="1392"/>
							<String ID="string_64" HPOS="1423" VPOS="604" WIDTH="150" HEIGHT="31" WC="0.96" CONTENT="föreslås"/><SP WIDTH="34" VPOS="604" HPOS="1573"/>
							<String ID="string_65" HPOS="1607" VPOS="604" WIDTH="56" HEIGHT="30" WC="0.96" CONTENT="för"/><SP WIDTH="34" VPOS="604" HPOS="1663"/>
							<String ID="string_66" HPOS="1697" VPOS="605" WIDTH="100" HEIGHT="28" WC="0.96" CONTENT="nästa"/>
						</TextLine>
						<TextLine ID="line_8" HPOS="287" VPOS="654" WIDTH="1510" HEIGHT="40">
							<String ID="string_67" HPOS="287" VPOS="657" WIDTH="170" HEIGHT="37" WC="0.96" CONTENT="budgetår"/><SP WIDTH="21" VPOS="657" HPOS="457"/>
							<String ID="string_68" HPOS="478" VPOS="658" WIDTH="100" HEIGHT="30" WC="0.96" CONTENT="skola"/><SP WIDTH="22" VPOS="658" HPOS="578"/>
							<String ID="string_69" HPOS="600" VPOS="657" WIDTH="167" HEIGHT="36" WC="0.96" CONTENT="uppföras"/><SP WIDTH="24" VPOS="657" HPOS="767"/>
							<String ID="string_70" HPOS="791" VPOS="657" WIDTH="78" HEIGHT="30" WC="0.96" CONTENT="med"/><SP WIDTH="26" VPOS="657" HPOS="869"/>
							<String ID="string_71" HPOS="895" VPOS="657" WIDTH="38" HEIGHT="29" WC="0.92" CONTENT="77"/><SP WIDTH="16" VPOS="657" HPOS="933"/>
							<String ID="string_72" HPOS="949" VPOS="657" WIDTH="63" HEIGHT="29" WC="0.92" CONTENT="500"/><SP WIDTH="27" VPOS="657" HPOS="1012"/>
							<String ID="string_73" HPOS="1039" VPOS="657" WIDTH="128" HEIGHT="29" WC="0.96" CONTENT="kronor"/><SP WIDTH="24" VPOS="657" HPOS="1167"/>
							<String ID="string_74" HPOS="1191" VPOS="659" WIDTH="72" HEIGHT="27" WC="0.96" CONTENT="mot"/><SP WIDTH="24" VPOS="659" HPOS="1263"/>
							<String ID="string_75" HPOS="1287" VPOS="655" WIDTH="116" HEIGHT="31" WC="0.92" CONTENT="85000"/><SP WIDTH="27" VPOS="655" HPOS="1403"/>
							<String ID="string_76" HPOS="1430" VPOS="656" WIDTH="130" HEIGHT="29" WC="0.96" CONTENT="kronor"/><SP WIDTH="22" VPOS="656" HPOS="1560"/>
							<String ID="string_77" HPOS="1582" VPOS="655" WIDTH="55" HEIGHT="30" WC="0.91" CONTENT="för"/><SP WIDTH="23" VPOS="655" HPOS="1637"/>
							<String ID="string_78" HPOS="1660" VPOS="654" WIDTH="137" HEIGHT="30" WC="0.91" CONTENT="inneva-"/>
						</TextLine>
						<TextLine ID="line_9" HPOS="288" VPOS="704" WIDTH="1511" HEIGHT="40">
							<String ID="string_79" HPOS="288" VPOS="708" WIDTH="107" HEIGHT="29" WC="0.95" CONTENT="rande"/><SP WIDTH="24" VPOS="708" HPOS="395"/>
							<String ID="string_80" HPOS="419" VPOS="707" WIDTH="177" HEIGHT="37" WC="0.96" CONTENT="budgetår."/><SP WIDTH="30" VPOS="707" HPOS="596"/>
							<String ID="string_81" HPOS="626" VPOS="707" WIDTH="221" HEIGHT="36" WC="0.96" CONTENT="Sänkningen"/><SP WIDTH="22" VPOS="707" HPOS="847"/>
							<String ID="string_82" HPOS="869" VPOS="707" WIDTH="99" HEIGHT="30" WC="0.96" CONTENT="beror"/><SP WIDTH="26" VPOS="707" HPOS="968"/>
							<String ID="string_83" HPOS="994" VPOS="706" WIDTH="110" HEIGHT="36" WC="0.96" CONTENT="därpå"/><SP WIDTH="22" VPOS="706" HPOS="1104"/>
							<String ID="string_84" HPOS="1126" VPOS="710" WIDTH="47" HEIGHT="26" WC="0.96" CONTENT="att"/><SP WIDTH="24" VPOS="710" HPOS="1173"/>
							<String ID="string_85" HPOS="1197" VPOS="705" WIDTH="195" HEIGHT="37" WC="0.93" CONTENT="ytterligare"/><SP WIDTH="26" VPOS="705" HPOS="1392"/>
							<String ID="string_86" HPOS="1418" VPOS="704" WIDTH="381" HEIGHT="37" WC="0.91" CONTENT="engångsanskaffning"/>
						</TextLine>
						<TextLine ID="line_10" HPOS="289" VPOS="755" WIDTH="1231" HEIGHT="39">
							<String ID="string_87" HPOS="289" VPOS="767" WIDTH="42" HEIGHT="21" WC="0.96" CONTENT="av"/><SP WIDTH="20" VPOS="767" HPOS="331"/>
							<String ID="string_88" HPOS="351" VPOS="759" WIDTH="131" HEIGHT="29" WC="0.93" CONTENT="möbler"/><SP WIDTH="18" VPOS="759" HPOS="482"/>
							<String ID="string_89" HPOS="500" VPOS="768" WIDTH="45" HEIGHT="20" WC="0.89" CONTENT="m."/><SP WIDTH="23" VPOS="768" HPOS="545"/>
							<String ID="string_90" HPOS="568" VPOS="768" WIDTH="44" HEIGHT="20" WC="0.92" CONTENT="m."/><SP WIDTH="21" VPOS="768" HPOS="612"/>
							<String ID="string_91" HPOS="633" VPOS="757" WIDTH="74" HEIGHT="31" WC="0.96" CONTENT="icke"/><SP WIDTH="19" VPOS="757" HPOS="707"/>
							<String ID="string_92" HPOS="726" VPOS="760" WIDTH="127" HEIGHT="27" WC="0.96" CONTENT="ansetts"/><SP WIDTH="19" VPOS="760" HPOS="853"/>
							<String ID="string_93" HPOS="872" VPOS="756" WIDTH="203" HEIGHT="38" WC="0.96" CONTENT="erforderlig"/><SP WIDTH="18" VPOS="756" HPOS="1075"/>
							<String ID="string_94" HPOS="1093" VPOS="758" WIDTH="108" HEIGHT="29" WC="0.96" CONTENT="under"/><SP WIDTH="22" VPOS="758" HPOS="1201"/>
							<String ID="string_95" HPOS="1223" VPOS="758" WIDTH="99" HEIGHT="28" WC="0.96" CONTENT="nästa"/><SP WIDTH="21" VPOS="758" HPOS="1322"/>
							<String ID="string_96" HPOS="1343" VPOS="755" WIDTH="177" HEIGHT="38" WC="0.96" CONTENT="budgetår."/>
						</TextLine>
					</TextBlock>
				</ComposedBlock>
				<ComposedBlock ID="cblock_3" HPOS="289" VPOS="856" WIDTH="1518" HEIGHT="1654">
					<TextBlock ID="block_4" HPOS="289" VPOS="856" WIDTH="1509" HEIGHT="89">
						<TextLine ID="line_11" HPOS="331" VPOS="856" WIDTH="1467" HEIGHT="38">
							<String ID="string_97" HPOS="331" VPOS="857" WIDTH="481" HEIGHT="37" WC="0.91" CONTENT="Flygplatsorganisationen:"/><SP WIDTH="27" VPOS="857" HPOS="812"/>
							<String ID="string_98" HPOS="839" VPOS="857" WIDTH="224" HEIGHT="36" WC="0.89" CONTENT="Avlöningar."/><SP WIDTH="25" VPOS="857" HPOS="1063"/>
							<String ID="string_99" HPOS="1088" VPOS="857" WIDTH="122" HEIGHT="30" WC="0.96" CONTENT="Denna"/><SP WIDTH="25" VPOS="857" HPOS="1210"/>
							<String ID="string_100" HPOS="1235" VPOS="860" WIDTH="79" HEIGHT="33" WC="0.96" CONTENT="post"/><SP WIDTH="25" VPOS="860" HPOS="1314"/>
							<String ID="string_101" HPOS="1339" VPOS="857" WIDTH="39" HEIGHT="29" WC="0.95" CONTENT="är"/><SP WIDTH="23" VPOS="857" HPOS="1378"/>
							<String ID="string_102" HPOS="1401" VPOS="857" WIDTH="10" HEIGHT="29" WC="0.96" CONTENT="i"/><SP WIDTH="24" VPOS="857" HPOS="1411"/>
							<String ID="string_103" HPOS="1435" VPOS="859" WIDTH="114" HEIGHT="27" WC="0.96" CONTENT="staten"/><SP WIDTH="28" VPOS="859" HPOS="1549"/>
							<String ID="string_104" HPOS="1577" VPOS="856" WIDTH="56" HEIGHT="29" WC="0.93" CONTENT="för"/><SP WIDTH="25" VPOS="856" HPOS="1633"/>
							<String ID="string_105" HPOS="1658" VPOS="856" WIDTH="140" HEIGHT="29" WC="0.91" CONTENT="inneva-"/>
						</TextLine>
						<TextLine ID="line_12" HPOS="289" VPOS="908" WIDTH="1168" HEIGHT="37">
							<String ID="string_106" HPOS="289" VPOS="910" WIDTH="106" HEIGHT="29" WC="0.96" CONTENT="rande"/><SP WIDTH="18" VPOS="910" HPOS="395"/>
							<String ID="string_107" HPOS="413" VPOS="909" WIDTH="167" HEIGHT="36" WC="0.95" CONTENT="budgetår"/><SP WIDTH="20" VPOS="909" HPOS="580"/>
							<String ID="string_108" HPOS="600" VPOS="912" WIDTH="171" HEIGHT="33" WC="0.96" CONTENT="upptagen"/><SP WIDTH="18" VPOS="912" HPOS="771"/>
							<String ID="string_109" HPOS="789" VPOS="910" WIDTH="79" HEIGHT="30" WC="0.96" CONTENT="med"/><SP WIDTH="20" VPOS="910" HPOS="868"/>
							<String ID="string_110" HPOS="888" VPOS="912" WIDTH="46" HEIGHT="26" WC="0.96" CONTENT="ett"/><SP WIDTH="18" VPOS="912" HPOS="934"/>
							<String ID="string_111" HPOS="952" VPOS="909" WIDTH="125" HEIGHT="35" WC="0.96" CONTENT="belopp"/><SP WIDTH="22" VPOS="909" HPOS="1077"/>
							<String ID="string_112" HPOS="1099" VPOS="918" WIDTH="42" HEIGHT="20" WC="0.96" CONTENT="av"/><SP WIDTH="19" VPOS="918" HPOS="1141"/>
							<String ID="string_113" HPOS="1160" VPOS="908" WIDTH="63" HEIGHT="30" WC="0.95" CONTENT="535"/><SP WIDTH="14" VPOS="908" HPOS="1223"/>
							<String ID="string_114" HPOS="1237" VPOS="908" WIDTH="63" HEIGHT="31" WC="0.96" CONTENT="900"/><SP WIDTH="20" VPOS="908" HPOS="1300"/>
							<String ID="string_115" HPOS="1320" VPOS="908" WIDTH="137" HEIGHT="29" WC="0.96" CONTENT="kronor."/>
						</TextLine>
					</TextBlock>
					<TextBlock ID="block_5" HPOS="292" VPOS="955" WIDTH="1506" HEIGHT="142">
						<TextLine ID="line_13" HPOS="337" VPOS="955" WIDTH="1461" HEIGHT="41">
							<String ID="string_116" HPOS="337" VPOS="960" WIDTH="68" HEIGHT="31" WC="0.96" CONTENT="För"/><SP WIDTH="27" VPOS="960" HPOS="405"/>
							<String ID="string_117" HPOS="432" VPOS="964" WIDTH="122" HEIGHT="32" WC="0.96" CONTENT="posten"/><SP WIDTH="30" VPOS="964" HPOS="554"/>
							<String ID="string_118" HPOS="584" VPOS="961" WIDTH="49" HEIGHT="29" WC="0.93" CONTENT="till"/><SP WIDTH="38" VPOS="961" HPOS="633"/>
							<String ID="string_119" HPOS="671" VPOS="960" WIDTH="282" HEIGHT="35" WC="0.92" CONTENT="avlöningar"/><SP WIDTH="41" VPOS="960" HPOS="953"/>
							<String ID="string_120" HPOS="994" VPOS="960" WIDTH="76" HEIGHT="29" WC="0.95" CONTENT="till"/><SP WIDTH="40" VPOS="960" HPOS="1070"/>
							<String ID="string_121" HPOS="1110" VPOS="959" WIDTH="245" HEIGHT="29" WC="0.96" CONTENT="ordinarie"/><SP WIDTH="38" VPOS="959" HPOS="1355"/>
							<String ID="string_122" HPOS="1393" VPOS="957" WIDTH="223" HEIGHT="36" WC="0.95" CONTENT="personal"/><SP WIDTH="38" VPOS="957" HPOS="1616"/>
							<String ID="string_123" HPOS="1654" VPOS="955" WIDTH="144" HEIGHT="31" WC="0.96" CONTENT="föreslås"/>
						</TextLine>
						<TextLine ID="line_14" HPOS="292" VPOS="1007" WIDTH="1505" HEIGHT="40">
							<String ID="string_124" HPOS="292" VPOS="1011" WIDTH="102" HEIGHT="36" WC="0.96" CONTENT="ingen"/><SP WIDTH="23" VPOS="1011" HPOS="394"/>
							<String ID="string_125" HPOS="417" VPOS="1020" WIDTH="117" HEIGHT="21" WC="0.96" CONTENT="annan"/><SP WIDTH="23" VPOS="1020" HPOS="534"/>
							<String ID="string_126" HPOS="557" VPOS="1011" WIDTH="147" HEIGHT="36" WC="0.96" CONTENT="ändring"/><SP WIDTH="23" VPOS="1011" HPOS="704"/>
							<String ID="string_127" HPOS="727" VPOS="1012" WIDTH="45" HEIGHT="28" WC="0.96" CONTENT="än"/><SP WIDTH="25" VPOS="1012" HPOS="772"/>
							<String ID="string_128" HPOS="797" VPOS="1014" WIDTH="49" HEIGHT="26" WC="0.96" CONTENT="att"/><SP WIDTH="25" VPOS="1014" HPOS="846"/>
							<String ID="string_129" HPOS="871" VPOS="1011" WIDTH="205" HEIGHT="29" WC="0.96" CONTENT="densamma"/><SP WIDTH="23" VPOS="1011" HPOS="1076"/>
							<String ID="string_130" HPOS="1099" VPOS="1009" WIDTH="201" HEIGHT="36" WC="0.96" CONTENT="uppräknas"/><SP WIDTH="24" VPOS="1009" HPOS="1300"/>
							<String ID="string_131" HPOS="1324" VPOS="1008" WIDTH="80" HEIGHT="30" WC="0.96" CONTENT="med"/><SP WIDTH="26" VPOS="1008" HPOS="1404"/>
							<String ID="string_132" HPOS="1430" VPOS="1009" WIDTH="18" HEIGHT="28" WC="0.72" CONTENT="2"/><SP WIDTH="15" VPOS="1009" HPOS="1448"/>
							<String ID="string_133" HPOS="1463" VPOS="1008" WIDTH="63" HEIGHT="30" WC="0.72" CONTENT="300"/><SP WIDTH="25" VPOS="1008" HPOS="1526"/>
							<String ID="string_134" HPOS="1551" VPOS="1008" WIDTH="130" HEIGHT="29" WC="0.96" CONTENT="kronor"/><SP WIDTH="24" VPOS="1008" HPOS="1681"/>
							<String ID="string_135" HPOS="1705" VPOS="1007" WIDTH="10" HEIGHT="28" WC="0.93" CONTENT="i"/><SP WIDTH="24" VPOS="1007" HPOS="1715"/>
							<String ID="string_136" HPOS="1739" VPOS="1015" WIDTH="58" HEIGHT="21" WC="0.92" CONTENT="an-"/>
						</TextLine>
						<TextLine ID="line_15" HPOS="292" VPOS="1060" WIDTH="790" HEIGHT="37">
							<String ID="string_137" HPOS="292" VPOS="1062" WIDTH="139" HEIGHT="35" WC="0.96" CONTENT="ledning"/><SP WIDTH="17" VPOS="1062" HPOS="431"/>
							<String ID="string_138" HPOS="448" VPOS="1071" WIDTH="43" HEIGHT="21" WC="0.96" CONTENT="av"/><SP WIDTH="18" VPOS="1071" HPOS="491"/>
							<String ID="string_139" HPOS="509" VPOS="1061" WIDTH="92" HEIGHT="31" WC="0.93" CONTENT="vissa"/><SP WIDTH="20" VPOS="1061" HPOS="601"/>
							<String ID="string_140" HPOS="621" VPOS="1060" WIDTH="461" HEIGHT="36" WC="0.91" CONTENT="löneklassuppflyttningar."/>
						</TextLine>
					</TextBlock>
					<TextBlock ID="block_6" HPOS="290" VPOS="1107" WIDTH="1515" HEIGHT="1001">
						<TextLine ID="line_16" HPOS="337" VPOS="1107" WIDTH="1463" HEIGHT="40">
							<String ID="string_141" HPOS="337" VPOS="1112" WIDTH="49" HEIGHT="30" WC="0.96" CONTENT="Av"/><SP WIDTH="20" VPOS="1112" HPOS="386"/>
							<String ID="string_142" HPOS="406" VPOS="1114" WIDTH="55" HEIGHT="29" WC="0.95" CONTENT="det"/><SP WIDTH="19" VPOS="1114" HPOS="461"/>
							<String ID="string_143" HPOS="480" VPOS="1112" WIDTH="9" HEIGHT="29" WC="0.93" CONTENT="i"/><SP WIDTH="19" VPOS="1112" HPOS="489"/>
							<String ID="string_144" HPOS="508" VPOS="1112" WIDTH="294" HEIGHT="35" WC="0.92" CONTENT="avlöningsstaten"/><SP WIDTH="17" VPOS="1112" HPOS="802"/>
							<String ID="string_145" HPOS="819" VPOS="1111" WIDTH="55" HEIGHT="29" WC="0.96" CONTENT="för"/><SP WIDTH="19" VPOS="1111" HPOS="874"/>
							<String ID="string_146" HPOS="893" VPOS="1111" WIDTH="235" HEIGHT="30" WC="0.96" CONTENT="innevarande"/><SP WIDTH="19" VPOS="1111" HPOS="1128"/>
							<String ID="string_147" HPOS="1147" VPOS="1108" WIDTH="168" HEIGHT="37" WC="0.95" CONTENT="budgetår"/><SP WIDTH="18" VPOS="1108" HPOS="1315"/>
							<String ID="string_148" HPOS="1333" VPOS="1109" WIDTH="50" HEIGHT="30" WC="0.92" CONTENT="till"/><SP WIDTH="27" VPOS="1109" HPOS="1383"/>
							<String ID="string_149" HPOS="1410" VPOS="1108" WIDTH="284" HEIGHT="35" WC="0.91" CONTENT="avlöningar"/><SP WIDTH="26" VPOS="1108" HPOS="1694"/>
							<String ID="string_150" HPOS="1720" VPOS="1107" WIDTH="80" HEIGHT="30" WC="0.96" CONTENT="till"/>
						</TextLine>
						<TextLine ID="line_17" HPOS="292" VPOS="1158" WIDTH="1507" HEIGHT="39">
							<String ID="string_151" HPOS="292" VPOS="1162" WIDTH="382" HEIGHT="30" WC="0.91" CONTENT="icke-ordinarie"/><SP WIDTH="35" VPOS="1162" HPOS="674"/>
							<String ID="string_152" HPOS="709" VPOS="1162" WIDTH="223" HEIGHT="35" WC="0.96" CONTENT="personal"/><SP WIDTH="38" VPOS="1162" HPOS="932"/>
							<String ID="string_153" HPOS="970" VPOS="1161" WIDTH="152" HEIGHT="30" WC="0.96" CONTENT="avsedda"/><SP WIDTH="27" VPOS="1161" HPOS="1122"/>
							<String ID="string_154" HPOS="1149" VPOS="1161" WIDTH="160" HEIGHT="34" WC="0.93" CONTENT="beloppet"/><SP WIDTH="26" VPOS="1161" HPOS="1309"/>
							<String ID="string_155" HPOS="1335" VPOS="1158" WIDTH="21" HEIGHT="30" WC="0.92" CONTENT="å"/><SP WIDTH="31" VPOS="1158" HPOS="1356"/>
							<String ID="string_156" HPOS="1387" VPOS="1160" WIDTH="63" HEIGHT="29" WC="0.96" CONTENT="370"/><SP WIDTH="15" VPOS="1160" HPOS="1450"/>
							<String ID="string_157" HPOS="1465" VPOS="1159" WIDTH="64" HEIGHT="29" WC="0.95" CONTENT="000"/><SP WIDTH="30" VPOS="1159" HPOS="1529"/>
							<String ID="string_158" HPOS="1559" VPOS="1159" WIDTH="130" HEIGHT="29" WC="0.95" CONTENT="kronor"/><SP WIDTH="30" VPOS="1159" HPOS="1689"/>
							<String ID="string_159" HPOS="1719" VPOS="1166" WIDTH="80" HEIGHT="21" WC="0.95" CONTENT="avse"/>
						</TextLine>
						<TextLine ID="line_18" HPOS="294" VPOS="1207" WIDTH="1504" HEIGHT="38">
							<String ID="string_160" HPOS="294" VPOS="1214" WIDTH="63" HEIGHT="29" WC="0.96" CONTENT="295"/><SP WIDTH="13" VPOS="1214" HPOS="357"/>
							<String ID="string_161" HPOS="370" VPOS="1214" WIDTH="63" HEIGHT="29" WC="0.96" CONTENT="000"/><SP WIDTH="11" VPOS="1214" HPOS="433"/>
							<String ID="string_162" HPOS="444" VPOS="1214" WIDTH="130" HEIGHT="29" WC="0.96" CONTENT="kronor"/><SP WIDTH="11" VPOS="1214" HPOS="574"/>
							<String ID="string_163" HPOS="585" VPOS="1214" WIDTH="95" HEIGHT="28" WC="0.95" CONTENT="löner"/><SP WIDTH="12" VPOS="1214" HPOS="680"/>
							<String ID="string_164" HPOS="692" VPOS="1212" WIDTH="48" HEIGHT="30" WC="0.96" CONTENT="till"/><SP WIDTH="12" VPOS="1212" HPOS="740"/>
							<String ID="string_165" HPOS="752" VPOS="1215" WIDTH="95" HEIGHT="26" WC="0.96" CONTENT="extra"/><SP WIDTH="11" VPOS="1215" HPOS="847"/>
							<String ID="string_166" HPOS="858" VPOS="1211" WIDTH="173" HEIGHT="30" WC="0.93" CONTENT="ordinarie"/><SP WIDTH="11" VPOS="1211" HPOS="1031"/>
							<String ID="string_167" HPOS="1042" VPOS="1210" WIDTH="343" HEIGHT="35" WC="0.91" CONTENT="befattningshavare"/><SP WIDTH="12" VPOS="1210" HPOS="1385"/>
							<String ID="string_168" HPOS="1397" VPOS="1212" WIDTH="90" HEIGHT="27" WC="0.95" CONTENT="samt"/><SP WIDTH="11" VPOS="1212" HPOS="1487"/>
							<String ID="string_169" HPOS="1498" VPOS="1208" WIDTH="196" HEIGHT="30" WC="0.91" CONTENT="återstoden"/><SP WIDTH="11" VPOS="1208" HPOS="1694"/>
							<String ID="string_170" HPOS="1705" VPOS="1207" WIDTH="93" HEIGHT="30" WC="0.91" CONTENT="vika-"/>
						</TextLine>
						<TextLine ID="line_19" HPOS="292" VPOS="1257" WIDTH="1508" HEIGHT="40">
							<String ID="string_171" HPOS="292" VPOS="1264" WIDTH="97" HEIGHT="30" WC="0.92" CONTENT="riats-"/><SP WIDTH="18" VPOS="1264" HPOS="389"/>
							<String ID="string_172" HPOS="407" VPOS="1264" WIDTH="66" HEIGHT="30" WC="0.93" CONTENT="och"/><SP WIDTH="20" VPOS="1264" HPOS="473"/>
							<String ID="string_173" HPOS="493" VPOS="1262" WIDTH="380" HEIGHT="35" WC="0.91" CONTENT="övertidsersättningar"/><SP WIDTH="20" VPOS="1262" HPOS="873"/>
							<String ID="string_174" HPOS="893" VPOS="1272" WIDTH="44" HEIGHT="19" WC="0.92" CONTENT="m."/><SP WIDTH="19" VPOS="1272" HPOS="937"/>
							<String ID="string_175" HPOS="956" VPOS="1271" WIDTH="45" HEIGHT="20" WC="0.93" CONTENT="m."/><SP WIDTH="20" VPOS="1271" HPOS="1001"/>
							<String ID="string_176" HPOS="1021" VPOS="1261" WIDTH="126" HEIGHT="30" WC="0.96" CONTENT="Posten"/><SP WIDTH="20" VPOS="1261" HPOS="1147"/>
							<String ID="string_177" HPOS="1167" VPOS="1259" WIDTH="143" HEIGHT="31" WC="0.95" CONTENT="föreslås"/><SP WIDTH="20" VPOS="1259" HPOS="1310"/>
							<String ID="string_178" HPOS="1330" VPOS="1259" WIDTH="55" HEIGHT="30" WC="0.96" CONTENT="för"/><SP WIDTH="19" VPOS="1259" HPOS="1385"/>
							<String ID="string_179" HPOS="1404" VPOS="1260" WIDTH="100" HEIGHT="29" WC="0.96" CONTENT="nästa"/><SP WIDTH="19" VPOS="1260" HPOS="1504"/>
							<String ID="string_180" HPOS="1523" VPOS="1257" WIDTH="167" HEIGHT="37" WC="0.96" CONTENT="budgetår"/><SP WIDTH="19" VPOS="1257" HPOS="1690"/>
							<String ID="string_181" HPOS="1709" VPOS="1257" WIDTH="91" HEIGHT="30" WC="0.96" CONTENT="ökad"/>
						</TextLine>
						<TextLine ID="line_20" HPOS="291" VPOS="1308" WIDTH="1509" HEIGHT="41">
							<String ID="string_182" HPOS="291" VPOS="1315" WIDTH="80" HEIGHT="30" WC="0.96" CONTENT="med"/><SP WIDTH="18" VPOS="1315" HPOS="371"/>
							<String ID="string_183" HPOS="389" VPOS="1316" WIDTH="19" HEIGHT="29" WC="0.96" CONTENT="3"/><SP WIDTH="15" VPOS="1316" HPOS="408"/>
							<String ID="string_184" HPOS="423" VPOS="1315" WIDTH="61" HEIGHT="30" WC="0.96" CONTENT="200"/><SP WIDTH="19" VPOS="1315" HPOS="484"/>
							<String ID="string_185" HPOS="503" VPOS="1315" WIDTH="131" HEIGHT="29" WC="0.95" CONTENT="kronor"/><SP WIDTH="17" VPOS="1315" HPOS="634"/>
							<String ID="string_186" HPOS="651" VPOS="1314" WIDTH="49" HEIGHT="29" WC="0.95" CONTENT="till"/><SP WIDTH="16" VPOS="1314" HPOS="700"/>
							<String ID="string_187" HPOS="716" VPOS="1313" WIDTH="89" HEIGHT="36" WC="0.96" CONTENT="följd"/><SP WIDTH="16" VPOS="1313" HPOS="805"/>
							<String ID="string_188" HPOS="821" VPOS="1322" WIDTH="42" HEIGHT="20" WC="0.93" CONTENT="av"/><SP WIDTH="17" VPOS="1322" HPOS="863"/>
							<String ID="string_189" HPOS="880" VPOS="1311" WIDTH="463" HEIGHT="36" WC="0.90" CONTENT="löneklassuppflyttningar,"/><SP WIDTH="18" VPOS="1311" HPOS="1343"/>
							<String ID="string_190" HPOS="1361" VPOS="1312" WIDTH="79" HEIGHT="29" WC="0.96" CONTENT="med"/><SP WIDTH="20" VPOS="1312" HPOS="1440"/>
							<String ID="string_191" HPOS="1460" VPOS="1310" WIDTH="37" HEIGHT="29" WC="0.94" CONTENT="11"/><SP WIDTH="19" VPOS="1310" HPOS="1497"/>
							<String ID="string_192" HPOS="1516" VPOS="1310" WIDTH="61" HEIGHT="29" WC="0.94" CONTENT="100"/><SP WIDTH="19" VPOS="1310" HPOS="1577"/>
							<String ID="string_193" HPOS="1596" VPOS="1310" WIDTH="130" HEIGHT="28" WC="0.96" CONTENT="kronor"/><SP WIDTH="18" VPOS="1310" HPOS="1726"/>
							<String ID="string_194" HPOS="1744" VPOS="1308" WIDTH="56" HEIGHT="30" WC="0.96" CONTENT="för"/>
						</TextLine>
						<TextLine ID="line_21" HPOS="292" VPOS="1359" WIDTH="1507" HEIGHT="40">
							<String ID="string_195" HPOS="292" VPOS="1366" WIDTH="220" HEIGHT="30" WC="0.96" CONTENT="bestridande"/><SP WIDTH="27" VPOS="1366" HPOS="512"/>
							<String ID="string_196" HPOS="539" VPOS="1374" WIDTH="43" HEIGHT="20" WC="0.93" CONTENT="av"/><SP WIDTH="28" VPOS="1374" HPOS="582"/>
							<String ID="string_197" HPOS="610" VPOS="1362" WIDTH="414" HEIGHT="37" WC="0.91" CONTENT="avlöningskostnaderna"/><SP WIDTH="30" VPOS="1362" HPOS="1024"/>
							<String ID="string_198" HPOS="1054" VPOS="1362" WIDTH="55" HEIGHT="31" WC="0.96" CONTENT="för"/><SP WIDTH="30" VPOS="1362" HPOS="1109"/>
							<String ID="string_199" HPOS="1139" VPOS="1362" WIDTH="19" HEIGHT="29" WC="0.96" CONTENT="4"/><SP WIDTH="30" VPOS="1362" HPOS="1158"/>
							<String ID="string_200" HPOS="1188" VPOS="1370" WIDTH="69" HEIGHT="26" WC="0.93" CONTENT="nya"/><SP WIDTH="30" VPOS="1370" HPOS="1257"/>
							<String ID="string_201" HPOS="1287" VPOS="1360" WIDTH="287" HEIGHT="36" WC="0.90" CONTENT="flygplatsvakter"/><SP WIDTH="29" VPOS="1360" HPOS="1574"/>
							<String ID="string_202" HPOS="1603" VPOS="1362" WIDTH="90" HEIGHT="27" WC="0.96" CONTENT="samt"/><SP WIDTH="27" VPOS="1362" HPOS="1693"/>
							<String ID="string_203" HPOS="1720" VPOS="1359" WIDTH="79" HEIGHT="30" WC="0.96" CONTENT="med"/>
						</TextLine>
						<TextLine ID="line_22" HPOS="294" VPOS="1409" WIDTH="1507" HEIGHT="40">
							<String ID="string_204" HPOS="294" VPOS="1417" WIDTH="19" HEIGHT="28" WC="0.96" CONTENT="4"/><SP WIDTH="15" VPOS="1417" HPOS="313"/>
							<String ID="string_205" HPOS="328" VPOS="1416" WIDTH="62" HEIGHT="30" WC="0.96" CONTENT="000"/><SP WIDTH="20" VPOS="1416" HPOS="390"/>
							<String ID="string_206" HPOS="410" VPOS="1417" WIDTH="130" HEIGHT="29" WC="0.95" CONTENT="kronor"/><SP WIDTH="18" VPOS="1417" HPOS="540"/>
							<String ID="string_207" HPOS="558" VPOS="1415" WIDTH="50" HEIGHT="30" WC="0.93" CONTENT="till"/><SP WIDTH="17" VPOS="1415" HPOS="608"/>
							<String ID="string_208" HPOS="625" VPOS="1414" WIDTH="161" HEIGHT="35" WC="0.91" CONTENT="avlöning"/><SP WIDTH="17" VPOS="1414" HPOS="786"/>
							<String ID="string_209" HPOS="803" VPOS="1412" WIDTH="35" HEIGHT="31" WC="0.96" CONTENT="åt"/><SP WIDTH="18" VPOS="1412" HPOS="838"/>
							<String ID="string_210" HPOS="856" VPOS="1412" WIDTH="211" HEIGHT="32" WC="0.96" CONTENT="telefonister"/><SP WIDTH="18" VPOS="1412" HPOS="1067"/>
							<String ID="string_211" HPOS="1085" VPOS="1413" WIDTH="57" HEIGHT="30" WC="0.96" CONTENT="vid"/><SP WIDTH="17" VPOS="1413" HPOS="1142"/>
							<String ID="string_212" HPOS="1159" VPOS="1411" WIDTH="258" HEIGHT="36" WC="0.95" CONTENT="flygplatserna."/><SP WIDTH="19" VPOS="1411" HPOS="1417"/>
							<String ID="string_213" HPOS="1436" VPOS="1410" WIDTH="126" HEIGHT="30" WC="0.95" CONTENT="Vidare"/><SP WIDTH="18" VPOS="1410" HPOS="1562"/>
							<String ID="string_214" HPOS="1580" VPOS="1409" WIDTH="153" HEIGHT="35" WC="0.96" CONTENT="föreslås,"/><SP WIDTH="20" VPOS="1409" HPOS="1733"/>
							<String ID="string_215" HPOS="1753" VPOS="1412" WIDTH="48" HEIGHT="27" WC="0.96" CONTENT="att"/>
						</TextLine>
						<TextLine ID="line_23" HPOS="293" VPOS="1460" WIDTH="1506" HEIGHT="40">
							<String ID="string_216" HPOS="293" VPOS="1477" WIDTH="41" HEIGHT="20" WC="0.96" CONTENT="en"/><SP WIDTH="17" VPOS="1477" HPOS="334"/>
							<String ID="string_217" HPOS="351" VPOS="1467" WIDTH="79" HEIGHT="30" WC="0.95" CONTENT="med"/><SP WIDTH="19" VPOS="1467" HPOS="430"/>
							<String ID="string_218" HPOS="449" VPOS="1467" WIDTH="76" HEIGHT="29" WC="0.96" CONTENT="stöd"/><SP WIDTH="19" VPOS="1467" HPOS="525"/>
							<String ID="string_219" HPOS="544" VPOS="1476" WIDTH="43" HEIGHT="20" WC="0.96" CONTENT="av"/><SP WIDTH="18" VPOS="1476" HPOS="587"/>
							<String ID="string_220" HPOS="605" VPOS="1465" WIDTH="120" HEIGHT="35" WC="0.19" CONTENT="Kungl."/><SP WIDTH="18" VPOS="1465" HPOS="725"/>
							<String ID="string_221" HPOS="743" VPOS="1464" WIDTH="119" HEIGHT="35" WC="0.96" CONTENT="Maj:ts"/><SP WIDTH="19" VPOS="1464" HPOS="862"/>
							<String ID="string_222" HPOS="881" VPOS="1464" WIDTH="66" HEIGHT="29" WC="0.96" CONTENT="den"/><SP WIDTH="19" VPOS="1464" HPOS="947"/>
							<String ID="string_223" HPOS="966" VPOS="1464" WIDTH="37" HEIGHT="28" WC="0.96" CONTENT="21"/><SP WIDTH="22" VPOS="1464" HPOS="1003"/>
							<String ID="string_224" HPOS="1025" VPOS="1463" WIDTH="181" HEIGHT="29" WC="0.96" CONTENT="december"/><SP WIDTH="21" VPOS="1463" HPOS="1206"/>
							<String ID="string_225" HPOS="1227" VPOS="1462" WIDTH="82" HEIGHT="29" WC="0.95" CONTENT="1945"/><SP WIDTH="18" VPOS="1462" HPOS="1309"/>
							<String ID="string_226" HPOS="1327" VPOS="1461" WIDTH="162" HEIGHT="30" WC="0.96" CONTENT="lämnade"/><SP WIDTH="17" VPOS="1461" HPOS="1489"/>
							<String ID="string_227" HPOS="1506" VPOS="1460" WIDTH="227" HEIGHT="36" WC="0.93" CONTENT="medgivande"/><SP WIDTH="17" VPOS="1460" HPOS="1733"/>
							<String ID="string_228" HPOS="1750" VPOS="1460" WIDTH="49" HEIGHT="29" WC="0.91" CONTENT="in-"/>
						</TextLine>
						<TextLine ID="line_24" HPOS="291" VPOS="1510" WIDTH="1512" HEIGHT="41">
							<String ID="string_229" HPOS="291" VPOS="1518" WIDTH="113" HEIGHT="29" WC="0.93" CONTENT="rättad"/><SP WIDTH="21" VPOS="1518" HPOS="404"/>
							<String ID="string_230" HPOS="425" VPOS="1515" WIDTH="265" HEIGHT="36" WC="0.91" CONTENT="montörstjänst"/><SP WIDTH="22" VPOS="1515" HPOS="690"/>
							<String ID="string_231" HPOS="712" VPOS="1515" WIDTH="79" HEIGHT="29" WC="0.96" CONTENT="med"/><SP WIDTH="24" VPOS="1515" HPOS="791"/>
							<String ID="string_232" HPOS="815" VPOS="1514" WIDTH="125" HEIGHT="30" WC="0.96" CONTENT="arvode"/><SP WIDTH="23" VPOS="1514" HPOS="940"/>
							<String ID="string_233" HPOS="963" VPOS="1512" WIDTH="243" HEIGHT="30" WC="0.96" CONTENT="motsvarande"/><SP WIDTH="25" VPOS="1512" HPOS="1206"/>
							<String ID="string_234" HPOS="1231" VPOS="1512" WIDTH="36" HEIGHT="29" WC="0.93" CONTENT="11"/><SP WIDTH="24" VPOS="1512" HPOS="1267"/>
							<String ID="string_235" HPOS="1291" VPOS="1511" WIDTH="217" HEIGHT="31" WC="0.92" CONTENT="löneklassen"/><SP WIDTH="26" VPOS="1511" HPOS="1508"/>
							<String ID="string_236" HPOS="1534" VPOS="1510" WIDTH="79" HEIGHT="31" WC="0.95" CONTENT="från"/><SP WIDTH="23" VPOS="1510" HPOS="1613"/>
							<String ID="string_237" HPOS="1636" VPOS="1511" WIDTH="64" HEIGHT="29" WC="0.96" CONTENT="och"/><SP WIDTH="23" VPOS="1511" HPOS="1700"/>
							<String ID="string_238" HPOS="1723" VPOS="1510" WIDTH="80" HEIGHT="29" WC="0.96" CONTENT="med"/>
						</TextLine>
						<TextLine ID="line_25" HPOS="290" VPOS="1560" WIDTH="1514" HEIGHT="42">
							<String ID="string_239" HPOS="290" VPOS="1569" WIDTH="98" HEIGHT="28" WC="0.96" CONTENT="nästa"/><SP WIDTH="25" VPOS="1569" HPOS="388"/>
							<String ID="string_240" HPOS="413" VPOS="1566" WIDTH="168" HEIGHT="36" WC="0.95" CONTENT="budgetår"/><SP WIDTH="22" VPOS="1566" HPOS="581"/>
							<String ID="string_241" HPOS="603" VPOS="1567" WIDTH="139" HEIGHT="29" WC="0.96" CONTENT="ersättes"/><SP WIDTH="24" VPOS="1567" HPOS="742"/>
							<String ID="string_242" HPOS="766" VPOS="1565" WIDTH="79" HEIGHT="29" WC="0.96" CONTENT="med"/><SP WIDTH="23" VPOS="1565" HPOS="845"/>
							<String ID="string_243" HPOS="868" VPOS="1573" WIDTH="41" HEIGHT="20" WC="0.96" CONTENT="en"/><SP WIDTH="22" VPOS="1573" HPOS="909"/>
							<String ID="string_244" HPOS="931" VPOS="1564" WIDTH="107" HEIGHT="36" WC="0.96" CONTENT="tjänst"/><SP WIDTH="26" VPOS="1564" HPOS="1038"/>
							<String ID="string_245" HPOS="1064" VPOS="1562" WIDTH="114" HEIGHT="31" WC="0.96" CONTENT="såsom"/><SP WIDTH="21" VPOS="1562" HPOS="1178"/>
							<String ID="string_246" HPOS="1199" VPOS="1562" WIDTH="107" HEIGHT="30" WC="0.96" CONTENT="förste"/><SP WIDTH="21" VPOS="1562" HPOS="1306"/>
							<String ID="string_247" HPOS="1327" VPOS="1563" WIDTH="137" HEIGHT="29" WC="0.96" CONTENT="montör"/><SP WIDTH="24" VPOS="1563" HPOS="1464"/>
							<String ID="string_248" HPOS="1488" VPOS="1561" WIDTH="10" HEIGHT="30" WC="0.93" CONTENT="i"/><SP WIDTH="23" VPOS="1561" HPOS="1498"/>
							<String ID="string_249" HPOS="1521" VPOS="1561" WIDTH="207" HEIGHT="36" WC="0.92" CONTENT="lönegraden"/><SP WIDTH="25" VPOS="1561" HPOS="1728"/>
							<String ID="string_250" HPOS="1753" VPOS="1560" WIDTH="51" HEIGHT="29" WC="0.92" CONTENT="Eo"/>
						</TextLine>
						<TextLine ID="line_26" HPOS="294" VPOS="1610" WIDTH="1509" HEIGHT="41">
							<String ID="string_251" HPOS="294" VPOS="1620" WIDTH="49" HEIGHT="28" WC="0.95" CONTENT="12."/><SP WIDTH="23" VPOS="1620" HPOS="343"/>
							<String ID="string_252" HPOS="366" VPOS="1618" WIDTH="50" HEIGHT="30" WC="0.96" CONTENT="Av"/><SP WIDTH="23" VPOS="1618" HPOS="416"/>
							<String ID="string_253" HPOS="439" VPOS="1619" WIDTH="38" HEIGHT="29" WC="0.96" CONTENT="13"/><SP WIDTH="22" VPOS="1619" HPOS="477"/>
							<String ID="string_254" HPOS="499" VPOS="1617" WIDTH="87" HEIGHT="30" WC="0.96" CONTENT="efter"/><SP WIDTH="21" VPOS="1617" HPOS="586"/>
							<String ID="string_255" HPOS="607" VPOS="1616" WIDTH="121" HEIGHT="35" WC="0.93" CONTENT="Kungl."/><SP WIDTH="23" VPOS="1616" HPOS="728"/>
							<String ID="string_256" HPOS="751" VPOS="1614" WIDTH="117" HEIGHT="36" WC="0.96" CONTENT="Maj:ts"/><SP WIDTH="22" VPOS="1614" HPOS="868"/>
							<String ID="string_257" HPOS="890" VPOS="1615" WIDTH="65" HEIGHT="29" WC="0.96" CONTENT="den"/><SP WIDTH="20" VPOS="1615" HPOS="955"/>
							<String ID="string_258" HPOS="975" VPOS="1614" WIDTH="42" HEIGHT="29" WC="0.96" CONTENT="20"/><SP WIDTH="22" VPOS="1614" HPOS="1017"/>
							<String ID="string_259" HPOS="1039" VPOS="1613" WIDTH="64" HEIGHT="36" WC="0.95" CONTENT="juli"/><SP WIDTH="24" VPOS="1613" HPOS="1103"/>
							<String ID="string_260" HPOS="1127" VPOS="1614" WIDTH="82" HEIGHT="29" WC="0.95" CONTENT="1945"/><SP WIDTH="22" VPOS="1614" HPOS="1209"/>
							<String ID="string_261" HPOS="1231" VPOS="1613" WIDTH="160" HEIGHT="29" WC="0.96" CONTENT="lämnade"/><SP WIDTH="21" VPOS="1613" HPOS="1391"/>
							<String ID="string_262" HPOS="1412" VPOS="1610" WIDTH="228" HEIGHT="37" WC="0.95" CONTENT="medgivande"/><SP WIDTH="22" VPOS="1610" HPOS="1640"/>
							<String ID="string_263" HPOS="1662" VPOS="1611" WIDTH="141" HEIGHT="30" WC="0.96" CONTENT="tillsatta"/>
						</TextLine>
						<TextLine ID="line_27" HPOS="291" VPOS="1661" WIDTH="1512" HEIGHT="44">
							<String ID="string_264" HPOS="291" VPOS="1668" WIDTH="145" HEIGHT="37" WC="0.96" CONTENT="tjänster"/><SP WIDTH="19" VPOS="1668" HPOS="436"/>
							<String ID="string_265" HPOS="455" VPOS="1667" WIDTH="115" HEIGHT="31" WC="0.96" CONTENT="såsom"/><SP WIDTH="20" VPOS="1667" HPOS="570"/>
							<String ID="string_266" HPOS="590" VPOS="1671" WIDTH="93" HEIGHT="26" WC="0.93" CONTENT="extra"/><SP WIDTH="20" VPOS="1671" HPOS="683"/>
							<String ID="string_267" HPOS="703" VPOS="1665" WIDTH="223" HEIGHT="31" WC="0.92" CONTENT="trafikledare"/><SP WIDTH="20" VPOS="1665" HPOS="926"/>
							<String ID="string_268" HPOS="946" VPOS="1665" WIDTH="65" HEIGHT="29" WC="0.93" CONTENT="och"/><SP WIDTH="21" VPOS="1665" HPOS="1011"/>
							<String ID="string_269" HPOS="1032" VPOS="1662" WIDTH="416" HEIGHT="36" WC="0.89" CONTENT="trafikledareaspiranter"/><SP WIDTH="21" VPOS="1662" HPOS="1448"/>
							<String ID="string_270" HPOS="1469" VPOS="1661" WIDTH="145" HEIGHT="31" WC="0.96" CONTENT="föreslås"/><SP WIDTH="24" VPOS="1661" HPOS="1614"/>
							<String ID="string_271" HPOS="1638" VPOS="1661" WIDTH="78" HEIGHT="31" WC="0.96" CONTENT="från"/><SP WIDTH="22" VPOS="1661" HPOS="1716"/>
							<String ID="string_272" HPOS="1738" VPOS="1661" WIDTH="65" HEIGHT="30" WC="0.96" CONTENT="och"/>
						</TextLine>
						<TextLine ID="line_28" HPOS="292" VPOS="1712" WIDTH="1511" HEIGHT="42">
							<String ID="string_273" HPOS="292" VPOS="1720" WIDTH="80" HEIGHT="29" WC="0.96" CONTENT="med"/><SP WIDTH="23" VPOS="1720" HPOS="372"/>
							<String ID="string_274" HPOS="395" VPOS="1720" WIDTH="98" HEIGHT="29" WC="0.96" CONTENT="nästa"/><SP WIDTH="21" VPOS="1720" HPOS="493"/>
							<String ID="string_275" HPOS="514" VPOS="1716" WIDTH="168" HEIGHT="38" WC="0.96" CONTENT="budgetår"/><SP WIDTH="20" VPOS="1716" HPOS="682"/>
							<String ID="string_276" HPOS="702" VPOS="1718" WIDTH="19" HEIGHT="29" WC="0.96" CONTENT="3"/><SP WIDTH="21" VPOS="1718" HPOS="721"/>
							<String ID="string_277" HPOS="742" VPOS="1716" WIDTH="144" HEIGHT="36" WC="0.96" CONTENT="tjänster"/><SP WIDTH="19" VPOS="1716" HPOS="886"/>
							<String ID="string_278" HPOS="905" VPOS="1715" WIDTH="183" HEIGHT="36" WC="0.96" CONTENT="placerade"/><SP WIDTH="24" VPOS="1715" HPOS="1088"/>
							<String ID="string_279" HPOS="1112" VPOS="1715" WIDTH="10" HEIGHT="29" WC="0.93" CONTENT="i"/><SP WIDTH="20" VPOS="1715" HPOS="1122"/>
							<String ID="string_280" HPOS="1142" VPOS="1714" WIDTH="207" HEIGHT="35" WC="0.92" CONTENT="lönegraden"/><SP WIDTH="23" VPOS="1714" HPOS="1349"/>
							<String ID="string_281" HPOS="1372" VPOS="1713" WIDTH="49" HEIGHT="31" WC="0.92" CONTENT="Eo"/><SP WIDTH="23" VPOS="1713" HPOS="1421"/>
							<String ID="string_282" HPOS="1444" VPOS="1714" WIDTH="40" HEIGHT="29" WC="0.96" CONTENT="18"/><SP WIDTH="23" VPOS="1714" HPOS="1484"/>
							<String ID="string_283" HPOS="1507" VPOS="1713" WIDTH="66" HEIGHT="30" WC="0.95" CONTENT="och"/><SP WIDTH="24" VPOS="1713" HPOS="1573"/>
							<String ID="string_284" HPOS="1597" VPOS="1713" WIDTH="39" HEIGHT="31" WC="0.95" CONTENT="10"/><SP WIDTH="24" VPOS="1713" HPOS="1636"/>
							<String ID="string_285" HPOS="1660" VPOS="1712" WIDTH="143" HEIGHT="36" WC="0.95" CONTENT="tjänster"/>
						</TextLine>
						<TextLine ID="line_29" HPOS="292" VPOS="1761" WIDTH="1512" HEIGHT="44">
							<String ID="string_286" HPOS="292" VPOS="1769" WIDTH="10" HEIGHT="30" WC="0.93" CONTENT="i"/><SP WIDTH="22" VPOS="1769" HPOS="302"/>
							<String ID="string_287" HPOS="324" VPOS="1770" WIDTH="207" HEIGHT="35" WC="0.92" CONTENT="lönegraden"/><SP WIDTH="23" VPOS="1770" HPOS="531"/>
							<String ID="string_288" HPOS="554" VPOS="1769" WIDTH="51" HEIGHT="32" WC="0.91" CONTENT="Eo"/><SP WIDTH="23" VPOS="1769" HPOS="605"/>
							<String ID="string_289" HPOS="628" VPOS="1769" WIDTH="48" HEIGHT="29" WC="0.96" CONTENT="15."/><SP WIDTH="24" VPOS="1769" HPOS="676"/>
							<String ID="string_290" HPOS="700" VPOS="1767" WIDTH="64" HEIGHT="30" WC="0.93" CONTENT="Vid"/><SP WIDTH="23" VPOS="1767" HPOS="764"/>
							<String ID="string_291" HPOS="787" VPOS="1764" WIDTH="373" HEIGHT="37" WC="0.92" CONTENT="anslagsberäkningen"/><SP WIDTH="20" VPOS="1764" HPOS="1160"/>
							<String ID="string_292" HPOS="1180" VPOS="1765" WIDTH="64" HEIGHT="29" WC="0.96" CONTENT="har"/><SP WIDTH="21" VPOS="1765" HPOS="1244"/>
							<String ID="string_293" HPOS="1265" VPOS="1765" WIDTH="87" HEIGHT="29" WC="0.96" CONTENT="även"/><SP WIDTH="20" VPOS="1765" HPOS="1352"/>
							<String ID="string_294" HPOS="1372" VPOS="1763" WIDTH="180" HEIGHT="30" WC="0.96" CONTENT="förutsatts"/><SP WIDTH="21" VPOS="1763" HPOS="1552"/>
							<String ID="string_295" HPOS="1573" VPOS="1772" WIDTH="43" HEIGHT="21" WC="0.96" CONTENT="en"/><SP WIDTH="20" VPOS="1772" HPOS="1616"/>
							<String ID="string_296" HPOS="1636" VPOS="1761" WIDTH="168" HEIGHT="37" WC="0.96" CONTENT="utökning"/>
						</TextLine>
						<TextLine ID="line_30" HPOS="291" VPOS="1811" WIDTH="1513" HEIGHT="43">
							<String ID="string_297" HPOS="291" VPOS="1829" WIDTH="44" HEIGHT="21" WC="0.91" CONTENT="av"/><SP WIDTH="22" VPOS="1829" HPOS="335"/>
							<String ID="string_298" HPOS="357" VPOS="1817" WIDTH="478" HEIGHT="37" WC="0.91" CONTENT="trafikledareaspiranternas"/><SP WIDTH="21" VPOS="1817" HPOS="835"/>
							<String ID="string_299" HPOS="856" VPOS="1817" WIDTH="93" HEIGHT="30" WC="0.96" CONTENT="antal"/><SP WIDTH="21" VPOS="1817" HPOS="949"/>
							<String ID="string_300" HPOS="970" VPOS="1816" WIDTH="79" HEIGHT="30" WC="0.96" CONTENT="med"/><SP WIDTH="22" VPOS="1816" HPOS="1049"/>
							<String ID="string_301" HPOS="1071" VPOS="1816" WIDTH="29" HEIGHT="30" WC="0.94" CONTENT="3."/><SP WIDTH="25" VPOS="1816" HPOS="1100"/>
							<String ID="string_302" HPOS="1125" VPOS="1814" WIDTH="237" HEIGHT="31" WC="0.96" CONTENT="Kostnaderna"/><SP WIDTH="21" VPOS="1814" HPOS="1362"/>
							<String ID="string_303" HPOS="1383" VPOS="1813" WIDTH="55" HEIGHT="31" WC="0.96" CONTENT="för"/><SP WIDTH="20" VPOS="1813" HPOS="1438"/>
							<String ID="string_304" HPOS="1458" VPOS="1814" WIDTH="155" HEIGHT="29" WC="0.96" CONTENT="nämnda"/><SP WIDTH="23" VPOS="1814" HPOS="1613"/>
							<String ID="string_305" HPOS="1636" VPOS="1811" WIDTH="168" HEIGHT="37" WC="0.96" CONTENT="utökning"/>
						</TextLine>
						<TextLine ID="line_31" HPOS="293" VPOS="1862" WIDTH="1509" HEIGHT="43">
							<String ID="string_306" HPOS="293" VPOS="1880" WIDTH="43" HEIGHT="21" WC="0.93" CONTENT="av"/><SP WIDTH="27" VPOS="1880" HPOS="336"/>
							<String ID="string_307" HPOS="363" VPOS="1868" WIDTH="429" HEIGHT="37" WC="0.86" CONTENT="trafikledarepersonalen"/><SP WIDTH="26" VPOS="1868" HPOS="792"/>
							<String ID="string_308" HPOS="818" VPOS="1867" WIDTH="170" HEIGHT="30" WC="0.96" CONTENT="beräknas"/><SP WIDTH="32" VPOS="1867" HPOS="988"/>
							<String ID="string_309" HPOS="1020" VPOS="1865" WIDTH="51" HEIGHT="31" WC="0.95" CONTENT="till"/><SP WIDTH="29" VPOS="1865" HPOS="1071"/>
							<String ID="string_310" HPOS="1100" VPOS="1865" WIDTH="169" HEIGHT="30" WC="0.96" CONTENT="avrundat"/><SP WIDTH="29" VPOS="1865" HPOS="1269"/>
							<String ID="string_311" HPOS="1298" VPOS="1865" WIDTH="38" HEIGHT="29" WC="0.96" CONTENT="77"/><SP WIDTH="16" VPOS="1865" HPOS="1336"/>
							<String ID="string_312" HPOS="1352" VPOS="1865" WIDTH="64" HEIGHT="29" WC="0.96" CONTENT="000"/><SP WIDTH="28" VPOS="1865" HPOS="1416"/>
							<String ID="string_313" HPOS="1444" VPOS="1865" WIDTH="139" HEIGHT="29" WC="0.93" CONTENT="kronor."/><SP WIDTH="30" VPOS="1865" HPOS="1583"/>
							<String ID="string_314" HPOS="1613" VPOS="1864" WIDTH="66" HEIGHT="30" WC="0.93" CONTENT="För"/><SP WIDTH="30" VPOS="1864" HPOS="1679"/>
							<String ID="string_315" HPOS="1709" VPOS="1862" WIDTH="93" HEIGHT="31" WC="0.91" CONTENT="vika-"/>
						</TextLine>
						<TextLine ID="line_32" HPOS="293" VPOS="1914" WIDTH="1511" HEIGHT="40">
							<String ID="string_316" HPOS="293" VPOS="1921" WIDTH="96" HEIGHT="30" WC="0.92" CONTENT="riats-"/><SP WIDTH="22" VPOS="1921" HPOS="389"/>
							<String ID="string_317" HPOS="411" VPOS="1920" WIDTH="64" HEIGHT="31" WC="0.93" CONTENT="och"/><SP WIDTH="22" VPOS="1920" HPOS="475"/>
							<String ID="string_318" HPOS="497" VPOS="1917" WIDTH="381" HEIGHT="37" WC="0.91" CONTENT="övertidsersättningar"/><SP WIDTH="21" VPOS="1917" HPOS="878"/>
							<String ID="string_319" HPOS="899" VPOS="1927" WIDTH="44" HEIGHT="20" WC="0.91" CONTENT="m."/><SP WIDTH="23" VPOS="1927" HPOS="943"/>
							<String ID="string_320" HPOS="966" VPOS="1926" WIDTH="45" HEIGHT="21" WC="0.91" CONTENT="m."/><SP WIDTH="24" VPOS="1926" HPOS="1011"/>
							<String ID="string_321" HPOS="1035" VPOS="1915" WIDTH="143" HEIGHT="32" WC="0.96" CONTENT="föreslås"/><SP WIDTH="24" VPOS="1915" HPOS="1178"/>
							<String ID="string_322" HPOS="1202" VPOS="1919" WIDTH="47" HEIGHT="26" WC="0.96" CONTENT="ett"/><SP WIDTH="22" VPOS="1919" HPOS="1249"/>
							<String ID="string_323" HPOS="1271" VPOS="1914" WIDTH="51" HEIGHT="31" WC="0.96" CONTENT="till"/><SP WIDTH="21" VPOS="1914" HPOS="1322"/>
							<String ID="string_324" HPOS="1343" VPOS="1915" WIDTH="41" HEIGHT="30" WC="0.74" CONTENT="59"/><SP WIDTH="15" VPOS="1915" HPOS="1384"/>
							<String ID="string_325" HPOS="1399" VPOS="1915" WIDTH="63" HEIGHT="30" WC="0.96" CONTENT="000"/><SP WIDTH="20" VPOS="1915" HPOS="1462"/>
							<String ID="string_326" HPOS="1482" VPOS="1915" WIDTH="129" HEIGHT="29" WC="0.96" CONTENT="kronor"/><SP WIDTH="23" VPOS="1915" HPOS="1611"/>
							<String ID="string_327" HPOS="1634" VPOS="1914" WIDTH="170" HEIGHT="30" WC="0.96" CONTENT="avrundat"/>
						</TextLine>
						<TextLine ID="line_33" HPOS="292" VPOS="1964" WIDTH="1513" HEIGHT="43">
							<String ID="string_328" HPOS="292" VPOS="1971" WIDTH="136" HEIGHT="36" WC="0.95" CONTENT="belopp."/><SP WIDTH="21" VPOS="1971" HPOS="428"/>
							<String ID="string_329" HPOS="449" VPOS="1971" WIDTH="127" HEIGHT="30" WC="0.96" CONTENT="Posten"/><SP WIDTH="19" VPOS="1971" HPOS="576"/>
							<String ID="string_330" HPOS="595" VPOS="1969" WIDTH="49" HEIGHT="31" WC="0.93" CONTENT="till"/><SP WIDTH="18" VPOS="1969" HPOS="644"/>
							<String ID="string_331" HPOS="662" VPOS="1968" WIDTH="201" HEIGHT="36" WC="0.92" CONTENT="avlöningar"/><SP WIDTH="21" VPOS="1968" HPOS="863"/>
							<String ID="string_332" HPOS="884" VPOS="1968" WIDTH="49" HEIGHT="30" WC="0.93" CONTENT="till"/><SP WIDTH="22" VPOS="1968" HPOS="933"/>
							<String ID="string_333" HPOS="955" VPOS="1965" WIDTH="262" HEIGHT="32" WC="0.92" CONTENT="icke-ordinarie"/><SP WIDTH="20" VPOS="1965" HPOS="1217"/>
							<String ID="string_334" HPOS="1237" VPOS="1966" WIDTH="160" HEIGHT="35" WC="0.96" CONTENT="personal"/><SP WIDTH="20" VPOS="1966" HPOS="1397"/>
							<String ID="string_335" HPOS="1417" VPOS="1964" WIDTH="145" HEIGHT="31" WC="0.96" CONTENT="föreslås"/><SP WIDTH="21" VPOS="1964" HPOS="1562"/>
							<String ID="string_336" HPOS="1583" VPOS="1964" WIDTH="146" HEIGHT="31" WC="0.96" CONTENT="sålunda"/><SP WIDTH="20" VPOS="1964" HPOS="1729"/>
							<String ID="string_337" HPOS="1749" VPOS="1964" WIDTH="56" HEIGHT="30" WC="0.96" CONTENT="för"/>
						</TextLine>
						<TextLine ID="line_34" HPOS="293" VPOS="2012" WIDTH="1506" HEIGHT="45">
							<String ID="string_338" HPOS="293" VPOS="2023" WIDTH="101" HEIGHT="29" WC="0.96" CONTENT="nästa"/><SP WIDTH="24" VPOS="2023" HPOS="394"/>
							<String ID="string_339" HPOS="418" VPOS="2020" WIDTH="170" HEIGHT="37" WC="0.96" CONTENT="budgetår"/><SP WIDTH="20" VPOS="2020" HPOS="588"/>
							<String ID="string_340" HPOS="608" VPOS="2023" WIDTH="168" HEIGHT="33" WC="0.96" CONTENT="upptagas"/><SP WIDTH="22" VPOS="2023" HPOS="776"/>
							<String ID="string_341" HPOS="798" VPOS="2019" WIDTH="79" HEIGHT="30" WC="0.96" CONTENT="med"/><SP WIDTH="24" VPOS="2019" HPOS="877"/>
							<String ID="string_342" HPOS="901" VPOS="2021" WIDTH="46" HEIGHT="27" WC="0.95" CONTENT="ett"/><SP WIDTH="20" VPOS="2021" HPOS="947"/>
							<String ID="string_343" HPOS="967" VPOS="2018" WIDTH="125" HEIGHT="35" WC="0.95" CONTENT="belopp"/><SP WIDTH="26" VPOS="2018" HPOS="1092"/>
							<String ID="string_344" HPOS="1118" VPOS="2026" WIDTH="41" HEIGHT="21" WC="0.96" CONTENT="av"/><SP WIDTH="30" VPOS="2026" HPOS="1159"/>
							<String ID="string_345" HPOS="1189" VPOS="2016" WIDTH="153" HEIGHT="37" WC="0.84" CONTENT="(295000"/><SP WIDTH="31" VPOS="2016" HPOS="1342"/>
							<String ID="string_346" HPOS="1373" VPOS="2013" WIDTH="32" HEIGHT="25" WC="0.23" CONTENT="-+"/><SP WIDTH="29" VPOS="2013" HPOS="1405"/>
							<String ID="string_347" HPOS="1434" VPOS="2016" WIDTH="97" HEIGHT="30" WC="0.95" CONTENT="3200"/><SP WIDTH="29" VPOS="2016" HPOS="1531"/>
							<String ID="string_348" HPOS="1560" VPOS="2013" WIDTH="31" HEIGHT="30" WC="0.94" CONTENT="+"/><SP WIDTH="33" VPOS="2013" HPOS="1591"/>
							<String ID="string_349" HPOS="1624" VPOS="2016" WIDTH="113" HEIGHT="29" WC="0.94" CONTENT="11100"/><SP WIDTH="31" VPOS="2016" HPOS="1737"/>
							<String ID="string_350" HPOS="1768" VPOS="2012" WIDTH="31" HEIGHT="31" WC="0.95" CONTENT="+"/>
						</TextLine>
						<TextLine ID="line_35" HPOS="294" VPOS="2068" WIDTH="833" HEIGHT="40">
							<String ID="string_351" HPOS="294" VPOS="2074" WIDTH="19" HEIGHT="28" WC="0.91" CONTENT="4"/><SP WIDTH="15" VPOS="2074" HPOS="313"/>
							<String ID="string_352" HPOS="328" VPOS="2073" WIDTH="63" HEIGHT="31" WC="0.91" CONTENT="000"/><SP WIDTH="25" VPOS="2073" HPOS="391"/>
							<String ID="string_353" HPOS="416" VPOS="2070" WIDTH="32" HEIGHT="31" WC="0.94" CONTENT="+"/><SP WIDTH="25" VPOS="2070" HPOS="448"/>
							<String ID="string_354" HPOS="473" VPOS="2073" WIDTH="38" HEIGHT="28" WC="0.94" CONTENT="77"/><SP WIDTH="16" VPOS="2073" HPOS="511"/>
							<String ID="string_355" HPOS="527" VPOS="2072" WIDTH="66" HEIGHT="29" WC="0.95" CONTENT="000"/><SP WIDTH="24" VPOS="2072" HPOS="593"/>
							<String ID="string_356" HPOS="617" VPOS="2068" WIDTH="32" HEIGHT="31" WC="0.88" CONTENT="+"/><SP WIDTH="24" VPOS="2068" HPOS="649"/>
							<String ID="string_357" HPOS="673" VPOS="2071" WIDTH="40" HEIGHT="29" WC="0.95" CONTENT="59"/><SP WIDTH="14" VPOS="2071" HPOS="713"/>
							<String ID="string_358" HPOS="727" VPOS="2069" WIDTH="75" HEIGHT="39" WC="0.95" CONTENT="000)"/><SP WIDTH="26" VPOS="2069" HPOS="802"/>
							<String ID="string_359" HPOS="828" VPOS="2070" WIDTH="63" HEIGHT="29" WC="0.96" CONTENT="449"/><SP WIDTH="14" VPOS="2070" HPOS="891"/>
							<String ID="string_360" HPOS="905" VPOS="2069" WIDTH="63" HEIGHT="30" WC="0.96" CONTENT="300"/><SP WIDTH="22" VPOS="2069" HPOS="968"/>
							<String ID="string_361" HPOS="990" VPOS="2068" WIDTH="137" HEIGHT="30" WC="0.96" CONTENT="kronor."/>
						</TextLine>
					</TextBlock>
					<TextBlock ID="block_7" HPOS="296" VPOS="2116" WIDTH="1511" HEIGHT="246">
						<TextLine ID="line_36" HPOS="340" VPOS="2116" WIDTH="1466" HEIGHT="40">
							<String ID="string_362" HPOS="340" VPOS="2123" WIDTH="57" HEIGHT="30" WC="0.96" CONTENT="Ett"/><SP WIDTH="28" VPOS="2123" HPOS="397"/>
							<String ID="string_363" HPOS="425" VPOS="2132" WIDTH="42" HEIGHT="21" WC="0.93" CONTENT="av"/><SP WIDTH="25" VPOS="2132" HPOS="467"/>
							<String ID="string_364" HPOS="492" VPOS="2120" WIDTH="323" HEIGHT="36" WC="0.92" CONTENT="luftfartsstyrelsen"/><SP WIDTH="25" VPOS="2120" HPOS="815"/>
							<String ID="string_365" HPOS="840" VPOS="2119" WIDTH="163" HEIGHT="35" WC="0.96" CONTENT="framlagt"/><SP WIDTH="24" VPOS="2119" HPOS="1003"/>
							<String ID="string_366" HPOS="1027" VPOS="2118" WIDTH="128" HEIGHT="36" WC="0.95" CONTENT="förslag"/><SP WIDTH="28" VPOS="2118" HPOS="1155"/>
							<String ID="string_367" HPOS="1183" VPOS="2121" WIDTH="48" HEIGHT="26" WC="0.96" CONTENT="att"/><SP WIDTH="25" VPOS="2121" HPOS="1231"/>
							<String ID="string_368" HPOS="1256" VPOS="2118" WIDTH="79" HEIGHT="29" WC="0.96" CONTENT="med"/><SP WIDTH="25" VPOS="2118" HPOS="1335"/>
							<String ID="string_369" HPOS="1360" VPOS="2117" WIDTH="136" HEIGHT="36" WC="0.95" CONTENT="hänsyn"/><SP WIDTH="29" VPOS="2117" HPOS="1496"/>
							<String ID="string_370" HPOS="1525" VPOS="2116" WIDTH="50" HEIGHT="31" WC="0.95" CONTENT="till"/><SP WIDTH="27" VPOS="2116" HPOS="1575"/>
							<String ID="string_371" HPOS="1602" VPOS="2117" WIDTH="65" HEIGHT="30" WC="0.96" CONTENT="den"/><SP WIDTH="27" VPOS="2117" HPOS="1667"/>
							<String ID="string_372" HPOS="1694" VPOS="2116" WIDTH="112" HEIGHT="30" WC="0.96" CONTENT="ökade"/>
						</TextLine>
						<TextLine ID="line_37" HPOS="296" VPOS="2167" WIDTH="1511" HEIGHT="39">
							<String ID="string_373" HPOS="296" VPOS="2173" WIDTH="316" HEIGHT="31" WC="0.90" CONTENT="trafikfrekvensen"/><SP WIDTH="30" VPOS="2173" HPOS="612"/>
							<String ID="string_374" HPOS="642" VPOS="2170" WIDTH="56" HEIGHT="31" WC="0.96" CONTENT="vid"/><SP WIDTH="31" VPOS="2170" HPOS="698"/>
							<String ID="string_375" HPOS="729" VPOS="2170" WIDTH="191" HEIGHT="30" WC="0.95" CONTENT="Torslanda"/><SP WIDTH="28" VPOS="2170" HPOS="920"/>
							<String ID="string_376" HPOS="948" VPOS="2168" WIDTH="165" HEIGHT="38" WC="0.96" CONTENT="flygplats"/><SP WIDTH="29" VPOS="2168" HPOS="1113"/>
							<String ID="string_377" HPOS="1142" VPOS="2168" WIDTH="106" HEIGHT="30" WC="0.93" CONTENT="förste"/><SP WIDTH="28" VPOS="2168" HPOS="1248"/>
							<String ID="string_378" HPOS="1276" VPOS="2167" WIDTH="248" HEIGHT="30" WC="0.85" CONTENT="trafikledaren"/><SP WIDTH="31" VPOS="2167" HPOS="1524"/>
							<String ID="string_379" HPOS="1555" VPOS="2167" WIDTH="177" HEIGHT="30" WC="0.93" CONTENT="därstädes"/><SP WIDTH="29" VPOS="2167" HPOS="1732"/>
							<String ID="string_380" HPOS="1761" VPOS="2183" WIDTH="46" HEIGHT="3" WC="0.91" CONTENT="—"/>
						</TextLine>
						<TextLine ID="line_38" HPOS="297" VPOS="2217" WIDTH="1507" HEIGHT="41">
							<String ID="string_381" HPOS="297" VPOS="2224" WIDTH="55" HEIGHT="30" WC="0.96" CONTENT="för"/><SP WIDTH="21" VPOS="2224" HPOS="352"/>
							<String ID="string_382" HPOS="373" VPOS="2223" WIDTH="217" HEIGHT="31" WC="0.96" CONTENT="närvarande"/><SP WIDTH="21" VPOS="2223" HPOS="590"/>
							<String ID="string_383" HPOS="611" VPOS="2221" WIDTH="160" HEIGHT="37" WC="0.96" CONTENT="placerad"/><SP WIDTH="24" VPOS="2221" HPOS="771"/>
							<String ID="string_384" HPOS="795" VPOS="2221" WIDTH="9" HEIGHT="30" WC="0.90" CONTENT="i"/><SP WIDTH="23" VPOS="2221" HPOS="804"/>
							<String ID="string_385" HPOS="827" VPOS="2219" WIDTH="209" HEIGHT="37" WC="0.90" CONTENT="lönegraden"/><SP WIDTH="24" VPOS="2219" HPOS="1036"/>
							<String ID="string_386" HPOS="1060" VPOS="2219" WIDTH="50" HEIGHT="32" WC="0.91" CONTENT="Eo"/><SP WIDTH="24" VPOS="2219" HPOS="1110"/>
							<String ID="string_387" HPOS="1134" VPOS="2220" WIDTH="41" HEIGHT="30" WC="0.93" CONTENT="20"/><SP WIDTH="22" VPOS="2220" HPOS="1175"/>
							<String ID="string_388" HPOS="1197" VPOS="2236" WIDTH="45" HEIGHT="3" WC="0.91" CONTENT="—"/><SP WIDTH="26" VPOS="2236" HPOS="1242"/>
							<String ID="string_389" HPOS="1268" VPOS="2218" WIDTH="111" HEIGHT="30" WC="0.96" CONTENT="skulle"/><SP WIDTH="22" VPOS="2218" HPOS="1379"/>
							<String ID="string_390" HPOS="1401" VPOS="2217" WIDTH="131" HEIGHT="31" WC="0.96" CONTENT="erhålla"/><SP WIDTH="23" VPOS="2217" HPOS="1532"/>
							<String ID="string_391" HPOS="1555" VPOS="2226" WIDTH="134" HEIGHT="21" WC="0.93" CONTENT="samma"/><SP WIDTH="24" VPOS="2226" HPOS="1689"/>
							<String ID="string_392" HPOS="1713" VPOS="2217" WIDTH="91" HEIGHT="30" WC="0.92" CONTENT="löne-"/>
						</TextLine>
						<TextLine ID="line_39" HPOS="297" VPOS="2267" WIDTH="1509" HEIGHT="43">
							<String ID="string_393" HPOS="297" VPOS="2272" WIDTH="160" HEIGHT="38" WC="0.96" CONTENT="ställning"/><SP WIDTH="30" VPOS="2272" HPOS="457"/>
							<String ID="string_394" HPOS="487" VPOS="2283" WIDTH="75" HEIGHT="20" WC="0.96" CONTENT="som"/><SP WIDTH="30" VPOS="2283" HPOS="562"/>
							<String ID="string_395" HPOS="592" VPOS="2272" WIDTH="244" HEIGHT="30" WC="0.93" CONTENT="motsvarande"/><SP WIDTH="31" VPOS="2272" HPOS="836"/>
							<String ID="string_396" HPOS="867" VPOS="2269" WIDTH="339" HEIGHT="36" WC="0.91" CONTENT="befattningshavare"/><SP WIDTH="33" VPOS="2269" HPOS="1206"/>
							<String ID="string_397" HPOS="1239" VPOS="2268" WIDTH="56" HEIGHT="31" WC="0.96" CONTENT="vid"/><SP WIDTH="33" VPOS="2268" HPOS="1295"/>
							<String ID="string_398" HPOS="1328" VPOS="2268" WIDTH="165" HEIGHT="31" WC="0.92" CONTENT="Bulltofta"/><SP WIDTH="33" VPOS="2268" HPOS="1493"/>
							<String ID="string_399" HPOS="1526" VPOS="2285" WIDTH="44" HEIGHT="3" WC="0.88" CONTENT="—"/><SP WIDTH="29" VPOS="2285" HPOS="1570"/>
							<String ID="string_400" HPOS="1599" VPOS="2267" WIDTH="207" HEIGHT="36" WC="0.91" CONTENT="lönegraden"/>
						</TextLine>
						<TextLine ID="line_40" HPOS="298" VPOS="2318" WIDTH="1113" HEIGHT="44">
							<String ID="string_401" HPOS="298" VPOS="2326" WIDTH="50" HEIGHT="30" WC="0.90" CONTENT="Eo"/><SP WIDTH="21" VPOS="2326" HPOS="348"/>
							<String ID="string_402" HPOS="369" VPOS="2325" WIDTH="51" HEIGHT="37" WC="0.96" CONTENT="22,"/><SP WIDTH="23" VPOS="2325" HPOS="420"/>
							<String ID="string_403" HPOS="443" VPOS="2325" WIDTH="63" HEIGHT="29" WC="0.93" CONTENT="har"/><SP WIDTH="24" VPOS="2325" HPOS="506"/>
							<String ID="string_404" HPOS="530" VPOS="2321" WIDTH="379" HEIGHT="39" WC="0.92" CONTENT="departementschefen"/><SP WIDTH="23" VPOS="2321" HPOS="909"/>
							<String ID="string_405" HPOS="932" VPOS="2321" WIDTH="76" HEIGHT="30" WC="0.96" CONTENT="icke"/><SP WIDTH="24" VPOS="2321" HPOS="1008"/>
							<String ID="string_406" HPOS="1032" VPOS="2320" WIDTH="116" HEIGHT="30" WC="0.96" CONTENT="funnit"/><SP WIDTH="22" VPOS="2320" HPOS="1148"/>
							<String ID="string_407" HPOS="1170" VPOS="2321" WIDTH="74" HEIGHT="29" WC="0.96" CONTENT="skäl"/><SP WIDTH="22" VPOS="2321" HPOS="1244"/>
							<String ID="string_408" HPOS="1266" VPOS="2318" WIDTH="145" HEIGHT="31" WC="0.96" CONTENT="biträda."/>
						</TextLine>
					</TextBlock>
					<TextBlock ID="block_8" HPOS="298" VPOS="2368" WIDTH="1509" HEIGHT="142">
						<TextLine ID="line_41" HPOS="343" VPOS="2368" WIDTH="1463" HEIGHT="42">
							<String ID="string_409" HPOS="343" VPOS="2375" WIDTH="78" HEIGHT="31" WC="0.95" CONTENT="Med"/><SP WIDTH="27" VPOS="2375" HPOS="421"/>
							<String ID="string_410" HPOS="448" VPOS="2373" WIDTH="186" HEIGHT="37" WC="0.95" CONTENT="anledning"/><SP WIDTH="25" VPOS="2373" HPOS="634"/>
							<String ID="string_411" HPOS="659" VPOS="2382" WIDTH="42" HEIGHT="21" WC="0.96" CONTENT="av"/><SP WIDTH="26" VPOS="2382" HPOS="701"/>
							<String ID="string_412" HPOS="727" VPOS="2371" WIDTH="174" HEIGHT="37" WC="0.96" CONTENT="ökningen"/><SP WIDTH="25" VPOS="2371" HPOS="901"/>
							<String ID="string_413" HPOS="926" VPOS="2381" WIDTH="42" HEIGHT="20" WC="0.93" CONTENT="av"/><SP WIDTH="29" VPOS="2381" HPOS="968"/>
							<String ID="string_414" HPOS="997" VPOS="2369" WIDTH="388" HEIGHT="36" WC="0.91" CONTENT="icke-ordinarieposten"/><SP WIDTH="28" VPOS="2369" HPOS="1385"/>
							<String ID="string_415" HPOS="1413" VPOS="2368" WIDTH="145" HEIGHT="32" WC="0.93" CONTENT="föreslås"/><SP WIDTH="30" VPOS="2368" HPOS="1558"/>
							<String ID="string_416" HPOS="1588" VPOS="2368" WIDTH="218" HEIGHT="36" WC="0.92" CONTENT="delposterna"/>
						</TextLine>
						<TextLine ID="line_42" HPOS="298" VPOS="2416" WIDTH="1509" HEIGHT="44">
							<String ID="string_417" HPOS="298" VPOS="2426" WIDTH="51" HEIGHT="31" WC="0.92" CONTENT="till"/><SP WIDTH="41" VPOS="2426" HPOS="349"/>
							<String ID="string_418" HPOS="390" VPOS="2425" WIDTH="184" HEIGHT="35" WC="0.96" CONTENT="rörligt"/><SP WIDTH="40" VPOS="2425" HPOS="574"/>
							<String ID="string_419" HPOS="614" VPOS="2423" WIDTH="179" HEIGHT="36" WC="0.95" CONTENT="tillägg"/><SP WIDTH="49" VPOS="2423" HPOS="793"/>
							<String ID="string_420" HPOS="842" VPOS="2423" WIDTH="65" HEIGHT="30" WC="0.92" CONTENT="och"/><SP WIDTH="39" VPOS="2423" HPOS="907"/>
							<String ID="string_421" HPOS="946" VPOS="2419" WIDTH="279" HEIGHT="38" WC="0.91" CONTENT="kristillägg"/><SP WIDTH="38" VPOS="2419" HPOS="1225"/>
							<String ID="string_422" HPOS="1263" VPOS="2420" WIDTH="163" HEIGHT="36" WC="0.91" CONTENT="jämkade"/><SP WIDTH="38" VPOS="2420" HPOS="1426"/>
							<String ID="string_423" HPOS="1464" VPOS="2418" WIDTH="105" HEIGHT="37" WC="0.96" CONTENT="något"/><SP WIDTH="39" VPOS="2418" HPOS="1569"/>
							<String ID="string_424" HPOS="1608" VPOS="2418" WIDTH="107" HEIGHT="37" WC="0.92" CONTENT="uppåt"/><SP WIDTH="42" VPOS="2418" HPOS="1715"/>
							<String ID="string_425" HPOS="1757" VPOS="2416" WIDTH="50" HEIGHT="32" WC="0.72" CONTENT="till"/>
						</TextLine>
						<TextLine ID="line_43" HPOS="299" VPOS="2468" WIDTH="1507" HEIGHT="42">
							<String ID="string_426" HPOS="299" VPOS="2477" WIDTH="39" HEIGHT="30" WC="0.96" CONTENT="57"/><SP WIDTH="14" VPOS="2477" HPOS="338"/>
							<String ID="string_427" HPOS="352" VPOS="2476" WIDTH="63" HEIGHT="30" WC="0.96" CONTENT="000"/><SP WIDTH="25" VPOS="2476" HPOS="415"/>
							<String ID="string_428" HPOS="440" VPOS="2476" WIDTH="129" HEIGHT="29" WC="0.96" CONTENT="kronor"/><SP WIDTH="24" VPOS="2476" HPOS="569"/>
							<String ID="string_429" HPOS="593" VPOS="2472" WIDTH="190" HEIGHT="38" WC="0.96" CONTENT="respektive"/><SP WIDTH="26" VPOS="2472" HPOS="783"/>
							<String ID="string_430" HPOS="809" VPOS="2474" WIDTH="41" HEIGHT="29" WC="0.64" CONTENT="60"/><SP WIDTH="11" VPOS="2474" HPOS="850"/>
							<String ID="string_431" HPOS="861" VPOS="2474" WIDTH="65" HEIGHT="30" WC="0.64" CONTENT="000"/><SP WIDTH="26" VPOS="2474" HPOS="926"/>
							<String ID="string_432" HPOS="952" VPOS="2473" WIDTH="138" HEIGHT="29" WC="0.96" CONTENT="kronor."/><SP WIDTH="40" VPOS="2473" HPOS="1090"/>
							<String ID="string_433" HPOS="1130" VPOS="2472" WIDTH="124" HEIGHT="30" WC="0.96" CONTENT="Posten"/><SP WIDTH="26" VPOS="2472" HPOS="1254"/>
							<String ID="string_434" HPOS="1280" VPOS="2470" WIDTH="48" HEIGHT="31" WC="0.94" CONTENT="till"/><SP WIDTH="73" VPOS="2470" HPOS="1328"/>
							<String ID="string_435" HPOS="1401" VPOS="2468" WIDTH="308" HEIGHT="32" WC="0.91" CONTENT="provisoriskt"/><SP WIDTH="40" VPOS="2468" HPOS="1709"/>
							<String ID="string_436" HPOS="1749" VPOS="2469" WIDTH="57" HEIGHT="30" WC="0.91" CONTENT="lö-"/>
						</TextLine>
					</TextBlock>
				</ComposedBlock>
			</PrintSpace>
		</Page>
	</Layout>
</alto>
