1828 2778
246 162 39 30 30
631 164 120 31 Andra
773 165 244 39 lagutskottets
1040 166 180 31 utlåtande
1240 177 42 20 nr
1305 169 49 29 19.

252 246 435 40 soneringsförfattningar
710 257 45 20 m.
779 257 44 20 m.
847 248 321 31 Handelsförbudet
1191 250 12 29 i
1226 251 99 38 lagen
1348 251 67 29 den
1439 252 18 29 5
1480 251 78 39 juni
1583 252 83 29 1942
1691 260 57 21 om

252 297 124 29 förbud
401 297 11 29 i
438 297 93 31 vissa
554 298 63 29 fall
642 300 74 28 mot
739 299 126 29 handel
890 299 80 29 med
994 301 235 29 ransonerade
1253 310 101 21 varor
1378 301 65 30 har
1467 302 11 28 i
1502 302 168 39 förslaget
1694 304 53 28 ut-

251 347 98 29 ökats
367 348 79 29 med
465 348 126 29 förbud
607 350 52 27 att
675 349 12 29 i
704 349 127 29 rörelse
849 350 161 30 använda
1028 350 242 35 förnödenhet,
1290 360 74 21 som
1382 352 38 29 är
1437 352 148 30 föremål
1602 353 55 29 för
1675 359 75 32 reg-

250 397 116 40 lering.

293 448 179 39 Förslaget
491 449 52 29 till
562 449 55 39 lag
636 458 57 21 om
716 449 118 40 tillägg
852 450 52 30 till
925 451 389 40 krigssjukvårdslagen
1335 452 156 34 innebär,
1514 454 49 28 att
1583 453 42 30 de
1645 454 11 28 i
1678 454 70 39 gäl-

250 498 100 29 lande
383 499 266 40 förfogandelag
680 501 177 38 upptagna
888 501 312 31 bestämmelserna
1232 511 56 21 om
1322 503 206 39 förfogande
1560 504 55 29 för
1649 504 99 39 sjuk-

249 548 269 30 vårdsändamål
538 550 205 38 överflyttas
764 551 49 29 till
835 551 402 40 krigssjukvårdslagen.

292 599 201 40 Ändringen
511 600 10 30 i
539 600 325 41 rekvisitionslagen
883 611 100 20 avser
1002 602 476 40 riksvärderingsnämndens
1499 606 248 28 sammansätt-

249 649 82 39 ning
353 652 92 27 samt
467 650 157 39 reglerna
645 660 59 20 om
728 652 198 38 grunderna
947 652 54 29 för
1023 652 263 31 bestämmande
1308 663 41 21 av
1372 655 194 39 ersättning
1587 655 58 30 vid
1669 656 78 28 rek-

248 700 150 29 visition.
423 700 109 30 Dessa
553 701 111 39 regler
687 702 145 29 föreslås
856 702 38 30 få
915 703 11 28 i
950 704 87 28 stort
1059 705 66 27 sett
1148 712 136 21 samma
1305 704 168 30 innebörd
1497 714 74 20 som
1594 707 152 28 motsva-

248 750 106 30 rande
377 751 112 39 regler
511 751 10 29 i
545 751 180 30 allmänna
748 752 318 40 förfogandelagen.

291 800 73 30 Den
385 801 199 39 föreslagna
604 802 264 40 lagstiflningen
890 804 39 29 är
949 804 127 29 avsedd
1098 805 50 28 att
1169 805 99 29 träda
1288 805 10 29 i
1318 805 96 31 kraft
1434 806 66 29 den
1523 806 14 29 1
1559 806 67 39 juli
1650 807 94 33 1954,

244 850 43 30 då
306 852 65 29 den
394 853 201 29 nuvarande
617 853 328 40 förfogandelagens
966 854 227 40 giltighetstid
1214 856 145 40 utlöper.

487 1004 38 34 C.
571 1005 216 34 Allmänna
810 1006 181 43 grunder
1014 1007 63 33 för
1100 1017 50 23 en
1175 1019 52 31 ny
1250 1008 256 44 lagstiftning.

476 1097 24 29 I.
523 1098 150 31 Behovet
694 1107 42 20 av
756 1099 278 36 fullmaktslagar
1054 1101 109 29 under
1185 1101 326 30 krisförhållanden.

865 1185 263 29 Propositionen.

288 1247 235 39 Utredningen
544 1248 135 29 erinrar
699 1258 56 20 om
777 1251 49 27 att
846 1249 188 40 riksdagen
1056 1258 124 31 genom
1202 1253 47 27 ett
1270 1252 94 29 antal
1386 1252 283 40 fullmaktslagar
1690 1253 54 29 be-

243 1297 178 39 myndigat
441 1298 124 39 Kungl.
587 1298 108 40 Maj:t
715 1300 50 29 att
785 1298 89 40 själv
894 1300 112 30 under
1026 1301 293 40 utomordentliga
1340 1302 245 30 förhållanden
1605 1303 137 30 besluta

242 1354 56 22 om
317 1347 171 39 åtgärder,
510 1357 74 20 som
604 1349 102 39 eljest
727 1349 110 30 skulle
857 1349 109 31 kräva
987 1350 205 40 riksdagens
1213 1352 221 34 medverkan,
1456 1355 90 27 samt
1567 1355 50 27 att
1638 1361 104 32 grun-

242 1396 64 29 den
326 1396 120 31 härtill
468 1398 273 40 uppenbarligen
762 1400 38 29 är
820 1401 76 33 den,
919 1402 50 28 att
990 1401 56 29 det
1067 1401 114 29 skulle
1201 1410 83 22 vara
1304 1402 136 30 förenat
1462 1404 77 29 med
1561 1403 180 40 allvarliga

242 1446 221 39 olägenheter
484 1450 50 28 att
555 1449 149 30 avvakta
726 1449 204 40 riksdagens
951 1450 114 31 beslut
1085 1452 11 29 i
1118 1451 98 40 varje
1238 1452 140 31 särskilt
1401 1452 72 30 fall.
1496 1453 162 30 Framför
1680 1454 61 29 allt

234 1496 55 29 när
311 1492 49 52 det
379 1497 110 39 gäller
512 1492 122 52 sådana
661 1498 350 39 ingripanden,
1041 1509 96 22 som
1164 1510 140 22 avses
1329 1503 11 29 i
1368 1501 256 31 allmänna
1650 1502 91 27 för-

242 1548 382 40 fogandelagen,
657 1550 39 29 är
715 1551 56 28 det
791 1551 168 39 naturligt
979 1553 50 28 att
1050 1561 81 21 man
1152 1552 111 30 måste
1282 1553 131 30 handla
1434 1553 134 30 snabbt.
1591 1553 149 40 Enighet

242 1598 98 29 råder
362 1598 111 30 också
498 1599 122 30 därom
644 1602 52 27 att
722 1609 42 21 en
789 1600 242 41 fullmaktslag
1057 1611 42 20 av
1123 1603 215 38 väsentligen
1366 1612 135 21 samma
1527 1603 214 40 omfattning

242 1657 72 20 som
330 1649 160 38 gällande
507 1649 265 40 förfogandelag
786 1651 11 29 i
814 1651 273 39 fortsättningen
1103 1653 38 28 är
1158 1652 205 40 erforderlig
1380 1653 58 30 vid
1455 1653 77 39 krig
1548 1653 64 30 och
1629 1654 111 39 krigs-

242 1698 84 30 fara.
353 1699 228 30 Beträffande
606 1700 126 39 frågan
756 1701 11 28 i
792 1701 65 30 vad
882 1701 84 30 mån
991 1711 42 20 en
1060 1702 111 29 sådan
1197 1702 55 40 lag
1276 1702 128 31 behövs
1430 1704 87 29 även
1543 1704 58 29 vid
1628 1704 111 30 andra

242 1749 293 39 utomordentliga
561 1750 247 30 förhållanden
833 1752 167 29 hänvisar
1026 1752 232 39 utredningen
1285 1753 52 29 till
1366 1753 54 30 sin
1449 1753 157 39 följande
1635 1755 105 28 fram-

242 1799 174 39 ställning.

285 1849 13 28 I
326 1849 272 40 fortsättningen
625 1851 192 30 behandlar
844 1852 232 39 utredningen
1104 1853 124 38 frågan
1256 1862 56 20 om
1339 1854 58 29 det
1425 1855 37 28 är
1490 1854 174 39 behövligt
1691 1856 50 28 att

240 1899 138 38 utvidga
403 1899 452 41 fullmaktslagstiftningen
880 1902 45 39 på
950 1902 357 40 folkförsörjningens
1332 1904 152 30 område.
1510 1904 83 30 Ofta
1616 1905 125 29 kräver

240 1948 175 40 krisläget,
441 1952 50 27 att
513 1951 351 39 regleringsåtgärder
888 1961 43 21 av
954 1952 92 30 olika
1070 1953 73 40 slag
1167 1953 154 39 vidtages
1345 1956 85 28 utan
1455 1955 158 39 omgång.
1639 1955 100 29 Folk-

240 2000 279 40 försörjningens
545 2002 175 31 intressen
747 2002 199 40 tillgodoses
975 2004 175 40 nämligen
1178 2005 87 35 bäst,
1294 2015 56 20 om
1377 2007 271 39 ransoneringar
1675 2007 65 29 och

240 2049 107 29 andra
368 2050 211 39 regleringar
600 2051 71 30 kan
692 2052 201 39 planläggas
913 2053 11 28 i
945 2052 120 40 förväg
1087 2054 65 30 och
1173 2055 106 29 sedan
1300 2056 85 28 utan
1408 2055 170 39 dröjsmål
1602 2064 138 31 genom-

240 2098 103 35 föras,
365 2100 43 30 då
431 2101 38 29 så
489 2102 37 28 är
547 2102 158 38 påkallat
725 2103 63 30 och
809 2103 169 40 lämpligt.
999 2104 169 40 Vanligen
1189 2106 37 29 är
1247 2115 41 20 av
1309 2107 127 28 största
1457 2106 84 33 vikt,
1563 2107 50 28 att
1634 2107 106 38 regle-

239 2149 258 40 ringsåtgärder
515 2152 74 29 icke
607 2152 67 29 blir
693 2154 116 29 kända
827 2154 10 28 i
857 2154 132 39 förväg.
1010 2154 48 30 De
1078 2155 70 29 kan
1168 2156 119 29 därför
1304 2156 11 29 i
1335 2156 192 29 allmänhet
1544 2156 75 30 icke
1638 2164 102 29 grun-

239 2199 60 29 das
317 2200 43 36 på
379 2200 115 38 någon
514 2211 41 20 av
573 2202 125 37 Kungl.
719 2203 101 36 Maj:t
839 2204 65 29 och
923 2204 183 37 riksdagen
1127 2208 209 34 gemensamt
1355 2206 119 29 stiftad
1495 2207 53 36 lag
1570 2206 54 29 för
1643 2206 96 37 varje

239 2250 140 31 särskilt
402 2251 73 30 fall.
497 2252 169 38 Lagråds-
688 2254 64 29 och
774 2254 419 40 riksdagsbehandlingen
1215 2257 38 28 är
1273 2256 107 29 oftast
1403 2256 54 30 för
1479 2256 259 36 tidskrävande,

238 2301 113 28 vartill
374 2302 159 29 kommer
556 2303 67 28 den
647 2303 222 39 offentlighet
894 2314 75 20 som
992 2305 37 29 är
1052 2305 213 40 förknippad
1287 2307 79 29 med
1388 2316 42 20 en
1454 2307 108 29 sådan
1585 2308 154 29 behand-

238 2349 79 40 ling.
333 2351 47 29 På
397 2353 113 37 grund
525 2362 41 20 av
581 2353 58 29 det
656 2353 147 30 anförda
820 2354 110 30 måste
947 2354 105 39 enligt
1068 2356 250 39 utredningens
1335 2356 142 39 mening
1492 2357 246 39 befogenheter

238 2399 115 31 finnas
373 2402 56 29 för
451 2402 123 39 Kungl.
595 2403 108 38 Maj:t
723 2405 49 28 att
792 2405 85 28 utan
897 2404 205 39 riksdagens
1124 2406 155 29 hörande
1300 2406 135 30 besluta
1458 2416 56 20 om
1534 2408 204 38 reglerings-

238 2450 158 39 åtgärder
415 2461 43 20 av
475 2452 92 29 olika
587 2453 84 39 slag.
