1868 2778
245 146 39 31 84
635 151 116 31 Andra
774 153 244 39 lagutskottets
1042 156 177 31 utlåtande
1240 167 44 20 nr
1307 159 49 29 19.

247 233 197 40 utsättning
464 235 51 28 att
537 235 170 31 förlusten
729 238 37 29 är
787 248 44 20 av
852 240 64 29 den
938 242 53 28 art
1013 241 65 29 och
1100 242 128 30 storlek
1250 244 51 29 att
1322 245 56 28 det
1398 244 75 30 icke
1495 246 70 29 kan
1588 246 157 40 rimligen

246 281 138 33 fordras
405 286 50 28 att
476 287 79 28 med
577 286 136 40 hänsyn
734 288 52 30 till
809 288 266 33 förhållandena
1097 292 171 31 förlusten
1289 294 10 28 i
1321 294 54 29 sin
1395 295 116 30 helhet
1534 297 88 29 skall
1644 297 102 30 bäras

246 340 42 22 av
306 333 140 30 honom.

290 381 89 29 Herr
398 383 202 31 Andersson
621 393 101 22 anser
742 386 10 29 i
772 386 111 30 likhet
902 388 79 30 med
1002 389 241 40 utredningen,
1265 392 51 30 att
1337 391 62 30 fall
1418 392 71 30 kan
1510 394 138 40 uppstå,
1670 404 75 21 som

245 431 160 40 rimligen
425 434 62 29 bör
508 434 180 32 föranleda
708 437 71 30 viss
801 439 194 39 ersättning
1017 449 42 21 av
1081 442 201 29 statsmedel
1303 443 64 29 och
1390 453 74 20 som
1486 444 77 30 icke
1586 446 97 30 täcks
1705 456 42 20 av

245 480 283 42 lagstiftningens
551 486 116 39 övriga
687 487 334 40 ersättningsregler,
1043 500 80 20 men
1144 491 100 30 dessa
1264 492 63 30 fall
1347 493 109 30 måste
1476 494 48 30 bli
1546 495 38 30 så
1603 495 142 40 fåtaliga

243 532 51 28 att
324 532 41 29 de
394 533 75 29 icke
498 535 187 30 motiverar
714 537 174 30 särskilda
918 539 328 39 lagbestämmelser.
1278 542 50 29 De
1357 543 198 40 föreslagna
1586 546 160 39 speciella

244 582 373 40 ersättningsreglerna
645 586 70 29 kan
742 587 107 39 enligt
877 589 79 29 herr
984 589 219 31 Anderssons
1233 592 142 40 mening
1399 593 140 31 befaras
1567 595 11 29 i
1606 596 136 30 onödan

243 638 39 31 ge
311 632 141 39 upphov
480 633 51 29 till
562 636 145 37 grusade
736 636 278 41 förhoppningar
1042 640 64 30 hos
1136 641 159 30 enskilda
1324 643 227 39 medborgare
1581 647 89 28 samt
1701 655 41 20 en

241 680 218 31 omfattande
483 686 282 37 pappersexercis
790 687 54 29 för
867 688 78 29 dem
970 689 64 29 och
1059 690 138 39 statliga
1219 692 252 39 myndigheter.
1497 694 127 30 Härtill
1646 695 98 30 kom-

242 738 73 22 mer
336 732 50 28 att
407 732 41 29 de
469 734 163 30 närmare
653 735 225 39 riktlinjerna
900 738 74 29 icke
996 738 137 31 kunnat
1153 741 199 39 uppdragas
1375 743 63 29 och
1462 743 57 32 det
1542 753 102 30 synes
1665 746 78 29 där-

239 778 56 30 för
317 779 76 31 icke
416 781 324 33 tillfredsställande
764 787 61 33 att,
850 787 85 29 även
958 796 57 21 om
1040 789 155 39 reglerna
1221 791 90 29 skall
1336 792 176 40 tillämpas
1538 795 204 34 restriktivt,

239 829 73 30 helt
335 831 200 32 överlämna
559 835 209 38 avgörandet
793 836 53 31 till
870 837 124 40 Kungl.
1020 838 116 40 Maj:t.
1161 840 143 31 Liksom
1328 841 123 31 hittills
1476 843 63 31 bör
1563 844 11 30 i
1598 844 42 30 de
1664 846 78 29 säll-

239 881 102 34 synta
357 880 71 35 fall,
444 881 44 30 då
503 883 189 38 ersättning
708 885 70 29 kan
794 885 262 38 ifrågakomma,
1073 890 208 36 avgörandet
1297 891 125 30 träffas
1437 902 43 20 av
1497 893 124 38 Kungl.
1639 895 102 36 Maj:t

238 929 66 29 och
328 930 142 40 riksdag
495 936 225 35 gemensamt.

280 1029 127 32 Vidare
430 1032 64 30 har
520 1034 232 40 utredningen
776 1036 187 41 föreslagit,
989 1041 50 28 att
1065 1041 109 29 under
1198 1042 162 30 närmare
1384 1044 149 39 angivna
1559 1045 178 31 förutsätt-

237 1079 126 40 ningar
385 1082 100 39 ägare
508 1093 43 20 av
574 1083 241 38 förnödenhet,
838 1087 221 32 beträffande
1082 1090 116 30 vilken
1220 1091 126 40 Kungl.
1369 1093 104 40 Maj:t
1495 1095 45 39 på
1563 1097 112 38 grund
1697 1106 40 20 av

236 1129 180 41 knapphet
436 1133 82 30 eller
539 1135 127 30 väntad
686 1136 182 40 knapphet
887 1140 174 30 meddelat
1082 1141 442 41 ransoneringsföreskrift,
1547 1145 89 31 skall
1655 1156 82 21 vara

235 1180 195 41 berättigad
447 1184 50 30 att
513 1184 140 40 påkalla
670 1186 135 30 inlösen
823 1196 42 22 av
881 1188 74 30 sina
972 1189 120 32 förråd
1110 1201 41 20 av
1167 1192 287 32 förnödenheten.
1472 1194 161 32 Rörande
1651 1198 87 29 stor-

235 1231 102 30 leken
357 1242 43 20 av
419 1234 65 30 den
506 1236 203 38 ersättning,
732 1246 75 21 som
828 1239 62 29 bör
911 1240 82 39 utgå
1013 1240 54 30 till
1088 1242 125 37 ägaren
1233 1243 11 29 i
1266 1243 124 30 sådant
1411 1244 71 35 fall,
1506 1246 159 31 förordas
1687 1248 49 29 att

234 1281 114 31 denne
368 1283 89 30 skall
477 1284 47 31 ha
544 1285 204 40 gottgörelse
769 1288 56 29 för
846 1288 75 30 sina
941 1289 291 40 självkostnader,
1254 1294 32 30 d.
1306 1302 30 20 v.
1359 1303 25 21 s.
1404 1295 40 29 de
1465 1295 158 32 faktiska
1643 1297 94 30 kost-

235 1332 155 31 naderna
409 1333 54 31 för
481 1335 213 39 produktion
713 1337 83 30 eller
815 1338 106 41 inköp
940 1349 42 21 av
1000 1341 58 29 det
1075 1341 126 30 inlösta
1219 1343 139 40 partiet,
1376 1345 74 29 vari
1469 1347 194 40 ersättning
1681 1347 54 31 för

234 1381 146 39 ägarens
403 1386 73 37 eget
500 1385 116 30 arbete
638 1385 179 33 inräknas.
841 1388 120 32 Såsom
984 1390 175 33 subsidiär
1180 1394 93 39 regel
1295 1394 62 30 bör
1379 1396 139 38 stadgas
1542 1397 50 29 att
1615 1398 121 29 ersätt-

234 1432 130 40 ningen
383 1434 56 31 vid
457 1434 140 32 inlösen
615 1436 74 31 icke
710 1438 55 30 får
784 1439 173 40 överstiga
975 1442 67 29 vad
1063 1451 74 20 som
1158 1443 111 31 skulle
1291 1444 112 38 utgått
1423 1455 56 20 om
1499 1447 137 30 kronan
1655 1449 78 29 med

233 1483 79 30 stöd
330 1493 42 21 av
390 1483 308 43 förfogandelagen
717 1489 237 39 exproprierat
972 1490 288 33 förnödenheten.

276 1532 134 32 Endast
424 1536 47 28 ett
484 1544 64 31 par
563 1545 42 20 av
617 1535 347 34 remissinstanserna
978 1540 65 31 har
1056 1541 77 31 haft
1147 1543 104 39 något
1269 1545 51 29 att
1338 1543 114 31 erinra
1466 1548 73 28 mot
1558 1542 175 49 förslaget,

231 1584 51 29 att
303 1583 125 41 Kungl.
449 1585 107 40 Maj:t
575 1587 12 29 i
606 1588 261 39 undantagsfall
888 1591 89 30 skall
997 1592 121 32 kunna
1138 1593 135 31 besluta
1292 1604 57 20 om
1369 1596 150 30 särskild
1539 1598 194 40 ersättning

232 1632 55 31 för
309 1634 136 35 förlust,
469 1645 76 21 som
568 1637 221 40 uppkommit
811 1639 52 30 till
886 1640 88 40 följd
998 1650 42 21 av
1061 1642 248 42 krisreglering
1331 1646 81 29 eller
1435 1646 217 41 förfogande.
1675 1648 58 30 Så-

230 1683 109 29 lunda
359 1685 155 29 ansluter
537 1686 51 39 sig
609 1695 40 21 en
669 1696 42 20 av
732 1687 333 41 civilbefälhavarna
1088 1691 51 29 till
1160 1692 80 29 herr
1262 1693 218 32 Anderssons
1504 1693 228 47 ståndpunkt.

230 1733 118 41 Enligt
369 1735 354 40 grossistförbundets
746 1740 143 40 mening
911 1742 37 29 är
971 1741 126 41 Kungl.
1121 1743 103 40 Maj:t
1248 1745 10 29 i
1282 1746 186 31 statsrådet
1492 1749 79 29 med
1594 1748 136 40 hänsyn

230 1783 54 31 till
308 1784 121 31 kravet
452 1787 45 40 på
520 1788 253 31 rättssäkerhet
799 1790 30 40 ej
858 1790 113 41 någon
995 1792 144 41 lämplig
1163 1794 136 32 instans
1325 1795 54 31 för
1403 1799 50 28 att
1477 1799 128 39 avgöra
1630 1800 100 29 dessa

229 1834 380 41 ersättningsärenden.

273 1884 13 29 I
308 1884 98 41 fråga
426 1895 57 21 om
503 1888 68 30 den
590 1898 41 20 av
651 1890 231 40 utredningen
902 1891 186 32 förordade
1108 1894 251 32 inlösenrätten
1378 1897 11 29 i
1408 1897 91 30 vissa
1521 1898 63 31 fall
1603 1899 63 31 har
1686 1910 43 19 en

228 1934 55 30 del
307 1935 302 33 remissinstanser
632 1940 132 30 anmält
787 1940 194 33 avvikande
1004 1944 141 39 mening
1168 1944 221 32 beträffande
1412 1948 176 30 storleken
1612 1958 43 21 av
1676 1951 53 29 ut-

229 1984 131 39 gående
378 1987 244 39 ersättningar.

271 2034 470 42 Riksvärderingsnämnden
760 2039 70 30 kan
847 2039 75 31 icke
939 2041 72 29 helt
1027 2042 139 31 ansluta
1184 2044 51 39 sig
1251 2045 52 29 till
1321 2046 250 40 utredningens
1587 2048 141 40 förslag.

227 2083 183 32 Nämnden
436 2085 96 30 delar
558 2087 201 41 visserligen
787 2090 250 39 utredningens
1065 2093 236 40 uppfattning,
1329 2097 50 28 att
1405 2097 240 39 ersättningen
1670 2099 57 30 vid

225 2132 136 31 inlösen
384 2134 75 31 icke
481 2135 91 31 skall
594 2137 179 41 inbegripa
795 2139 175 31 utebliven
993 2141 103 35 vinst,
1121 2152 79 21 men
1225 2144 108 40 enligt
1355 2146 194 30 nämndens
1573 2148 155 40 uppfatt-

226 2183 84 40 ning
330 2184 62 30 bör
413 2185 195 39 sakägaren
630 2187 103 31 likväl
756 2188 76 30 icke
854 2189 162 31 åsamkas
1037 2191 137 32 förlust.
1196 2194 13 30 I
1230 2194 38 30 så
1291 2194 62 30 fall
1373 2195 61 30 bör
1456 2196 11 30 i
1488 2198 238 40 ersättningen

225 2232 169 32 inräknas
418 2252 44 3 —
484 2236 122 30 utöver
631 2237 40 29 de
695 2238 157 30 faktiska
878 2239 237 33 kostnaderna
1139 2243 54 31 för
1216 2244 213 39 produktion
1454 2246 64 29 och
1543 2247 183 41 återinköp

225 2284 92 28 samt
339 2285 206 38 gottgörelse
570 2286 55 30 för
649 2290 74 36 eget
746 2288 118 32 arbete
950 2289 345 41 lagringskostnader
1318 2295 64 29 och
1404 2296 10 29 i
1437 2295 289 34 förekommande

225 2331 61 29 fall
308 2334 379 39 transportkostnader.
708 2336 184 31 Nämnden
912 2339 101 39 utgår
1033 2340 121 31 därvid
1174 2342 79 30 från
1274 2345 50 28 att
1344 2344 10 29 i
1375 2345 350 39 lagringskostnaden

224 2381 168 31 inräknas
413 2384 86 29 även
520 2386 136 28 normal
676 2387 112 32 ränta,
811 2388 97 39 Väljs
929 2389 115 30 denna
1064 2392 112 38 utväg,
1197 2392 160 31 kommer
1378 2393 242 34 handelsvinst
1639 2398 11 29 i
1670 2398 56 29 be-

223 2432 198 30 märkelsen
442 2434 270 40 företagarvinst
733 2437 76 30 icke
830 2440 50 27 att
899 2439 82 38 utgå
1000 2440 58 29 vid
1078 2440 134 31 inlösen
1232 2443 108 40 enligt
1361 2444 177 32 allmänna
1561 2456 165 22 ransone-

223 2482 198 40 ringslagen
440 2493 81 21 men
541 2485 55 30 väl
616 2485 104 40 enligt
740 2487 178 32 allmänna
938 2489 319 42 förfogandelagen.
