2214 2634
487 184 17 29 2
876 190 352 43 Bevillningsutskottets
1254 196 203 34 Betänkande
1480 200 63 31 N:o
1569 202 47 29 11.

445 272 118 47 Maj:ts
602 274 12 34 i
655 273 373 42 öfverensstämmelse
1069 282 82 34 med
1192 282 96 37 detta
1323 284 139 49 förslag
1491 288 51 35 till
1572 289 206 49 Riksdagen
1807 294 132 35 aflåtna
1969 309 84 34 pro-

445 323 155 47 position
629 324 78 36 blef
730 327 107 35 också
864 328 39 35 af
927 329 206 48 Riksdagen
1163 333 160 37 bifallen.

576 374 70 36 Det
687 383 39 27 är
757 381 98 32 svårt
883 385 53 29 att
964 379 102 46 fatta,
1095 382 93 36 huru
1218 388 423 49 generalpoststyrelsen,
1672 391 92 37 efter
1791 393 61 36 det
1880 408 172 24 resonne-

444 430 110 39 ment,
587 438 76 23 som
689 426 64 48 jag
780 428 64 35 här
871 429 108 37 ofvan
1009 440 200 30 resumerat
1236 455 47 3 —
1312 442 51 30 ett
1391 447 265 39 resonnement,
1687 455 76 23 som
1792 446 178 48 styrelsen
1998 447 56 36 för

444 473 112 48 öfrigt
594 489 131 34 genom
760 479 112 35 andra
905 482 225 47 uttalanden,
1172 498 76 23 som
1277 487 66 35 här
1370 489 118 35 nedan
1516 491 97 35 skola
1644 492 154 46 anföras,
1828 495 86 47 sjelf
1937 497 116 37 delvis

443 531 158 42 motsagt
640 546 49 4 —
730 529 139 36 kunnat
911 532 145 36 komma
1096 535 55 35 till
1193 536 59 35 det
1280 540 163 43 resultat,
1473 546 53 30 att
1554 548 121 41 portot
1702 543 57 36 för
1785 546 265 38 lokalbrefkort

442 575 79 36 icke
564 577 112 35 borde
715 578 149 38 föreslås
904 583 57 34 till
1004 584 233 49 nedsättning
1277 588 11 34 i
1329 591 261 48 sammanhang
1631 594 81 35 med
1747 596 242 37 reduktionen
2016 599 40 35 af

440 626 220 48 lokalportot
701 629 56 35 för
797 632 242 47 nyssberörda
1079 635 456 42 korsbandsförsändelser.
1594 643 82 36 Lika
1710 646 95 45 goda
1837 648 77 35 skäl
1943 662 108 35 synas

442 678 75 47 mig
540 679 182 47 nemligen
752 680 178 50 föreligga
957 683 57 36 för
1042 685 68 35 den
1135 700 63 22 ena
1230 689 282 49 nedsättningen
1540 706 76 23 som
1645 694 56 36 för
1729 696 69 36 den
1827 699 124 34 andra.

573 728 417 53 Generalpoststyrelsen
1033 743 103 39 säger
1164 738 10 34 i
1203 739 53 35 sin
1285 740 188 37 skrifvelse
1501 743 38 35 af
1562 744 68 35 den
1664 748 16 32 1
1712 760 95 23 mars
1839 751 105 40 1889,
1974 750 77 36 dels

441 784 54 29 att
534 779 58 35 det
634 793 108 36 synes
782 796 81 22 vara
896 784 291 51 »tvifvelaktigt»,
1216 795 52 29 att
1298 791 235 50 nedsättning
1560 795 8 34 i
1600 797 213 48 portoafgift
1841 799 211 37 framkallar

439 829 94 35 ökad
572 830 299 50 korrespondens,
914 835 64 35 »då
1018 835 99 48 fråga
1161 846 39 28 är
1241 853 58 22 om
1329 855 43 21 en
1405 842 116 47 afgift,
1555 858 77 22 som
1661 847 111 36 redan
1800 856 40 27 är
1868 851 87 46 låg»,
1984 852 65 34 och

439 879 88 42 dels,
568 886 51 30 att
661 882 60 35 det
762 884 98 35 >»>med
902 886 165 36 säkerhet
1108 888 121 38 kunde
1269 897 179 42 antagas»,
1490 900 51 30 att
1575 896 69 35 den
1679 897 204 38 beräknade
1912 902 137 36 minsk-

439 930 132 48 ningen
616 931 9 34 i
668 933 207 37 inkomsten
916 935 57 36 för
1013 938 445 41 korsbandsförsändelser
1498 945 161 37 »komme
1696 954 53 29 att
1776 963 77 22 mer
1880 958 44 28 än
1955 958 94 29 mot-

439 987 108 41 vägas
587 981 39 35 af
663 983 69 35 den
775 985 137 48 ökning
953 987 10 34 i
1004 990 133 35 antalet
1179 991 39 35 af
1254 992 120 48 dylika
1411 994 252 47 försändelser,
1693 1012 75 22 som
1798 1014 133 33 genom
1961 1003 88 35 ned-

438 1032 205 46 sättningen
686 1035 12 33 i
738 1035 105 45 afgift
877 1037 146 36 komme
1050 1044 53 29 att
1129 1040 237 38 framkallas...
1413 1045 94 35 Båda
1539 1047 113 43 dessa,
1682 1049 202 38 hvarandra
1914 1058 134 31 motsä-

436 1081 118 46 gande
581 1084 196 47 yttranden
806 1086 120 48 åsyfta
953 1087 109 36 bland
1092 1097 111 29 annat
1230 1092 67 36 den
1327 1093 56 36 för
1402 1096 447 40 korshandsförsändelser
1869 1104 180 45 utgående

437 1132 295 47 minimiafgiften
761 1137 20 32 4
810 1143 71 35 öre,
913 1137 146 36 hvilken
1087 1139 56 36 för
1170 1142 292 38 lokalbefordran
1491 1147 117 36 skulle
1636 1150 184 37 nedsättas
1848 1153 56 35 till
1935 1156 19 32 2
1975 1161 72 29 öre.

571 1182 77 36 Den
692 1185 225 37 konkurrens
959 1189 80 35 med
1082 1190 317 48 telefonväsendet,
1429 1209 75 23 som
1531 1201 409 50 generalpoststyrelsen
1970 1218 78 22 om-

439 1240 161 35 nämner,
643 1234 111 36 borde
788 1238 56 34 väl
873 1238 107 36 äfven
1008 1240 11 34 i
1047 1241 56 34 sin
1132 1251 94 35 mån,
1255 1245 77 35 sedt
1363 1259 42 21 ur
1434 1250 247 44 nyssnämnda
1708 1254 200 46 synpunkt,
1938 1255 110 36 hafva

437 1289 122 29 manat
598 1285 55 35 till
694 1292 63 38 att,
801 1287 224 38 beträffande
1066 1291 302 50 brefkortportot,
1410 1297 151 36 beträda
1602 1300 69 36 den
1713 1303 335 49 mångbepröfvade

435 1341 131 39 vägen:
608 1337 354 48 portonedsättning,
1004 1341 11 34 i
1056 1344 197 46 synnerhet
1292 1346 42 35 då
1371 1347 61 35 det
1458 1350 114 44 gäller
1599 1348 446 58 lokalkorrespondensen,

435 1384 65 35 der
522 1385 41 46 ju
593 1385 180 38 telefonen
801 1390 118 47 spelar
946 1403 44 22 en
1014 1392 263 46 jemförelsevis
1305 1402 76 30 stor
1408 1399 79 34 roll.

570 1436 76 36 Den
687 1439 267 46 portoinkomst
993 1441 56 36 för
1089 1446 39 32 år
1168 1446 164 43 räknadt,
1366 1461 77 23 som
1472 1452 218 45 postverket,
1720 1455 114 47 enligt
1862 1457 184 35 verkstäld

435 1486 165 47 räkning,
642 1488 70 35 kan
753 1495 149 42 antagas
930 1491 107 37 hafva
1065 1493 39 35 af
1127 1495 69 36 den
1226 1497 114 35 lokala
1370 1499 534 52 brefkortskorrespondensen,
1936 1513 110 41 utgör

434 1542 52 29 ett
526 1537 130 49 belopp
696 1539 40 35 af
772 1542 108 42 8,218
923 1542 132 37 kronor
1097 1547 45 33 60
1180 1552 73 30 öre.
1307 1548 101 37 Hade
1442 1557 121 41 portot
1590 1552 56 36 för
1674 1554 102 37 dessa
1803 1556 243 38 försändelser

434 1590 121 43 utgått
588 1589 81 35 med
698 1591 201 47 respektive
928 1595 20 33 3
977 1594 66 35 och
1073 1597 19 33 6
1121 1602 62 30 öre
1209 1597 56 36 för
1292 1600 107 35 enkla
1427 1602 64 34 och
1521 1602 137 37 dubbla
1687 1605 171 38 brefkort
1885 1609 11 34 i
1925 1610 120 34 stället

434 1636 57 36 för
527 1640 19 33 5
575 1640 66 34 och
674 1642 44 33 10
746 1648 70 36 öre,
846 1646 38 32 så
912 1644 118 36 skulle
1057 1645 205 38 inkomsten
1290 1649 105 36 hafva
1425 1652 137 47 utgjort
1593 1657 105 41 4,931
1731 1656 135 37 kronor
1897 1661 43 33 16
1970 1666 73 30 öre.

434 1687 255 49 Minskningen
732 1691 11 34 i
783 1692 161 37 inkomst
984 1695 114 36 skulle
1130 1698 137 36 således
1299 1699 123 37 blifvit
1450 1705 108 41 3,287
1589 1705 133 36 kronor
1750 1710 45 33 44
1824 1715 72 37 öre,
1925 1709 119 37 förut-

432 1744 72 29 satt
544 1744 52 31 att
637 1741 78 35 icke
742 1745 428 49 generalpoststyrelsens
1198 1749 93 46 åsigt
1318 1764 59 23 om
1405 1753 137 47 ökning
1569 1755 10 34 i
1608 1755 309 41 försändelsernas
1944 1762 99 34 antal

430 1800 132 35 genom
595 1791 235 48 nedsättning
856 1795 10 33 i
897 1794 153 47 afgiften
1078 1797 106 37 äfven
1212 1800 10 34 i
1251 1800 236 39 förevarande
1514 1804 61 36 fall
1605 1807 116 36 skulle
1749 1809 93 36 visat
1869 1811 56 45 sig
1957 1824 86 23 vara

432 1839 88 36 fullt
546 1841 124 48 rigtig.

565 1891 82 36 Men
688 1892 106 37 äfven
834 1909 54 22 om
930 1900 39 32 så
1008 1898 77 36 icke
1124 1900 116 36 skulle
1282 1915 86 23 vara
1395 1903 207 47 händelsen,
1632 1911 111 44 något
1770 1922 75 24 som
1875 1911 91 37 dock
1994 1913 48 35 all

431 1940 155 47 tidigare
625 1942 203 38 erfarenhet
870 1952 191 43 motsäger,
1104 1954 38 32 så
1182 1951 153 37 handlar
1367 1954 61 36 det
1456 1956 64 35 här
1547 1970 59 22 om
1634 1963 53 30 ett
1709 1959 268 47 jemförelsevis
2004 1967 35 32 så

430 1990 204 51 obetydligt
676 1994 143 49 belopp,
860 2003 53 29 att
943 2011 94 32 man,
1066 2013 59 23 om
1153 2002 79 36 icke
1260 2002 55 36 för
1342 2011 110 30 annat
1480 2010 38 32 så
1545 2008 92 35 dock
1665 2008 56 37 för
1750 2011 291 50 konseqvensens

430 2042 106 41 skull,
566 2043 64 36 bör
672 2045 227 50 undanrödja
939 2049 118 36 denna
1098 2052 82 35 sista
1224 2054 186 47 qvarlefva
1437 2057 40 35 af
1499 2059 248 47 oegentlighet
1774 2063 10 33 i
1813 2064 228 46 postverkets

430 2092 236 47 afgiftsskala,
696 2095 193 39 bestående
917 2099 132 45 deruti,
1077 2108 54 29 att
1158 2105 208 45 postverket
1394 2112 75 30 mot
1497 2114 52 30 ett
1576 2110 89 35 visst
1694 2111 129 50 belopp
1852 2114 189 36 befordrar

429 2156 44 22 en
502 2143 221 39 försändelse
750 2146 78 37 från
859 2149 115 36 Ystad
1003 2152 55 34 till
1087 2152 220 49 Haparanda
1334 2157 67 35 och
1428 2160 112 34 sedan
1567 2161 93 35 låter
1687 2161 171 38 hembära
1886 2165 69 36 den
1984 2166 56 35 till

428 2193 217 46 adressaten,
676 2210 80 22 men
786 2197 142 38 fordrar
956 2214 135 23 samma
1120 2203 119 48 afgift,
1268 2219 59 23 om
1346 2206 247 40 försändelsen
1613 2212 280 46 postbehandlas
1913 2216 128 36 endast

428 2243 61 37 vid
518 2245 131 37 endera
676 2250 189 35 anstalten.
