2216 2636
485 198 18 29 4
873 196 353 42 Bevillningsutskottets
1250 197 204 32 Betänkande
1480 198 60 31 N:o
1565 200 45 30 11.

444 283 380 36 lokalförsändelserna
868 285 116 34 skulle
1025 284 171 44 medföra,
1226 285 123 36 vidare
1377 285 131 42 anfört,
1537 292 52 29 att
1618 288 58 34 väl
1705 287 89 35 hade
1822 289 226 46 postverkets

443 335 310 35 trafikinkomster
792 334 93 36 efter
925 335 70 35 den
1034 335 169 47 nedgång
1242 336 9 34 i
1286 336 196 44 desamma,
1511 350 74 22 som
1615 338 91 46 egde
1732 351 82 22 rum
1843 341 40 32 år
1914 340 92 34 1885
2037 340 11 34 i

442 385 196 46 anledning
665 384 40 36 af
728 385 70 35 den
826 385 42 35 då
899 385 170 47 vidtagna
1098 385 265 49 förändringen
1382 388 11 34 i
1414 387 59 35 det
1493 387 135 36 inrikes
1649 388 213 48 brefportot,
1879 388 166 36 befunnit

443 435 54 46 sig
537 436 10 34 1
587 435 187 36 oafbrutet
815 436 177 46 stigande,
1026 437 65 35 och
1126 437 210 46 visserligen
1365 438 91 35 hade
1484 439 226 47 postverkets
1738 440 311 36 trafikinkomster

441 486 64 34 allt
533 486 106 35 sedan
670 489 40 32 år
741 488 92 34 1879
854 487 125 45 hvarje
998 490 40 32 år
1056 487 204 47 öfverstigit
1284 487 330 37 driftkostnaderna
1637 489 81 35 med
1739 490 77 35 icke
1836 491 208 48 obetydliga

441 536 140 48 belopp,
613 550 78 22 men
723 540 119 44 någon
870 538 135 35 visshet
1032 537 210 36 förefunnes
1270 539 44 39 ej,
1344 544 52 30 att
1424 539 78 35 icke
1530 552 44 22 en
1602 540 157 47 ändring
1786 541 11 34 i
1826 541 95 35 detta
1952 553 95 37 gyn-

441 599 132 22 samma
615 586 225 36 förhållande
881 587 76 35 förr
996 589 87 34 eller
1123 601 123 22 senare
1279 589 121 36 kunde
1434 590 139 35 komma
1604 595 53 30 att
1685 591 153 35 inträda.
1895 592 65 34 Att
1987 592 59 35 det

441 637 81 35 med
549 641 39 31 år
619 640 94 33 1889
743 638 163 35 nedsatta
935 640 297 46 telegramportot
1262 640 122 35 kunde
1412 640 158 35 medföra
1600 653 44 23 en
1674 641 209 47 minskning
1910 642 12 34 i
1951 643 96 35 bref-

442 688 247 46 utvexlingen,
719 688 79 35 lede
824 690 59 33 väl
911 689 79 35 icke
1019 692 108 44 något
1155 689 138 44 tvifvel,
1322 691 130 35 liksom
1480 696 51 29 att
1552 691 69 35 den
1641 692 63 34 allt
1721 692 92 46 jemt
1834 692 213 48 fortgående

440 739 257 46 utvecklingen
724 738 38 35 af
785 738 307 37 telefonväsendet
1121 741 11 34 i
1161 747 44 28 än
1233 741 111 46 högre
1370 742 92 45 grad
1490 742 156 35 verkade
1674 743 12 33 i
1714 755 137 23 samma
1871 743 174 47 rigtning.

441 788 8 34 I
493 789 195 35 allmänhet
728 789 105 46 gälde
875 802 82 34 nog,
991 795 52 29 att
1080 804 45 21 en
1153 791 236 47 nedsättning
1416 792 11 34 i
1454 792 256 47 portoafgifter
1737 792 239 37 framkallade
2004 807 40 22 en

439 839 92 34 ökad
573 840 304 47 korrespondens;
921 853 81 23 men
1036 840 59 35 det
1128 847 121 41 syntes
1276 841 260 48 tvifvelaktigt,
1565 855 58 22 om
1653 843 116 35 derma
1799 845 97 45 regel
1925 845 122 35 kunde

439 902 85 22 vara
563 891 198 46 tillämplig
801 890 106 35 äfven
939 891 43 35 då
1016 890 101 46 fråga
1148 904 84 22 vore
1259 905 57 22 om
1345 906 45 21 en
1418 892 118 48 afvift,
1565 906 76 22 som
1670 894 109 34 redan
1809 907 85 22 vore
1923 898 37 32 så
1987 896 60 47 låg

439 952 76 22 som
543 940 70 35 den
640 940 57 36 för
723 941 184 35 lokalbref
932 942 191 46 utgående.
1179 941 415 51 Generalpoststyrelsen
1622 949 133 41 ansåge
1775 945 55 46 sig
1849 946 106 35 alltså
1970 945 76 36 icke

439 990 122 35 kunna
600 990 132 36 föreslå
771 990 235 48 nedsättning
1046 992 10 34 i
1098 992 260 48 portoafgiften
1386 993 56 35 för
1471 1007 84 22 vare
1583 994 56 46 sig
1666 995 265 35 lokalbrefkort
1960 997 87 35 cler

440 1040 187 36 lokalbref.

571 1090 231 36 Beträffande
842 1091 443 38 korsbandsförsändelser
1322 1092 159 49 föreslog
1521 1094 163 36 deremot
1717 1097 189 47 styrelsen,
1937 1097 109 35 bland

437 1147 120 37 annat,
599 1147 52 29 att
693 1142 264 48 minimiportot
997 1142 56 35 för
1092 1142 240 37 försändelser
1372 1144 39 35 af
1448 1144 277 47 ifrågavarande
1758 1147 88 45 slag,
1875 1147 124 35 hvilka
2027 1151 19 32 å

438 1193 213 46 postanstalt
692 1192 244 36 behandlades
976 1199 88 29 utan
1100 1199 55 30 att
1195 1194 80 35 med
1318 1201 80 41 post
1432 1196 87 35 eller
1545 1195 39 35 af
1607 1196 319 37 landtbrefbärare
1955 1197 91 36 fort-

438 1242 142 42 skaffas,
609 1242 183 36 nedsattes
819 1244 55 34 till
904 1243 139 36 hälften
1070 1243 39 35 af
1132 1245 44 34 de
1203 1244 56 35 för
1286 1245 125 48 dylika
1439 1246 242 36 försändelser
1709 1247 60 35 vid
1788 1260 122 22 annan
1926 1248 120 36 befor-

438 1292 90 35 dran
568 1293 181 46 utgående
791 1293 302 47 minimiafgifter.
1153 1295 116 35 Sedan
1312 1295 128 48 Kongl.
1483 1296 112 47 Maj:t,
1628 1298 12 34 i
1671 1297 376 37 öfverensstämmelse

438 1343 81 35 med
558 1345 429 47 generalpoststyrelsens
1023 1345 152 35 berörda
1203 1345 144 47 förslag,
1379 1347 57 35 till
1464 1347 182 36 nästlidna
1674 1351 57 32 års
1760 1348 162 49 Riksdag
1948 1350 97 46 gjort

438 1393 269 48 framställning
747 1395 10 34 i
799 1394 102 48 fråga
941 1408 59 22 om
1033 1395 95 35 vissa
1155 1397 77 45 slag
1259 1396 39 35 af
1322 1397 456 44 korsbandsförsändelser,
1808 1405 92 29 samt
1928 1400 116 35 denna

437 1444 271 48 Framställning
739 1444 40 36 af
808 1445 209 47 Riksdagen
1049 1446 162 42 bifallits,
1246 1446 117 44 hafva,
1393 1449 114 47 enligt
1535 1448 76 36 dels
1640 1449 128 46 nådiga
1800 1450 245 47 kungörelsen

437 1495 69 35 den
536 1497 44 33 22
611 1496 69 45 maj
714 1498 91 33 1891
836 1496 187 46 angående
1050 1497 156 46 ändring
1232 1498 11 33 i
1272 1498 132 47 nådiga
1432 1499 241 46 kungörelsen
1702 1500 68 35 den
1793 1503 40 32 11
1858 1501 70 47 maj
1951 1503 92 34 1883

436 1546 186 45 angaende
661 1546 164 35 vilkoren
864 1546 56 36 för
962 1547 203 46 tidningars
1205 1548 65 35 och
1310 1549 222 36 tidskrifters
1565 1550 281 47 postbefordran
1874 1552 66 34 och
1969 1552 76 35 dels

436 1597 427 48 generalpoststyrelsens
891 1597 217 47 kungörelse
1136 1598 67 35 den
1235 1600 43 34 29
1303 1599 83 46 juni
1419 1602 86 33 1891
1540 1600 188 47 angående
1756 1602 236 48 nedsättning
2011 1602 38 35 af

439 1646 301 47 portoafgifterna
778 1647 55 36 för
874 1649 95 34 vissa
1010 1648 444 37 korsbandsförsändelser
1486 1651 60 34 vid
1579 1651 306 44 lokalbefordran,
1920 1657 124 42 porto-

436 1696 195 48 afgifterna
670 1697 58 36 för
767 1699 170 46 samtliga
978 1699 116 34 lokala
1135 1699 445 38 korsbandsförsändelser
1621 1701 123 36 blifvit
1776 1703 187 35 bestämda
1993 1709 51 29 att

438 1750 87 43 utgå
552 1748 10 34 i
591 1747 375 37 öfverensstämmelse
995 1749 81 36 med
1105 1749 92 36 hvad
1224 1752 413 48 generalpoststyrelsen
1666 1753 152 35 sålunda
1845 1753 197 48 föreslagit.

572 1949 60 44 Då,
662 1953 117 33 såsom
807 1951 40 35 af
870 1951 259 36 ofvanstående
1157 1953 226 48 redogörelse
1410 1953 171 47 framgår,
1611 1953 55 36 för
1695 1955 294 36 lokalbefordran
2008 1957 35 34 at

438 2000 321 47 postförsändelser
798 2002 11 34 i
850 2003 197 35 allmänhet
1088 2004 263 47 minimiportot
1384 2011 40 28 är
1452 2004 179 36 bestämdt
1661 2005 55 35 till
1745 2005 137 36 hälften
1909 2007 40 34 af
1973 2007 69 35 den

436 2051 262 46 minimiafgift,
740 2065 77 22 som
857 2052 62 35 vid
958 2066 118 22 annan
1118 2054 194 35 befordran
1353 2054 40 36 af
1429 2055 187 36 enahanda
1648 2055 241 37 försändelser
1923 2060 118 45 utgår,

435 2101 150 35 innebär
612 2102 72 42 det,
715 2116 43 21 ur
785 2103 188 36 teoretiskt
1003 2105 187 47 synpunkt
1218 2105 88 39 sedt,
1335 2105 268 47 otvifvelaktigt
1631 2119 45 22 en
1703 2107 258 48 vegentlighet,
1991 2113 51 30 att

436 2157 120 41 portot
592 2152 57 35 för
689 2153 267 36 lokalbrefkort
996 2161 39 27 är
1074 2154 182 36 bestämdt
1296 2156 56 34 till
1394 2169 133 22 samma
1570 2157 131 48 belopp
1733 2170 76 23 som
1838 2163 121 42 portot
1987 2158 56 35 för

436 2201 167 36 brefkort
635 2203 135 36 inrikes
797 2209 98 30 orter
922 2205 164 34 emellan.
1143 2206 126 35 Denna
1296 2206 245 47 oegentlighet
1569 2208 131 34 saknar
1723 2208 91 35 dock
1842 2208 199 47 ingalunda

436 2253 262 47 motsvarighet
726 2254 10 34 i
765 2255 109 35 andra
904 2254 137 36 länder.
1097 2255 110 37 Tvärt
1234 2270 57 22 om
1321 2269 108 36 synes
1456 2256 59 37 det
1544 2271 145 22 snarare
1716 2271 87 22 vara
1830 2260 135 45 regeln,
1989 2264 54 29 att
