1894 2804
476 129 406 41 Bevillningsutskottets
904 126 219 32 betänkande
1146 135 44 20 nr
1210 125 31 30 8.
1595 120 19 30 9

152 218 13 29 I
189 217 221 30 motionerna
433 216 29 29 I:
480 215 61 30 175
564 214 65 30 och
652 214 46 29 II:
715 213 61 30 237
801 213 64 29 har
891 210 225 34 framhållits,
1142 210 51 29 att
1216 208 94 31 vissa
1333 206 179 31 allmänna
1536 213 78 30 syn-

110 269 153 40 punkter
278 268 119 30 kunde
416 266 142 31 anföras
574 265 45 41 på
636 265 42 29 de
694 262 202 32 finansiella
911 262 66 30 och
994 259 231 32 ekonomiska
1240 258 123 41 planer
1381 266 74 21 som
1472 256 75 39 låge
1562 254 53 31 till

109 319 112 39 grund
242 318 54 30 för
316 317 41 30 de
377 317 12 29 i
410 315 303 41 propositionerna
732 313 108 30 5—10
862 311 200 39 föreslagna
1083 307 408 40 skatteskärpningarna.

154 370 112 29 Sedan
289 369 11 29 i
323 367 221 30 motionerna
564 366 162 28 närmare
747 362 206 35 utvecklats,
975 362 12 29 i
1007 361 118 30 vilken
1147 358 214 39 omfattning
1383 357 87 30 brist
1492 356 45 41 på
1558 355 58 29 ba-

109 421 77 29 lans
207 419 208 30 förefunnes
434 418 12 29 i
466 418 57 29 det
542 415 203 31 nuvarande
766 413 230 30 ekonomiska
1015 412 101 39 läget,
1136 411 65 29 har
1220 410 11 29 i
1250 409 221 30 motionerna
1490 406 126 30 under-

111 471 157 33 strukits,
289 471 50 29 att
361 469 116 29 därest
495 476 84 21 man
601 465 225 40 genomförde
847 466 48 28 ett
915 463 125 30 sådant
1061 463 130 38 system
1212 469 75 21 som
1307 461 78 37 toge
1405 459 138 38 hänsyn
1563 456 52 30 till

109 522 164 28 intresset
294 529 42 21 ur
358 519 69 30 alla
448 518 189 39 folklagers
660 515 180 40 synpunkt
865 524 42 21 av
931 516 50 29 att
1002 512 175 30 bibehålla
1198 508 418 43 produktionskrafterna

110 573 57 29 vid
191 573 42 29 de
258 572 55 29 för
337 570 201 40 uppehället
564 567 221 39 nödvändiga
808 574 160 25 varorna,
995 564 118 30 kunde
1139 561 296 38 förutsättningar
1463 559 38 30 så
1527 558 90 30 små-

111 623 143 38 ningom
276 622 129 38 skapas
425 620 55 30 för
500 629 43 20 en
563 617 205 40 minskning
787 617 66 29 och
874 616 88 29 efter
984 614 96 30 hand
1099 615 48 28 ett
1170 610 224 40 fullständigt
1415 609 203 30 avskaffan-

111 674 41 29 de
175 683 42 20 av
238 673 67 29 den
329 670 228 31 individuella
581 668 164 34 kontroll,
769 676 75 21 som
866 665 261 39 regleringarna
1148 662 173 40 utgjorde.
1344 661 104 30 Detta
1470 659 147 39 betydde

113 723 190 40 självfallet
324 722 88 34 icke,
434 723 50 29 att
505 720 61 30 allt
586 720 66 29 vad
673 717 212 40 regleringar
906 716 94 30 hette
1021 714 181 41 upphörde
1223 715 50 28 att
1294 712 149 29 existera
1466 710 82 30 eller
1568 710 50 28 att

113 784 42 20 en
184 773 243 39 hämningslös
456 771 106 30 frihet
589 769 238 41 upprättades.
857 767 74 30 Vad
958 767 58 29 det
1043 766 65 29 här
1136 773 81 22 vore
1245 763 101 39 fråga
1373 771 67 24 om,
1467 769 81 22 vore
1575 769 43 20 en

112 825 205 38 minskning
346 833 42 20 av
414 832 42 20 en
483 822 74 30 ofta
584 820 201 40 närgången
812 818 66 30 och
903 816 208 31 irriterande
1137 813 207 32 individuell
1373 811 154 31 kontroll
1554 810 64 31 och

114 876 78 30 dess
219 874 200 31 ersättande
445 873 79 30 med
552 881 96 21 mera
674 870 166 40 generellt
867 868 176 31 verkande
1071 866 123 30 medel.
1224 865 53 30 En
1304 864 92 30 ökad
1422 862 197 30 lönsamhet

114 927 96 29 inom
232 928 24 27 t.
281 935 51 20 ex.
358 925 67 29 den
450 923 217 38 oumbärliga
689 920 261 41 produktionen
974 919 12 29 i
1008 917 221 31 förhållande
1254 915 54 30 till
1334 915 67 29 den
1425 922 97 21 mera
1544 921 76 20 um-

112 977 133 37 bärliga
263 985 82 20 vore
367 984 42 21 en
431 974 148 38 generell
597 972 170 38 reglering
787 971 38 29 så
843 970 66 38 god
930 979 76 20 som
1025 968 114 37 någon
1160 967 55 29 för
1238 967 48 29 att
1305 965 128 30 bevara
1452 964 83 29 eller
1553 962 68 30 till-

114 1028 77 29 föra
212 1026 134 40 kapital
367 1026 65 29 och
453 1025 110 29 andra
582 1020 371 43 produktionskrafter
974 1019 53 30 till
1049 1027 97 21 mera
1168 1015 200 40 nödvändig
1387 1013 233 31 verksamhet.

115 1078 112 30 Priset
252 1086 81 21 vore
358 1076 122 30 därvid
506 1074 152 40 alltjämt
685 1082 43 21 en
753 1071 134 40 mäktig
911 1070 187 40 regulator,
1123 1077 80 21 vars
1229 1067 65 30 roll
1322 1065 191 40 ingalunda
1540 1072 80 21 vore

115 1128 171 40 utspelad.
305 1125 338 31 Finansministerns
660 1123 156 30 uttalade
834 1121 166 39 farhågor
1021 1120 55 30 för
1096 1121 50 28 att
1164 1120 48 28 ett
1231 1117 108 30 friare
1358 1117 129 38 system
1510 1113 111 31 skulle

115 1180 78 29 leda
219 1179 53 29 till
301 1187 43 20 en
374 1176 262 31 fortskridande
663 1173 229 41 prisstegring
918 1171 138 39 hängde
1083 1169 72 30 helt
1184 1177 161 22 samman
1374 1166 79 30 med
1483 1166 67 29 den
1580 1174 42 20 av

115 1230 131 29 honom
270 1229 76 29 icke
369 1227 203 30 redovisade
595 1224 310 39 förutsättningen,
930 1224 51 28 att
1005 1219 327 42 penningpolitiken
1357 1216 187 39 fråntagits
1569 1215 53 29 sin

118 1281 138 40 uppgift
282 1282 51 28 att
359 1279 95 30 hålla
480 1278 168 29 balansen
672 1276 96 29 inom
796 1276 166 38 systemet
990 1273 66 30 och
1080 1271 185 30 förhindra
1292 1279 25 20 s.
1343 1270 34 28 k.
1404 1266 220 32 kumulativa

115 1329 281 41 prisstegringar.
420 1329 53 29 En
496 1327 122 39 riktigt
640 1325 165 30 bedriven
827 1322 255 41 registrerande
1104 1319 282 41 penningpolitik
1406 1317 90 30 hade
1517 1317 107 28 tvärt-

117 1390 57 20 om
194 1380 186 38 förmågan
400 1381 50 28 att
468 1379 124 38 utgöra
609 1386 43 20 en
671 1376 163 30 verksam
853 1375 119 29 broms
991 1373 45 41 på
1054 1382 43 20 en
1117 1372 109 29 sådan
1246 1380 43 20 av
1307 1369 69 30 alla
1393 1368 77 30 icke
1488 1366 135 31 önskad

117 1430 211 39 utveckling.
354 1430 59 30 Att
438 1430 87 29 även
548 1426 286 40 skattepolitiken
856 1425 118 29 kunde
996 1424 144 28 komma
1164 1421 53 30 till
1242 1419 225 38 användning
1489 1418 12 29 i
1523 1417 101 29 dessa

120 1481 256 38 sammanhang
400 1480 89 29 hade
514 1478 74 30 ofta
613 1476 226 31 framhållits.

163 1531 228 31 Beträffande
418 1530 191 38 budgetens
635 1528 66 29 roll
726 1527 56 29 för
807 1527 67 28 den
902 1522 401 33 samhällsekonomiska
1331 1521 167 29 balansen
1525 1520 63 29 har
1613 1519 12 29 i

118 1583 222 29 motionerna
372 1581 146 32 anförts,
553 1581 50 28 att
634 1578 120 30 alltför
784 1579 71 27 stor
886 1576 74 29 vikt
990 1575 109 29 fästes
1128 1573 58 30 vid
1215 1572 126 39 frågan
1373 1581 57 20 om
1459 1569 167 31 finansie-

121 1634 203 39 ringssättet
348 1632 55 30 för
426 1630 328 41 kapitalbudgetens
779 1627 155 40 utgifter,
959 1635 58 21 om
1041 1626 101 28 dessa
1165 1624 149 29 betalats
1339 1623 79 29 med
1443 1617 185 48 skatteme-

120 1684 55 29 del
199 1683 83 30 eller
307 1682 80 29 med
413 1680 203 31 lånemedel.
644 1678 118 31 Skulle
787 1677 178 38 nämligen
993 1676 89 29 enda
1107 1674 162 30 villkoret
1296 1673 56 29 för
1378 1674 50 28 att
1453 1671 173 39 budgeten

120 1734 76 30 icke
225 1733 151 30 verkade
402 1730 281 31 inflationistiskt
708 1738 84 21 vara
819 1728 66 34 det,
913 1728 48 28 att
988 1727 78 29 dess
1095 1724 142 38 utgifter
1268 1722 252 31 finansierades
1549 1720 78 31 med

122 1783 239 34 skattemedel,
391 1782 111 30 skulle
528 1782 67 28 den
619 1780 80 30 med
724 1780 96 29 detta
844 1784 231 31 resonemang
1101 1776 71 29 lika
1198 1776 108 38 gärna
1332 1774 122 29 kunna
1479 1772 148 30 omfatta

120 1837 23 27 t.
162 1844 51 20 ex.
233 1834 41 29 40
292 1834 83 29 eller
395 1833 40 29 60
453 1833 143 39 procent
614 1840 42 21 av
675 1828 355 31 nationalhushållets
1047 1826 145 39 utgifter
1210 1834 75 21 som
1305 1825 42 29 de
1367 1833 40 20 ca
1427 1823 40 30 20
1484 1823 143 39 procent

123 1886 67 29 den
208 1885 151 29 faktiskt
376 1884 156 29 omslöte.
550 1882 93 29 Även
663 1882 99 28 arten
780 1890 42 19 av
840 1880 41 29 de
898 1878 156 39 utgifter,
1073 1886 75 20 som
1166 1876 140 39 gjordes
1322 1875 12 29 i
1351 1875 183 38 budgeten,
1556 1882 74 30 spe-

121 1935 77 29 lade
218 1943 42 21 en
283 1932 195 39 betydande
497 1931 65 29 roll
583 1931 12 29 i
616 1931 95 29 detta
733 1928 209 30 hänseende.
963 1927 122 30 Såsom
1104 1924 309 31 finansministern
1434 1922 194 30 framhållit

122 1985 118 29 kunde
266 1993 42 20 en
333 1982 235 38 beskattning,
598 1990 74 20 som
698 1980 137 39 syftade
864 1978 50 30 till
941 1979 50 28 att
1016 1976 142 30 minska
1183 1976 67 29 den
1276 1974 160 30 enskilda
1462 1972 168 40 köpkraf-

122 2038 68 31 ten,
220 2035 179 29 betraktas
431 2042 74 21 som
533 2041 42 21 en
606 2032 92 29 form
727 2040 42 20 av
796 2027 311 41 tvångssparande.
1137 2025 183 31 Huruvida
1349 2025 95 29 detta
1472 2024 157 29 däremot

122 2086 89 29 hade
234 2094 135 20 samma
388 2083 211 38 verkningar
621 2082 45 39 på
689 2081 67 29 den
780 2077 401 32 samhällsekonomiska
1201 2076 169 29 balansen
1395 2084 74 20 som
1491 2074 57 29 det
1570 2073 61 29 fri-

122 2136 118 38 villiga
262 2134 187 40 sparandet
471 2135 118 36 syntes
609 2140 96 21 mera
727 2130 118 30 ovisst.
877 2130 5 29 I
903 2128 204 30 nuvarande
1130 2127 75 39 läge
1226 2135 81 20 vore
1329 2125 57 30 det
1409 2123 221 40 synnerligen

124 2186 178 39 angeläget
324 2187 50 27 att
395 2183 197 40 sparandet,
612 2191 74 21 som
705 2181 112 29 under
837 2181 57 29 det
914 2181 137 28 senaste
1071 2178 73 30 året
1163 2177 90 30 visat
1273 2185 43 21 en
1337 2174 199 40 sjunkande
1558 2175 73 28 ten-

126 2238 96 33 dens,
242 2235 256 40 upprätthölles
516 2234 65 29 och
601 2243 58 20 om
678 2232 138 39 möjligt
835 2231 140 32 ökades,
996 2230 38 29 så
1052 2231 50 27 att
1121 2229 57 28 det
1196 2228 96 29 bleve
1310 2226 204 38 tillräckligt
1533 2225 12 28 i
1563 2225 69 28 för-

124 2286 164 30 hållande
314 2285 53 29 till
393 2283 215 38 efterfrågan
633 2282 45 39 på
703 2280 204 30 lånemedel.
938 2278 118 31 Skulle
1083 2277 177 38 nämligen
1287 2275 202 30 införandet
1515 2283 42 20 av
1583 2275 48 27 ett

124 2334 300 40 tvångssparande
443 2333 77 29 leda
540 2333 52 29 till
611 2341 43 20 en
672 2330 205 38 minskning
897 2339 42 20 av
958 2329 58 29 det
1036 2327 166 38 frivilliga
1222 2325 198 40 sparandet,
1444 2323 111 30 skulle
1575 2323 56 29 det

125 2385 199 30 önskvärda
345 2384 105 38 syftet
472 2382 209 30 motverkas.
703 2382 13 28 I
737 2381 66 29 den
827 2379 154 30 aktuella
1005 2377 213 30 situationen
1240 2376 112 29 måste
1372 2361 262 42 motionärerna

125 2436 11 29 i
157 2436 76 30 sina
252 2434 264 38 överväganden
538 2431 189 40 självfallet
747 2430 201 33 förutsätta,
972 2431 50 27 att
1042 2428 66 29 den
1129 2426 216 38 efterfrågan
1365 2425 44 39 på
1429 2423 203 32 lånemedel,
