1890 2778
463 148 286 31 Statsutskottets
770 148 179 30 utlåtande
968 158 42 20 nr
1031 149 62 29 125
1112 149 39 29 år
1172 149 83 29 1963
1574 148 37 30 31

112 234 100 29 finna
234 234 53 30 sin
309 234 150 39 slutpost
479 233 45 40 på
544 234 202 39 rådsplanet
767 234 83 29 eller
871 234 102 39 lägre.
995 233 127 30 Vidare
1145 232 205 30 framhåller
1371 232 242 39 utredningen,

111 287 51 27 att
183 285 56 29 det
259 284 112 29 under
391 284 68 29 alla
480 283 246 30 förhållanden
745 283 98 30 torde
864 283 142 29 komma
1026 285 51 27 att
1097 283 74 29 visa
1192 282 51 39 sig
1264 282 159 39 omöjligt
1444 283 50 28 att
1515 282 11 28 i
1547 282 67 28 den

112 335 80 30 med
224 334 444 40 förflyttningsskyldighet
700 333 165 30 förenade
896 333 295 39 utrikestjänsten
1223 332 268 39 undantagslöst
1523 331 92 30 bibe-

112 385 94 30 hålla
228 385 66 30 den
316 384 251 40 diplomatiska
588 384 207 39 personalen
818 384 51 29 till
893 383 158 40 gällande
1075 382 250 40 avgångsålder
1348 391 43 20 av
1413 382 129 29 65—66
1564 381 49 30 år.

112 436 13 29 I
146 435 94 30 detta
261 435 255 39 sammanhang
535 435 65 29 har
619 434 232 39 utredningen
871 434 86 29 även
978 433 205 34 framhållit,
1204 435 51 27 att
1276 433 66 29 den
1363 432 177 40 pågående
1562 433 52 27 ut-

112 486 209 39 vidgningen
342 495 43 20 av
404 484 459 40 utrikesrepresentationen
883 484 53 30 till
956 486 92 27 orter
1068 483 79 29 med
1168 482 198 30 klimatiskt
1386 483 83 29 eller
1489 490 126 21 annor-

114 537 93 29 ledes
223 536 189 39 pressande
430 534 500 40 tjänstgöringsförhållanden
947 534 70 29 kan
1036 533 110 39 skapa
1164 533 174 30 särskilda
1355 532 166 40 problem,
1541 540 74 21 som

112 587 172 39 påverkar
302 585 257 40 förflyttnings-
577 585 65 29 och
660 583 501 41 befordringsförhållandena.

157 638 89 29 Utan
266 638 50 28 att
336 636 193 39 framlägga
548 635 110 39 några
675 635 172 29 konkreta
864 634 133 38 förslag
1016 633 65 29 har
1101 632 232 39 utredningen
1353 632 132 39 dryftat
1506 631 109 29 förut-

112 688 243 38 sättningarna
375 686 54 29 för
450 688 49 27 att
521 685 106 39 skilja
647 684 355 39 befattningshavare,
1025 692 74 21 som
1120 683 31 39 ej
1176 682 73 30 före
1269 683 71 29 viss
1362 682 94 29 ålder
1477 681 137 30 beford-

111 740 73 28 rats
205 738 50 29 till
276 737 162 39 rådspost
458 736 82 30 eller
560 736 117 39 högre,
698 735 78 29 från
797 735 67 29 den
884 734 79 30 med
984 733 445 40 förflyttningsskyldighet
1449 731 165 31 förenade

112 788 118 30 aktiva
252 787 304 39 utrikestjänsten.
580 786 238 39 Utredningen
841 785 65 29 har
929 784 122 30 därvid
1075 784 105 39 pekat
1204 783 45 39 på
1271 783 270 39 möjligheterna
1565 784 33 27 at

113 838 116 30 införa
251 839 93 38 lägre
366 837 250 40 avgångsålder
636 837 46 29 än
704 837 66 29 den
792 845 48 20 nu
862 835 159 40 gällande
1043 835 83 29 eller
1148 836 50 27 att
1220 834 166 38 tillskapa
1408 833 131 30 former
1562 832 55 29 för

113 889 172 39 övergång
305 888 75 30 före
399 887 294 40 avgångsålderns
712 886 137 29 inträde
869 885 78 30 från
968 884 256 39 utlandstjänst
1244 884 52 29 till
1316 883 111 39 tjänst
1447 883 96 29 inom
1563 884 54 27 ut-

114 939 372 39 rikesdepartementet
506 938 83 29 eller
609 946 117 20 annan
748 936 222 38 förvaltning.
992 935 12 29 I
1026 936 48 28 ett
1095 934 143 30 särskilt
1257 933 163 40 yttrande
1441 933 64 29 har
1527 932 91 30 leda-

114 992 118 27 moten
256 989 190 33 Boheman,
470 988 168 29 likaledes
662 989 86 27 utan
772 988 50 28 att
846 985 198 30 framställa
1068 984 105 39 något
1199 984 142 30 särskilt
1365 983 168 40 yrkande,
1558 991 60 20 an-

116 1042 67 28 sett
204 1040 56 29 det
281 1048 85 21 vara
387 1037 191 40 ingalunda
600 1036 164 39 orimligt,
786 1038 50 27 att
859 1034 275 40 avgångsåldern
1158 1034 54 29 för
1236 1034 132 29 sådana
1390 1032 227 40 tjänstemän,

116 1100 75 20 som
208 1090 30 39 ej
258 1089 198 30 befordrats
472 1088 52 29 till
541 1087 196 38 rådstjänst
754 1086 74 29 före
846 1086 173 39 ingången
1036 1094 43 20 av
1096 1085 41 29 50
1156 1084 49 33 år,
1224 1084 107 29 sättes
1349 1083 52 30 till
1419 1083 115 29 denna
1552 1082 66 29 tid-

115 1141 113 39 punkt
251 1140 65 29 och
338 1138 276 40 avgångsåldern
637 1137 54 29 för
713 1136 216 39 tjänsteman
952 1135 11 29 i
984 1135 26 29 B
1036 1135 27 33 1,
1087 1143 75 21 som
1185 1134 31 39 ej
1241 1133 198 30 befordrats
1461 1132 54 29 till
1537 1132 26 29 B
1588 1132 29 33 2,

115 1192 53 29 till
193 1191 39 30 55
255 1191 48 29 år.

158 1243 64 28 Det
243 1241 39 29 är
304 1239 190 40 självfallet
516 1247 42 21 av
578 1240 73 28 stor
672 1237 73 30 vikt
767 1238 50 28 att
837 1233 493 41 befordringsförhållandena
1352 1233 95 29 inom
1468 1232 149 30 utrikes-

116 1291 258 39 förvaltningen
391 1289 164 40 gestaltas
571 1288 45 40 på
630 1290 49 28 ett
695 1287 125 30 sådant
836 1287 78 33 sätt,
931 1287 50 28 att
997 1284 313 39 utrikestjänstens
1326 1283 210 30 effektivitet
1553 1282 64 30 och

115 1340 375 42 prestationsförmåga
515 1340 72 29 inte
614 1338 154 39 negativt
793 1337 172 39 påverkas
991 1336 118 29 därav.
1138 1334 185 39 Samtidigt
1350 1333 110 30 måste
1489 1333 128 30 största

116 1391 144 39 möjliga
282 1391 139 38 hänsyn
443 1392 54 27 tas
520 1389 52 29 till
596 1389 68 29 den
686 1387 157 30 enskilde
866 1386 306 39 tjänstemannens
1197 1384 214 39 berättigade
1434 1383 184 29 intressen.

116 1441 65 29 Det
203 1442 39 29 är
264 1439 272 40 uppenbarligen
561 1439 55 29 för
638 1438 102 39 tidigt
765 1439 50 28 att
838 1438 11 29 i
872 1437 129 38 dagens
1025 1436 74 38 läge
1123 1437 36 27 ta
1182 1435 118 38 slutlig
1325 1433 218 39 ståndpunkt
1566 1433 51 30 tih

118 1491 123 39 frågan
272 1490 68 30 hur
373 1489 209 30 hithörande
612 1488 156 40 problem
802 1487 88 30 skall
922 1486 174 39 angripas.
1128 1485 65 39 Jag
1225 1485 157 29 ansluter
1415 1484 69 39 mig
1516 1484 104 29 emel-

118 1542 102 29 lertid
246 1541 52 29 till
326 1539 252 39 utredningens
606 1537 236 40 uppfattning,
870 1539 50 27 att
947 1536 147 30 berörda
1122 1535 172 39 spörsmål
1321 1535 62 29 bör
1411 1536 127 37 upptas
1567 1534 51 29 till

114 1591 238 40 övervägande
373 1590 39 30 så
432 1592 96 28 snart
548 1589 210 39 tillräckliga
777 1587 238 31 erfarenheter
1034 1586 145 30 vunnits
1199 1595 42 20 av
1262 1594 47 21 nu
1331 1585 198 38 föreslagna
1549 1584 68 30 för-

117 1643 189 38 ändringar
327 1642 9 29 i
357 1640 278 39 förvaltningens
657 1638 237 40 organisation
915 1639 91 28 samt
1027 1646 43 20 av
1090 1637 57 29 det
1168 1636 180 30 tilltänkta
1368 1635 250 39 rekryterings-

119 1693 194 37 systemet.»

330 1811 232 43 Rekrytering
585 1810 67 33 och
673 1809 198 42 utbildning
891 1809 98 32 inom
1011 1806 395 43 utrikesförvaltningen

163 1891 392 38 Departementschefen
571 1891 64 28 har
651 1890 111 29 under
777 1888 227 30 förevarande
1020 1887 130 29 avsnitt
1165 1886 177 39 redogjort
1358 1886 55 29 för
1428 1886 193 29 UD-utred-

119 1942 146 38 ningens
283 1942 132 38 förslag
434 1943 89 27 samt
542 1939 435 39 remissmyndigheternas
995 1937 198 39 yttranden.
1213 1936 223 29 Härutinnan
1455 1936 165 29 hänvisas

120 1994 51 28 till
196 2002 24 21 s.
244 1992 129 30 89—-95
396 1992 10 29 i
430 1991 272 39 propositionen.
727 1990 66 29 För
817 1997 83 31 egen
925 1989 54 29 del
1003 1989 64 28 har
1091 1986 385 41 departementschefen
1502 1986 117 30 anfört

120 2042 166 38 följande.

167 2091 256 39 >»Utredningen
441 2091 205 29 framhåller
663 2092 50 27 att
731 2088 394 39 utrikesförvaltningen
1143 2088 107 28 redan
1268 2087 9 29 i
1296 2087 66 39 dag
1379 2087 177 38 tillämpar
1573 2088 48 27 ett

120 2140 453 39 rekryteringsförfarande,
597 2149 75 20 som
696 2140 10 29 i
729 2139 98 39 fråga
849 2148 56 20 om
928 2138 241 39 noggrannhet
1192 2138 66 29 och
1281 2137 207 29 selektivitet
1512 2137 109 38 knap-

120 2195 78 34 past
223 2192 150 28 behöver
398 2191 53 29 stå
476 2190 145 29 tillbaka
648 2189 54 30 för
727 2189 107 39 några
859 2188 246 29 motsvarande
1132 2187 201 30 företeelser
1358 2187 94 29 inom
1480 2186 142 30 förvalt-

121 2241 84 39 ning
223 2242 64 28 och
306 2239 201 39 näringsliv.
527 2240 64 29 Det
611 2239 119 29 oaktat
750 2238 220 30 konstaterar
992 2237 230 38 utredningen
1244 2239 49 27 att
1314 2237 40 29 de
1376 2237 245 37 förändringar

121 2290 10 28 i
153 2289 413 38 utrikesförvaltningens
586 2288 248 39 organisation,
856 2297 73 21 som
951 2288 67 28 den
1040 2289 114 27 ansett
1176 2286 51 39 sig
1247 2287 84 28 böra
1352 2286 151 35 förorda,
1525 2286 97 28 kom-

120 2350 74 21 mer
214 2343 49 27 att
285 2339 284 39 nödvändiggöra
590 2338 93 30 vissa
705 2338 169 30 reformer
896 2338 78 29 med
997 2337 169 30 avseende
1190 2337 44 39 på
1256 2336 365 38 utrikesförvaltning-

121 2401 61 19 ens
200 2389 250 40 rekryterings-
468 2389 64 29 och
551 2388 474 38 utbildningsförhållanden.

166 2441 72 29 Vad
261 2441 130 38 dagens
413 2439 169 39 diplomat
604 2438 159 33 behöver,
787 2438 98 38 säger
908 2436 242 39 utredningen,
1174 2437 37 28 är
1234 2436 70 29 inte
1328 2436 85 29 blott
1436 2436 91 29 vissa
1552 2436 68 29 for-
