1872 2804
425 159 118 30 Andra
564 159 246 39 lagutskottets
831 159 180 31 utlåtande
1029 170 44 20 nr
1090 162 39 29 31
1151 161 39 29 år
1210 161 85 30 1959
1576 160 40 31 37

110 242 64 30 och
198 244 100 29 enkel
324 244 163 39 ömsning
512 253 41 20 av
577 244 387 39 fartygsbesättningar.
990 245 117 38 Enligt
1131 245 66 29 vad
1221 245 59 39 jag
1305 245 112 29 under
1441 245 94 29 hand
1560 254 51 20 er-

108 293 83 30 farit
209 293 160 30 kommer
387 294 124 39 frågan
529 294 123 29 härom
671 297 49 27 att
739 294 192 31 behandlas
951 304 42 20 av
1011 295 66 29 den
1097 296 10 29 i
1126 295 65 39 fjol
1211 295 147 30 tillsatta
1377 296 233 38 utredningen

104 344 149 29 rörande
277 344 229 39 sjömännens
528 345 196 39 mönstring
745 354 45 20 m.
813 354 44 20 m.

147 394 65 39 Jag
236 394 154 30 biträder
414 395 86 30 även
524 395 41 30 de
590 395 219 39 synpunkter
833 395 233 39 utredningen
1091 395 118 31 anfört
1232 405 58 21 om
1314 396 218 30 önskemålet
1557 369 50 56 att

104 445 200 29 underlätta
326 445 162 30 hemresa
508 445 55 30 för
585 446 139 38 sjömän
747 455 73 20 som
844 456 42 20 en
909 446 119 39 längre
1050 446 51 29 tid
1123 446 207 40 tjänstgjort
1352 447 10 29 i
1386 446 221 30 främmande

103 494 186 31 farvatten.
312 496 75 29 Den
410 506 42 20 av
474 496 231 39 utredningen
728 496 207 40 ifrågasatta
958 497 194 39 ändringen
1175 507 42 20 av
1239 497 39 30 26
1304 497 15 37 8
1346 497 261 40 sjömanslagen

101 545 10 29 i
133 546 95 29 detta
250 546 91 39 syfte
362 546 98 30 torde
482 546 36 30 få
538 548 187 38 övervägas
747 548 10 28 i
779 549 48 28 ett
849 556 122 21 senare
994 547 266 40 sammanhang.

145 596 156 30 Allmänt
324 596 58 30 vill
405 597 59 39 jag
486 597 235 39 understryka
744 599 51 28 att
817 598 42 29 de
882 598 184 39 praktiska
1089 598 202 39 problemen
1314 598 149 30 rörande
1487 599 118 29 veder-

99 646 192 39 lagsrätten
317 647 259 40 genomgående
604 648 37 29 är
667 657 42 20 av
735 648 67 29 den
829 650 105 27 natur
961 651 50 27 att
1038 649 101 29 deras
1167 648 148 40 lösning,
1344 649 115 30 såsom
1488 649 116 29 utred-

99 697 129 39 ningen
254 697 206 35 framhållit,
486 698 77 29 bäst
588 697 181 31 befordras
795 707 57 20 om
878 698 42 29 de
946 701 169 37 upptages
1143 699 50 29 till
1220 707 263 31 gemensamma
1508 700 96 29 över-

98 746 205 40 läggningar
325 748 130 29 mellan
478 748 167 30 redarnas
669 748 64 29 och
757 748 186 39 sjöfolkets
966 749 288 39 organisationer.

142 796 67 29 För
228 796 70 30 viss
320 797 173 39 personal,
515 797 177 40 nämligen
713 797 127 30 främst
862 797 109 30 sådan
992 807 80 21 vars
1094 798 168 30 arbetstid
1284 800 38 29 är
1343 799 194 30 oberoende
1559 808 42 20 av

96 848 276 40 vaktindelning,
400 848 64 30 har
492 849 232 39 utredningen
752 849 119 30 funnit
899 850 51 39 sig
977 850 123 30 kunna
1126 850 129 30 föreslå
1307 850 294 39 minskning

95 907 52 21 av
184 898 89 30 den
309 899 261 30 ordinarie
609 899 334 30 arbetstiden.

140 949 229 30 Beträffande
403 949 374 40 ekonomipersonalen
811 950 146 30 innebär
992 950 252 40 utredningens
1279 951 132 40 förslag
1447 953 50 28 att
1532 952 67 29 den

93 998 124 40 högsta
237 1000 176 30 ordinarie
434 1000 328 39 dygnsarbetstiden
783 1001 52 29 till
857 1001 92 39 sjöss
969 1001 160 30 minskas
1149 1002 79 29 med
1252 1002 13 29 1
1289 1002 122 30 timme
1432 1001 65 30 och
1518 1002 81 39 följ-

93 1049 154 39 aktligen
267 1049 160 30 kommer
446 1052 50 27 att
515 1051 124 38 utgöra
658 1050 19 30 9
697 1051 142 29 timmar
858 1051 44 39 på
922 1051 324 40 passagerarfartyg
1266 1052 66 30 och
1352 1052 19 29 8
1391 1053 142 29 timmar
1553 1052 45 40 på

93 1102 108 27 annat
227 1100 126 39 fartyg.
381 1102 13 28 I
421 1100 99 40 fråga
546 1110 56 20 om
629 1101 325 39 passagerarfartyg
981 1102 127 30 sänkes
1135 1103 86 28 även
1247 1103 151 39 gränsen
1425 1102 56 30 för
1506 1102 91 31 ordi-

92 1150 96 29 narie
212 1150 170 30 arbetstid
404 1151 57 29 vid
484 1150 169 40 fartygets
676 1151 165 40 uppehåll
864 1152 11 29 i
898 1152 108 29 hamn
1029 1153 79 29 med
1134 1153 13 28 1
1174 1153 131 34 timme,
1329 1153 107 30 vilket
1459 1153 139 30 medför

91 1202 50 28 att
160 1200 176 30 ordinarie
356 1201 168 30 arbetstid
544 1202 63 29 när
627 1209 224 32 passagerare
871 1202 117 30 finnes
1008 1202 146 30 ombord
1174 1203 211 31 maximeras
1405 1204 52 29 till
1478 1204 19 29 9
1517 1204 78 29 tim-

90 1259 78 21 mar
195 1251 65 29 och
288 1251 10 29 i
327 1253 108 28 annat
463 1251 62 30 fall
554 1252 51 29 till
634 1252 18 29 8
680 1253 152 28 timmar.
862 1252 75 30 Den
966 1253 175 30 ordinarie
1170 1254 214 30 arbetstiden
1413 1263 60 31 per
1502 1254 93 40 dygn

88 1300 56 30 för
163 1301 374 40 ekonomipersonalen
557 1302 158 30 kommer
735 1302 205 40 härigenom
960 1305 50 28 att
1029 1304 124 38 utgöra
1173 1303 101 41 högst
1294 1304 19 30 8
1333 1304 143 30 timmar
1496 1307 98 27 utom

89 1351 57 30 vid
169 1351 236 40 tjänstgöring
426 1352 44 39 på
491 1352 324 40 passagerarfartyg
837 1354 63 28 när
922 1353 151 40 fartyget
1095 1355 37 28 är
1154 1355 52 29 till
1229 1355 92 39 sjöss
1342 1355 83 30 eller
1446 1355 64 30 ock
1532 1356 61 38 gör

90 1401 164 40 uppehåll
283 1402 10 29 i
322 1402 108 29 hamn
459 1403 64 28 och
552 1403 121 29 därvid
702 1403 63 29 har
794 1411 226 31 passagerare
1050 1404 156 30 ombord.
1236 1407 13 28 I
1279 1405 221 30 sistnämnda
1530 1405 61 30 fall

86 1452 103 39 utgör
213 1452 329 39 dygnsarbetstiden
568 1453 18 29 9
613 1453 151 29 timmar.
791 1453 117 30 Under
933 1454 386 40 remissbehandlingen
1345 1455 64 30 har
1435 1455 80 30 från
1540 1463 52 23 re-

86 1501 137 31 darhåll
244 1504 72 27 mot
336 1502 166 40 förslaget
522 1502 136 31 anförts
679 1505 49 28 att
749 1504 196 29 detsamma
965 1504 159 29 kommer
1144 1507 50 28 att
1215 1505 160 30 medföra
1394 1506 196 38 betydande

87 1552 269 30 merkostnader
389 1552 55 30 för
476 1553 296 39 rederinäringen.
806 1554 118 39 Enligt
958 1554 154 30 Svenska
1147 1555 344 39 sjöfolksförbundet
1524 1556 65 30 och

85 1602 154 30 Svenska
265 1602 396 40 stewardsföreningens
685 1604 92 29 åsikt
800 1604 107 30 borde
930 1604 234 40 utredningen
1187 1606 45 29 ha
1256 1606 73 40 gått
1351 1607 119 39 längre
1493 1607 11 29 i
1529 1607 60 29 sitt

84 1652 141 40 förslag.
257 1653 67 29 För
354 1653 67 30 den
451 1662 111 31 grupp
594 1663 41 20 av
665 1654 375 40 ekonomipersonalen
1071 1655 43 40 på
1145 1656 335 40 passagerarfartyg,
1514 1666 74 21 som

83 1712 120 21 svarar
223 1703 54 30 för
296 1703 120 40 tillsyn
435 1713 42 20 av
495 1704 206 39 provianten
721 1705 65 29 och
805 1705 203 39 tillredning
1028 1715 42 20 av
1088 1706 124 30 kosten
1233 1707 186 40 föreligger
1439 1707 150 31 sålunda

81 1753 108 39 enligt
209 1754 344 39 organisationernas
573 1755 141 39 mening
734 1755 104 39 ingen
858 1756 190 40 anledning
1069 1759 49 27 att
1139 1756 196 31 föreskriva
1356 1758 119 39 längre
1497 1757 90 30 ordi-

81 1804 97 29 narie
200 1804 169 30 arbetstid
391 1805 43 28 än
455 1804 19 29 8
495 1805 152 35 timmar,
669 1805 31 29 d.
721 1814 29 20 v.
773 1815 25 20 s.
820 1806 67 29 den
909 1807 176 38 tidsgräns
1108 1816 74 21 som
1203 1808 107 39 gäller
1332 1808 54 29 för
1408 1808 178 30 ekonomi-

80 1854 208 39 personalen
314 1854 45 39 på
383 1854 241 39 lastfartygen.
650 1855 66 29 För
741 1864 84 31 egen
851 1856 53 29 del
930 1857 71 28 kan
1025 1857 60 39 jag
1109 1857 10 29 i
1145 1859 87 28 stort
1258 1860 66 28 sett
1350 1858 140 30 ansluta
1514 1859 71 39 mig

80 1904 52 29 till
164 1904 41 29 de
238 1904 219 39 synpunkter
489 1914 74 20 som
595 1905 232 39 utredningen
860 1906 118 29 anfört
1010 1907 148 29 rörande
1191 1908 393 39 ekonomipersonalens

79 1953 257 30 förhållanden.
363 1954 49 29 De
437 1955 199 38 ytterligare
662 1955 189 30 kostnader
877 1956 55 29 för
958 1956 284 40 rederinäringen
1270 1967 75 21 som
1371 1960 49 28 ett
1445 1966 139 32 genom-

78 2003 147 30 förande
248 2014 42 19 av
310 2003 167 40 förslaget
499 2004 70 29 kan
590 2005 122 30 väntas
735 2005 160 30 medföra
917 2006 97 30 torde
1037 2007 149 30 sålunda
1207 2008 36 29 få
1265 2008 179 31 betraktas
1468 2009 114 30 såsom

77 2054 247 39 överkomliga.
352 2055 64 38 Jag
442 2055 95 29 delar
564 2055 192 29 emellertid
784 2056 252 39 utredningens
1063 2058 141 39 mening
1231 2060 50 28 att
1308 2068 42 20 en
1378 2059 204 39 minskning

77 2113 43 20 av
143 2104 214 30 arbetstiden
383 2104 43 40 på
452 2105 368 40 passagerarfartygen
846 2107 111 29 under
982 2107 18 28 9
1026 2108 142 29 timmar
1192 2109 76 29 icke
1293 2110 37 28 är
1356 2112 50 26 att
1431 2109 149 30 tillråda.

76 2154 65 38 Jag
164 2154 37 29 är
223 2154 75 30 icke
322 2154 108 30 heller
452 2155 128 29 beredd
604 2157 47 28 att
675 2156 143 30 förorda
840 2157 66 28 den
930 2157 281 40 differentiering
1234 2169 42 19 av
1299 2160 282 38 ekonomiperso-

76 2204 103 29 nalen
203 2204 44 39 på
269 2205 101 29 dessa
394 2205 116 39 fartyg
534 2215 72 20 som
632 2206 78 29 från
736 2206 224 39 sjöfolkshåll
984 2207 213 39 ifrågasatts.
1222 2209 59 29 Att
1305 2209 159 39 tillämpa
1487 2210 94 29 olika

75 2254 208 29 arbetstider
307 2254 54 29 för
383 2255 67 28 den
473 2256 159 38 personal
658 2265 72 19 som
756 2257 38 27 är
817 2256 181 39 sysselsatt
1021 2258 78 28 med
1123 2258 142 30 kostens
1290 2260 203 38 tillredning
1515 2259 65 30 och

75 2304 66 29 den
165 2313 74 20 som
262 2304 64 29 har
349 2306 49 27 att
422 2314 99 20 svara
545 2305 53 28 för
621 2306 263 39 uppassningen
907 2315 103 30 synes
1032 2307 10 28 i
1065 2308 91 29 vissa
1180 2308 60 29 fall
1264 2309 79 29 med
1367 2309 136 39 hänsyn
1527 2309 50 30 till

74 2353 67 30 den
164 2353 331 40 arbetsgemenskap
517 2354 95 29 inom
635 2356 397 39 ekonomiavdelningen
1056 2366 73 21 som
1153 2357 101 30 råder
1276 2359 122 29 kunna
1420 2359 159 29 medföra

73 2403 233 39 olägenheter.
330 2404 64 39 Jag
419 2404 191 39 tillstyrker
634 2405 221 39 följaktligen
879 2406 65 29 vad
968 2407 232 38 utredningen
1225 2408 180 40 föreslagit
1429 2418 55 20 om
1509 2409 69 30 för-

74 2453 166 40 kortning
262 2463 41 19 av
324 2454 65 29 den
413 2454 121 39 högsta
557 2455 174 29 ordinarie
754 2455 213 30 arbetstiden
990 2456 54 29 för
1066 2457 339 40 ekonomipersonal.
