<?xml version="1.0" encoding="UTF-8"?>
<alto xmlns="http://www.loc.gov/standards/alto/ns-v3#" xmlns:xlink="http://www.w3.org/1999/xlink" xmlns:xsi="http://www.w3.org/2001/XMLSchema-instance" xsi:schemaLocation="http://www.loc.gov/standards/alto/ns-v3# http://www.loc.gov/alto/v3/alto-3-0.xsd">
	<Description>
		<MeasurementUnit>pixel</MeasurementUnit>
		<sourceImageInformation>
			<fileName>/tmp/tess_9boi_mzr_input.PNG</fileName>
		</sourceImageInformation>
		<OCRProcessing ID="OCR_0">
			<ocrProcessingStep>
				<processingSoftware>
					<softwareName>tesseract 5.3.0</softwareName>
				</processingSoftware>
			</ocrProcessingStep>
		</OCRProcessing>
	</Description>
	<Layout>
		<Page WIDTH="1856" HEIGHT="2790" PHYSICAL_IMG_NR="0" ID="page_0">
			<PrintSpace HPOS="0" VPOS="0" WIDTH="1856" HEIGHT="2790">
				<ComposedBlock ID="cblock_0" HPOS="253" VPOS="155" WIDTH="1189" HEIGHT="41">
					<TextBlock ID="block_0" HPOS="253" VPOS="155" WIDTH="1189" HEIGHT="41">
						<TextLine ID="line_0" HPOS="253" VPOS="155" WIDTH="1189" HEIGHT="41">
							<String ID="string_0" HPOS="253" VPOS="156" WIDTH="41" HEIGHT="30" WC="0.93" CONTENT="42"/><SP WIDTH="280" VPOS="156" HPOS="294"/>
							<String ID="string_1" HPOS="574" VPOS="155" WIDTH="117" HEIGHT="31" WC="0.92" CONTENT="Andra"/><SP WIDTH="20" VPOS="155" HPOS="691"/>
							<String ID="string_2" HPOS="711" VPOS="156" WIDTH="247" HEIGHT="40" WC="0.91" CONTENT="lagutskottets"/><SP WIDTH="22" VPOS="156" HPOS="958"/>
							<String ID="string_3" HPOS="980" VPOS="157" WIDTH="178" HEIGHT="30" WC="0.96" CONTENT="utlåtande"/><SP WIDTH="19" VPOS="157" HPOS="1158"/>
							<String ID="string_4" HPOS="1177" VPOS="166" WIDTH="44" HEIGHT="21" WC="0.96" CONTENT="nr"/><SP WIDTH="17" VPOS="166" HPOS="1221"/>
							<String ID="string_5" HPOS="1238" VPOS="159" WIDTH="39" HEIGHT="29" WC="0.96" CONTENT="31"/><SP WIDTH="22" VPOS="159" HPOS="1277"/>
							<String ID="string_6" HPOS="1299" VPOS="157" WIDTH="39" HEIGHT="30" WC="0.96" CONTENT="år"/><SP WIDTH="21" VPOS="157" HPOS="1338"/>
							<String ID="string_7" HPOS="1359" VPOS="158" WIDTH="83" HEIGHT="31" WC="0.96" CONTENT="1959"/>
						</TextLine>
					</TextBlock>
				</ComposedBlock>
				<ComposedBlock ID="cblock_1" HPOS="687" VPOS="259" WIDTH="648" HEIGHT="35">
					<TextBlock ID="block_1" HPOS="687" VPOS="259" WIDTH="648" HEIGHT="35">
						<TextLine ID="line_1" HPOS="687" VPOS="259" WIDTH="648" HEIGHT="35">
							<String ID="string_8" HPOS="687" VPOS="261" WIDTH="33" HEIGHT="31" WC="0.95" CONTENT="7."/><SP WIDTH="24" VPOS="261" HPOS="720"/>
							<String ID="string_9" HPOS="744" VPOS="260" WIDTH="223" HEIGHT="33" WC="0.95" CONTENT="Motionerna"/><SP WIDTH="22" VPOS="260" HPOS="967"/>
							<String ID="string_10" HPOS="989" VPOS="259" WIDTH="27" HEIGHT="34" WC="0.90" CONTENT="I:"/><SP WIDTH="13" VPOS="259" HPOS="1016"/>
							<String ID="string_11" HPOS="1029" VPOS="260" WIDTH="68" HEIGHT="33" WC="0.95" CONTENT="467"/><SP WIDTH="22" VPOS="260" HPOS="1097"/>
							<String ID="string_12" HPOS="1119" VPOS="260" WIDTH="68" HEIGHT="33" WC="0.96" CONTENT="och"/><SP WIDTH="22" VPOS="260" HPOS="1187"/>
							<String ID="string_13" HPOS="1209" VPOS="260" WIDTH="46" HEIGHT="34" WC="0.78" CONTENT="II:"/><SP WIDTH="13" VPOS="260" HPOS="1255"/>
							<String ID="string_14" HPOS="1268" VPOS="260" WIDTH="67" HEIGHT="34" WC="0.95" CONTENT="571"/>
						</TextLine>
					</TextBlock>
				</ComposedBlock>
				<ComposedBlock ID="cblock_2" HPOS="262" VPOS="339" WIDTH="1507" HEIGHT="1113">
					<TextBlock ID="block_2" HPOS="262" VPOS="339" WIDTH="1500" HEIGHT="242">
						<TextLine ID="line_2" HPOS="307" VPOS="339" WIDTH="1453" HEIGHT="42">
							<String ID="string_15" HPOS="307" VPOS="341" WIDTH="13" HEIGHT="28" WC="0.95" CONTENT="I"/><SP WIDTH="26" VPOS="341" HPOS="320"/>
							<String ID="string_16" HPOS="346" VPOS="339" WIDTH="220" HEIGHT="30" WC="0.96" CONTENT="motionerna"/><SP WIDTH="25" VPOS="339" HPOS="566"/>
							<String ID="string_17" HPOS="591" VPOS="339" WIDTH="27" HEIGHT="30" WC="0.15" CONTENT="I:"/><SP WIDTH="16" VPOS="339" HPOS="618"/>
							<String ID="string_18" HPOS="634" VPOS="339" WIDTH="62" HEIGHT="30" WC="0.15" CONTENT="467"/><SP WIDTH="28" VPOS="339" HPOS="696"/>
							<String ID="string_19" HPOS="724" VPOS="340" WIDTH="65" HEIGHT="29" WC="0.96" CONTENT="och"/><SP WIDTH="25" VPOS="340" HPOS="789"/>
							<String ID="string_20" HPOS="814" VPOS="340" WIDTH="45" HEIGHT="29" WC="0.43" CONTENT="II:"/><SP WIDTH="17" VPOS="340" HPOS="859"/>
							<String ID="string_21" HPOS="876" VPOS="340" WIDTH="61" HEIGHT="29" WC="0.43" CONTENT="571"/><SP WIDTH="27" VPOS="340" HPOS="937"/>
							<String ID="string_22" HPOS="964" VPOS="340" WIDTH="212" HEIGHT="35" WC="0.90" CONTENT="hemställes,"/><SP WIDTH="28" VPOS="340" HPOS="1176"/>
							<String ID="string_23" HPOS="1204" VPOS="342" WIDTH="50" HEIGHT="28" WC="0.96" CONTENT="att"/><SP WIDTH="24" VPOS="342" HPOS="1254"/>
							<String ID="string_24" HPOS="1278" VPOS="341" WIDTH="188" HEIGHT="40" WC="0.95" CONTENT="riksdagen"/><SP WIDTH="26" VPOS="341" HPOS="1466"/>
							<String ID="string_25" HPOS="1492" VPOS="343" WIDTH="108" HEIGHT="29" WC="0.96" CONTENT="måtte"/><SP WIDTH="26" VPOS="343" HPOS="1600"/>
							<String ID="string_26" HPOS="1626" VPOS="343" WIDTH="55" HEIGHT="30" WC="0.96" CONTENT="för"/><SP WIDTH="26" VPOS="343" HPOS="1681"/>
							<String ID="string_27" HPOS="1707" VPOS="344" WIDTH="53" HEIGHT="29" WC="0.96" CONTENT="sin"/>
						</TextLine>
						<TextLine ID="line_3" HPOS="262" VPOS="390" WIDTH="1500" HEIGHT="43">
							<String ID="string_28" HPOS="262" VPOS="390" WIDTH="56" HEIGHT="30" WC="0.95" CONTENT="del"/><SP WIDTH="20" VPOS="390" HPOS="318"/>
							<String ID="string_29" HPOS="338" VPOS="390" WIDTH="138" HEIGHT="30" WC="0.95" CONTENT="besluta"/><SP WIDTH="24" VPOS="390" HPOS="476"/>
							<String ID="string_30" HPOS="500" VPOS="390" WIDTH="108" HEIGHT="30" WC="0.96" CONTENT="sådan"/><SP WIDTH="25" VPOS="390" HPOS="608"/>
							<String ID="string_31" HPOS="633" VPOS="390" WIDTH="149" HEIGHT="39" WC="0.96" CONTENT="ändring"/><SP WIDTH="23" VPOS="390" HPOS="782"/>
							<String ID="string_32" HPOS="805" VPOS="400" WIDTH="43" HEIGHT="20" WC="0.92" CONTENT="av"/><SP WIDTH="20" VPOS="400" HPOS="848"/>
							<String ID="string_33" HPOS="868" VPOS="390" WIDTH="506" HEIGHT="39" WC="0.90" CONTENT="övergångsbestämmelserna"/><SP WIDTH="23" VPOS="390" HPOS="1374"/>
							<String ID="string_34" HPOS="1397" VPOS="392" WIDTH="53" HEIGHT="29" WC="0.53" CONTENT="till"/><SP WIDTH="22" VPOS="392" HPOS="1450"/>
							<String ID="string_35" HPOS="1472" VPOS="392" WIDTH="67" HEIGHT="30" WC="0.96" CONTENT="den"/><SP WIDTH="22" VPOS="392" HPOS="1539"/>
							<String ID="string_36" HPOS="1561" VPOS="393" WIDTH="201" HEIGHT="40" WC="0.96" CONTENT="föreslagna"/>
						</TextLine>
						<TextLine ID="line_4" HPOS="263" VPOS="440" WIDTH="1498" HEIGHT="41">
							<String ID="string_37" HPOS="263" VPOS="440" WIDTH="108" HEIGHT="39" WC="0.95" CONTENT="lagen,"/><SP WIDTH="24" VPOS="440" HPOS="371"/>
							<String ID="string_38" HPOS="395" VPOS="442" WIDTH="50" HEIGHT="28" WC="0.96" CONTENT="att"/><SP WIDTH="22" VPOS="442" HPOS="445"/>
							<String ID="string_39" HPOS="467" VPOS="440" WIDTH="310" HEIGHT="30" WC="0.96" CONTENT="bestämmelserna"/><SP WIDTH="23" VPOS="440" HPOS="777"/>
							<String ID="string_40" HPOS="800" VPOS="441" WIDTH="11" HEIGHT="28" WC="0.96" CONTENT="i"/><SP WIDTH="23" VPOS="441" HPOS="811"/>
							<String ID="string_41" HPOS="834" VPOS="440" WIDTH="66" HEIGHT="30" WC="0.96" CONTENT="den"/><SP WIDTH="22" VPOS="440" HPOS="900"/>
							<String ID="string_42" HPOS="922" VPOS="450" WIDTH="48" HEIGHT="20" WC="0.96" CONTENT="nu"/><SP WIDTH="23" VPOS="450" HPOS="970"/>
							<String ID="string_43" HPOS="993" VPOS="441" WIDTH="159" HEIGHT="39" WC="0.93" CONTENT="gällande"/><SP WIDTH="25" VPOS="441" HPOS="1152"/>
							<String ID="string_44" HPOS="1177" VPOS="441" WIDTH="348" HEIGHT="40" WC="0.91" CONTENT="sjöarbetstidslagen"/><SP WIDTH="22" VPOS="441" HPOS="1525"/>
							<String ID="string_45" HPOS="1547" VPOS="443" WIDTH="66" HEIGHT="30" WC="0.96" CONTENT="den"/><SP WIDTH="24" VPOS="443" HPOS="1613"/>
							<String ID="string_46" HPOS="1637" VPOS="445" WIDTH="40" HEIGHT="29" WC="0.93" CONTENT="26"/><SP WIDTH="24" VPOS="445" HPOS="1677"/>
							<String ID="string_47" HPOS="1701" VPOS="453" WIDTH="60" HEIGHT="21" WC="0.93" CONTENT="au-"/>
						</TextLine>
						<TextLine ID="line_5" HPOS="262" VPOS="490" WIDTH="1500" HEIGHT="42">
							<String ID="string_48" HPOS="262" VPOS="491" WIDTH="92" HEIGHT="38" WC="0.92" CONTENT="gusti"/><SP WIDTH="23" VPOS="491" HPOS="354"/>
							<String ID="string_49" HPOS="377" VPOS="490" WIDTH="84" HEIGHT="30" WC="0.96" CONTENT="1948"/><SP WIDTH="24" VPOS="490" HPOS="461"/>
							<String ID="string_50" HPOS="485" VPOS="491" WIDTH="90" HEIGHT="29" WC="0.96" CONTENT="skall"/><SP WIDTH="20" VPOS="491" HPOS="575"/>
							<String ID="string_51" HPOS="595" VPOS="490" WIDTH="175" HEIGHT="30" WC="0.96" CONTENT="förklaras"/><SP WIDTH="23" VPOS="490" HPOS="770"/>
							<String ID="string_52" HPOS="793" VPOS="491" WIDTH="152" HEIGHT="39" WC="0.96" CONTENT="alltjämt"/><SP WIDTH="22" VPOS="491" HPOS="945"/>
							<String ID="string_53" HPOS="967" VPOS="491" WIDTH="90" HEIGHT="39" WC="0.96" CONTENT="gälla"/><SP WIDTH="21" VPOS="491" HPOS="1057"/>
							<String ID="string_54" HPOS="1078" VPOS="491" WIDTH="224" HEIGHT="30" WC="0.96" CONTENT="beträffande"/><SP WIDTH="22" VPOS="491" HPOS="1302"/>
							<String ID="string_55" HPOS="1324" VPOS="491" WIDTH="117" HEIGHT="41" WC="0.96" CONTENT="fartyg"/><SP WIDTH="20" VPOS="491" HPOS="1441"/>
							<String ID="string_56" HPOS="1461" VPOS="493" WIDTH="79" HEIGHT="29" WC="0.96" CONTENT="med"/><SP WIDTH="24" VPOS="493" HPOS="1540"/>
							<String ID="string_57" HPOS="1564" VPOS="503" WIDTH="43" HEIGHT="20" WC="0.92" CONTENT="en"/><SP WIDTH="20" VPOS="503" HPOS="1607"/>
							<String ID="string_58" HPOS="1627" VPOS="494" WIDTH="135" HEIGHT="30" WC="0.91" CONTENT="brutto-"/>
						</TextLine>
						<TextLine ID="line_6" HPOS="263" VPOS="540" WIDTH="851" HEIGHT="41">
							<String ID="string_59" HPOS="263" VPOS="540" WIDTH="200" HEIGHT="40" WC="0.96" CONTENT="dräktighet"/><SP WIDTH="20" VPOS="540" HPOS="463"/>
							<String ID="string_60" HPOS="483" VPOS="541" WIDTH="272" HEIGHT="39" WC="0.96" CONTENT="understigande"/><SP WIDTH="25" VPOS="541" HPOS="755"/>
							<String ID="string_61" HPOS="780" VPOS="542" WIDTH="18" HEIGHT="29" WC="0.95" CONTENT="2"/><SP WIDTH="15" VPOS="542" HPOS="798"/>
							<String ID="string_62" HPOS="813" VPOS="542" WIDTH="62" HEIGHT="29" WC="0.93" CONTENT="000"/><SP WIDTH="21" VPOS="542" HPOS="875"/>
							<String ID="string_63" HPOS="896" VPOS="541" WIDTH="218" HEIGHT="40" WC="0.92" CONTENT="registerton."/>
						</TextLine>
					</TextBlock>
					<TextBlock ID="block_3" HPOS="263" VPOS="591" WIDTH="1501" HEIGHT="341">
						<TextLine ID="line_7" HPOS="308" VPOS="591" WIDTH="1453" HEIGHT="43">
							<String ID="string_64" HPOS="308" VPOS="591" WIDTH="259" HEIGHT="30" WC="0.96" CONTENT="Motionärerna"/><SP WIDTH="27" VPOS="591" HPOS="567"/>
							<String ID="string_65" HPOS="594" VPOS="591" WIDTH="111" HEIGHT="35" WC="0.96" CONTENT="anför,"/><SP WIDTH="28" VPOS="591" HPOS="705"/>
							<String ID="string_66" HPOS="733" VPOS="593" WIDTH="50" HEIGHT="28" WC="0.93" CONTENT="att"/><SP WIDTH="26" VPOS="593" HPOS="783"/>
							<String ID="string_67" HPOS="809" VPOS="592" WIDTH="255" HEIGHT="29" WC="0.91" CONTENT="riksnämnden"/><SP WIDTH="27" VPOS="592" HPOS="1064"/>
							<String ID="string_68" HPOS="1091" VPOS="591" WIDTH="55" HEIGHT="30" WC="0.96" CONTENT="för"/><SP WIDTH="27" VPOS="591" HPOS="1146"/>
							<String ID="string_69" HPOS="1173" VPOS="592" WIDTH="208" HEIGHT="30" WC="0.93" CONTENT="ekonomisk"/><SP WIDTH="27" VPOS="592" HPOS="1381"/>
							<String ID="string_70" HPOS="1408" VPOS="593" WIDTH="353" HEIGHT="41" WC="0.91" CONTENT="försvarsberedskap"/>
						</TextLine>
						<TextLine ID="line_8" HPOS="263" VPOS="641" WIDTH="1499" HEIGHT="40">
							<String ID="string_71" HPOS="263" VPOS="642" WIDTH="64" HEIGHT="29" WC="0.96" CONTENT="och"/><SP WIDTH="19" VPOS="642" HPOS="327"/>
							<String ID="string_72" HPOS="346" VPOS="641" WIDTH="41" HEIGHT="30" WC="0.96" CONTENT="de"/><SP WIDTH="19" VPOS="641" HPOS="387"/>
							<String ID="string_73" HPOS="406" VPOS="642" WIDTH="156" HEIGHT="29" WC="0.96" CONTENT="militära"/><SP WIDTH="18" VPOS="642" HPOS="562"/>
							<String ID="string_74" HPOS="580" VPOS="642" WIDTH="291" HEIGHT="39" WC="0.96" CONTENT="myndigheterna"/><SP WIDTH="19" VPOS="642" HPOS="871"/>
							<String ID="string_75" HPOS="890" VPOS="642" WIDTH="75" HEIGHT="29" WC="0.96" CONTENT="ofta"/><SP WIDTH="18" VPOS="642" HPOS="965"/>
							<String ID="string_76" HPOS="983" VPOS="643" WIDTH="65" HEIGHT="29" WC="0.96" CONTENT="har"/><SP WIDTH="19" VPOS="643" HPOS="1048"/>
							<String ID="string_77" HPOS="1067" VPOS="642" WIDTH="206" HEIGHT="35" WC="0.95" CONTENT="framhållit,"/><SP WIDTH="21" VPOS="642" HPOS="1273"/>
							<String ID="string_78" HPOS="1294" VPOS="645" WIDTH="50" HEIGHT="27" WC="0.96" CONTENT="att"/><SP WIDTH="20" VPOS="645" HPOS="1344"/>
							<String ID="string_79" HPOS="1364" VPOS="643" WIDTH="41" HEIGHT="29" WC="0.96" CONTENT="de"/><SP WIDTH="20" VPOS="643" HPOS="1405"/>
							<String ID="string_80" HPOS="1425" VPOS="645" WIDTH="94" HEIGHT="28" WC="0.96" CONTENT="ännu"/><SP WIDTH="22" VPOS="645" HPOS="1519"/>
							<String ID="string_81" HPOS="1541" VPOS="644" WIDTH="221" HEIGHT="30" WC="0.96" CONTENT="återstående"/>
						</TextLine>
						<TextLine ID="line_9" HPOS="263" VPOS="692" WIDTH="1500" HEIGHT="42">
							<String ID="string_82" HPOS="263" VPOS="693" WIDTH="156" HEIGHT="28" WC="0.96" CONTENT="resterna"/><SP WIDTH="29" VPOS="693" HPOS="419"/>
							<String ID="string_83" HPOS="448" VPOS="702" WIDTH="43" HEIGHT="20" WC="0.96" CONTENT="av"/><SP WIDTH="27" VPOS="702" HPOS="491"/>
							<String ID="string_84" HPOS="518" VPOS="692" WIDTH="57" HEIGHT="30" WC="0.96" CONTENT="det"/><SP WIDTH="29" VPOS="692" HPOS="575"/>
							<String ID="string_85" HPOS="604" VPOS="692" WIDTH="136" HEIGHT="30" WC="0.96" CONTENT="mindre"/><SP WIDTH="30" VPOS="692" HPOS="740"/>
							<String ID="string_86" HPOS="770" VPOS="693" WIDTH="65" HEIGHT="29" WC="0.96" CONTENT="och"/><SP WIDTH="29" VPOS="693" HPOS="835"/>
							<String ID="string_87" HPOS="864" VPOS="692" WIDTH="209" HEIGHT="30" WC="0.91" CONTENT="medelstora"/><SP WIDTH="33" VPOS="692" HPOS="1073"/>
							<String ID="string_88" HPOS="1106" VPOS="695" WIDTH="167" HEIGHT="37" WC="0.91" CONTENT="tonnaget"/><SP WIDTH="33" VPOS="695" HPOS="1273"/>
							<String ID="string_89" HPOS="1306" VPOS="694" WIDTH="37" HEIGHT="29" WC="0.96" CONTENT="är"/><SP WIDTH="30" VPOS="694" HPOS="1343"/>
							<String ID="string_90" HPOS="1373" VPOS="693" WIDTH="138" HEIGHT="30" WC="0.96" CONTENT="absolut"/><SP WIDTH="29" VPOS="693" HPOS="1511"/>
							<String ID="string_91" HPOS="1540" VPOS="694" WIDTH="223" HEIGHT="40" WC="0.96" CONTENT="nödvändiga"/>
						</TextLine>
						<TextLine ID="line_10" HPOS="263" VPOS="742" WIDTH="1498" HEIGHT="40">
							<String ID="string_92" HPOS="263" VPOS="742" WIDTH="56" HEIGHT="29" WC="0.96" CONTENT="för"/><SP WIDTH="22" VPOS="742" HPOS="319"/>
							<String ID="string_93" HPOS="341" VPOS="744" WIDTH="49" HEIGHT="28" WC="0.96" CONTENT="att"/><SP WIDTH="20" VPOS="744" HPOS="390"/>
							<String ID="string_94" HPOS="410" VPOS="742" WIDTH="79" HEIGHT="30" WC="0.96" CONTENT="vårt"/><SP WIDTH="21" VPOS="742" HPOS="489"/>
							<String ID="string_95" HPOS="510" VPOS="742" WIDTH="82" HEIGHT="30" WC="0.96" CONTENT="land"/><SP WIDTH="21" VPOS="742" HPOS="592"/>
							<String ID="string_96" HPOS="613" VPOS="743" WIDTH="11" HEIGHT="29" WC="0.96" CONTENT="i"/><SP WIDTH="22" VPOS="743" HPOS="624"/>
							<String ID="string_97" HPOS="646" VPOS="744" WIDTH="48" HEIGHT="28" WC="0.93" CONTENT="ett"/><SP WIDTH="23" VPOS="744" HPOS="694"/>
							<String ID="string_98" HPOS="717" VPOS="743" WIDTH="327" HEIGHT="39" WC="0.91" CONTENT="avspärrningsläge"/><SP WIDTH="22" VPOS="743" HPOS="1044"/>
							<String ID="string_99" HPOS="1066" VPOS="743" WIDTH="82" HEIGHT="29" WC="0.96" CONTENT="eller"/><SP WIDTH="23" VPOS="743" HPOS="1148"/>
							<String ID="string_100" HPOS="1171" VPOS="752" WIDTH="42" HEIGHT="20" WC="0.93" CONTENT="en"/><SP WIDTH="23" VPOS="752" HPOS="1213"/>
							<String ID="string_101" HPOS="1236" VPOS="744" WIDTH="268" HEIGHT="38" WC="0.92" CONTENT="krigssituation"/><SP WIDTH="23" VPOS="744" HPOS="1504"/>
							<String ID="string_102" HPOS="1527" VPOS="745" WIDTH="90" HEIGHT="29" WC="0.96" CONTENT="skall"/><SP WIDTH="22" VPOS="745" HPOS="1617"/>
							<String ID="string_103" HPOS="1639" VPOS="745" WIDTH="122" HEIGHT="29" WC="0.96" CONTENT="kunna"/>
						</TextLine>
						<TextLine ID="line_11" HPOS="265" VPOS="792" WIDTH="1499" HEIGHT="41">
							<String ID="string_104" HPOS="265" VPOS="792" WIDTH="204" HEIGHT="39" WC="0.96" CONTENT="genomföra"/><SP WIDTH="29" VPOS="792" HPOS="469"/>
							<String ID="string_105" HPOS="498" VPOS="793" WIDTH="227" HEIGHT="39" WC="0.96" CONTENT="erforderliga"/><SP WIDTH="28" VPOS="793" HPOS="725"/>
							<String ID="string_106" HPOS="753" VPOS="795" WIDTH="228" HEIGHT="37" WC="0.96" CONTENT="transporter."/><SP WIDTH="31" VPOS="795" HPOS="981"/>
							<String ID="string_107" HPOS="1012" VPOS="793" WIDTH="13" HEIGHT="29" WC="0.95" CONTENT="I"/><SP WIDTH="30" VPOS="793" HPOS="1025"/>
							<String ID="string_108" HPOS="1055" VPOS="793" WIDTH="275" HEIGHT="40" WC="0.96" CONTENT="fortsättningen"/><SP WIDTH="30" VPOS="793" HPOS="1330"/>
							<String ID="string_109" HPOS="1360" VPOS="795" WIDTH="146" HEIGHT="28" WC="0.93" CONTENT="nämner"/><SP WIDTH="29" VPOS="795" HPOS="1506"/>
							<String ID="string_110" HPOS="1535" VPOS="795" WIDTH="229" HEIGHT="30" WC="0.91" CONTENT="motionärer-"/>
						</TextLine>
						<TextLine ID="line_12" HPOS="263" VPOS="842" WIDTH="1500" HEIGHT="42">
							<String ID="string_111" HPOS="263" VPOS="851" WIDTH="55" HEIGHT="26" WC="0.95" CONTENT="na,"/><SP WIDTH="22" VPOS="851" HPOS="318"/>
							<String ID="string_112" HPOS="340" VPOS="845" WIDTH="49" HEIGHT="27" WC="0.96" CONTENT="att"/><SP WIDTH="21" VPOS="845" HPOS="389"/>
							<String ID="string_113" HPOS="410" VPOS="842" WIDTH="224" HEIGHT="40" WC="0.96" CONTENT="lagförslaget"/><SP WIDTH="21" VPOS="842" HPOS="634"/>
							<String ID="string_114" HPOS="655" VPOS="843" WIDTH="113" HEIGHT="30" WC="0.96" CONTENT="skulle"/><SP WIDTH="24" VPOS="843" HPOS="768"/>
							<String ID="string_115" HPOS="792" VPOS="843" WIDTH="158" HEIGHT="30" WC="0.96" CONTENT="medföra"/><SP WIDTH="23" VPOS="843" HPOS="950"/>
							<String ID="string_116" HPOS="973" VPOS="853" WIDTH="43" HEIGHT="20" WC="0.92" CONTENT="en"/><SP WIDTH="21" VPOS="853" HPOS="1016"/>
							<String ID="string_117" HPOS="1037" VPOS="843" WIDTH="414" HEIGHT="41" WC="0.90" CONTENT="arbetstidsförkortning"/><SP WIDTH="21" VPOS="843" HPOS="1451"/>
							<String ID="string_118" HPOS="1472" VPOS="844" WIDTH="55" HEIGHT="30" WC="0.96" CONTENT="för"/><SP WIDTH="22" VPOS="844" HPOS="1527"/>
							<String ID="string_119" HPOS="1549" VPOS="844" WIDTH="56" HEIGHT="30" WC="0.96" CONTENT="det"/><SP WIDTH="20" VPOS="844" HPOS="1605"/>
							<String ID="string_120" HPOS="1625" VPOS="845" WIDTH="138" HEIGHT="29" WC="0.96" CONTENT="mindre"/>
						</TextLine>
						<TextLine ID="line_13" HPOS="263" VPOS="894" WIDTH="1159" HEIGHT="38">
							<String ID="string_121" HPOS="263" VPOS="894" WIDTH="165" HEIGHT="38" WC="0.92" CONTENT="tonnaget"/><SP WIDTH="21" VPOS="894" HPOS="428"/>
							<String ID="string_122" HPOS="449" VPOS="903" WIDTH="58" HEIGHT="20" WC="0.96" CONTENT="om"/><SP WIDTH="22" VPOS="903" HPOS="507"/>
							<String ID="string_123" HPOS="529" VPOS="895" WIDTH="37" HEIGHT="28" WC="0.95" CONTENT="11"/><SP WIDTH="21" VPOS="895" HPOS="566"/>
							<String ID="string_124" HPOS="587" VPOS="894" WIDTH="144" HEIGHT="29" WC="0.96" CONTENT="timmar"/><SP WIDTH="19" VPOS="894" HPOS="731"/>
							<String ID="string_125" HPOS="750" VPOS="894" WIDTH="11" HEIGHT="29" WC="0.96" CONTENT="i"/><SP WIDTH="20" VPOS="894" HPOS="761"/>
							<String ID="string_126" HPOS="781" VPOS="894" WIDTH="143" HEIGHT="29" WC="0.96" CONTENT="veckan."/><SP WIDTH="22" VPOS="894" HPOS="924"/>
							<String ID="string_127" HPOS="946" VPOS="894" WIDTH="259" HEIGHT="29" WC="0.96" CONTENT="Motionärerna"/><SP WIDTH="21" VPOS="894" HPOS="1205"/>
							<String ID="string_128" HPOS="1226" VPOS="894" WIDTH="196" HEIGHT="30" WC="0.96" CONTENT="fortsätter:"/>
						</TextLine>
					</TextBlock>
					<TextBlock ID="block_4" HPOS="263" VPOS="951" WIDTH="1506" HEIGHT="501">
						<TextLine ID="line_14" HPOS="309" VPOS="951" WIDTH="1455" HEIGHT="41">
							<String ID="string_129" HPOS="309" VPOS="951" WIDTH="267" HEIGHT="39" WC="0.96" CONTENT="Propositionen"/><SP WIDTH="24" VPOS="951" HPOS="576"/>
							<String ID="string_130" HPOS="600" VPOS="952" WIDTH="154" HEIGHT="39" WC="0.96" CONTENT="grundar"/><SP WIDTH="23" VPOS="952" HPOS="754"/>
							<String ID="string_131" HPOS="777" VPOS="953" WIDTH="51" HEIGHT="38" WC="0.96" CONTENT="sig"/><SP WIDTH="22" VPOS="953" HPOS="828"/>
							<String ID="string_132" HPOS="850" VPOS="952" WIDTH="46" HEIGHT="40" WC="0.96" CONTENT="på"/><SP WIDTH="20" VPOS="952" HPOS="896"/>
							<String ID="string_133" HPOS="916" VPOS="955" WIDTH="49" HEIGHT="28" WC="0.96" CONTENT="ett"/><SP WIDTH="22" VPOS="955" HPOS="965"/>
							<String ID="string_134" HPOS="987" VPOS="952" WIDTH="231" HEIGHT="35" WC="0.96" CONTENT="betänkande,"/><SP WIDTH="25" VPOS="952" HPOS="1218"/>
							<String ID="string_135" HPOS="1243" VPOS="953" WIDTH="134" HEIGHT="39" WC="0.96" CONTENT="avgivet"/><SP WIDTH="23" VPOS="953" HPOS="1377"/>
							<String ID="string_136" HPOS="1400" VPOS="963" WIDTH="42" HEIGHT="19" WC="0.93" CONTENT="av"/><SP WIDTH="21" VPOS="963" HPOS="1442"/>
							<String ID="string_137" HPOS="1463" VPOS="953" WIDTH="301" HEIGHT="39" WC="0.91" CONTENT="sjöarbetstidsut-"/>
						</TextLine>
						<TextLine ID="line_15" HPOS="264" VPOS="993" WIDTH="1505" HEIGHT="42">
							<String ID="string_138" HPOS="264" VPOS="993" WIDTH="203" HEIGHT="40" WC="0.91" CONTENT="redningen."/><SP WIDTH="29" VPOS="993" HPOS="467"/>
							<String ID="string_139" HPOS="496" VPOS="994" WIDTH="116" HEIGHT="39" WC="0.96" CONTENT="Enligt"/><SP WIDTH="27" VPOS="994" HPOS="612"/>
							<String ID="string_140" HPOS="639" VPOS="994" WIDTH="238" HEIGHT="30" WC="0.96" CONTENT="betänkandet"/><SP WIDTH="31" VPOS="994" HPOS="877"/>
							<String ID="string_141" HPOS="908" VPOS="994" WIDTH="112" HEIGHT="30" WC="0.93" CONTENT="skulle"/><SP WIDTH="29" VPOS="994" HPOS="1020"/>
							<String ID="string_142" HPOS="1049" VPOS="994" WIDTH="355" HEIGHT="30" WC="0.89" CONTENT="45-timmarsveckan"/><SP WIDTH="27" VPOS="994" HPOS="1404"/>
							<String ID="string_143" HPOS="1431" VPOS="995" WIDTH="161" HEIGHT="30" WC="0.96" CONTENT="medföra"/><SP WIDTH="28" VPOS="995" HPOS="1592"/>
							<String ID="string_144" HPOS="1620" VPOS="1005" WIDTH="43" HEIGHT="20" WC="0.90" CONTENT="en"/><SP WIDTH="28" VPOS="1005" HPOS="1663"/>
							<String ID="string_145" HPOS="1691" VPOS="995" WIDTH="78" HEIGHT="40" WC="0.90" CONTENT="höj-"/>
						</TextLine>
						<TextLine ID="line_16" HPOS="267" VPOS="1036" WIDTH="1498" HEIGHT="40">
							<String ID="string_146" HPOS="267" VPOS="1036" WIDTH="83" HEIGHT="39" WC="0.96" CONTENT="ning"/><SP WIDTH="32" VPOS="1036" HPOS="350"/>
							<String ID="string_147" HPOS="382" VPOS="1045" WIDTH="42" HEIGHT="20" WC="0.93" CONTENT="av"/><SP WIDTH="30" VPOS="1045" HPOS="424"/>
							<String ID="string_148" HPOS="454" VPOS="1036" WIDTH="472" HEIGHT="39" WC="0.90" CONTENT="bemanningskostnaderna"/><SP WIDTH="32" VPOS="1036" HPOS="926"/>
							<String ID="string_149" HPOS="958" VPOS="1036" WIDTH="45" HEIGHT="39" WC="0.96" CONTENT="på"/><SP WIDTH="30" VPOS="1036" HPOS="1003"/>
							<String ID="string_150" HPOS="1033" VPOS="1036" WIDTH="269" HEIGHT="40" WC="0.96" CONTENT="ifrågavarande"/><SP WIDTH="33" VPOS="1036" HPOS="1302"/>
							<String ID="string_151" HPOS="1335" VPOS="1036" WIDTH="115" HEIGHT="40" WC="0.96" CONTENT="fartyg"/><SP WIDTH="32" VPOS="1036" HPOS="1450"/>
							<String ID="string_152" HPOS="1482" VPOS="1037" WIDTH="79" HEIGHT="30" WC="0.96" CONTENT="med"/><SP WIDTH="33" VPOS="1037" HPOS="1561"/>
							<String ID="string_153" HPOS="1594" VPOS="1038" WIDTH="97" HEIGHT="29" WC="0.94" CONTENT="cirka"/><SP WIDTH="33" VPOS="1038" HPOS="1691"/>
							<String ID="string_154" HPOS="1724" VPOS="1038" WIDTH="41" HEIGHT="29" WC="0.96" CONTENT="22"/>
						</TextLine>
						<TextLine ID="line_17" HPOS="263" VPOS="1078" WIDTH="1503" HEIGHT="39">
							<String ID="string_155" HPOS="263" VPOS="1079" WIDTH="154" HEIGHT="36" WC="0.96" CONTENT="procent."/><SP WIDTH="21" VPOS="1079" HPOS="417"/>
							<String ID="string_156" HPOS="438" VPOS="1078" WIDTH="65" HEIGHT="29" WC="0.96" CONTENT="Det"/><SP WIDTH="20" VPOS="1078" HPOS="503"/>
							<String ID="string_157" HPOS="523" VPOS="1078" WIDTH="154" HEIGHT="39" WC="0.96" CONTENT="framgår"/><SP WIDTH="20" VPOS="1078" HPOS="677"/>
							<String ID="string_158" HPOS="697" VPOS="1087" WIDTH="42" HEIGHT="20" WC="0.96" CONTENT="av"/><SP WIDTH="19" VPOS="1087" HPOS="739"/>
							<String ID="string_159" HPOS="758" VPOS="1078" WIDTH="247" HEIGHT="34" WC="0.96" CONTENT="betänkandet,"/><SP WIDTH="20" VPOS="1078" HPOS="1005"/>
							<String ID="string_160" HPOS="1025" VPOS="1080" WIDTH="49" HEIGHT="28" WC="0.96" CONTENT="att"/><SP WIDTH="20" VPOS="1080" HPOS="1074"/>
							<String ID="string_161" HPOS="1094" VPOS="1078" WIDTH="269" HEIGHT="29" WC="0.96" CONTENT="konkurrensen"/><SP WIDTH="21" VPOS="1078" HPOS="1363"/>
							<String ID="string_162" HPOS="1384" VPOS="1078" WIDTH="79" HEIGHT="30" WC="0.96" CONTENT="från"/><SP WIDTH="21" VPOS="1078" HPOS="1463"/>
							<String ID="string_163" HPOS="1484" VPOS="1079" WIDTH="191" HEIGHT="30" WC="0.93" CONTENT="utländska"/><SP WIDTH="20" VPOS="1079" HPOS="1675"/>
							<String ID="string_164" HPOS="1695" VPOS="1080" WIDTH="71" HEIGHT="29" WC="0.91" CONTENT="far-"/>
						</TextLine>
						<TextLine ID="line_18" HPOS="265" VPOS="1119" WIDTH="1500" HEIGHT="40">
							<String ID="string_165" HPOS="265" VPOS="1119" WIDTH="68" HEIGHT="38" WC="0.95" CONTENT="tyg,"/><SP WIDTH="23" VPOS="1119" HPOS="333"/>
							<String ID="string_166" HPOS="356" VPOS="1128" WIDTH="75" HEIGHT="20" WC="0.96" CONTENT="som"/><SP WIDTH="19" VPOS="1128" HPOS="431"/>
							<String ID="string_167" HPOS="450" VPOS="1119" WIDTH="110" HEIGHT="29" WC="0.96" CONTENT="redan"/><SP WIDTH="21" VPOS="1119" HPOS="560"/>
							<String ID="string_168" HPOS="581" VPOS="1129" WIDTH="47" HEIGHT="19" WC="0.96" CONTENT="nu"/><SP WIDTH="20" VPOS="1129" HPOS="628"/>
							<String ID="string_169" HPOS="648" VPOS="1120" WIDTH="64" HEIGHT="29" WC="0.96" CONTENT="har"/><SP WIDTH="21" VPOS="1120" HPOS="712"/>
							<String ID="string_170" HPOS="733" VPOS="1120" WIDTH="159" HEIGHT="29" WC="0.96" CONTENT="avsevärt"/><SP WIDTH="23" VPOS="1120" HPOS="892"/>
							<String ID="string_171" HPOS="915" VPOS="1120" WIDTH="93" HEIGHT="39" WC="0.93" CONTENT="lägre"/><SP WIDTH="21" VPOS="1120" HPOS="1008"/>
							<String ID="string_172" HPOS="1029" VPOS="1120" WIDTH="425" HEIGHT="39" WC="0.92" CONTENT="bemanningskostnader"/><SP WIDTH="22" VPOS="1120" HPOS="1454"/>
							<String ID="string_173" HPOS="1476" VPOS="1122" WIDTH="45" HEIGHT="28" WC="0.96" CONTENT="än"/><SP WIDTH="21" VPOS="1122" HPOS="1521"/>
							<String ID="string_174" HPOS="1542" VPOS="1121" WIDTH="41" HEIGHT="29" WC="0.96" CONTENT="de"/><SP WIDTH="22" VPOS="1121" HPOS="1583"/>
							<String ID="string_175" HPOS="1605" VPOS="1121" WIDTH="160" HEIGHT="34" WC="0.96" CONTENT="svenska,"/>
						</TextLine>
						<TextLine ID="line_19" HPOS="266" VPOS="1161" WIDTH="1500" HEIGHT="41">
							<String ID="string_176" HPOS="266" VPOS="1161" WIDTH="38" HEIGHT="28" WC="0.96" CONTENT="är"/><SP WIDTH="20" VPOS="1161" HPOS="304"/>
							<String ID="string_177" HPOS="324" VPOS="1161" WIDTH="200" HEIGHT="38" WC="0.96" CONTENT="pressande."/><SP WIDTH="22" VPOS="1161" HPOS="524"/>
							<String ID="string_178" HPOS="546" VPOS="1161" WIDTH="239" HEIGHT="39" WC="0.96" CONTENT="Utredningen"/><SP WIDTH="20" VPOS="1161" HPOS="785"/>
							<String ID="string_179" HPOS="805" VPOS="1162" WIDTH="64" HEIGHT="29" WC="0.96" CONTENT="har"/><SP WIDTH="20" VPOS="1162" HPOS="869"/>
							<String ID="string_180" HPOS="889" VPOS="1162" WIDTH="53" HEIGHT="28" WC="0.95" CONTENT="till"/><SP WIDTH="22" VPOS="1162" HPOS="942"/>
							<String ID="string_181" HPOS="964" VPOS="1162" WIDTH="59" HEIGHT="30" WC="0.96" CONTENT="sitt"/><SP WIDTH="20" VPOS="1162" HPOS="1023"/>
							<String ID="string_182" HPOS="1043" VPOS="1161" WIDTH="131" HEIGHT="40" WC="0.96" CONTENT="förslag"/><SP WIDTH="19" VPOS="1161" HPOS="1174"/>
							<String ID="string_183" HPOS="1193" VPOS="1162" WIDTH="120" HEIGHT="29" WC="0.96" CONTENT="knutit"/><SP WIDTH="21" VPOS="1162" HPOS="1313"/>
							<String ID="string_184" HPOS="1334" VPOS="1162" WIDTH="66" HEIGHT="29" WC="0.96" CONTENT="den"/><SP WIDTH="21" VPOS="1162" HPOS="1400"/>
							<String ID="string_185" HPOS="1421" VPOS="1163" WIDTH="212" HEIGHT="39" WC="0.93" CONTENT="uttryckliga"/><SP WIDTH="22" VPOS="1163" HPOS="1633"/>
							<String ID="string_186" HPOS="1655" VPOS="1163" WIDTH="111" HEIGHT="29" WC="0.92" CONTENT="förut-"/>
						</TextLine>
						<TextLine ID="line_20" HPOS="267" VPOS="1202" WIDTH="1500" HEIGHT="42">
							<String ID="string_187" HPOS="267" VPOS="1202" WIDTH="210" HEIGHT="39" WC="0.96" CONTENT="sättningen,"/><SP WIDTH="23" VPOS="1202" HPOS="477"/>
							<String ID="string_188" HPOS="500" VPOS="1205" WIDTH="49" HEIGHT="27" WC="0.95" CONTENT="alt"/><SP WIDTH="22" VPOS="1205" HPOS="549"/>
							<String ID="string_189" HPOS="571" VPOS="1203" WIDTH="275" HEIGHT="29" WC="0.96" CONTENT="statsmakterna"/><SP WIDTH="18" VPOS="1203" HPOS="846"/>
							<String ID="string_190" HPOS="864" VPOS="1204" WIDTH="11" HEIGHT="28" WC="0.96" CONTENT="i"/><SP WIDTH="22" VPOS="1204" HPOS="875"/>
							<String ID="string_191" HPOS="897" VPOS="1204" WIDTH="110" HEIGHT="29" WC="0.96" CONTENT="andra"/><SP WIDTH="21" VPOS="1204" HPOS="1007"/>
							<String ID="string_192" HPOS="1028" VPOS="1203" WIDTH="131" HEIGHT="30" WC="0.93" CONTENT="former"/><SP WIDTH="19" VPOS="1203" HPOS="1159"/>
							<String ID="string_193" HPOS="1178" VPOS="1222" WIDTH="44" HEIGHT="3" WC="0.32" CONTENT="-—"/><SP WIDTH="21" VPOS="1222" HPOS="1222"/>
							<String ID="string_194" HPOS="1243" VPOS="1204" WIDTH="44" HEIGHT="30" WC="0.93" CONTENT="bl."/><SP WIDTH="24" VPOS="1204" HPOS="1287"/>
							<String ID="string_195" HPOS="1311" VPOS="1213" WIDTH="28" HEIGHT="20" WC="0.94" CONTENT="a."/><SP WIDTH="23" VPOS="1213" HPOS="1339"/>
							<String ID="string_196" HPOS="1362" VPOS="1204" WIDTH="43" HEIGHT="29" WC="0.96" CONTENT="då"/><SP WIDTH="21" VPOS="1204" HPOS="1405"/>
							<String ID="string_197" HPOS="1426" VPOS="1205" WIDTH="58" HEIGHT="29" WC="0.96" CONTENT="det"/><SP WIDTH="22" VPOS="1205" HPOS="1484"/>
							<String ID="string_198" HPOS="1506" VPOS="1205" WIDTH="106" HEIGHT="39" WC="0.93" CONTENT="gäller"/><SP WIDTH="25" VPOS="1205" HPOS="1612"/>
							<String ID="string_199" HPOS="1637" VPOS="1205" WIDTH="130" HEIGHT="29" WC="0.91" CONTENT="skatte-"/>
						</TextLine>
						<TextLine ID="line_21" HPOS="266" VPOS="1243" WIDTH="1500" HEIGHT="42">
							<String ID="string_200" HPOS="266" VPOS="1243" WIDTH="243" HEIGHT="40" WC="0.93" CONTENT="belastningen"/><SP WIDTH="18" VPOS="1243" HPOS="509"/>
							<String ID="string_201" HPOS="527" VPOS="1263" WIDTH="45" HEIGHT="3" WC="0.90" CONTENT="—"/><SP WIDTH="19" VPOS="1263" HPOS="572"/>
							<String ID="string_202" HPOS="591" VPOS="1245" WIDTH="112" HEIGHT="29" WC="0.95" CONTENT="skulle"/><SP WIDTH="20" VPOS="1245" HPOS="703"/>
							<String ID="string_203" HPOS="723" VPOS="1245" WIDTH="141" HEIGHT="39" WC="0.96" CONTENT="vidtaga"/><SP WIDTH="20" VPOS="1245" HPOS="864"/>
							<String ID="string_204" HPOS="884" VPOS="1245" WIDTH="161" HEIGHT="39" WC="0.95" CONTENT="åtgärder"/><SP WIDTH="21" VPOS="1245" HPOS="1045"/>
							<String ID="string_205" HPOS="1066" VPOS="1245" WIDTH="55" HEIGHT="30" WC="0.96" CONTENT="för"/><SP WIDTH="21" VPOS="1245" HPOS="1121"/>
							<String ID="string_206" HPOS="1142" VPOS="1248" WIDTH="50" HEIGHT="27" WC="0.96" CONTENT="att"/><SP WIDTH="21" VPOS="1248" HPOS="1192"/>
							<String ID="string_207" HPOS="1213" VPOS="1246" WIDTH="86" HEIGHT="29" WC="0.96" CONTENT="lätta"/><SP WIDTH="21" VPOS="1246" HPOS="1299"/>
							<String ID="string_208" HPOS="1320" VPOS="1246" WIDTH="134" HEIGHT="39" WC="0.96" CONTENT="trycket"/><SP WIDTH="21" VPOS="1246" HPOS="1454"/>
							<String ID="string_209" HPOS="1475" VPOS="1246" WIDTH="55" HEIGHT="30" WC="0.96" CONTENT="för"/><SP WIDTH="21" VPOS="1246" HPOS="1530"/>
							<String ID="string_210" HPOS="1551" VPOS="1246" WIDTH="57" HEIGHT="30" WC="0.96" CONTENT="det"/><SP WIDTH="21" VPOS="1246" HPOS="1608"/>
							<String ID="string_211" HPOS="1629" VPOS="1246" WIDTH="137" HEIGHT="29" WC="0.96" CONTENT="mindre"/>
						</TextLine>
						<TextLine ID="line_22" HPOS="265" VPOS="1286" WIDTH="1500" HEIGHT="40">
							<String ID="string_212" HPOS="265" VPOS="1287" WIDTH="175" HEIGHT="37" WC="0.91" CONTENT="tonnaget."/><SP WIDTH="30" VPOS="1287" HPOS="440"/>
							<String ID="string_213" HPOS="470" VPOS="1286" WIDTH="53" HEIGHT="30" WC="0.95" CONTENT="Då"/><SP WIDTH="27" VPOS="1286" HPOS="523"/>
							<String ID="string_214" HPOS="550" VPOS="1287" WIDTH="124" HEIGHT="38" WC="0.96" CONTENT="Kungl."/><SP WIDTH="31" VPOS="1287" HPOS="674"/>
							<String ID="string_215" HPOS="705" VPOS="1287" WIDTH="106" HEIGHT="38" WC="0.96" CONTENT="Maj:t"/><SP WIDTH="29" VPOS="1287" HPOS="811"/>
							<String ID="string_216" HPOS="840" VPOS="1296" WIDTH="47" HEIGHT="19" WC="0.96" CONTENT="nu"/><SP WIDTH="32" VPOS="1296" HPOS="887"/>
							<String ID="string_217" HPOS="919" VPOS="1286" WIDTH="165" HEIGHT="39" WC="0.96" CONTENT="framlagt"/><SP WIDTH="32" VPOS="1286" HPOS="1084"/>
							<String ID="string_218" HPOS="1116" VPOS="1287" WIDTH="132" HEIGHT="39" WC="0.96" CONTENT="förslag"/><SP WIDTH="29" VPOS="1287" HPOS="1248"/>
							<String ID="string_219" HPOS="1277" VPOS="1296" WIDTH="57" HEIGHT="20" WC="0.95" CONTENT="om"/><SP WIDTH="29" VPOS="1296" HPOS="1334"/>
							<String ID="string_220" HPOS="1363" VPOS="1297" WIDTH="42" HEIGHT="20" WC="0.91" CONTENT="en"/><SP WIDTH="29" VPOS="1297" HPOS="1405"/>
							<String ID="string_221" HPOS="1434" VPOS="1287" WIDTH="331" HEIGHT="30" WC="0.87" CONTENT="45-timmarsvecka"/>
						</TextLine>
						<TextLine ID="line_23" HPOS="266" VPOS="1328" WIDTH="1500" HEIGHT="40">
							<String ID="string_222" HPOS="266" VPOS="1328" WIDTH="86" HEIGHT="29" WC="0.96" CONTENT="även"/><SP WIDTH="22" VPOS="1328" HPOS="352"/>
							<String ID="string_223" HPOS="374" VPOS="1328" WIDTH="54" HEIGHT="30" WC="0.96" CONTENT="för"/><SP WIDTH="21" VPOS="1328" HPOS="428"/>
							<String ID="string_224" HPOS="449" VPOS="1328" WIDTH="57" HEIGHT="29" WC="0.96" CONTENT="det"/><SP WIDTH="22" VPOS="1328" HPOS="506"/>
							<String ID="string_225" HPOS="528" VPOS="1328" WIDTH="135" HEIGHT="30" WC="0.93" CONTENT="mindre"/><SP WIDTH="21" VPOS="1328" HPOS="663"/>
							<String ID="string_226" HPOS="684" VPOS="1330" WIDTH="177" HEIGHT="37" WC="0.92" CONTENT="tonnaget,"/><SP WIDTH="20" VPOS="1330" HPOS="861"/>
							<String ID="string_227" HPOS="881" VPOS="1329" WIDTH="65" HEIGHT="29" WC="0.96" CONTENT="har"/><SP WIDTH="21" VPOS="1329" HPOS="946"/>
							<String ID="string_228" HPOS="967" VPOS="1329" WIDTH="192" HEIGHT="29" WC="0.96" CONTENT="emellertid"/><SP WIDTH="23" VPOS="1329" HPOS="1159"/>
							<String ID="string_229" HPOS="1182" VPOS="1329" WIDTH="109" HEIGHT="39" WC="0.96" CONTENT="några"/><SP WIDTH="21" VPOS="1329" HPOS="1291"/>
							<String ID="string_230" HPOS="1312" VPOS="1329" WIDTH="160" HEIGHT="39" WC="0.95" CONTENT="åtgärder"/><SP WIDTH="21" VPOS="1329" HPOS="1472"/>
							<String ID="string_231" HPOS="1493" VPOS="1330" WIDTH="11" HEIGHT="29" WC="0.96" CONTENT="i"/><SP WIDTH="22" VPOS="1330" HPOS="1504"/>
							<String ID="string_232" HPOS="1526" VPOS="1330" WIDTH="132" HEIGHT="29" WC="0.90" CONTENT="nämnd"/><SP WIDTH="21" VPOS="1330" HPOS="1658"/>
							<String ID="string_233" HPOS="1679" VPOS="1330" WIDTH="87" HEIGHT="29" WC="0.90" CONTENT="rikt-"/>
						</TextLine>
						<TextLine ID="line_24" HPOS="266" VPOS="1368" WIDTH="1501" HEIGHT="40">
							<String ID="string_234" HPOS="266" VPOS="1368" WIDTH="84" HEIGHT="40" WC="0.96" CONTENT="ning"/><SP WIDTH="20" VPOS="1368" HPOS="350"/>
							<String ID="string_235" HPOS="370" VPOS="1369" WIDTH="133" HEIGHT="29" WC="0.96" CONTENT="varken"/><SP WIDTH="24" VPOS="1369" HPOS="503"/>
							<String ID="string_236" HPOS="527" VPOS="1369" WIDTH="225" HEIGHT="39" WC="0.95" CONTENT="genomförts,"/><SP WIDTH="24" VPOS="1369" HPOS="752"/>
							<String ID="string_237" HPOS="776" VPOS="1370" WIDTH="170" HEIGHT="30" WC="0.96" CONTENT="beslutats"/><SP WIDTH="23" VPOS="1370" HPOS="946"/>
							<String ID="string_238" HPOS="969" VPOS="1371" WIDTH="82" HEIGHT="29" WC="0.96" CONTENT="eller"/><SP WIDTH="24" VPOS="1371" HPOS="1051"/>
							<String ID="string_239" HPOS="1075" VPOS="1380" WIDTH="60" HEIGHT="20" WC="0.93" CONTENT="ens"/><SP WIDTH="24" VPOS="1380" HPOS="1135"/>
							<String ID="string_240" HPOS="1159" VPOS="1370" WIDTH="194" HEIGHT="38" WC="0.91" CONTENT="förutsetts,"/><SP WIDTH="26" VPOS="1370" HPOS="1353"/>
							<String ID="string_241" HPOS="1379" VPOS="1380" WIDTH="74" HEIGHT="21" WC="0.96" CONTENT="som"/><SP WIDTH="25" VPOS="1380" HPOS="1453"/>
							<String ID="string_242" HPOS="1478" VPOS="1372" WIDTH="113" HEIGHT="29" WC="0.96" CONTENT="skulle"/><SP WIDTH="23" VPOS="1372" HPOS="1591"/>
							<String ID="string_243" HPOS="1614" VPOS="1381" WIDTH="61" HEIGHT="20" WC="0.93" CONTENT="ens"/><SP WIDTH="23" VPOS="1381" HPOS="1675"/>
							<String ID="string_244" HPOS="1698" VPOS="1371" WIDTH="69" HEIGHT="30" WC="0.91" CONTENT="till-"/>
						</TextLine>
						<TextLine ID="line_25" HPOS="265" VPOS="1411" WIDTH="1233" HEIGHT="41">
							<String ID="string_245" HPOS="265" VPOS="1411" WIDTH="228" HEIGHT="30" WC="0.92" CONTENT="närmelsevis"/><SP WIDTH="27" VPOS="1411" HPOS="493"/>
							<String ID="string_246" HPOS="520" VPOS="1411" WIDTH="232" HEIGHT="39" WC="0.96" CONTENT="kompensera"/><SP WIDTH="27" VPOS="1411" HPOS="752"/>
							<String ID="string_247" HPOS="779" VPOS="1412" WIDTH="178" HEIGHT="39" WC="0.96" CONTENT="ökningen"/><SP WIDTH="23" VPOS="1412" HPOS="957"/>
							<String ID="string_248" HPOS="980" VPOS="1413" WIDTH="11" HEIGHT="29" WC="0.93" CONTENT="i"/><SP WIDTH="25" VPOS="1413" HPOS="991"/>
							<String ID="string_249" HPOS="1016" VPOS="1412" WIDTH="482" HEIGHT="40" WC="0.91" CONTENT="bemanningskostnaderna."/>
						</TextLine>
					</TextBlock>
				</ComposedBlock>
				<ComposedBlock ID="cblock_3" HPOS="267" VPOS="1486" WIDTH="1508" HEIGHT="678">
					<TextBlock ID="block_5" HPOS="267" VPOS="1486" WIDTH="1502" HEIGHT="242">
						<TextLine ID="line_26" HPOS="313" VPOS="1486" WIDTH="1456" HEIGHT="42">
							<String ID="string_250" HPOS="313" VPOS="1486" WIDTH="259" HEIGHT="30" WC="0.95" CONTENT="Motionärerna"/><SP WIDTH="29" VPOS="1486" HPOS="572"/>
							<String ID="string_251" HPOS="601" VPOS="1487" WIDTH="111" HEIGHT="34" WC="0.96" CONTENT="anför,"/><SP WIDTH="31" VPOS="1487" HPOS="712"/>
							<String ID="string_252" HPOS="743" VPOS="1489" WIDTH="51" HEIGHT="28" WC="0.96" CONTENT="att"/><SP WIDTH="30" VPOS="1489" HPOS="794"/>
							<String ID="string_253" HPOS="824" VPOS="1487" WIDTH="57" HEIGHT="29" WC="0.96" CONTENT="det"/><SP WIDTH="28" VPOS="1487" HPOS="881"/>
							<String ID="string_254" HPOS="909" VPOS="1488" WIDTH="137" HEIGHT="29" WC="0.96" CONTENT="mindre"/><SP WIDTH="29" VPOS="1488" HPOS="1046"/>
							<String ID="string_255" HPOS="1075" VPOS="1489" WIDTH="65" HEIGHT="28" WC="0.96" CONTENT="och"/><SP WIDTH="29" VPOS="1489" HPOS="1140"/>
							<String ID="string_256" HPOS="1169" VPOS="1488" WIDTH="212" HEIGHT="30" WC="0.93" CONTENT="medelstora"/><SP WIDTH="28" VPOS="1488" HPOS="1381"/>
							<String ID="string_257" HPOS="1409" VPOS="1491" WIDTH="166" HEIGHT="37" WC="0.90" CONTENT="tonnaget"/><SP WIDTH="30" VPOS="1491" HPOS="1575"/>
							<String ID="string_258" HPOS="1605" VPOS="1490" WIDTH="88" HEIGHT="29" WC="0.96" CONTENT="visat"/><SP WIDTH="32" VPOS="1490" HPOS="1693"/>
							<String ID="string_259" HPOS="1725" VPOS="1498" WIDTH="44" HEIGHT="20" WC="0.96" CONTENT="en"/>
						</TextLine>
						<TextLine ID="line_27" HPOS="267" VPOS="1536" WIDTH="1501" HEIGHT="42">
							<String ID="string_260" HPOS="267" VPOS="1536" WIDTH="131" HEIGHT="40" WC="0.96" CONTENT="kraftig"/><SP WIDTH="21" VPOS="1536" HPOS="398"/>
							<String ID="string_261" HPOS="419" VPOS="1537" WIDTH="237" HEIGHT="40" WC="0.96" CONTENT="tillbakagång"/><SP WIDTH="21" VPOS="1537" HPOS="656"/>
							<String ID="string_262" HPOS="677" VPOS="1538" WIDTH="173" HEIGHT="29" WC="0.96" CONTENT="alltsedan"/><SP WIDTH="24" VPOS="1538" HPOS="850"/>
							<String ID="string_263" HPOS="874" VPOS="1538" WIDTH="82" HEIGHT="30" WC="0.95" CONTENT="1939"/><SP WIDTH="22" VPOS="1538" HPOS="956"/>
							<String ID="string_264" HPOS="978" VPOS="1538" WIDTH="64" HEIGHT="29" WC="0.96" CONTENT="och"/><SP WIDTH="21" VPOS="1538" HPOS="1042"/>
							<String ID="string_265" HPOS="1063" VPOS="1540" WIDTH="50" HEIGHT="28" WC="0.96" CONTENT="att"/><SP WIDTH="23" VPOS="1540" HPOS="1113"/>
							<String ID="string_266" HPOS="1136" VPOS="1538" WIDTH="56" HEIGHT="30" WC="0.96" CONTENT="det"/><SP WIDTH="20" VPOS="1538" HPOS="1192"/>
							<String ID="string_267" HPOS="1212" VPOS="1539" WIDTH="73" HEIGHT="29" WC="0.96" CONTENT="inte"/><SP WIDTH="22" VPOS="1539" HPOS="1285"/>
							<String ID="string_268" HPOS="1307" VPOS="1539" WIDTH="70" HEIGHT="29" WC="0.96" CONTENT="kan"/><SP WIDTH="20" VPOS="1539" HPOS="1377"/>
							<String ID="string_269" HPOS="1397" VPOS="1539" WIDTH="86" HEIGHT="30" WC="0.96" CONTENT="råda"/><SP WIDTH="20" VPOS="1539" HPOS="1483"/>
							<String ID="string_270" HPOS="1503" VPOS="1539" WIDTH="115" HEIGHT="39" WC="0.93" CONTENT="någon"/><SP WIDTH="21" VPOS="1539" HPOS="1618"/>
							<String ID="string_271" HPOS="1639" VPOS="1540" WIDTH="129" HEIGHT="29" WC="0.85" CONTENT="tvckan"/>
						</TextLine>
						<TextLine ID="line_28" HPOS="267" VPOS="1587" WIDTH="1500" HEIGHT="41">
							<String ID="string_272" HPOS="267" VPOS="1595" WIDTH="58" HEIGHT="21" WC="0.96" CONTENT="om"/><SP WIDTH="17" VPOS="1595" HPOS="325"/>
							<String ID="string_273" HPOS="342" VPOS="1589" WIDTH="49" HEIGHT="28" WC="0.96" CONTENT="att"/><SP WIDTH="18" VPOS="1589" HPOS="391"/>
							<String ID="string_274" HPOS="409" VPOS="1587" WIDTH="96" HEIGHT="30" WC="0.96" CONTENT="detta"/><SP WIDTH="17" VPOS="1587" HPOS="505"/>
							<String ID="string_275" HPOS="522" VPOS="1589" WIDTH="149" HEIGHT="38" WC="0.96" CONTENT="tonnage"/><SP WIDTH="19" VPOS="1589" HPOS="671"/>
							<String ID="string_276" HPOS="690" VPOS="1590" WIDTH="38" HEIGHT="28" WC="0.96" CONTENT="är"/><SP WIDTH="19" VPOS="1590" HPOS="728"/>
							<String ID="string_277" HPOS="747" VPOS="1588" WIDTH="177" HEIGHT="40" WC="0.96" CONTENT="praktiskt"/><SP WIDTH="17" VPOS="1588" HPOS="924"/>
							<String ID="string_278" HPOS="941" VPOS="1590" WIDTH="93" HEIGHT="37" WC="0.93" CONTENT="taget"/><SP WIDTH="18" VPOS="1590" HPOS="1034"/>
							<String ID="string_279" HPOS="1052" VPOS="1589" WIDTH="196" HEIGHT="35" WC="0.91" CONTENT="dödsdömt,"/><SP WIDTH="20" VPOS="1589" HPOS="1248"/>
							<String ID="string_280" HPOS="1268" VPOS="1598" WIDTH="58" HEIGHT="20" WC="0.96" CONTENT="om"/><SP WIDTH="18" VPOS="1598" HPOS="1326"/>
							<String ID="string_281" HPOS="1344" VPOS="1589" WIDTH="56" HEIGHT="30" WC="0.96" CONTENT="det"/><SP WIDTH="17" VPOS="1589" HPOS="1400"/>
							<String ID="string_282" HPOS="1417" VPOS="1598" WIDTH="48" HEIGHT="20" WC="0.96" CONTENT="nu"/><SP WIDTH="19" VPOS="1598" HPOS="1465"/>
							<String ID="string_283" HPOS="1484" VPOS="1590" WIDTH="112" HEIGHT="29" WC="0.96" CONTENT="skulle"/><SP WIDTH="18" VPOS="1590" HPOS="1596"/>
							<String ID="string_284" HPOS="1614" VPOS="1589" WIDTH="153" HEIGHT="30" WC="0.96" CONTENT="belastas"/>
						</TextLine>
						<TextLine ID="line_29" HPOS="267" VPOS="1637" WIDTH="1501" HEIGHT="42">
							<String ID="string_285" HPOS="267" VPOS="1637" WIDTH="79" HEIGHT="29" WC="0.96" CONTENT="med"/><SP WIDTH="23" VPOS="1637" HPOS="346"/>
							<String ID="string_286" HPOS="369" VPOS="1637" WIDTH="67" HEIGHT="30" WC="0.96" CONTENT="den"/><SP WIDTH="23" VPOS="1637" HPOS="436"/>
							<String ID="string_287" HPOS="459" VPOS="1637" WIDTH="161" HEIGHT="36" WC="0.95" CONTENT="kostnad,"/><SP WIDTH="25" VPOS="1637" HPOS="620"/>
							<String ID="string_288" HPOS="645" VPOS="1647" WIDTH="76" HEIGHT="20" WC="0.96" CONTENT="som"/><SP WIDTH="24" VPOS="1647" HPOS="721"/>
							<String ID="string_289" HPOS="745" VPOS="1638" WIDTH="57" HEIGHT="30" WC="0.96" CONTENT="det"/><SP WIDTH="24" VPOS="1638" HPOS="802"/>
							<String ID="string_290" HPOS="826" VPOS="1639" WIDTH="112" HEIGHT="29" WC="0.96" CONTENT="skulle"/><SP WIDTH="23" VPOS="1639" HPOS="938"/>
							<String ID="string_291" HPOS="961" VPOS="1638" WIDTH="178" HEIGHT="35" WC="0.96" CONTENT="innebära,"/><SP WIDTH="27" VPOS="1638" HPOS="1139"/>
							<String ID="string_292" HPOS="1166" VPOS="1648" WIDTH="56" HEIGHT="20" WC="0.90" CONTENT="om"/><SP WIDTH="24" VPOS="1648" HPOS="1222"/>
							<String ID="string_293" HPOS="1246" VPOS="1639" WIDTH="355" HEIGHT="30" WC="0.90" CONTENT="45-timmarsveckan"/><SP WIDTH="26" VPOS="1639" HPOS="1601"/>
							<String ID="string_294" HPOS="1627" VPOS="1648" WIDTH="141" HEIGHT="31" WC="0.89" CONTENT="genom-"/>
						</TextLine>
						<TextLine ID="line_30" HPOS="268" VPOS="1687" WIDTH="707" HEIGHT="41">
							<String ID="string_295" HPOS="268" VPOS="1687" WIDTH="126" HEIGHT="30" WC="0.96" CONTENT="fördes."/><SP WIDTH="22" VPOS="1687" HPOS="394"/>
							<String ID="string_296" HPOS="416" VPOS="1688" WIDTH="128" HEIGHT="30" WC="0.96" CONTENT="Vidare"/><SP WIDTH="21" VPOS="1688" HPOS="544"/>
							<String ID="string_297" HPOS="565" VPOS="1690" WIDTH="112" HEIGHT="38" WC="0.96" CONTENT="yttrar"/><SP WIDTH="22" VPOS="1690" HPOS="677"/>
							<String ID="string_298" HPOS="699" VPOS="1689" WIDTH="276" HEIGHT="30" WC="0.96" CONTENT="motionärerna:"/>
						</TextLine>
					</TextBlock>
					<TextBlock ID="block_6" HPOS="268" VPOS="1746" WIDTH="1507" HEIGHT="418">
						<TextLine ID="line_31" HPOS="313" VPOS="1746" WIDTH="1458" HEIGHT="41">
							<String ID="string_299" HPOS="313" VPOS="1746" WIDTH="64" HEIGHT="31" WC="0.96" CONTENT="Det"/><SP WIDTH="21" VPOS="1746" HPOS="377"/>
							<String ID="string_300" HPOS="398" VPOS="1747" WIDTH="66" HEIGHT="29" WC="0.96" CONTENT="har"/><SP WIDTH="22" VPOS="1747" HPOS="464"/>
							<String ID="string_301" HPOS="486" VPOS="1746" WIDTH="213" HEIGHT="31" WC="0.93" CONTENT="framhållits"/><SP WIDTH="20" VPOS="1746" HPOS="699"/>
							<String ID="string_302" HPOS="719" VPOS="1766" WIDTH="45" HEIGHT="3" WC="0.91" CONTENT="—"/><SP WIDTH="19" VPOS="1766" HPOS="764"/>
							<String ID="string_303" HPOS="783" VPOS="1748" WIDTH="155" HEIGHT="39" WC="0.96" CONTENT="tydligen"/><SP WIDTH="21" VPOS="1748" HPOS="938"/>
							<String ID="string_304" HPOS="959" VPOS="1748" WIDTH="75" HEIGHT="29" WC="0.96" CONTENT="icke"/><SP WIDTH="21" VPOS="1748" HPOS="1034"/>
							<String ID="string_305" HPOS="1055" VPOS="1750" WIDTH="86" HEIGHT="28" WC="0.96" CONTENT="utan"/><SP WIDTH="23" VPOS="1750" HPOS="1141"/>
							<String ID="string_306" HPOS="1164" VPOS="1748" WIDTH="59" HEIGHT="39" WC="0.93" CONTENT="fog"/><SP WIDTH="18" VPOS="1748" HPOS="1223"/>
							<String ID="string_307" HPOS="1241" VPOS="1766" WIDTH="45" HEIGHT="4" WC="0.91" CONTENT="—"/><SP WIDTH="20" VPOS="1766" HPOS="1286"/>
							<String ID="string_308" HPOS="1306" VPOS="1750" WIDTH="51" HEIGHT="28" WC="0.96" CONTENT="att"/><SP WIDTH="21" VPOS="1750" HPOS="1357"/>
							<String ID="string_309" HPOS="1378" VPOS="1748" WIDTH="56" HEIGHT="30" WC="0.96" CONTENT="det"/><SP WIDTH="21" VPOS="1748" HPOS="1434"/>
							<String ID="string_310" HPOS="1455" VPOS="1748" WIDTH="137" HEIGHT="30" WC="0.96" CONTENT="mindre"/><SP WIDTH="22" VPOS="1748" HPOS="1592"/>
							<String ID="string_311" HPOS="1614" VPOS="1749" WIDTH="65" HEIGHT="29" WC="0.93" CONTENT="och"/><SP WIDTH="21" VPOS="1749" HPOS="1679"/>
							<String ID="string_312" HPOS="1700" VPOS="1758" WIDTH="71" HEIGHT="20" WC="0.91" CONTENT="me-"/>
						</TextLine>
						<TextLine ID="line_32" HPOS="268" VPOS="1787" WIDTH="1502" HEIGHT="41">
							<String ID="string_313" HPOS="268" VPOS="1787" WIDTH="153" HEIGHT="31" WC="0.92" CONTENT="delstora"/><SP WIDTH="20" VPOS="1787" HPOS="421"/>
							<String ID="string_314" HPOS="441" VPOS="1791" WIDTH="184" HEIGHT="37" WC="0.90" CONTENT="tonnagets"/><SP WIDTH="21" VPOS="1791" HPOS="625"/>
							<String ID="string_315" HPOS="646" VPOS="1789" WIDTH="252" HEIGHT="30" WC="0.96" CONTENT="försvinnande"/><SP WIDTH="21" VPOS="1789" HPOS="898"/>
							<String ID="string_316" HPOS="919" VPOS="1790" WIDTH="113" HEIGHT="29" WC="0.96" CONTENT="skulle"/><SP WIDTH="21" VPOS="1790" HPOS="1032"/>
							<String ID="string_317" HPOS="1053" VPOS="1790" WIDTH="168" HEIGHT="30" WC="0.96" CONTENT="innebära"/><SP WIDTH="21" VPOS="1790" HPOS="1221"/>
							<String ID="string_318" HPOS="1242" VPOS="1791" WIDTH="189" HEIGHT="29" WC="0.96" CONTENT="nackdelar"/><SP WIDTH="20" VPOS="1791" HPOS="1431"/>
							<String ID="string_319" HPOS="1451" VPOS="1792" WIDTH="87" HEIGHT="28" WC="0.96" CONTENT="även"/><SP WIDTH="21" VPOS="1792" HPOS="1538"/>
							<String ID="string_320" HPOS="1559" VPOS="1790" WIDTH="54" HEIGHT="30" WC="0.96" CONTENT="för"/><SP WIDTH="22" VPOS="1790" HPOS="1613"/>
							<String ID="string_321" HPOS="1635" VPOS="1791" WIDTH="41" HEIGHT="29" WC="0.93" CONTENT="de"/><SP WIDTH="21" VPOS="1791" HPOS="1676"/>
							<String ID="string_322" HPOS="1697" VPOS="1800" WIDTH="73" HEIGHT="20" WC="0.93" CONTENT="om-"/>
						</TextLine>
						<TextLine ID="line_33" HPOS="268" VPOS="1829" WIDTH="1502" HEIGHT="43">
							<String ID="string_323" HPOS="268" VPOS="1829" WIDTH="274" HEIGHT="32" WC="0.87" CONTENT="bordanställda."/><SP WIDTH="24" VPOS="1829" HPOS="542"/>
							<String ID="string_324" HPOS="566" VPOS="1830" WIDTH="124" HEIGHT="40" WC="0.96" CONTENT="Många"/><SP WIDTH="24" VPOS="1830" HPOS="690"/>
							<String ID="string_325" HPOS="714" VPOS="1831" WIDTH="149" HEIGHT="39" WC="0.96" CONTENT="sjömän,"/><SP WIDTH="25" VPOS="1831" HPOS="863"/>
							<String ID="string_326" HPOS="888" VPOS="1832" WIDTH="143" HEIGHT="29" WC="0.96" CONTENT="särskilt"/><SP WIDTH="23" VPOS="1832" HPOS="1031"/>
							<String ID="string_327" HPOS="1054" VPOS="1832" WIDTH="132" HEIGHT="29" WC="0.96" CONTENT="sådana"/><SP WIDTH="22" VPOS="1832" HPOS="1186"/>
							<String ID="string_328" HPOS="1208" VPOS="1832" WIDTH="80" HEIGHT="29" WC="0.96" CONTENT="med"/><SP WIDTH="22" VPOS="1832" HPOS="1288"/>
							<String ID="string_329" HPOS="1310" VPOS="1832" WIDTH="126" HEIGHT="39" WC="0.96" CONTENT="familj,"/><SP WIDTH="25" VPOS="1832" HPOS="1436"/>
							<String ID="string_330" HPOS="1461" VPOS="1833" WIDTH="102" HEIGHT="29" WC="0.96" CONTENT="söker"/><SP WIDTH="24" VPOS="1833" HPOS="1563"/>
							<String ID="string_331" HPOS="1587" VPOS="1833" WIDTH="50" HEIGHT="39" WC="0.96" CONTENT="sig"/><SP WIDTH="24" VPOS="1833" HPOS="1637"/>
							<String ID="string_332" HPOS="1661" VPOS="1834" WIDTH="109" HEIGHT="38" WC="0.96" CONTENT="gärna"/>
						</TextLine>
						<TextLine ID="line_34" HPOS="268" VPOS="1872" WIDTH="1501" HEIGHT="40">
							<String ID="string_333" HPOS="268" VPOS="1872" WIDTH="53" HEIGHT="29" WC="0.95" CONTENT="till"/><SP WIDTH="21" VPOS="1872" HPOS="321"/>
							<String ID="string_334" HPOS="342" VPOS="1872" WIDTH="95" HEIGHT="29" WC="0.96" CONTENT="detta"/><SP WIDTH="17" VPOS="1872" HPOS="437"/>
							<String ID="string_335" HPOS="454" VPOS="1874" WIDTH="161" HEIGHT="37" WC="0.96" CONTENT="tonnage,"/><SP WIDTH="24" VPOS="1874" HPOS="615"/>
							<String ID="string_336" HPOS="639" VPOS="1882" WIDTH="75" HEIGHT="20" WC="0.96" CONTENT="som"/><SP WIDTH="20" VPOS="1882" HPOS="714"/>
							<String ID="string_337" HPOS="734" VPOS="1874" WIDTH="11" HEIGHT="28" WC="0.96" CONTENT="i"/><SP WIDTH="20" VPOS="1874" HPOS="745"/>
							<String ID="string_338" HPOS="765" VPOS="1873" WIDTH="187" HEIGHT="30" WC="0.95" CONTENT="huvudsak"/><SP WIDTH="21" VPOS="1873" HPOS="952"/>
							<String ID="string_339" HPOS="973" VPOS="1875" WIDTH="38" HEIGHT="28" WC="0.96" CONTENT="är"/><SP WIDTH="22" VPOS="1875" HPOS="1011"/>
							<String ID="string_340" HPOS="1033" VPOS="1875" WIDTH="180" HEIGHT="37" WC="0.95" CONTENT="sysselsatt"/><SP WIDTH="23" VPOS="1875" HPOS="1213"/>
							<String ID="string_341" HPOS="1236" VPOS="1875" WIDTH="11" HEIGHT="28" WC="0.93" CONTENT="i"/><SP WIDTH="22" VPOS="1875" HPOS="1247"/>
							<String ID="string_342" HPOS="1269" VPOS="1874" WIDTH="175" HEIGHT="30" WC="0.92" CONTENT="närtrafik"/><SP WIDTH="21" VPOS="1874" HPOS="1444"/>
							<String ID="string_343" HPOS="1465" VPOS="1875" WIDTH="65" HEIGHT="28" WC="0.96" CONTENT="och"/><SP WIDTH="22" VPOS="1875" HPOS="1530"/>
							<String ID="string_344" HPOS="1552" VPOS="1884" WIDTH="75" HEIGHT="20" WC="0.96" CONTENT="som"/><SP WIDTH="21" VPOS="1884" HPOS="1627"/>
							<String ID="string_345" HPOS="1648" VPOS="1874" WIDTH="121" HEIGHT="30" WC="0.96" CONTENT="därför"/>
						</TextLine>
						<TextLine ID="line_35" HPOS="268" VPOS="1913" WIDTH="1501" HEIGHT="42">
							<String ID="string_346" HPOS="268" VPOS="1913" WIDTH="72" HEIGHT="30" WC="0.96" CONTENT="ofta"/><SP WIDTH="20" VPOS="1913" HPOS="340"/>
							<String ID="string_347" HPOS="360" VPOS="1914" WIDTH="144" HEIGHT="39" WC="0.96" CONTENT="anlöper"/><SP WIDTH="21" VPOS="1914" HPOS="504"/>
							<String ID="string_348" HPOS="525" VPOS="1915" WIDTH="148" HEIGHT="29" WC="0.96" CONTENT="svenska"/><SP WIDTH="20" VPOS="1915" HPOS="673"/>
							<String ID="string_349" HPOS="693" VPOS="1915" WIDTH="160" HEIGHT="30" WC="0.96" CONTENT="hamnar."/><SP WIDTH="21" VPOS="1915" HPOS="853"/>
							<String ID="string_350" HPOS="874" VPOS="1916" WIDTH="81" HEIGHT="29" WC="0.96" CONTENT="Man"/><SP WIDTH="20" VPOS="1916" HPOS="955"/>
							<String ID="string_351" HPOS="975" VPOS="1915" WIDTH="55" HEIGHT="30" WC="0.96" CONTENT="får"/><SP WIDTH="19" VPOS="1915" HPOS="1030"/>
							<String ID="string_352" HPOS="1049" VPOS="1916" WIDTH="105" HEIGHT="29" WC="0.96" CONTENT="också"/><SP WIDTH="21" VPOS="1916" HPOS="1154"/>
							<String ID="string_353" HPOS="1175" VPOS="1918" WIDTH="80" HEIGHT="37" WC="0.95" CONTENT="taga"/><SP WIDTH="20" VPOS="1918" HPOS="1255"/>
							<String ID="string_354" HPOS="1275" VPOS="1916" WIDTH="138" HEIGHT="39" WC="0.96" CONTENT="hänsyn"/><SP WIDTH="20" VPOS="1916" HPOS="1413"/>
							<String ID="string_355" HPOS="1433" VPOS="1916" WIDTH="54" HEIGHT="29" WC="0.96" CONTENT="till"/><SP WIDTH="19" VPOS="1916" HPOS="1487"/>
							<String ID="string_356" HPOS="1506" VPOS="1917" WIDTH="49" HEIGHT="28" WC="0.96" CONTENT="att"/><SP WIDTH="21" VPOS="1917" HPOS="1555"/>
							<String ID="string_357" HPOS="1576" VPOS="1916" WIDTH="102" HEIGHT="30" WC="0.90" CONTENT="dessa"/><SP WIDTH="21" VPOS="1916" HPOS="1678"/>
							<String ID="string_358" HPOS="1699" VPOS="1916" WIDTH="70" HEIGHT="29" WC="0.90" CONTENT="far-"/>
						</TextLine>
						<TextLine ID="line_36" HPOS="269" VPOS="1956" WIDTH="1499" HEIGHT="41">
							<String ID="string_359" HPOS="269" VPOS="1956" WIDTH="58" HEIGHT="38" WC="0.96" CONTENT="tyg"/><SP WIDTH="25" VPOS="1956" HPOS="327"/>
							<String ID="string_360" HPOS="352" VPOS="1956" WIDTH="220" HEIGHT="38" WC="0.96" CONTENT="sysselsätter"/><SP WIDTH="25" VPOS="1956" HPOS="572"/>
							<String ID="string_361" HPOS="597" VPOS="1958" WIDTH="47" HEIGHT="27" WC="0.96" CONTENT="ett"/><SP WIDTH="23" VPOS="1958" HPOS="644"/>
							<String ID="string_362" HPOS="667" VPOS="1959" WIDTH="11" HEIGHT="28" WC="0.96" CONTENT="i"/><SP WIDTH="25" VPOS="1959" HPOS="678"/>
							<String ID="string_363" HPOS="703" VPOS="1956" WIDTH="220" HEIGHT="30" WC="0.96" CONTENT="förhållande"/><SP WIDTH="25" VPOS="1956" HPOS="923"/>
							<String ID="string_364" HPOS="948" VPOS="1957" WIDTH="53" HEIGHT="30" WC="0.96" CONTENT="till"/><SP WIDTH="25" VPOS="1957" HPOS="1001"/>
							<String ID="string_365" HPOS="1026" VPOS="1957" WIDTH="59" HEIGHT="30" WC="0.92" CONTENT="sitt"/><SP WIDTH="26" VPOS="1957" HPOS="1085"/>
							<String ID="string_366" HPOS="1111" VPOS="1959" WIDTH="112" HEIGHT="28" WC="0.92" CONTENT="tontal"/><SP WIDTH="27" VPOS="1959" HPOS="1223"/>
							<String ID="string_367" HPOS="1250" VPOS="1958" WIDTH="195" HEIGHT="39" WC="0.96" CONTENT="betydande"/><SP WIDTH="26" VPOS="1958" HPOS="1445"/>
							<String ID="string_368" HPOS="1471" VPOS="1958" WIDTH="95" HEIGHT="29" WC="0.96" CONTENT="antal"/><SP WIDTH="25" VPOS="1958" HPOS="1566"/>
							<String ID="string_369" HPOS="1591" VPOS="1967" WIDTH="177" HEIGHT="30" WC="0.96" CONTENT="personer."/>
						</TextLine>
						<TextLine ID="line_37" HPOS="268" VPOS="1997" WIDTH="1502" HEIGHT="42">
							<String ID="string_370" HPOS="268" VPOS="1997" WIDTH="212" HEIGHT="29" WC="0.96" CONTENT="Försvinner"/><SP WIDTH="26" VPOS="1997" HPOS="480"/>
							<String ID="string_371" HPOS="506" VPOS="1997" WIDTH="94" HEIGHT="30" WC="0.96" CONTENT="detta"/><SP WIDTH="25" VPOS="1997" HPOS="600"/>
							<String ID="string_372" HPOS="625" VPOS="1999" WIDTH="161" HEIGHT="38" WC="0.96" CONTENT="tonnage,"/><SP WIDTH="29" VPOS="1999" HPOS="786"/>
							<String ID="string_373" HPOS="815" VPOS="1999" WIDTH="159" HEIGHT="29" WC="0.96" CONTENT="kommer"/><SP WIDTH="27" VPOS="1999" HPOS="974"/>
							<String ID="string_374" HPOS="1001" VPOS="1999" WIDTH="119" HEIGHT="30" WC="0.95" CONTENT="därför"/><SP WIDTH="27" VPOS="1999" HPOS="1120"/>
							<String ID="string_375" HPOS="1147" VPOS="2009" WIDTH="43" HEIGHT="20" WC="0.96" CONTENT="en"/><SP WIDTH="26" VPOS="2009" HPOS="1190"/>
							<String ID="string_376" HPOS="1216" VPOS="2000" WIDTH="77" HEIGHT="29" WC="0.96" CONTENT="icke"/><SP WIDTH="26" VPOS="2000" HPOS="1293"/>
							<String ID="string_377" HPOS="1319" VPOS="2000" WIDTH="192" HEIGHT="39" WC="0.96" CONTENT="oväsentlig"/><SP WIDTH="26" VPOS="2000" HPOS="1511"/>
							<String ID="string_378" HPOS="1537" VPOS="1999" WIDTH="233" HEIGHT="30" WC="0.82" CONTENT="arbetslöshet"/>
						</TextLine>
						<TextLine ID="line_38" HPOS="270" VPOS="2039" WIDTH="1505" HEIGHT="40">
							<String ID="string_379" HPOS="270" VPOS="2040" WIDTH="50" HEIGHT="27" WC="0.96" CONTENT="att"/><SP WIDTH="21" VPOS="2040" HPOS="320"/>
							<String ID="string_380" HPOS="341" VPOS="2039" WIDTH="82" HEIGHT="38" WC="0.96" CONTENT="göra"/><SP WIDTH="21" VPOS="2039" HPOS="423"/>
							<String ID="string_381" HPOS="444" VPOS="2039" WIDTH="51" HEIGHT="37" WC="0.96" CONTENT="sig"/><SP WIDTH="21" VPOS="2039" HPOS="495"/>
							<String ID="string_382" HPOS="516" VPOS="2039" WIDTH="159" HEIGHT="29" WC="0.96" CONTENT="kännbar"/><SP WIDTH="21" VPOS="2039" HPOS="675"/>
							<String ID="string_383" HPOS="696" VPOS="2040" WIDTH="107" HEIGHT="29" WC="0.92" CONTENT="bland"/><SP WIDTH="22" VPOS="2040" HPOS="803"/>
							<String ID="string_384" HPOS="825" VPOS="2040" WIDTH="177" HEIGHT="39" WC="0.91" CONTENT="sjöfolket,"/><SP WIDTH="21" VPOS="2040" HPOS="1002"/>
							<String ID="string_385" HPOS="1023" VPOS="2041" WIDTH="64" HEIGHT="28" WC="0.96" CONTENT="och"/><SP WIDTH="22" VPOS="2041" HPOS="1087"/>
							<String ID="string_386" HPOS="1109" VPOS="2041" WIDTH="231" HEIGHT="30" WC="0.96" CONTENT="arbetslöshet"/><SP WIDTH="22" VPOS="2041" HPOS="1340"/>
							<String ID="string_387" HPOS="1362" VPOS="2042" WIDTH="101" HEIGHT="28" WC="0.96" CONTENT="hotar"/><SP WIDTH="21" VPOS="2042" HPOS="1463"/>
							<String ID="string_388" HPOS="1484" VPOS="2041" WIDTH="45" HEIGHT="30" WC="0.96" CONTENT="då"/><SP WIDTH="21" VPOS="2041" HPOS="1529"/>
							<String ID="string_389" HPOS="1550" VPOS="2041" WIDTH="106" HEIGHT="30" WC="0.93" CONTENT="också"/><SP WIDTH="21" VPOS="2041" HPOS="1656"/>
							<String ID="string_390" HPOS="1677" VPOS="2040" WIDTH="98" HEIGHT="31" WC="0.92" CONTENT="arbe-"/>
						</TextLine>
						<TextLine ID="line_39" HPOS="269" VPOS="2081" WIDTH="1501" HEIGHT="40">
							<String ID="string_391" HPOS="269" VPOS="2082" WIDTH="73" HEIGHT="29" WC="0.96" CONTENT="tare"/><SP WIDTH="24" VPOS="2082" HPOS="342"/>
							<String ID="string_392" HPOS="366" VPOS="2082" WIDTH="64" HEIGHT="29" WC="0.96" CONTENT="och"/><SP WIDTH="22" VPOS="2082" HPOS="430"/>
							<String ID="string_393" HPOS="452" VPOS="2081" WIDTH="217" HEIGHT="39" WC="0.96" CONTENT="tjänstemän"/><SP WIDTH="21" VPOS="2081" HPOS="669"/>
							<String ID="string_394" HPOS="690" VPOS="2082" WIDTH="45" HEIGHT="39" WC="0.96" CONTENT="på"/><SP WIDTH="21" VPOS="2082" HPOS="735"/>
							<String ID="string_395" HPOS="756" VPOS="2082" WIDTH="42" HEIGHT="30" WC="0.96" CONTENT="de"/><SP WIDTH="22" VPOS="2082" HPOS="798"/>
							<String ID="string_396" HPOS="820" VPOS="2083" WIDTH="135" HEIGHT="29" WC="0.96" CONTENT="mindre"/><SP WIDTH="21" VPOS="2083" HPOS="955"/>
							<String ID="string_397" HPOS="976" VPOS="2092" WIDTH="85" HEIGHT="20" WC="0.96" CONTENT="varv"/><SP WIDTH="19" VPOS="2092" HPOS="1061"/>
							<String ID="string_398" HPOS="1080" VPOS="2085" WIDTH="83" HEIGHT="28" WC="0.96" CONTENT="runt"/><SP WIDTH="21" VPOS="2085" HPOS="1163"/>
							<String ID="string_399" HPOS="1184" VPOS="2083" WIDTH="87" HEIGHT="30" WC="0.96" CONTENT="våra"/><SP WIDTH="18" VPOS="2083" HPOS="1271"/>
							<String ID="string_400" HPOS="1289" VPOS="2083" WIDTH="131" HEIGHT="34" WC="0.95" CONTENT="kuster,"/><SP WIDTH="23" VPOS="2083" HPOS="1420"/>
							<String ID="string_401" HPOS="1443" VPOS="2092" WIDTH="76" HEIGHT="20" WC="0.96" CONTENT="som"/><SP WIDTH="21" VPOS="2092" HPOS="1519"/>
							<String ID="string_402" HPOS="1540" VPOS="2083" WIDTH="126" HEIGHT="30" WC="0.15" CONTENT="hittills"/><SP WIDTH="22" VPOS="2083" HPOS="1666"/>
							<String ID="string_403" HPOS="1688" VPOS="2083" WIDTH="82" HEIGHT="29" WC="0.92" CONTENT="bru-"/>
						</TextLine>
						<TextLine ID="line_40" HPOS="268" VPOS="2122" WIDTH="744" HEIGHT="42">
							<String ID="string_404" HPOS="268" VPOS="2122" WIDTH="61" HEIGHT="30" WC="0.96" CONTENT="kat"/><SP WIDTH="18" VPOS="2122" HPOS="329"/>
							<String ID="string_405" HPOS="347" VPOS="2122" WIDTH="111" HEIGHT="40" WC="0.96" CONTENT="bygga"/><SP WIDTH="22" VPOS="2122" HPOS="458"/>
							<String ID="string_406" HPOS="480" VPOS="2124" WIDTH="65" HEIGHT="28" WC="0.96" CONTENT="och"/><SP WIDTH="20" VPOS="2124" HPOS="545"/>
							<String ID="string_407" HPOS="565" VPOS="2132" WIDTH="161" HEIGHT="31" WC="0.96" CONTENT="reparera"/><SP WIDTH="21" VPOS="2132" HPOS="726"/>
							<String ID="string_408" HPOS="747" VPOS="2124" WIDTH="120" HEIGHT="39" WC="0.96" CONTENT="dylika"/><SP WIDTH="19" VPOS="2124" HPOS="867"/>
							<String ID="string_409" HPOS="886" VPOS="2124" WIDTH="126" HEIGHT="40" WC="0.96" CONTENT="fartyg."/>
						</TextLine>
					</TextBlock>
				</ComposedBlock>
				<ComposedBlock ID="cblock_4" HPOS="269" VPOS="2198" WIDTH="1506" HEIGHT="242">
					<TextBlock ID="block_7" HPOS="269" VPOS="2198" WIDTH="1506" HEIGHT="242">
						<TextLine ID="line_41" HPOS="315" VPOS="2198" WIDTH="1457" HEIGHT="42">
							<String ID="string_410" HPOS="315" VPOS="2198" WIDTH="13" HEIGHT="29" WC="0.95" CONTENT="I"/><SP WIDTH="28" VPOS="2198" HPOS="328"/>
							<String ID="string_411" HPOS="356" VPOS="2198" WIDTH="274" HEIGHT="40" WC="0.95" CONTENT="fortsättningen"/><SP WIDTH="28" VPOS="2198" HPOS="630"/>
							<String ID="string_412" HPOS="658" VPOS="2200" WIDTH="148" HEIGHT="29" WC="0.96" CONTENT="nämner"/><SP WIDTH="29" VPOS="2200" HPOS="806"/>
							<String ID="string_413" HPOS="835" VPOS="2200" WIDTH="269" HEIGHT="35" WC="0.95" CONTENT="motionärerna,"/><SP WIDTH="31" VPOS="2200" HPOS="1104"/>
							<String ID="string_414" HPOS="1135" VPOS="2202" WIDTH="49" HEIGHT="28" WC="0.96" CONTENT="att"/><SP WIDTH="29" VPOS="2202" HPOS="1184"/>
							<String ID="string_415" HPOS="1213" VPOS="2200" WIDTH="254" HEIGHT="39" WC="0.93" CONTENT="föredragande"/><SP WIDTH="28" VPOS="2200" HPOS="1467"/>
							<String ID="string_416" HPOS="1495" VPOS="2200" WIDTH="277" HEIGHT="40" WC="0.90" CONTENT="departements-"/>
						</TextLine>
						<TextLine ID="line_42" HPOS="269" VPOS="2248" WIDTH="1502" HEIGHT="42">
							<String ID="string_417" HPOS="269" VPOS="2248" WIDTH="126" HEIGHT="30" WC="0.71" CONTENT="chefen"/><SP WIDTH="26" VPOS="2248" HPOS="395"/>
							<String ID="string_418" HPOS="421" VPOS="2250" WIDTH="70" HEIGHT="38" WC="0.96" CONTENT="gett"/><SP WIDTH="28" VPOS="2250" HPOS="491"/>
							<String ID="string_419" HPOS="519" VPOS="2250" WIDTH="140" HEIGHT="39" WC="0.96" CONTENT="uttryck"/><SP WIDTH="26" VPOS="2250" HPOS="659"/>
							<String ID="string_420" HPOS="685" VPOS="2249" WIDTH="55" HEIGHT="30" WC="0.96" CONTENT="för"/><SP WIDTH="27" VPOS="2249" HPOS="740"/>
							<String ID="string_421" HPOS="767" VPOS="2250" WIDTH="283" HEIGHT="39" WC="0.96" CONTENT="uppfattningen,"/><SP WIDTH="28" VPOS="2250" HPOS="1050"/>
							<String ID="string_422" HPOS="1078" VPOS="2253" WIDTH="50" HEIGHT="27" WC="0.96" CONTENT="att"/><SP WIDTH="28" VPOS="2253" HPOS="1128"/>
							<String ID="string_423" HPOS="1156" VPOS="2251" WIDTH="287" HEIGHT="29" WC="0.93" CONTENT="Internationella"/><SP WIDTH="30" VPOS="2251" HPOS="1443"/>
							<String ID="string_424" HPOS="1473" VPOS="2251" WIDTH="298" HEIGHT="39" WC="0.92" CONTENT="arbetsorganisa-"/>
						</TextLine>
						<TextLine ID="line_43" HPOS="270" VPOS="2298" WIDTH="1502" HEIGHT="42">
							<String ID="string_425" HPOS="270" VPOS="2298" WIDTH="137" HEIGHT="31" WC="0.90" CONTENT="tionens"/><SP WIDTH="30" VPOS="2298" HPOS="407"/>
							<String ID="string_426" HPOS="437" VPOS="2299" WIDTH="214" HEIGHT="30" WC="0.96" CONTENT="konvention"/><SP WIDTH="33" VPOS="2299" HPOS="651"/>
							<String ID="string_427" HPOS="684" VPOS="2299" WIDTH="59" HEIGHT="34" WC="0.96" CONTENT="(nr"/><SP WIDTH="29" VPOS="2299" HPOS="743"/>
							<String ID="string_428" HPOS="772" VPOS="2300" WIDTH="78" HEIGHT="34" WC="0.95" CONTENT="109)"/><SP WIDTH="32" VPOS="2300" HPOS="850"/>
							<String ID="string_429" HPOS="882" VPOS="2300" WIDTH="179" HEIGHT="40" WC="0.96" CONTENT="angående"/><SP WIDTH="26" VPOS="2300" HPOS="1061"/>
							<String ID="string_430" HPOS="1087" VPOS="2302" WIDTH="107" HEIGHT="33" WC="0.96" CONTENT="löner,"/><SP WIDTH="29" VPOS="2302" HPOS="1194"/>
							<String ID="string_431" HPOS="1223" VPOS="2301" WIDTH="168" HEIGHT="30" WC="0.96" CONTENT="arbetstid"/><SP WIDTH="27" VPOS="2301" HPOS="1391"/>
							<String ID="string_432" HPOS="1418" VPOS="2301" WIDTH="66" HEIGHT="29" WC="0.96" CONTENT="och"/><SP WIDTH="25" VPOS="2301" HPOS="1484"/>
							<String ID="string_433" HPOS="1509" VPOS="2301" WIDTH="214" HEIGHT="39" WC="0.92" CONTENT="bemanning"/><SP WIDTH="28" VPOS="2301" HPOS="1723"/>
							<String ID="string_434" HPOS="1751" VPOS="2300" WIDTH="21" HEIGHT="30" WC="0.92" CONTENT="å"/>
						</TextLine>
						<TextLine ID="line_44" HPOS="271" VPOS="2348" WIDTH="1504" HEIGHT="43">
							<String ID="string_435" HPOS="271" VPOS="2348" WIDTH="115" HEIGHT="41" WC="0.96" CONTENT="fartyg"/><SP WIDTH="22" VPOS="2348" HPOS="386"/>
							<String ID="string_436" HPOS="408" VPOS="2350" WIDTH="53" HEIGHT="34" WC="0.96" CONTENT="(se"/><SP WIDTH="17" VPOS="2350" HPOS="461"/>
							<String ID="string_437" HPOS="478" VPOS="2349" WIDTH="115" HEIGHT="40" WC="0.93" CONTENT="bilaga"/><SP WIDTH="17" VPOS="2349" HPOS="593"/>
							<String ID="string_438" HPOS="610" VPOS="2351" WIDTH="28" HEIGHT="29" WC="0.93" CONTENT="A"/><SP WIDTH="17" VPOS="2351" HPOS="638"/>
							<String ID="string_439" HPOS="655" VPOS="2350" WIDTH="65" HEIGHT="30" WC="0.96" CONTENT="och"/><SP WIDTH="17" VPOS="2350" HPOS="720"/>
							<String ID="string_440" HPOS="737" VPOS="2350" WIDTH="115" HEIGHT="30" WC="0.93" CONTENT="nedan"/><SP WIDTH="19" VPOS="2350" HPOS="852"/>
							<String ID="string_441" HPOS="871" VPOS="2361" WIDTH="25" HEIGHT="20" WC="0.91" CONTENT="s."/><SP WIDTH="19" VPOS="2361" HPOS="896"/>
							<String ID="string_442" HPOS="915" VPOS="2351" WIDTH="40" HEIGHT="29" WC="0.91" CONTENT="62"/><SP WIDTH="19" VPOS="2351" HPOS="955"/>
							<String ID="string_443" HPOS="974" VPOS="2351" WIDTH="30" HEIGHT="34" WC="0.91" CONTENT="f)"/><SP WIDTH="23" VPOS="2351" HPOS="1004"/>
							<String ID="string_444" HPOS="1027" VPOS="2351" WIDTH="106" HEIGHT="30" WC="0.96" CONTENT="borde"/><SP WIDTH="18" VPOS="2351" HPOS="1133"/>
							<String ID="string_445" HPOS="1151" VPOS="2351" WIDTH="197" HEIGHT="30" WC="0.96" CONTENT="ratificeras"/><SP WIDTH="18" VPOS="2351" HPOS="1348"/>
							<String ID="string_446" HPOS="1366" VPOS="2360" WIDTH="41" HEIGHT="20" WC="0.96" CONTENT="av"/><SP WIDTH="19" VPOS="2360" HPOS="1407"/>
							<String ID="string_447" HPOS="1426" VPOS="2351" WIDTH="137" HEIGHT="40" WC="0.93" CONTENT="Sverige"/><SP WIDTH="22" VPOS="2351" HPOS="1563"/>
							<String ID="string_448" HPOS="1585" VPOS="2351" WIDTH="100" HEIGHT="30" WC="0.82" CONTENT="&gt;med"/><SP WIDTH="19" VPOS="2351" HPOS="1685"/>
							<String ID="string_449" HPOS="1704" VPOS="2350" WIDTH="71" HEIGHT="30" WC="0.92" CONTENT="för-"/>
						</TextLine>
						<TextLine ID="line_45" HPOS="269" VPOS="2398" WIDTH="1500" HEIGHT="42">
							<String ID="string_450" HPOS="269" VPOS="2398" WIDTH="115" HEIGHT="32" WC="0.96" CONTENT="behåll"/><SP WIDTH="25" VPOS="2398" HPOS="384"/>
							<String ID="string_451" HPOS="409" VPOS="2400" WIDTH="57" HEIGHT="30" WC="0.96" CONTENT="för"/><SP WIDTH="25" VPOS="2400" HPOS="466"/>
							<String ID="string_452" HPOS="491" VPOS="2401" WIDTH="50" HEIGHT="30" WC="0.96" CONTENT="att"/><SP WIDTH="26" VPOS="2401" HPOS="541"/>
							<String ID="string_453" HPOS="567" VPOS="2401" WIDTH="86" HEIGHT="29" WC="0.96" CONTENT="även"/><SP WIDTH="25" VPOS="2401" HPOS="653"/>
							<String ID="string_454" HPOS="678" VPOS="2400" WIDTH="162" HEIGHT="30" WC="0.96" CONTENT="nationer"/><SP WIDTH="26" VPOS="2400" HPOS="840"/>
							<String ID="string_455" HPOS="866" VPOS="2401" WIDTH="79" HEIGHT="30" WC="0.96" CONTENT="med"/><SP WIDTH="25" VPOS="2401" HPOS="945"/>
							<String ID="string_456" HPOS="970" VPOS="2401" WIDTH="95" HEIGHT="30" WC="0.96" CONTENT="vilka"/><SP WIDTH="23" VPOS="2401" HPOS="1065"/>
							<String ID="string_457" HPOS="1088" VPOS="2402" WIDTH="60" HEIGHT="29" WC="0.96" CONTENT="vår"/><SP WIDTH="28" VPOS="2402" HPOS="1148"/>
							<String ID="string_458" HPOS="1176" VPOS="2401" WIDTH="129" HEIGHT="39" WC="0.96" CONTENT="sjöfart"/><SP WIDTH="25" VPOS="2401" HPOS="1305"/>
							<String ID="string_459" HPOS="1330" VPOS="2401" WIDTH="126" HEIGHT="30" WC="0.96" CONTENT="främst"/><SP WIDTH="26" VPOS="2401" HPOS="1456"/>
							<String ID="string_460" HPOS="1482" VPOS="2402" WIDTH="249" HEIGHT="33" WC="0.96" CONTENT="konkurrerar,"/><SP WIDTH="27" VPOS="2402" HPOS="1731"/>
							<String ID="string_461" HPOS="1758" VPOS="2401" WIDTH="11" HEIGHT="29" WC="0.95" CONTENT="i"/>
						</TextLine>
					</TextBlock>
				</ComposedBlock>
			</PrintSpace>
		</Page>
	</Layout>
</alto>
