2242 2640
441 201 22 35 4
954 205 223 41 Lagutskottets
1204 206 164 34 Utlåtande
1390 207 64 32 N:o
1475 209 54 31 32.

440 284 309 47 generalstaben,
777 285 240 50 Konungens
1041 287 433 51 befallningshafvande
1497 290 12 36 i
1534 289 191 38 Gotlands
1748 290 62 37 län
1835 297 99 31 samt
1952 291 96 37 mili-

441 334 351 38 tärbefälhafvaren
829 340 50 45 på
904 336 180 49 Gotland,
1114 339 71 36 och
1213 340 59 37 får
1296 340 189 37 utskottet
1513 340 156 38 härmed
1700 341 161 37 hänvisa
1887 341 57 37 till
1973 342 73 37 den

440 384 247 50 redogörelse
727 385 59 37 för
824 386 210 39 innehållet
1069 390 42 36 af
1146 403 146 24 samma
1331 390 236 48 utlåtanden,
1608 391 155 37 hvilken
1802 392 245 38 återfinnes
2024 380 24 62 i

441 436 425 49 statsrådsprotokollet
895 437 59 38 för
981 438 74 38 den
1079 442 21 34 4
1127 440 173 38 sistlidne
1323 441 163 49 januari.

573 486 114 37 Hvad
715 500 50 23 nu
794 488 183 37 särskildt
1005 493 120 46 angår
1151 490 296 50 ifrågavarande
1471 492 495 49 undantagsbestämmelse
1986 506 60 24 om

441 535 47 37 de
517 536 281 50 värnpligtiges
829 537 11 37 i
870 538 190 38 Gotlands
1087 541 63 37 län
1180 542 181 51 befrielse
1390 543 83 36 från
1501 543 262 49 tjenstgöring
1791 549 104 31 utom
1923 543 124 38 länets

442 586 173 47 område;
644 591 43 33 så
715 588 67 36 har
810 588 223 39 densamma
1061 591 219 38 tillkommit
1308 593 59 36 för
1387 598 55 32 att
1461 593 142 37 bereda
1622 594 47 36 de
1686 593 231 49 gotländske
1936 599 111 32 värn-

442 636 162 87 pligtige
634 643 54 31 ett
716 638 184 50 vederlag
927 640 58 37 för
1009 641 46 37 de
1084 647 122 32 större
1234 643 91 37 kraf
1350 657 87 23 man
1465 647 48 46 på
1540 645 127 48 grund
1692 644 43 36 af
1761 644 190 37 Gotlands
1974 645 73 37 iso-

456 687 113 37 erade
593 688 87 49 läge
708 688 126 38 funnit
861 691 61 48 sig
949 690 92 39 böra
1070 693 86 37 med
1184 692 149 51 hänsyn
1357 694 58 37 till
1439 694 189 37 försvaret
1655 695 114 37 ställa
1787 698 49 46 på
1857 694 190 38 Gotlands

442 737 270 50 värnpligtige.
776 740 187 38 Häremot
1006 742 174 38 erinrade
1226 744 280 38 motionärerne
1547 745 11 36 i
1600 750 129 33 ämnet
1766 746 64 36 vid
1871 745 176 38 sistlidne

442 787 170 51 riksdag,
641 795 56 31 att
734 789 295 50 ifrågavarande
1066 793 148 38 förmån
1248 795 85 37 icke
1359 809 93 24 vore
1480 796 147 36 önskad
1656 797 42 36 af
1722 801 70 32 öns
1820 796 228 49 befolkning

442 838 71 37 och
541 845 54 31 att
623 838 74 38 den
725 840 11 36 i
762 840 133 50 hvarje
923 842 65 37 fall
1018 857 88 23 vore
1135 845 153 49 skadlig
1316 846 58 37 för
1404 846 147 37 landets
1569 846 369 38 försvarsväsende
1918 834 20 64 i
1958 846 88 37 dess

442 888 140 38 helhet.
628 890 177 38 Nämnda
832 892 149 37 förmån
1008 894 99 37 hade
1131 898 41 33 år
1192 897 92 35 1811
1308 896 187 49 erbjudits
1515 900 38 34 åt
1572 897 47 36 de
1636 897 232 49 gotländske
1888 897 159 37 socken-

443 939 152 48 ombud,
613 954 83 23 som
716 941 139 38 hördes
875 943 110 37 öfver
1004 944 73 37 den
1097 944 47 37 då
1164 946 186 47 erbjudna
1369 947 508 50 beväringskonventionen,
1895 948 71 36 och
1983 947 64 37 det

441 1002 90 25 vore
559 990 219 50 förklarligt
804 1006 91 36 nog,
924 999 55 31 att
998 994 113 37 dessa
1131 996 152 47 ombud,
1304 1010 83 23 som
1406 998 62 36 väl
1487 998 83 36 icke
1588 998 98 37 varit
1705 998 196 49 okunniga
1918 1012 60 23 om
2000 998 46 37 de

443 1040 109 47 öden,
581 1054 82 24 som
693 1042 162 38 drabbat
882 1044 244 38 landtvärnet
1154 1046 121 37 under
1302 1047 96 37 sista
1425 1048 116 49 ryska
1568 1049 139 48 kriget,
1727 1049 10 35 i
1757 1048 103 37 valet
1884 1048 162 38 emellan

443 1095 55 32 att
536 1105 80 23 som
660 1092 473 52 förstärkningsmanskap
1176 1096 379 39 bortkommenderas
1598 1099 78 37 och
1709 1104 56 31 att
1801 1099 11 36 i
1847 1099 199 37 hemorten

442 1140 103 39 bilda
585 1141 212 39 landstorm
826 1144 213 49 föredragit
1067 1146 65 36 det
1160 1160 135 24 senare
1325 1148 255 38 alternativet.
1625 1149 84 37 Den
1738 1152 156 46 gångna
1920 1150 126 36 tidens

442 1192 219 37 erfarenhet
700 1192 69 38 har
806 1194 213 38 emellertid
1058 1196 217 50 ådagalagt,
1314 1204 56 31 att
1411 1199 125 36 denna
1563 1200 146 37 förmån
1739 1200 99 36 varit
1866 1200 60 37 för
1954 1199 93 38 Got-

441 1242 109 37 lands
581 1243 185 50 beväring
789 1244 68 37 allt
885 1245 60 37 för
973 1246 175 50 dyrköpt.
1202 1248 234 50 Derigenom
1465 1250 99 36 hade
1592 1250 194 49 nemligen
1807 1264 47 23 en
1872 1250 174 38 bestämd

440 1293 210 49 gränslinie
679 1294 125 37 blifvit
826 1296 229 49 uppdragen
1084 1298 163 37 emellan
1277 1299 190 38 Gotlands
1491 1301 72 37 och
1591 1301 65 36 det
1684 1301 124 49 öfriga
1835 1301 119 37 rikets
1982 1301 65 37 be-

440 1343 146 51 väring,
629 1348 42 33 så
709 1351 67 40 att,
799 1346 124 37 under
950 1347 65 37 det
1042 1347 74 38 den
1144 1362 136 24 senare
1309 1354 48 45 på
1382 1351 68 36 allt
1478 1356 76 32 sätt
1582 1351 231 48 omhuldats,
1842 1351 73 37 den
1944 1352 102 37 förra

439 1394 109 38 råkat
578 1395 12 36 i
624 1396 257 48 förgätenhet,
910 1397 57 36 till
996 1398 88 37 dess
1108 1399 83 37 från
1220 1400 71 37 och
1319 1401 88 36 med
1436 1404 40 34 år
1507 1403 93 35 1887
1630 1415 47 23 en
1706 1415 126 24 annan
1860 1403 184 36 sakernas

440 1445 164 50 ordning
631 1446 100 49 tagit
757 1446 59 37 sin
844 1446 147 50 början.
1045 1449 216 50 Tillämpad
1289 1451 10 36 i
1328 1451 165 49 krigstid
1523 1451 128 38 kunde
1670 1452 295 49 ifrågavarande
1985 1453 59 37 be-

440 1495 221 38 stämmelse
702 1497 197 37 dessutom
940 1499 119 37 varda
1097 1500 57 36 till
1187 1501 151 49 verklig
1366 1502 224 48 förargelse.
1645 1503 75 37 Det
1747 1504 75 36 läte
1851 1503 193 49 nemligen

439 1546 116 37 tänka
578 1547 73 49 sig,
680 1553 57 31 att
765 1547 169 38 Gotland
964 1563 87 23 vore
1080 1550 235 50 fullkomligt
1343 1552 195 49 skyddadt
1565 1554 234 49 exempelvis
1828 1554 43 37 af
1886 1568 45 23 en
1953 1559 92 32 vän-

439 1596 152 50 skaplig
629 1603 127 44 magts
796 1599 120 47 flotta,
957 1613 85 23 men
1072 1606 55 31 att
1154 1601 115 37 likväl
1299 1602 181 50 Sveriges
1509 1604 168 37 existens
1705 1604 169 37 berodde
1903 1608 48 46 på
1979 1618 65 23 an-

439 1647 217 38 skaffandet
698 1649 42 36 af
776 1649 253 50 erforderliga
1069 1651 265 38 stridskrafter
1371 1654 56 36 till
1456 1657 126 46 någon
1610 1654 117 37 hotad
1755 1656 122 48 punkt
1906 1659 21 33 å
1953 1656 92 36 fast-

438 1696 139 39 landet.
624 1698 88 38 Men
737 1699 126 37 dertill
892 1700 124 37 skulle
1044 1701 74 37 den
1146 1702 235 49 gotländska
1410 1704 236 50 beväringen
1674 1705 83 37 icke
1778 1706 38 36 få
1835 1705 206 37 användas.

438 1748 88 37 Man
554 1748 128 38 kunde
711 1749 112 38 äfven
852 1751 119 37 tänka
999 1752 71 49 sig,
1100 1758 55 32 att
1182 1757 127 45 någon
1339 1755 200 49 afdelning
1562 1756 42 36 af
1619 1755 47 37 de
1686 1756 233 49 gotländska
1939 1762 104 43 trup-

438 1812 131 35 perna,
601 1799 165 37 vikande
803 1801 59 36 för
890 1815 46 23 en
966 1803 258 50 öfvermägtig
1251 1805 137 47 fiende,
1416 1805 148 49 lyckats
1593 1806 120 37 rädda
1741 1806 61 50 sig
1829 1807 128 36 undan
1986 1806 57 37 till

438 1849 221 47 fastlandet,
700 1850 68 37 der
810 1851 74 37 den
926 1852 56 36 till
1023 1853 196 50 äfventyrs
1256 1855 128 37 kunde
1412 1861 95 44 göra
1534 1860 127 46 någon
1690 1863 108 43 nytta
1826 1857 9 36 i
1865 1857 178 49 förening

439 1899 85 37 med
563 1903 127 46 någon
731 1914 126 24 annan
890 1904 261 49 truppstyrka.
1196 1905 88 37 Men
1308 1906 116 37 äfven
1451 1907 106 37 detta
1585 1907 123 37 skulle
1737 1921 91 24 vara
1856 1913 56 32 att
1938 1907 105 38 våld-

437 1949 81 38 föra
545 1951 343 51 värnpligtslagen.

568 2001 198 38 Utskottet
803 2023 48 5 —
889 2017 81 23 som
1008 2005 62 36 vid
1098 2006 287 49 öfvervägande
1415 2008 41 36 af
1480 2008 47 36 de
1555 2008 97 48 skäl,
1680 2008 130 38 hvilka
1838 2009 43 37 af
1905 2009 136 38 chefen

437 2050 59 36 för
535 2052 298 48 generalstaben
861 2055 73 36 och
962 2055 431 40 militärbefälhafvaren
1421 2061 49 46 på
1498 2058 169 37 Gotland
1696 2059 11 36 i
1735 2060 115 36 ofvan
1879 2060 162 37 berörda

437 2101 221 38 utlåtanden
694 2103 146 37 anförts
866 2105 58 36 för
951 2105 266 39 bibehållande
1246 2108 40 36 af
1310 2108 76 37 den
1414 2109 264 49 skiljaktighet
1705 2110 11 36 i
1746 2110 111 49 fråga
1885 2124 60 23 om
1969 2110 72 37 tid-

436 2151 169 49 punkten
635 2153 60 36 för
718 2154 510 52 värnpligtsskyldighetens
1247 2158 149 38 inträde
1417 2160 69 37 och
1504 2160 284 49 öfningstidens
1809 2160 231 50 fördelning,

437 2214 81 23 som
556 2203 60 36 för
653 2205 241 36 närvarande
923 2207 110 36 råder
1061 2208 161 37 emellan
1252 2208 189 38 Gotlands
1466 2210 62 36 län
1557 2211 72 36 och
1658 2211 221 46 fastlandet,
1908 2212 132 35 äfven-

437 2265 79 30 som
546 2253 43 41 af
614 2253 47 43 de
690 2257 20 34 å
738 2254 121 55 Visby
888 2255 242 53 sjömanshus
1159 2259 187 41 inskrifne
1371 2260 280 54 värnpligtiges
1671 2266 166 48 säregna
1855 2260 185 55 ställning
