2238 2646
725 213 224 42 Lagutskottets
976 212 165 35 Utlåtande
1162 215 64 37 N:o
1247 218 55 35 32.
1798 219 19 35 7

340 293 157 55 (Kongl.
526 294 128 50 Maj:ts
682 295 178 50 förslag
828 289 36 63 :)

553 392 22 50 $
610 398 31 35 1.

310 478 145 49 Hvarje
490 480 142 36 svensk
666 494 88 24 man
796 486 41 33 är
876 487 113 32 värn-

209 528 142 50 pligtig
377 529 83 37 från
490 530 71 38 och
589 531 86 37 med
703 531 66 37 det
789 532 200 39 kalender-

210 583 53 41 år,
289 579 124 38 under
440 580 148 37 hvilket
601 581 74 37 han
691 582 114 49 fyller
819 582 169 49 tjuguett

209 633 53 44 år,
291 630 58 41 till
376 631 71 38 och
474 631 87 37 med
591 632 76 48 det,
698 633 129 40 under:
843 633 147 40 hvilket

208 680 76 38 han
314 681 113 50 fyller
449 683 49 35 40
526 686 51 34 år.

458 797 22 50 $
509 802 21 35 3
559 814 112 24 mom.
704 803 31 35 1.

310 885 27 35 1.
391 884 258 50 Värnpligten
676 885 188 50 fullgöres
887 886 11 36 i
921 886 65 38 be-

205 934 188 49 väringen
432 936 73 42 och
531 935 288 39 landstormen.
864 937 122 38 Bevä-

206 985 137 49 ringen
364 985 106 37 delas
489 986 11 36 i
522 986 120 37 första
662 987 71 37 och
754 987 120 37 andra
889 1001 96 36 upp-

205 1035 127 38 bådet.
378 1036 264 48 Tjenstetiden
666 1043 41 31 är
729 1041 77 34 åtta
828 1042 40 33 år
882 1039 11 35 i
909 1040 76 35 för-

206 1092 59 31 sta
293 1087 71 37 och
392 1087 168 37 derefter
587 1090 23 35 4
638 1092 40 34 år
705 1088 11 37 i
745 1089 120 37 andra
888 1103 96 36 upp-

207 1137 115 37 bådet

1025 938 199 50 :värlngen
1265 940 71 37 och'
1372 940 273 46 landstormen.

1171 295 318 57 (Lagutskottete
1509 298 179 53 förslag:)

1386 397 29 51 8
1439 403 32 35 1.

1141 483 144 49 Hvarje
1327 485 144 38 svensk
1511 491 176 35 .manfär,
1709 492 110 33 värn-

1040 533 142 50 pligtig
1209 534 84 37 från
1321 535 82 37 !och:
1417 536 87 36 med
1522 536 72 38 det
1617 536 202 39 kalender-

1040 587 52 42 år,
1121 584 122 38 under
1261 585 147 38 hvilket
1423 586 76 38 han
1519 586 122 50 fyller:
1649 580 169 61 tjuguett

1041 637 51 45 år,
1120 635 57 36 till
1202 636 80 37 och:
1301 636 88 37 med
1417 636 82 49 det,
1522 638 123 37 under
1673 639 145 39 hvilket

1040 685 75 37 han
1143 685 114 51 fyller
1274 688 138 47 fyratio!
1438 691 60 36 år.

1386 803 85 50 83

1140 890 33 35 1.
1229 889 254 50 Värnpligten
1506 891 189 50 fullgöres
1717 892 100 40 i,be-

1700 943 117 38 Bevär-

1038 989 136 49 ringen
1202 990 277 40 delas'i'första
1498 993 71 37 och
1585 993 120 38 andra
1720 1007 96 36 upp-

1036 1039 127 38 bådet.
1210 1041 266 49 Tjenstetiden
1496 1048 41 32 är
1557 1047 80 34 åtta
1659 1044 65 37 år
1703 1035 20 61 i
1757 1050 59 31 för-

1036 1095 60 32 sta
1136 1091 71 37 och
1246 1092 167 37 derefter
1440 1094 91 47 fyra
1571 1097 40 34 år
1648 1094 12 37 i
1696 1096 120 36 andra

1035 1141 197 50 uppbådet

1136 1193 17 36 I;
1181 1192 163 50 krigstid
1369 1194 233 39 bestämmer
1630 1196 98 38 dock
1750 1210 65 23 en-

1036 1242 87 37 dast
1163 1243 192 38 behofvet'
1383 1245 271 48 tjenstetidens
1696 1247 118 49 |längd

1037 1293 59 37 för
1123 1293 65 38 det
1215 1295 233 49 uppkallade
1467 1319 1 15 |
1475 1297 240 50 manskapet.

969 1441 19 50 8
1021 1447 33 35 6.

339 1535 127 45 Äfven
503 1542 82 37 före.
615 1543 76 37 det
717 1547 53 43 år,
799 1545 246 49 värnpligten
1073 1546 184 47 inträder,
1288 1550 61 34 må
1379 1548 165 50 yngling
1578 1544 144 59 anmäla
1747 1550 68 49 sig

205 1592 56 37 till.
301 1592 233 50 inskrifning
574 1594 71 37 och
687 1595 133 36 dervid
861 1596 189 49 uppgifva
1090 1598 74 37 den
1192 1598 319 50 truppafdelning
1537 1600 94 36 eller
1658 1601 155 37 flottans

205 1642 154 46 station,
396 1643 155 37 hvilken
589 1644 74 37 han
692 1645 65 36 vill
786 1646 164 37 tillhöra.

1608 1503 21 16 18

1006 1647 75 37 För
1109 1648 106 37 bifall
1244 1649 127 37 härtill
1400 1650 162 46 fordras,
1591 1656 56 31 att
1675 1651 83 37 han;
1774 1657 40 33 är

205 1693 57 36 till
303 1693 226 49 krigstjenst
566 1695 137 49 duglig
739 1696 71 36 och
838 1696 12 36 i
878 1697 119 48 öfrigt
1025 1698 159 49 lämplig
1212 1699 56 36 till
1295 1700 74 35 den
1397 1700 312 48 tjenst,/hvartill
1737 1702 75 36 han

205 1744 171 37 anmäler
399 1745 71 47 sig.

338 1795 85 36 Han
451 1794 129 37 tillhör
607 1795 115 37 likväl
751 1796 121 37 första
900 1797 207 49 uppbådet,
1137 1798 97 37 intill
1262 1799 89 37 dess
1380 1803 79 34 åtta
1488 1804 39 33 år
1547 1801 161 37 förflutit
1728 1802 85 37 från

205 1843 71 37 och
301 1845 85 35 med
414 1844 66 37 det
508 1848 51 42 år,
589 1846 48 36 då
664 1846 75 37 han
764 1847 106 49 fylde
898 1847 247 49 tjuguett
1085 1839 62 61 år.
1654 1887 3 1 |

338 1895 110 37 Hvad
490 1894 12 37 i
544 1896 127 38 denna
711 1896 65 50 lag
817 1898 159 49 stadgas
1017 1912 60 23 om
1108 1900 258 49 värnpligtige
1393 1901 123 49 gäller
1542 1901 12 37 i
1582 1901 230 51 tillämpliga

204 1944 107 37 delar
347 1946 57 36 för
441 1946 48 37 de
529 1946 122 49 enligt
692 1948 127 37 denna
858 1950 187 48 paragraf
1077 1950 197 48 inskrifne,
1300 1953 113 35 äfven
1442 1952 114 37 innan
1585 1953 48 36 de
1661 1953 11 36 i
1702 1959 110 31 värn-

204 1994 252 49 pligtsåldern
485 1997 153 37 inträdt.

954 2113 109 50 814.

336 2213 72 37 Vid
437 2213 489 52 inskrifningsförrättning
954 2221 41 31 är
1023 2216 84 39 med
1138 2217 199 50 undantag
1365 2220 42 36 af
1425 2219 86 47 den,
1533 2222 83 36 som
1636 2224 42 33 är
1698 2224 21 34 å
1738 2221 74 37 sjö-

202 2263 183 38 manshus
413 2264 212 38 inskrifven
656 2266 92 37 eller
776 2266 128 37 tillhör
935 2266 91 37 lots-
1056 2267 71 37 och
1159 2268 370 51 fyrinrättningarna
1546 2270 87 38 med
1653 2270 158 50 lifrädd-
