1874 2798
291 173 40 29 16
715 169 106 27 Andra
842 169 213 36 lagutskottets
1075 170 159 27 utlåtande
1254 178 37 18 nr
1310 169 42 28 62.

335 271 116 31 Under
481 271 206 40 hänvisning
717 273 51 30 till
797 273 57 31 det
884 273 148 31 anförda
1063 273 54 31 får
1147 273 164 31 utskottet
1341 273 192 35 hemställa,

651 386 50 27 att
735 383 228 30 förevarande
999 383 169 31 motioner
1193 384 31 38 ej
1249 383 105 31 måtte
1380 384 180 31 föranleda
1586 384 50 30 till
1660 384 115 39 någon

606 435 202 39 riksdagens
827 435 132 40 åtgärd.

336 542 201 31 Stockholm
557 543 65 30 den
641 544 18 29 5
678 543 76 39 juni
774 544 94 30 1945.

724 649 49 31 På
797 651 110 30 andra
932 651 238 39 lagutskottets
1195 652 142 38 vägnar:

849 749 140 30 DAVID
1015 749 200 30 NORMAN.

333 1053 58 27 Vid
410 1053 144 28 ärendets
571 1054 188 36 behandling
777 1055 82 27 hava
877 1055 142 27 närvarit

334 1115 70 28 från
429 1116 140 27 första
592 1116 194 28 kammaren:
810 1117 115 27 herrar
949 1117 147 31 Norman,
1119 1118 164 31 Forslund,
1309 1117 68 36 Olof
1401 1117 154 32 Carlsson,
1579 1117 198 35 Björkman”,

291 1159 71 28 Carl
377 1160 73 27 Eric
466 1160 154 32 Ericsson,
635 1161 180 35 Hallagård,
832 1161 145 35 Englund
994 1162 57 27 och
1067 1162 202 35 Helgesson;

334 1249 70 27 från
434 1249 133 28 andra
595 1250 194 27 kammaren:
819 1250 112 28 fröken
959 1250 186 32 Andersson,
1173 1251 113 27 herrar
1313 1251 179 27 Pettersson
1521 1252 9 26 i
1560 1251 217 33 Hällbacken>,

290 1293 131 36 Ryberg,
444 1294 122 31 Cruse+,
588 1295 50 26 fru
658 1295 194 27 Johansson+
875 1298 79 25 samt
975 1296 113 27 herrar
1107 1295 178 27 Andersson
1307 1296 10 26 i
1340 1296 204 32 Eskilstuna,
1567 1296 177 27 Andersson
1768 1296 9 26 i

290 1338 197 27 Alfredshem
507 1339 58 27 och
586 1339 188 27 Osterman”.

321 1446 13 11 +
353 1446 30 30 Ej
403 1446 173 24 närvarande
593 1446 45 24 vid
656 1446 165 25 utlåtandets
838 1446 142 31 justering.

908 1785 228 33 Reservation

287 1896 42 20 av
357 1887 121 30 herrar
507 1887 164 37 Norman,
702 1886 77 31 Carl
808 1887 80 30 Eric
918 1887 171 38 Ericsson,
1119 1887 199 39 Helgesson,
1348 1888 195 30 Pettersson
1573 1887 10 30 i
1614 1881 159 36 Hällbac-

286 1940 75 35 ken,
388 1939 115 38 Cruse,
528 1940 192 31 Andersson
743 1940 11 30 i
777 1940 201 31 Eskilstuna
1000 1941 65 29 och
1091 1940 192 38 Osterman,
1309 1941 92 30 vilka
1424 1941 130 30 anfört:

330 1993 66 30 Vid
418 1994 231 30 bedömandet
672 2003 42 21 av
739 1993 229 31 förevarande
991 1993 98 39 fråga
1113 1993 59 31 må
1198 1994 130 30 erinras
1353 2004 57 20 om
1436 1998 48 27 att
1508 1994 184 39 riksdagen
1717 1994 57 30 vid

288 2047 256 39 behandlingen
568 2057 42 21 av
635 2048 201 30 densamma
863 2047 40 30 år
929 2048 82 29 1939
1038 2047 93 39 intog
1158 2057 41 21 en
1226 2048 136 39 mycket
1387 2048 125 39 positiv
1539 2048 160 38 ställning
1726 2047 49 30 till

287 2100 163 39 förslaget
470 2110 57 21 om
546 2100 182 31 införande
749 2111 43 20 av
811 2101 225 39 högertrafik.
1058 2101 40 30 Vi
1118 2100 110 31 tillåta
1248 2111 54 20 oss
1323 2105 49 26 att
1393 2111 40 20 ur
1456 2102 109 30 andra
1585 2102 187 38 lagutskot-

286 2157 62 27 tets
374 2163 43 21 av
442 2154 185 39 riksdagen
652 2154 185 38 godkända
862 2154 179 31 utlåtande
1067 2154 104 32 citera
1199 2155 166 38 följande:

333 2207 286 39 »Högertrafiken
646 2208 64 30 har
736 2208 45 39 på
808 2217 120 21 senare
956 2208 49 30 tid
1031 2208 122 30 vunnit
1181 2209 60 30 allt
1268 2208 248 31 vidsträcktare
1544 2208 227 40 tillämpning.

286 2261 14 29 I
322 2261 138 39 Europa
486 2262 94 30 torde
602 2261 96 31 inom
720 2271 41 20 en
784 2262 86 30 nära
894 2261 143 31 framtid
1059 2262 146 30 allenast
1227 2262 135 38 Sverige
1385 2267 90 26 samt
1499 2262 274 31 Storbritannien

285 2319 65 25 och
372 2314 180 31 Irländska
580 2315 156 30 fristaten
759 2315 143 31 komma
927 2319 48 26 att
998 2315 216 30 fortfarande
1238 2315 156 39 tillämpa
1418 2316 254 30 vänstertrafik.
1699 2315 74 30 Den

286 2370 91 28 stora
399 2368 208 38 anslutning,
633 2378 74 21 som
729 2369 115 37 regeln
867 2378 58 21 om
947 2369 214 38 högertrafik
1184 2368 145 31 sålunda
1352 2368 146 37 erhållit,
1523 2370 143 29 innebär
1689 2369 83 29 otvi-

286 2421 163 39 velaktigt
471 2422 53 30 för
547 2421 152 39 Sveriges
722 2421 271 31 vidkommande
1016 2422 89 30 vissa
1127 2422 228 38 olägenheter.
1381 2422 136 39 Frågan
1540 2433 56 20 om
1619 2422 153 30 införan-

286 2475 40 30 de
350 2485 42 20 av
416 2475 153 31 ändrade
593 2475 216 38 trafikregler
833 2475 11 30 i
867 2475 229 31 förevarande
1119 2476 196 30 hänseende
1339 2485 100 30 synes
1463 2476 44 39 på
1531 2476 113 39 grund
1668 2476 105 30 därav
