1858 2782
259 163 38 30 38
694 165 286 32 Statsutskottets
1005 168 178 30 utlåtande
1208 178 43 22 nr
1276 170 48 30 10.

902 303 198 40 Diverse.

305 409 95 35 72:0)
431 410 198 36 Ersättning
651 411 53 29 till
728 413 129 29 statens
881 413 176 30 allmänna
1081 414 283 36 fastighetsfond:
1390 417 372 35 Byggnadsstyrelsens

258 459 151 30 delfond.
433 461 199 36 Ersättning
655 462 53 29 till
733 465 129 27 statens
887 464 176 30 allmänna
1086 465 284 36 fastighetsfond:
1397 467 271 35 Lotsstyrelsens
1693 469 69 29 del-

259 509 95 30 fond.
379 510 12 28 I
414 511 150 37 enlighet
587 512 77 29 med
688 513 126 39 Kungl.
839 514 124 39 Maj:ts
988 515 131 40 förslag
1150 515 216 41 (punkterna
1391 517 41 30 96
1457 518 66 29 och
1547 518 51 36 97,
1624 527 26 21 s.
1678 519 78 33 150)

258 561 200 31 hemställer
480 564 179 34 utskottet,

610 617 50 28 att
685 615 187 40 riksdagen
897 617 58 30 må
981 618 54 29 för
1059 618 205 40 budgetåret
1290 619 147 36 1951/52
1462 620 123 31 anvisa

609 664 36 34 a)
675 665 54 30 till
767 665 205 41 Ersättning
1011 667 53 30 till
1100 669 134 29 statens
1262 669 177 31 allmänna
1466 670 293 40 fastighetsfond:

564 714 377 41 Byggnadsstyrelsens
970 718 144 39 delfond
1140 720 49 28 ett
1216 719 274 41 förslagsanslag
1517 730 42 21 av
1587 721 95 30 1322
1697 721 64 31 000

565 765 145 35 kronor;

612 815 38 34 b)
680 816 54 29 till
767 816 206 40 Ersättning
1006 818 53 29 till
1088 820 134 29 statens
1255 819 178 31 allmänna
1465 821 294 40 fastighetsfond:

563 865 274 40 Lotsstyrelsens
859 868 146 39 delfond
1026 870 47 29 ett
1095 869 274 41 förslagsanslag
1390 880 43 21 av
1454 871 63 30 326
1532 871 62 30 000
1617 873 142 30 kronor.

302 962 94 35 73:0)
421 963 126 36 Bidrag
565 964 53 30 till
639 965 256 30 internationell
914 967 354 36 patrulleringstjänst
1288 969 11 29 i
1319 978 103 20 norra
1443 969 171 31 Atlanten.
1635 971 127 35 Bidrag

254 1012 54 29 till
328 1014 180 29 underhåll
529 1023 42 21 av
590 1024 45 20 en
654 1016 58 34 fyr
731 1017 20 29 å
772 1017 72 35 Kap
863 1017 144 35 Spartel.
1028 1018 13 29 I
1062 1018 152 39 enlighet
1234 1020 79 29 med
1335 1019 126 40 Kungl.
1483 1020 124 39 Maj:ts
1628 1021 132 39 förslag

260 1064 214 40 (punkterna
496 1066 41 30 98
557 1067 65 29 och
642 1067 52 34 99,
716 1077 27 21 s.
767 1068 61 30 150
849 1069 64 29 och
936 1069 95 35 151),
1052 1070 238 31 innebärande
1311 1071 234 31 oförändrade
1566 1074 194 29 medelsan-

255 1115 186 40 visningar,
461 1116 201 31 hemställer
681 1118 181 35 utskottet,

606 1170 50 28 att
680 1168 188 40 riksdagen
893 1169 58 30 må
976 1170 55 30 för
1054 1171 206 39 budgeiåret
1287 1171 146 36 1951/52
1459 1173 121 30 anvisa

605 1218 36 33 a)
671 1219 54 29 till
742 1218 128 40 Bidrag
891 1220 52 30 till
963 1220 261 31 internationell
1242 1222 363 40 patrulleringstjänst
1623 1224 12 29 i
1652 1233 106 21 norra

559 1267 166 31 Atlanten
744 1270 47 30 ett
809 1269 273 41 förslagsanslag
1100 1281 42 20 av
1161 1271 40 30 78
1216 1271 63 30 000
1297 1273 145 34 kronor;

603 1319 38 33 b)
670 1319 54 30 till
748 1319 128 40 Bidrag
901 1320 53 30 till
978 1321 185 30 underhåll
1185 1331 44 21 av
1254 1331 41 21 en
1319 1323 58 39 fyr
1411 1323 10 30 å
1444 1323 78 40 Kap
1546 1323 138 40 Spartel
1708 1326 48 29 ett

562 1369 274 40 förslagsanslag
863 1380 42 20 av
931 1371 18 29 5
965 1371 63 30 000
1055 1372 140 30 kronor.

299 1465 95 35 74:0)
418 1467 126 36 Bidrag
560 1468 54 29 till
631 1468 94 29 vissa
744 1469 277 30 internationella
1040 1470 133 35 byråer.
1193 1471 14 29 I
1228 1471 148 38 enlighet
1393 1472 80 30 med
1491 1472 124 38 Kungl.
1635 1473 123 36 Maj:ts

252 1518 130 40 förslag
406 1518 131 40 (punkt
559 1519 70 35 100,
650 1530 26 20 s.
699 1520 95 35 151),
813 1521 237 31 innebärande
1069 1532 42 20 en
1130 1523 348 41 anslagsminskning
1496 1525 80 30 med
1594 1524 64 31 400
1678 1526 80 29 kro-

252 1577 74 25 nor,
344 1569 202 31 hemställer
563 1571 182 34 utskottet,

605 1623 50 27 att
677 1621 188 40 riksdagen
888 1622 59 30 må
971 1623 53 30 till
1046 1622 129 40 Bidrag
1200 1624 53 29 till
1277 1624 89 30 vissa
1391 1625 282 31 internationella
1699 1626 59 39 by-

560 1670 78 30 råer
672 1671 55 30 för
762 1672 204 39 budgetåret
1004 1673 149 35 1951/52
1188 1674 122 30 anvisa
1344 1676 47 28 ett
1416 1675 275 41 förslagsanslag
1715 1686 43 21 av

560 1720 19 30 9
594 1721 61 29 000
674 1721 142 30 kronor.

297 1818 95 35 75:0)
419 1819 127 35 Bidrag
565 1820 53 28 till
640 1820 277 30 internationella
939 1822 458 35 valfångstkommissionen.
1421 1824 124 37 Kungl.
1568 1824 103 37 Maj:t
1692 1824 65 30 har

251 1870 178 40 föreslagit
448 1871 189 40 riksdagen
661 1871 132 41 (punkt
814 1873 70 34 101,
905 1882 25 21 s.
953 1874 59 29 151
1034 1874 64 29 och
1119 1874 78 35 152)
1223 1877 50 28 att
1292 1875 52 30 till
1362 1875 268 40 ifrågavarande
1649 1877 107 30 ända-

248 1920 73 30 mål
340 1920 54 30 för
411 1920 206 41 budgetåret
637 1922 151 36 1951/52
808 1923 120 30 anvisa
948 1925 50 28 ett
1016 1924 273 40 förslagsanslag
1308 1935 41 20 av
1368 1925 18 30 2
1401 1926 64 30 500
1485 1926 139 31 kronor.

294 2012 65 31 Vid
385 2012 283 32 internationella
693 2015 413 40 valfångstkonferensen
1138 2017 6 29 i
1170 2016 234 41 Washington
1431 2018 42 29 20
1500 2018 254 31 november—2

250 2063 180 30 december
453 2063 83 30 1946
558 2065 201 39 godkändes
780 2066 130 40 förslag
931 2066 53 30 till
1005 2076 44 20 en
1068 2076 46 30 ny
1134 2067 259 31 internationell
1415 2069 214 30 konvention
1650 2069 105 40 angå-

249 2114 88 29 ende
358 2114 186 39 valfångst,
568 2116 128 29 avsedd
720 2117 51 29 att
794 2117 129 30 ersätta
949 2116 82 30 1937
1055 2117 56 30 års
1134 2117 517 41 valfångstöverenskommelse
1674 2120 81 30 med

248 2163 117 31 därtill
388 2164 125 40 fogade
536 2165 498 40 tilläggsöverenskommelser
1057 2177 42 20 av
1122 2167 39 31 år
1186 2167 94 35 1938,
1306 2168 83 30 1944
1413 2169 66 30 och
1504 2169 93 31 1945.

293 2214 67 30 Till
374 2214 223 31 bestridande
613 2225 42 21 av
671 2216 155 40 Sveriges
842 2218 54 29 del
912 2217 11 30 i
939 2218 238 30 kostnaderna
1193 2218 56 30 för
1264 2219 282 31 internationella
1561 2220 192 40 valfångst-

248 2264 277 31 kommissionen
556 2267 107 33 torde,
695 2266 204 31 framhåller
930 2268 396 39 departementschefen,
1357 2269 11 30 i
1399 2270 274 40 fortsättningen
1704 2272 49 28 ett

249 2315 142 30 särskilt
414 2316 122 39 anslag
558 2316 84 30 böra
664 2317 140 30 anvisas
827 2317 20 30 å
868 2317 201 31 riksstaten.
1092 2318 177 40 Anslaget,
1292 2328 75 21 som
1387 2320 63 30 bör
1473 2320 46 30 ha
1540 2321 214 39 förslagsan-

248 2363 92 39 slags
358 2364 178 36 karaktär,
556 2364 147 31 föreslås
724 2366 99 30 skola
841 2366 192 30 benämnas
1051 2367 126 38 Bidrag
1196 2367 54 30 till
1268 2368 278 31 internationella
1564 2369 190 37 valfångst-

247 2415 288 31 kommissionen.
560 2417 67 30 För
649 2418 205 39 budgetåret
880 2417 150 37 1951/52
1054 2419 64 30 har
1143 2419 155 40 Sveriges
1322 2420 54 30 del
1400 2420 11 30 i
1435 2421 238 30 kostnaderna
1696 2421 57 30 be-

247 2466 144 30 räknats
410 2466 52 30 till
479 2467 11 29 i
509 2470 82 27 runt
608 2468 48 29 tal
675 2468 19 29 2
709 2468 64 30 500
790 2469 130 30 kronor
937 2469 66 30 och
1021 2470 156 39 anslaget
1195 2470 56 30 för
1269 2470 198 30 ändamålet
1486 2471 112 30 skulle
1617 2471 135 31 således

245 2515 132 31 behöva
398 2517 170 39 uppföras
589 2518 78 30 med
689 2519 96 29 detta
804 2519 134 40 belopp.
