2234 2644
721 135 343 32 Jordbruksutskottets
1088 135 161 33 utlåtande
1273 135 52 32 Nr
1348 138 51 31 60.
1786 139 35 29 21

459 212 120 42 Kungl.
604 212 114 42 Maj:ts
738 213 134 41 förslag.

1306 213 166 33 Utskottets
1492 214 132 42 förslag.

1014 337 43 34 12
1086 334 31 50 8.

395 420 73 37 För
507 421 186 48 utsyning
721 420 69 37 och
820 421 209 48 stämpling
1070 426 98 30 samt
1191 421 154 47 jämlikt
1376 423 46 34 10
1450 421 21 48 &
1500 422 206 36 verkställd
1735 423 136 36 under-

264 472 169 46 sökning
460 472 96 35 skall
585 471 194 36 sökanden
807 472 56 35 till
892 472 225 36 statsverket
1145 472 112 48 gälda
1286 473 233 47 gottgörelse
1548 473 124 48 enligt
1691 473 179 48 grunder,

264 535 80 23 som
373 502 231 57 bestämmas
633 536 46 22 av
707 523 228 47 Konungen.

394 573 71 36 Vid
494 587 51 22 nu
574 574 165 35 nämnda
768 552 273 70 förrättningar
1068 579 177 31 ävensom
1276 575 63 35 vid
1368 575 254 49 upprättande
1651 589 46 22 av
1717 576 156 35 avverk-

263 625 206 49 ningsplan
498 624 96 37 skall
623 624 192 37 sökanden
844 630 137 43 utgöra
1009 625 119 49 nödig
1155 626 293 48 hantlangning.

610 747 43 35 13
684 744 20 50 8

339 826 178 54 Ändring
535 833 12 35 i
567 831 359 49 avverkningsplan,
951 845 89 36 upp-

261 883 124 37 rättad
414 897 47 22 av
484 884 246 48 jägmästare,
759 885 60 33 må
843 882 111 37 sökas
975 896 64 35 ge-

262 949 88 23 nom
378 935 135 36 besvär
539 935 70 35 hos
632 933 279 37 vederbörande
935 939 105 32 över-

256 987 236 48 jägmästare
519 986 80 36 före
626 985 162 37 klockan
816 985 112 36 tolv
915 981 23 58 å
955 999 83 23 sex-

261 1038 129 37 tionde
422 1038 123 48 dagen
576 1038 81 35 från
684 1036 73 37 den
784 1036 87 49 dag,
900 1037 138 49 planen

261 1090 86 37 blev
375 1068 347 71 fastighetsägaren
746 1088 88 37 eller
853 1089 98 36 åbon
971 1089 68 36 till-

261 1141 122 37 ställd.

338 1194 84 36 Den
462 1193 85 36 med
581 1193 252 49 jägmästares
870 1192 125 37 beslut
1027 1194 12 35 i

261 1251 115 31 annat
425 1245 136 37 ärende
604 1244 207 49 missnöjde
852 1247 62 33 må
954 1244 83 37 där-

261 1301 91 32 över
379 1297 83 36 föra
490 1297 142 48 klagan
656 1309 137 35 genom
814 1296 136 36 besvär
968 1296 69 37 hos

260 1348 283 37 vederbörande
593 1348 322 48 överjägmästare
962 1348 77 36 före

260 1400 163 36 klockan
447 1400 79 36 tolv
550 1402 21 34 å
590 1398 203 37 trettionde
812 1399 125 48 dagen
956 1400 82 35 från

259 1451 73 36 den
376 1452 87 48 dag,
500 1451 217 49 klaganden
751 1450 118 37 erhöll
903 1450 60 37 del
991 1465 48 22 av

260 1503 172 37 beslutet.

1420 750 44 33 13
1493 746 31 49 8.

1170 826 179 53 Ändring
1367 832 11 36 i
1399 833 358 48 avverkningsplan,
1775 847 96 36 upp-

1093 883 122 36 rättad
1244 897 46 22 av
1318 886 332 44 skogstjänsteman,
1677 887 60 33 må
1757 885 114 36 sökas

1095 948 138 35 genom
1284 935 137 36 besvär
1470 935 69 36 hos
1589 935 283 38 vederbörande

1091 986 323 49 överjägmästare
1448 987 78 36 före
1553 987 161 36 klockan
1741 988 81 36 tolv
1851 991 21 33 å

1094 1038 196 36 sextionde
1319 1038 125 49 dagen
1474 1039 83 36 från
1581 1039 72 36 den
1681 1039 87 49 dag,
1792 1040 80 49 pla-

1093 1103 73 23 nen
1190 1089 86 37 blev
1295 1090 348 48 fastighetsägaren
1664 1091 89 36 eller
1772 1091 96 37 åbon

1092 1141 180 37 tillställd.

1169 1193 82 37 Den
1280 1194 84 36 med
1385 1196 342 44 skogstjänstemans
1745 1194 127 37 beslut

1092 1245 12 36 i
1142 1251 114 30 annat
1290 1245 139 37 ärende
1461 1246 208 48 missnöjde
1697 1249 62 33 må
1787 1246 83 37 där-

1093 1301 90 32 över
1211 1297 81 36 föra
1320 1297 142 49 klagan
1491 1311 138 35 genom
1649 1297 136 37 besvär
1801 1299 69 35 hos

1092 1348 283 37 vederbörande
1423 1349 321 48 överjägmästare
1791 1349 81 37 före

1092 1399 159 37 klockan
1277 1401 79 35 tolv
1376 1403 21 33 å
1416 1401 206 36 trettionde
1642 1400 125 49 dagen
1786 1401 82 36 från

1092 1451 72 36 den
1205 1451 87 49 dag,
1331 1452 215 48 klaganden
1584 1452 118 37 erhöll
1736 1452 60 37 del
1824 1466 47 23 av

1093 1503 172 36 beslutet.

391 1555 154 48 Klagan
587 1560 92 31 över
707 1555 369 49 överjägmästarens
1104 1555 123 36 beslut
1254 1558 61 34 må
1344 1555 100 37 föras
1472 1569 138 35 genom
1640 1556 134 36 besvär
1801 1557 69 36 hos

260 1607 327 49 domänstyrelsen
628 1607 80 35 före
749 1606 162 36 klockan
952 1607 78 36 tolv
1071 1610 21 33 å
1133 1607 202 36 trettionde
1375 1607 124 49 dagen
1543 1608 82 36 från
1666 1607 72 37 den
1780 1608 89 49 dag,

259 1658 217 49 klaganden
505 1658 118 37 erhöll
651 1658 58 36 del
738 1671 48 23 av
814 1671 147 23 samma
987 1658 132 37 beslut.

389 1710 83 36 Den
491 1710 87 37 med
598 1709 345 50 domänstyrelsens
962 1710 123 36 beslut
1100 1710 206 49 missnöjde
1322 1714 60 33 må
1398 1711 156 36 däröver
1568 1712 70 36 hos
1655 1711 215 50 Konungen

260 1762 82 36 föra
370 1762 142 49 klagan
540 1774 140 37 genom
708 1761 146 47 besvär,
884 1775 80 23 som
994 1762 107 36 skola
1120 1763 150 47 ingivas
1291 1763 56 36 till
1362 1763 508 49 jordbruksdepartementet

260 1813 78 36 före
366 1814 162 36 klockan
557 1814 79 36 tolv
665 1816 20 33 å
713 1813 202 37 trettionde
944 1813 123 49 dagen
1096 1814 83 36 från
1207 1814 71 36 den
1308 1814 88 49 dag,
1425 1814 217 50 klaganden
1670 1815 118 36 erhöll
1809 1815 59 36 del

260 1879 47 22 av
336 1879 146 23 samma
509 1865 135 37 beslut.

1008 1989 46 33 14
1084 1986 33 49 8.

392 2073 95 36 Sker
519 2072 238 49 avverkning
777 2073 12 36 i
809 2072 91 36 strid
929 2078 80 31 mot
1036 2073 45 36 de
1109 2074 12 35 i
1145 2073 123 37 denna
1288 2074 225 49 förordning
1532 2074 219 37 meddelade
1770 2075 98 36 före-

259 2125 164 47 skrifter,
439 2137 89 24 vare
543 2124 146 37 straffet
704 2124 106 36 böter
824 2125 83 35 från
924 2125 71 36 och
1023 2125 85 36 med
1137 2125 190 49 tjugufem
1355 2126 56 36 till
1431 2127 70 35 och
1520 2126 85 36 med
1628 2126 73 36 fem
1721 2126 148 36 hundra

258 2177 154 47 kronor,

454 2177 70 36 och
564 2176 96 37 skall
701 2175 62 37 det
800 2176 211 36 avverkade
1047 2177 133 47 virket,
1215 2177 67 36 där
1309 2177 63 37 det
1400 2178 125 49 ligger
1552 2178 94 36 kvar
1674 2181 21 33 å
1723 2178 145 49 skogen

258 2229 100 47 eller,
398 2242 61 23 om
497 2228 62 37 det
587 2233 41 31 är
654 2227 173 48 bortfört,
856 2228 235 37 fortfarande
1119 2234 40 31 är
1186 2230 12 35 i
1227 2229 251 37 avverkarens
1506 2229 220 50 besittning,
1756 2235 111 44 tagas
