1898 2844
578 133 259 31 Statsutskottets
859 130 166 31 utlåtande
1047 129 48 29 Nr
1123 132 48 27 79.
1608 124 19 31 9

793 340 60 41 Nr
881 339 66 42 79.

503 452 118 28 Ankom
643 451 47 28 till
712 450 173 33 riksdagens
908 447 97 29 kansli
1027 447 60 28 den
1113 447 36 27 12
1174 444 74 35 april
1271 445 80 27 1935
1376 442 39 29 kl.
1440 444 36 27 11
1503 441 22 28 f.
1548 451 39 18 m.

341 558 185 35 Utlåtande
552 560 12 30 i
592 557 179 38 anledning
800 566 41 22 av
869 555 124 32 väckta
1020 554 162 31 motioner
1209 562 51 21 om
1289 549 166 38 sänkning
1485 559 41 21 av
1555 549 72 30 rän-

566 612 58 29 tan
643 609 20 31 å
682 608 57 32 lån
758 619 41 20 ur
818 607 92 32 vissa
930 608 128 29 statens
1076 600 297 40 utlåningsfonder
1392 611 43 21 m.
1456 610 43 21 m.

1395 649 72 41 (4:e
1489 647 93 41 avd.)

165 764 19 32 I
204 764 58 32 två
281 761 222 40 likalydande
523 760 170 39 motioner,
715 758 123 33 väckta
860 757 63 33 den
944 768 72 27 ena,
1039 767 39 20 nr
1100 755 73 39 199,
1196 753 89 33 inom
1306 752 110 33 första
1436 751 195 32 kammaren

122 827 42 21 av
183 815 77 32 herr
279 814 35 33 J.
334 813 195 33 Johansson
548 811 13 32 i
580 809 226 40 Friggeråker
827 820 43 21 m.
892 808 40 33 fl.
953 807 61 33 och
1036 806 62 32 den
1119 805 117 38 andra,
1258 815 39 20 nr
1319 803 73 39 376,
1414 802 90 32 inom
1526 799 105 34 andra

120 866 195 32 kammaren
335 876 43 20 av
396 863 78 33 herr
494 863 38 33 O.
556 862 127 32 Wallén
718 873 43 21 m.
782 859 50 40 fl.,
852 859 63 32 har
934 857 201 39 hemställts,
1157 859 52 29 att
1228 854 182 38 riksdagen
1431 852 54 33 för
1507 851 51 33 sin
1579 850 53 33 del

122 917 105 32 måtte
244 915 133 33 besluta
395 918 53 28 att
466 914 20 32 å
505 912 197 38 lånebelopp
722 911 108 39 lyftat
848 921 41 21 ur
909 905 435 36 vattenkraftslånefonden
1366 903 88 33 skall
1475 902 158 38 erläggas

123 979 39 21 en
185 967 88 38 årlig
295 969 98 29 ränta
415 964 76 33 med
514 964 100 38 högst
637 964 48 31 3.5
708 964 147 37 procent.

167 1018 19 32 I
206 1018 59 32 två
284 1015 222 40 likalydande
526 1014 170 38 motioner,
717 1012 124 33 väckta
863 1011 64 32 den
947 1022 72 27 ena,
1042 1021 38 20 nr
1103 1009 74 39 212,
1199 1007 89 32 inom
1309 1006 110 32 första
1438 1004 195 33 kammaren

124 1081 42 20 av
186 1069 77 31 herr
282 1068 35 33 J.
337 1067 194 33 Johansson
551 1065 13 32 i
583 1063 226 39 Friggeråker
829 1074 43 20 m.
895 1061 40 32 fl.
956 1061 61 32 och
1039 1060 62 32 den
1122 1058 117 39 andra,
1260 1069 40 20 nr
1322 1057 73 38 363,
1417 1056 90 32 inom
1529 1054 104 32 andra

123 1120 194 32 kammaren
338 1129 43 21 av
399 1117 78 32 herr
497 1116 39 33 O.
560 1116 132 32 Wallén
712 1126 43 21 m.
777 1113 49 40 fl.,
847 1113 64 32 har
931 1110 200 39 hemställts,
1155 1112 52 30 att
1227 1107 182 39 riksdagen
1431 1106 54 32 för
1508 1105 51 32 sin
1581 1104 53 33 del

124 1171 105 31 måtte
245 1169 132 32 besluta
395 1171 53 29 att
465 1168 20 31 å
502 1166 197 38 lånebelopp
718 1164 108 39 lyftat
843 1175 41 21 ur
902 1159 387 36 hantverkslånefonden
1310 1157 89 34 skall
1417 1156 157 39 erläggas
1594 1166 41 21 en

124 1220 90 39 årlig
236 1223 99 29 ränta
356 1218 76 33 med
454 1218 101 38 högst
577 1217 48 32 3.5
648 1219 146 36 procent.

169 1271 19 32 I
208 1271 58 32 två
286 1268 222 40 likalydande
528 1267 170 39 motioner,
719 1265 123 33 väckta
864 1264 64 33 den
949 1275 72 28 ena,
1043 1274 39 21 nr
1104 1263 75 38 213,
1200 1261 89 32 inom
1311 1259 109 33 första
1441 1258 194 32 kammaren

126 1334 42 21 av
188 1322 77 32 herr
284 1321 36 33 J.
339 1321 195 32 Johansson
553 1318 12 32 i
585 1317 226 39 Friggeråker
831 1328 43 20 m.
896 1315 40 33 fl.
958 1314 61 33 och
1041 1314 62 32 den
1124 1312 115 39 andra,
1262 1323 39 20 nr
1323 1311 74 38 362,
1419 1309 89 32 inom
1530 1307 106 33 andra

125 1373 195 32 kammaren
339 1383 43 20 av
401 1370 78 33 herr
500 1370 38 32 O.
563 1369 132 33 Wallén
715 1380 43 20 m.
780 1367 50 39 fl.,
851 1367 64 31 har
935 1364 200 39 hemställts,
1158 1366 52 29 att
1230 1361 184 38 riksdagen
1434 1360 55 32 för
1511 1358 51 33 sin
1583 1357 53 33 del

126 1424 104 32 måtte
251 1422 132 33 besluta
406 1424 52 30 att
479 1421 20 32 å
520 1420 57 32 lån
598 1431 41 21 ur
659 1417 202 34 lånefonden
884 1417 55 32 för
962 1414 200 34 ackordslån
1185 1413 62 33 och
1269 1411 190 39 förlagslån
1482 1410 36 32 åt
1540 1409 95 32 hant-

126 1474 141 32 verkare
298 1472 88 33 skall
404 1472 158 38 erläggas
581 1482 40 21 en
641 1469 88 38 årlig
749 1471 98 29 ränta
865 1467 75 32 med
960 1466 101 38 högst
1081 1466 47 32 3.5
1148 1466 148 37 procent.

172 1526 19 32 I
210 1536 40 21 en
269 1524 88 32 inom
378 1522 107 33 andra
505 1522 194 31 kammaren
719 1531 43 20 av
781 1519 77 31 herr
878 1518 39 33 O.
942 1517 52 32 W.
1016 1516 157 38 Lövgren
1193 1526 43 21 m.
1258 1513 40 34 fl.
1318 1512 104 33 väckt
1442 1510 134 39 motion,
1598 1520 40 21 nr

129 1576 73 38 197,
229 1575 62 32 har
316 1573 201 38 hemställts,
545 1575 51 29 att
622 1570 182 38 riksdagen
829 1568 81 32 ville
937 1567 132 32 besluta
1097 1577 51 21 om
1176 1577 40 20 en
1245 1563 185 39 skyndsam
1456 1560 181 38 utredning

127 1625 142 33 rörande
283 1624 257 39 möjligheterna
557 1625 52 29 att
623 1622 88 31 lätta
726 1619 165 33 villkoren
910 1618 54 32 för
981 1616 194 34 erhållande
1193 1627 42 21 av
1252 1615 57 31 lån
1325 1625 41 21 ur
1384 1615 127 30 statens
1528 1610 109 33 kraft-

128 1676 168 38 lednings-
318 1675 61 32 och
399 1670 411 36 vattenkraftlånefonder
832 1670 61 32 och
915 1667 178 39 samtidigt
1114 1665 136 34 därmed
1273 1664 100 33 också
1395 1662 142 34 rörande
1558 1661 79 39 möj-

128 1727 189 38 ligheterna
337 1728 51 30 att
409 1724 107 33 sänka
536 1727 120 28 räntan
677 1722 79 32 från
776 1732 44 21 nu
840 1719 158 40 gällande
1019 1720 49 31 4.5
1089 1717 54 33 till
1165 1718 48 32 3.5
1234 1718 147 37 procent.

174 1827 52 32 De
250 1805 201 60 säkanden,
463 1836 70 21 som
557 1824 12 32 i
595 1821 230 35 ovannämnda
850 1833 43 20 av
918 1821 77 31 herr
1021 1819 193 33 Johansson
1239 1816 12 32 i
1275 1814 229 40 Friggeråker
1529 1825 43 21 m.
1599 1812 40 34 fl.

128 1878 125 32 väckta
275 1876 205 33 motionerna
502 1874 204 33 framställts
729 1885 52 20 om
803 1870 266 38 räntesänkning
1089 1867 219 34 beträffande
1330 1866 58 32 lån
1411 1865 78 32 från
1511 1867 128 29 vatten-

129 1928 127 32 krafts-
276 1927 59 32 och
353 1924 427 34 hantverkslånefonderna
799 1925 87 29 samt
905 1921 124 32 fonden
1049 1920 53 32 för
1122 1918 155 33 ackords-
1297 1917 61 32 och
1378 1914 189 39 förlagslån
1586 1913 54 33 till

130 1977 233 40 hantverkare,
381 1976 136 32 ansluta
533 1974 52 39 sig
600 1974 54 33 till
670 1972 159 33 liknande
846 1971 175 40 yrkanden
1039 1970 12 31 i
1068 1969 101 38 fråga
1185 1980 52 20 om
1250 1964 317 41 mejerilånefonden
1581 1963 60 33 och

130 2033 49 29 ett
193 2028 115 33 flertal
323 2027 106 32 andra
442 2026 105 32 under
561 2024 446 40 jordbruksdepartementet
1020 2019 146 33 hörande
1181 2018 130 33 fonder.
1324 2015 227 34 Beträffande
1566 2014 74 33 sist-

131 2079 145 33 nämnda
290 2078 119 32 fonder
422 2077 63 32 har
498 2076 182 37 riksdagen
694 2074 103 32 redan
812 2073 106 32 fattat
930 2071 112 33 beslut
1055 2071 12 31 i
1081 2069 149 39 enlighet
1244 2068 74 32 med
1332 2065 309 42 jordbruksutskot-

131 2134 66 28 tets
210 2128 175 33 utlåtande
400 2139 39 20 nr
454 2128 53 32 49.
522 2127 18 31 I
556 2124 327 34 överensstämmelse
898 2122 75 33 med
987 2119 363 41 jordbruksutskottets
1366 2116 202 33 hemställan
1580 2115 62 32 har

132 2180 183 38 riksdagen
337 2178 116 32 funnit
474 2177 197 39 yrkandena
694 2187 52 20 om
768 2172 266 39 räntesänkning
1056 2172 29 38 ej
1110 2169 177 33 föranleda
1310 2169 110 38 någon
1443 2166 199 38 riksdagens

132 2230 134 38 åtgärd.
307 2229 52 32 De
379 2228 85 39 skäl,
485 2239 69 21 som
574 2227 176 37 åberopats
772 2225 53 31 för
844 2223 200 38 riksdagens
1067 2220 142 34 sålunda
1230 2219 148 39 angivna
1397 2217 121 39 beslut,
1541 2227 101 28 synas

134 2280 101 33 också
256 2280 81 31 böra
360 2283 65 34 äga
449 2277 160 39 giltighet
631 2276 74 32 med
728 2274 161 33 avseende
913 2274 20 31 å
956 2285 45 20 nu
1024 2270 265 39 ifrågavarande
1312 2269 54 32 till
1392 2267 252 33 statsutskottet

134 2329 212 34 remitterade
368 2328 172 32 motioner.

179 2380 78 33 Med
279 2379 102 32 tanke
404 2377 141 33 särskilt
566 2377 43 38 på
631 2375 92 33 vissa
745 2372 348 39 kraftanläggningar
1116 2371 12 31 i
1152 2370 222 32 Norrbottens
1398 2366 161 34 kustland
1582 2366 62 32 har

134 2431 77 32 herr
230 2430 153 38 Lövgren
402 2440 43 20 m.
465 2428 40 31 fl.
524 2427 11 32 i
554 2439 39 20 en
611 2426 102 32 väckt
730 2425 123 32 motion
874 2422 188 33 framställt
1081 2421 131 38 förslag
1232 2431 52 21 om
1303 2417 182 39 utredning
1504 2415 140 34 rörande

1683 1817 151 28 Utskottet.
