1916 2810
558 161 114 30 Första
696 162 224 34 lagutskottets
943 163 163 30 utlåtande
1134 164 47 29 Nr
1205 166 48 30 34.
1624 168 36 30 19

154 257 75 21 ense
248 246 73 32 med
341 246 175 33 utskottet.
559 248 18 31 I
597 248 100 38 fråga
717 260 52 20 om
787 250 18 31 5
827 248 19 39 $
864 261 98 21 anser
980 250 59 38 jag
1058 250 147 33 däremot
1227 251 60 32 den
1307 264 42 19 av
1370 252 153 38 lagrådet
1542 252 110 32 enhäl-

148 295 64 40 ligt
231 296 178 32 förordade
427 296 182 39 ordningen
628 309 82 20 vara
729 301 49 29 att
799 298 179 40 föredraga
999 299 144 33 framför
1162 300 128 39 Kungl.
1311 301 116 38 Maj:ts
1447 302 59 32 och
1526 302 126 31 utskot-

153 351 63 28 tets
237 347 142 39 förslag.
421 348 120 39 Enligt
562 348 169 39 lagrådets
754 349 130 40 förslag
905 350 118 40 skulle,
1045 351 145 33 såframt
1210 352 29 38 ej
1261 352 167 35 särskilda
1450 353 202 38 omständig-

152 398 93 32 heter
265 402 103 29 annat
390 399 149 40 påkalla,
561 400 57 32 vid
642 400 224 33 förordnande
886 413 43 20 av
953 402 326 38 rättegångsbiträde
1303 403 182 39 iakttagas,
1510 407 50 29 alt
1586 404 65 32 för-

154 449 168 32 ordnande
347 453 53 28 att
426 450 133 32 biträda
587 451 56 31 vid
670 451 111 33 talans
810 452 469 38 anhängiggörande
1306 454 73 32 icke
1406 455 54 31 må
1487 455 166 32 meddelas

154 503 81 28 utan
259 503 51 28 att
334 503 118 34 parten
475 501 210 38 personligen
709 501 134 33 inställt
867 503 54 37 sig
944 503 58 31 hos
1028 506 109 28 rätten
1162 503 81 32 eller
1268 504 73 32 dess
1368 505 208 39 ordförande,
1602 509 50 27 att

152 549 111 32 därest
280 550 101 31 redan
396 550 57 32 vid
470 551 120 32 sådant
607 551 239 33 förordnandes
863 552 216 32 meddelande
1092 557 120 33 parten
1227 558 121 33 prövas
1363 565 81 21 vara
1462 555 12 31 i
1489 555 105 31 behov
1610 567 42 19 av

148 598 128 33 biträde
299 599 127 38 jämväl
450 600 54 31 för
525 600 109 32 talans
669 601 277 39 utförande,
971 602 221 32 förordnande
1217 608 81 27 även
1322 604 11 31 i
1357 604 89 31 detta
1469 605 183 31 hänseende

151 650 58 31 bör
227 651 205 32 omedelbart
449 651 177 40 meddelas,
645 656 87 28 samt
750 655 50 29 att
817 653 12 31 i
848 657 103 28 annat
968 653 64 32 fall
1049 654 74 32 med
1142 654 109 32 beslut
1269 655 169 37 angående
1456 655 194 32 förordnan-

152 701 39 31 de
211 704 51 28 att
280 701 134 32 biträda
433 706 77 34 part
528 703 73 32 med
621 703 110 32 talans
752 703 180 33 utförande
954 704 58 32 bör
1032 705 106 38 anstå,
1160 705 53 32 till
1236 705 73 32 dess
1330 710 116 34 parten
1468 707 88 31 varit
1578 718 72 26 per-

153 751 150 38 sonligen
323 752 167 32 tillstädes
509 753 12 31 i
539 753 112 32 målet.

196 801 120 39 Enligt
335 802 68 32 min
423 802 101 32 tanke
543 803 100 33 borde
662 803 62 32 den
743 804 128 33 mindre
890 804 190 33 bemedlade
1100 809 138 34 partens
1258 806 188 39 personliga
1468 807 183 32 inställelse

144 852 44 37 på
210 851 200 33 domstolens
430 852 112 32 kansli
563 853 28 38 ej
613 853 134 39 krävas,
768 858 61 27 när
849 858 117 34 parten
988 855 11 31 i
1021 855 225 33 samförstånd
1269 857 71 31 med
1362 857 287 32 statsunderstödd

146 902 329 38 rättshjälpsanstalt
501 903 102 39 begär
630 904 223 33 förordnande
881 905 53 32 för
961 905 60 32 där
1048 906 146 32 anställd
1223 907 155 32 advokat.
1428 907 222 32 Beträffande

146 952 96 38 dylik
260 953 126 32 anstalt
406 965 98 26 synes
524 965 76 20 man
619 954 169 39 nämligen
808 955 88 32 hava
914 956 152 38 grundad
1087 957 180 38 anledning
1286 961 124 35 antaga
1429 962 50 27 att
1499 958 59 32 den
1578 958 72 32 icke

150 1003 11 31 1
183 1004 128 32 onödan
333 1004 144 38 ådrager
497 1005 204 32 statsverket
721 1005 180 33 kostnader
922 1018 117 26 genom
1061 1007 200 32 medverkan
1284 1008 54 31 till
1359 1008 129 38 förslag
1511 1021 50 19 om
1583 1009 67 32 för-

145 1053 168 32 ordnande
334 1065 43 20 av
399 1054 339 39 rättegångsbiträde,
762 1055 62 32 där
846 1055 119 33 sådant
986 1056 30 37 ej
1037 1057 181 38 erfordras,
1241 1058 59 31 och
1322 1058 92 32 torde
1435 1063 116 33 parten
1575 1059 72 31 där-

151 1104 53 31 för
218 1103 73 33 icke
307 1104 81 32 böra
403 1104 156 34 besväras
576 1105 74 32 med
667 1109 51 29 att
733 1106 212 38 personligen
961 1106 151 39 uppsöka
1131 1107 81 33 både
1230 1108 61 32 den
1307 1120 115 26 genom
1441 1109 54 32 det
1511 1109 138 32 allmän-

143 1164 59 21 nas
224 1153 133 38 försorg
376 1154 168 33 inrättade
566 1154 169 33 särskilda
756 1156 368 38 rättshjälpsanstalten
1144 1158 60 32 och
1226 1159 198 32 domstolens
1444 1159 121 32 kansli.
1586 1160 67 31 För

146 1206 50 29 att
214 1203 79 39 giva
313 1203 182 33 domstolen
516 1204 61 32 den
595 1205 104 38 något
717 1205 104 32 friare
840 1206 253 38 prövningsrätt
1111 1207 11 31 i
1142 1208 54 31 det
1217 1208 168 31 särskilda
1404 1208 97 32 fallet
1520 1209 57 38 jag
1598 1210 50 30 så-

149 1254 102 32 lunda
271 1266 98 20 anser
387 1254 178 39 önskvärd,
585 1256 195 32 hemställer
798 1256 60 38 jag
878 1260 52 29 att
949 1261 110 29 satsen
1080 1258 167 32 »såframt
1267 1258 30 38 ej
1318 1258 168 33 särskilda
1505 1265 142 26 omstän-

149 1304 153 38 digheter
321 1309 103 28 annat
444 1305 158 38 påkalla»
623 1307 12 31 i
655 1306 172 38 lagrådets
848 1307 140 40 förslag,
1010 1308 120 32 sådant
1151 1308 56 32 det
1224 1308 66 32 kan
1313 1309 178 32 framläsas
1512 1321 40 20 ur
1574 1310 73 32 dess

148 1354 183 40 utlåtande,
356 1355 132 38 jämkas
512 1356 53 32 till
589 1356 166 34 »såframt
777 1358 31 38 ej
833 1357 168 33 särskilda
1026 1358 283 39 omständigheter
1333 1359 52 32 till
1408 1364 104 28 annat
1536 1360 111 33 föran-

150 1405 106 33 leda».

189 1452 102 35 Ännu
316 1468 38 19 en
381 1456 188 38 oväsentlig
595 1456 249 39 uppmjukning
868 1458 12 31 i
906 1458 170 38 lagrådets
1104 1459 129 38 förslag
1259 1460 61 31 vill
1345 1460 58 38 jag
1428 1460 217 38 ifrågasätta.

144 1505 71 38 Jag
239 1517 97 20 anser
361 1506 55 32 det
438 1506 12 31 i
475 1506 65 38 hög
565 1507 84 37 grad
674 1507 132 39 riktigt,
830 1511 51 28 att
905 1512 93 34 parts
1024 1509 191 38 personliga
1240 1515 141 27 närvaro
1406 1511 90 31 inför
1521 1515 89 28 rätta
1635 1511 11 31 i

143 1558 123 29 största
289 1556 139 38 möjliga
453 1557 236 38 utsträckning
712 1558 232 33 eftersträvas.
990 1559 206 38 Härigenom
1219 1560 173 33 befordras
1415 1561 135 38 mycket
1573 1562 72 31 ofta

143 1606 125 32 målens
286 1607 182 37 utredning
486 1607 59 32 och
564 1607 241 38 skyndsamma
822 1609 200 37 avgörande.
1064 1610 17 31 I
1100 1610 130 38 princip
1252 1623 97 26 synes
1369 1611 54 32 det
1441 1612 68 38 mig
1529 1612 117 32 därför

144 1656 131 39 riktigt,
299 1660 50 28 att
373 1657 94 32 såväl
492 1657 126 33 mindre
642 1658 193 33 bemedlade
859 1671 68 20 som
951 1660 104 31 andra
1078 1664 114 34 parter
1215 1662 12 30 i
1252 1662 89 37 regel
1364 1662 209 38 personligen
1596 1663 48 31 in-

142 1706 101 33 ställa
263 1707 53 38 sig
334 1707 57 32 vid
411 1708 108 32 första
539 1709 364 37 rättegångstillfället.
945 1710 66 32 Det
1029 1710 65 32 kan
1115 1711 116 32 därför
1251 1712 71 32 icke
1342 1724 79 20 vara
1441 1713 133 38 mycket
1594 1717 48 28 att

142 1757 109 32 erinra
274 1761 69 28 mot
366 1758 171 38 lagrådets
561 1759 140 38 förslag,
726 1763 51 29 att
799 1772 51 20 om
875 1760 61 32 den
960 1761 127 32 mindre
1110 1761 190 34 bemedlade
1324 1767 115 34 parten
1463 1763 72 33 icke
1560 1776 83 20 sam-

143 1807 102 38 tidigt
271 1808 136 32 erhållit
431 1808 79 33 fritt
535 1810 329 38 rättegångsbiträde
889 1811 93 32 såväl
1009 1812 54 32 för
1088 1812 118 33 målets
1232 1813 316 39 anhängiggörande
1575 1826 67 21 som

143 1857 52 32 för
217 1858 75 32 dess
313 1859 189 39 utförande,
524 1860 74 32 med
621 1860 111 33 beslut
752 1862 171 37 angående
946 1862 221 33 förordnande
1189 1864 12 31 i
1223 1864 55 31 det
1300 1876 112 20 senare
1434 1864 209 39 hänseendet,

143 1908 144 33 såframt
309 1909 29 38 ej
362 1909 169 33 särskilda
554 1911 284 38 omständigheter
859 1916 103 29 annat
983 1913 146 40 påkalla,
1154 1914 59 32 bör
1235 1916 96 31 anstå
1354 1915 51 32 till
1429 1916 73 32 dess
1526 1920 117 34 parten

143 1959 85 31 varit
249 1960 212 38 personligen
482 1960 168 33 tillstädes
671 1962 11 31 i
702 1962 113 32 målet.
861 1962 135 33 Samma
1017 1964 141 32 resultat
1179 1965 215 33 beträffande
1414 1967 228 32 återhållsam-

140 2008 56 32 het
216 2009 73 32 med
312 2009 113 38 dylikt
446 2010 146 34 biträdes
616 2011 222 34 förordnande
859 2014 93 31 torde
973 2014 184 33 emellertid
1178 2016 142 38 uppnås,
1342 2028 51 20 om
1415 2016 57 32 det
1493 2017 149 38 stadgas,

140 2061 51 29 att
210 2059 73 32 med
303 2060 147 38 angivna
469 2060 109 33 beslut
598 2061 59 33 bör
675 2063 98 31 anstå
792 2063 54 31 till
867 2063 73 33 dess
962 2067 107 29 rätten
1088 2065 57 32 vid
1165 2065 118 32 målets
1304 2065 253 40 handläggning
1578 2068 63 31 fin-

140 2120 58 20 ner
214 2108 105 33 behov
336 2122 43 20 av
396 2110 130 34 biträde
545 2111 179 39 föreligga.
764 2113 63 32 Ett
844 2114 186 38 stadgande
1047 2126 42 20 av
1108 2115 106 32 denna
1234 2128 113 20 senare
1366 2117 158 32 innebörd
1543 2129 98 27 synes

140 2159 70 37 mig
232 2171 82 20 vara
338 2164 52 28 att
412 2161 104 37 något
539 2161 191 40 föredraga,
756 2163 42 32 då
822 2175 39 20 en
885 2164 127 32 mindre
1035 2164 183 40 bemedlad,
1244 2166 153 38 avlägset
1420 2167 122 33 boende
1565 2172 77 34 part

139 2219 122 22 annars
285 2210 159 38 möjligen
469 2210 109 34 skulle
600 2212 113 33 kunna
736 2212 133 33 komma
894 2217 51 30 att
969 2214 53 33 för
1045 2215 190 38 personliga
1259 2216 203 33 inställelser
1486 2218 154 32 åsamkas

139 2258 191 41 kostnader,
348 2260 94 33 vilka
458 2261 74 33 icke
549 2274 40 20 ur
605 2263 203 38 processuell
826 2264 174 39 synpunkt
1017 2265 108 33 skulle
1142 2267 90 32 varit
1249 2267 187 39 påkallade,
1455 2280 50 20 om
1524 2265 117 47 parten

139 2309 86 32 blott
242 2311 91 32 varit
353 2312 37 31 så
410 2311 181 40 bemedlad,
612 2317 51 29 att
682 2314 66 32 han
770 2314 87 38 själv
876 2315 130 33 kunnat
1026 2316 137 33 bekosta
1184 2317 140 34 biträde.

183 2359 162 34 Däremot
366 2361 96 33 delar
485 2362 59 39 jag
569 2364 38 32 de
631 2364 271 39 betänkligheter
925 2370 69 28 mot
1020 2367 127 37 Kungl.
1174 2367 118 38 Maj:ts
1318 2380 42 20 av
1384 2369 163 33 utskottet
1572 2370 67 32 till-

136 2409 136 39 styrkta
296 2410 129 41 förslag
449 2416 49 29 att
523 2424 68 21 som
616 2415 89 38 regel
730 2415 69 32 låta
824 2416 73 32 med
923 2416 221 34 förordnande
1169 2430 42 19 av
1237 2419 326 39 rättegångsbiträde
1588 2421 54 32 för

137 2460 119 33 målets
272 2462 180 33 utförande
468 2465 97 32 anstå
582 2464 54 33 till
653 2465 108 33 första
779 2466 363 40 rättegångstillfället,
1159 2468 92 33 vilka
1269 2469 130 33 anförts
1416 2482 42 20 av
1475 2466 164 47 lagrådet,
