2228 2600
440 154 18 29 2
893 153 283 33 Bankoutskottets
1197 154 165 31 memorial
1383 154 53 31 N>
1458 157 50 29 40.

498 238 135 50 Enligt
673 238 189 36 utskottet
898 237 333 38 tillhandakomna
1267 238 359 50 protokollsutdrag
1662 239 68 36 har
1753 239 122 37 första
1902 241 109 37 kam-

399 301 132 24 maren
569 287 141 39 bifallit
747 287 75 37 vad
854 288 191 37 utskottet
1073 288 210 49 hemställt,
1312 289 122 37 under
1461 289 64 37 det
1556 295 55 32 att
1639 289 118 37 andra
1785 289 224 39 kammaren

399 338 141 37 bifallit
568 339 76 36 den
670 337 12 47 i
710 342 130 32 ämnet
868 338 137 37 väckta
1033 338 207 38 motionen.

499 389 76 36 För
603 388 158 49 frågans
791 388 221 49 avgörande
1040 402 142 35 genom
1210 403 227 35 gemensam
1466 390 242 49 omröstning
1735 390 59 37 får
1821 390 191 38 utskottet

399 438 142 38 föreslå
569 438 171 49 följande
768 438 459 50 voteringsproposition:

501 539 120 44 »Den,
650 553 81 23 som
760 540 11 35 i
800 538 123 38 likhet
951 539 87 36 med
1067 539 121 37 första
1211 540 223 36 kammaren
1462 540 66 36 vill
1557 540 133 37 bifalla
1718 541 73 37 vad
1820 541 190 37 utskottet

399 590 198 36 hemställt
616 589 93 37 eller
729 595 56 31 att
803 589 222 50 riksdagen,
1046 590 87 36 med
1153 589 137 50 avslag
1310 594 20 32 å
1350 590 255 37 förevarande
1624 590 144 37 motion
1782 592 49 37 II:
1851 593 84 45 203,
1948 595 61 33 må

400 639 130 38 bifalla
549 639 143 49 Kungl.
712 640 129 49 Maj:ts
856 639 298 50 ifrågavarande
1168 640 287 50 framställning
1470 642 72 36 och
1560 647 55 31 att
1630 641 210 48 riksdagen
1856 642 152 36 således

400 693 63 34 må
490 690 193 49 medgiva,
712 696 56 31 att
791 696 85 31 vart
902 691 71 36 och
997 695 55 32 ett
1080 704 47 24 av
1155 691 152 37 avlidne
1336 697 108 31 extra
1472 692 246 37 slussvakten
1736 692 129 37 Johan
1884 691 126 38 Edvin

399 739 209 50 Hallbergs
638 741 210 49 omyndiga
875 741 94 37 barn
996 741 94 36 Erik
1120 740 172 48 Gunnar,
1316 743 113 36 Anna
1457 741 101 38 Sofia
1586 742 174 37 Elisabet
1788 742 73 38 och
1885 742 125 37 Oskar

398 790 168 37 Vilhelm
595 794 62 34 må
679 792 85 37 från
791 791 73 38 och
891 791 88 37 med
1007 792 75 36 den
1113 794 17 34 1
1153 792 153 48 januari
1337 794 94 35 1922
1459 792 57 36 till
1545 793 73 37 och
1638 792 86 37 med
1744 796 197 46 utgången
1962 806 48 23 av

399 841 66 37 det
501 841 241 47 kalenderår,
781 842 123 36 under
944 841 121 37 vilket
1108 842 136 37 barnet
1279 846 165 46 uppnått
1473 845 45 35 J8
1548 846 62 34 års
1640 843 116 47 ålder,
1785 856 48 24 av
1861 848 148 32 statens

398 891 342 38 vattenfallsverks
782 891 126 38 medel
945 892 176 50 uppbära
1161 898 55 32 ett
1257 893 113 50 årligt
1415 894 212 37 understöd
1667 907 45 24 av
1743 895 71 36 100
1856 894 153 46 kronor,

399 947 126 31 röstar

1171 1043 65 46 Ja;

498 1142 98 47 Den,
625 1142 65 36 det
718 1142 34 48 ej
781 1142 79 58 vill,
889 1147 125 32 röstar

1161 1244 89 49 Nej;

499 1343 148 38 Vinner
682 1344 85 48 Nej,
809 1345 70 36 har
920 1344 210 49 riksdagen
1166 1344 11 36 i
1205 1344 122 37 likhet
1355 1345 86 36 med
1471 1344 121 38 andra
1620 1345 222 37 kammaren
1871 1345 138 37 bifallit

399 1395 74 36 den
500 1394 11 36 1
541 1399 130 32 ämnet
688 1395 139 37 väckta
846 1395 195 36 motionen
1062 1396 72 35 och
1154 1395 150 37 således
1325 1395 169 46 beslutit,
1515 1400 56 32 att
1591 1395 151 37 avlidne
1762 1401 110 31 extra
1891 1396 120 37 sluss-

399 1445 141 37 vakten
583 1444 11 37 i
624 1445 242 38 Trollhättan
905 1445 127 37 Johan
1069 1445 125 37 Edvin
1222 1445 209 49 Hallbergs
1456 1446 101 37 änka
1586 1449 60 33 må
1673 1446 84 36 från
1784 1447 74 36 och
1886 1446 72 37 den
1990 1449 16 34 1

392 1495 154 48 januari
576 1498 109 45 1922,
710 1499 41 34 så
778 1496 115 48 länge
920 1496 76 36 hon
1024 1496 184 37 förbliver
1230 1496 12 36 i
1271 1496 66 37 sitt
1357 1496 226 47 änkestånd,
1604 1496 173 49 uppbära
1797 1510 47 23 av
1863 1502 146 31 statens

398 1546 319 38 vattenfallsverk
746 1552 55 31 ett
829 1546 113 49 årligt
969 1546 212 37 understöd
1209 1559 48 24 av
1284 1548 74 35 240
1386 1547 152 46 kronor,
1567 1553 101 30 samt
1687 1552 55 32 att
1760 1552 86 31 vart
1866 1547 70 36 och
1955 1553 57 31 ett

399 1610 48 23 av
486 1597 148 37 barnen
676 1597 93 36 Erik
809 1596 170 46 Gunnar,
1019 1600 115 33 Anna
1171 1596 101 37 Sofia
1300 1597 174 37 Elisabet
1501 1598 73 36 och
1603 1597 124 37 Oskar
1753 1596 167 38 Vilhelm
1948 1601 63 33 må

400 1648 83 36 från
512 1648 71 36 och
612 1647 87 37 med
728 1647 74 36 den
833 1650 17 33 1
876 1647 152 49 januari
1059 1649 95 34 1922
1182 1647 58 36 till
1268 1648 72 36 och
1367 1647 88 37 med
1482 1651 201 46 utgången
1712 1660 46 24 av
1786 1648 66 37 det
1879 1648 131 36 kalen-

401 1698 123 46 derår,
563 1698 123 36 under
712 1697 120 37 vilket
861 1698 136 36 barnet
1024 1701 165 45 uppnått
1219 1699 43 35 18
1292 1701 61 34 års
1378 1697 116 46 ålder,
1519 1711 48 24 av
1596 1703 146 32 statens
1769 1698 243 38 vattenfalls-

399 1748 115 37 verks
542 1748 127 37 medel
696 1748 176 49 uppbära
899 1753 55 31 ett
978 1748 116 48 årligt
1120 1748 212 37 understöd
1361 1762 47 23 av
1438 1750 70 35 100
1537 1749 175 37 kronor.»

502 1847 222 38 Stockholm
753 1847 75 38 den
855 1850 21 35 9
902 1848 74 48 maj
1007 1850 108 35 1922.

896 1948 53 37 På
976 1948 340 37 bankoutskottets
1345 1953 166 44 vägnar:

949 2048 122 38 EMIL
1099 2047 366 40 KRISTENSSON.
