2177 2734
431 207 19 31 4
554 206 110 32 Andra
692 204 213 34 Kammarens
935 204 183 40 Tillfälliga
1152 202 138 34 Utskotts
1318 198 85 50 (N:o
1430 204 37 37 3)
1500 201 170 33 Utlåtande
1698 202 64 32 N:o
1789 204 50 29 13.

533 298 58 38 att,
633 303 51 22 om
727 294 27 40 ej
796 291 339 34 öfverenskommelse
1175 292 9 30 i
1213 290 148 41 antydda
1391 290 150 40 rigtning
1567 290 65 32 kan
1663 290 58 31 ske
1751 289 74 32 med
1854 290 39 31 de
1923 287 55 34 två

381 346 232 32 förstnämnda
641 345 241 40 grannrikena,
913 343 171 41 Tyskland
1114 342 61 32 och
1204 342 185 38 Danmark,
1417 342 55 32 det
1500 340 102 34 måtte
1631 342 58 31 ske
1718 341 72 32 med
1814 340 75 34 vårt
1904 341 74 32 brö-

382 399 133 32 drarike
544 398 128 39 Norge;
700 402 86 27 samt
816 399 58 36 att,
905 406 50 21 om
986 396 27 40 ej
1044 395 90 41 dylik
1150 394 337 33 öfverenskommelse
1516 394 75 32 med
1633 393 110 40 Norge
1776 393 67 31 kan
1859 394 118 32 träffas

380 452 83 29 utan
499 449 225 40 Storthingets
758 448 151 32 hörande
951 447 60 32 och
1054 447 119 40 beslut,
1212 446 118 40 Kongl.
1371 446 93 39 Maj:t
1492 445 126 32 täcktes
1646 445 47 32 till
1724 444 131 32 Norska
1884 444 92 33 Stor-

379 502 128 39 thinget
535 500 100 33 aflåta
664 500 205 41 proposition
898 500 10 31 i
936 499 143 32 ämnet."

529 553 98 32 Hvad
669 563 44 21 nu
755 553 83 32 först
880 550 106 40 angår
1014 550 115 40 frågan
1160 550 75 31 med
1263 549 131 41 hänsyn
1423 549 50 32 till
1502 549 171 40 Tyskland
1701 548 60 32 och
1791 548 184 41 Danmark,

382 605 114 32 hvilka
525 605 119 32 länder
671 614 70 22 mer
769 607 41 29 än
841 602 109 41 Norge
993 601 51 33 stå
1073 603 10 31 i
1110 606 48 29 ett
1186 601 179 40 väsentligt
1386 601 90 32 olika
1504 599 210 33 förhållande
1743 600 49 32 till
1823 599 152 42 Sverige,

381 656 37 33 så
447 657 60 31 har
534 657 115 31 Andra
678 656 225 32 Kammarens
933 653 182 41 Tillfälliga
1143 653 137 32 Utskott
1309 652 58 35 N:o
1402 653 19 31 2
1448 652 54 33 vid
1531 652 152 32 sistlidne
1712 652 145 40 riksdag,
1885 652 89 31 ian-

378 709 136 39 ledning
543 708 34 32 af
603 708 87 32 Herr
718 708 106 31 Lasse
853 706 168 33 Jönssons
1051 704 228 41 omförmälda,
1307 705 75 32 med
1409 704 219 32 förevarande
1651 704 323 32 öfverenstämman-

378 760 49 35 de,
457 761 136 36 motion,
622 759 286 38 hufvudsakligen
936 761 120 35 yttrat:
1096 759 70 28 "att
1207 757 55 31 det
1289 756 73 31 icke
1390 756 113 31 kunde
1531 755 159 32 förnekas
1728 760 48 27 att
1803 754 170 40 åtskilliga

377 811 144 32 svenska
537 811 199 31 kommuner
750 808 100 33 hårdt
862 808 144 32 drabbas
1023 807 34 32 af
1069 807 139 33 berörda
1224 807 88 40 slags
1328 805 347 41 fattigvårdsutgifter,
1703 806 154 31 stundom
1889 814 82 31 upp-

378 861 132 42 gående
552 863 49 30 till
643 861 278 39 utomordentligt
961 860 85 39 höga
1075 859 131 41 belopp,
1235 857 153 34 hvarföre
1417 858 56 33 det
1499 867 78 23 vore
1605 857 147 40 önskligt
1780 867 50 22 om
1861 856 109 41 någon

378 914 190 40 ersättning
596 914 81 31 eller
704 912 132 33 lättnad
865 911 69 33 deri
963 911 113 32 kunde
1104 911 160 38 beredas;
1291 919 74 23 men
1394 914 49 27 att
1470 908 19 32 å
1518 910 105 31 andra
1652 909 107 39 sidan,
1789 913 61 27 när
1877 908 93 40 fråga

377 969 37 29 är
455 975 52 22 om
551 969 47 28 att
628 965 34 31 af
702 965 118 39 Kongl.
850 964 95 38 Maj:t
980 963 122 40 begära
1131 972 39 22 en
1201 960 118 42 åtgärd
1348 960 35 33 af
1408 961 63 32 den
1500 960 241 39 beskaffenhet,
1769 964 48 28 att
1845 960 126 32 under-

376 1017 208 40 handlingar
624 1017 74 32 med
740 1015 208 33 främmande
976 1015 81 31 land
1085 1013 100 33 blifva
1210 1013 222 39 nödvändiga,
1461 1022 76 22 man
1567 1013 102 32 borde
1697 1012 87 32 fästa
1812 1015 47 29 ett
1889 1021 81 30 nog-

376 1073 99 36 grant
504 1068 158 32 afseende
691 1066 42 42 på
763 1066 259 33 sannolikheten
1052 1065 34 31 af
1112 1065 62 32 den
1204 1064 185 41 framgång,
1418 1064 97 32 dessa
1532 1064 312 39 underhandlingar
1860 1063 109 32 skulle

375 1121 118 31 kunna
534 1123 92 31 röna,
655 1120 135 31 hvilken
818 1116 176 42 framgång
1022 1127 76 22 vore
1127 1117 128 32 mindre
1284 1116 106 39 trolig,
1417 1116 35 40 ju
1485 1116 128 32 mindre
1642 1116 99 32 dessa
1768 1115 80 32 land
1877 1113 96 33 deraf

377 1172 115 32 skulle
536 1172 123 31 skörda
700 1169 110 41 någon
852 1169 115 38 fördel,
1008 1168 153 33 hvarföre
1191 1168 87 32 Herr
1305 1168 105 32 Lasse
1438 1167 164 32 Jönssons
1633 1168 125 32 motion
1788 1170 122 36 ansägs
1939 1166 27 40 ej

377 1223 81 32 böra
486 1223 48 32 till
564 1222 109 40 någon
689 1222 211 39 Riksdagens
931 1220 116 40 åtgärd
1064 1220 205 40 föranleda";
1297 1219 128 32 hvilket
1452 1220 62 31 ock
1529 1218 70 33 blef
1612 1219 222 31 Kammarens
1848 1218 120 32 beslut.

530 1273 183 39 Utskottet,
729 1282 69 22 som
816 1273 90 31 inser
921 1271 60 32 och
999 1272 167 31 erkänner
1207 1271 55 31 det
1289 1270 300 40 behjertansvärda
1615 1270 50 32 uti
1693 1270 179 37 motionen,
1901 1271 66 29 kan

377 1326 86 31 dock
506 1325 72 32 icke
607 1329 104 27 annat
740 1328 41 28 än
810 1324 181 31 instämma
1024 1323 10 30 i
1063 1323 62 31 den
1154 1321 290 41 sakuppfattning,
1474 1330 69 22 som
1573 1320 107 32 finnes
1710 1321 132 32 uttalad
1869 1321 10 29 i
1907 1320 62 31 här

375 1376 98 32 ofvan
504 1377 144 31 citerade
678 1374 383 34 utskottsbetänkande;
1089 1374 59 31 och
1192 1373 42 31 då
1262 1373 112 32 härtill
1416 1372 112 40 lägges
1571 1376 59 35 att,
1659 1371 108 33 såvidt
1798 1371 170 32 Utskottet

375 1428 61 31 har
464 1428 49 39 sig
540 1428 136 34 bekant,
705 1428 99 38 ingen
835 1425 196 39 författning
1058 1424 119 40 finnes,
1207 1434 68 22 som
1293 1424 174 40 förpligtar
1495 1424 124 31 svensk
1648 1425 159 31 kommun
1837 1423 50 31 till
1917 1432 50 22 er-

375 1479 362 40 sättningsskyldighet
765 1478 49 32 för
842 1477 195 32 landsmäns
1069 1475 79 33 vård
1178 1476 59 31 och
1268 1474 179 33 underhåll
1476 1475 9 31 i
1514 1475 174 40 Tyskland
1705 1474 60 32 och
1782 1474 185 40 Danmark,

378 1530 50 32 får
457 1530 170 32 Utekottet
656 1531 169 30 vördsamt
853 1527 184 38 hemstälia,

685 1583 54 32 1:o.
769 1585 50 28 att
847 1580 87 31 Herr
961 1580 36 32 A.
1028 1578 32 32 P.
1090 1578 104 32 Linds
1224 1577 134 40 motion,
1386 1577 10 30 i
1424 1576 87 33 hvad
1541 1577 63 31 den
1634 1575 105 41 angår
1767 1575 117 41 frågan
1913 1585 51 23 om

768 1631 181 39 ömsesidig
977 1631 235 30 hemortsrätts
1253 1628 170 31 vinnande
1452 1628 142 31 emellan
1626 1627 134 40 Sverige
1790 1627 18 31 å
1837 1637 62 22 ena
1928 1628 38 31 si-

768 1684 66 31 dan
865 1686 89 28 samt
981 1681 171 40 Tyskland
1181 1680 59 32 och
1270 1680 173 31 Danmark
1471 1678 19 32 å
1519 1679 63 32 den
1613 1679 116 36 ändra,
1757 1679 73 32 icke
1861 1678 101 33 måtte

770 1735 49 31 till
848 1732 108 41 någon
986 1732 210 40 Riksdagens
1226 1730 118 41 åtgärd
1372 1730 184 32 föranleda.

522 1785 214 32 Beträffande
778 1784 71 33 åter
889 1785 186 30 motionens
1117 1792 117 23 senare
1263 1784 156 36 moment,
1447 1782 80 32 eller
1555 1781 118 40 frågan
1705 1789 51 22 om
1786 1781 180 41 ömsesidig

371 1836 215 32 hemortsrätt
613 1837 10 30 i
651 1836 134 40 Sverige
802 1836 61 32 och
880 1836 119 39 Norge,
1027 1834 37 32 så
1092 1835 160 38 gestaltar
1268 1834 49 39 sig
1332 1834 104 31 saken
1454 1831 100 41 något
1569 1832 223 32 annorlunda.
1823 1832 57 32 Väl
1897 1834 66 31 kan

370 1886 96 33 äfven
497 1887 59 32 här
597 1887 205 33 framställas
844 1896 127 23 samma
1001 1886 234 39 anmärkning,
1265 1894 70 22 som
1361 1884 99 32 ofvan
1491 1883 107 33 finnes
1628 1883 116 32 anförd
1775 1885 73 30 med
1877 1883 87 33 afse-

371 1938 84 32 ende
484 1938 43 40 på
554 1938 172 40 Tyskland
755 1939 61 32 och
845 1938 184 37 Danmark,
1057 1937 63 32 den
1150 1936 178 40 nemligen,
1357 1939 49 28 att
1433 1936 263 31 sannolikheten
1726 1934 35 32 af
1786 1934 177 41 förslagets

371 1988 175 41 framgång
574 1993 37 28 är
640 1990 165 32 beroende
833 1989 43 40 på
905 1990 63 31 den
997 1991 104 28 större
1131 1988 80 31 eller
1238 1987 128 32 mindre
1394 1986 105 32 fördel
1540 1996 64 22 ena
1633 1987 80 30 eller
1742 1986 107 31 andra
1878 1987 87 33 riket

370 2040 96 33 deraf
490 2041 67 31 kan
587 2041 139 37 skörda;
754 2051 74 22 men
857 2041 9 31 i
896 2039 225 34 betraktande
1150 2038 95 33 deraf
1271 2041 49 29 att
1362 2037 135 40 Sverige
1526 2037 61 33 och
1618 2037 109 39 Norge
1756 2041 37 27 är
1822 2039 46 30 ett
1885 2037 79 32 före-

372 2091 82 32 nadt
495 2092 192 33 brödrafolk
729 2093 107 32 under
876 2100 128 23 samma
1033 2090 155 40 Konung,
1219 2090 104 31 under
1350 2090 90 31 vissa
1468 2088 233 33 förhållanden
1730 2088 75 32 med
1834 2097 128 23 samma

371 2142 164 42 regering,
564 2143 61 32 och
654 2143 159 40 derjemte
842 2141 302 33 sammanlänkade
1172 2150 118 31 genom
1319 2150 40 22 en
1402 2140 117 40 Kongl.
1548 2140 195 39 förordning
1772 2139 34 32 af
1832 2139 62 32 den
1925 2138 38 33 15

371 2194 162 32 Februari
575 2194 89 41 1855,
704 2203 71 23 som
816 2194 148 40 reglerar
991 2192 248 41 behandlingen
1268 2192 35 31 af
1328 2190 112 41 frågor
1467 2200 52 23 om
1548 2191 189 40 ersättning
1763 2190 49 33 för
1840 2190 123 33 under-

371 2245 84 42 stöd,
484 2254 71 24 som
585 2245 35 33 af
646 2244 367 42 fattigvårdssamhälle
1041 2244 10 32 i
1079 2247 46 30 ett
1152 2243 36 32 af
1212 2243 40 33 de
1279 2243 159 32 förenade
1467 2242 118 33 rikena
1613 2243 130 31 lemnas
1758 2242 204 33 nödlidande

371 2305 121 32 person
522 2295 74 34 från
625 2297 56 33 det
708 2297 108 33 andra
856 2297 103 32 riket:
1001 2293 37 34 så
1066 2295 150 32 minskas
1244 2294 191 33 ovissheten
1464 2303 51 22 om
1545 2294 175 41 förslagets
1748 2292 177 41 framgång
1951 2293 20 35 i
