1900 2846
564 176 253 31 Statsutskottets
841 177 168 30 utlåtande
1032 177 53 30 Nr
1108 179 29 29 8.
1563 177 39 31 31

476 254 36 41 B)
548 255 47 31 till
629 255 213 32 bestridande
876 266 41 21 av
954 255 227 32 kostnaderna
1205 257 53 30 för
1283 255 225 33 omförmälda
1532 267 72 30 pro-

431 309 164 31 visoriska
630 309 244 41 lönereglering
909 309 119 32 anvisa
1063 310 53 30 för
1149 309 198 41 budgetåret
1385 311 218 30 19253—1926

431 365 46 28 ett
509 365 94 28 extra
636 362 262 40 förslagsanslag
921 373 43 21 av
989 364 120 36 42,000
1134 363 134 37 kronor,
1293 373 41 21 av
1358 362 104 32 vilket
1486 363 119 41 anslag

430 415 99 40 högst
562 416 63 30 883
660 415 122 31 kronor
816 416 41 30 33
886 420 56 27 öre
969 417 54 30 må
1047 415 104 41 enligt
1175 426 41 21 av
1241 415 125 41 Kungl.
1393 416 98 40 Maj:t
1515 416 89 31 med-

431 467 116 32 delade
573 468 207 31 föreskrifter
804 468 175 31 användas
1005 468 48 32 till
1078 468 147 40 höjande
1251 479 41 22 av
1306 469 228 40 ersättningen
1552 470 53 31 för

431 520 142 31 vikariat
599 520 106 31 under
730 521 346 31 konsistorienotaries
1101 525 165 28 semester.

155 623 86 42 45:0)
277 626 14 30 I
316 636 41 21 en
381 626 93 31 inom
499 626 105 31 första
630 626 195 31 kammaren
851 637 41 21 av
917 627 77 31 herr
1022 628 34 30 O.
1082 627 174 40 Bergqvist
1279 627 99 32 väckt
1402 627 130 32 motion
1554 625 51 43 (nr

116 676 69 42 101)
218 679 62 31 har
312 678 197 39 hemställts,
542 682 48 28 att
623 679 177 41 riksdagen
826 681 105 30 måtte
955 681 20 30 å
1001 680 218 31 1925—1926
1244 681 53 30 års
1321 683 64 29 stat
1409 680 126 41 bevilja
1559 684 46 28 ett

111 731 117 42 anslag
251 742 42 22 av
321 733 118 38 12,000
463 732 124 31 kronor
611 733 53 30 för
688 732 188 41 möblering
900 732 9 31 i
927 732 231 42 huvudsaklig
1175 733 334 32 överensstämmelse
1527 734 77 31 med

111 795 41 20 av
185 785 263 32 länsarkitekten
482 785 80 32 Olof
585 785 183 41 Lundgren
792 786 168 32 utarbetat
984 786 128 41 förslag
1135 797 42 22 av
1202 786 238 42 domkapitlets
1464 787 11 31 i
1500 787 105 32 Luleå

110 848 67 30 nya
200 838 126 32 lokaler
348 838 11 31 i
385 838 245 41 biskopshuset.

154 891 65 31 Till
243 891 74 32 stöd
341 892 53 30 för
418 891 91 32 detta
533 892 127 40 förslag
683 892 61 31 har
768 892 210 32 motionären
1005 893 113 31 anfört
1141 892 166 41 följande:

159 961 159 33 »Jämlikt
340 962 128 41 Kungl.
495 962 114 41 Maj:ts
634 962 108 32 beslut
766 962 65 32 den
856 964 40 30 27
923 962 139 33 oktober
1088 964 84 30 1903
1197 963 135 32 ställdes
1356 965 44 39 på
1420 964 51 31 sin
1489 963 48 32 tid
1556 964 49 31 till

109 1007 202 40 förfogande
334 1010 47 28 ett
404 1006 121 42 belopp
550 1017 42 21 av
617 1008 98 36 3,500
739 1007 124 32 kronor
887 1007 50 32 till
961 1007 223 32 anskaffande
1208 1018 42 21 av
1275 1008 127 32 möbler
1426 1019 43 20 m.
1488 1019 45 21 m.
1552 1009 53 31 för

111 1051 221 41 domkapitlet
364 1051 11 31 i
408 1051 112 39 Luleå,
556 1051 104 32 vilket
687 1052 213 31 ämbetsverk
925 1051 65 32 den
1018 1054 14 29 1
1058 1052 135 40 januari
1220 1053 85 31 1904
1328 1052 116 32 trädde
1472 1052 11 32 i
1511 1053 93 32 verk-

111 1096 130 31 samhet
264 1096 93 31 inom
383 1095 55 32 det
462 1096 43 31 då
528 1096 214 40 nyinrättade
766 1096 105 32 Luleå
895 1096 82 32 stift.
1015 1096 121 41 Någon
1161 1107 73 21 som
1259 1096 86 33 helst
1371 1097 234 42 förstärkning

110 1151 42 20 av
188 1140 55 32 det
278 1141 53 31 för
365 1140 151 32 nämnda
549 1140 122 42 belopp
706 1141 150 41 inköpta,
894 1141 216 41 synnerligen
1135 1141 99 32 enkla
1258 1141 262 33 möbelförrådet
1544 1142 61 32 har

111 1184 187 32 sedermera
321 1185 73 32 icke
418 1188 57 38 ägt
499 1196 86 28 rum,
607 1196 60 21 om
690 1197 81 20 man
795 1187 131 31 frånser
949 1187 58 31 två
1031 1186 133 32 målade
1188 1186 174 39 furubord,
1387 1197 40 21 en
1446 1186 158 32 skrivstol

110 1229 63 32 och
207 1240 41 21 en
283 1229 229 42 telefonhylla,
549 1230 93 31 vilka
676 1231 84 31 efter
794 1230 245 41 avveeklingen
1075 1241 43 21 av
1141 1230 179 32 kristidens
1345 1231 260 40 kommissioner

111 1274 225 32 överlämnats
360 1285 43 21 av
427 1278 125 28 statens
576 1274 147 32 centrala
747 1274 238 32 möbelförråd.

155 1318 130 32 Genom
321 1319 127 40 Kungl.
486 1319 114 40 Maj:ts
636 1318 109 33 beslut
780 1319 65 32 den
871 1320 19 31 2
914 1319 69 40 maj
1012 1320 86 31 1924
1122 1319 177 32 anvisades
1324 1321 33 30 åt
1381 1319 223 42 domkapitlet

110 1363 99 40 högst
232 1364 121 37 52,500
378 1363 123 32 kronor
524 1364 54 30 för
601 1363 248 32 verkställande
873 1374 43 21 av
941 1364 90 31 vissa
1053 1364 228 41 förändrings-
1306 1364 62 32 och
1385 1365 218 40 reparations-

110 1407 136 32 arbeten
270 1409 20 29 å
314 1407 236 41 biskopshuset
574 1408 10 30 i
609 1407 104 32 Luleå
736 1408 10 31 i
771 1409 97 39 syfte,
895 1407 102 32 bland
1022 1412 113 34 annat,
1161 1409 85 37 att,
1240 1403 16 50 i
1269 1408 228 41 huvudsaklig
1514 1413 89 28 över-

110 1451 252 33 ensstämmelse
387 1452 78 32 med
489 1452 111 31 därtill
625 1452 200 41 upprättade
848 1452 175 40 ritningar,
1048 1452 12 31 1
1080 1452 238 42 biskopshuset
1334 1453 171 41 inrymma
1520 1454 83 40 jäm-

112 1496 52 32 väl
199 1496 125 32 lokaler
359 1497 53 31 för
447 1496 222 42 domkapitlet
704 1497 62 32 och
801 1496 120 33 bostad
950 1498 52 30 för
1027 1497 75 32 dess
1126 1498 235 31 vaktmästare.
1410 1498 106 31 Dessa
1540 1499 63 30 för-

110 1541 172 41 ändrings-
314 1541 62 32 och
400 1541 345 41 reparationsarbeten
769 1546 57 27 äro
851 1541 146 32 avsedda
1023 1545 48 28 att
1095 1541 157 42 begynna
1276 1542 107 32 under
1406 1542 86 42 april
1518 1544 85 31 1925

110 1589 87 28 samt
221 1589 48 28 att
292 1596 80 22 vara
397 1586 174 32 avslutade
596 1586 10 31 i
631 1587 36 30 så
690 1586 67 41 god
781 1586 58 39 tid,
864 1586 67 32 vad
956 1586 239 41 domkapitlets
1219 1586 126 33 lokaler
1369 1586 169 40 beträffar,
1556 1590 48 29 att

110 1630 221 41 domkapitlet
354 1630 67 32 kan
445 1631 11 31 i
480 1630 236 42 biskopshuset
741 1631 132 39 inflytta
897 1634 113 29 senast
1034 1631 65 31 den
1126 1634 14 29 1
1168 1631 139 32 oktober
1332 1632 93 31 1925.

154 1675 50 32 De
229 1686 66 29 nya
318 1675 172 32 lokalerna
513 1677 144 30 omfatta
680 1675 152 41 följande
855 1687 87 25 rum,
967 1675 187 41 nämligen:
1180 1680 169 34 väntrum,
1368 1676 233 39 sessionsrum,

110 1719 286 41 expeditionsrum
422 1719 75 32 med
524 1720 105 38 arkiv,
655 1720 179 38 skrivrum,
860 1720 258 32 biblioteksrum
1142 1724 88 28 samt
1254 1724 46 28 ett
1323 1721 203 39 tjänsterum
1550 1722 53 31 för

109 1764 163 42 biskopen
297 1764 62 32 och
384 1768 46 28 ett
453 1765 53 31 för
529 1764 363 39 konsistorienotarien,
917 1764 115 33 vilken
1057 1765 209 32 sistnämnde
1289 1765 118 32 hittills
1431 1765 73 32 icke
1530 1766 73 31 haft

110 1810 102 40 något
235 1808 133 32 särskilt
392 1809 210 40 tjänsterum.
648 1809 246 41 Domkapitlets
919 1809 197 32 nuvarande
1140 1809 128 32 möbler
1291 1809 103 32 förslå
1417 1810 121 33 endast
1554 1810 49 32 till

109 1853 188 41 möblering
329 1864 42 21 av
404 1853 293 32 sessionsrummet
721 1854 76 31 med
823 1854 56 32 det
901 1854 222 41 närliggande
1146 1854 337 38 biblioteksrummet,
1508 1866 95 30 expe-

110 1898 273 32 ditionsrummet
407 1898 77 32 med
509 1898 74 32 dess
608 1898 163 32 särskilda
794 1898 222 41 avdelningar
1039 1899 53 31 för
1116 1909 229 22 amanuensen
1363 1899 61 32 och
1441 1900 54 31 för
1511 1900 92 31 vakt-

109 1946 168 28 mästaren
313 1945 88 29 samt
436 1943 250 38 skrivrummet,
723 1943 60 32 där
817 1943 87 41 plats
935 1948 38 26 är
996 1943 124 32 avsedd
1147 1947 48 28 att
1219 1943 136 32 beredas
1379 1945 53 30 för
1456 1944 56 31 det
1535 1945 68 31 fast

109 1987 166 32 anställda
298 1987 177 42 kvinnliga
498 1987 246 33 skrivbiträdet.
785 1988 161 31 Däremot
970 1988 123 32 saknas
1117 1987 129 33 möbler
1268 1989 53 31 för
1341 1988 181 42 biskopens
1540 1989 63 32 och

109 2032 371 32 konsistorienotariens
508 2043 77 20 rum
609 2035 87 29 samt
719 2033 54 31 för
796 2036 241 35 väntrummet,
1062 2034 166 40 varjämte
1252 2044 66 30 nya
1342 2033 180 41 bokhyllor
1545 2039 57 26 äro

109 2076 218 42 nödvändiga
349 2077 54 31 för
426 2077 301 32 sessionsrummet.
776 2077 53 31 En
853 2077 263 41 komplettering
1138 2078 159 31 framstår
1320 2077 212 32 fördenskull
1556 2080 46 30 så-

110 2132 72 21 som
206 2121 205 41 nödvändig.

154 2166 47 31 På
224 2166 112 41 grund
359 2166 105 32 härav
492 2165 190 33 anmodade
706 2165 224 42 domkapitlet
953 2165 262 33 länsarkitekten
1241 2166 8 32 i
1274 2166 90 32 länet
1388 2166 80 32 Olof
1491 2167 111 32 Lund-

109 2221 92 30 gren,
231 2210 114 32 vilken
369 2210 132 32 erhållit
524 2210 11 32 i
560 2210 155 42 uppdrag
738 2213 49 29 att
810 2210 192 41 ombesörja
1026 2210 305 42 byggnadsarbetet
1354 2211 11 31 i
1390 2211 213 42 biskopsgår-

110 2255 75 38 den,
210 2258 48 29 att
282 2259 158 38 upprätta
464 2255 127 42 förslag
614 2255 50 32 till
688 2255 262 41 uppmöblering
973 2266 42 22 av
1040 2255 41 32 de
1098 2267 67 30 nya
1182 2255 179 39 lokalerna,
1379 2255 120 33 därvid
1516 2261 86 27 även

110 2300 156 41 samtliga
288 2300 114 41 gamla
425 2299 129 33 möbler
577 2299 107 33 skulle
708 2301 84 31 efter
816 2299 198 43 erforderlig
1037 2301 267 41 uppsnyggning
1327 2301 138 31 komma
1481 2300 51 32 till
1548 2312 54 21 an-

109 2344 184 42 vändning.

154 2389 79 32 Med
257 2389 184 42 anledning
463 2389 106 32 härav
593 2389 195 32 utarbetade
812 2389 183 41 Lundgren
1020 2400 41 21 en
1086 2390 226 41 promemoria
1335 2394 78 28 över
1436 2390 54 32 för
1512 2390 90 32 dom-

110 2434 139 41 kapitlet
284 2434 179 42 behövliga
498 2434 128 32 möbler
661 2438 87 28 samt
783 2434 391 42 kostnadsberäkningar
1201 2435 11 31 i
1236 2438 124 36 ämnet,
1385 2435 218 41 upptagande

109 2479 152 41 följande
285 2479 151 41 utgifter:

1633 637 108 25 Motion
1762 645 62 24 ang.

1648 673 100 31 anslag
1768 673 41 25 till

1624 708 160 30 möblering
1800 716 34 18 av

1631 744 204 32 domkapitlets

1633 779 7 25 i
1661 780 89 25 Luleå
1769 787 56 25 nya

1672 815 115 25 lokaler.
