1900 2840
296 183 61 30 162
750 181 254 33 Statsutskottets
1026 182 168 32 utlåtande
1218 182 52 32 Nr
1292 184 29 29 8.

337 260 56 32 vid
414 261 106 41 punkt
543 264 65 28 160
632 258 9 42 (
666 261 129 32 motion
819 271 76 32 ang.
922 272 76 30 ang.
1024 261 117 42 anslag
1165 261 51 33 till
1239 261 214 41 uppförande
1478 272 42 23 av
1536 261 248 34 rektorsbostad

295 313 55 32 vid
374 313 363 33 folkskoleseminariet
765 314 5 32 i
795 311 119 41 Umeå)
939 325 43 21 av
1006 314 113 32 herrar
1147 314 101 32 Oscar
1275 314 119 40 Olsson,
1424 315 35 31 O.
1485 315 182 43 Bergqvist,
1694 316 87 31 J.G.

304 367 124 39 Walles,
459 366 33 32 C.
519 367 26 32 IT.
572 367 160 41 Asplund,
758 368 40 31 E.
824 368 32 32 J.
886 367 39 33 G.
952 368 104 32 Rosén
1079 368 64 32 och
1167 368 41 31 E.
1234 368 210 32 Kristensson
1470 368 9 31 i
1496 368 179 42 Göteborg,
1693 368 91 33 vilka

293 423 117 36 ansett,
447 423 48 29 att
518 420 10 31 i
559 420 189 33 utlåtandet
772 420 73 33 bort
868 419 50 33 till
942 432 42 21 en
1008 421 120 41 början
1152 421 133 41 intagas
1309 421 190 33 motionens
1523 422 203 41 motivering
1748 423 35 31 så

294 473 158 41 lydande:

342 544 83 33 »Det
448 544 126 41 förslag
597 544 51 32 till
672 555 69 30 nya
764 544 196 42 byggnader
984 546 53 30 för
1060 545 318 33 dubbelseminariet
1409 545 3 32 i
1438 545 116 38 Umeå,
1573 556 73 21 som
1663 546 56 41 låg
1735 546 49 32 till

292 589 111 41 grund
438 589 53 31 för
533 589 84 31 1920
653 591 53 30 års
732 589 152 41 riksdags
909 589 109 32 beslut
1042 600 54 21 om
1121 589 259 42 byggnadernas
1405 589 223 42 uppförande,
1654 590 130 32 slutade

294 634 43 40 på
372 644 41 20 en
449 633 299 32 kostnadssumma
783 644 42 21 av
860 634 177 38 3,020,000
1067 634 133 32 kronor.
1249 635 52 30 Av
1326 634 261 33 statsutskottets
1611 634 173 32 utlåtande

293 688 40 20 nr
370 679 61 30 148
467 678 158 40 framgår,
663 681 49 28 att
735 678 72 31 däri
830 678 114 41 ingick
967 678 104 32 bland
1094 682 105 28 annat
1223 679 212 41 uppförande
1460 690 42 21 av
1526 678 256 39 rektorsbostad,

294 732 72 21 som
390 721 208 33 beräknades
622 722 98 33 kosta
747 723 139 38 137,000
911 723 133 38 kronor,
1069 727 87 28 samt
1177 723 155 32 bostäder
1355 724 53 32 för
1432 724 157 41 portvakt
1612 724 62 32 och
1699 723 85 32 träd-

293 766 255 41 gårdsmästare,
574 766 92 33 vilka
690 767 208 32 beräknades
922 767 105 41 draga
1050 778 41 22 en
1115 768 145 32 kostnad
1284 778 42 22 av
1349 768 141 32 vardera
1513 769 121 37 49,500
1650 769 132 31 kronor.

340 811 13 30 I
379 811 96 41 fråga
499 822 56 21 om
579 811 295 33 rektorsbostaden
899 812 147 32 uttalade
1070 812 173 39 utskottet,
1269 815 47 29 att
1332 812 10 32 i
1358 812 220 33 betraktande
1595 823 42 22 av
1654 813 41 32 de
1711 823 73 30 syn-

295 854 148 42 nerligen
479 855 89 41 höga
589 855 409 42 byggnadskostnaderna
1020 857 121 41 frågan
1165 867 57 21 om
1245 856 214 43 uppförande
1482 867 43 22 av
1549 856 111 33 denna
1683 857 101 41 bygg-

296 899 66 32 nad
399 899 101 32 borde
534 899 185 33 tillsvidare
743 902 104 30 anstå.
896 901 53 32 Av
978 911 130 22 samma
1132 901 83 38 skäl,
1241 901 62 32 och
1328 901 43 31 då
1394 901 204 32 åtminstone
1622 902 53 31 för
1699 904 85 38 port-

294 944 123 33 vakten
441 944 119 32 bostad
584 947 114 38 syntes
723 945 116 32 kunna
862 945 139 32 beredas
1025 945 93 32 inom
1143 945 109 41 själva
1269 945 391 42 seminariebyggnaden,
1679 947 105 39 ansåg

294 988 170 39 utskottet,
501 991 47 30 att
582 989 130 40 jämväl
746 989 225 33 kostnaderna
1008 990 52 32 för
1092 990 213 33 sistnämnda
1335 990 88 32 båda
1450 990 334 41 bostadsbyggnader

293 1033 113 32 kunde
441 1033 200 41 fråndragas
676 1034 57 31 det
767 1034 192 41 föreslagna
993 1034 248 42 totalbeloppet.
1290 1034 123 33 Härtill
1436 1035 90 38 kom,
1551 1037 48 30 att
1623 1035 162 32 utskottet

293 1077 146 42 föreslog
474 1088 42 21 en
551 1078 199 41 minskning
785 1089 43 21 av
863 1078 226 33 kostnaderna
1121 1080 54 31 för
1202 1079 154 41 grunden
1381 1079 78 33 med
1482 1080 144 38 400,000
1649 1079 133 32 kronor.

293 1121 65 32 Till
382 1122 87 41 följd
493 1122 105 32 härav
623 1122 199 33 hemställde
846 1123 171 39 utskottet,
1042 1126 47 29 att
1113 1123 185 42 riksdagen
1322 1123 50 32 till
1396 1123 213 42 uppförande
1626 1134 43 22 av
1683 1123 100 42 bygg-

294 1166 103 32 nader
420 1167 53 31 för
497 1166 320 33 dubbelseminariet
839 1167 10 32 i
874 1168 97 41 fråga
995 1168 10 31 i
1029 1168 231 41 huvudsaklig
1283 1168 332 32 överensstämmelse
1639 1168 79 32 med
1742 1179 41 21 av

294 1210 188 32 arkitekten
518 1211 130 32 Gustav
683 1211 188 32 Holmdahl
905 1212 201 41 upprättade
1130 1213 167 41 ritningar
1320 1214 102 30 måtte
1447 1213 126 40 bevilja
1596 1215 47 30 ett
1666 1212 118 42 anslag

293 1266 43 21 av
362 1256 175 38 2,384,000
561 1256 133 32 kronor.
743 1256 121 32 Denna
887 1256 201 34 hemställan
1113 1257 122 33 bifölls.

336 1299 401 43 Seminariebyggnaden,
762 1311 73 22 som
859 1312 46 20 nu
930 1306 37 28 är
990 1301 121 42 färdig,
1136 1301 187 42 inrymmer
1345 1301 104 33 bland
1473 1304 104 30 annat
1595 1301 119 33 bostad
1731 1301 53 32 för

292 1345 209 40 portvakten,
527 1348 151 29 varemot
702 1345 122 33 saknas
848 1345 120 33 bostad
992 1347 54 32 för
1069 1346 111 33 rektor
1204 1346 63 33 och
1284 1347 52 31 för
1352 1345 331 42 trädgårdsmästare.
1710 1346 71 31 Den

291 1399 116 21 senare
431 1389 163 32 bostaden
618 1400 100 30 synes
742 1390 73 32 icke
839 1400 80 22 vara
943 1390 205 42 erforderlig.
1198 1391 160 31 Däremot
1381 1390 180 41 föreligger
1576 1394 81 28 stort
1674 1390 109 32 behov

291 1444 42 21 av
366 1432 118 33 bostad
520 1434 52 31 för
596 1434 121 38 rektor,
743 1434 215 32 alldenstund
981 1434 185 42 tillgången
1191 1436 44 40 på
1258 1434 155 32 bostäder
1437 1445 43 21 av
1503 1435 115 31 härför
1642 1434 142 42 lämplig

292 1477 122 32 storlek
439 1478 63 31 och
525 1477 235 33 beskaffenhet
782 1478 11 31 i
816 1479 118 31 staden
959 1484 36 27 är
1018 1483 118 37 ytterst
1159 1479 188 41 begränsad
1371 1479 62 32 och
1458 1479 11 31 i
1486 1479 209 32 seminariets
1712 1484 71 26 när-

292 1522 56 32 het
371 1522 72 32 icke
467 1522 85 32 lärer
575 1523 119 31 kunna
717 1522 217 42 uppbringas.

335 1566 196 32 Arkitekten
565 1567 130 32 Gustav
731 1566 186 33 Holmdahl
952 1567 61 32 har
1048 1567 168 32 utarbetat
1251 1570 47 30 ett
1329 1567 215 42 skissförslag
1567 1568 49 33 till
1640 1568 141 32 rektors-

292 1611 128 38 bostad,
457 1611 102 32 vilket
582 1611 128 41 förslag
732 1612 105 40 jämte
861 1612 247 41 approximativ
1132 1612 352 41 kostnadsberäkning
1508 1623 42 21 av
1574 1615 208 38 entreprenö-

293 1666 57 20 ren
384 1656 53 32 för
460 1655 394 42 seminariebyggnaden,
879 1656 223 41 aktiebolaget
1125 1657 199 31 Bäckström
1348 1657 28 31 &
1400 1656 202 42 Strömberg,
1629 1657 153 31 kommer

290 1702 48 29 att
362 1700 210 32 överlämnas
596 1700 50 31 till
670 1700 251 32 vederbörande
944 1701 136 31 utskott.
1128 1701 405 41 Kostnadsberäkningen
1558 1702 104 31 slutar
1678 1703 44 39 på
1738 1704 46 29 ett

291 1744 121 41 belopp
447 1755 42 21 av
524 1745 121 37 60,000
673 1744 133 32 kronor.
855 1745 15 31 I
893 1748 47 29 ett
963 1745 108 32 under
1094 1745 92 32 hand
1212 1746 134 41 avgivet
1369 1745 116 32 anbud
1508 1746 62 32 har
1592 1756 115 21 annan
1731 1756 51 21 en-

291 1793 171 36 treprenör
486 1788 146 41 erbjudit
657 1789 52 41 sig
734 1790 145 40 uppföra
902 1789 205 42 byggnaden
1130 1791 54 31 för
1208 1793 47 29 ett
1279 1792 102 39 något
1404 1790 91 41 lägre
1518 1790 131 41 belopp.

336 1833 132 32 Statens
502 1833 117 41 anslag
642 1833 51 31 till
716 1833 220 42 hyresbidrag
959 1836 34 29 åt
1017 1834 111 32 rektor
1151 1836 99 40 utgår
1273 1835 53 32 för
1348 1835 211 32 närvarande
1583 1834 77 32 med
1686 1835 98 37 2,500

292 1878 123 31 kronor
439 1877 135 42 årligen.
623 1877 75 33 Den
723 1888 42 21 av
789 1878 111 32 rektor
923 1889 47 21 nu
994 1878 163 41 förhyrda
1182 1878 161 32 bostaden
1367 1884 36 26 är
1426 1878 141 42 belägen
1591 1879 10 31 i
1621 1879 162 31 närheten

290 1933 43 20 av
366 1922 113 41 gamla
511 1922 193 32 seminariet
735 1922 63 31 och
821 1922 61 31 har
906 1925 46 29 ett
976 1922 78 32 med
1077 1923 134 40 hänsyn
1235 1923 50 31 till
1310 1933 66 31 nya
1400 1923 383 41 seminariebyggnaden

290 1966 238 42 ofördelaktigt
562 1966 83 41 läge.
694 1966 50 32 Ur
779 1966 208 32 seminariets
1023 1967 175 41 synpunkt
1233 1967 93 32 torde
1361 1967 55 32 det
1451 1978 80 21 vara
1564 1978 42 21 av
1630 1968 29 40 ej
1687 1968 95 40 ringa

291 2010 110 39 värde,
438 2014 48 28 att
520 2011 111 32 rektor
666 2011 62 31 har
761 2011 51 31 sin
835 2010 120 32 bostad
979 2011 11 31 i
1014 2011 74 32 dess
1112 2011 214 32 omedelbara
1350 2012 119 31 närhet
1492 2012 62 32 och
1579 2012 86 32 helst
1689 2012 92 32 inom

290 2055 209 32 seminariets
523 2055 147 38 område,
700 2057 37 30 så
761 2058 47 29 att
831 2055 68 32 han
924 2055 66 34 kan
1009 2060 88 36 ägna
1109 2055 119 33 skolan
1245 2056 66 33 den
1327 2056 114 41 tillsyn
1459 2067 72 21 som
1549 2062 35 26 är
1601 2056 179 32 önskvärd.

334 2100 52 31 Då
420 2100 188 41 uppskovet
641 2099 79 33 med
743 2099 310 34 rektorsbostadens
1078 2101 213 41 uppförande
1315 2101 233 32 förorsakades
1572 2100 211 33 uteslutande

289 2155 42 21 av
368 2144 39 32 de
443 2144 58 33 vid
535 2144 92 32 tiden
663 2145 54 31 för
753 2143 158 34 beslutets
948 2144 152 33 fattande
1124 2145 212 41 osedvanligt
1359 2145 87 42 höga
1472 2145 309 41 byggnadskostna-

290 2188 113 39 derna,
439 2199 78 21 men
552 2189 91 31 detta
678 2188 83 38 skäl,
798 2190 110 30 såsom
944 2200 43 21 av
1022 2189 65 32 den
1111 2200 89 21 ovan
1224 2190 147 40 avgivna
1394 2190 190 32 beräknade
1609 2189 173 33 kostnads-

289 2243 158 21 summan
472 2233 159 41 framgår,
656 2243 143 22 numera
822 2233 72 32 icke
920 2233 188 42 föreligger,
1133 2244 100 31 synes
1257 2235 118 40 frågan
1401 2245 56 21 om
1474 2234 308 32 rektorsbostadens

289 2277 214 41 uppförande
527 2277 30 40 ej
583 2277 115 40 längre
725 2277 79 32 böra
827 2277 260 42 undanskjutas.

334 2322 118 31 Såsom
488 2332 87 21 ovan
610 2325 148 34 nämnts,
794 2322 61 31 har
893 2323 85 31 1920
1012 2324 52 30 års
1087 2322 139 42 riksdag
1249 2324 53 30 för
1326 2323 453 41 seminariebyggnaderna
1761 2318 23 50 i

293 2366 105 32 Umeå
421 2366 144 41 anslagit
594 2366 177 38 2,384,.00
794 2366 132 32 kronor.
975 2367 54 32 Av
1053 2366 90 33 detta
1167 2367 119 41 anslag
1310 2367 59 32 har
1393 2367 179 41 riksdagen
1596 2367 185 32 emellertid

288 2410 132 32 anvisat
453 2410 140 33 allenast
626 2411 177 38 2,084,000
831 2411 131 31 kronor.
1012 2412 52 32 Av
1097 2411 212 32 sistnämnda
1332 2411 294 42 byggnadsanslag
1649 2412 62 31 har
1735 2411 49 32 till

289 2454 128 32 möbler
449 2456 53 31 för
535 2455 192 32 seminariet
751 2458 88 28 samt
863 2455 48 32 till
936 2456 209 41 anläggning
1169 2467 42 21 av
1235 2456 158 41 trädgård
1417 2456 219 41 disponerats,
1663 2457 120 37 73,500

290 2500 131 38 kronor,
456 2499 110 33 vadan
600 2500 53 31 för
676 2499 308 41 byggnadsarbetet
1008 2502 139 30 återstår
1170 2503 47 29 ett
1241 2501 117 41 anslag
1381 2511 42 22 av
1449 2502 175 37 2,010,500
1648 2501 132 32 kronor.
