1894 2840
295 180 43 32 50
757 175 255 33 Statsutskottets
1034 175 169 31 utlåtande
1225 174 54 31 Nr
1303 176 21 30 8

1656 252 122 25 Kronor.

296 302 123 32 Anslags
438 302 42 25 till
499 301 224 33 komplettering
741 308 35 18 av
796 300 110 33 fysiska
924 298 216 26 institutionens
1159 297 167 32 utrustning
1344 297 89 25 konto
1454 318 2 2 .
1480 318 2 2 -
1506 317 84 4 ...-
1656 295 87 32 5,000:
1756 309 31 3 —

340 346 109 32 Belopp
472 346 113 25 anvisat
604 345 54 26 enl.
679 345 91 26 kansl.
797 345 69 25 brev
886 343 35 30 '/e
941 343 77 26 1924.

296 391 122 32 Anslags
445 390 42 26 till
506 390 88 33 inköp
614 398 35 18 av
668 390 175 25 instrument
861 388 55 26 och
935 387 130 26 materiel
1084 387 44 26 for
1147 386 56 26 den
1222 386 243 32 farmakologiska
1483 386 110 25 institu-

340 436 98 25 tionen
457 436 89 24 kontO
572 455 58 5 ...
652 455 4 4 .
708 428 108 40 seems
861 453 35 5 es
928 453 48 4 rs
999 452 31 5 se
1053 452 30 5 se
1106 428 30 40 sa
1171 451 73 5 rs
1333 451 98 4 RR
1478 450 58 5 RAK
1559 450 31 5 KA
1656 429 87 32 8,750:
1757 442 31 3 —

341 480 108 32 Belopp
472 479 113 26 anvisat
604 479 55 25 enl.
679 478 92 26 kansl.
795 478 71 25 brev
885 476 47 31 ?9/6
952 476 77 26 1924.

296 524 222 27 Universitetets
537 522 340 34 pensionstilläggsfonds
896 522 88 25 konto.
1000 540 324 6 ..-....-csc---
1374 539 30 5 äv.
1428 540 2 4 dä
1508 538 29 5 -.
1560 539 4 4 -
1586 539 4 4 «
1622 517 120 33 100,000:
1756 531 31 3 —

341 569 110 32 Belopp
474 568 113 26 anvisat
606 568 55 25 enl.
681 567 96 32 kungl.
797 567 70 25 brev
887 565 47 31 ?5/4+
953 565 77 26 1924.

297 614 122 32 Anslags
438 613 45 26 för
503 612 179 33 uppförande
701 620 36 17 av
756 611 209 26 verkstadshus
985 610 47 26 vid
1052 609 210 26 astronomiska
1281 608 208 26 observatoriet
1507 608 88 25 konto
1625 602 18 48 =
1657 606 87 31 3,300:
1757 619 30 4 -—

341 658 108 32 Belopp
472 657 114 26 anvisat
605 657 55 25 enl.
680 656 92 26 kansl.
797 656 69 26 brev
887 654 46 32 ??/e
953 655 77 26 1924.

296 702 149 32 Utgående
464 702 101 25 balans
584 702 89 25 konto
706 721 30 5 ..
759 719 512 6 sossar
974 696 88 42 sera
1076 696 67 42 res
1158 696 40 42 sr
1210 696 64 42 ers
1320 718 111 4 ATC
1506 717 30 5 ..
1559 716 31 5 ..
1622 695 122 32 129,088:
1755 695 33 25 98

296 746 170 33 Behållning
485 746 45 26 till
543 745 60 33 juli
623 746 83 25 1924:

341 791 88 25 därav
443 798 102 25 genom
555 790 92 26 kansl.
662 790 69 25 brev
746 789 61 26 före
817 788 35 31 !/7
862 788 71 26 1924
942 788 151 33 beviljade,
1104 788 25 32 ej
1141 787 149 27 utbetalda
1300 787 99 32 anslag
1445 786 102 32 23,791:
1559 785 34 26 45

342 835 181 26 återstående
541 834 162 33 disponibel
723 834 165 32 behållning
912 853 4 5 .
939 854 4 4 ..
1018 854 137 2 ccs
1214 852 49 5 cc
1312 852 4 4 .
1392 852 4 4 .
1427 830 120 30 105,297:
1559 829 34 27 53

1353 885 116 26 Summa
1488 884 105 25 kronor
1621 882 168 31 853,791:59

982 927 128 47 Kredit.
1657 937 121 24 Kronor.

298 986 144 32 Ingående
461 985 101 26 balans
582 986 87 25 konto.
706 1005 6 5 .
737 1005 29 4 ..
803 1005 96 4 secs
922 1004 31 4 ce
976 1004 30 5 re
1030 1006 28 2 sr
1082 1006 56 2 ses
1162 1003 57 5 ora
1269 1003 109 4 es
1456 1002 2 2 5
1534 1002 56 4 22
1622 979 167 33 626,721:
1761 975 32 42 98

298 1030 169 32 Behållning
480 1029 75 35 från
569 1029 68 33 juni
657 1030 84 25 1923:

342 1075 87 25 darav
453 1082 104 25 genom
580 1073 202 26 kanslersbrev
805 1074 60 25 före
886 1071 33 32 !/7
939 1072 69 26 1923
1027 1072 152 33 beviljade,
1200 1072 25 32 ej
1249 1071 147 26 utbetalda

386 1119 100 32 ANSläg
511 1139 4 4 .
550 1139 70 4 oss
644 1139 58 4 ser
752 1138 164 4 reser
880 1113 41 42 es
965 1138 31 4 2
1071 1138 4 4 .
1151 1138 3 4 .
1232 1136 82 5 eka
1392 1136 2 2 .
1443 1115 104 32 -41,705:
1559 1114 34 26 89

342 1163 181 26 återstående
542 1163 162 32 disponibel
723 1162 168 32 behållning
912 1184 2 2 .
932 1158 14 41 .
965 1182 57 5 ...
1124 1182 110 4 Resa
1312 1182 82 2 2-2
1426 1160 121 31 585,016:
1559 1159 34 26 09

298 1208 122 26 General
439 1208 88 25 konto
548 1228 4 4 .
576 1227 110 5 .....
816 1228 2 2 :
896 1228 2 2 :
976 1228 2 2 -
1056 1226 2 2 5
1216 1226 30 4 is
1269 1199 13 40 i
1296 1226 2 2 Fi
1376 1226 2 2 a
1456 1226 2 2 ;
1534 1225 4 4 .
1622 1203 122 32 217,384:
1755 1203 34 26 46

342 1252 89 25 hitför
449 1252 148 26 överskott
615 1251 45 26 för
679 1223 69 65 året.

299 1297 198 32 Avlöningars,
517 1297 168 32 pensioners
705 1296 53 26 och
778 1296 148 32 gratialers
945 1296 87 25 konto
1216 1316 2 2 .
1296 1316 2 2 .
1376 1316 2 2 .
1456 1316 2 2 .
1659 1292 85 32 7,102:
1756 1292 31 26 51

342 1342 92 25 under
453 1342 61 25 året
532 1342 168 32 uppkomna
719 1341 193 32 besparingar.

298 1386 168 32 Teologiska
484 1386 175 25 fakultetens
679 1385 85 26 fonds
783 1393 35 17 av
837 1384 159 33 besparade
1016 1383 263 33 docentstipendier
1298 1384 87 25 konto.
1417 1404 1 4 .
1456 1406 2 2 .
1536 1406 2 2 na
1588 1403 4 5 os
1685 1381 59 26 235:
1756 1381 34 26 50

297 1430 147 26 Juridiska
463 1430 175 25 fakultetens
657 1429 87 26 fonds
763 1437 36 18 av
818 1428 159 33 besparade
996 1427 262 33 docentstipendier
1277 1428 87 25 konto.
1403 1448 55 4 .-..
1535 1448 29 4 om
1686 1426 59 26 593:
1756 1426 34 25 84

298 1470 184 41 Matematisk
500 1473 303 70 paturvetenskapliga
821 1474 167 25 sektionens
1008 1472 84 26 fonds
1111 1481 35 17 av
1160 1472 160 32 besparade
1333 1471 262 33 docentstipendier

343 1520 87 24 konto.
464 1514 16 41 .
496 1540 82 2 ....
789 1538 30 5 va
896 1538 57 4 oe
1056 1540 2 2 .
1136 1540 2 2 .
1216 1537 31 4 oa
1456 1538 2 2 .
1562 1536 2 2 .
1660 1515 129 32 1,250:
1768 1511 24 41 —

298 1563 190 33 Indragnings
508 1540 110 48 Brate
636 1539 104 49 Had.
816 1584 4 2 Eg
950 1582 108 4 SKE
1136 1581 57 5 Ts
1216 1581 4 4 sa
1281 1581 46 4 Fe
1350 1582 28 2 DG
1456 1582 2 2 Cu
1508 1582 58 2 TAG
1590 1582 2 2 v
1685 1560 60 26 203:
1756 1560 34 26 30

343 1608 91 25 under
452 1607 61 26 året
532 1608 167 31 uppkomna
718 1584 195 54 BSNaringar

298 1653 123 32 Anslags
440 1652 45 25 for
503 1651 298 33 reparationsarbeten
821 1651 9 25 i
850 1650 20 27 f.
890 1650 26 26 d.
936 1651 227 25 länslasarettets
1182 1650 56 26 hus
1257 1651 88 25 konto
1376 1670 188 4 ..-,.,;..,.
1686 1650 60 25 300:
1758 1663 31 3 —

1354 1704 116 25 Summa
1489 1704 105 25 kronor
1622 1703 168 29 853,791:59

346 1759 51 32 Av
430 1759 90 31 detta
552 1757 332 42 räkenskapsutdrag
916 1758 160 41 framgår,
1109 1760 49 29 att
1185 1757 355 32 inkomstöverskottet
1564 1758 53 31 för
1640 1757 151 32 nämnda

299 1812 164 41 budgetår
495 1813 145 40 uppgått
671 1811 52 31 till
754 1811 11 31 i
798 1810 169 33 avrundat
999 1810 132 32 krontal
1164 1811 143 38 217,384
1340 1811 131 31 kronor.
1519 1811 51 31 Då
1604 1810 56 33 det
1683 1811 108 31 finnes

299 1865 156 42 grundad
479 1864 185 41 anledning
680 1868 132 37 antaga,
831 1867 48 29 att
892 1864 130 41 jämväl
1038 1864 11 31 i
1064 1863 185 33 framtiden
1264 1864 186 41 väsentliga
1467 1864 170 32 överskott
1654 1864 137 31 komma

300 1922 48 29 att
381 1918 142 32 tillföras
558 1917 250 38 reservfonden,
839 1918 62 31 har
925 1917 161 32 utskottet
1109 1920 110 29 ansett
1243 1917 51 41 sig
1317 1917 118 32 kunna
1458 1919 81 39 utgå
1562 1918 87 38 från,
1675 1920 49 29 att
1747 1928 44 21 re-

300 1972 203 32 servfonden
538 1976 79 37 äger
655 1971 104 32 sådan
799 1970 164 41 bärighet,
996 1973 57 36 att,
1089 1973 82 29 utan
1207 1974 48 28 att
1294 1970 74 32 dess
1398 1970 206 42 berättigade
1627 1971 163 32 intressen

300 2025 112 32 trädas
444 2026 53 31 för
528 2029 90 33 nära,
651 2035 40 21 ur
715 2023 199 33 densamma
937 2023 61 33 bör
1031 2024 115 31 kunna
1178 2023 193 42 tillgodoses
1396 2035 41 21 en
1462 2024 53 32 del
1539 2035 42 21 av
1605 2024 41 32 de
1670 2024 120 39 behov,

299 2079 54 32 för
376 2078 92 33 vilka
491 2078 109 32 medel
624 2088 48 21 nu
697 2077 98 32 äskas
819 2077 61 32 hos
904 2077 189 41 riksdagen.

344 2132 171 32 Utskottet
548 2131 62 32 har
643 2131 57 31 vid
737 2131 169 41 prövning
940 2130 105 32 härav
1075 2141 47 21 nu
1146 2133 110 29 ansett
1280 2131 51 41 sig
1354 2130 81 33 böra
1458 2131 53 31 för
1533 2130 258 42 ifrågavarande

300 2185 160 32 ändamål
494 2184 168 42 tillstyrka
697 2187 46 29 ett
776 2184 50 31 till
861 2185 121 37 20,000
1017 2184 123 32 kronor
1163 2183 180 42 begränsat
1366 2184 122 41 belopp
1512 2184 63 32 och
1598 2184 194 32 hemställer

300 2238 107 39 alltså,

665 2285 48 29 att
747 2282 180 41 riksdagen
960 2283 57 30 må
1040 2282 52 31 för
1114 2281 191 33 beredande
1329 2292 42 21 av
1394 2281 190 42 ytterligare
1609 2281 111 33 medel
1743 2282 49 31 till

621 2334 164 33 materiell
808 2346 44 21 m.
878 2346 45 20 m.
949 2335 53 32 för
1025 2334 41 32 de
1089 2345 43 22 av
1156 2334 371 42 departementschefen
1551 2335 108 32 under
1683 2335 109 41 punkt

621 2390 42 30 69
697 2388 10 31 i
741 2387 362 42 statsrådsprotokollet
1126 2393 80 27 över
1230 2388 357 32 ecklesiastikärenden
1613 2388 66 32 den
1704 2389 19 31 2
1746 2389 45 40 ja-

620 2441 98 32 nuari
742 2442 83 32 1925
842 2441 149 42 angivna
1007 2441 273 32 institutionerna
1295 2441 58 32 vid
1369 2441 228 33 universitetet
1622 2442 2 31 i
1641 2441 151 42 Uppsala

620 2496 54 30 för
697 2494 198 42 budgetåret
914 2496 216 31 1925—1926
1147 2495 119 32 anvisa
1283 2498 46 29 ett
1344 2498 93 29 extra
1453 2495 340 41 reservationsanslag

621 2559 42 21 av
688 2549 121 38 20,000
832 2548 133 32 kronor.
