<?xml version="1.0" encoding="UTF-8"?>
<alto xmlns="http://www.loc.gov/standards/alto/ns-v3#" xmlns:xlink="http://www.w3.org/1999/xlink" xmlns:xsi="http://www.w3.org/2001/XMLSchema-instance" xsi:schemaLocation="http://www.loc.gov/standards/alto/ns-v3# http://www.loc.gov/alto/v3/alto-3-0.xsd">
	<Description>
		<MeasurementUnit>pixel</MeasurementUnit>
		<sourceImageInformation>
			<fileName>/tmp/tess_pv331512_input.PNG</fileName>
		</sourceImageInformation>
		<OCRProcessing ID="OCR_0">
			<ocrProcessingStep>
				<processingSoftware>
					<softwareName>tesseract 5.3.0</softwareName>
				</processingSoftware>
			</ocrProcessingStep>
		</OCRProcessing>
	</Description>
	<Layout>
		<Page WIDTH="1898" HEIGHT="2846" PHYSICAL_IMG_NR="0" ID="page_0">
			<PrintSpace HPOS="0" VPOS="0" WIDTH="1898" HEIGHT="2846">
				<ComposedBlock ID="cblock_0" HPOS="571" VPOS="168" WIDTH="1028" HEIGHT="32">
					<TextBlock ID="block_0" HPOS="571" VPOS="168" WIDTH="1028" HEIGHT="32">
						<TextLine ID="line_0" HPOS="571" VPOS="168" WIDTH="1028" HEIGHT="32">
							<String ID="string_0" HPOS="571" VPOS="168" WIDTH="254" HEIGHT="32" WC="0.91" CONTENT="Stalsutskottets"/><SP WIDTH="24" VPOS="168" HPOS="825"/>
							<String ID="string_1" HPOS="849" VPOS="169" WIDTH="168" HEIGHT="31" WC="0.96" CONTENT="utlåtande"/><SP WIDTH="23" VPOS="169" HPOS="1017"/>
							<String ID="string_2" HPOS="1040" VPOS="169" WIDTH="53" HEIGHT="31" WC="0.95" CONTENT="Nr"/><SP WIDTH="23" VPOS="169" HPOS="1093"/>
							<String ID="string_3" HPOS="1116" VPOS="171" WIDTH="30" HEIGHT="29" WC="0.95" CONTENT="8."/><SP WIDTH="413" VPOS="171" HPOS="1146"/>
							<String ID="string_4" HPOS="1559" VPOS="169" WIDTH="40" HEIGHT="30" WC="0.96" CONTENT="41"/>
						</TextLine>
					</TextBlock>
				</ComposedBlock>
				<ComposedBlock ID="cblock_1" HPOS="111" VPOS="247" WIDTH="1494" HEIGHT="788">
					<TextBlock ID="block_1" HPOS="111" VPOS="247" WIDTH="1492" HEIGHT="361">
						<TextLine ID="line_1" HPOS="112" VPOS="247" WIDTH="1489" HEIGHT="43">
							<String ID="string_5" HPOS="112" VPOS="248" WIDTH="42" HEIGHT="40" WC="0.96" CONTENT="på"/><SP WIDTH="35" VPOS="248" HPOS="154"/>
							<String ID="string_6" HPOS="189" VPOS="250" WIDTH="48" HEIGHT="29" WC="0.96" CONTENT="ett"/><SP WIDTH="34" VPOS="250" HPOS="237"/>
							<String ID="string_7" HPOS="271" VPOS="247" WIDTH="106" HEIGHT="32" WC="0.96" CONTENT="bättre"/><SP WIDTH="36" VPOS="247" HPOS="377"/>
							<String ID="string_8" HPOS="413" VPOS="250" WIDTH="65" HEIGHT="30" WC="0.96" CONTENT="sätt"/><SP WIDTH="34" VPOS="250" HPOS="478"/>
							<String ID="string_9" HPOS="512" VPOS="248" WIDTH="166" HEIGHT="41" WC="0.96" CONTENT="utnyttjas"/><SP WIDTH="33" VPOS="248" HPOS="678"/>
							<String ID="string_10" HPOS="711" VPOS="249" WIDTH="53" HEIGHT="31" WC="0.93" CONTENT="för"/><SP WIDTH="33" VPOS="249" HPOS="764"/>
							<String ID="string_11" HPOS="797" VPOS="248" WIDTH="262" HEIGHT="42" WC="0.92" CONTENT="tillgodoseende"/><SP WIDTH="26" VPOS="248" HPOS="1059"/>
							<String ID="string_12" HPOS="1085" VPOS="259" WIDTH="41" HEIGHT="21" WC="0.96" CONTENT="av"/><SP WIDTH="25" VPOS="259" HPOS="1126"/>
							<String ID="string_13" HPOS="1151" VPOS="248" WIDTH="56" HEIGHT="32" WC="0.96" CONTENT="det"/><SP WIDTH="23" VPOS="248" HPOS="1207"/>
							<String ID="string_14" HPOS="1230" VPOS="251" WIDTH="87" HEIGHT="29" WC="0.96" CONTENT="mest"/><SP WIDTH="24" VPOS="251" HPOS="1317"/>
							<String ID="string_15" HPOS="1341" VPOS="248" WIDTH="186" HEIGHT="41" WC="0.92" CONTENT="trängande"/><SP WIDTH="24" VPOS="248" HPOS="1527"/>
							<String ID="string_16" HPOS="1551" VPOS="247" WIDTH="50" HEIGHT="33" WC="0.91" CONTENT="be-"/>
						</TextLine>
						<TextLine ID="line_2" HPOS="111" VPOS="300" WIDTH="1490" HEIGHT="43">
							<String ID="string_17" HPOS="111" VPOS="300" WIDTH="102" HEIGHT="33" WC="0.96" CONTENT="hovet"/><SP WIDTH="33" VPOS="300" HPOS="213"/>
							<String ID="string_18" HPOS="246" VPOS="311" WIDTH="41" HEIGHT="22" WC="0.96" CONTENT="av"/><SP WIDTH="37" VPOS="311" HPOS="287"/>
							<String ID="string_19" HPOS="324" VPOS="301" WIDTH="108" HEIGHT="32" WC="0.92" CONTENT="ökade"/><SP WIDTH="33" VPOS="301" HPOS="432"/>
							<String ID="string_20" HPOS="465" VPOS="302" WIDTH="258" HEIGHT="40" WC="0.81" CONTENT="tjänstelokaler."/><SP WIDTH="50" VPOS="302" HPOS="723"/>
							<String ID="string_21" HPOS="773" VPOS="302" WIDTH="172" HEIGHT="41" WC="0.82" CONTENT="Förslaget"/><SP WIDTH="33" VPOS="302" HPOS="945"/>
							<String ID="string_22" HPOS="978" VPOS="313" WIDTH="96" HEIGHT="21" WC="0.96" CONTENT="avser"/><SP WIDTH="24" VPOS="313" HPOS="1074"/>
							<String ID="string_23" HPOS="1098" VPOS="302" WIDTH="10" HEIGHT="31" WC="0.95" CONTENT="i"/><SP WIDTH="24" VPOS="302" HPOS="1108"/>
							<String ID="string_24" HPOS="1132" VPOS="301" WIDTH="181" HEIGHT="33" WC="0.95" CONTENT="huvudsak"/><SP WIDTH="25" VPOS="301" HPOS="1313"/>
							<String ID="string_25" HPOS="1338" VPOS="301" WIDTH="199" HEIGHT="41" WC="0.96" CONTENT="förändring"/><SP WIDTH="24" VPOS="301" HPOS="1537"/>
							<String ID="string_26" HPOS="1561" VPOS="312" WIDTH="40" HEIGHT="21" WC="0.96" CONTENT="av"/>
						</TextLine>
						<TextLine ID="line_3" HPOS="112" VPOS="353" WIDTH="1490" HEIGHT="43">
							<String ID="string_27" HPOS="112" VPOS="353" WIDTH="88" HEIGHT="33" WC="0.92" CONTENT="vissa"/><SP WIDTH="31" VPOS="353" HPOS="200"/>
							<String ID="string_28" HPOS="231" VPOS="354" WIDTH="304" HEIGHT="41" WC="0.91" CONTENT="utställningssalar"/><SP WIDTH="24" VPOS="354" HPOS="535"/>
							<String ID="string_29" HPOS="559" VPOS="355" WIDTH="48" HEIGHT="32" WC="0.96" CONTENT="till"/><SP WIDTH="25" VPOS="355" HPOS="607"/>
							<String ID="string_30" HPOS="632" VPOS="356" WIDTH="211" HEIGHT="40" WC="0.93" CONTENT="tjänsterum,"/><SP WIDTH="26" VPOS="356" HPOS="843"/>
							<String ID="string_31" HPOS="869" VPOS="356" WIDTH="240" HEIGHT="40" WC="0.91" CONTENT="entresolering"/><SP WIDTH="23" VPOS="356" HPOS="1109"/>
							<String ID="string_32" HPOS="1132" VPOS="366" WIDTH="42" HEIGHT="22" WC="0.96" CONTENT="av"/><SP WIDTH="24" VPOS="366" HPOS="1174"/>
							<String ID="string_33" HPOS="1198" VPOS="355" WIDTH="90" HEIGHT="32" WC="0.96" CONTENT="vissa"/><SP WIDTH="24" VPOS="355" HPOS="1288"/>
							<String ID="string_34" HPOS="1312" VPOS="355" WIDTH="212" HEIGHT="40" WC="0.93" CONTENT="tjänsterum,"/><SP WIDTH="24" VPOS="355" HPOS="1524"/>
							<String ID="string_35" HPOS="1548" VPOS="365" WIDTH="54" HEIGHT="21" WC="0.91" CONTENT="an-"/>
						</TextLine>
						<TextLine ID="line_4" HPOS="111" VPOS="407" WIDTH="1491" HEIGHT="43">
							<String ID="string_36" HPOS="111" VPOS="407" WIDTH="173" HEIGHT="33" WC="0.96" CONTENT="ordnande"/><SP WIDTH="35" VPOS="407" HPOS="284"/>
							<String ID="string_37" HPOS="319" VPOS="418" WIDTH="42" HEIGHT="22" WC="0.95" CONTENT="av"/><SP WIDTH="36" VPOS="418" HPOS="361"/>
							<String ID="string_38" HPOS="397" VPOS="411" WIDTH="46" HEIGHT="29" WC="0.96" CONTENT="ett"/><SP WIDTH="35" VPOS="411" HPOS="443"/>
							<String ID="string_39" HPOS="478" VPOS="408" WIDTH="253" HEIGHT="41" WC="0.92" CONTENT="genomgående"/><SP WIDTH="34" VPOS="408" HPOS="731"/>
							<String ID="string_40" HPOS="765" VPOS="409" WIDTH="290" HEIGHT="41" WC="0.91" CONTENT="korridorsystem,"/><SP WIDTH="25" VPOS="409" HPOS="1055"/>
							<String ID="string_41" HPOS="1080" VPOS="408" WIDTH="304" HEIGHT="32" WC="0.90" CONTENT="åstadkommande"/><SP WIDTH="23" VPOS="408" HPOS="1384"/>
							<String ID="string_42" HPOS="1407" VPOS="419" WIDTH="43" HEIGHT="21" WC="0.96" CONTENT="av"/><SP WIDTH="24" VPOS="419" HPOS="1450"/>
							<String ID="string_43" HPOS="1474" VPOS="419" WIDTH="41" HEIGHT="21" WC="0.93" CONTENT="en"/><SP WIDTH="25" VPOS="419" HPOS="1515"/>
							<String ID="string_44" HPOS="1540" VPOS="408" WIDTH="62" HEIGHT="31" WC="0.91" CONTENT="för-"/>
						</TextLine>
						<TextLine ID="line_5" HPOS="111" VPOS="460" WIDTH="1490" HEIGHT="42">
							<String ID="string_45" HPOS="111" VPOS="460" WIDTH="132" HEIGHT="32" WC="0.92" CONTENT="bättrad"/><SP WIDTH="24" VPOS="460" HPOS="243"/>
							<String ID="string_46" HPOS="267" VPOS="462" WIDTH="94" HEIGHT="30" WC="0.96" CONTENT="entré"/><SP WIDTH="23" VPOS="462" HPOS="361"/>
							<String ID="string_47" HPOS="384" VPOS="461" WIDTH="50" HEIGHT="31" WC="0.96" CONTENT="till"/><SP WIDTH="24" VPOS="461" HPOS="434"/>
							<String ID="string_48" HPOS="458" VPOS="461" WIDTH="216" HEIGHT="32" WC="0.96" CONTENT="akademiens"/><SP WIDTH="25" VPOS="461" HPOS="674"/>
							<String ID="string_49" HPOS="699" VPOS="462" WIDTH="126" HEIGHT="32" WC="0.96" CONTENT="lokaler"/><SP WIDTH="24" VPOS="462" HPOS="825"/>
							<String ID="string_50" HPOS="849" VPOS="466" WIDTH="89" HEIGHT="28" WC="0.96" CONTENT="samt"/><SP WIDTH="22" VPOS="466" HPOS="938"/>
							<String ID="string_51" HPOS="960" VPOS="461" WIDTH="220" HEIGHT="33" WC="0.96" CONTENT="anordnande"/><SP WIDTH="24" VPOS="461" HPOS="1180"/>
							<String ID="string_52" HPOS="1204" VPOS="472" WIDTH="42" HEIGHT="21" WC="0.96" CONTENT="av"/><SP WIDTH="25" VPOS="472" HPOS="1246"/>
							<String ID="string_53" HPOS="1271" VPOS="472" WIDTH="46" HEIGHT="30" WC="0.93" CONTENT="ny"/><SP WIDTH="19" VPOS="472" HPOS="1317"/>
							<String ID="string_54" HPOS="1336" VPOS="461" WIDTH="265" HEIGHT="40" WC="0.91" CONTENT="värmeledning."/>
						</TextLine>
						<TextLine ID="line_6" HPOS="155" VPOS="513" WIDTH="1448" HEIGHT="42">
							<String ID="string_55" HPOS="155" VPOS="513" WIDTH="171" HEIGHT="32" WC="0.96" CONTENT="Utskottet"/><SP WIDTH="28" VPOS="513" HPOS="326"/>
							<String ID="string_56" HPOS="354" VPOS="514" WIDTH="62" HEIGHT="31" WC="0.96" CONTENT="har"/><SP WIDTH="23" VPOS="514" HPOS="416"/>
							<String ID="string_57" HPOS="439" VPOS="514" WIDTH="57" HEIGHT="32" WC="0.96" CONTENT="vid"/><SP WIDTH="25" VPOS="514" HPOS="496"/>
							<String ID="string_58" HPOS="521" VPOS="515" WIDTH="168" HEIGHT="40" WC="0.96" CONTENT="prövning"/><SP WIDTH="23" VPOS="515" HPOS="689"/>
							<String ID="string_59" HPOS="712" VPOS="526" WIDTH="42" HEIGHT="21" WC="0.96" CONTENT="av"/><SP WIDTH="25" VPOS="526" HPOS="754"/>
							<String ID="string_60" HPOS="779" VPOS="515" WIDTH="56" HEIGHT="31" WC="0.96" CONTENT="det"/><SP WIDTH="24" VPOS="515" HPOS="835"/>
							<String ID="string_61" HPOS="859" VPOS="515" WIDTH="231" HEIGHT="40" WC="0.96" CONTENT="föreliggande"/><SP WIDTH="24" VPOS="515" HPOS="1090"/>
							<String ID="string_62" HPOS="1114" VPOS="514" WIDTH="161" HEIGHT="41" WC="0.96" CONTENT="förslaget"/><SP WIDTH="23" VPOS="514" HPOS="1275"/>
							<String ID="string_63" HPOS="1298" VPOS="515" WIDTH="30" HEIGHT="39" WC="0.96" CONTENT="ej"/><SP WIDTH="26" VPOS="515" HPOS="1328"/>
							<String ID="string_64" HPOS="1354" VPOS="514" WIDTH="116" HEIGHT="31" WC="0.92" CONTENT="funnit"/><SP WIDTH="23" VPOS="514" HPOS="1470"/>
							<String ID="string_65" HPOS="1493" VPOS="513" WIDTH="110" HEIGHT="32" WC="0.90" CONTENT="anled-"/>
						</TextLine>
						<TextLine ID="line_7" HPOS="112" VPOS="565" WIDTH="1050" HEIGHT="43">
							<String ID="string_66" HPOS="112" VPOS="566" WIDTH="82" HEIGHT="41" WC="0.96" CONTENT="ning"/><SP WIDTH="23" VPOS="566" HPOS="194"/>
							<String ID="string_67" HPOS="217" VPOS="565" WIDTH="49" HEIGHT="32" WC="0.96" CONTENT="till"/><SP WIDTH="25" VPOS="565" HPOS="266"/>
							<String ID="string_68" HPOS="291" VPOS="566" WIDTH="134" HEIGHT="32" WC="0.96" CONTENT="erinran"/><SP WIDTH="25" VPOS="566" HPOS="425"/>
							<String ID="string_69" HPOS="450" VPOS="570" WIDTH="72" HEIGHT="28" WC="0.96" CONTENT="mot"/><SP WIDTH="23" VPOS="570" HPOS="522"/>
							<String ID="string_70" HPOS="545" VPOS="567" WIDTH="188" HEIGHT="32" WC="0.96" CONTENT="detsamma"/><SP WIDTH="24" VPOS="567" HPOS="733"/>
							<String ID="string_71" HPOS="757" VPOS="568" WIDTH="62" HEIGHT="31" WC="0.96" CONTENT="och"/><SP WIDTH="25" VPOS="568" HPOS="819"/>
							<String ID="string_72" HPOS="844" VPOS="567" WIDTH="194" HEIGHT="32" WC="0.93" CONTENT="hemställer"/><SP WIDTH="23" VPOS="567" HPOS="1038"/>
							<String ID="string_73" HPOS="1061" VPOS="568" WIDTH="101" HEIGHT="40" WC="0.92" CONTENT="förty,"/>
						</TextLine>
					</TextBlock>
					<TextBlock ID="block_2" HPOS="370" VPOS="620" WIDTH="1235" HEIGHT="361">
						<TextLine ID="line_8" HPOS="476" VPOS="620" WIDTH="1127" HEIGHT="41">
							<String ID="string_74" HPOS="476" VPOS="623" WIDTH="49" HEIGHT="28" WC="0.96" CONTENT="att"/><SP WIDTH="32" VPOS="623" HPOS="525"/>
							<String ID="string_75" HPOS="557" VPOS="620" WIDTH="178" HEIGHT="41" WC="0.96" CONTENT="riksdagen"/><SP WIDTH="34" VPOS="620" HPOS="735"/>
							<String ID="string_76" HPOS="769" VPOS="622" WIDTH="57" HEIGHT="30" WC="0.94" CONTENT="må"/><SP WIDTH="32" VPOS="622" HPOS="826"/>
							<String ID="string_77" HPOS="858" VPOS="621" WIDTH="53" HEIGHT="31" WC="0.94" CONTENT="för"/><SP WIDTH="33" VPOS="621" HPOS="911"/>
							<String ID="string_78" HPOS="944" VPOS="620" WIDTH="180" HEIGHT="32" WC="0.96" CONTENT="utförande"/><SP WIDTH="32" VPOS="620" HPOS="1124"/>
							<String ID="string_79" HPOS="1156" VPOS="620" WIDTH="11" HEIGHT="31" WC="0.96" CONTENT="i"/><SP WIDTH="34" VPOS="620" HPOS="1167"/>
							<String ID="string_80" HPOS="1201" VPOS="620" WIDTH="229" HEIGHT="40" WC="0.93" CONTENT="huvudsaklig"/><SP WIDTH="24" VPOS="620" HPOS="1430"/>
							<String ID="string_81" HPOS="1454" VPOS="624" WIDTH="149" HEIGHT="27" WC="0.90" CONTENT="överens-"/>
						</TextLine>
						<TextLine ID="line_9" HPOS="370" VPOS="672" WIDTH="1233" HEIGHT="43">
							<String ID="string_82" HPOS="370" VPOS="703" WIDTH="10" HEIGHT="8" WC="0.51" CONTENT="."/><SP WIDTH="52" VPOS="703" HPOS="380"/>
							<String ID="string_83" HPOS="432" VPOS="673" WIDTH="191" HEIGHT="32" WC="0.85" CONTENT="stämmelse"/><SP WIDTH="33" VPOS="673" HPOS="623"/>
							<String ID="string_84" HPOS="656" VPOS="673" WIDTH="78" HEIGHT="32" WC="0.95" CONTENT="med"/><SP WIDTH="33" VPOS="673" HPOS="734"/>
							<String ID="string_85" HPOS="767" VPOS="677" WIDTH="47" HEIGHT="29" WC="0.95" CONTENT="ett"/><SP WIDTH="31" VPOS="677" HPOS="814"/>
							<String ID="string_86" HPOS="845" VPOS="674" WIDTH="11" HEIGHT="31" WC="0.93" CONTENT="i"/><SP WIDTH="33" VPOS="674" HPOS="856"/>
							<String ID="string_87" HPOS="889" VPOS="673" WIDTH="364" HEIGHT="42" WC="0.90" CONTENT="statsrådsprotokollet"/><SP WIDTH="28" VPOS="673" HPOS="1253"/>
							<String ID="string_88" HPOS="1281" VPOS="678" WIDTH="79" HEIGHT="28" WC="0.93" CONTENT="över"/><SP WIDTH="24" VPOS="678" HPOS="1360"/>
							<String ID="string_89" HPOS="1384" VPOS="672" WIDTH="219" HEIGHT="33" WC="0.90" CONTENT="ecklesiastik-"/>
						</TextLine>
						<TextLine ID="line_10" HPOS="433" VPOS="725" WIDTH="1169" HEIGHT="43">
							<String ID="string_90" HPOS="433" VPOS="726" WIDTH="145" HEIGHT="33" WC="0.96" CONTENT="ärenden"/><SP WIDTH="25" VPOS="726" HPOS="578"/>
							<String ID="string_91" HPOS="603" VPOS="727" WIDTH="65" HEIGHT="32" WC="0.96" CONTENT="den"/><SP WIDTH="25" VPOS="727" HPOS="668"/>
							<String ID="string_92" HPOS="693" VPOS="729" WIDTH="19" HEIGHT="30" WC="0.94" CONTENT="2"/><SP WIDTH="23" VPOS="729" HPOS="712"/>
							<String ID="string_93" HPOS="735" VPOS="727" WIDTH="135" HEIGHT="41" WC="0.95" CONTENT="januari"/><SP WIDTH="28" VPOS="727" HPOS="870"/>
							<String ID="string_94" HPOS="898" VPOS="728" WIDTH="84" HEIGHT="31" WC="0.96" CONTENT="1925"/><SP WIDTH="23" VPOS="728" HPOS="982"/>
							<String ID="string_95" HPOS="1005" VPOS="731" WIDTH="188" HEIGHT="34" WC="0.96" CONTENT="omnämnt,"/><SP WIDTH="14" VPOS="731" HPOS="1193"/>
							<String ID="string_96" HPOS="1207" VPOS="737" WIDTH="42" HEIGHT="22" WC="0.93" CONTENT="av"/><SP WIDTH="14" VPOS="737" HPOS="1249"/>
							<String ID="string_97" HPOS="1263" VPOS="725" WIDTH="339" HEIGHT="43" WC="0.92" CONTENT="byggnadsstyrelsen"/>
						</TextLine>
						<TextLine ID="line_11" HPOS="432" VPOS="779" WIDTH="1172" HEIGHT="43">
							<String ID="string_98" HPOS="432" VPOS="780" WIDTH="160" HEIGHT="41" WC="0.96" CONTENT="uppgjort"/><SP WIDTH="25" VPOS="780" HPOS="592"/>
							<String ID="string_99" HPOS="617" VPOS="780" WIDTH="127" HEIGHT="42" WC="0.95" CONTENT="förslag"/><SP WIDTH="24" VPOS="780" HPOS="744"/>
							<String ID="string_100" HPOS="768" VPOS="792" WIDTH="42" HEIGHT="21" WC="0.95" CONTENT="av"/><SP WIDTH="24" VPOS="792" HPOS="810"/>
							<String ID="string_101" HPOS="834" VPOS="781" WIDTH="90" HEIGHT="32" WC="0.93" CONTENT="vissa"/><SP WIDTH="24" VPOS="781" HPOS="924"/>
							<String ID="string_102" HPOS="948" VPOS="780" WIDTH="300" HEIGHT="41" WC="0.92" CONTENT="ändringsarbeten"/><SP WIDTH="24" VPOS="780" HPOS="1248"/>
							<String ID="string_103" HPOS="1272" VPOS="780" WIDTH="11" HEIGHT="31" WC="0.96" CONTENT="i"/><SP WIDTH="25" VPOS="780" HPOS="1283"/>
							<String ID="string_104" HPOS="1308" VPOS="780" WIDTH="41" HEIGHT="32" WC="0.96" CONTENT="de"/><SP WIDTH="24" VPOS="780" HPOS="1349"/>
							<String ID="string_105" HPOS="1373" VPOS="779" WIDTH="126" HEIGHT="33" WC="0.96" CONTENT="lokaler"/><SP WIDTH="22" VPOS="779" HPOS="1499"/>
							<String ID="string_106" HPOS="1521" VPOS="779" WIDTH="12" HEIGHT="31" WC="0.92" CONTENT="i"/><SP WIDTH="17" VPOS="779" HPOS="1533"/>
							<String ID="string_107" HPOS="1550" VPOS="790" WIDTH="54" HEIGHT="21" WC="0.90" CONTENT="na-"/>
						</TextLine>
						<TextLine ID="line_12" HPOS="432" VPOS="833" WIDTH="1173" HEIGHT="42">
							<String ID="string_108" HPOS="432" VPOS="833" WIDTH="429" HEIGHT="42" WC="0.88" CONTENT="tionalmuseibyggnaden,"/><SP WIDTH="25" VPOS="833" HPOS="861"/>
							<String ID="string_109" HPOS="886" VPOS="834" WIDTH="92" HEIGHT="32" WC="0.96" CONTENT="vilka"/><SP WIDTH="24" VPOS="834" HPOS="978"/>
							<String ID="string_110" HPOS="1002" VPOS="834" WIDTH="161" HEIGHT="41" WC="0.96" CONTENT="upplåtits"/><SP WIDTH="24" VPOS="834" HPOS="1163"/>
							<String ID="string_111" HPOS="1187" VPOS="836" WIDTH="35" HEIGHT="29" WC="0.93" CONTENT="åt"/><SP WIDTH="23" VPOS="836" HPOS="1222"/>
							<String ID="string_112" HPOS="1245" VPOS="834" WIDTH="195" HEIGHT="38" WC="0.92" CONTENT="vitterhets-,"/><SP WIDTH="17" VPOS="834" HPOS="1440"/>
							<String ID="string_113" HPOS="1457" VPOS="833" WIDTH="148" HEIGHT="31" WC="0.92" CONTENT="historie-"/>
						</TextLine>
						<TextLine ID="line_13" HPOS="433" VPOS="886" WIDTH="1171" HEIGHT="33">
							<String ID="string_114" HPOS="433" VPOS="887" WIDTH="62" HEIGHT="31" WC="0.79" CONTENT="och"/><SP WIDTH="36" VPOS="887" HPOS="495"/>
							<String ID="string_115" HPOS="531" VPOS="887" WIDTH="395" HEIGHT="32" WC="0.79" CONTENT="antikvitetsakademien"/><SP WIDTH="37" VPOS="887" HPOS="926"/>
							<String ID="string_116" HPOS="963" VPOS="887" WIDTH="63" HEIGHT="32" WC="0.96" CONTENT="och"/><SP WIDTH="35" VPOS="887" HPOS="1026"/>
							<String ID="string_117" HPOS="1061" VPOS="889" WIDTH="34" HEIGHT="29" WC="0.96" CONTENT="åt"/><SP WIDTH="27" VPOS="889" HPOS="1095"/>
							<String ID="string_118" HPOS="1122" VPOS="887" WIDTH="41" HEIGHT="32" WC="0.96" CONTENT="de"/><SP WIDTH="23" VPOS="887" HPOS="1163"/>
							<String ID="string_119" HPOS="1186" VPOS="887" WIDTH="109" HEIGHT="31" WC="0.96" CONTENT="under"/><SP WIDTH="24" VPOS="887" HPOS="1295"/>
							<String ID="string_120" HPOS="1319" VPOS="886" WIDTH="216" HEIGHT="32" WC="0.93" CONTENT="akademiens"/><SP WIDTH="24" VPOS="886" HPOS="1535"/>
							<String ID="string_121" HPOS="1559" VPOS="886" WIDTH="45" HEIGHT="31" WC="0.91" CONTENT="in-"/>
						</TextLine>
						<TextLine ID="line_14" HPOS="433" VPOS="939" WIDTH="1172" HEIGHT="42">
							<String ID="string_122" HPOS="433" VPOS="939" WIDTH="121" HEIGHT="32" WC="0.95" CONTENT="seende"/><SP WIDTH="32" VPOS="939" HPOS="554"/>
							<String ID="string_123" HPOS="586" VPOS="939" WIDTH="120" HEIGHT="32" WC="0.93" CONTENT="ställda"/><SP WIDTH="25" VPOS="939" HPOS="706"/>
							<String ID="string_124" HPOS="731" VPOS="940" WIDTH="278" HEIGHT="41" WC="0.91" CONTENT="statssamlingar,"/><SP WIDTH="25" VPOS="940" HPOS="1009"/>
							<String ID="string_125" HPOS="1034" VPOS="940" WIDTH="118" HEIGHT="32" WC="0.96" CONTENT="anvisa"/><SP WIDTH="24" VPOS="940" HPOS="1152"/>
							<String ID="string_126" HPOS="1176" VPOS="941" WIDTH="53" HEIGHT="31" WC="0.96" CONTENT="för"/><SP WIDTH="23" VPOS="941" HPOS="1229"/>
							<String ID="string_127" HPOS="1252" VPOS="939" WIDTH="199" HEIGHT="42" WC="0.93" CONTENT="budgetåret"/><SP WIDTH="25" VPOS="939" HPOS="1451"/>
							<String ID="string_128" HPOS="1476" VPOS="939" WIDTH="129" HEIGHT="32" WC="0.89" CONTENT="1925—"/>
						</TextLine>
					</TextBlock>
					<TextBlock ID="block_3" HPOS="435" VPOS="993" WIDTH="1024" HEIGHT="42">
						<TextLine ID="line_15" HPOS="435" VPOS="993" WIDTH="1024" HEIGHT="42">
							<String ID="string_129" HPOS="435" VPOS="993" WIDTH="84" HEIGHT="32" WC="0.96" CONTENT="1926"/><SP WIDTH="24" VPOS="993" HPOS="519"/>
							<String ID="string_130" HPOS="543" VPOS="996" WIDTH="46" HEIGHT="29" WC="0.96" CONTENT="ett"/><SP WIDTH="23" VPOS="996" HPOS="589"/>
							<String ID="string_131" HPOS="612" VPOS="997" WIDTH="94" HEIGHT="28" WC="0.93" CONTENT="extra"/><SP WIDTH="23" VPOS="997" HPOS="706"/>
							<String ID="string_132" HPOS="729" VPOS="993" WIDTH="341" HEIGHT="42" WC="0.91" CONTENT="reservationsanslag"/><SP WIDTH="23" VPOS="993" HPOS="1070"/>
							<String ID="string_133" HPOS="1093" VPOS="1003" WIDTH="43" HEIGHT="22" WC="0.93" CONTENT="av"/><SP WIDTH="27" VPOS="1003" HPOS="1136"/>
							<String ID="string_134" HPOS="1163" VPOS="994" WIDTH="141" HEIGHT="38" WC="0.92" CONTENT="147,000"/><SP WIDTH="24" VPOS="994" HPOS="1304"/>
							<String ID="string_135" HPOS="1328" VPOS="993" WIDTH="131" HEIGHT="32" WC="0.96" CONTENT="kronor."/>
						</TextLine>
					</TextBlock>
				</ComposedBlock>
				<ComposedBlock ID="cblock_2" HPOS="112" VPOS="1115" WIDTH="1495" HEIGHT="474">
					<TextBlock ID="block_4" HPOS="112" VPOS="1115" WIDTH="1495" HEIGHT="418">
						<TextLine ID="line_16" HPOS="156" VPOS="1115" WIDTH="1450" HEIGHT="46">
							<String ID="string_136" HPOS="156" VPOS="1115" WIDTH="87" HEIGHT="44" WC="0.89" CONTENT="58:0)"/><SP WIDTH="24" VPOS="1115" HPOS="243"/>
							<String ID="string_137" HPOS="267" VPOS="1118" WIDTH="127" HEIGHT="42" WC="0.90" CONTENT="Kungl."/><SP WIDTH="27" VPOS="1118" HPOS="394"/>
							<String ID="string_138" HPOS="421" VPOS="1118" WIDTH="98" HEIGHT="42" WC="0.96" CONTENT="Maj:t"/><SP WIDTH="34" VPOS="1118" HPOS="519"/>
							<String ID="string_139" HPOS="553" VPOS="1119" WIDTH="61" HEIGHT="32" WC="0.96" CONTENT="har"/><SP WIDTH="35" VPOS="1119" HPOS="614"/>
							<String ID="string_140" HPOS="649" VPOS="1117" WIDTH="121" HEIGHT="44" WC="0.96" CONTENT="(punkt"/><SP WIDTH="33" VPOS="1117" HPOS="770"/>
							<String ID="string_141" HPOS="803" VPOS="1117" WIDTH="54" HEIGHT="43" WC="0.96" CONTENT="56)"/><SP WIDTH="29" VPOS="1117" HPOS="857"/>
							<String ID="string_142" HPOS="886" VPOS="1119" WIDTH="173" HEIGHT="42" WC="0.96" CONTENT="föreslagit"/><SP WIDTH="24" VPOS="1119" HPOS="1059"/>
							<String ID="string_143" HPOS="1083" VPOS="1119" WIDTH="179" HEIGHT="42" WC="0.96" CONTENT="riksdagen"/><SP WIDTH="26" VPOS="1119" HPOS="1262"/>
							<String ID="string_144" HPOS="1288" VPOS="1123" WIDTH="48" HEIGHT="29" WC="0.96" CONTENT="att"/><SP WIDTH="24" VPOS="1123" HPOS="1336"/>
							<String ID="string_145" HPOS="1360" VPOS="1119" WIDTH="78" HEIGHT="32" WC="0.96" CONTENT="med"/><SP WIDTH="24" VPOS="1119" HPOS="1438"/>
							<String ID="string_146" HPOS="1462" VPOS="1118" WIDTH="144" HEIGHT="42" WC="0.96" CONTENT="ändring"/>
						</TextLine>
						<TextLine ID="line_17" HPOS="112" VPOS="1171" WIDTH="1492" HEIGHT="44">
							<String ID="string_147" HPOS="112" VPOS="1182" WIDTH="42" HEIGHT="22" WC="0.96" CONTENT="av"/><SP WIDTH="25" VPOS="1182" HPOS="154"/>
							<String ID="string_148" HPOS="179" VPOS="1171" WIDTH="65" HEIGHT="33" WC="0.96" CONTENT="den"/><SP WIDTH="24" VPOS="1171" HPOS="244"/>
							<String ID="string_149" HPOS="268" VPOS="1172" WIDTH="11" HEIGHT="31" WC="0.96" CONTENT="i"/><SP WIDTH="24" VPOS="1172" HPOS="279"/>
							<String ID="string_150" HPOS="303" VPOS="1172" WIDTH="56" HEIGHT="32" WC="0.96" CONTENT="det"/><SP WIDTH="24" VPOS="1172" HPOS="359"/>
							<String ID="string_151" HPOS="383" VPOS="1172" WIDTH="166" HEIGHT="33" WC="0.93" CONTENT="ordinarie"/><SP WIDTH="24" VPOS="1172" HPOS="549"/>
							<String ID="string_152" HPOS="573" VPOS="1173" WIDTH="376" HEIGHT="42" WC="0.91" CONTENT="reservationsanslaget"/><SP WIDTH="23" VPOS="1173" HPOS="949"/>
							<String ID="string_153" HPOS="972" VPOS="1173" WIDTH="50" HEIGHT="32" WC="0.92" CONTENT="till"/><SP WIDTH="24" VPOS="1173" HPOS="1022"/>
							<String ID="string_154" HPOS="1046" VPOS="1172" WIDTH="428" HEIGHT="43" WC="0.89" CONTENT="undervisningsmateriell"/><SP WIDTH="24" VPOS="1172" HPOS="1474"/>
							<String ID="string_155" HPOS="1498" VPOS="1183" WIDTH="44" HEIGHT="21" WC="0.89" CONTENT="m."/><SP WIDTH="19" VPOS="1183" HPOS="1542"/>
							<String ID="string_156" HPOS="1561" VPOS="1183" WIDTH="43" HEIGHT="21" WC="0.91" CONTENT="m."/>
						</TextLine>
						<TextLine ID="line_18" HPOS="112" VPOS="1225" WIDTH="1495" HEIGHT="43">
							<String ID="string_157" HPOS="112" VPOS="1225" WIDTH="58" HEIGHT="33" WC="0.96" CONTENT="vid"/><SP WIDTH="24" VPOS="1225" HPOS="170"/>
							<String ID="string_158" HPOS="194" VPOS="1225" WIDTH="200" HEIGHT="33" WC="0.95" CONTENT="akademien"/><SP WIDTH="24" VPOS="1225" HPOS="394"/>
							<String ID="string_159" HPOS="418" VPOS="1226" WIDTH="53" HEIGHT="32" WC="0.95" CONTENT="för"/><SP WIDTH="24" VPOS="1226" HPOS="471"/>
							<String ID="string_160" HPOS="495" VPOS="1226" WIDTH="40" HEIGHT="32" WC="0.96" CONTENT="de"/><SP WIDTH="24" VPOS="1226" HPOS="535"/>
							<String ID="string_161" HPOS="559" VPOS="1227" WIDTH="65" HEIGHT="31" WC="0.96" CONTENT="fria"/><SP WIDTH="23" VPOS="1227" HPOS="624"/>
							<String ID="string_162" HPOS="647" VPOS="1226" WIDTH="183" HEIGHT="33" WC="0.96" CONTENT="konsterna"/><SP WIDTH="23" VPOS="1226" HPOS="830"/>
							<String ID="string_163" HPOS="853" VPOS="1226" WIDTH="167" HEIGHT="42" WC="0.93" CONTENT="ingående"/><SP WIDTH="24" VPOS="1226" HPOS="1020"/>
							<String ID="string_164" HPOS="1044" VPOS="1226" WIDTH="256" HEIGHT="42" WC="0.92" CONTENT="anslagsposten"/><SP WIDTH="25" VPOS="1226" HPOS="1300"/>
							<String ID="string_165" HPOS="1325" VPOS="1228" WIDTH="20" HEIGHT="30" WC="0.91" CONTENT="å"/><SP WIDTH="24" VPOS="1228" HPOS="1345"/>
							<String ID="string_166" HPOS="1369" VPOS="1227" WIDTH="97" HEIGHT="39" WC="0.91" CONTENT="9,000"/><SP WIDTH="16" VPOS="1227" HPOS="1466"/>
							<String ID="string_167" HPOS="1482" VPOS="1226" WIDTH="125" HEIGHT="32" WC="0.95" CONTENT="kronor"/>
						</TextLine>
						<TextLine ID="line_19" HPOS="113" VPOS="1279" WIDTH="1493" HEIGHT="42">
							<String ID="string_168" HPOS="113" VPOS="1279" WIDTH="49" HEIGHT="32" WC="0.96" CONTENT="till"/><SP WIDTH="34" VPOS="1279" HPOS="162"/>
							<String ID="string_169" HPOS="196" VPOS="1282" WIDTH="49" HEIGHT="29" WC="0.93" CONTENT="tre"/><SP WIDTH="35" VPOS="1282" HPOS="245"/>
							<String ID="string_170" HPOS="280" VPOS="1279" WIDTH="256" HEIGHT="42" WC="0.90" CONTENT="resestipendier"/><SP WIDTH="33" VPOS="1279" HPOS="536"/>
							<String ID="string_171" HPOS="569" VPOS="1281" WIDTH="54" HEIGHT="31" WC="0.96" CONTENT="för"/><SP WIDTH="25" VPOS="1281" HPOS="623"/>
							<String ID="string_172" HPOS="648" VPOS="1280" WIDTH="127" HEIGHT="32" WC="0.95" CONTENT="studier"/><SP WIDTH="23" VPOS="1280" HPOS="775"/>
							<String ID="string_173" HPOS="798" VPOS="1280" WIDTH="10" HEIGHT="32" WC="0.96" CONTENT="i"/><SP WIDTH="25" VPOS="1280" HPOS="808"/>
							<String ID="string_174" HPOS="833" VPOS="1280" WIDTH="162" HEIGHT="39" WC="0.93" CONTENT="utlandet,"/><SP WIDTH="26" VPOS="1280" HPOS="995"/>
							<String ID="string_175" HPOS="1021" VPOS="1280" WIDTH="155" HEIGHT="33" WC="0.91" CONTENT="vartdera"/><SP WIDTH="23" VPOS="1280" HPOS="1176"/>
							<String ID="string_176" HPOS="1199" VPOS="1282" WIDTH="20" HEIGHT="30" WC="0.91" CONTENT="å"/><SP WIDTH="24" VPOS="1282" HPOS="1219"/>
							<String ID="string_177" HPOS="1243" VPOS="1281" WIDTH="99" HEIGHT="38" WC="0.92" CONTENT="3,000"/><SP WIDTH="24" VPOS="1281" HPOS="1342"/>
							<String ID="string_178" HPOS="1366" VPOS="1280" WIDTH="133" HEIGHT="39" WC="0.93" CONTENT="kronor,"/><SP WIDTH="25" VPOS="1280" HPOS="1499"/>
							<String ID="string_179" HPOS="1524" VPOS="1290" WIDTH="82" HEIGHT="31" WC="0.92" CONTENT="upp-"/>
						</TextLine>
						<TextLine ID="line_20" HPOS="112" VPOS="1333" WIDTH="1495" HEIGHT="42">
							<String ID="string_180" HPOS="112" VPOS="1333" WIDTH="74" HEIGHT="32" WC="0.96" CONTENT="föra"/><SP WIDTH="34" VPOS="1333" HPOS="186"/>
							<String ID="string_181" HPOS="220" VPOS="1341" WIDTH="133" HEIGHT="24" WC="0.88" CONTENT="samma"/><SP WIDTH="34" VPOS="1341" HPOS="353"/>
							<String ID="string_182" HPOS="387" VPOS="1333" WIDTH="212" HEIGHT="42" WC="0.88" CONTENT="anslagspost"/><SP WIDTH="35" VPOS="1333" HPOS="599"/>
							<String ID="string_183" HPOS="634" VPOS="1333" WIDTH="77" HEIGHT="33" WC="0.93" CONTENT="med"/><SP WIDTH="26" VPOS="1333" HPOS="711"/>
							<String ID="string_184" HPOS="737" VPOS="1335" WIDTH="120" HEIGHT="38" WC="0.91" CONTENT="12,000"/><SP WIDTH="24" VPOS="1335" HPOS="857"/>
							<String ID="string_185" HPOS="881" VPOS="1334" WIDTH="124" HEIGHT="32" WC="0.96" CONTENT="kronor"/><SP WIDTH="24" VPOS="1334" HPOS="1005"/>
							<String ID="string_186" HPOS="1029" VPOS="1337" WIDTH="49" HEIGHT="29" WC="0.96" CONTENT="att"/><SP WIDTH="22" VPOS="1337" HPOS="1078"/>
							<String ID="string_187" HPOS="1100" VPOS="1336" WIDTH="81" HEIGHT="39" WC="0.95" CONTENT="utgå"/><SP WIDTH="24" VPOS="1336" HPOS="1181"/>
							<String ID="string_188" HPOS="1205" VPOS="1334" WIDTH="50" HEIGHT="31" WC="0.96" CONTENT="till"/><SP WIDTH="24" VPOS="1334" HPOS="1255"/>
							<String ID="string_189" HPOS="1279" VPOS="1337" WIDTH="49" HEIGHT="29" WC="0.93" CONTENT="tre"/><SP WIDTH="25" VPOS="1337" HPOS="1328"/>
							<String ID="string_190" HPOS="1353" VPOS="1333" WIDTH="254" HEIGHT="42" WC="0.91" CONTENT="resestipendier"/>
						</TextLine>
						<TextLine ID="line_21" HPOS="112" VPOS="1386" WIDTH="1495" HEIGHT="42">
							<String ID="string_191" HPOS="112" VPOS="1386" WIDTH="54" HEIGHT="32" WC="0.96" CONTENT="för"/><SP WIDTH="30" VPOS="1386" HPOS="166"/>
							<String ID="string_192" HPOS="196" VPOS="1386" WIDTH="127" HEIGHT="32" WC="0.96" CONTENT="studier"/><SP WIDTH="23" VPOS="1386" HPOS="323"/>
							<String ID="string_193" HPOS="346" VPOS="1387" WIDTH="11" HEIGHT="31" WC="0.96" CONTENT="i"/><SP WIDTH="24" VPOS="1387" HPOS="357"/>
							<String ID="string_194" HPOS="381" VPOS="1387" WIDTH="162" HEIGHT="39" WC="0.93" CONTENT="utlandet,"/><SP WIDTH="25" VPOS="1387" HPOS="543"/>
							<String ID="string_195" HPOS="568" VPOS="1387" WIDTH="155" HEIGHT="32" WC="0.91" CONTENT="vartdera"/><SP WIDTH="24" VPOS="1387" HPOS="723"/>
							<String ID="string_196" HPOS="747" VPOS="1389" WIDTH="19" HEIGHT="30" WC="0.92" CONTENT="å"/><SP WIDTH="23" VPOS="1389" HPOS="766"/>
							<String ID="string_197" HPOS="789" VPOS="1388" WIDTH="100" HEIGHT="38" WC="0.92" CONTENT="4,000"/><SP WIDTH="23" VPOS="1388" HPOS="889"/>
							<String ID="string_198" HPOS="912" VPOS="1388" WIDTH="135" HEIGHT="38" WC="0.96" CONTENT="kronor,"/><SP WIDTH="25" VPOS="1388" HPOS="1047"/>
							<String ID="string_199" HPOS="1072" VPOS="1392" WIDTH="162" HEIGHT="28" WC="0.96" CONTENT="ävensom"/><SP WIDTH="24" VPOS="1392" HPOS="1234"/>
							<String ID="string_200" HPOS="1258" VPOS="1387" WIDTH="11" HEIGHT="32" WC="0.96" CONTENT="i"/><SP WIDTH="25" VPOS="1387" HPOS="1269"/>
							<String ID="string_201" HPOS="1294" VPOS="1387" WIDTH="184" HEIGHT="41" WC="0.96" CONTENT="anledning"/><SP WIDTH="23" VPOS="1387" HPOS="1478"/>
							<String ID="string_202" HPOS="1501" VPOS="1387" WIDTH="106" HEIGHT="32" WC="0.96" CONTENT="härav"/>
						</TextLine>
						<TextLine ID="line_22" HPOS="112" VPOS="1439" WIDTH="1494" HEIGHT="44">
							<String ID="string_203" HPOS="112" VPOS="1440" WIDTH="81" HEIGHT="41" WC="0.96" CONTENT="höja"/><SP WIDTH="22" VPOS="1440" HPOS="193"/>
							<String ID="string_204" HPOS="215" VPOS="1439" WIDTH="143" HEIGHT="33" WC="0.96" CONTENT="berörda"/><SP WIDTH="24" VPOS="1439" HPOS="358"/>
							<String ID="string_205" HPOS="382" VPOS="1440" WIDTH="166" HEIGHT="33" WC="0.93" CONTENT="ordinarie"/><SP WIDTH="23" VPOS="1440" HPOS="548"/>
							<String ID="string_206" HPOS="571" VPOS="1440" WIDTH="343" HEIGHT="43" WC="0.91" CONTENT="reservationsanslag"/><SP WIDTH="21" VPOS="1440" HPOS="914"/>
							<String ID="string_207" HPOS="935" VPOS="1441" WIDTH="79" HEIGHT="32" WC="0.95" CONTENT="från"/><SP WIDTH="20" VPOS="1441" HPOS="1014"/>
							<String ID="string_208" HPOS="1034" VPOS="1441" WIDTH="75" HEIGHT="32" WC="0.96" CONTENT="dess"/><SP WIDTH="17" VPOS="1441" HPOS="1109"/>
							<String ID="string_209" HPOS="1126" VPOS="1441" WIDTH="197" HEIGHT="32" WC="0.96" CONTENT="nuvarande"/><SP WIDTH="16" VPOS="1441" HPOS="1323"/>
							<String ID="string_210" HPOS="1339" VPOS="1440" WIDTH="132" HEIGHT="42" WC="0.93" CONTENT="belopp,"/><SP WIDTH="15" VPOS="1440" HPOS="1471"/>
							<String ID="string_211" HPOS="1486" VPOS="1441" WIDTH="120" HEIGHT="39" WC="0.92" CONTENT="34,200"/>
						</TextLine>
						<TextLine ID="line_23" HPOS="113" VPOS="1493" WIDTH="883" HEIGHT="40">
							<String ID="string_212" HPOS="113" VPOS="1493" WIDTH="133" HEIGHT="40" WC="0.96" CONTENT="kronor,"/><SP WIDTH="25" VPOS="1493" HPOS="246"/>
							<String ID="string_213" HPOS="271" VPOS="1493" WIDTH="78" HEIGHT="33" WC="0.93" CONTENT="med"/><SP WIDTH="25" VPOS="1493" HPOS="349"/>
							<String ID="string_214" HPOS="374" VPOS="1494" WIDTH="99" HEIGHT="39" WC="0.91" CONTENT="3,000"/><SP WIDTH="23" VPOS="1494" HPOS="473"/>
							<String ID="string_215" HPOS="496" VPOS="1494" WIDTH="124" HEIGHT="32" WC="0.96" CONTENT="kronor"/><SP WIDTH="23" VPOS="1494" HPOS="620"/>
							<String ID="string_216" HPOS="643" VPOS="1493" WIDTH="49" HEIGHT="33" WC="0.93" CONTENT="till"/><SP WIDTH="25" VPOS="1493" HPOS="692"/>
							<String ID="string_217" HPOS="717" VPOS="1495" WIDTH="121" HEIGHT="38" WC="0.91" CONTENT="37,200"/><SP WIDTH="24" VPOS="1495" HPOS="838"/>
							<String ID="string_218" HPOS="862" VPOS="1494" WIDTH="134" HEIGHT="33" WC="0.96" CONTENT="kronor."/>
						</TextLine>
					</TextBlock>
					<TextBlock ID="block_5" HPOS="157" VPOS="1547" WIDTH="1200" HEIGHT="42">
						<TextLine ID="line_24" HPOS="157" VPOS="1547" WIDTH="1200" HEIGHT="42">
							<String ID="string_219" HPOS="157" VPOS="1547" WIDTH="235" HEIGHT="42" WC="0.96" CONTENT="Utredningen"/><SP WIDTH="25" VPOS="1547" HPOS="392"/>
							<String ID="string_220" HPOS="417" VPOS="1548" WIDTH="178" HEIGHT="32" WC="0.93" CONTENT="återfinnes"/><SP WIDTH="24" VPOS="1548" HPOS="595"/>
							<String ID="string_221" HPOS="619" VPOS="1550" WIDTH="20" HEIGHT="30" WC="0.92" CONTENT="å"/><SP WIDTH="23" VPOS="1550" HPOS="639"/>
							<String ID="string_222" HPOS="662" VPOS="1548" WIDTH="60" HEIGHT="33" WC="0.92" CONTENT="sid."/><SP WIDTH="29" VPOS="1548" HPOS="722"/>
							<String ID="string_223" HPOS="751" VPOS="1549" WIDTH="172" HEIGHT="32" WC="0.90" CONTENT="147—151"/><SP WIDTH="26" VPOS="1549" HPOS="923"/>
							<String ID="string_224" HPOS="949" VPOS="1548" WIDTH="11" HEIGHT="31" WC="0.93" CONTENT="i"/><SP WIDTH="25" VPOS="1548" HPOS="960"/>
							<String ID="string_225" HPOS="985" VPOS="1547" WIDTH="372" HEIGHT="42" WC="0.92" CONTENT="statsrådsprotokollet."/>
						</TextLine>
					</TextBlock>
				</ComposedBlock>
				<ComposedBlock ID="cblock_3" HPOS="113" VPOS="1645" WIDTH="1493" HEIGHT="472">
					<TextBlock ID="block_6" HPOS="113" VPOS="1645" WIDTH="1493" HEIGHT="86">
						<TextLine ID="line_25" HPOS="158" VPOS="1645" WIDTH="1448" HEIGHT="43">
							<String ID="string_226" HPOS="158" VPOS="1645" WIDTH="78" HEIGHT="33" WC="0.96" CONTENT="Med"/><SP WIDTH="29" VPOS="1645" HPOS="236"/>
							<String ID="string_227" HPOS="265" VPOS="1645" WIDTH="74" HEIGHT="32" WC="0.96" CONTENT="sina"/><SP WIDTH="22" VPOS="1645" HPOS="339"/>
							<String ID="string_228" HPOS="361" VPOS="1645" WIDTH="198" HEIGHT="33" WC="0.96" CONTENT="nuvarande"/><SP WIDTH="24" VPOS="1645" HPOS="559"/>
							<String ID="string_229" HPOS="583" VPOS="1646" WIDTH="121" HEIGHT="42" WC="0.96" CONTENT="belopp"/><SP WIDTH="25" VPOS="1646" HPOS="704"/>
							<String ID="string_230" HPOS="729" VPOS="1646" WIDTH="90" HEIGHT="33" WC="0.96" CONTENT="hava"/><SP WIDTH="22" VPOS="1646" HPOS="819"/>
							<String ID="string_231" HPOS="841" VPOS="1646" WIDTH="259" HEIGHT="42" WC="0.93" CONTENT="ifrågavarande"/><SP WIDTH="24" VPOS="1646" HPOS="1100"/>
							<String ID="string_232" HPOS="1124" VPOS="1646" WIDTH="257" HEIGHT="42" WC="0.91" CONTENT="resestipendier"/><SP WIDTH="23" VPOS="1646" HPOS="1381"/>
							<String ID="string_233" HPOS="1404" VPOS="1647" WIDTH="110" HEIGHT="41" WC="0.93" CONTENT="utgått"/><SP WIDTH="23" VPOS="1647" HPOS="1514"/>
							<String ID="string_234" HPOS="1537" VPOS="1646" WIDTH="69" HEIGHT="32" WC="0.91" CONTENT="allt-"/>
						</TextLine>
						<TextLine ID="line_26" HPOS="113" VPOS="1699" WIDTH="285" HEIGHT="32">
							<String ID="string_235" HPOS="113" VPOS="1699" WIDTH="103" HEIGHT="32" WC="0.95" CONTENT="sedan"/><SP WIDTH="24" VPOS="1699" HPOS="216"/>
							<String ID="string_236" HPOS="240" VPOS="1701" WIDTH="37" HEIGHT="30" WC="0.95" CONTENT="år"/><SP WIDTH="26" VPOS="1701" HPOS="277"/>
							<String ID="string_237" HPOS="303" VPOS="1700" WIDTH="95" HEIGHT="31" WC="0.96" CONTENT="1878."/>
						</TextLine>
					</TextBlock>
					<TextBlock ID="block_7" HPOS="113" VPOS="1752" WIDTH="1493" HEIGHT="97">
						<TextLine ID="line_27" HPOS="157" VPOS="1752" WIDTH="1449" HEIGHT="43">
							<String ID="string_238" HPOS="157" VPOS="1752" WIDTH="171" HEIGHT="34" WC="0.96" CONTENT="Utskottet"/><SP WIDTH="34" VPOS="1752" HPOS="328"/>
							<String ID="string_239" HPOS="362" VPOS="1753" WIDTH="109" HEIGHT="33" WC="0.96" CONTENT="finner"/><SP WIDTH="27" VPOS="1753" HPOS="471"/>
							<String ID="string_240" HPOS="498" VPOS="1753" WIDTH="88" HEIGHT="42" WC="0.95" CONTENT="goda"/><SP WIDTH="23" VPOS="1753" HPOS="586"/>
							<String ID="string_241" HPOS="609" VPOS="1753" WIDTH="73" HEIGHT="33" WC="0.96" CONTENT="skäl"/><SP WIDTH="23" VPOS="1753" HPOS="682"/>
							<String ID="string_242" HPOS="705" VPOS="1764" WIDTH="82" HEIGHT="22" WC="0.96" CONTENT="vara"/><SP WIDTH="23" VPOS="1764" HPOS="787"/>
							<String ID="string_243" HPOS="810" VPOS="1754" WIDTH="144" HEIGHT="32" WC="0.96" CONTENT="anförda"/><SP WIDTH="23" VPOS="1754" HPOS="954"/>
							<String ID="string_244" HPOS="977" VPOS="1754" WIDTH="54" HEIGHT="32" WC="0.96" CONTENT="för"/><SP WIDTH="24" VPOS="1754" HPOS="1031"/>
							<String ID="string_245" HPOS="1055" VPOS="1754" WIDTH="66" HEIGHT="32" WC="0.96" CONTENT="den"/><SP WIDTH="24" VPOS="1754" HPOS="1121"/>
							<String ID="string_246" HPOS="1145" VPOS="1765" WIDTH="42" HEIGHT="21" WC="0.96" CONTENT="av"/><SP WIDTH="24" VPOS="1765" HPOS="1187"/>
							<String ID="string_247" HPOS="1211" VPOS="1753" WIDTH="127" HEIGHT="42" WC="0.95" CONTENT="Kungl."/><SP WIDTH="28" VPOS="1753" HPOS="1338"/>
							<String ID="string_248" HPOS="1366" VPOS="1753" WIDTH="97" HEIGHT="41" WC="0.93" CONTENT="Maj:t"/><SP WIDTH="23" VPOS="1753" HPOS="1463"/>
							<String ID="string_249" HPOS="1486" VPOS="1753" WIDTH="120" HEIGHT="42" WC="0.92" CONTENT="ifråga-"/>
						</TextLine>
						<TextLine ID="line_28" HPOS="113" VPOS="1806" WIDTH="1158" HEIGHT="43">
							<String ID="string_250" HPOS="113" VPOS="1809" WIDTH="86" HEIGHT="30" WC="0.95" CONTENT="satta"/><SP WIDTH="23" VPOS="1809" HPOS="199"/>
							<String ID="string_251" HPOS="222" VPOS="1807" WIDTH="188" HEIGHT="42" WC="0.96" CONTENT="höjningen"/><SP WIDTH="25" VPOS="1807" HPOS="410"/>
							<String ID="string_252" HPOS="435" VPOS="1818" WIDTH="42" HEIGHT="22" WC="0.92" CONTENT="av"/><SP WIDTH="24" VPOS="1818" HPOS="477"/>
							<String ID="string_253" HPOS="501" VPOS="1806" WIDTH="333" HEIGHT="43" WC="0.91" CONTENT="stipendiebeloppen"/><SP WIDTH="25" VPOS="1806" HPOS="834"/>
							<String ID="string_254" HPOS="859" VPOS="1807" WIDTH="60" HEIGHT="33" WC="0.96" CONTENT="och"/><SP WIDTH="26" VPOS="1807" HPOS="919"/>
							<String ID="string_255" HPOS="945" VPOS="1807" WIDTH="194" HEIGHT="32" WC="0.94" CONTENT="hemställer"/><SP WIDTH="24" VPOS="1807" HPOS="1139"/>
							<String ID="string_256" HPOS="1163" VPOS="1807" WIDTH="108" HEIGHT="39" WC="0.94" CONTENT="alltså,"/>
						</TextLine>
					</TextBlock>
					<TextBlock ID="block_8" HPOS="477" VPOS="1860" WIDTH="1129" HEIGHT="43">
						<TextLine ID="line_29" HPOS="477" VPOS="1860" WIDTH="1129" HEIGHT="43">
							<String ID="string_257" HPOS="477" VPOS="1864" WIDTH="48" HEIGHT="29" WC="0.96" CONTENT="att"/><SP WIDTH="35" VPOS="1864" HPOS="525"/>
							<String ID="string_258" HPOS="560" VPOS="1861" WIDTH="179" HEIGHT="42" WC="0.95" CONTENT="riksdagen"/><SP WIDTH="35" VPOS="1861" HPOS="739"/>
							<String ID="string_259" HPOS="774" VPOS="1862" WIDTH="66" HEIGHT="38" WC="0.95" CONTENT="må,"/><SP WIDTH="37" VPOS="1862" HPOS="840"/>
							<String ID="string_260" HPOS="877" VPOS="1861" WIDTH="78" HEIGHT="32" WC="0.96" CONTENT="med"/><SP WIDTH="35" VPOS="1861" HPOS="955"/>
							<String ID="string_261" HPOS="990" VPOS="1861" WIDTH="146" HEIGHT="42" WC="0.96" CONTENT="ändring"/><SP WIDTH="32" VPOS="1861" HPOS="1136"/>
							<String ID="string_262" HPOS="1168" VPOS="1872" WIDTH="42" HEIGHT="22" WC="0.96" CONTENT="av"/><SP WIDTH="25" VPOS="1872" HPOS="1210"/>
							<String ID="string_263" HPOS="1235" VPOS="1861" WIDTH="66" HEIGHT="32" WC="0.96" CONTENT="den"/><SP WIDTH="24" VPOS="1861" HPOS="1301"/>
							<String ID="string_264" HPOS="1325" VPOS="1861" WIDTH="11" HEIGHT="31" WC="0.96" CONTENT="i"/><SP WIDTH="25" VPOS="1861" HPOS="1336"/>
							<String ID="string_265" HPOS="1361" VPOS="1860" WIDTH="54" HEIGHT="33" WC="0.96" CONTENT="det"/><SP WIDTH="24" VPOS="1860" HPOS="1415"/>
							<String ID="string_266" HPOS="1439" VPOS="1860" WIDTH="167" HEIGHT="33" WC="0.95" CONTENT="ordinarie"/>
						</TextLine>
					</TextBlock>
					<TextBlock ID="block_9" HPOS="433" VPOS="1914" WIDTH="1173" HEIGHT="43">
						<TextLine ID="line_30" HPOS="433" VPOS="1914" WIDTH="1173" HEIGHT="43">
							<String ID="string_267" HPOS="433" VPOS="1914" WIDTH="374" HEIGHT="43" WC="0.91" CONTENT="reservationsanslaget"/><SP WIDTH="35" VPOS="1914" HPOS="807"/>
							<String ID="string_268" HPOS="842" VPOS="1914" WIDTH="49" HEIGHT="33" WC="0.93" CONTENT="till"/><SP WIDTH="36" VPOS="1914" HPOS="891"/>
							<String ID="string_269" HPOS="927" VPOS="1914" WIDTH="427" HEIGHT="43" WC="0.90" CONTENT="undervisningsmateriell"/><SP WIDTH="36" VPOS="1914" HPOS="1354"/>
							<String ID="string_270" HPOS="1390" VPOS="1926" WIDTH="42" HEIGHT="20" WC="0.88" CONTENT="m."/><SP WIDTH="36" VPOS="1926" HPOS="1432"/>
							<String ID="string_271" HPOS="1468" VPOS="1925" WIDTH="43" HEIGHT="21" WC="0.88" CONTENT="m."/><SP WIDTH="37" VPOS="1925" HPOS="1511"/>
							<String ID="string_272" HPOS="1548" VPOS="1914" WIDTH="58" HEIGHT="33" WC="0.96" CONTENT="vid"/>
						</TextLine>
					</TextBlock>
					<TextBlock ID="block_10" HPOS="433" VPOS="1968" WIDTH="1173" HEIGHT="42">
						<TextLine ID="line_31" HPOS="433" VPOS="1968" WIDTH="1173" HEIGHT="42">
							<String ID="string_273" HPOS="433" VPOS="1968" WIDTH="200" HEIGHT="33" WC="0.95" CONTENT="akademien"/><SP WIDTH="34" VPOS="1968" HPOS="633"/>
							<String ID="string_274" HPOS="667" VPOS="1969" WIDTH="54" HEIGHT="32" WC="0.96" CONTENT="för"/><SP WIDTH="34" VPOS="1969" HPOS="721"/>
							<String ID="string_275" HPOS="755" VPOS="1968" WIDTH="42" HEIGHT="33" WC="0.96" CONTENT="de"/><SP WIDTH="27" VPOS="1968" HPOS="797"/>
							<String ID="string_276" HPOS="824" VPOS="1968" WIDTH="65" HEIGHT="33" WC="0.96" CONTENT="fria"/><SP WIDTH="23" VPOS="1968" HPOS="889"/>
							<String ID="string_277" HPOS="912" VPOS="1969" WIDTH="182" HEIGHT="32" WC="0.96" CONTENT="konsterna"/><SP WIDTH="24" VPOS="1969" HPOS="1094"/>
							<String ID="string_278" HPOS="1118" VPOS="1968" WIDTH="167" HEIGHT="42" WC="0.93" CONTENT="ingående"/><SP WIDTH="24" VPOS="1968" HPOS="1285"/>
							<String ID="string_279" HPOS="1309" VPOS="1968" WIDTH="253" HEIGHT="42" WC="0.91" CONTENT="anslagsposten"/><SP WIDTH="25" VPOS="1968" HPOS="1562"/>
							<String ID="string_280" HPOS="1587" VPOS="1969" WIDTH="19" HEIGHT="31" WC="0.91" CONTENT="å"/>
						</TextLine>
					</TextBlock>
					<TextBlock ID="block_11" HPOS="434" VPOS="2021" WIDTH="1171" HEIGHT="42">
						<TextLine ID="line_32" HPOS="434" VPOS="2021" WIDTH="1171" HEIGHT="42">
							<String ID="string_281" HPOS="434" VPOS="2022" WIDTH="97" HEIGHT="39" WC="0.92" CONTENT="9,000"/><SP WIDTH="35" VPOS="2022" HPOS="531"/>
							<String ID="string_282" HPOS="566" VPOS="2022" WIDTH="124" HEIGHT="32" WC="0.96" CONTENT="kronor"/><SP WIDTH="34" VPOS="2022" HPOS="690"/>
							<String ID="string_283" HPOS="724" VPOS="2021" WIDTH="50" HEIGHT="33" WC="0.94" CONTENT="till"/><SP WIDTH="35" VPOS="2021" HPOS="774"/>
							<String ID="string_284" HPOS="809" VPOS="2024" WIDTH="49" HEIGHT="30" WC="0.93" CONTENT="tre"/><SP WIDTH="33" VPOS="2024" HPOS="858"/>
							<String ID="string_285" HPOS="891" VPOS="2022" WIDTH="256" HEIGHT="41" WC="0.91" CONTENT="resestipendier"/><SP WIDTH="31" VPOS="2022" HPOS="1147"/>
							<String ID="string_286" HPOS="1178" VPOS="2023" WIDTH="54" HEIGHT="31" WC="0.96" CONTENT="för"/><SP WIDTH="27" VPOS="2023" HPOS="1232"/>
							<String ID="string_287" HPOS="1259" VPOS="2022" WIDTH="128" HEIGHT="32" WC="0.96" CONTENT="studier"/><SP WIDTH="22" VPOS="2022" HPOS="1387"/>
							<String ID="string_288" HPOS="1409" VPOS="2022" WIDTH="11" HEIGHT="31" WC="0.96" CONTENT="i"/><SP WIDTH="24" VPOS="2022" HPOS="1420"/>
							<String ID="string_289" HPOS="1444" VPOS="2021" WIDTH="161" HEIGHT="39" WC="0.96" CONTENT="utlandet,"/>
						</TextLine>
					</TextBlock>
					<TextBlock ID="block_12" HPOS="433" VPOS="2074" WIDTH="1172" HEIGHT="43">
						<TextLine ID="line_33" HPOS="433" VPOS="2074" WIDTH="1172" HEIGHT="43">
							<String ID="string_290" HPOS="433" VPOS="2074" WIDTH="155" HEIGHT="34" WC="0.91" CONTENT="vartdera"/><SP WIDTH="34" VPOS="2074" HPOS="588"/>
							<String ID="string_291" HPOS="622" VPOS="2077" WIDTH="20" HEIGHT="30" WC="0.93" CONTENT="å"/><SP WIDTH="34" VPOS="2077" HPOS="642"/>
							<String ID="string_292" HPOS="676" VPOS="2076" WIDTH="99" HEIGHT="39" WC="0.86" CONTENT="3,000"/><SP WIDTH="32" VPOS="2076" HPOS="775"/>
							<String ID="string_293" HPOS="807" VPOS="2075" WIDTH="134" HEIGHT="40" WC="0.96" CONTENT="kronor,"/><SP WIDTH="26" VPOS="2075" HPOS="941"/>
							<String ID="string_294" HPOS="967" VPOS="2076" WIDTH="147" HEIGHT="41" WC="0.96" CONTENT="uppföra"/><SP WIDTH="23" VPOS="2076" HPOS="1114"/>
							<String ID="string_295" HPOS="1137" VPOS="2086" WIDTH="132" HEIGHT="22" WC="0.90" CONTENT="samma"/><SP WIDTH="24" VPOS="2086" HPOS="1269"/>
							<String ID="string_296" HPOS="1293" VPOS="2075" WIDTH="212" HEIGHT="42" WC="0.90" CONTENT="anslagspost"/><SP WIDTH="23" VPOS="2075" HPOS="1505"/>
							<String ID="string_297" HPOS="1528" VPOS="2075" WIDTH="77" HEIGHT="32" WC="0.96" CONTENT="med"/>
						</TextLine>
					</TextBlock>
				</ComposedBlock>
				<ComposedBlock ID="cblock_4" HPOS="433" VPOS="2128" WIDTH="1175" HEIGHT="87">
					<TextBlock ID="block_13" HPOS="433" VPOS="2128" WIDTH="1175" HEIGHT="87">
						<TextLine ID="line_34" HPOS="436" VPOS="2128" WIDTH="1170" HEIGHT="43">
							<String ID="string_298" HPOS="436" VPOS="2128" WIDTH="118" HEIGHT="38" WC="0.92" CONTENT="12,000"/><SP WIDTH="35" VPOS="2128" HPOS="554"/>
							<String ID="string_299" HPOS="589" VPOS="2129" WIDTH="123" HEIGHT="32" WC="0.96" CONTENT="kronor"/><SP WIDTH="34" VPOS="2129" HPOS="712"/>
							<String ID="string_300" HPOS="746" VPOS="2131" WIDTH="49" HEIGHT="30" WC="0.96" CONTENT="att"/><SP WIDTH="34" VPOS="2131" HPOS="795"/>
							<String ID="string_301" HPOS="829" VPOS="2130" WIDTH="82" HEIGHT="40" WC="0.96" CONTENT="utgå"/><SP WIDTH="34" VPOS="2130" HPOS="911"/>
							<String ID="string_302" HPOS="945" VPOS="2128" WIDTH="50" HEIGHT="33" WC="0.95" CONTENT="till"/><SP WIDTH="23" VPOS="2128" HPOS="995"/>
							<String ID="string_303" HPOS="1018" VPOS="2132" WIDTH="49" HEIGHT="29" WC="0.93" CONTENT="tre"/><SP WIDTH="24" VPOS="2132" HPOS="1067"/>
							<String ID="string_304" HPOS="1091" VPOS="2129" WIDTH="256" HEIGHT="42" WC="0.91" CONTENT="resestipendier"/><SP WIDTH="23" VPOS="2129" HPOS="1347"/>
							<String ID="string_305" HPOS="1370" VPOS="2129" WIDTH="53" HEIGHT="32" WC="0.96" CONTENT="för"/><SP WIDTH="23" VPOS="2129" HPOS="1423"/>
							<String ID="string_306" HPOS="1446" VPOS="2128" WIDTH="127" HEIGHT="33" WC="0.96" CONTENT="studier"/><SP WIDTH="23" VPOS="2128" HPOS="1573"/>
							<String ID="string_307" HPOS="1596" VPOS="2129" WIDTH="10" HEIGHT="31" WC="0.96" CONTENT="i"/>
						</TextLine>
						<TextLine ID="line_35" HPOS="433" VPOS="2173" WIDTH="1175" HEIGHT="42">
							<String ID="string_308" HPOS="433" VPOS="2173" WIDTH="162" HEIGHT="40" WC="0.93" CONTENT="utlandet,"/><SP WIDTH="39" VPOS="2173" HPOS="595"/>
							<String ID="string_309" HPOS="634" VPOS="2173" WIDTH="155" HEIGHT="33" WC="0.90" CONTENT="vartdera"/><SP WIDTH="36" VPOS="2173" HPOS="789"/>
							<String ID="string_310" HPOS="825" VPOS="2175" WIDTH="19" HEIGHT="30" WC="0.88" CONTENT="å"/><SP WIDTH="34" VPOS="2175" HPOS="844"/>
							<String ID="string_311" HPOS="878" VPOS="2175" WIDTH="100" HEIGHT="38" WC="0.87" CONTENT="4,000"/><SP WIDTH="34" VPOS="2175" HPOS="978"/>
							<String ID="string_312" HPOS="1012" VPOS="2173" WIDTH="134" HEIGHT="40" WC="0.96" CONTENT="kronor,"/><SP WIDTH="37" VPOS="2173" HPOS="1146"/>
							<String ID="string_313" HPOS="1183" VPOS="2179" WIDTH="161" HEIGHT="27" WC="0.94" CONTENT="ävensom"/><SP WIDTH="36" VPOS="2179" HPOS="1344"/>
							<String ID="string_314" HPOS="1380" VPOS="2174" WIDTH="11" HEIGHT="31" WC="0.94" CONTENT="i"/><SP WIDTH="33" VPOS="2174" HPOS="1391"/>
							<String ID="string_315" HPOS="1424" VPOS="2173" WIDTH="184" HEIGHT="42" WC="0.96" CONTENT="anledning"/>
						</TextLine>
					</TextBlock>
				</ComposedBlock>
				<ComposedBlock ID="cblock_5" HPOS="433" VPOS="2226" WIDTH="1174" HEIGHT="148">
					<TextBlock ID="block_14" HPOS="433" VPOS="2226" WIDTH="1174" HEIGHT="148">
						<TextLine ID="line_36" HPOS="433" VPOS="2226" WIDTH="1174" HEIGHT="43">
							<String ID="string_316" HPOS="433" VPOS="2227" WIDTH="105" HEIGHT="32" WC="0.96" CONTENT="härav"/><SP WIDTH="34" VPOS="2227" HPOS="538"/>
							<String ID="string_317" HPOS="572" VPOS="2227" WIDTH="82" HEIGHT="41" WC="0.96" CONTENT="höja"/><SP WIDTH="34" VPOS="2227" HPOS="654"/>
							<String ID="string_318" HPOS="688" VPOS="2226" WIDTH="141" HEIGHT="34" WC="0.96" CONTENT="berörda"/><SP WIDTH="34" VPOS="2226" HPOS="829"/>
							<String ID="string_319" HPOS="863" VPOS="2227" WIDTH="168" HEIGHT="33" WC="0.93" CONTENT="ordinarie"/><SP WIDTH="35" VPOS="2227" HPOS="1031"/>
							<String ID="string_320" HPOS="1066" VPOS="2226" WIDTH="342" HEIGHT="43" WC="0.90" CONTENT="reservationsanslag"/><SP WIDTH="23" VPOS="2226" HPOS="1408"/>
							<String ID="string_321" HPOS="1431" VPOS="2228" WIDTH="77" HEIGHT="31" WC="0.96" CONTENT="från"/><SP WIDTH="24" VPOS="2228" HPOS="1508"/>
							<String ID="string_322" HPOS="1532" VPOS="2227" WIDTH="75" HEIGHT="32" WC="0.96" CONTENT="dess"/>
						</TextLine>
						<TextLine ID="line_37" HPOS="433" VPOS="2280" WIDTH="1173" HEIGHT="43">
							<String ID="string_323" HPOS="433" VPOS="2280" WIDTH="197" HEIGHT="33" WC="0.95" CONTENT="nuvarande"/><SP WIDTH="34" VPOS="2280" HPOS="630"/>
							<String ID="string_324" HPOS="664" VPOS="2280" WIDTH="134" HEIGHT="43" WC="0.93" CONTENT="belopp,"/><SP WIDTH="40" VPOS="2280" HPOS="798"/>
							<String ID="string_325" HPOS="838" VPOS="2281" WIDTH="122" HEIGHT="39" WC="0.91" CONTENT="34,200"/><SP WIDTH="35" VPOS="2281" HPOS="960"/>
							<String ID="string_326" HPOS="995" VPOS="2281" WIDTH="134" HEIGHT="39" WC="0.96" CONTENT="kronor,"/><SP WIDTH="35" VPOS="2281" HPOS="1129"/>
							<String ID="string_327" HPOS="1164" VPOS="2280" WIDTH="79" HEIGHT="33" WC="0.93" CONTENT="med"/><SP WIDTH="36" VPOS="2280" HPOS="1243"/>
							<String ID="string_328" HPOS="1279" VPOS="2281" WIDTH="99" HEIGHT="39" WC="0.84" CONTENT="3,000"/><SP WIDTH="32" VPOS="2281" HPOS="1378"/>
							<String ID="string_329" HPOS="1410" VPOS="2281" WIDTH="125" HEIGHT="32" WC="0.96" CONTENT="kronor"/><SP WIDTH="22" VPOS="2281" HPOS="1535"/>
							<String ID="string_330" HPOS="1557" VPOS="2280" WIDTH="49" HEIGHT="32" WC="0.96" CONTENT="till"/>
						</TextLine>
						<TextLine ID="line_38" HPOS="434" VPOS="2334" WIDTH="276" HEIGHT="40">
							<String ID="string_331" HPOS="434" VPOS="2335" WIDTH="121" HEIGHT="39" WC="0.89" CONTENT="37,200"/><SP WIDTH="23" VPOS="2335" HPOS="555"/>
							<String ID="string_332" HPOS="578" VPOS="2334" WIDTH="132" HEIGHT="33" WC="0.96" CONTENT="kronor."/>
						</TextLine>
					</TextBlock>
				</ComposedBlock>
				<ComposedBlock ID="cblock_6" HPOS="1626" VPOS="1118" WIDTH="213" HEIGHT="383">
					<TextBlock ID="block_15" HPOS="1626" VPOS="1118" WIDTH="213" HEIGHT="383">
						<TextLine ID="line_39" HPOS="1643" VPOS="1118" WIDTH="183" HEIGHT="33">
							<String ID="string_333" HPOS="1643" VPOS="1118" WIDTH="129" HEIGHT="33" WC="0.90" CONTENT="Höjning"/><SP WIDTH="19" VPOS="1118" HPOS="1772"/>
							<String ID="string_334" HPOS="1791" VPOS="1127" WIDTH="35" HEIGHT="17" WC="0.95" CONTENT="av"/>
						</TextLine>
						<TextLine ID="line_40" HPOS="1632" VPOS="1155" WIDTH="197" HEIGHT="25">
							<String ID="string_335" HPOS="1632" VPOS="1155" WIDTH="56" HEIGHT="25" WC="0.96" CONTENT="den"/><SP WIDTH="20" VPOS="1155" HPOS="1688"/>
							<String ID="string_336" HPOS="1708" VPOS="1155" WIDTH="8" HEIGHT="25" WC="0.95" CONTENT="i"/><SP WIDTH="21" VPOS="1155" HPOS="1716"/>
							<String ID="string_337" HPOS="1737" VPOS="1157" WIDTH="92" HEIGHT="23" WC="0.96" CONTENT="staten"/>
						</TextLine>
						<TextLine ID="line_41" HPOS="1650" VPOS="1190" WIDTH="163" HEIGHT="26">
							<String ID="string_338" HPOS="1650" VPOS="1191" WIDTH="45" HEIGHT="25" WC="0.93" CONTENT="för"/><SP WIDTH="19" VPOS="1191" HPOS="1695"/>
							<String ID="string_339" HPOS="1714" VPOS="1190" WIDTH="99" HEIGHT="26" WC="0.91" CONTENT="akade-"/>
						</TextLine>
						<TextLine ID="line_42" HPOS="1633" VPOS="1225" WIDTH="196" HEIGHT="27">
							<String ID="string_340" HPOS="1633" VPOS="1227" WIDTH="77" HEIGHT="25" WC="0.92" CONTENT="mien"/><SP WIDTH="20" VPOS="1227" HPOS="1710"/>
							<String ID="string_341" HPOS="1730" VPOS="1226" WIDTH="45" HEIGHT="25" WC="0.96" CONTENT="för"/><SP WIDTH="18" VPOS="1226" HPOS="1775"/>
							<String ID="string_342" HPOS="1793" VPOS="1225" WIDTH="36" HEIGHT="26" WC="0.96" CONTENT="de"/>
						</TextLine>
						<TextLine ID="line_43" HPOS="1634" VPOS="1262" WIDTH="193" HEIGHT="25">
							<String ID="string_343" HPOS="1634" VPOS="1262" WIDTH="55" HEIGHT="25" WC="0.93" CONTENT="fria"/><SP WIDTH="14" VPOS="1262" HPOS="1689"/>
							<String ID="string_344" HPOS="1703" VPOS="1262" WIDTH="124" HEIGHT="25" WC="0.90" CONTENT="konster-"/>
						</TextLine>
						<TextLine ID="line_44" HPOS="1634" VPOS="1297" WIDTH="195" HEIGHT="33">
							<String ID="string_345" HPOS="1634" VPOS="1306" WIDTH="38" HEIGHT="17" WC="0.96" CONTENT="na"/><SP WIDTH="17" VPOS="1306" HPOS="1672"/>
							<String ID="string_346" HPOS="1689" VPOS="1297" WIDTH="140" HEIGHT="33" WC="0.96" CONTENT="ingående"/>
						</TextLine>
						<TextLine ID="line_45" HPOS="1643" VPOS="1333" WIDTH="178" HEIGHT="32">
							<String ID="string_347" HPOS="1643" VPOS="1333" WIDTH="178" HEIGHT="32" WC="0.90" CONTENT="anslagspos-"/>
						</TextLine>
						<TextLine ID="line_46" HPOS="1628" VPOS="1369" WIDTH="210" HEIGHT="25">
							<String ID="string_348" HPOS="1628" VPOS="1372" WIDTH="46" HEIGHT="22" WC="0.95" CONTENT="ten"/><SP WIDTH="26" VPOS="1372" HPOS="1674"/>
							<String ID="string_349" HPOS="1700" VPOS="1369" WIDTH="44" HEIGHT="25" WC="0.93" CONTENT="till"/><SP WIDTH="23" VPOS="1369" HPOS="1744"/>
							<String ID="string_350" HPOS="1767" VPOS="1376" WIDTH="71" HEIGHT="18" WC="0.89" CONTENT="rese-"/>
						</TextLine>
						<TextLine ID="line_47" HPOS="1626" VPOS="1403" WIDTH="213" HEIGHT="34">
							<String ID="string_351" HPOS="1626" VPOS="1404" WIDTH="159" HEIGHT="33" WC="0.96" CONTENT="stipendier"/><SP WIDTH="10" VPOS="1404" HPOS="1785"/>
							<String ID="string_352" HPOS="1795" VPOS="1403" WIDTH="44" HEIGHT="27" WC="0.96" CONTENT="för"/>
						</TextLine>
						<TextLine ID="line_48" HPOS="1666" VPOS="1439" WIDTH="136" HEIGHT="27">
							<String ID="string_353" HPOS="1666" VPOS="1440" WIDTH="110" HEIGHT="26" WC="0.96" CONTENT="studier"/><SP WIDTH="19" VPOS="1440" HPOS="1776"/>
							<String ID="string_354" HPOS="1795" VPOS="1439" WIDTH="7" HEIGHT="25" WC="0.96" CONTENT="i"/>
						</TextLine>
						<TextLine ID="line_49" HPOS="1663" VPOS="1475" WIDTH="139" HEIGHT="26">
							<String ID="string_355" HPOS="1663" VPOS="1475" WIDTH="139" HEIGHT="26" WC="0.96" CONTENT="utlandet."/>
						</TextLine>
					</TextBlock>
				</ComposedBlock>
				<ComposedBlock ID="cblock_7" HPOS="1697" VPOS="1517" WIDTH="73" HEIGHT="43">
					<TextBlock ID="block_16" HPOS="1697" VPOS="1517" WIDTH="73" HEIGHT="43">
						<TextLine ID="line_50" HPOS="1697" VPOS="1517" WIDTH="73" HEIGHT="43">
							<String ID="string_356" HPOS="1697" VPOS="1517" WIDTH="73" HEIGHT="43" WC="0.36" CONTENT="(56.]"/>
						</TextLine>
					</TextBlock>
				</ComposedBlock>
			</PrintSpace>
		</Page>
	</Layout>
</alto>
