2160 2692
414 151 19 30 4
817 151 361 43 Bevillningsutskottets
1201 152 208 33 Betänkande
1432 153 52 32 Nr
1507 155 30 31 6.

371 231 286 49 myndigheten,
700 234 48 47 på
790 237 75 31 sätt
906 232 100 36 förut
1047 237 163 33 nämnts.
1266 233 73 38 Vid
1383 233 253 38 återkomsten
1665 234 57 37 till
1750 236 216 38 hemlandet

371 285 109 48 ålåge
509 284 64 36 det
600 284 159 37 turisten
788 290 55 31 att
871 285 233 37 öfverlämna
1122 286 281 49 passersedelns
1424 286 87 37 blad
1531 301 61 22 n:o
1613 290 20 34 3
1655 288 55 36 till
1731 288 234 39 därvarande

371 336 385 51 automobilsällskap,
790 351 81 23 som
899 338 167 37 utfärdat
1095 339 138 37 sedeln.
1289 338 231 39 Utfärdaren
1549 340 223 39 öfversände
1801 341 165 39 därefter

371 389 130 37 bladet
529 390 56 36 till
614 390 412 50 automobilsällskapet
1053 392 12 36 i
1094 392 63 36 det
1182 391 100 49 land,
1304 405 80 23 som
1403 392 166 37 besökts.
1617 393 137 38 Därest
1773 395 68 36 hos
1862 395 102 37 detta

372 442 165 50 sällskap
581 442 87 37 kraf
698 446 20 33 å
750 443 184 50 tullafgift
976 444 83 37 icke
1087 445 12 35 i
1128 444 63 37 det
1231 445 291 48 ifrågavarande
1546 445 104 37 fallet
1677 447 136 48 gjorts,
1844 448 121 36 skulle

372 498 124 34 såsom
539 495 104 37 bevis
685 496 91 36 härå
804 496 40 36 af
869 510 141 24 samma
1039 497 166 50 sällskap
1234 498 12 36 1
1274 498 132 49 utbyte
1436 498 217 37 återsändas
1682 499 128 38 bladet
1837 514 62 23 n:o
1929 503 33 34 2.

371 548 108 37 Efter
513 548 270 38 framkomsten
817 549 42 37 af
886 550 103 36 detta
1016 550 87 37 blad
1131 550 237 37 återställdes
1395 550 56 37 till
1479 551 160 37 turisten
1668 552 63 37 det
1759 553 40 36 af
1823 553 140 38 honom

370 601 64 37 vid
462 602 283 49 passersedelns
774 603 206 49 uttagande
1009 603 238 50 deponerade
1276 603 188 50 beloppet.

500 654 107 37 Hade
636 655 169 37 däremot
831 656 13 35 i
872 656 94 49 följd
995 656 40 37 af
1060 656 180 36 turistens
1268 656 288 38 underlåtenhet
1584 662 55 32 att
1663 658 110 37 ställa
1793 660 62 49 sig
1873 659 91 37 läm-

370 707 97 35 nade
494 707 239 36 föreskrifter
755 707 57 36 till
837 708 250 37 efterrättelse
1107 708 91 37 eller
1218 709 41 36 af
1275 722 125 23 annan
1421 709 111 36 orsak
1551 710 414 51 automobilsällskapet

370 757 13 37 i
412 758 61 37 det
501 758 158 38 besökta
685 759 128 37 landet
841 763 98 34 måst
965 763 49 47 på
1036 760 170 49 yrkande
1227 760 40 36 af
1283 761 298 49 tullmyndighet
1601 762 194 37 därstädes
1815 764 150 49 utgifva

372 811 186 50 tullafgift
587 812 57 37 för
678 812 267 47 automobilen,
974 813 122 37 vände
1125 814 61 49 sig
1214 813 207 49 sällskapet
1449 813 58 36 till
1534 814 283 49 passersedelns
1845 816 120 37 utfär-

371 864 100 48 dare,
510 877 81 23 som
625 864 46 36 då
698 878 89 23 vore
816 866 208 48 förpliktad
1053 871 54 31 att
1136 866 232 36 omedelbart
1396 866 194 48 godtgöra
1617 867 258 51 tullutlägget,
1905 869 60 36 för

369 916 149 37 hvilket
558 917 175 37 ändamål
775 918 64 36 det
880 918 40 36 af
944 918 164 37 turisten
1137 918 237 50 deponerade
1401 918 180 50 beloppet
1609 924 109 44 toges
1747 920 12 36 i
1788 922 174 47 anspråk.

500 968 146 38 Genom
673 970 305 50 korrespondens
1006 971 87 36 med
1112 970 285 38 vederbörande
1417 971 374 52 automobilsällskap
1812 973 12 36 i
1843 974 122 49 Tysk-

370 1023 100 47 land,
499 1022 220 49 Frankrike,
749 1023 164 36 Holland
942 1037 48 22 m.
1020 1024 35 35 £.
1085 1024 132 35 länder
1245 1023 96 37 hade
1370 1024 376 38 automobilklubben
1765 1026 197 48 inhämtat,

371 1080 54 31 att
464 1075 149 36 förmån
654 1076 41 35 af
731 1089 52 22 nu
824 1075 291 50 ifrågavarande
1157 1076 84 49 slag
1282 1076 149 37 komme
1474 1081 54 31 att
1557 1077 214 49 medgifvas
1801 1079 163 37 svenska

371 1128 362 36 automobilturister
761 1128 12 36 i
801 1128 46 37 de
874 1129 215 49 respektive
1130 1128 192 48 länderna,
1366 1128 126 37 därest
1519 1130 269 37 motsvarande
1816 1131 148 37 lättnad

369 1179 184 38 bereddes
583 1194 144 22 samma
754 1180 151 37 länders
933 1180 155 37 turister
1116 1181 67 36 här
1210 1180 13 36 i
1251 1179 170 50 Sverige.

499 1232 131 37 Under
657 1232 231 49 hänvisning
915 1233 57 35 till
992 1232 99 36 hvad
1112 1232 157 36 sålunda
1288 1233 144 36 anförts
1453 1233 71 36 och
1544 1234 47 35 då
1610 1235 354 48 åvägabringandet

370 1285 41 34 at
448 1297 51 23 nu
539 1284 223 49 ifrågasatta
804 1285 231 49 ömsesidiga
1076 1284 189 36 lättnader
1306 1284 77 37 helt
1424 1285 94 36 visst
1546 1285 121 37 skulle
1695 1287 83 36 icke
1807 1287 157 36 allenast

368 1335 119 37 blifva
513 1337 57 35 till
599 1343 79 30 stor
706 1336 121 37 fördel
856 1337 58 37 för
939 1337 162 37 svenska
1119 1337 154 36 turister
1292 1336 12 36 1
1322 1336 173 37 utlandet
1514 1344 91 30 utan
1625 1338 112 37 äfven
1756 1338 13 37 i
1789 1339 174 36 afsevärd

368 1389 96 49 grad
490 1389 71 36 öka
582 1389 73 36 den
674 1389 202 36 utländska
895 1389 276 37 turisttrafiken
1191 1389 68 36 här
1277 1389 13 36 i
1309 1389 139 47 landet,
1468 1390 69 35 har
1557 1391 375 37 automobilklubben
1951 1392 13 35 i

369 1440 306 50 underdånighet
702 1441 204 48 hemställt,
937 1446 54 32 att
1009 1442 120 36 Eders
1151 1441 141 49 Kungl.
1314 1441 109 49 Maj:t
1442 1442 145 37 täcktes
1607 1443 203 49 medgifva,
1832 1448 53 31 att
1905 1448 59 32 ut-

368 1493 135 38 ländsk
532 1494 329 47 automobilturist,
891 1507 80 23 som
999 1494 57 36 hit
1075 1493 57 37 till
1150 1494 98 36 riket
1268 1494 213 47 ankomme,
1502 1495 69 36 och
1590 1495 69 36 hos
1679 1495 284 38 vederbörande

369 1546 297 49 tullmyndighet
693 1546 194 37 företedde
915 1546 246 50 passersedel,
1191 1546 176 36 utfärdad
1396 1548 20 34 å
1444 1547 185 37 klubbens
1658 1548 183 48 blankett,
1861 1548 103 50 finge

368 1598 120 36 under
515 1598 248 49 iakttagande
790 1599 13 35 i
831 1599 226 49 tillämpliga
1085 1599 102 35 delar
1217 1598 41 36 af
1282 1598 45 36 de
1355 1599 86 36 utaf
1461 1599 163 37 klubben
1648 1600 157 49 angifna
1824 1601 138 36 forma-

368 1651 124 36 Iiteter
520 1651 56 36 hit
603 1651 123 36 införa
753 1651 71 37 och
844 1651 120 37 under
983 1656 54 32 ett
1057 1654 51 45 år,
1128 1651 161 36 räknadt
1308 1651 84 36 från
1413 1651 117 37 första
1548 1652 196 47 införseln,
1765 1653 199 49 disponera

369 1703 178 36 medhafd
583 1703 217 48 automobil,
833 1708 93 32 utan
956 1703 219 49 skyldighet
1203 1708 53 31 att
1285 1704 157 48 erlägga
1471 1704 91 36 eller
1591 1704 189 49 deponera
1808 1706 70 35 tull
1907 1705 57 37 för

369 1755 229 49 densamma,
627 1755 86 37 med
742 1755 235 49 förpliktelse
1006 1756 96 36 dock
1130 1755 58 37 för
1216 1756 159 36 turisten
1405 1760 54 32 att
1486 1756 103 36 inom
1616 1760 197 46 utgången
1833 1758 42 35 af
1891 1757 71 37 den

369 1808 158 36 sålunda
554 1807 197 37 bestämda
778 1807 105 37 tiden
913 1807 206 37 återutföra
1147 1808 256 36 automobilen
1431 1808 95 36 efter
1553 1809 259 49 förutgången
1831 1809 131 37 veder-

367 1859 126 50 börlig
522 1860 176 36 anmälan
725 1860 69 36 hos
821 1860 351 48 tullmyndigheten
1200 1862 21 33 å
1248 1860 283 48 utförselorten,
1557 1861 194 36 äfvensom
1772 1867 54 31 att
1846 1862 116 36 sådan

367 1912 115 36 turist
521 1913 104 48 finge
665 1912 119 36 under
825 1913 72 35 den
938 1912 197 36 bestämda
1177 1912 351 49 dispositionstiden
1566 1913 95 36 efter
1689 1914 176 36 anmälan
1892 1914 69 37 hos

368 1964 285 37 vederbörande
695 1964 297 49 tullmyndighet
1033 1964 72 36 och
1143 1964 116 36 sedan
1289 1964 40 36 af
1354 1965 218 36 densamma
1600 1965 268 50 vederbörliga
1897 1980 64 23 an-

369 2016 224 50 teckningar
620 2016 229 48 verkställts,
879 2016 126 37 utföra
1034 2016 69 36 och
1132 2016 203 36 återinföra
1358 2016 253 37 automobilen
1630 2022 92 32 utan
1743 2018 219 50 skyldighet

369 2074 55 31 att
465 2069 161 36 aflämna
665 2069 283 49 passersedelns
988 2068 88 37 blad
1118 2082 61 23 n:o
1208 2070 23 34 4
1260 2068 129 37 förrän
1430 2068 63 37 vid
1535 2069 72 37 den
1640 2069 154 50 slutliga
1823 2073 139 34 återut-

370 2121 142 37 förseln
539 2135 44 22 ur
610 2121 109 36 riket.

498 2173 130 38 Under
662 2173 276 50 förutsättning
981 2173 41 37 af
1050 2173 135 49 nådigt
1212 2173 107 36 bifall
1347 2173 57 37 till
1433 2173 123 37 denna
1585 2174 283 50 framställning
1895 2175 67 36 har

369 2226 373 36 automobilklubben
776 2226 195 37 förbundit
1000 2225 60 49 sig
1089 2227 75 36 dels
1193 2230 55 31 att
1276 2239 161 23 ansvara
1464 2226 58 36 för
1550 2226 70 36 och
1649 2226 97 37 efter
1775 2227 187 36 anmodan

367 2278 43 36 af
445 2278 281 38 vederbörande
769 2278 297 50 tullmyndighet
1108 2277 233 37 omedelbart
1382 2278 57 36 till
1480 2278 210 36 tullkassan
1722 2279 166 37 inbetala
1915 2280 46 36 de
