<?xml version="1.0" encoding="UTF-8"?>
<alto xmlns="http://www.loc.gov/standards/alto/ns-v3#" xmlns:xlink="http://www.w3.org/1999/xlink" xmlns:xsi="http://www.w3.org/2001/XMLSchema-instance" xsi:schemaLocation="http://www.loc.gov/standards/alto/ns-v3# http://www.loc.gov/alto/v3/alto-3-0.xsd">
	<Description>
		<MeasurementUnit>pixel</MeasurementUnit>
		<sourceImageInformation>
			<fileName>/tmp/tess_za95h9op_input.PNG</fileName>
		</sourceImageInformation>
		<OCRProcessing ID="OCR_0">
			<ocrProcessingStep>
				<processingSoftware>
					<softwareName>tesseract 5.3.0</softwareName>
				</processingSoftware>
			</ocrProcessingStep>
		</OCRProcessing>
	</Description>
	<Layout>
		<Page WIDTH="2261" HEIGHT="2685" PHYSICAL_IMG_NR="0" ID="page_0">
			<PrintSpace HPOS="0" VPOS="0" WIDTH="2261" HEIGHT="2685">
				<ComposedBlock ID="cblock_0" HPOS="731" VPOS="219" WIDTH="1060" HEIGHT="41">
					<TextBlock ID="block_0" HPOS="731" VPOS="219" WIDTH="1060" HEIGHT="41">
						<TextLine ID="line_0" HPOS="731" VPOS="219" WIDTH="1060" HEIGHT="41">
							<String ID="string_0" HPOS="731" VPOS="219" WIDTH="236" HEIGHT="41" WC="0.91" CONTENT="Lagutskottets"/><SP WIDTH="31" VPOS="219" HPOS="967"/>
							<String ID="string_1" HPOS="998" VPOS="220" WIDTH="169" HEIGHT="34" WC="0.96" CONTENT="Utlåtande"/><SP WIDTH="25" VPOS="220" HPOS="1167"/>
							<String ID="string_2" HPOS="1192" VPOS="220" WIDTH="65" HEIGHT="33" WC="0.95" CONTENT="N:o"/><SP WIDTH="22" VPOS="220" HPOS="1257"/>
							<String ID="string_3" HPOS="1279" VPOS="221" WIDTH="50" HEIGHT="30" WC="0.96" CONTENT="44."/><SP WIDTH="424" VPOS="221" HPOS="1329"/>
							<String ID="string_4" HPOS="1753" VPOS="221" WIDTH="38" HEIGHT="32" WC="0.91" CONTENT="61"/>
						</TextLine>
					</TextBlock>
				</ComposedBlock>
				<ComposedBlock ID="cblock_1" HPOS="246" VPOS="298" WIDTH="776" HEIGHT="628">
					<TextBlock ID="block_1" HPOS="430" VPOS="298" WIDTH="420" HEIGHT="44">
						<TextLine ID="line_1" HPOS="430" VPOS="298" WIDTH="420" HEIGHT="44">
							<String ID="string_5" HPOS="430" VPOS="298" WIDTH="116" HEIGHT="43" WC="0.96" CONTENT="Kongl."/><SP WIDTH="27" VPOS="298" HPOS="546"/>
							<String ID="string_6" HPOS="573" VPOS="299" WIDTH="115" HEIGHT="42" WC="0.94" CONTENT="Maj:ts"/><SP WIDTH="23" VPOS="299" HPOS="688"/>
							<String ID="string_7" HPOS="711" VPOS="300" WIDTH="139" HEIGHT="42" WC="0.94" CONTENT="förslag:"/>
						</TextLine>
					</TextBlock>
					<TextBlock ID="block_2" HPOS="246" VPOS="351" WIDTH="767" HEIGHT="102">
						<TextLine ID="line_2" HPOS="247" VPOS="351" WIDTH="766" HEIGHT="52">
							<String ID="string_8" HPOS="247" VPOS="351" WIDTH="91" HEIGHT="37" WC="0.96" CONTENT="eller"/><SP WIDTH="41" VPOS="351" HPOS="338"/>
							<String ID="string_9" HPOS="379" VPOS="351" WIDTH="58" HEIGHT="37" WC="0.96" CONTENT="till"/><SP WIDTH="35" VPOS="351" HPOS="437"/>
							<String ID="string_10" HPOS="472" VPOS="352" WIDTH="131" HEIGHT="49" WC="0.96" CONTENT="skada,"/><SP WIDTH="34" VPOS="352" HPOS="603"/>
							<String ID="string_11" HPOS="637" VPOS="366" WIDTH="81" HEIGHT="23" WC="0.96" CONTENT="som"/><SP WIDTH="29" VPOS="366" HPOS="718"/>
							<String ID="string_12" HPOS="747" VPOS="353" WIDTH="13" HEIGHT="36" WC="0.95" CONTENT="i"/><SP WIDTH="27" VPOS="353" HPOS="760"/>
							<String ID="string_13" HPOS="787" VPOS="355" WIDTH="45" HEIGHT="35" WC="0.91" CONTENT="15"/><SP WIDTH="30" VPOS="355" HPOS="832"/>
							<String ID="string_14" HPOS="862" VPOS="352" WIDTH="21" HEIGHT="51" WC="0.47" CONTENT="$"/><SP WIDTH="29" VPOS="352" HPOS="883"/>
							<String ID="string_15" HPOS="912" VPOS="357" WIDTH="101" HEIGHT="45" WC="0.69" CONTENT="sägs,"/>
						</TextLine>
						<TextLine ID="line_3" HPOS="246" VPOS="404" WIDTH="766" HEIGHT="49">
							<String ID="string_16" HPOS="246" VPOS="417" WIDTH="90" HEIGHT="24" WC="0.96" CONTENT="vare"/><SP WIDTH="16" VPOS="417" HPOS="336"/>
							<String ID="string_17" HPOS="352" VPOS="404" WIDTH="67" HEIGHT="37" WC="0.95" CONTENT="bot"/><SP WIDTH="20" VPOS="404" HPOS="419"/>
							<String ID="string_18" HPOS="439" VPOS="404" WIDTH="117" HEIGHT="49" WC="0.95" CONTENT="högst"/><SP WIDTH="14" VPOS="404" HPOS="556"/>
							<String ID="string_19" HPOS="570" VPOS="404" WIDTH="215" HEIGHT="38" WC="0.89" CONTENT="tvåhundra"/><SP WIDTH="15" VPOS="404" HPOS="785"/>
							<String ID="string_20" HPOS="800" VPOS="405" WIDTH="212" HEIGHT="37" WC="0.89" CONTENT="Riksdaler."/>
						</TextLine>
					</TextBlock>
					<TextBlock ID="block_3" HPOS="247" VPOS="456" WIDTH="775" HEIGHT="470">
						<TextLine ID="line_4" HPOS="325" VPOS="456" WIDTH="690" HEIGHT="50">
							<String ID="string_21" HPOS="325" VPOS="456" WIDTH="114" HEIGHT="36" WC="0.96" CONTENT="Hvad"/><SP WIDTH="40" VPOS="456" HPOS="439"/>
							<String ID="string_22" HPOS="479" VPOS="456" WIDTH="13" HEIGHT="36" WC="0.96" CONTENT="i"/><SP WIDTH="41" VPOS="456" HPOS="492"/>
							<String ID="string_23" HPOS="533" VPOS="456" WIDTH="125" HEIGHT="37" WC="0.93" CONTENT="denna"/><SP WIDTH="42" VPOS="456" HPOS="658"/>
							<String ID="string_24" HPOS="700" VPOS="456" WIDTH="20" HEIGHT="50" WC="0.91" CONTENT="$"/><SP WIDTH="43" VPOS="456" HPOS="720"/>
							<String ID="string_25" HPOS="763" VPOS="471" WIDTH="59" HEIGHT="23" WC="0.95" CONTENT="om"/><SP WIDTH="39" VPOS="471" HPOS="822"/>
							<String ID="string_26" HPOS="861" VPOS="457" WIDTH="154" HEIGHT="37" WC="0.94" CONTENT="Statens"/>
						</TextLine>
						<TextLine ID="line_5" HPOS="247" VPOS="507" WIDTH="768" HEIGHT="48">
							<String ID="string_27" HPOS="247" VPOS="508" WIDTH="133" HEIGHT="37" WC="0.89" CONTENT="kanal-"/><SP WIDTH="28" VPOS="508" HPOS="380"/>
							<String ID="string_28" HPOS="408" VPOS="507" WIDTH="90" HEIGHT="37" WC="0.93" CONTENT="eller"/><SP WIDTH="28" VPOS="507" HPOS="498"/>
							<String ID="string_29" HPOS="526" VPOS="508" WIDTH="207" HEIGHT="47" WC="0.91" CONTENT="slussverk,"/><SP WIDTH="22" VPOS="508" HPOS="733"/>
							<String ID="string_30" HPOS="755" VPOS="522" WIDTH="125" HEIGHT="24" WC="0.96" CONTENT="annan"/><SP WIDTH="18" VPOS="522" HPOS="880"/>
							<String ID="string_31" HPOS="898" VPOS="509" WIDTH="117" HEIGHT="37" WC="0.96" CONTENT="sådan"/>
						</TextLine>
						<TextLine ID="line_6" HPOS="248" VPOS="560" WIDTH="770" HEIGHT="50">
							<String ID="string_32" HPOS="248" VPOS="560" WIDTH="322" HEIGHT="49" WC="0.96" CONTENT="vattenbyggnad"/><SP WIDTH="30" VPOS="560" HPOS="570"/>
							<String ID="string_33" HPOS="600" VPOS="561" WIDTH="71" HEIGHT="37" WC="0.93" CONTENT="och"/><SP WIDTH="24" VPOS="561" HPOS="671"/>
							<String ID="string_34" HPOS="695" VPOS="562" WIDTH="203" HEIGHT="48" WC="0.91" CONTENT="jernvägs-"/><SP WIDTH="28" VPOS="562" HPOS="898"/>
							<String ID="string_35" HPOS="926" VPOS="562" WIDTH="92" HEIGHT="36" WC="0.96" CONTENT="eller"/>
						</TextLine>
						<TextLine ID="line_7" HPOS="248" VPOS="612" WIDTH="769" HEIGHT="51">
							<String ID="string_36" HPOS="248" VPOS="612" WIDTH="378" HEIGHT="51" WC="0.92" CONTENT="telegrafinrättning"/><SP WIDTH="41" VPOS="612" HPOS="626"/>
							<String ID="string_37" HPOS="667" VPOS="618" WIDTH="40" HEIGHT="32" WC="0.93" CONTENT="är"/><SP WIDTH="28" VPOS="618" HPOS="707"/>
							<String ID="string_38" HPOS="735" VPOS="613" WIDTH="193" HEIGHT="50" WC="0.91" CONTENT="stadgadt,"/><SP WIDTH="29" VPOS="613" HPOS="928"/>
							<String ID="string_39" HPOS="957" VPOS="617" WIDTH="60" HEIGHT="34" WC="0.96" CONTENT="må"/>
						</TextLine>
						<TextLine ID="line_8" HPOS="249" VPOS="664" WIDTH="767" HEIGHT="52">
							<String ID="string_40" HPOS="249" VPOS="664" WIDTH="71" HEIGHT="37" WC="0.90" CONTENT="ock"/><SP WIDTH="38" VPOS="664" HPOS="320"/>
							<String ID="string_41" HPOS="358" VPOS="668" WIDTH="21" HEIGHT="33" WC="0.90" CONTENT="å"/><SP WIDTH="29" VPOS="668" HPOS="379"/>
							<String ID="string_42" HPOS="408" VPOS="664" WIDTH="118" HEIGHT="50" WC="0.96" CONTENT="dylik,"/><SP WIDTH="29" VPOS="664" HPOS="526"/>
							<String ID="string_43" HPOS="555" VPOS="665" WIDTH="43" HEIGHT="37" WC="0.95" CONTENT="af"/><SP WIDTH="23" VPOS="665" HPOS="598"/>
							<String ID="string_44" HPOS="621" VPOS="665" WIDTH="174" HEIGHT="38" WC="0.96" CONTENT="enskilde"/><SP WIDTH="28" VPOS="665" HPOS="795"/>
							<String ID="string_45" HPOS="823" VPOS="679" WIDTH="193" HEIGHT="37" WC="0.94" CONTENT="personer,"/>
						</TextLine>
						<TextLine ID="line_9" HPOS="249" VPOS="716" WIDTH="771" HEIGHT="52">
							<String ID="string_46" HPOS="249" VPOS="716" WIDTH="244" HEIGHT="50" WC="0.91" CONTENT="menigheter"/><SP WIDTH="28" VPOS="716" HPOS="493"/>
							<String ID="string_47" HPOS="521" VPOS="717" WIDTH="91" HEIGHT="37" WC="0.96" CONTENT="eller"/><SP WIDTH="28" VPOS="717" HPOS="612"/>
							<String ID="string_48" HPOS="640" VPOS="718" WIDTH="114" HEIGHT="50" WC="0.96" CONTENT="bolag"/><SP WIDTH="18" VPOS="718" HPOS="754"/>
							<String ID="string_49" HPOS="772" VPOS="718" WIDTH="167" HEIGHT="37" WC="0.93" CONTENT="inrättad"/><SP WIDTH="15" VPOS="718" HPOS="939"/>
							<String ID="string_50" HPOS="954" VPOS="732" WIDTH="66" HEIGHT="23" WC="0.92" CONTENT="an-"/>
						</TextLine>
						<TextLine ID="line_10" HPOS="249" VPOS="769" WIDTH="766" HEIGHT="51">
							<String ID="string_51" HPOS="249" VPOS="769" WIDTH="195" HEIGHT="50" WC="0.96" CONTENT="läggning"/><SP WIDTH="32" VPOS="769" HPOS="444"/>
							<String ID="string_52" HPOS="476" VPOS="769" WIDTH="203" HEIGHT="51" WC="0.96" CONTENT="tillämpas,"/><SP WIDTH="30" VPOS="769" HPOS="679"/>
							<String ID="string_53" HPOS="709" VPOS="784" WIDTH="60" HEIGHT="23" WC="0.96" CONTENT="om"/><SP WIDTH="30" VPOS="784" HPOS="769"/>
							<String ID="string_54" HPOS="799" VPOS="771" WIDTH="216" HEIGHT="48" WC="0.95" CONTENT="Konungen"/>
						</TextLine>
						<TextLine ID="line_11" HPOS="249" VPOS="821" WIDTH="769" HEIGHT="51">
							<String ID="string_55" HPOS="249" VPOS="821" WIDTH="210" HEIGHT="46" WC="0.89" CONTENT="förordnat,"/><SP WIDTH="51" VPOS="821" HPOS="459"/>
							<String ID="string_56" HPOS="510" VPOS="827" WIDTH="55" HEIGHT="31" WC="0.96" CONTENT="att"/><SP WIDTH="46" VPOS="827" HPOS="565"/>
							<String ID="string_57" HPOS="611" VPOS="823" WIDTH="119" HEIGHT="36" WC="0.95" CONTENT="sådan"/><SP WIDTH="45" VPOS="823" HPOS="730"/>
							<String ID="string_58" HPOS="775" VPOS="823" WIDTH="243" HEIGHT="49" WC="0.95" CONTENT="anläggning"/>
						</TextLine>
						<TextLine ID="line_12" HPOS="250" VPOS="873" WIDTH="772" HEIGHT="53">
							<String ID="string_59" HPOS="250" VPOS="873" WIDTH="100" HEIGHT="37" WC="0.96" CONTENT="skall"/><SP WIDTH="27" VPOS="873" HPOS="350"/>
							<String ID="string_60" HPOS="377" VPOS="873" WIDTH="75" HEIGHT="38" WC="0.96" CONTENT="lika"/><SP WIDTH="19" VPOS="873" HPOS="452"/>
							<String ID="string_61" HPOS="471" VPOS="874" WIDTH="135" HEIGHT="50" WC="0.96" CONTENT="skydd,"/><SP WIDTH="19" VPOS="874" HPOS="606"/>
							<String ID="string_62" HPOS="625" VPOS="888" WIDTH="79" HEIGHT="24" WC="0.96" CONTENT="som"/><SP WIDTH="19" VPOS="888" HPOS="704"/>
							<String ID="string_63" HPOS="723" VPOS="874" WIDTH="166" HEIGHT="51" WC="0.95" CONTENT="Statens,"/><SP WIDTH="17" VPOS="874" HPOS="889"/>
							<String ID="string_64" HPOS="906" VPOS="876" WIDTH="116" HEIGHT="50" WC="0.96" CONTENT="njuta."/>
						</TextLine>
					</TextBlock>
				</ComposedBlock>
				<ComposedBlock ID="cblock_2" HPOS="1065" VPOS="301" WIDTH="779" HEIGHT="676">
					<TextBlock ID="block_4" HPOS="1252" VPOS="301" WIDTH="394" HEIGHT="42">
						<TextLine ID="line_13" HPOS="1252" VPOS="301" WIDTH="394" HEIGHT="42">
							<String ID="string_65" HPOS="1252" VPOS="301" WIDTH="234" HEIGHT="42" WC="0.83" CONTENT="Lagutskottets"/><SP WIDTH="22" VPOS="301" HPOS="1486"/>
							<String ID="string_66" HPOS="1508" VPOS="301" WIDTH="138" HEIGHT="42" WC="0.94" CONTENT="förslag:"/>
						</TextLine>
					</TextBlock>
					<TextBlock ID="block_5" HPOS="1065" VPOS="353" WIDTH="773" HEIGHT="103">
						<TextLine ID="line_14" HPOS="1070" VPOS="353" WIDTH="768" HEIGHT="50">
							<String ID="string_67" HPOS="1070" VPOS="353" WIDTH="92" HEIGHT="37" WC="0.96" CONTENT="eller"/><SP WIDTH="41" VPOS="353" HPOS="1162"/>
							<String ID="string_68" HPOS="1203" VPOS="354" WIDTH="58" HEIGHT="36" WC="0.95" CONTENT="till"/><SP WIDTH="34" VPOS="354" HPOS="1261"/>
							<String ID="string_69" HPOS="1295" VPOS="354" WIDTH="129" HEIGHT="49" WC="0.96" CONTENT="skada,"/><SP WIDTH="35" VPOS="354" HPOS="1424"/>
							<String ID="string_70" HPOS="1459" VPOS="367" WIDTH="80" HEIGHT="24" WC="0.96" CONTENT="som"/><SP WIDTH="28" VPOS="367" HPOS="1539"/>
							<String ID="string_71" HPOS="1567" VPOS="354" WIDTH="12" HEIGHT="36" WC="0.96" CONTENT="1"/><SP WIDTH="32" VPOS="354" HPOS="1579"/>
							<String ID="string_72" HPOS="1611" VPOS="356" WIDTH="44" HEIGHT="35" WC="0.93" CONTENT="15"/><SP WIDTH="30" VPOS="356" HPOS="1655"/>
							<String ID="string_73" HPOS="1685" VPOS="353" WIDTH="21" HEIGHT="50" WC="0.85" CONTENT="$"/><SP WIDTH="28" VPOS="353" HPOS="1706"/>
							<String ID="string_74" HPOS="1734" VPOS="358" WIDTH="104" HEIGHT="45" WC="0.96" CONTENT="sägs,"/>
						</TextLine>
						<TextLine ID="line_15" HPOS="1065" VPOS="405" WIDTH="772" HEIGHT="51">
							<String ID="string_75" HPOS="1065" VPOS="419" WIDTH="88" HEIGHT="24" WC="0.95" CONTENT="vare"/><SP WIDTH="28" VPOS="419" HPOS="1153"/>
							<String ID="string_76" HPOS="1181" VPOS="406" WIDTH="66" HEIGHT="37" WC="0.96" CONTENT="bot"/><SP WIDTH="18" VPOS="406" HPOS="1247"/>
							<String ID="string_77" HPOS="1265" VPOS="406" WIDTH="115" HEIGHT="50" WC="0.96" CONTENT="högst"/><SP WIDTH="15" VPOS="406" HPOS="1380"/>
							<String ID="string_78" HPOS="1395" VPOS="406" WIDTH="214" HEIGHT="38" WC="0.92" CONTENT="tvåhundra"/><SP WIDTH="15" VPOS="406" HPOS="1609"/>
							<String ID="string_79" HPOS="1624" VPOS="405" WIDTH="213" HEIGHT="38" WC="0.90" CONTENT="Riksdaler."/>
						</TextLine>
					</TextBlock>
					<TextBlock ID="block_6" HPOS="1068" VPOS="457" WIDTH="776" HEIGHT="520">
						<TextLine ID="line_16" HPOS="1146" VPOS="457" WIDTH="693" HEIGHT="50">
							<String ID="string_80" HPOS="1146" VPOS="458" WIDTH="114" HEIGHT="37" WC="0.96" CONTENT="Hvad"/><SP WIDTH="41" VPOS="458" HPOS="1260"/>
							<String ID="string_81" HPOS="1301" VPOS="458" WIDTH="14" HEIGHT="36" WC="0.96" CONTENT="i"/><SP WIDTH="41" VPOS="458" HPOS="1315"/>
							<String ID="string_82" HPOS="1356" VPOS="458" WIDTH="124" HEIGHT="38" WC="0.96" CONTENT="denna"/><SP WIDTH="42" VPOS="458" HPOS="1480"/>
							<String ID="string_83" HPOS="1522" VPOS="458" WIDTH="20" HEIGHT="49" WC="0.80" CONTENT="8"/><SP WIDTH="43" VPOS="458" HPOS="1542"/>
							<String ID="string_84" HPOS="1585" VPOS="472" WIDTH="60" HEIGHT="23" WC="0.96" CONTENT="om"/><SP WIDTH="36" VPOS="472" HPOS="1645"/>
							<String ID="string_85" HPOS="1681" VPOS="457" WIDTH="158" HEIGHT="38" WC="0.23" CONTENT="Statens"/>
						</TextLine>
						<TextLine ID="line_17" HPOS="1069" VPOS="509" WIDTH="771" HEIGHT="50">
							<String ID="string_86" HPOS="1069" VPOS="509" WIDTH="131" HEIGHT="37" WC="0.91" CONTENT="kanal-"/><SP WIDTH="29" VPOS="509" HPOS="1200"/>
							<String ID="string_87" HPOS="1229" VPOS="510" WIDTH="91" HEIGHT="37" WC="0.93" CONTENT="eller"/><SP WIDTH="28" VPOS="510" HPOS="1320"/>
							<String ID="string_88" HPOS="1348" VPOS="510" WIDTH="209" HEIGHT="49" WC="0.91" CONTENT="slussverk,"/><SP WIDTH="20" VPOS="510" HPOS="1557"/>
							<String ID="string_89" HPOS="1577" VPOS="523" WIDTH="126" HEIGHT="24" WC="0.96" CONTENT="annan"/><SP WIDTH="17" VPOS="523" HPOS="1703"/>
							<String ID="string_90" HPOS="1720" VPOS="510" WIDTH="120" HEIGHT="37" WC="0.96" CONTENT="sådan"/>
						</TextLine>
						<TextLine ID="line_18" HPOS="1072" VPOS="562" WIDTH="769" HEIGHT="50">
							<String ID="string_91" HPOS="1072" VPOS="562" WIDTH="319" HEIGHT="50" WC="0.96" CONTENT="vattenbyggnad"/><SP WIDTH="37" VPOS="562" HPOS="1391"/>
							<String ID="string_92" HPOS="1428" VPOS="563" WIDTH="71" HEIGHT="37" WC="0.90" CONTENT="och"/><SP WIDTH="23" VPOS="563" HPOS="1499"/>
							<String ID="string_93" HPOS="1522" VPOS="563" WIDTH="216" HEIGHT="48" WC="0.90" CONTENT="jernvägs-,"/><SP WIDTH="23" VPOS="563" HPOS="1738"/>
							<String ID="string_94" HPOS="1761" VPOS="563" WIDTH="80" HEIGHT="36" WC="0.92" CONTENT="tele-"/>
						</TextLine>
						<TextLine ID="line_19" HPOS="1068" VPOS="614" WIDTH="774" HEIGHT="51">
							<String ID="string_95" HPOS="1068" VPOS="616" WIDTH="105" HEIGHT="49" WC="0.89" CONTENT="graf-"/><SP WIDTH="29" VPOS="616" HPOS="1173"/>
							<String ID="string_96" HPOS="1202" VPOS="616" WIDTH="83" HEIGHT="35" WC="0.93" CONTENT="eller"/><SP WIDTH="25" VPOS="616" HPOS="1285"/>
							<String ID="string_97" HPOS="1310" VPOS="615" WIDTH="333" HEIGHT="50" WC="0.92" CONTENT="telefoninrättning"/><SP WIDTH="29" VPOS="615" HPOS="1643"/>
							<String ID="string_98" HPOS="1672" VPOS="620" WIDTH="41" HEIGHT="31" WC="0.91" CONTENT="är"/><SP WIDTH="25" VPOS="620" HPOS="1713"/>
							<String ID="string_99" HPOS="1738" VPOS="614" WIDTH="104" HEIGHT="37" WC="0.91" CONTENT="stad-"/>
						</TextLine>
						<TextLine ID="line_20" HPOS="1071" VPOS="666" WIDTH="771" HEIGHT="51">
							<String ID="string_100" HPOS="1071" VPOS="666" WIDTH="105" HEIGHT="49" WC="0.92" CONTENT="gadt,"/><SP WIDTH="44" VPOS="666" HPOS="1176"/>
							<String ID="string_101" HPOS="1220" VPOS="670" WIDTH="62" HEIGHT="34" WC="0.96" CONTENT="må"/><SP WIDTH="27" VPOS="670" HPOS="1282"/>
							<String ID="string_102" HPOS="1309" VPOS="667" WIDTH="70" HEIGHT="37" WC="0.93" CONTENT="ock"/><SP WIDTH="31" VPOS="667" HPOS="1379"/>
							<String ID="string_103" HPOS="1410" VPOS="671" WIDTH="20" HEIGHT="33" WC="0.89" CONTENT="å"/><SP WIDTH="28" VPOS="671" HPOS="1430"/>
							<String ID="string_104" HPOS="1458" VPOS="666" WIDTH="117" HEIGHT="51" WC="0.96" CONTENT="dylik,"/><SP WIDTH="31" VPOS="666" HPOS="1575"/>
							<String ID="string_105" HPOS="1606" VPOS="667" WIDTH="42" HEIGHT="37" WC="0.96" CONTENT="af"/><SP WIDTH="18" VPOS="667" HPOS="1648"/>
							<String ID="string_106" HPOS="1666" VPOS="666" WIDTH="176" HEIGHT="38" WC="0.95" CONTENT="enskilde"/>
						</TextLine>
						<TextLine ID="line_21" HPOS="1072" VPOS="719" WIDTH="772" HEIGHT="49">
							<String ID="string_107" HPOS="1072" VPOS="732" WIDTH="199" HEIGHT="36" WC="0.93" CONTENT="personer,"/><SP WIDTH="21" VPOS="732" HPOS="1271"/>
							<String ID="string_108" HPOS="1292" VPOS="719" WIDTH="240" HEIGHT="49" WC="0.90" CONTENT="menigheter"/><SP WIDTH="16" VPOS="719" HPOS="1532"/>
							<String ID="string_109" HPOS="1548" VPOS="719" WIDTH="93" HEIGHT="37" WC="0.96" CONTENT="eller"/><SP WIDTH="14" VPOS="719" HPOS="1641"/>
							<String ID="string_110" HPOS="1655" VPOS="719" WIDTH="116" HEIGHT="49" WC="0.90" CONTENT="bolag"/><SP WIDTH="14" VPOS="719" HPOS="1771"/>
							<String ID="string_111" HPOS="1785" VPOS="719" WIDTH="59" HEIGHT="36" WC="0.90" CONTENT="in-"/>
						</TextLine>
						<TextLine ID="line_22" HPOS="1074" VPOS="771" WIDTH="769" HEIGHT="50">
							<String ID="string_112" HPOS="1074" VPOS="771" WIDTH="124" HEIGHT="37" WC="0.95" CONTENT="rättad"/><SP WIDTH="46" VPOS="771" HPOS="1198"/>
							<String ID="string_113" HPOS="1244" VPOS="771" WIDTH="241" HEIGHT="50" WC="0.94" CONTENT="anläggning"/><SP WIDTH="45" VPOS="771" HPOS="1485"/>
							<String ID="string_114" HPOS="1530" VPOS="771" WIDTH="205" HEIGHT="50" WC="0.94" CONTENT="tillämpas,"/><SP WIDTH="47" VPOS="771" HPOS="1735"/>
							<String ID="string_115" HPOS="1782" VPOS="785" WIDTH="61" HEIGHT="23" WC="0.95" CONTENT="om"/>
						</TextLine>
						<TextLine ID="line_23" HPOS="1072" VPOS="823" WIDTH="771" HEIGHT="49">
							<String ID="string_116" HPOS="1072" VPOS="823" WIDTH="221" HEIGHT="49" WC="0.91" CONTENT="Konungen"/><SP WIDTH="30" VPOS="823" HPOS="1293"/>
							<String ID="string_117" HPOS="1323" VPOS="824" WIDTH="207" HEIGHT="45" WC="0.91" CONTENT="förordnat,"/><SP WIDTH="31" VPOS="824" HPOS="1530"/>
							<String ID="string_118" HPOS="1561" VPOS="829" WIDTH="55" HEIGHT="32" WC="0.96" CONTENT="att"/><SP WIDTH="24" VPOS="829" HPOS="1616"/>
							<String ID="string_119" HPOS="1640" VPOS="823" WIDTH="118" HEIGHT="37" WC="0.92" CONTENT="sådan"/><SP WIDTH="20" VPOS="823" HPOS="1758"/>
							<String ID="string_120" HPOS="1778" VPOS="836" WIDTH="65" HEIGHT="24" WC="0.91" CONTENT="an-"/>
						</TextLine>
						<TextLine ID="line_24" HPOS="1075" VPOS="875" WIDTH="768" HEIGHT="50">
							<String ID="string_121" HPOS="1075" VPOS="875" WIDTH="193" HEIGHT="50" WC="0.96" CONTENT="läggning"/><SP WIDTH="45" VPOS="875" HPOS="1268"/>
							<String ID="string_122" HPOS="1313" VPOS="876" WIDTH="99" HEIGHT="37" WC="0.96" CONTENT="skall"/><SP WIDTH="45" VPOS="876" HPOS="1412"/>
							<String ID="string_123" HPOS="1457" VPOS="875" WIDTH="77" HEIGHT="38" WC="0.96" CONTENT="lika"/><SP WIDTH="47" VPOS="875" HPOS="1534"/>
							<String ID="string_124" HPOS="1581" VPOS="875" WIDTH="136" HEIGHT="50" WC="0.95" CONTENT="skydd,"/><SP WIDTH="44" VPOS="875" HPOS="1717"/>
							<String ID="string_125" HPOS="1761" VPOS="888" WIDTH="82" HEIGHT="25" WC="0.96" CONTENT="som"/>
						</TextLine>
						<TextLine ID="line_25" HPOS="1075" VPOS="927" WIDTH="317" HEIGHT="50">
							<String ID="string_126" HPOS="1075" VPOS="927" WIDTH="170" HEIGHT="49" WC="0.94" CONTENT="Statens,"/><SP WIDTH="30" VPOS="927" HPOS="1245"/>
							<String ID="string_127" HPOS="1275" VPOS="928" WIDTH="117" HEIGHT="49" WC="0.96" CONTENT="njuta."/>
						</TextLine>
					</TextBlock>
				</ComposedBlock>
				<ComposedBlock ID="cblock_3" HPOS="380" VPOS="1101" WIDTH="1468" HEIGHT="135">
					<TextBlock ID="block_7" HPOS="380" VPOS="1101" WIDTH="1468" HEIGHT="135">
						<TextLine ID="line_26" HPOS="991" VPOS="1101" WIDTH="107" HEIGHT="49">
							<String ID="string_128" HPOS="991" VPOS="1104" WIDTH="45" HEIGHT="34" WC="0.75" CONTENT="22"/><SP WIDTH="29" VPOS="1104" HPOS="1036"/>
							<String ID="string_129" HPOS="1065" VPOS="1101" WIDTH="33" HEIGHT="49" WC="0.75" CONTENT="8."/>
						</TextLine>
						<TextLine ID="line_27" HPOS="380" VPOS="1185" WIDTH="1468" HEIGHT="51">
							<String ID="string_130" HPOS="380" VPOS="1185" WIDTH="96" HEIGHT="47" WC="0.95" CONTENT="Den,"/><SP WIDTH="34" VPOS="1185" HPOS="476"/>
							<String ID="string_131" HPOS="510" VPOS="1199" WIDTH="80" HEIGHT="24" WC="0.96" CONTENT="som"/><SP WIDTH="31" VPOS="1199" HPOS="590"/>
							<String ID="string_132" HPOS="621" VPOS="1187" WIDTH="102" HEIGHT="49" WC="0.95" CONTENT="gjort"/><SP WIDTH="29" VPOS="1187" HPOS="723"/>
							<String ID="string_133" HPOS="752" VPOS="1186" WIDTH="60" HEIGHT="50" WC="0.95" CONTENT="sig"/><SP WIDTH="28" VPOS="1186" HPOS="812"/>
							<String ID="string_134" HPOS="840" VPOS="1186" WIDTH="176" HEIGHT="38" WC="0.96" CONTENT="förfallen"/><SP WIDTH="30" VPOS="1186" HPOS="1016"/>
							<String ID="string_135" HPOS="1046" VPOS="1187" WIDTH="60" HEIGHT="37" WC="0.96" CONTENT="till"/><SP WIDTH="28" VPOS="1187" HPOS="1106"/>
							<String ID="string_136" HPOS="1134" VPOS="1188" WIDTH="112" HEIGHT="36" WC="0.94" CONTENT="straff"/><SP WIDTH="19" VPOS="1188" HPOS="1246"/>
							<String ID="string_137" HPOS="1265" VPOS="1188" WIDTH="96" HEIGHT="37" WC="0.96" CONTENT="efter"/><SP WIDTH="31" VPOS="1188" HPOS="1361"/>
							<String ID="string_138" HPOS="1392" VPOS="1190" WIDTH="32" HEIGHT="45" WC="0.94" CONTENT="1,"/><SP WIDTH="31" VPOS="1190" HPOS="1424"/>
							<String ID="string_139" HPOS="1455" VPOS="1190" WIDTH="34" HEIGHT="45" WC="0.95" CONTENT="2,"/><SP WIDTH="30" VPOS="1190" HPOS="1489"/>
							<String ID="string_140" HPOS="1519" VPOS="1189" WIDTH="34" HEIGHT="45" WC="0.96" CONTENT="3,"/><SP WIDTH="25" VPOS="1189" HPOS="1553"/>
							<String ID="string_141" HPOS="1578" VPOS="1190" WIDTH="36" HEIGHT="46" WC="0.95" CONTENT="4,"/><SP WIDTH="29" VPOS="1190" HPOS="1614"/>
							<String ID="string_142" HPOS="1643" VPOS="1189" WIDTH="32" HEIGHT="45" WC="0.96" CONTENT="7,"/><SP WIDTH="30" VPOS="1189" HPOS="1675"/>
							<String ID="string_143" HPOS="1705" VPOS="1188" WIDTH="22" HEIGHT="35" WC="0.96" CONTENT="8"/><SP WIDTH="28" VPOS="1188" HPOS="1727"/>
							<String ID="string_144" HPOS="1755" VPOS="1186" WIDTH="93" HEIGHT="37" WC="0.96" CONTENT="eller"/>
						</TextLine>
					</TextBlock>
				</ComposedBlock>
				<ComposedBlock ID="cblock_4" HPOS="256" VPOS="1236" WIDTH="283" HEIGHT="51">
					<TextBlock ID="block_8" HPOS="256" VPOS="1236" WIDTH="283" HEIGHT="51">
						<TextLine ID="line_28" HPOS="256" VPOS="1236" WIDTH="283" HEIGHT="51">
							<String ID="string_145" HPOS="256" VPOS="1238" WIDTH="44" HEIGHT="36" WC="0.95" CONTENT="10"/><SP WIDTH="30" VPOS="1238" HPOS="300"/>
							<String ID="string_146" HPOS="330" VPOS="1236" WIDTH="32" HEIGHT="50" WC="0.70" CONTENT="8,"/><SP WIDTH="34" VPOS="1236" HPOS="362"/>
							<String ID="string_147" HPOS="396" VPOS="1240" WIDTH="43" HEIGHT="34" WC="0.85" CONTENT="17"/><SP WIDTH="31" VPOS="1240" HPOS="439"/>
							<String ID="string_148" HPOS="470" VPOS="1237" WIDTH="20" HEIGHT="50" WC="0.35" CONTENT="$"/><SP WIDTH="33" VPOS="1237" HPOS="490"/>
							<String ID="string_149" HPOS="523" VPOS="1240" WIDTH="16" HEIGHT="35" WC="0.85" CONTENT="1"/>
						</TextLine>
					</TextBlock>
				</ComposedBlock>
				<ComposedBlock ID="cblock_5" HPOS="572" VPOS="1238" WIDTH="1275" HEIGHT="51">
					<TextBlock ID="block_9" HPOS="572" VPOS="1238" WIDTH="1275" HEIGHT="51">
						<TextLine ID="line_29" HPOS="572" VPOS="1238" WIDTH="1275" HEIGHT="51">
							<String ID="string_150" HPOS="572" VPOS="1252" WIDTH="112" HEIGHT="24" WC="0.94" CONTENT="mom."/><SP WIDTH="30" VPOS="1252" HPOS="684"/>
							<String ID="string_151" HPOS="714" VPOS="1239" WIDTH="92" HEIGHT="37" WC="0.94" CONTENT="eller"/><SP WIDTH="19" VPOS="1239" HPOS="806"/>
							<String ID="string_152" HPOS="825" VPOS="1241" WIDTH="44" HEIGHT="35" WC="0.92" CONTENT="18"/><SP WIDTH="32" VPOS="1241" HPOS="869"/>
							<String ID="string_153" HPOS="901" VPOS="1238" WIDTH="30" HEIGHT="51" WC="0.89" CONTENT="$,"/><SP WIDTH="19" VPOS="1238" HPOS="931"/>
							<String ID="string_154" HPOS="950" VPOS="1239" WIDTH="98" HEIGHT="37" WC="0.96" CONTENT="skall"/><SP WIDTH="25" VPOS="1239" HPOS="1048"/>
							<String ID="string_155" HPOS="1073" VPOS="1240" WIDTH="70" HEIGHT="37" WC="0.96" CONTENT="ock"/><SP WIDTH="16" VPOS="1240" HPOS="1143"/>
							<String ID="string_156" HPOS="1159" VPOS="1240" WIDTH="133" HEIGHT="37" WC="0.93" CONTENT="dömas"/><SP WIDTH="18" VPOS="1240" HPOS="1292"/>
							<String ID="string_157" HPOS="1310" VPOS="1238" WIDTH="303" HEIGHT="50" WC="0.92" CONTENT="medborgerligt"/><SP WIDTH="16" VPOS="1238" HPOS="1613"/>
							<String ID="string_158" HPOS="1629" VPOS="1238" WIDTH="218" HEIGHT="38" WC="0.96" CONTENT="förtroende"/>
						</TextLine>
					</TextBlock>
				</ComposedBlock>
				<ComposedBlock ID="cblock_6" HPOS="252" VPOS="1288" WIDTH="1596" HEIGHT="106">
					<TextBlock ID="block_10" HPOS="252" VPOS="1288" WIDTH="1596" HEIGHT="106">
						<TextLine ID="line_30" HPOS="252" VPOS="1288" WIDTH="1596" HEIGHT="53">
							<String ID="string_159" HPOS="252" VPOS="1288" WIDTH="190" HEIGHT="51" WC="0.95" CONTENT="förlustig."/><SP WIDTH="55" VPOS="1288" HPOS="442"/>
							<String ID="string_160" HPOS="497" VPOS="1290" WIDTH="84" HEIGHT="50" WC="0.95" CONTENT="Lag"/><SP WIDTH="29" VPOS="1290" HPOS="581"/>
							<String ID="string_161" HPOS="610" VPOS="1304" WIDTH="145" HEIGHT="23" WC="0.96" CONTENT="samma"/><SP WIDTH="28" VPOS="1304" HPOS="755"/>
							<String ID="string_162" HPOS="783" VPOS="1305" WIDTH="102" HEIGHT="34" WC="0.96" CONTENT="vare,"/><SP WIDTH="31" VPOS="1305" HPOS="885"/>
							<String ID="string_163" HPOS="916" VPOS="1305" WIDTH="60" HEIGHT="23" WC="0.96" CONTENT="om"/><SP WIDTH="30" VPOS="1305" HPOS="976"/>
							<String ID="string_164" HPOS="1006" VPOS="1294" WIDTH="127" HEIGHT="46" WC="0.96" CONTENT="någon"/><SP WIDTH="20" VPOS="1294" HPOS="1133"/>
							<String ID="string_165" HPOS="1153" VPOS="1292" WIDTH="103" HEIGHT="49" WC="0.96" CONTENT="gjort"/><SP WIDTH="25" VPOS="1292" HPOS="1256"/>
							<String ID="string_166" HPOS="1281" VPOS="1292" WIDTH="63" HEIGHT="49" WC="0.96" CONTENT="sig"/><SP WIDTH="22" VPOS="1292" HPOS="1344"/>
							<String ID="string_167" HPOS="1366" VPOS="1291" WIDTH="156" HEIGHT="50" WC="0.96" CONTENT="skyldig"/><SP WIDTH="15" VPOS="1291" HPOS="1522"/>
							<String ID="string_168" HPOS="1537" VPOS="1291" WIDTH="57" HEIGHT="37" WC="0.96" CONTENT="till"/><SP WIDTH="15" VPOS="1291" HPOS="1594"/>
							<String ID="string_169" HPOS="1609" VPOS="1290" WIDTH="239" HEIGHT="38" WC="0.95" CONTENT="straffarbete"/>
						</TextLine>
						<TextLine ID="line_31" HPOS="252" VPOS="1341" WIDTH="1531" HEIGHT="53">
							<String ID="string_170" HPOS="252" VPOS="1341" WIDTH="92" HEIGHT="37" WC="0.96" CONTENT="eller"/><SP WIDTH="29" VPOS="1341" HPOS="344"/>
							<String ID="string_171" HPOS="373" VPOS="1344" WIDTH="154" HEIGHT="36" WC="0.96" CONTENT="svårare"/><SP WIDTH="30" VPOS="1344" HPOS="527"/>
							<String ID="string_172" HPOS="557" VPOS="1344" WIDTH="112" HEIGHT="37" WC="0.96" CONTENT="straff"/><SP WIDTH="25" VPOS="1344" HPOS="669"/>
							<String ID="string_173" HPOS="694" VPOS="1343" WIDTH="97" HEIGHT="39" WC="0.96" CONTENT="efter"/><SP WIDTH="29" VPOS="1343" HPOS="791"/>
							<String ID="string_174" HPOS="820" VPOS="1346" WIDTH="19" HEIGHT="35" WC="0.92" CONTENT="6"/><SP WIDTH="31" VPOS="1346" HPOS="839"/>
							<String ID="string_175" HPOS="870" VPOS="1343" WIDTH="33" HEIGHT="51" WC="0.87" CONTENT="$,"/><SP WIDTH="26" VPOS="1343" HPOS="903"/>
							<String ID="string_176" HPOS="929" VPOS="1343" WIDTH="91" HEIGHT="38" WC="0.96" CONTENT="eller"/><SP WIDTH="29" VPOS="1343" HPOS="1020"/>
							<String ID="string_177" HPOS="1049" VPOS="1344" WIDTH="56" HEIGHT="38" WC="0.96" CONTENT="till"/><SP WIDTH="30" VPOS="1344" HPOS="1105"/>
							<String ID="string_178" HPOS="1135" VPOS="1345" WIDTH="241" HEIGHT="37" WC="0.96" CONTENT="straffarbete"/><SP WIDTH="29" VPOS="1345" HPOS="1376"/>
							<String ID="string_179" HPOS="1405" VPOS="1344" WIDTH="95" HEIGHT="37" WC="0.96" CONTENT="efter"/><SP WIDTH="29" VPOS="1344" HPOS="1500"/>
							<String ID="string_180" HPOS="1529" VPOS="1345" WIDTH="20" HEIGHT="35" WC="0.96" CONTENT="5"/><SP WIDTH="30" VPOS="1345" HPOS="1549"/>
							<String ID="string_181" HPOS="1579" VPOS="1344" WIDTH="92" HEIGHT="37" WC="0.95" CONTENT="eller"/><SP WIDTH="29" VPOS="1344" HPOS="1671"/>
							<String ID="string_182" HPOS="1700" VPOS="1345" WIDTH="20" HEIGHT="35" WC="0.96" CONTENT="9"/><SP WIDTH="30" VPOS="1345" HPOS="1720"/>
							<String ID="string_183" HPOS="1750" VPOS="1342" WIDTH="33" HEIGHT="50" WC="0.84" CONTENT="8."/>
						</TextLine>
					</TextBlock>
				</ComposedBlock>
				<ComposedBlock ID="cblock_7" HPOS="935" VPOS="1666" WIDTH="234" HEIGHT="49">
					<TextBlock ID="block_11" HPOS="935" VPOS="1666" WIDTH="234" HEIGHT="49">
						<TextLine ID="line_32" HPOS="935" VPOS="1666" WIDTH="234" HEIGHT="49">
							<String ID="string_184" HPOS="935" VPOS="1666" WIDTH="67" HEIGHT="42" WC="0.95" CONTENT="20"/><SP WIDTH="52" VPOS="1666" HPOS="1002"/>
							<String ID="string_185" HPOS="1054" VPOS="1666" WIDTH="115" HEIGHT="49" WC="0.89" CONTENT="Kap."/>
						</TextLine>
					</TextBlock>
				</ComposedBlock>
				<ComposedBlock ID="cblock_8" HPOS="843" VPOS="1822" WIDTH="432" HEIGHT="36">
					<TextBlock ID="block_12" HPOS="843" VPOS="1822" WIDTH="432" HEIGHT="36">
						<TextLine ID="line_33" HPOS="843" VPOS="1822" WIDTH="432" HEIGHT="36">
							<String ID="string_186" HPOS="843" VPOS="1824" WIDTH="55" HEIGHT="34" WC="0.95" CONTENT="Om"/><SP WIDTH="25" VPOS="1824" HPOS="898"/>
							<String ID="string_187" HPOS="923" VPOS="1823" WIDTH="85" HEIGHT="35" WC="0.96" CONTENT="stöld"/><SP WIDTH="25" VPOS="1823" HPOS="1008"/>
							<String ID="string_188" HPOS="1033" VPOS="1823" WIDTH="62" HEIGHT="34" WC="0.96" CONTENT="och"/><SP WIDTH="25" VPOS="1823" HPOS="1095"/>
							<String ID="string_189" HPOS="1120" VPOS="1822" WIDTH="155" HEIGHT="34" WC="0.95" CONTENT="snatteri."/>
						</TextLine>
					</TextBlock>
				</ComposedBlock>
				<ComposedBlock ID="cblock_9" HPOS="1015" VPOS="1936" WIDTH="80" HEIGHT="49">
					<TextBlock ID="block_13" HPOS="1015" VPOS="1936" WIDTH="80" HEIGHT="49">
						<TextLine ID="line_34" HPOS="1015" VPOS="1936" WIDTH="80" HEIGHT="49">
							<String ID="string_190" HPOS="1015" VPOS="1939" WIDTH="16" HEIGHT="34" WC="0.92" CONTENT="1"/><SP WIDTH="32" VPOS="1939" HPOS="1031"/>
							<String ID="string_191" HPOS="1063" VPOS="1936" WIDTH="32" HEIGHT="49" WC="0.53" CONTENT="8."/>
						</TextLine>
					</TextBlock>
				</ComposedBlock>
				<ComposedBlock ID="cblock_10" HPOS="262" VPOS="2020" WIDTH="1592" HEIGHT="110">
					<TextBlock ID="block_14" HPOS="262" VPOS="2020" WIDTH="1592" HEIGHT="110">
						<TextLine ID="line_35" HPOS="390" VPOS="2020" WIDTH="1464" HEIGHT="54">
							<String ID="string_192" HPOS="390" VPOS="2025" WIDTH="117" HEIGHT="49" WC="0.96" CONTENT="Hvar,"/><SP WIDTH="27" VPOS="2025" HPOS="507"/>
							<String ID="string_193" HPOS="534" VPOS="2039" WIDTH="82" HEIGHT="23" WC="0.96" CONTENT="som"/><SP WIDTH="29" VPOS="2039" HPOS="616"/>
							<String ID="string_194" HPOS="645" VPOS="2025" WIDTH="88" HEIGHT="49" WC="0.96" CONTENT="stjäl"/><SP WIDTH="27" VPOS="2025" HPOS="733"/>
							<String ID="string_195" HPOS="760" VPOS="2024" WIDTH="97" HEIGHT="48" WC="0.96" CONTENT="gods"/><SP WIDTH="30" VPOS="2024" HPOS="857"/>
							<String ID="string_196" HPOS="887" VPOS="2023" WIDTH="93" HEIGHT="37" WC="0.96" CONTENT="eller"/><SP WIDTH="29" VPOS="2023" HPOS="980"/>
							<String ID="string_197" HPOS="1009" VPOS="2022" WIDTH="216" HEIGHT="50" WC="0.96" CONTENT="penningar"/><SP WIDTH="29" VPOS="2022" HPOS="1225"/>
							<String ID="string_198" HPOS="1254" VPOS="2022" WIDTH="107" HEIGHT="37" WC="0.96" CONTENT="öfver"/><SP WIDTH="27" VPOS="2022" HPOS="1361"/>
							<String ID="string_199" HPOS="1388" VPOS="2021" WIDTH="144" HEIGHT="36" WC="0.93" CONTENT="femton"/><SP WIDTH="29" VPOS="2021" HPOS="1532"/>
							<String ID="string_200" HPOS="1561" VPOS="2020" WIDTH="211" HEIGHT="48" WC="0.91" CONTENT="Riksdaler,"/><SP WIDTH="17" VPOS="2020" HPOS="1772"/>
							<String ID="string_201" HPOS="1789" VPOS="2020" WIDTH="65" HEIGHT="37" WC="0.92" CONTENT="dö-"/>
						</TextLine>
						<TextLine ID="line_36" HPOS="262" VPOS="2073" WIDTH="1590" HEIGHT="57">
							<String ID="string_202" HPOS="262" VPOS="2092" WIDTH="92" HEIGHT="34" WC="0.96" CONTENT="mes,"/><SP WIDTH="29" VPOS="2092" HPOS="354"/>
							<String ID="string_203" HPOS="383" VPOS="2079" WIDTH="58" HEIGHT="36" WC="0.96" CONTENT="för"/><SP WIDTH="30" VPOS="2079" HPOS="441"/>
							<String ID="string_204" HPOS="471" VPOS="2077" WIDTH="111" HEIGHT="49" WC="0.96" CONTENT="stöld,"/><SP WIDTH="32" VPOS="2077" HPOS="582"/>
							<String ID="string_205" HPOS="614" VPOS="2077" WIDTH="55" HEIGHT="37" WC="0.96" CONTENT="till"/><SP WIDTH="29" VPOS="2077" HPOS="669"/>
							<String ID="string_206" HPOS="698" VPOS="2076" WIDTH="239" HEIGHT="54" WC="0.95" CONTENT="straffarbete"/><SP WIDTH="28" VPOS="2076" HPOS="937"/>
							<String ID="string_207" HPOS="965" VPOS="2075" WIDTH="13" HEIGHT="37" WC="0.96" CONTENT="i"/><SP WIDTH="28" VPOS="2075" HPOS="978"/>
							<String ID="string_208" HPOS="1006" VPOS="2076" WIDTH="117" HEIGHT="49" WC="0.96" CONTENT="högst"/><SP WIDTH="29" VPOS="2076" HPOS="1123"/>
							<String ID="string_209" HPOS="1152" VPOS="2088" WIDTH="68" HEIGHT="24" WC="0.95" CONTENT="sex"/><SP WIDTH="29" VPOS="2088" HPOS="1220"/>
							<String ID="string_210" HPOS="1249" VPOS="2074" WIDTH="191" HEIGHT="46" WC="0.96" CONTENT="månader,"/><SP WIDTH="26" VPOS="2074" HPOS="1440"/>
							<String ID="string_211" HPOS="1466" VPOS="2073" WIDTH="67" HEIGHT="37" WC="0.95" CONTENT="der"/><SP WIDTH="28" VPOS="2073" HPOS="1533"/>
							<String ID="string_212" HPOS="1561" VPOS="2073" WIDTH="32" HEIGHT="49" WC="0.96" CONTENT="ej"/><SP WIDTH="31" VPOS="2073" HPOS="1593"/>
							<String ID="string_213" HPOS="1624" VPOS="2073" WIDTH="228" HEIGHT="36" WC="0.96" CONTENT="annorledes"/>
						</TextLine>
					</TextBlock>
				</ComposedBlock>
				<ComposedBlock ID="cblock_11" HPOS="262" VPOS="2129" WIDTH="513" HEIGHT="50">
					<TextBlock ID="block_15" HPOS="262" VPOS="2129" WIDTH="513" HEIGHT="50">
						<TextLine ID="line_37" HPOS="262" VPOS="2129" WIDTH="513" HEIGHT="50">
							<String ID="string_214" HPOS="262" VPOS="2131" WIDTH="68" HEIGHT="36" WC="0.96" CONTENT="här"/><SP WIDTH="30" VPOS="2131" HPOS="330"/>
							<String ID="string_215" HPOS="360" VPOS="2130" WIDTH="124" HEIGHT="37" WC="0.92" CONTENT="nedan"/><SP WIDTH="30" VPOS="2130" HPOS="484"/>
							<String ID="string_216" HPOS="514" VPOS="2129" WIDTH="182" HEIGHT="50" WC="0.92" CONTENT="stadgadt"/><SP WIDTH="28" VPOS="2129" HPOS="696"/>
							<String ID="string_217" HPOS="724" VPOS="2135" WIDTH="51" HEIGHT="31" WC="0.96" CONTENT="är."/>
						</TextLine>
					</TextBlock>
				</ComposedBlock>
				<ComposedBlock ID="cblock_12" HPOS="829" VPOS="2123" WIDTH="1024" HEIGHT="53">
					<TextBlock ID="block_16" HPOS="829" VPOS="2123" WIDTH="1024" HEIGHT="53">
						<TextLine ID="line_38" HPOS="829" VPOS="2123" WIDTH="1024" HEIGHT="53">
							<String ID="string_218" HPOS="829" VPOS="2123" WIDTH="78" HEIGHT="42" WC="0.89" CONTENT="Åro"/><SP WIDTH="16" VPOS="2123" HPOS="907"/>
							<String ID="string_219" HPOS="923" VPOS="2127" WIDTH="379" HEIGHT="49" WC="0.95" CONTENT="omständigheterna"/><SP WIDTH="18" VPOS="2127" HPOS="1302"/>
							<String ID="string_220" HPOS="1320" VPOS="2125" WIDTH="252" HEIGHT="50" WC="0.96" CONTENT="synnerligen"/><SP WIDTH="17" VPOS="2125" HPOS="1572"/>
							<String ID="string_221" HPOS="1589" VPOS="2125" WIDTH="264" HEIGHT="45" WC="0.96" CONTENT="försvårande;"/>
						</TextLine>
					</TextBlock>
				</ComposedBlock>
				<ComposedBlock ID="cblock_13" HPOS="263" VPOS="2177" WIDTH="1595" HEIGHT="262">
					<TextBlock ID="block_17" HPOS="264" VPOS="2177" WIDTH="1589" HEIGHT="106">
						<TextLine ID="line_39" HPOS="264" VPOS="2177" WIDTH="1589" HEIGHT="51">
							<String ID="string_222" HPOS="264" VPOS="2186" WIDTH="59" HEIGHT="33" WC="0.94" CONTENT="må"/><SP WIDTH="29" VPOS="2186" HPOS="323"/>
							<String ID="string_223" HPOS="352" VPOS="2183" WIDTH="104" HEIGHT="36" WC="0.94" CONTENT="tiden"/><SP WIDTH="30" VPOS="2183" HPOS="456"/>
							<String ID="string_224" HPOS="486" VPOS="2182" WIDTH="59" HEIGHT="36" WC="0.93" CONTENT="för"/><SP WIDTH="28" VPOS="2182" HPOS="545"/>
							<String ID="string_225" HPOS="573" VPOS="2182" WIDTH="257" HEIGHT="36" WC="0.91" CONTENT="straffarbetet"/><SP WIDTH="28" VPOS="2182" HPOS="830"/>
							<String ID="string_226" HPOS="858" VPOS="2180" WIDTH="58" HEIGHT="37" WC="0.95" CONTENT="till"/><SP WIDTH="21" VPOS="2180" HPOS="916"/>
							<String ID="string_227" HPOS="937" VPOS="2183" WIDTH="65" HEIGHT="34" WC="0.96" CONTENT="två"/><SP WIDTH="16" VPOS="2183" HPOS="1002"/>
							<String ID="string_228" HPOS="1018" VPOS="2183" WIDTH="39" HEIGHT="33" WC="0.96" CONTENT="år"/><SP WIDTH="15" VPOS="2183" HPOS="1057"/>
							<String ID="string_229" HPOS="1072" VPOS="2180" WIDTH="128" HEIGHT="48" WC="0.96" CONTENT="höjas:"/><SP WIDTH="18" VPOS="2180" HPOS="1200"/>
							<String ID="string_230" HPOS="1218" VPOS="2184" WIDTH="64" HEIGHT="31" WC="0.96" CONTENT="äro"/><SP WIDTH="17" VPOS="2184" HPOS="1282"/>
							<String ID="string_231" HPOS="1299" VPOS="2178" WIDTH="46" HEIGHT="37" WC="0.96" CONTENT="de"/><SP WIDTH="17" VPOS="2178" HPOS="1345"/>
							<String ID="string_232" HPOS="1362" VPOS="2177" WIDTH="249" HEIGHT="50" WC="0.92" CONTENT="synnerligen"/><SP WIDTH="19" VPOS="2177" HPOS="1611"/>
							<String ID="string_233" HPOS="1630" VPOS="2177" WIDTH="223" HEIGHT="45" WC="0.91" CONTENT="mildrande;"/>
						</TextLine>
						<TextLine ID="line_40" HPOS="264" VPOS="2231" WIDTH="1010" HEIGHT="52">
							<String ID="string_234" HPOS="264" VPOS="2238" WIDTH="60" HEIGHT="33" WC="0.95" CONTENT="må"/><SP WIDTH="29" VPOS="2238" HPOS="324"/>
							<String ID="string_235" HPOS="353" VPOS="2234" WIDTH="58" HEIGHT="37" WC="0.96" CONTENT="till"/><SP WIDTH="28" VPOS="2234" HPOS="411"/>
							<String ID="string_236" HPOS="439" VPOS="2234" WIDTH="172" HEIGHT="49" WC="0.96" CONTENT="fängelse"/><SP WIDTH="28" VPOS="2234" HPOS="611"/>
							<String ID="string_237" HPOS="639" VPOS="2234" WIDTH="12" HEIGHT="36" WC="0.96" CONTENT="i"/><SP WIDTH="29" VPOS="2234" HPOS="651"/>
							<String ID="string_238" HPOS="680" VPOS="2234" WIDTH="117" HEIGHT="48" WC="0.96" CONTENT="högst"/><SP WIDTH="27" VPOS="2234" HPOS="797"/>
							<String ID="string_239" HPOS="824" VPOS="2246" WIDTH="69" HEIGHT="24" WC="0.96" CONTENT="sex"/><SP WIDTH="28" VPOS="2246" HPOS="893"/>
							<String ID="string_240" HPOS="921" VPOS="2232" WIDTH="181" HEIGHT="36" WC="0.96" CONTENT="månader"/><SP WIDTH="28" VPOS="2232" HPOS="1102"/>
							<String ID="string_241" HPOS="1130" VPOS="2231" WIDTH="144" HEIGHT="37" WC="0.96" CONTENT="dömas."/>
						</TextLine>
					</TextBlock>
					<TextBlock ID="block_18" HPOS="263" VPOS="2280" WIDTH="1595" HEIGHT="159">
						<TextLine ID="line_41" HPOS="392" VPOS="2280" WIDTH="1463" HEIGHT="55">
							<String ID="string_242" HPOS="392" VPOS="2286" WIDTH="79" HEIGHT="38" WC="0.96" CONTENT="Går"/><SP WIDTH="27" VPOS="2286" HPOS="471"/>
							<String ID="string_243" HPOS="498" VPOS="2286" WIDTH="133" HEIGHT="37" WC="0.96" CONTENT="värdet"/><SP WIDTH="28" VPOS="2286" HPOS="631"/>
							<String ID="string_244" HPOS="659" VPOS="2286" WIDTH="34" HEIGHT="49" WC="0.95" CONTENT="ej"/><SP WIDTH="26" VPOS="2286" HPOS="693"/>
							<String ID="string_245" HPOS="719" VPOS="2286" WIDTH="107" HEIGHT="36" WC="0.96" CONTENT="öfver"/><SP WIDTH="29" VPOS="2286" HPOS="826"/>
							<String ID="string_246" HPOS="855" VPOS="2285" WIDTH="143" HEIGHT="36" WC="0.92" CONTENT="femton"/><SP WIDTH="29" VPOS="2285" HPOS="998"/>
							<String ID="string_247" HPOS="1027" VPOS="2283" WIDTH="217" HEIGHT="46" WC="0.92" CONTENT="Riksdaler;"/><SP WIDTH="25" VPOS="2283" HPOS="1244"/>
							<String ID="string_248" HPOS="1269" VPOS="2283" WIDTH="46" HEIGHT="36" WC="0.96" CONTENT="då"/><SP WIDTH="29" VPOS="2283" HPOS="1315"/>
							<String ID="string_249" HPOS="1344" VPOS="2281" WIDTH="107" HEIGHT="48" WC="0.96" CONTENT="skall,"/><SP WIDTH="31" VPOS="2281" HPOS="1451"/>
							<String ID="string_250" HPOS="1482" VPOS="2281" WIDTH="66" HEIGHT="37" WC="0.93" CONTENT="der"/><SP WIDTH="28" VPOS="2281" HPOS="1548"/>
							<String ID="string_251" HPOS="1576" VPOS="2281" WIDTH="33" HEIGHT="49" WC="0.92" CONTENT="ej"/><SP WIDTH="31" VPOS="2281" HPOS="1609"/>
							<String ID="string_252" HPOS="1640" VPOS="2280" WIDTH="215" HEIGHT="50" WC="0.92" CONTENT="gerningen"/>
						</TextLine>
						<TextLine ID="line_42" HPOS="264" VPOS="2332" WIDTH="1594" HEIGHT="55">
							<String ID="string_253" HPOS="264" VPOS="2339" WIDTH="95" HEIGHT="37" WC="0.96" CONTENT="efter"/><SP WIDTH="28" VPOS="2339" HPOS="359"/>
							<String ID="string_254" HPOS="387" VPOS="2342" WIDTH="34" HEIGHT="45" WC="0.95" CONTENT="4,"/><SP WIDTH="33" VPOS="2342" HPOS="421"/>
							<String ID="string_255" HPOS="454" VPOS="2341" WIDTH="32" HEIGHT="46" WC="0.96" CONTENT="6,"/><SP WIDTH="33" VPOS="2341" HPOS="486"/>
							<String ID="string_256" HPOS="519" VPOS="2341" WIDTH="20" HEIGHT="34" WC="0.96" CONTENT="8"/><SP WIDTH="30" VPOS="2341" HPOS="539"/>
							<String ID="string_257" HPOS="569" VPOS="2338" WIDTH="91" HEIGHT="37" WC="0.96" CONTENT="eller"/><SP WIDTH="30" VPOS="2338" HPOS="660"/>
							<String ID="string_258" HPOS="690" VPOS="2340" WIDTH="20" HEIGHT="34" WC="0.93" CONTENT="9"/><SP WIDTH="27" VPOS="2340" HPOS="710"/>
							<String ID="string_259" HPOS="737" VPOS="2337" WIDTH="21" HEIGHT="50" WC="0.82" CONTENT="&amp;"/><SP WIDTH="29" VPOS="2337" HPOS="758"/>
							<String ID="string_260" HPOS="787" VPOS="2337" WIDTH="68" HEIGHT="37" WC="0.96" CONTENT="bör"/><SP WIDTH="43" VPOS="2337" HPOS="855"/>
							<String ID="string_261" HPOS="898" VPOS="2336" WIDTH="224" HEIGHT="37" WC="0.96" CONTENT="annorledes"/><SP WIDTH="42" VPOS="2336" HPOS="1122"/>
							<String ID="string_262" HPOS="1164" VPOS="2348" WIDTH="126" HEIGHT="35" WC="0.96" CONTENT="anses,"/><SP WIDTH="42" VPOS="2348" HPOS="1290"/>
							<String ID="string_263" HPOS="1332" VPOS="2334" WIDTH="58" HEIGHT="37" WC="0.96" CONTENT="för"/><SP WIDTH="41" VPOS="2334" HPOS="1390"/>
							<String ID="string_264" HPOS="1431" VPOS="2333" WIDTH="160" HEIGHT="37" WC="0.96" CONTENT="snatteri"/><SP WIDTH="45" VPOS="2333" HPOS="1591"/>
							<String ID="string_265" HPOS="1636" VPOS="2333" WIDTH="132" HEIGHT="37" WC="0.95" CONTENT="dömas"/><SP WIDTH="32" VPOS="2333" HPOS="1768"/>
							<String ID="string_266" HPOS="1800" VPOS="2332" WIDTH="58" HEIGHT="39" WC="0.90" CONTENT="till"/>
						</TextLine>
						<TextLine ID="line_43" HPOS="263" VPOS="2388" WIDTH="926" HEIGHT="51">
							<String ID="string_267" HPOS="263" VPOS="2392" WIDTH="109" HEIGHT="37" WC="0.95" CONTENT="böter"/><SP WIDTH="29" VPOS="2392" HPOS="372"/>
							<String ID="string_268" HPOS="401" VPOS="2391" WIDTH="90" HEIGHT="37" WC="0.95" CONTENT="eller"/><SP WIDTH="29" VPOS="2391" HPOS="491"/>
							<String ID="string_269" HPOS="520" VPOS="2391" WIDTH="174" HEIGHT="48" WC="0.95" CONTENT="fängelse"/><SP WIDTH="28" VPOS="2391" HPOS="694"/>
							<String ID="string_270" HPOS="722" VPOS="2389" WIDTH="13" HEIGHT="37" WC="0.96" CONTENT="i"/><SP WIDTH="24" VPOS="2389" HPOS="735"/>
							<String ID="string_271" HPOS="759" VPOS="2390" WIDTH="116" HEIGHT="49" WC="0.96" CONTENT="högst"/><SP WIDTH="28" VPOS="2390" HPOS="875"/>
							<String ID="string_272" HPOS="903" VPOS="2402" WIDTH="67" HEIGHT="24" WC="0.96" CONTENT="sex"/><SP WIDTH="30" VPOS="2402" HPOS="970"/>
							<String ID="string_273" HPOS="1000" VPOS="2388" WIDTH="189" HEIGHT="37" WC="0.96" CONTENT="månader."/>
						</TextLine>
					</TextBlock>
				</ComposedBlock>
			</PrintSpace>
		</Page>
	</Layout>
</alto>
