2240 2688
457 227 41 31 98
924 227 235 42 Lagutskottets
1189 227 170 35 Utlåtande
1381 229 63 33 N:o
1466 231 50 31 44,

1034 520 347 37 Reservationer:

537 675 42 37 af
603 675 88 37 herr
720 676 226 49 Lilienberg:
974 676 37 36 »I
1053 675 293 38 nedannämnda
1379 675 245 38 hänseenden
1656 676 69 37 har
1746 676 71 49 jag
1841 676 98 38 varit
1967 677 42 37 af

410 727 200 49 skiljaktig
638 728 166 48 mening.

1057 887 25 34 2
1111 885 97 48 Kap.
1244 885 42 36 19
1313 886 37 47 $.

535 989 17 36 I
580 989 108 49 fråga
718 1002 58 23 om
807 988 193 51 påföljden
1030 989 137 36 förlust
1196 989 41 36 af
1260 988 305 50 medborgerligt
1594 989 216 37 förtroende
1848 990 69 36 har
1931 991 71 49 jag

407 1047 127 32 ansett
578 1041 64 37 det
683 1041 84 37 icke
806 1055 91 23 vara
938 1041 141 49 rådligt
1121 1047 67 42 att,
1231 1045 123 33 såsom
1385 1042 89 36 herr
1503 1042 195 36 Broström
1728 1042 10 35 1
1769 1042 58 36 sin
1857 1042 144 37 motion

405 1094 127 49 yrkat,
575 1094 74 36 låta
692 1094 222 36 densamma
955 1108 44 22 ur
1040 1094 298 48 lagstiftningen
1381 1094 207 37 försvinna.
1644 1094 134 50 Enligt
1813 1095 86 36 mitt
1926 1095 74 37 för-

406 1146 190 37 menande
639 1146 123 36 skulle
804 1146 64 37 det
896 1146 84 37 icke
1009 1159 91 24 vara
1127 1146 225 37 välbetänkt
1377 1153 55 30 att
1460 1150 49 46 på
1537 1147 104 36 detta
1670 1152 77 31 sätt
1775 1147 110 50 bryta
1914 1147 86 37 med

405 1199 73 35 den
521 1199 69 36 hos
629 1198 278 48 befolkningen
937 1199 12 35 i
979 1202 83 32 vårt
1092 1199 88 35 land
1211 1198 108 49 djupt
1347 1200 131 35 rotade
1503 1199 317 49 föreställningen
1846 1213 59 23 om
1937 1199 63 37 det

404 1250 285 48 vanhedrande,
738 1263 81 23 som
850 1250 127 49 ligger
1004 1251 12 35 i
1045 1249 104 38 vissa
1179 1250 111 49 brott,
1320 1250 159 37 hvilken
1508 1251 270 50 föreställning
1806 1252 99 48 tagit
1934 1251 67 37 sitt

403 1303 155 49 uttryck
599 1302 12 37 i
649 1302 126 37 denna
803 1302 154 37 fordran
988 1306 47 46 på
1063 1303 75 49 god
1169 1303 107 49 frejd,
1307 1316 79 23 som
1417 1303 10 35 i
1456 1303 107 50 lagar
1588 1303 69 37 och
1687 1303 274 49 författningar
1987 1303 12 36 1

405 1358 41 34 så
489 1359 140 45 många
667 1355 65 36 fall
777 1359 40 32 är
858 1355 179 50 uppstäld
1082 1358 124 33 såsom
1233 1355 125 37 vilkor
1386 1355 58 37 för
1472 1356 211 37 utöfvande
1713 1356 42 37 af
1778 1355 220 51 borgerliga

405 1407 241 49 rättigheter.

533 1460 87 36 Men
645 1460 120 49 jemte
799 1459 65 37 det
887 1459 70 49 jag
997 1459 116 50 hyser
1141 1460 126 36 denna
1296 1460 112 49 åsigt,
1438 1473 112 24 anser
1573 1461 69 49 jag
1670 1461 64 36 det
1762 1474 90 24 vara
1881 1474 117 36 ange-

402 1512 116 49 läget,
548 1517 56 31 att
632 1512 45 36 de
707 1512 149 48 hinder,
885 1513 73 35 den
987 1511 290 49 ifrågavarande
1306 1513 193 49 påföljden
1530 1514 190 36 medförer
1739 1514 58 36 för
1812 1513 85 48 den,
1915 1527 82 23 som

404 1564 181 37 drabbats
627 1564 41 36 af
693 1564 231 48 densamma,
956 1569 55 31 att
1040 1564 162 49 försörja
1231 1565 72 48 sig,
1335 1565 6 36 i
1371 1565 219 49 möjligaste
1621 1568 86 34 mån
1737 1566 260 48 undanrödjas

402 1616 68 38 och
508 1617 72 48 jag
622 1617 75 36 kan
734 1616 59 37 för
817 1616 115 48 ingen
962 1616 60 36 del
1050 1616 204 50 godkänna
1282 1617 86 49 Nya
1396 1617 373 50 Lagberedningens
1799 1617 112 49 åsigt,
1941 1623 56 31 att

401 1669 105 36 detta
534 1682 91 23 vore
650 1674 55 30 ett
733 1673 124 43 ämne,
887 1669 182 36 hvarmed
1098 1669 409 49 strafflagstiftningen
1535 1670 84 36 icke
1648 1670 97 48 egde
1779 1675 56 32 att
1852 1670 143 36 befatta

402 1721 72 48 sig.
530 1720 56 37 Då
615 1721 107 48 fråga
751 1725 52 43 är,
834 1720 188 37 huruvida
1051 1734 45 23 en
1127 1721 165 36 straffart
1313 1722 97 36 skall
1429 1722 232 36 fortfarande
1678 1722 211 37 bibehållas
1906 1721 90 37 eller

402 1773 96 47 icke,
528 1775 119 34 måste
688 1786 88 23 man
805 1772 62 37 väl
895 1773 114 47 tillse,
1039 1773 96 36 huru
1157 1773 146 37 straffet
1332 1774 137 37 verkar
1498 1774 70 36 och
1597 1774 101 37 hvad
1727 1787 80 24 som
1838 1774 76 36 kan
1943 1776 54 34 åt-

401 1829 114 45 göras
558 1824 58 37 för
658 1830 55 31 att
755 1825 178 48 borttaga
961 1825 92 36 eller
1082 1825 135 36 mildra
1245 1826 245 50 verkningar,
1521 1826 131 36 hvilka
1681 1840 88 22 man
1799 1826 195 48 beklagar.

529 1877 113 37 Hvad
684 1890 50 23 nu
780 1877 177 36 beträffar
986 1877 74 36 den
1084 1877 186 37 inverkan
1299 1879 193 49 påföljden
1521 1878 135 37 förlust
1686 1879 42 36 af
1751 1878 244 50 medborger-

400 1928 73 49 ligt
510 1929 219 36 förtroende
758 1929 74 36 kan
862 1929 180 47 medföra,
1072 1929 46 37 då
1147 1929 109 49 fråga
1285 1935 41 32 är
1354 1944 60 23 om
1432 1931 71 36 den
1531 1931 200 37 straffades
1757 1931 238 48 anställning

399 1980 70 37 hos
511 1981 172 36 enskilde
726 1981 289 49 arbetsgifvare,
1060 1984 40 33 så
1128 1982 106 36 torde
1263 1982 295 50 lagstiftningen
1588 1983 86 36 icke
1703 1983 134 36 härvid
1866 1983 129 35 kunna

400 2032 118 38 verka
561 2010 319 60 bestämmande.
915 2011 100 71 Nya
1042 2033 350 50 Lagberedningen
1430 2035 169 48 föreslog
1628 2035 240 50 visserligen,
1900 2034 93 37 att
1971 2029 24 60 i

399 2084 64 50 lag
505 2085 121 37 skulle
670 2085 158 49 stadgas
871 2085 135 37 förbud
1050 2085 58 37 för
1148 2088 287 49 presterskapet
1459 2093 55 31 att
1542 2087 12 36 i
1572 2060 135 81 betyg,
1739 2101 79 23 som
1850 2089 49 48 på
1927 2086 65 37 be-

398 2142 122 43 gäran
562 2137 244 38 meddelades
850 2137 58 37 för
949 2137 194 37 vinnande
1173 2138 41 36 af
1238 2139 236 50 anställning
1498 2140 69 36 hos
1593 2113 186 79 enskilde,
1809 2145 95 44 göra
1929 2152 65 23 an-

398 2189 187 50 teckning
614 2203 60 24 om
704 2190 108 48 frejd,
842 2203 99 35 men,
972 2193 125 33 såsom
1128 2190 64 36 det
1219 2191 67 36 vill
1315 2205 116 36 synas
1459 2195 49 59 på
1536 2192 102 48 goda
1666 2191 95 48 skäl,
1792 2192 68 36 har
1889 2191 105 36 detta

397 2240 146 60 förslag
558 2219 109 61 "icke
710 2242 42 35 af
787 2219 232 71 regeringen
1062 2242 180 47 antagits.
1299 2244 129 36 Annat
1456 2249 41 31 är
1525 2244 171 36 deremot
1725 2219 267 78 förhållandet,

398 2292 66 37 der
493 2294 10 36 i
534 2295 107 50 lagar
683 2293 71 37 och
783 2293 272 50 författningar
1083 2272 94 70 god
1189 2295 97 49 frejd
1314 2296 212 49 uppställas
1556 2298 124 34 såsom
1711 2296 125 37 vilkor
1864 2295 57 37 för
1937 2272 57 60 ut-

396 2344 163 39 öfvande
588 2347 43 37 af
660 2346 140 48 näring
838 2346 91 36 eller
956 2346 107 49 yrke.
1120 2345 66 37 Ett
1215 2309 134 75 sådant
1378 2348 124 37 vilkor
1528 2348 69 36 bör
1625 2348 130 37 kunna
1784 2348 208 48 borttagas,

396 2410 60 24 om
489 2398 85 38 icke
604 2399 109 37 öfver
742 2397 79 49 allt,
849 2398 66 36 der
943 2399 64 36 det
1037 2397 266 51 förekommer,
1334 2403 40 34 så
1390 2400 232 37 åtminstone
1651 2413 44 24 ur
1715 2400 72 38 den
1803 2400 190 37 allmänna
