2216 2681
650 239 386 32 Konsilutionsutskottets
1062 240 166 31 Memorial
1251 240 61 31 N:o
1336 242 30 29 8.
1473 281 2 2 |
1757 241 17 30 d

359 319 131 37 Såsom
520 318 40 37 af
585 319 282 37 ofvannämnda
895 319 189 49 protokoll
1110 319 105 37 öfver
1244 320 413 37 ecklesiastikärenden
1680 320 73 37 den
1771 324 44 34 31

229 372 147 49 januari
406 372 68 36 och
505 372 72 36 den
607 374 19 35 9
658 372 72 49 maj
764 374 96 34 1890
889 372 200 48 inhemtas,
1120 372 220 37 faststäldes
1368 386 138 36 genom
1528 373 129 49 kongl.
1676 373 142 37 resolu-

227 424 133 37 tionen
385 424 73 36 den
491 426 43 34 18
565 424 201 37 december
799 426 95 34 1874
923 424 58 36 för
1009 425 285 49 presterskapet
1321 426 10 35 i
1363 425 55 37 S:t
1447 425 116 37 Klara
1591 426 227 48 församling

229 477 10 35 i
270 476 224 36 Stockholm
524 477 70 35 och
622 489 138 35 genom
792 476 127 48 kongl.
951 476 259 37 resolutionen
1241 477 70 36 den
1344 480 46 33 30
1421 477 199 37 december
1644 480 95 34 1874
1760 478 59 36 för

227 528 290 50 presterskapet
545 528 11 36 i
582 528 146 37 Jakobs
771 528 69 37 och
869 528 188 36 Johannis
1087 528 224 49 församling
1340 529 344 37 dersammastädes
1714 530 102 36 löne-

228 580 196 49 reglering
465 585 56 31 att
562 580 101 49 gälla
694 580 120 37 under
844 593 45 23 en
919 580 55 37 tid
1005 580 40 36 af
1070 582 47 35 50
1147 584 49 34 år.
1253 581 142 37 Dervid
1423 581 251 37 förordnades
1704 582 111 37 bland

229 638 120 31 annat
387 633 74 35 dels
504 638 55 30 att
592 632 85 37 utaf
701 633 44 36 de
776 632 133 48 medel,
940 646 80 22 som
1050 633 56 36 till
1136 634 304 49 presterskapets
1470 633 171 49 aflöning
1671 634 145 49 årligen

230 684 114 37 borde
374 684 41 36 af
439 684 320 50 församlingarna
787 689 168 43 utgöras,
987 685 269 48 kyrkoherden
1287 686 122 36 skulle
1439 685 246 37 erhålla
1599 680 23 58 i
1639 680 56 58 S:t
1702 687 115 36 Klara

230 736 228 49 församling
500 739 111 45 3,154
654 736 186 42 kubikfot,
879 737 10 36 1
922 736 146 37 Jakobs
1113 737 66 36 och
1224 737 187 37 Johannis
1446 738 226 49 församling
1706 741 110 45 3,159

230 789 176 37 kubikfot
435 789 173 49 spanmål
632 789 130 49 jemte,
793 789 77 36 lika
899 789 9 35 i
938 789 96 36 båda
1063 789 329 49 församlingarna,
1423 793 109 42 2,375
1563 791 140 36 kronor
1720 797 96 30 samt

229 841 186 36 hvardera
444 841 40 36 af
508 841 338 49 församlingarnes
876 841 283 36 komministrar
1192 844 108 45 1,328
1330 842 177 36 kubikfot
1535 844 184 48 spanmål,
1750 843 66 35 allt

228 893 144 37 hälften
415 896 68 46 råg
511 893 70 37 och
611 893 143 38 hälften
784 893 107 48 korn,
920 893 70 36 och
1022 895 108 46 1,000
1161 894 149 47 kronor,
1342 895 75 36 dels
1447 900 55 31 att
1530 895 45 36 de
1604 895 11 35 i
1645 895 170 49 spanmål

229 946 198 36 bestämda
467 945 239 37 lönemedlen
749 945 121 37 skulle
904 945 100 37 lösas
1041 946 94 36 efter
1165 947 154 48 tioårigt
1348 947 466 49 medelmarkegångspris

231 998 57 36 för
317 998 243 36 Stockholms
589 998 74 37 län.

355 1050 56 36 Då
452 1049 210 37 emellertid
703 1049 162 37 berörda
906 1050 210 49 spanmåls-
1158 1051 70 36 och
1271 1051 315 49 penningelöner,
1630 1064 78 24 som
1752 1051 63 37 vid

228 1102 266 49 regleringens
537 1101 283 37 verkställande
862 1102 11 35 i
915 1102 96 36 båda
1042 1102 317 49 församlingarne
1387 1103 207 37 beräknats
1624 1110 191 30 motsvara

228 1153 284 49 sammanlagdt
541 1156 111 46 9,500
682 1154 141 37 kronor
851 1153 58 37 för
937 1154 242 49 kyrkoherde
1209 1155 70 36 och
1307 1157 113 45 4,000
1450 1155 140 37 kronor
1619 1156 57 36 för
1704 1156 110 36 hvar-

227 1206 91 36 dera
348 1206 41 36 af
413 1206 334 36 komministrarne
777 1206 120 36 under
926 1206 46 36 de
1001 1219 133 24 senare
1163 1210 87 33 åren
1281 1208 55 35 till
1366 1207 89 49 följd
1486 1208 41 35 af
1541 1208 274 49 markegångs-

227 1258 149 49 prisens
405 1257 164 37 fallande
599 1258 67 36 allt
695 1272 78 22 mer
803 1258 70 37 och
903 1272 80 22 mer
1012 1259 232 48 understigit
1270 1260 112 35 dessa
1402 1259 150 50 belopp,
1574 1260 152 36 anhöllo
1746 1260 68 36 hos

230 1310 137 48 Kongl.
412 1310 106 49 Maj:t
552 1311 73 36 dels
656 1310 56 37 S:t
740 1310 116 37 Klara
885 1310 223 49 församling
1136 1324 138 35 genom
1305 1311 87 37 dess
1421 1311 203 49 kyrkoråd,
1653 1311 12 36 i
1695 1312 121 48 enlig-

227 1363 65 35 het
322 1362 84 36 med
435 1362 294 48 församlingens
755 1365 20 33 å
804 1362 286 49 kyrkostämma
1119 1363 72 36 den
1222 1366 18 33 7
1272 1363 158 37 oktober
1462 1366 93 34 1889
1592 1364 140 36 fattade
1753 1364 63 36 be-

228 1414 87 47 slut,
359 1419 54 31 att
455 1414 63 37 det
560 1418 116 33 måtte
717 1414 117 37 varda
875 1415 202 48 bestämdt,
1108 1419 55 32 att
1190 1415 297 49 lösningspriset
1515 1416 57 36 för
1600 1415 73 37 den
1702 1416 9 36 i
1742 1416 72 35 för-

228 1465 237 49 samlingens
508 1466 269 49 presterskaps
819 1466 108 37 löner
955 1466 189 49 ingående
1173 1468 172 48 spanmål
1371 1467 81 37 icke
1482 1470 114 34 måtte
1626 1467 189 37 beräknas

228 1518 106 49 lägre
376 1523 47 31 än
467 1518 63 36 det
573 1518 62 37 vid
677 1519 265 49 regleringens
986 1519 253 49 upprättande
1269 1520 166 47 afsedda,
1465 1520 91 36 eller
1585 1523 63 33 två
1676 1520 140 36 kronor

231 1572 45 34 26
308 1576 64 31 öre
401 1570 58 36 för
488 1571 132 48 hvarje
650 1570 176 38 kubikfot
854 1571 189 49 spanmål;
1074 1572 74 35 dels
1176 1572 144 36 Jabobs
1350 1572 70 36 och
1450 1572 186 36 Johannis
1657 1572 159 36 försam-

229 1622 84 49 ling
341 1635 138 36 genom
512 1622 86 36 dess
629 1623 204 49 kyrkoråd,
862 1623 11 36 1
890 1623 171 48 enlighet
1077 1623 85 36 med
1180 1624 295 48 församlingens
1497 1627 15 33 å
1528 1624 288 49 kyrkostämma

228 1675 73 36 den
345 1677 46 34 20
415 1675 151 48 januari
604 1676 95 35 1890
734 1674 143 38 fattade
908 1676 134 45 beslut,
1072 1681 55 30 att
1160 1675 4 36 i
1195 1676 281 36 ofvannämnda
1505 1676 207 36 resolution
1743 1676 71 36 den

229 1728 47 35 30
319 1726 199 37 december
562 1729 96 34 1874
701 1730 114 34 måtte
857 1727 152 50 intagas
1050 1727 166 49 följande
1254 1728 228 49 stadgande:
1511 1729 158 36 »Derest
1697 1728 119 37 under

228 1782 120 45 något
377 1782 40 33 år
445 1779 45 36 de
518 1779 10 35 i
559 1780 170 48 spanmål
760 1779 196 37 bestämda
985 1779 238 37 lönemedlen
1252 1780 121 36 skulle
1402 1783 41 33 så
1472 1779 136 49 nedgå,
1639 1785 54 31 att
1713 1781 103 35 löne-

228 1844 174 23 summan
432 1831 150 36 komme
611 1837 55 30 att
694 1831 223 49 understiga
946 1833 111 46 9,500
1087 1832 139 36 kronor
1255 1832 57 36 för
1335 1832 264 49 kyrkoherden
1618 1832 69 36 och
1704 1835 111 43 4,000

228 1883 141 36 kronor
396 1883 59 37 för
483 1883 94 36 hvar
605 1883 70 37 och
704 1897 46 23 en
781 1883 40 37 af
836 1884 346 47 komministrarne,
1202 1884 106 49 höjes
1325 1884 63 36 det
1405 1884 183 37 kontanta
1604 1884 212 49 aflönings-

230 1934 187 49 bidraget,
448 1938 40 33 så
518 1941 54 30 att
600 1935 156 37 lönerna
785 1939 130 46 uppgå
942 1936 58 36 till
1029 1936 165 36 nämnda
1223 1936 170 49 belopp.»

358 1987 55 36 De
456 1987 41 36 af
533 1987 159 37 berörda
735 1988 268 48 församlingar
1039 1988 158 36 sålunda
1227 1988 132 49 gjorda
1388 1987 261 49 ansökningar
1678 1988 136 48 blefvo,

229 2041 125 34 såsom
397 2039 113 36 ofvan
553 2040 227 36 omnämnda
815 2039 188 50 protokoll
1037 2040 106 37 öfver
1171 2039 413 37 ecklesiastikärenden
1612 2041 138 47 utvisa,
1780 2042 41 35 af

229 2091 139 48 Kongl.
400 2091 106 48 Maj:t
535 2092 95 35 efter
659 2092 274 48 föredragning
966 2092 41 35 af
1034 2092 133 36 chefen
1189 2092 57 36 för
1266 2092 551 48 ecklesiastikdepartementet

229 2145 47 46 på
313 2142 217 50 tillstyrkan
572 2143 41 36 af
650 2144 206 36 statsrådet
899 2144 166 47 bifallna,
1103 2144 231 37 beträffande
1364 2144 56 37 S:t
1450 2143 112 36 Klara
1592 2144 224 49 församling

229 2194 120 48 enligt
380 2195 123 36 beslut
532 2195 72 37 den
635 2198 44 33 31
706 2196 151 48 januari
891 2198 107 45 1890,
1020 2197 68 35 och
1109 2196 233 37 beträffande
1362 2196 145 38 Jakobs
1529 2196 68 36 och
1618 2197 197 36 Johannes

229 2246 226 50 församling
484 2247 122 48 enligt
634 2248 124 36 beslut
786 2248 72 36 den
887 2251 19 33 9
938 2248 71 49 maj
1045 2250 106 35 1890.

332 2299 141 49 Kongl.
502 2300 126 49 Maj:ts
658 2299 159 37 berörda
837 2300 123 37 beslut
979 2300 183 37 innebära
1184 2300 72 37 den
1277 2301 162 48 ändring
1459 2300 54 37 uti
1535 2301 45 36 de
1601 2301 57 36 för
1678 2300 139 50 ifråga-

230 2351 166 37 varande
425 2352 269 50 församlingar
722 2352 57 37 för
808 2366 46 24 en
883 2352 54 38 tid
967 2353 41 36 af
1032 2354 46 35 50
1108 2355 39 34 år
1175 2353 201 37 faststälda
1403 2352 338 50 löneregleringar,
1763 2359 54 31 att
