<?xml version="1.0" encoding="UTF-8"?>
<alto xmlns="http://www.loc.gov/standards/alto/ns-v3#" xmlns:xlink="http://www.w3.org/1999/xlink" xmlns:xsi="http://www.w3.org/2001/XMLSchema-instance" xsi:schemaLocation="http://www.loc.gov/standards/alto/ns-v3# http://www.loc.gov/alto/v3/alto-3-0.xsd">
	<Description>
		<MeasurementUnit>pixel</MeasurementUnit>
		<sourceImageInformation>
			<fileName>/tmp/tess_luz7tq1z_input.PNG</fileName>
		</sourceImageInformation>
		<OCRProcessing ID="OCR_0">
			<ocrProcessingStep>
				<processingSoftware>
					<softwareName>tesseract 5.3.0</softwareName>
				</processingSoftware>
			</ocrProcessingStep>
		</OCRProcessing>
	</Description>
	<Layout>
		<Page WIDTH="2220" HEIGHT="2692" PHYSICAL_IMG_NR="0" ID="page_0">
			<PrintSpace HPOS="0" VPOS="0" WIDTH="2220" HEIGHT="2692">
				<ComposedBlock ID="cblock_0" HPOS="419" VPOS="229" WIDTH="1146" HEIGHT="35">
					<TextBlock ID="block_0" HPOS="419" VPOS="229" WIDTH="1146" HEIGHT="35">
						<TextLine ID="line_0" HPOS="419" VPOS="229" WIDTH="1146" HEIGHT="35">
							<String ID="string_0" HPOS="419" VPOS="232" WIDTH="37" HEIGHT="29" WC="0.96" CONTENT="16"/><SP WIDTH="418" VPOS="232" HPOS="456"/>
							<String ID="string_1" HPOS="874" VPOS="229" WIDTH="370" HEIGHT="34" WC="0.91" CONTENT="Konstitutionsutskottets"/><SP WIDTH="25" VPOS="229" HPOS="1244"/>
							<String ID="string_2" HPOS="1269" VPOS="231" WIDTH="160" HEIGHT="33" WC="0.94" CONTENT="Memorial"/><SP WIDTH="21" VPOS="231" HPOS="1429"/>
							<String ID="string_3" HPOS="1450" VPOS="231" WIDTH="66" HEIGHT="33" WC="0.95" CONTENT="N:o"/><SP WIDTH="21" VPOS="231" HPOS="1516"/>
							<String ID="string_4" HPOS="1537" VPOS="233" WIDTH="28" HEIGHT="31" WC="0.96" CONTENT="8."/>
						</TextLine>
					</TextBlock>
				</ComposedBlock>
				<ComposedBlock ID="cblock_1" HPOS="406" VPOS="310" WIDTH="1618" HEIGHT="1995">
					<TextBlock ID="block_1" HPOS="414" VPOS="310" WIDTH="1610" HEIGHT="450">
						<TextLine ID="line_1" HPOS="416" VPOS="310" WIDTH="1608" HEIGHT="48">
							<String ID="string_5" HPOS="416" VPOS="310" WIDTH="210" HEIGHT="36" WC="0.93" CONTENT="häradsrätt"/><SP WIDTH="34" VPOS="310" HPOS="626"/>
							<String ID="string_6" HPOS="660" VPOS="310" WIDTH="210" HEIGHT="37" WC="0.91" CONTENT="afkunnadt"/><SP WIDTH="35" VPOS="310" HPOS="870"/>
							<String ID="string_7" HPOS="905" VPOS="313" WIDTH="122" HEIGHT="45" WC="0.96" CONTENT="utslag"/><SP WIDTH="35" VPOS="313" HPOS="1027"/>
							<String ID="string_8" HPOS="1062" VPOS="311" WIDTH="41" HEIGHT="36" WC="0.96" CONTENT="af"/><SP WIDTH="33" VPOS="311" HPOS="1103"/>
							<String ID="string_9" HPOS="1136" VPOS="312" WIDTH="70" HEIGHT="37" WC="0.96" CONTENT="den"/><SP WIDTH="31" VPOS="312" HPOS="1206"/>
							<String ID="string_10" HPOS="1237" VPOS="315" WIDTH="44" HEIGHT="34" WC="0.96" CONTENT="10"/><SP WIDTH="29" VPOS="315" HPOS="1281"/>
							<String ID="string_11" HPOS="1310" VPOS="313" WIDTH="156" HEIGHT="36" WC="0.96" CONTENT="oktober"/><SP WIDTH="29" VPOS="313" HPOS="1466"/>
							<String ID="string_12" HPOS="1495" VPOS="316" WIDTH="105" HEIGHT="41" WC="0.96" CONTENT="1890,"/><SP WIDTH="28" VPOS="316" HPOS="1600"/>
							<String ID="string_13" HPOS="1628" VPOS="314" WIDTH="11" HEIGHT="35" WC="0.96" CONTENT="i"/><SP WIDTH="27" VPOS="314" HPOS="1639"/>
							<String ID="string_14" HPOS="1666" VPOS="313" WIDTH="74" HEIGHT="36" WC="0.96" CONTENT="mål"/><SP WIDTH="27" VPOS="313" HPOS="1740"/>
							<String ID="string_15" HPOS="1767" VPOS="313" WIDTH="41" HEIGHT="37" WC="0.96" CONTENT="af"/><SP WIDTH="24" VPOS="313" HPOS="1808"/>
							<String ID="string_16" HPOS="1832" VPOS="315" WIDTH="192" HEIGHT="35" WC="0.96" CONTENT="enahanda"/>
						</TextLine>
						<TextLine ID="line_2" HPOS="418" VPOS="360" WIDTH="1606" HEIGHT="53">
							<String ID="string_17" HPOS="418" VPOS="360" WIDTH="261" HEIGHT="48" WC="0.94" CONTENT="beskaffenhet,"/><SP WIDTH="40" VPOS="360" HPOS="679"/>
							<String ID="string_18" HPOS="719" VPOS="376" WIDTH="80" HEIGHT="23" WC="0.96" CONTENT="som"/><SP WIDTH="39" VPOS="376" HPOS="799"/>
							<String ID="string_19" HPOS="838" VPOS="362" WIDTH="62" HEIGHT="38" WC="0.96" CONTENT="det"/><SP WIDTH="39" VPOS="362" HPOS="900"/>
							<String ID="string_20" HPOS="939" VPOS="364" WIDTH="67" HEIGHT="36" WC="0.93" CONTENT="här"/><SP WIDTH="40" VPOS="364" HPOS="1006"/>
							<String ID="string_21" HPOS="1046" VPOS="363" WIDTH="256" HEIGHT="47" WC="0.92" CONTENT="omhandlade,"/><SP WIDTH="41" VPOS="363" HPOS="1302"/>
							<String ID="string_22" HPOS="1343" VPOS="364" WIDTH="315" HEIGHT="49" WC="0.92" CONTENT="anhängiggjordt"/><SP WIDTH="38" VPOS="364" HPOS="1658"/>
							<String ID="string_23" HPOS="1696" VPOS="370" WIDTH="79" HEIGHT="31" WC="0.91" CONTENT="mot"/><SP WIDTH="40" VPOS="370" HPOS="1775"/>
							<String ID="string_24" HPOS="1815" VPOS="379" WIDTH="132" HEIGHT="33" WC="0.89" CONTENT="egaren"/><SP WIDTH="41" VPOS="379" HPOS="1947"/>
							<String ID="string_25" HPOS="1988" VPOS="366" WIDTH="36" HEIGHT="36" WC="0.91" CONTENT="af"/>
						</TextLine>
						<TextLine ID="line_3" HPOS="416" VPOS="392" WIDTH="1606" HEIGHT="74">
							<String ID="string_26" HPOS="416" VPOS="392" WIDTH="271" HEIGHT="68" WC="0.92" CONTENT="Trångsvikens"/><SP WIDTH="28" VPOS="392" HPOS="687"/>
							<String ID="string_27" HPOS="715" VPOS="414" WIDTH="162" HEIGHT="49" WC="0.96" CONTENT="sågverk,"/><SP WIDTH="28" VPOS="414" HPOS="877"/>
							<String ID="string_28" HPOS="905" VPOS="416" WIDTH="169" HEIGHT="48" WC="0.93" CONTENT="engelske"/><SP WIDTH="27" VPOS="416" HPOS="1074"/>
							<String ID="string_29" HPOS="1101" VPOS="415" WIDTH="219" HEIGHT="37" WC="0.92" CONTENT="undersåten"/><SP WIDTH="32" VPOS="415" HPOS="1320"/>
							<String ID="string_30" HPOS="1352" VPOS="416" WIDTH="115" HEIGHT="37" WC="0.90" CONTENT="Lewis"/><SP WIDTH="35" VPOS="416" HPOS="1467"/>
							<String ID="string_31" HPOS="1502" VPOS="416" WIDTH="129" HEIGHT="43" WC="0.96" CONTENT="Miller,"/><SP WIDTH="32" VPOS="416" HPOS="1631"/>
							<String ID="string_32" HPOS="1663" VPOS="395" WIDTH="261" HEIGHT="58" WC="0.92" CONTENT="förklarades"/><SP WIDTH="-19" VPOS="395" HPOS="1924"/>
							<String ID="string_33" HPOS="1905" VPOS="391" WIDTH="26" HEIGHT="79" WC="0.41" CONTENT="å"/><SP WIDTH="17" VPOS="391" HPOS="1931"/>
							<String ID="string_34" HPOS="1948" VPOS="431" WIDTH="74" HEIGHT="35" WC="0.88" CONTENT="nyo"/>
						</TextLine>
						<TextLine ID="line_4" HPOS="415" VPOS="447" WIDTH="1608" HEIGHT="70">
							<String ID="string_35" HPOS="415" VPOS="465" WIDTH="104" HEIGHT="36" WC="0.96" CONTENT="virke"/><SP WIDTH="26" VPOS="465" HPOS="519"/>
							<String ID="string_36" HPOS="545" VPOS="465" WIDTH="58" HEIGHT="36" WC="0.96" CONTENT="till"/><SP WIDTH="27" VPOS="465" HPOS="603"/>
							<String ID="string_37" HPOS="630" VPOS="471" WIDTH="51" HEIGHT="30" WC="0.96" CONTENT="ett"/><SP WIDTH="26" VPOS="471" HPOS="681"/>
							<String ID="string_38" HPOS="707" VPOS="465" WIDTH="112" HEIGHT="36" WC="0.95" CONTENT="värde"/><SP WIDTH="28" VPOS="465" HPOS="819"/>
							<String ID="string_39" HPOS="847" VPOS="466" WIDTH="40" HEIGHT="36" WC="0.95" CONTENT="af"/><SP WIDTH="25" VPOS="466" HPOS="887"/>
							<String ID="string_40" HPOS="912" VPOS="470" WIDTH="43" HEIGHT="33" WC="0.96" CONTENT="56"/><SP WIDTH="-3" VPOS="470" HPOS="955"/>
							<String ID="string_41" HPOS="952" VPOS="447" WIDTH="89" HEIGHT="63" WC="0.48" CONTENT="432"/><SP WIDTH="29" VPOS="447" HPOS="1041"/>
							<String ID="string_42" HPOS="1070" VPOS="467" WIDTH="140" HEIGHT="36" WC="0.93" CONTENT="kronor"/><SP WIDTH="26" VPOS="467" HPOS="1210"/>
							<String ID="string_43" HPOS="1236" VPOS="467" WIDTH="223" HEIGHT="45" WC="0.91" CONTENT="förverkadt,"/><SP WIDTH="29" VPOS="467" HPOS="1459"/>
							<String ID="string_44" HPOS="1488" VPOS="468" WIDTH="69" HEIGHT="35" WC="0.96" CONTENT="och"/><SP WIDTH="23" VPOS="468" HPOS="1557"/>
							<String ID="string_45" HPOS="1580" VPOS="469" WIDTH="119" HEIGHT="35" WC="0.96" CONTENT="skulle"/><SP WIDTH="15" VPOS="469" HPOS="1699"/>
							<String ID="string_46" HPOS="1714" VPOS="468" WIDTH="106" HEIGHT="36" WC="0.95" CONTENT="deraf"/><SP WIDTH="11" VPOS="468" HPOS="1820"/>
							<String ID="string_47" HPOS="1831" VPOS="482" WIDTH="42" HEIGHT="22" WC="0.92" CONTENT="en"/><SP WIDTH="21" VPOS="482" HPOS="1873"/>
							<String ID="string_48" HPOS="1894" VPOS="469" WIDTH="129" HEIGHT="48" WC="0.92" CONTENT="tredje-"/>
						</TextLine>
						<TextLine ID="line_5" HPOS="416" VPOS="497" WIDTH="1607" HEIGHT="70">
							<String ID="string_49" HPOS="416" VPOS="515" WIDTH="60" HEIGHT="38" WC="0.95" CONTENT="del"/><SP WIDTH="39" VPOS="515" HPOS="476"/>
							<String ID="string_50" HPOS="515" VPOS="515" WIDTH="150" HEIGHT="38" WC="0.93" CONTENT="tillfalla"/><SP WIDTH="39" VPOS="515" HPOS="665"/>
							<String ID="string_51" HPOS="704" VPOS="517" WIDTH="144" HEIGHT="37" WC="0.96" CONTENT="kronan"/><SP WIDTH="41" VPOS="517" HPOS="848"/>
							<String ID="string_52" HPOS="889" VPOS="519" WIDTH="66" HEIGHT="35" WC="0.96" CONTENT="och"/><SP WIDTH="36" VPOS="519" HPOS="955"/>
							<String ID="string_53" HPOS="991" VPOS="518" WIDTH="64" HEIGHT="36" WC="0.96" CONTENT="två"/><SP WIDTH="34" VPOS="518" HPOS="1055"/>
							<String ID="string_54" HPOS="1089" VPOS="518" WIDTH="221" HEIGHT="49" WC="0.96" CONTENT="tredjedelar"/><SP WIDTH="35" VPOS="518" HPOS="1310"/>
							<String ID="string_55" HPOS="1345" VPOS="497" WIDTH="208" HEIGHT="70" WC="0.96" CONTENT="åklagaren."/><SP WIDTH="52" VPOS="497" HPOS="1553"/>
							<String ID="string_56" HPOS="1605" VPOS="519" WIDTH="52" HEIGHT="36" WC="0.95" CONTENT="På"/><SP WIDTH="40" VPOS="519" HPOS="1657"/>
							<String ID="string_57" HPOS="1697" VPOS="519" WIDTH="39" HEIGHT="36" WC="0.94" CONTENT="af"/><SP WIDTH="37" VPOS="519" HPOS="1736"/>
							<String ID="string_58" HPOS="1773" VPOS="519" WIDTH="129" HEIGHT="46" WC="0.94" CONTENT="Miller,"/><SP WIDTH="42" VPOS="519" HPOS="1902"/>
							<String ID="string_59" HPOS="1944" VPOS="533" WIDTH="79" HEIGHT="23" WC="0.96" CONTENT="som"/>
						</TextLine>
						<TextLine ID="line_6" HPOS="415" VPOS="552" WIDTH="1608" HEIGHT="67">
							<String ID="string_60" HPOS="415" VPOS="567" WIDTH="81" HEIGHT="37" WC="0.96" CONTENT="icke"/><SP WIDTH="27" VPOS="567" HPOS="496"/>
							<String ID="string_61" HPOS="523" VPOS="567" WIDTH="123" HEIGHT="37" WC="0.96" CONTENT="anfört"/><SP WIDTH="26" VPOS="567" HPOS="646"/>
							<String ID="string_62" HPOS="672" VPOS="569" WIDTH="130" HEIGHT="36" WC="0.96" CONTENT="besvär"/><SP WIDTH="26" VPOS="569" HPOS="802"/>
							<String ID="string_63" HPOS="828" VPOS="568" WIDTH="103" HEIGHT="38" WC="0.92" CONTENT="öfver"/><SP WIDTH="26" VPOS="568" HPOS="931"/>
							<String ID="string_64" HPOS="957" VPOS="570" WIDTH="272" HEIGHT="37" WC="0.92" CONTENT="häradsrättens"/><SP WIDTH="27" VPOS="570" HPOS="1229"/>
							<String ID="string_65" HPOS="1256" VPOS="571" WIDTH="130" HEIGHT="46" WC="0.94" CONTENT="utslag,"/><SP WIDTH="28" VPOS="571" HPOS="1386"/>
							<String ID="string_66" HPOS="1414" VPOS="552" WIDTH="107" HEIGHT="67" WC="0.96" CONTENT="gjord"/><SP WIDTH="27" VPOS="552" HPOS="1521"/>
							<String ID="string_67" HPOS="1548" VPOS="571" WIDTH="270" HEIGHT="44" WC="0.95" CONTENT="nådeansökan,"/><SP WIDTH="21" VPOS="571" HPOS="1818"/>
							<String ID="string_68" HPOS="1839" VPOS="550" WIDTH="184" HEIGHT="58" WC="0.96" CONTENT="förklarar"/>
						</TextLine>
						<TextLine ID="line_7" HPOS="415" VPOS="618" WIDTH="1606" HEIGHT="53">
							<String ID="string_69" HPOS="415" VPOS="618" WIDTH="107" HEIGHT="38" WC="0.95" CONTENT="äfven"/><SP WIDTH="41" VPOS="618" HPOS="522"/>
							<String ID="string_70" HPOS="563" VPOS="633" WIDTH="52" HEIGHT="22" WC="0.95" CONTENT="nu"/><SP WIDTH="39" VPOS="633" HPOS="615"/>
							<String ID="string_71" HPOS="654" VPOS="619" WIDTH="132" HEIGHT="48" WC="0.92" CONTENT="Kongl."/><SP WIDTH="39" VPOS="619" HPOS="786"/>
							<String ID="string_72" HPOS="825" VPOS="620" WIDTH="111" HEIGHT="49" WC="0.92" CONTENT="Maj:t,"/><SP WIDTH="37" VPOS="620" HPOS="936"/>
							<String ID="string_73" HPOS="973" VPOS="622" WIDTH="114" HEIGHT="46" WC="0.96" CONTENT="enligt"/><SP WIDTH="34" VPOS="622" HPOS="1087"/>
							<String ID="string_74" HPOS="1121" VPOS="623" WIDTH="189" HEIGHT="46" WC="0.96" CONTENT="protokoll"/><SP WIDTH="36" VPOS="623" HPOS="1310"/>
							<String ID="string_75" HPOS="1346" VPOS="621" WIDTH="104" HEIGHT="37" WC="0.93" CONTENT="öfver"/><SP WIDTH="31" VPOS="621" HPOS="1450"/>
							<String ID="string_76" HPOS="1481" VPOS="622" WIDTH="304" HEIGHT="49" WC="0.44" CONTENT="justitieärenden"/><SP WIDTH="28" VPOS="622" HPOS="1785"/>
							<String ID="string_77" HPOS="1813" VPOS="601" WIDTH="40" HEIGHT="58" WC="0.96" CONTENT="af"/><SP WIDTH="23" VPOS="601" HPOS="1853"/>
							<String ID="string_78" HPOS="1876" VPOS="623" WIDTH="70" HEIGHT="36" WC="0.96" CONTENT="den"/><SP WIDTH="31" VPOS="623" HPOS="1946"/>
							<String ID="string_79" HPOS="1977" VPOS="626" WIDTH="44" HEIGHT="34" WC="0.96" CONTENT="14"/>
						</TextLine>
						<TextLine ID="line_8" HPOS="414" VPOS="647" WIDTH="1608" HEIGHT="77">
							<String ID="string_80" HPOS="414" VPOS="667" WIDTH="200" HEIGHT="56" WC="0.96" CONTENT="november"/><SP WIDTH="44" VPOS="667" HPOS="614"/>
							<String ID="string_81" HPOS="658" VPOS="647" WIDTH="103" HEIGHT="77" WC="0.94" CONTENT="1890,"/><SP WIDTH="40" VPOS="647" HPOS="761"/>
							<String ID="string_82" HPOS="801" VPOS="673" WIDTH="12" HEIGHT="35" WC="0.93" CONTENT="i"/><SP WIDTH="41" VPOS="673" HPOS="813"/>
							<String ID="string_83" HPOS="854" VPOS="673" WIDTH="162" HEIGHT="46" WC="0.95" CONTENT="enlighet"/><SP WIDTH="31" VPOS="673" HPOS="1016"/>
							<String ID="string_84" HPOS="1047" VPOS="651" WIDTH="91" HEIGHT="59" WC="0.95" CONTENT="med"/><SP WIDTH="40" VPOS="651" HPOS="1138"/>
							<String ID="string_85" HPOS="1178" VPOS="674" WIDTH="131" HEIGHT="46" WC="0.96" CONTENT="högsta"/><SP WIDTH="39" VPOS="674" HPOS="1309"/>
							<String ID="string_86" HPOS="1348" VPOS="674" WIDTH="223" HEIGHT="36" WC="0.95" CONTENT="domstolens"/><SP WIDTH="40" VPOS="674" HPOS="1571"/>
							<String ID="string_87" HPOS="1611" VPOS="675" WIDTH="223" HEIGHT="49" WC="0.93" CONTENT="tillstyrkan,"/><SP WIDTH="40" VPOS="675" HPOS="1834"/>
							<String ID="string_88" HPOS="1874" VPOS="680" WIDTH="55" HEIGHT="30" WC="0.96" CONTENT="att"/><SP WIDTH="32" VPOS="680" HPOS="1929"/>
							<String ID="string_89" HPOS="1961" VPOS="675" WIDTH="61" HEIGHT="37" WC="0.96" CONTENT="det"/>
						</TextLine>
						<TextLine ID="line_9" HPOS="415" VPOS="698" WIDTH="1261" HEIGHT="76">
							<String ID="string_90" HPOS="415" VPOS="722" WIDTH="240" HEIGHT="46" WC="0.93" CONTENT="beslagtagna"/><SP WIDTH="26" VPOS="722" HPOS="655"/>
							<String ID="string_91" HPOS="681" VPOS="728" WIDTH="125" HEIGHT="30" WC="0.91" CONTENT="trävar"/><SP WIDTH="5" VPOS="728" HPOS="806"/>
							<String ID="string_92" HPOS="811" VPOS="698" WIDTH="141" HEIGHT="76" WC="0.88" CONTENT="ulagret"/><SP WIDTH="26" VPOS="698" HPOS="952"/>
							<String ID="string_93" HPOS="978" VPOS="725" WIDTH="93" HEIGHT="34" WC="0.95" CONTENT="skall"/><SP WIDTH="28" VPOS="725" HPOS="1071"/>
							<String ID="string_94" HPOS="1099" VPOS="738" WIDTH="104" HEIGHT="22" WC="0.96" CONTENT="anses"/><SP WIDTH="25" VPOS="738" HPOS="1203"/>
							<String ID="string_95" HPOS="1228" VPOS="704" WIDTH="81" HEIGHT="56" WC="0.96" CONTENT="icke"/><SP WIDTH="27" VPOS="704" HPOS="1309"/>
							<String ID="string_96" HPOS="1336" VPOS="738" WIDTH="89" HEIGHT="22" WC="0.93" CONTENT="vara"/><SP WIDTH="26" VPOS="738" HPOS="1425"/>
							<String ID="string_97" HPOS="1451" VPOS="724" WIDTH="225" HEIGHT="36" WC="0.90" CONTENT="förverkadt."/>
						</TextLine>
					</TextBlock>
					<TextBlock ID="block_2" HPOS="412" VPOS="756" WIDTH="1610" HEIGHT="427">
						<TextLine ID="line_10" HPOS="514" VPOS="756" WIDTH="1506" HEIGHT="68">
							<String ID="string_98" HPOS="514" VPOS="750" WIDTH="25" HEIGHT="58" WC="0.88" CONTENT="I"/><SP WIDTH="28" VPOS="750" HPOS="539"/>
							<String ID="string_99" HPOS="567" VPOS="778" WIDTH="51" HEIGHT="31" WC="0.96" CONTENT="ett"/><SP WIDTH="35" VPOS="778" HPOS="618"/>
							<String ID="string_100" HPOS="653" VPOS="772" WIDTH="41" HEIGHT="37" WC="0.96" CONTENT="af"/><SP WIDTH="22" VPOS="772" HPOS="694"/>
							<String ID="string_101" HPOS="716" VPOS="756" WIDTH="311" HEIGHT="65" WC="0.91" CONTENT="landshöfdingen"/><SP WIDTH="27" VPOS="756" HPOS="1027"/>
							<String ID="string_102" HPOS="1054" VPOS="775" WIDTH="12" HEIGHT="35" WC="0.96" CONTENT="i"/><SP WIDTH="28" VPOS="775" HPOS="1066"/>
							<String ID="string_103" HPOS="1094" VPOS="773" WIDTH="243" HEIGHT="39" WC="0.96" CONTENT="Norrbottens"/><SP WIDTH="27" VPOS="773" HPOS="1337"/>
							<String ID="string_104" HPOS="1364" VPOS="776" WIDTH="61" HEIGHT="35" WC="0.93" CONTENT="län"/><SP WIDTH="28" VPOS="776" HPOS="1425"/>
							<String ID="string_105" HPOS="1453" VPOS="775" WIDTH="38" HEIGHT="36" WC="0.88" CONTENT="L."/><SP WIDTH="29" VPOS="775" HPOS="1491"/>
							<String ID="string_106" HPOS="1520" VPOS="775" WIDTH="95" HEIGHT="47" WC="0.96" CONTENT="Berg"/><SP WIDTH="27" VPOS="775" HPOS="1615"/>
							<String ID="string_107" HPOS="1642" VPOS="775" WIDTH="70" HEIGHT="37" WC="0.96" CONTENT="den"/><SP WIDTH="30" VPOS="775" HPOS="1712"/>
							<String ID="string_108" HPOS="1742" VPOS="777" WIDTH="43" HEIGHT="34" WC="0.96" CONTENT="21"/><SP WIDTH="26" VPOS="777" HPOS="1785"/>
							<String ID="string_109" HPOS="1811" VPOS="775" WIDTH="85" HEIGHT="49" WC="0.96" CONTENT="juni"/><SP WIDTH="33" VPOS="775" HPOS="1896"/>
							<String ID="string_110" HPOS="1929" VPOS="779" WIDTH="91" HEIGHT="34" WC="0.96" CONTENT="1890"/>
						</TextLine>
						<TextLine ID="line_11" HPOS="414" VPOS="799" WIDTH="1608" HEIGHT="79">
							<String ID="string_111" HPOS="414" VPOS="824" WIDTH="58" HEIGHT="35" WC="0.93" CONTENT="till"/><SP WIDTH="27" VPOS="824" HPOS="472"/>
							<String ID="string_112" HPOS="499" VPOS="825" WIDTH="167" HEIGHT="45" WC="0.91" CONTENT="samtlige"/><SP WIDTH="27" VPOS="825" HPOS="666"/>
							<String ID="string_113" HPOS="693" VPOS="825" WIDTH="167" HEIGHT="35" WC="0.92" CONTENT="länsmän"/><SP WIDTH="26" VPOS="825" HPOS="860"/>
							<String ID="string_114" HPOS="886" VPOS="799" WIDTH="192" HEIGHT="79" WC="0.92" CONTENT="utfärdadt"/><SP WIDTH="19" VPOS="799" HPOS="1078"/>
							<String ID="string_115" HPOS="1097" VPOS="827" WIDTH="204" HEIGHT="44" WC="0.96" CONTENT="cirkulär,"/><SP WIDTH="4" VPOS="827" HPOS="1301"/>
							<String ID="string_116" HPOS="1305" VPOS="840" WIDTH="60" HEIGHT="22" WC="0.96" CONTENT="som"/><SP WIDTH="19" VPOS="840" HPOS="1365"/>
							<String ID="string_117" HPOS="1384" VPOS="840" WIDTH="135" HEIGHT="34" WC="0.93" CONTENT="genom"/><SP WIDTH="18" VPOS="840" HPOS="1519"/>
							<String ID="string_118" HPOS="1537" VPOS="827" WIDTH="314" HEIGHT="48" WC="0.91" CONTENT="tidningspressen"/><SP WIDTH="19" VPOS="827" HPOS="1851"/>
							<String ID="string_119" HPOS="1870" VPOS="828" WIDTH="152" HEIGHT="36" WC="0.90" CONTENT="bekant-"/>
						</TextLine>
						<TextLine ID="line_12" HPOS="414" VPOS="856" WIDTH="1607" HEIGHT="69">
							<String ID="string_120" HPOS="414" VPOS="874" WIDTH="126" HEIGHT="48" WC="0.96" CONTENT="gjorts,"/><SP WIDTH="27" VPOS="874" HPOS="540"/>
							<String ID="string_121" HPOS="567" VPOS="876" WIDTH="139" HEIGHT="35" WC="0.96" CONTENT="uttalar"/><SP WIDTH="33" VPOS="876" HPOS="706"/>
							<String ID="string_122" HPOS="739" VPOS="876" WIDTH="264" HEIGHT="47" WC="0.96" CONTENT="landshöfding"/><SP WIDTH="27" VPOS="876" HPOS="1003"/>
							<String ID="string_123" HPOS="1030" VPOS="877" WIDTH="104" HEIGHT="46" WC="0.96" CONTENT="Berg,"/><SP WIDTH="27" VPOS="877" HPOS="1134"/>
							<String ID="string_124" HPOS="1161" VPOS="856" WIDTH="288" HEIGHT="58" WC="0.96" CONTENT="vidkommande"/><SP WIDTH="26" VPOS="856" HPOS="1449"/>
							<String ID="string_125" HPOS="1475" VPOS="877" WIDTH="131" HEIGHT="48" WC="0.95" CONTENT="frågan"/><SP WIDTH="29" VPOS="877" HPOS="1606"/>
							<String ID="string_126" HPOS="1635" VPOS="891" WIDTH="60" HEIGHT="23" WC="0.95" CONTENT="om"/><SP WIDTH="28" VPOS="891" HPOS="1695"/>
							<String ID="string_127" HPOS="1723" VPOS="878" WIDTH="213" HEIGHT="46" WC="0.95" CONTENT="skyldighet"/><SP WIDTH="26" VPOS="878" HPOS="1936"/>
							<String ID="string_128" HPOS="1962" VPOS="878" WIDTH="59" HEIGHT="37" WC="0.95" CONTENT="för"/>
						</TextLine>
						<TextLine ID="line_13" HPOS="416" VPOS="904" WIDTH="1603" HEIGHT="76">
							<String ID="string_129" HPOS="416" VPOS="926" WIDTH="196" HEIGHT="47" WC="0.91" CONTENT="utländing"/><SP WIDTH="27" VPOS="926" HPOS="612"/>
							<String ID="string_130" HPOS="639" VPOS="932" WIDTH="62" HEIGHT="39" WC="0.95" CONTENT="att,"/><SP WIDTH="27" VPOS="932" HPOS="701"/>
							<String ID="string_131" HPOS="728" VPOS="926" WIDTH="59" HEIGHT="37" WC="0.96" CONTENT="för"/><SP WIDTH="27" VPOS="926" HPOS="787"/>
							<String ID="string_132" HPOS="814" VPOS="933" WIDTH="54" HEIGHT="30" WC="0.96" CONTENT="att"/><SP WIDTH="27" VPOS="933" HPOS="868"/>
							<String ID="string_133" HPOS="895" VPOS="928" WIDTH="67" HEIGHT="35" WC="0.96" CONTENT="här"/><SP WIDTH="18" VPOS="928" HPOS="962"/>
							<String ID="string_134" HPOS="980" VPOS="908" WIDTH="87" HEIGHT="56" WC="0.96" CONTENT="idka"/><SP WIDTH="18" VPOS="908" HPOS="1067"/>
							<String ID="string_135" HPOS="1085" VPOS="904" WIDTH="300" HEIGHT="76" WC="0.92" CONTENT="handelsrörelse,"/><SP WIDTH="19" VPOS="904" HPOS="1385"/>
							<String ID="string_136" HPOS="1404" VPOS="928" WIDTH="113" HEIGHT="37" WC="0.96" CONTENT="hafva"/><SP WIDTH="18" VPOS="928" HPOS="1517"/>
							<String ID="string_137" HPOS="1535" VPOS="910" WIDTH="83" HEIGHT="55" WC="0.96" CONTENT="sökt"/><SP WIDTH="18" VPOS="910" HPOS="1618"/>
							<String ID="string_138" HPOS="1636" VPOS="930" WIDTH="67" HEIGHT="35" WC="0.96" CONTENT="och"/><SP WIDTH="17" VPOS="930" HPOS="1703"/>
							<String ID="string_139" HPOS="1720" VPOS="929" WIDTH="147" HEIGHT="36" WC="0.96" CONTENT="erhållit"/><SP WIDTH="19" VPOS="929" HPOS="1867"/>
							<String ID="string_140" HPOS="1886" VPOS="929" WIDTH="133" HEIGHT="47" WC="0.92" CONTENT="Kongl."/>
						</TextLine>
						<TextLine ID="line_14" HPOS="413" VPOS="952" WIDTH="1608" HEIGHT="81">
							<String ID="string_141" HPOS="413" VPOS="976" WIDTH="118" HEIGHT="49" WC="0.95" CONTENT="Maj:ts"/><SP WIDTH="40" VPOS="976" HPOS="531"/>
							<String ID="string_142" HPOS="571" VPOS="952" WIDTH="177" HEIGHT="78" WC="0.96" CONTENT="tillstånd,"/><SP WIDTH="41" VPOS="952" HPOS="748"/>
							<String ID="string_143" HPOS="789" VPOS="992" WIDTH="44" HEIGHT="22" WC="0.96" CONTENT="en"/><SP WIDTH="40" VPOS="992" HPOS="833"/>
							<String ID="string_144" HPOS="873" VPOS="985" WIDTH="152" HEIGHT="30" WC="0.95" CONTENT="motsatt"/><SP WIDTH="38" VPOS="985" HPOS="1025"/>
							<String ID="string_145" HPOS="1063" VPOS="980" WIDTH="241" HEIGHT="59" WC="0.96" CONTENT="uppfattning"/><SP WIDTH="37" VPOS="980" HPOS="1304"/>
							<String ID="string_146" HPOS="1341" VPOS="986" WIDTH="80" HEIGHT="31" WC="0.95" CONTENT="mot"/><SP WIDTH="40" VPOS="986" HPOS="1421"/>
							<String ID="string_147" HPOS="1461" VPOS="980" WIDTH="80" HEIGHT="45" WC="0.93" CONTENT="den,"/><SP WIDTH="35" VPOS="980" HPOS="1541"/>
							<String ID="string_148" HPOS="1576" VPOS="980" WIDTH="142" HEIGHT="47" WC="0.91" CONTENT="hvarpå"/><SP WIDTH="31" VPOS="980" HPOS="1718"/>
							<String ID="string_149" HPOS="1749" VPOS="979" WIDTH="121" HEIGHT="38" WC="0.92" CONTENT="Neder"/><SP WIDTH="38" VPOS="979" HPOS="1870"/>
							<String ID="string_150" HPOS="1908" VPOS="959" WIDTH="113" HEIGHT="74" WC="0.95" CONTENT="Kalix"/>
						</TextLine>
						<TextLine ID="line_15" HPOS="412" VPOS="1008" WIDTH="1607" HEIGHT="72">
							<String ID="string_151" HPOS="412" VPOS="1029" WIDTH="179" HEIGHT="48" WC="0.91" CONTENT="tingslags"/><SP WIDTH="27" VPOS="1029" HPOS="591"/>
							<String ID="string_152" HPOS="618" VPOS="1008" WIDTH="226" HEIGHT="57" WC="0.91" CONTENT="häradsrätts"/><SP WIDTH="28" VPOS="1008" HPOS="844"/>
							<String ID="string_153" HPOS="872" VPOS="1032" WIDTH="121" HEIGHT="46" WC="0.95" CONTENT="utslag"/><SP WIDTH="27" VPOS="1032" HPOS="993"/>
							<String ID="string_154" HPOS="1020" VPOS="1030" WIDTH="40" HEIGHT="36" WC="0.96" CONTENT="af"/><SP WIDTH="24" VPOS="1030" HPOS="1060"/>
							<String ID="string_155" HPOS="1084" VPOS="1032" WIDTH="71" HEIGHT="35" WC="0.95" CONTENT="den"/><SP WIDTH="29" VPOS="1032" HPOS="1155"/>
							<String ID="string_156" HPOS="1184" VPOS="1035" WIDTH="18" HEIGHT="33" WC="0.95" CONTENT="7"/><SP WIDTH="31" VPOS="1035" HPOS="1202"/>
							<String ID="string_157" HPOS="1233" VPOS="1033" WIDTH="71" HEIGHT="47" WC="0.95" CONTENT="maj"/><SP WIDTH="37" VPOS="1033" HPOS="1304"/>
							<String ID="string_158" HPOS="1341" VPOS="1035" WIDTH="91" HEIGHT="34" WC="0.96" CONTENT="1890"/><SP WIDTH="28" VPOS="1035" HPOS="1432"/>
							<String ID="string_159" HPOS="1460" VPOS="1033" WIDTH="12" HEIGHT="34" WC="0.92" CONTENT="i"/><SP WIDTH="27" VPOS="1033" HPOS="1472"/>
							<String ID="string_160" HPOS="1499" VPOS="1032" WIDTH="136" HEIGHT="36" WC="0.91" CONTENT="Loders"/><SP WIDTH="27" VPOS="1032" HPOS="1635"/>
							<String ID="string_161" HPOS="1662" VPOS="1031" WIDTH="75" HEIGHT="37" WC="0.95" CONTENT="mål"/><SP WIDTH="27" VPOS="1031" HPOS="1737"/>
							<String ID="string_162" HPOS="1764" VPOS="1039" WIDTH="41" HEIGHT="28" WC="0.93" CONTENT="är"/><SP WIDTH="17" VPOS="1039" HPOS="1805"/>
							<String ID="string_163" HPOS="1822" VPOS="1032" WIDTH="197" HEIGHT="47" WC="0.90" CONTENT="grundadt,"/>
						</TextLine>
						<TextLine ID="line_16" HPOS="414" VPOS="1058" WIDTH="1605" HEIGHT="75">
							<String ID="string_164" HPOS="414" VPOS="1080" WIDTH="69" HEIGHT="35" WC="0.96" CONTENT="och"/><SP WIDTH="27" VPOS="1080" HPOS="483"/>
							<String ID="string_165" HPOS="510" VPOS="1080" WIDTH="152" HEIGHT="36" WC="0.96" CONTENT="hvilken"/><SP WIDTH="27" VPOS="1080" HPOS="662"/>
							<String ID="string_166" HPOS="689" VPOS="1094" WIDTH="135" HEIGHT="33" WC="0.96" CONTENT="genom"/><SP WIDTH="32" VPOS="1094" HPOS="824"/>
							<String ID="string_167" HPOS="856" VPOS="1058" WIDTH="136" HEIGHT="75" WC="0.96" CONTENT="Kongl."/><SP WIDTH="24" VPOS="1058" HPOS="992"/>
							<String ID="string_168" HPOS="1016" VPOS="1082" WIDTH="118" HEIGHT="49" WC="0.95" CONTENT="Maj:ts"/><SP WIDTH="28" VPOS="1082" HPOS="1134"/>
							<String ID="string_169" HPOS="1162" VPOS="1083" WIDTH="121" HEIGHT="36" WC="0.96" CONTENT="beslut"/><SP WIDTH="27" VPOS="1083" HPOS="1283"/>
							<String ID="string_170" HPOS="1310" VPOS="1088" WIDTH="53" HEIGHT="31" WC="0.93" CONTENT="att"/><SP WIDTH="27" VPOS="1088" HPOS="1363"/>
							<String ID="string_171" HPOS="1390" VPOS="1083" WIDTH="189" HEIGHT="46" WC="0.92" CONTENT="medgifva"/><SP WIDTH="26" VPOS="1083" HPOS="1579"/>
							<String ID="string_172" HPOS="1605" VPOS="1083" WIDTH="137" HEIGHT="36" WC="0.91" CONTENT="Loders"/><SP WIDTH="27" VPOS="1083" HPOS="1742"/>
							<String ID="string_173" HPOS="1769" VPOS="1061" WIDTH="162" HEIGHT="68" WC="0.96" CONTENT="begäran"/><SP WIDTH="28" VPOS="1061" HPOS="1931"/>
							<String ID="string_174" HPOS="1959" VPOS="1097" WIDTH="60" HEIGHT="23" WC="0.96" CONTENT="om"/>
						</TextLine>
						<TextLine ID="line_17" HPOS="412" VPOS="1113" WIDTH="1489" HEIGHT="80">
							<String ID="string_175" HPOS="412" VPOS="1131" WIDTH="168" HEIGHT="36" WC="0.90" CONTENT="tillstånd"/><SP WIDTH="27" VPOS="1131" HPOS="580"/>
							<String ID="string_176" HPOS="607" VPOS="1138" WIDTH="54" HEIGHT="30" WC="0.96" CONTENT="att"/><SP WIDTH="26" VPOS="1138" HPOS="661"/>
							<String ID="string_177" HPOS="687" VPOS="1132" WIDTH="88" HEIGHT="36" WC="0.96" CONTENT="idka"/><SP WIDTH="27" VPOS="1132" HPOS="775"/>
							<String ID="string_178" HPOS="802" VPOS="1133" WIDTH="136" HEIGHT="37" WC="0.96" CONTENT="handel"/><SP WIDTH="27" VPOS="1133" HPOS="938"/>
							<String ID="string_179" HPOS="965" VPOS="1134" WIDTH="83" HEIGHT="36" WC="0.96" CONTENT="med"/><SP WIDTH="28" VPOS="1134" HPOS="1048"/>
							<String ID="string_180" HPOS="1076" VPOS="1139" WIDTH="168" HEIGHT="32" WC="0.96" CONTENT="trävaror"/><SP WIDTH="27" VPOS="1139" HPOS="1244"/>
							<String ID="string_181" HPOS="1271" VPOS="1135" WIDTH="134" HEIGHT="36" WC="0.96" CONTENT="vunnit"/><SP WIDTH="25" VPOS="1135" HPOS="1405"/>
							<String ID="string_182" HPOS="1430" VPOS="1113" WIDTH="216" HEIGHT="80" WC="0.96" CONTENT="ytterligare"/><SP WIDTH="27" VPOS="1113" HPOS="1646"/>
							<String ID="string_183" HPOS="1673" VPOS="1112" WIDTH="228" HEIGHT="59" WC="0.95" CONTENT="bekräftelse."/>
						</TextLine>
					</TextBlock>
					<TextBlock ID="block_3" HPOS="409" VPOS="1182" WIDTH="1611" HEIGHT="610">
						<TextLine ID="line_18" HPOS="512" VPOS="1182" WIDTH="1508" HEIGHT="51">
							<String ID="string_184" HPOS="512" VPOS="1182" WIDTH="17" HEIGHT="35" WC="0.93" CONTENT="I"/><SP WIDTH="36" VPOS="1182" HPOS="529"/>
							<String ID="string_185" HPOS="565" VPOS="1196" WIDTH="44" HEIGHT="22" WC="0.93" CONTENT="en"/><SP WIDTH="35" VPOS="1196" HPOS="609"/>
							<String ID="string_186" HPOS="644" VPOS="1184" WIDTH="59" HEIGHT="34" WC="0.96" CONTENT="till"/><SP WIDTH="26" VPOS="1184" HPOS="703"/>
							<String ID="string_187" HPOS="729" VPOS="1185" WIDTH="153" HEIGHT="35" WC="0.96" CONTENT="svenske"/><SP WIDTH="26" VPOS="1185" HPOS="882"/>
							<String ID="string_188" HPOS="908" VPOS="1186" WIDTH="332" HEIGHT="35" WC="0.96" CONTENT="utrikesministern"/><SP WIDTH="29" VPOS="1186" HPOS="1240"/>
							<String ID="string_189" HPOS="1269" VPOS="1186" WIDTH="69" HEIGHT="35" WC="0.96" CONTENT="den"/><SP WIDTH="35" VPOS="1186" HPOS="1338"/>
							<String ID="string_190" HPOS="1373" VPOS="1189" WIDTH="39" HEIGHT="32" WC="0.96" CONTENT="12"/><SP WIDTH="30" VPOS="1189" HPOS="1412"/>
							<String ID="string_191" HPOS="1442" VPOS="1186" WIDTH="71" HEIGHT="47" WC="0.96" CONTENT="maj"/><SP WIDTH="34" VPOS="1186" HPOS="1513"/>
							<String ID="string_192" HPOS="1547" VPOS="1189" WIDTH="94" HEIGHT="33" WC="0.92" CONTENT="1890"/><SP WIDTH="28" VPOS="1189" HPOS="1641"/>
							<String ID="string_193" HPOS="1669" VPOS="1185" WIDTH="134" HEIGHT="36" WC="0.91" CONTENT="aflåten"/><SP WIDTH="27" VPOS="1185" HPOS="1803"/>
							<String ID="string_194" HPOS="1830" VPOS="1185" WIDTH="190" HEIGHT="37" WC="0.96" CONTENT="skrifvelse"/>
						</TextLine>
						<TextLine ID="line_19" HPOS="411" VPOS="1234" WIDTH="1609" HEIGHT="50">
							<String ID="string_195" HPOS="411" VPOS="1238" WIDTH="224" HEIGHT="41" WC="0.92" CONTENT="protesterar"/><SP WIDTH="26" VPOS="1238" HPOS="635"/>
							<String ID="string_196" HPOS="661" VPOS="1234" WIDTH="231" HEIGHT="37" WC="0.91" CONTENT="härvarande"/><SP WIDTH="28" VPOS="1234" HPOS="892"/>
							<String ID="string_197" HPOS="920" VPOS="1236" WIDTH="304" HEIGHT="36" WC="0.90" CONTENT="storbritanniske"/><SP WIDTH="27" VPOS="1236" HPOS="1224"/>
							<String ID="string_198" HPOS="1251" VPOS="1237" WIDTH="164" HEIGHT="35" WC="0.96" CONTENT="minister"/><SP WIDTH="19" VPOS="1237" HPOS="1415"/>
							<String ID="string_199" HPOS="1434" VPOS="1242" WIDTH="79" HEIGHT="30" WC="0.96" CONTENT="mot"/><SP WIDTH="19" VPOS="1242" HPOS="1513"/>
							<String ID="string_200" HPOS="1532" VPOS="1236" WIDTH="60" HEIGHT="36" WC="0.96" CONTENT="det"/><SP WIDTH="19" VPOS="1236" HPOS="1592"/>
							<String ID="string_201" HPOS="1611" VPOS="1237" WIDTH="134" HEIGHT="47" WC="0.95" CONTENT="beslag,"/><SP WIDTH="20" VPOS="1237" HPOS="1745"/>
							<String ID="string_202" HPOS="1765" VPOS="1249" WIDTH="78" HEIGHT="23" WC="0.93" CONTENT="som"/><SP WIDTH="20" VPOS="1249" HPOS="1843"/>
							<String ID="string_203" HPOS="1863" VPOS="1236" WIDTH="21" HEIGHT="36" WC="0.92" CONTENT="å"/><SP WIDTH="15" VPOS="1236" HPOS="1884"/>
							<String ID="string_204" HPOS="1899" VPOS="1236" WIDTH="121" HEIGHT="36" WC="0.92" CONTENT="Loder"/>
						</TextLine>
						<TextLine ID="line_20" HPOS="411" VPOS="1269" WIDTH="1608" HEIGHT="80">
							<String ID="string_205" HPOS="411" VPOS="1284" WIDTH="168" HEIGHT="61" WC="0.96" CONTENT="tillhörig"/><SP WIDTH="27" VPOS="1284" HPOS="579"/>
							<String ID="string_206" HPOS="606" VPOS="1285" WIDTH="187" HEIGHT="58" WC="0.89" CONTENT="egendom"/><SP WIDTH="18" VPOS="1285" HPOS="793"/>
							<String ID="string_207" HPOS="811" VPOS="1285" WIDTH="124" HEIGHT="37" WC="0.93" CONTENT="blifvit"/><SP WIDTH="28" VPOS="1285" HPOS="935"/>
							<String ID="string_208" HPOS="963" VPOS="1286" WIDTH="39" HEIGHT="36" WC="0.93" CONTENT="af"/><SP WIDTH="24" VPOS="1286" HPOS="1002"/>
							<String ID="string_209" HPOS="1026" VPOS="1287" WIDTH="253" HEIGHT="36" WC="0.93" CONTENT="häradsrätten"/><SP WIDTH="28" VPOS="1287" HPOS="1279"/>
							<String ID="string_210" HPOS="1307" VPOS="1286" WIDTH="196" HEIGHT="46" WC="0.92" CONTENT="faststäldt,"/><SP WIDTH="24" VPOS="1286" HPOS="1503"/>
							<String ID="string_211" HPOS="1527" VPOS="1269" WIDTH="207" HEIGHT="80" WC="0.69" CONTENT="stödjande”"/><SP WIDTH="6" VPOS="1269" HPOS="1734"/>
							<String ID="string_212" HPOS="1740" VPOS="1288" WIDTH="122" HEIGHT="35" WC="0.96" CONTENT="denna"/><SP WIDTH="17" VPOS="1288" HPOS="1862"/>
							<String ID="string_213" HPOS="1879" VPOS="1293" WIDTH="140" HEIGHT="41" WC="0.96" CONTENT="protest"/>
						</TextLine>
						<TextLine ID="line_21" HPOS="411" VPOS="1335" WIDTH="1607" HEIGHT="51">
							<String ID="string_214" HPOS="411" VPOS="1334" WIDTH="48" HEIGHT="48" WC="0.96" CONTENT="på"/><SP WIDTH="26" VPOS="1334" HPOS="459"/>
							<String ID="string_215" HPOS="485" VPOS="1335" WIDTH="274" HEIGHT="37" WC="0.95" CONTENT="bestämmelser"/><SP WIDTH="26" VPOS="1335" HPOS="759"/>
							<String ID="string_216" HPOS="785" VPOS="1337" WIDTH="12" HEIGHT="35" WC="0.96" CONTENT="i"/><SP WIDTH="27" VPOS="1337" HPOS="797"/>
							<String ID="string_217" HPOS="824" VPOS="1338" WIDTH="136" HEIGHT="35" WC="0.96" CONTENT="mellan"/><SP WIDTH="30" VPOS="1338" HPOS="960"/>
							<String ID="string_218" HPOS="990" VPOS="1337" WIDTH="147" HEIGHT="49" WC="0.96" CONTENT="Sverige"/><SP WIDTH="28" VPOS="1337" HPOS="1137"/>
							<String ID="string_219" HPOS="1165" VPOS="1339" WIDTH="68" HEIGHT="35" WC="0.96" CONTENT="och"/><SP WIDTH="30" VPOS="1339" HPOS="1233"/>
							<String ID="string_220" HPOS="1263" VPOS="1338" WIDTH="169" HEIGHT="46" WC="0.96" CONTENT="England"/><SP WIDTH="29" VPOS="1338" HPOS="1432"/>
							<String ID="string_221" HPOS="1461" VPOS="1338" WIDTH="187" HEIGHT="46" WC="0.93" CONTENT="ingångna"/><SP WIDTH="27" VPOS="1338" HPOS="1648"/>
							<String ID="string_222" HPOS="1675" VPOS="1339" WIDTH="180" HEIGHT="35" WC="0.92" CONTENT="traktater"/><SP WIDTH="27" VPOS="1339" HPOS="1855"/>
							<String ID="string_223" HPOS="1882" VPOS="1338" WIDTH="41" HEIGHT="36" WC="0.96" CONTENT="af"/><SP WIDTH="24" VPOS="1338" HPOS="1923"/>
							<String ID="string_224" HPOS="1947" VPOS="1339" WIDTH="71" HEIGHT="35" WC="0.95" CONTENT="den"/>
						</TextLine>
						<TextLine ID="line_22" HPOS="413" VPOS="1368" WIDTH="1605" HEIGHT="64">
							<String ID="string_225" HPOS="413" VPOS="1389" WIDTH="42" HEIGHT="33" WC="0.95" CONTENT="21"/><SP WIDTH="33" VPOS="1389" HPOS="455"/>
							<String ID="string_226" HPOS="488" VPOS="1387" WIDTH="156" HEIGHT="36" WC="0.96" CONTENT="oktober"/><SP WIDTH="30" VPOS="1387" HPOS="644"/>
							<String ID="string_227" HPOS="674" VPOS="1390" WIDTH="105" HEIGHT="42" WC="0.96" CONTENT="1661,"/><SP WIDTH="28" VPOS="1390" HPOS="779"/>
							<String ID="string_228" HPOS="807" VPOS="1388" WIDTH="70" HEIGHT="36" WC="0.96" CONTENT="den"/><SP WIDTH="30" VPOS="1388" HPOS="877"/>
							<String ID="string_229" HPOS="907" VPOS="1393" WIDTH="18" HEIGHT="31" WC="0.90" CONTENT="5"/><SP WIDTH="30" VPOS="1393" HPOS="925"/>
							<String ID="string_230" HPOS="955" VPOS="1368" WIDTH="162" HEIGHT="57" WC="0.95" CONTENT="februari"/><SP WIDTH="31" VPOS="1368" HPOS="1117"/>
							<String ID="string_231" HPOS="1148" VPOS="1393" WIDTH="93" HEIGHT="33" WC="0.96" CONTENT="1766"/><SP WIDTH="31" VPOS="1393" HPOS="1241"/>
							<String ID="string_232" HPOS="1272" VPOS="1370" WIDTH="68" HEIGHT="55" WC="0.96" CONTENT="och"/><SP WIDTH="28" VPOS="1370" HPOS="1340"/>
							<String ID="string_233" HPOS="1368" VPOS="1389" WIDTH="70" HEIGHT="36" WC="0.96" CONTENT="den"/><SP WIDTH="32" VPOS="1389" HPOS="1438"/>
							<String ID="string_234" HPOS="1470" VPOS="1370" WIDTH="51" HEIGHT="55" WC="0.96" CONTENT="18"/><SP WIDTH="19" VPOS="1370" HPOS="1521"/>
							<String ID="string_235" HPOS="1540" VPOS="1402" WIDTH="97" HEIGHT="23" WC="0.96" CONTENT="mars"/><SP WIDTH="33" VPOS="1402" HPOS="1637"/>
							<String ID="string_236" HPOS="1670" VPOS="1393" WIDTH="103" HEIGHT="39" WC="0.96" CONTENT="1826,"/><SP WIDTH="29" VPOS="1393" HPOS="1773"/>
							<String ID="string_237" HPOS="1802" VPOS="1390" WIDTH="67" HEIGHT="35" WC="0.93" CONTENT="och"/><SP WIDTH="21" VPOS="1390" HPOS="1869"/>
							<String ID="string_238" HPOS="1890" VPOS="1390" WIDTH="128" HEIGHT="36" WC="0.91" CONTENT="dervid"/>
						</TextLine>
						<TextLine ID="line_23" HPOS="411" VPOS="1437" WIDTH="1608" HEIGHT="41">
							<String ID="string_239" HPOS="411" VPOS="1437" WIDTH="174" HEIGHT="36" WC="0.93" CONTENT="särskildt"/><SP WIDTH="26" VPOS="1437" HPOS="585"/>
							<String ID="string_240" HPOS="611" VPOS="1437" WIDTH="273" HEIGHT="38" WC="0.90" CONTENT="framhållande"/><SP WIDTH="27" VPOS="1437" HPOS="884"/>
							<String ID="string_241" HPOS="911" VPOS="1441" WIDTH="157" HEIGHT="35" WC="0.88" CONTENT="artikeln"/><SP WIDTH="37" VPOS="1441" HPOS="1068"/>
							<String ID="string_242" HPOS="1105" VPOS="1444" WIDTH="21" HEIGHT="32" WC="0.95" CONTENT="4"/><SP WIDTH="38" VPOS="1444" HPOS="1126"/>
							<String ID="string_243" HPOS="1164" VPOS="1441" WIDTH="10" HEIGHT="35" WC="0.95" CONTENT="i"/><SP WIDTH="35" VPOS="1441" HPOS="1174"/>
							<String ID="string_244" HPOS="1209" VPOS="1442" WIDTH="185" HEIGHT="35" WC="0.96" CONTENT="traktaten"/><SP WIDTH="37" VPOS="1442" HPOS="1394"/>
							<String ID="string_245" HPOS="1431" VPOS="1440" WIDTH="40" HEIGHT="36" WC="0.96" CONTENT="af"/><SP WIDTH="24" VPOS="1440" HPOS="1471"/>
							<String ID="string_246" HPOS="1495" VPOS="1440" WIDTH="40" HEIGHT="36" WC="0.96" CONTENT="år"/><SP WIDTH="33" VPOS="1440" HPOS="1535"/>
							<String ID="string_247" HPOS="1568" VPOS="1444" WIDTH="101" HEIGHT="34" WC="0.95" CONTENT="1661."/><SP WIDTH="53" VPOS="1444" HPOS="1669"/>
							<String ID="string_248" HPOS="1722" VPOS="1419" WIDTH="59" HEIGHT="58" WC="0.49" CONTENT="AF"/><SP WIDTH="24" VPOS="1419" HPOS="1781"/>
							<String ID="string_249" HPOS="1805" VPOS="1440" WIDTH="44" HEIGHT="37" WC="0.96" CONTENT="de"/><SP WIDTH="28" VPOS="1440" HPOS="1849"/>
							<String ID="string_250" HPOS="1877" VPOS="1442" WIDTH="11" HEIGHT="34" WC="0.92" CONTENT="i"/><SP WIDTH="27" VPOS="1442" HPOS="1888"/>
							<String ID="string_251" HPOS="1915" VPOS="1441" WIDTH="104" HEIGHT="36" WC="0.96" CONTENT="dessa"/>
						</TextLine>
						<TextLine ID="line_24" HPOS="411" VPOS="1489" WIDTH="1607" HEIGHT="51">
							<String ID="string_252" HPOS="411" VPOS="1489" WIDTH="180" HEIGHT="36" WC="0.91" CONTENT="traktater"/><SP WIDTH="39" VPOS="1489" HPOS="591"/>
							<String ID="string_253" HPOS="630" VPOS="1490" WIDTH="153" HEIGHT="45" WC="0.95" CONTENT="intagna"/><SP WIDTH="40" VPOS="1490" HPOS="783"/>
							<String ID="string_254" HPOS="823" VPOS="1491" WIDTH="273" HEIGHT="36" WC="0.96" CONTENT="bestämmelser"/><SP WIDTH="40" VPOS="1491" HPOS="1096"/>
							<String ID="string_255" HPOS="1136" VPOS="1504" WIDTH="61" HEIGHT="23" WC="0.94" CONTENT="om"/><SP WIDTH="39" VPOS="1504" HPOS="1197"/>
							<String ID="string_256" HPOS="1236" VPOS="1491" WIDTH="229" HEIGHT="48" WC="0.96" CONTENT="behandling"/><SP WIDTH="40" VPOS="1491" HPOS="1465"/>
							<String ID="string_257" HPOS="1505" VPOS="1504" WIDTH="79" HEIGHT="23" WC="0.96" CONTENT="som"/><SP WIDTH="40" VPOS="1504" HPOS="1584"/>
							<String ID="string_258" HPOS="1624" VPOS="1491" WIDTH="71" HEIGHT="36" WC="0.95" CONTENT="den"/><SP WIDTH="32" VPOS="1491" HPOS="1695"/>
							<String ID="string_259" HPOS="1727" VPOS="1497" WIDTH="93" HEIGHT="31" WC="0.96" CONTENT="mest"/><SP WIDTH="26" VPOS="1497" HPOS="1820"/>
							<String ID="string_260" HPOS="1846" VPOS="1493" WIDTH="172" HEIGHT="47" WC="0.95" CONTENT="gynnade"/>
						</TextLine>
						<TextLine ID="line_25" HPOS="409" VPOS="1540" WIDTH="1603" HEIGHT="50">
							<String ID="string_261" HPOS="409" VPOS="1540" WIDTH="129" HEIGHT="35" WC="0.96" CONTENT="nation"/><SP WIDTH="41" VPOS="1540" HPOS="538"/>
							<String ID="string_262" HPOS="579" VPOS="1540" WIDTH="68" HEIGHT="35" WC="0.96" CONTENT="och"/><SP WIDTH="44" VPOS="1540" HPOS="647"/>
							<String ID="string_263" HPOS="691" VPOS="1541" WIDTH="85" HEIGHT="35" WC="0.96" CONTENT="med"/><SP WIDTH="44" VPOS="1541" HPOS="776"/>
							<String ID="string_264" HPOS="820" VPOS="1541" WIDTH="222" HEIGHT="49" WC="0.92" CONTENT="hänvisning"/><SP WIDTH="48" VPOS="1541" HPOS="1042"/>
							<String ID="string_265" HPOS="1090" VPOS="1543" WIDTH="57" HEIGHT="34" WC="0.92" CONTENT="till"/><SP WIDTH="44" VPOS="1543" HPOS="1147"/>
							<String ID="string_266" HPOS="1191" VPOS="1548" WIDTH="65" HEIGHT="30" WC="0.92" CONTENT="art."/><SP WIDTH="48" VPOS="1548" HPOS="1256"/>
							<String ID="string_267" HPOS="1304" VPOS="1547" WIDTH="7" HEIGHT="31" WC="0.90" CONTENT="1"/><SP WIDTH="48" VPOS="1547" HPOS="1311"/>
							<String ID="string_268" HPOS="1359" VPOS="1543" WIDTH="11" HEIGHT="34" WC="0.95" CONTENT="i"/><SP WIDTH="42" VPOS="1543" HPOS="1370"/>
							<String ID="string_269" HPOS="1412" VPOS="1542" WIDTH="70" HEIGHT="36" WC="0.95" CONTENT="den"/><SP WIDTH="40" VPOS="1542" HPOS="1482"/>
							<String ID="string_270" HPOS="1522" VPOS="1543" WIDTH="135" HEIGHT="35" WC="0.96" CONTENT="mellan"/><SP WIDTH="41" VPOS="1543" HPOS="1657"/>
							<String ID="string_271" HPOS="1698" VPOS="1543" WIDTH="204" HEIGHT="35" WC="0.96" CONTENT="Frankrike"/><SP WIDTH="41" VPOS="1543" HPOS="1902"/>
							<String ID="string_272" HPOS="1943" VPOS="1544" WIDTH="69" HEIGHT="34" WC="0.95" CONTENT="och"/>
						</TextLine>
						<TextLine ID="line_26" HPOS="411" VPOS="1589" WIDTH="1607" HEIGHT="50">
							<String ID="string_273" HPOS="411" VPOS="1589" WIDTH="149" HEIGHT="49" WC="0.96" CONTENT="Sverige"/><SP WIDTH="32" VPOS="1589" HPOS="560"/>
							<String ID="string_274" HPOS="592" VPOS="1590" WIDTH="189" HEIGHT="48" WC="0.93" CONTENT="ingångna"/><SP WIDTH="26" VPOS="1590" HPOS="781"/>
							<String ID="string_275" HPOS="807" VPOS="1592" WIDTH="343" HEIGHT="36" WC="0.92" CONTENT="handelstraktaten"/><SP WIDTH="28" VPOS="1592" HPOS="1150"/>
							<String ID="string_276" HPOS="1178" VPOS="1593" WIDTH="40" HEIGHT="35" WC="0.95" CONTENT="af"/><SP WIDTH="26" VPOS="1593" HPOS="1218"/>
							<String ID="string_277" HPOS="1244" VPOS="1597" WIDTH="45" HEIGHT="32" WC="0.95" CONTENT="30"/><SP WIDTH="29" VPOS="1597" HPOS="1289"/>
							<String ID="string_278" HPOS="1318" VPOS="1593" WIDTH="193" HEIGHT="36" WC="0.96" CONTENT="december"/><SP WIDTH="31" VPOS="1593" HPOS="1511"/>
							<String ID="string_279" HPOS="1542" VPOS="1597" WIDTH="104" HEIGHT="41" WC="0.96" CONTENT="1881,"/><SP WIDTH="27" VPOS="1597" HPOS="1646"/>
							<String ID="string_280" HPOS="1673" VPOS="1606" WIDTH="79" HEIGHT="23" WC="0.96" CONTENT="som"/><SP WIDTH="27" VPOS="1606" HPOS="1752"/>
							<String ID="string_281" HPOS="1779" VPOS="1593" WIDTH="152" HEIGHT="46" WC="0.96" CONTENT="medger"/><SP WIDTH="27" VPOS="1593" HPOS="1931"/>
							<String ID="string_282" HPOS="1958" VPOS="1594" WIDTH="60" HEIGHT="36" WC="0.96" CONTENT="det"/>
						</TextLine>
						<TextLine ID="line_27" HPOS="411" VPOS="1640" WIDTH="1606" HEIGHT="49">
							<String ID="string_283" HPOS="411" VPOS="1654" WIDTH="68" HEIGHT="23" WC="0.93" CONTENT="ena"/><SP WIDTH="34" VPOS="1654" HPOS="479"/>
							<String ID="string_284" HPOS="513" VPOS="1640" WIDTH="343" HEIGHT="49" WC="0.28" CONTENT="fördragsslutande"/><SP WIDTH="36" VPOS="1640" HPOS="856"/>
							<String ID="string_285" HPOS="892" VPOS="1643" WIDTH="142" HEIGHT="36" WC="0.96" CONTENT="landets"/><SP WIDTH="38" VPOS="1643" HPOS="1034"/>
							<String ID="string_286" HPOS="1072" VPOS="1644" WIDTH="216" HEIGHT="36" WC="0.96" CONTENT="undersåtar"/><SP WIDTH="32" VPOS="1644" HPOS="1288"/>
							<String ID="string_287" HPOS="1320" VPOS="1645" WIDTH="8" HEIGHT="35" WC="0.90" CONTENT="i"/><SP WIDTH="30" VPOS="1645" HPOS="1328"/>
							<String ID="string_288" HPOS="1358" VPOS="1644" WIDTH="168" HEIGHT="36" WC="0.93" CONTENT="afseende"/><SP WIDTH="28" VPOS="1644" HPOS="1526"/>
							<String ID="string_289" HPOS="1554" VPOS="1644" WIDTH="20" HEIGHT="36" WC="0.92" CONTENT="å"/><SP WIDTH="26" VPOS="1644" HPOS="1574"/>
							<String ID="string_290" HPOS="1600" VPOS="1645" WIDTH="137" HEIGHT="35" WC="0.96" CONTENT="handel"/><SP WIDTH="27" VPOS="1645" HPOS="1737"/>
							<String ID="string_291" HPOS="1764" VPOS="1645" WIDTH="68" HEIGHT="35" WC="0.97" CONTENT="och"/><SP WIDTH="27" VPOS="1645" HPOS="1832"/>
							<String ID="string_292" HPOS="1859" VPOS="1644" WIDTH="158" HEIGHT="37" WC="0.96" CONTENT="industri"/>
						</TextLine>
						<TextLine ID="line_28" HPOS="410" VPOS="1693" WIDTH="1607" HEIGHT="47">
							<String ID="string_293" HPOS="410" VPOS="1704" WIDTH="140" HEIGHT="24" WC="0.96" CONTENT="samma"/><SP WIDTH="39" VPOS="1704" HPOS="550"/>
							<String ID="string_294" HPOS="589" VPOS="1693" WIDTH="220" HEIGHT="47" WC="0.92" CONTENT="privilegier,"/><SP WIDTH="40" VPOS="1693" HPOS="809"/>
							<String ID="string_295" HPOS="849" VPOS="1693" WIDTH="152" HEIGHT="36" WC="0.82" CONTENT="friheter"/><SP WIDTH="40" VPOS="1693" HPOS="1001"/>
							<String ID="string_296" HPOS="1041" VPOS="1695" WIDTH="68" HEIGHT="35" WC="0.92" CONTENT="och"/><SP WIDTH="35" VPOS="1695" HPOS="1109"/>
							<String ID="string_297" HPOS="1144" VPOS="1695" WIDTH="195" HEIGHT="44" WC="0.95" CONTENT="förmåner,"/><SP WIDTH="37" VPOS="1695" HPOS="1339"/>
							<String ID="string_298" HPOS="1376" VPOS="1696" WIDTH="126" HEIGHT="35" WC="0.96" CONTENT="hvilka"/><SP WIDTH="36" VPOS="1696" HPOS="1502"/>
							<String ID="string_299" HPOS="1538" VPOS="1708" WIDTH="78" HEIGHT="23" WC="0.96" CONTENT="som"/><SP WIDTH="36" VPOS="1708" HPOS="1616"/>
							<String ID="string_300" HPOS="1652" VPOS="1696" WIDTH="103" HEIGHT="43" WC="0.96" CONTENT="helst,"/><SP WIDTH="36" VPOS="1696" HPOS="1755"/>
							<String ID="string_301" HPOS="1791" VPOS="1695" WIDTH="136" HEIGHT="36" WC="0.95" CONTENT="hvaraf"/><SP WIDTH="29" VPOS="1695" HPOS="1927"/>
							<String ID="string_302" HPOS="1956" VPOS="1696" WIDTH="61" HEIGHT="36" WC="0.96" CONTENT="det"/>
						</TextLine>
						<TextLine ID="line_29" HPOS="409" VPOS="1742" WIDTH="1606" HEIGHT="66">
							<String ID="string_303" HPOS="409" VPOS="1743" WIDTH="117" HEIGHT="57" WC="0.95" CONTENT="andra"/><SP WIDTH="26" VPOS="1743" HPOS="526"/>
							<String ID="string_304" HPOS="552" VPOS="1744" WIDTH="143" HEIGHT="35" WC="0.96" CONTENT="landets"/><SP WIDTH="28" VPOS="1744" HPOS="695"/>
							<String ID="string_305" HPOS="723" VPOS="1744" WIDTH="217" HEIGHT="36" WC="0.96" CONTENT="undersåtar"/><SP WIDTH="27" VPOS="1744" HPOS="940"/>
							<String ID="string_306" HPOS="967" VPOS="1753" WIDTH="62" HEIGHT="27" WC="0.96" CONTENT="äro"/><SP WIDTH="28" VPOS="1753" HPOS="1029"/>
							<String ID="string_307" HPOS="1057" VPOS="1746" WIDTH="12" HEIGHT="34" WC="0.95" CONTENT="i"/><SP WIDTH="28" VPOS="1746" HPOS="1069"/>
							<String ID="string_308" HPOS="1097" VPOS="1742" WIDTH="226" HEIGHT="66" WC="0.86" CONTENT="åtnjutande,"/><SP WIDTH="29" VPOS="1742" HPOS="1323"/>
							<String ID="string_309" HPOS="1352" VPOS="1759" WIDTH="105" HEIGHT="23" WC="0.96" CONTENT="anser"/><SP WIDTH="27" VPOS="1759" HPOS="1457"/>
							<String ID="string_310" HPOS="1484" VPOS="1747" WIDTH="192" HEIGHT="34" WC="0.95" CONTENT="ministern"/><SP WIDTH="23" VPOS="1747" HPOS="1676"/>
							<String ID="string_311" HPOS="1699" VPOS="1746" WIDTH="154" HEIGHT="48" WC="0.85" CONTENT="framga,"/><SP WIDTH="20" VPOS="1746" HPOS="1853"/>
							<String ID="string_312" HPOS="1873" VPOS="1752" WIDTH="54" HEIGHT="29" WC="0.96" CONTENT="att"/><SP WIDTH="18" VPOS="1752" HPOS="1927"/>
							<String ID="string_313" HPOS="1945" VPOS="1747" WIDTH="70" HEIGHT="35" WC="0.96" CONTENT="den"/>
						</TextLine>
					</TextBlock>
					<TextBlock ID="block_4" HPOS="408" VPOS="1777" WIDTH="1608" HEIGHT="119">
						<TextLine ID="line_30" HPOS="409" VPOS="1777" WIDTH="1607" HEIGHT="67">
							<String ID="string_314" HPOS="409" VPOS="1807" WIDTH="11" HEIGHT="22" WC="0.82" CONTENT="i"/><SP WIDTH="34" VPOS="1807" HPOS="420"/>
							<String ID="string_315" HPOS="454" VPOS="1791" WIDTH="11" HEIGHT="49" WC="0.31" CONTENT="$"/><SP WIDTH="29" VPOS="1791" HPOS="465"/>
							<String ID="string_316" HPOS="494" VPOS="1797" WIDTH="42" HEIGHT="33" WC="0.95" CONTENT="31"/><SP WIDTH="33" VPOS="1797" HPOS="536"/>
							<String ID="string_317" HPOS="569" VPOS="1793" WIDTH="40" HEIGHT="36" WC="0.96" CONTENT="af"/><SP WIDTH="22" VPOS="1793" HPOS="609"/>
							<String ID="string_318" HPOS="631" VPOS="1794" WIDTH="267" HEIGHT="46" WC="0.96" CONTENT="förordningen"/><SP WIDTH="28" VPOS="1794" HPOS="898"/>
							<String ID="string_319" HPOS="926" VPOS="1795" WIDTH="39" HEIGHT="36" WC="0.96" CONTENT="af"/><SP WIDTH="25" VPOS="1795" HPOS="965"/>
							<String ID="string_320" HPOS="990" VPOS="1796" WIDTH="69" HEIGHT="36" WC="0.96" CONTENT="den"/><SP WIDTH="33" VPOS="1796" HPOS="1059"/>
							<String ID="string_321" HPOS="1092" VPOS="1800" WIDTH="41" HEIGHT="33" WC="0.96" CONTENT="18"/><SP WIDTH="26" VPOS="1800" HPOS="1133"/>
							<String ID="string_322" HPOS="1159" VPOS="1797" WIDTH="84" HEIGHT="47" WC="0.91" CONTENT="juni"/><SP WIDTH="34" VPOS="1797" HPOS="1243"/>
							<String ID="string_323" HPOS="1277" VPOS="1800" WIDTH="90" HEIGHT="33" WC="0.91" CONTENT="1864"/><SP WIDTH="29" VPOS="1800" HPOS="1367"/>
							<String ID="string_324" HPOS="1396" VPOS="1796" WIDTH="57" HEIGHT="36" WC="0.90" CONTENT="för"/><SP WIDTH="28" VPOS="1796" HPOS="1453"/>
							<String ID="string_325" HPOS="1481" VPOS="1797" WIDTH="195" HEIGHT="46" WC="0.90" CONTENT="utländing"/><SP WIDTH="27" VPOS="1797" HPOS="1676"/>
							<String ID="string_326" HPOS="1703" VPOS="1777" WIDTH="177" HEIGHT="66" WC="0.96" CONTENT="stadgade"/><SP WIDTH="18" VPOS="1777" HPOS="1880"/>
							<String ID="string_327" HPOS="1898" VPOS="1797" WIDTH="118" HEIGHT="36" WC="0.88" CONTENT="straff-"/>
						</TextLine>
						<TextLine ID="line_31" HPOS="408" VPOS="1807" WIDTH="1297" HEIGHT="94">
							<String ID="string_328" HPOS="408" VPOS="1807" WIDTH="189" HEIGHT="86" WC="0.66" CONTENT="påföljden"/><SP WIDTH="28" VPOS="1807" HPOS="597"/>
							<String ID="string_329" HPOS="625" VPOS="1844" WIDTH="40" HEIGHT="36" WC="0.92" CONTENT="af"/><SP WIDTH="22" VPOS="1844" HPOS="665"/>
							<String ID="string_330" HPOS="687" VPOS="1845" WIDTH="215" HEIGHT="37" WC="0.92" CONTENT="förverkadt"/><SP WIDTH="26" VPOS="1845" HPOS="902"/>
							<String ID="string_331" HPOS="928" VPOS="1847" WIDTH="92" HEIGHT="45" WC="0.96" CONTENT="gods"/><SP WIDTH="28" VPOS="1847" HPOS="1020"/>
							<String ID="string_332" HPOS="1048" VPOS="1848" WIDTH="78" HEIGHT="35" WC="0.96" CONTENT="icke"/><SP WIDTH="27" VPOS="1848" HPOS="1126"/>
							<String ID="string_333" HPOS="1153" VPOS="1849" WIDTH="97" HEIGHT="34" WC="0.96" CONTENT="varit"/><SP WIDTH="27" VPOS="1849" HPOS="1250"/>
							<String ID="string_334" HPOS="1277" VPOS="1847" WIDTH="46" HEIGHT="49" WC="0.93" CONTENT="på"/><SP WIDTH="26" VPOS="1847" HPOS="1323"/>
							<String ID="string_335" HPOS="1349" VPOS="1848" WIDTH="122" HEIGHT="36" WC="0.91" CONTENT="Loder"/><SP WIDTH="26" VPOS="1848" HPOS="1471"/>
							<String ID="string_336" HPOS="1497" VPOS="1824" WIDTH="208" HEIGHT="77" WC="0.95" CONTENT="tillämplig."/>
						</TextLine>
					</TextBlock>
					<TextBlock ID="block_5" HPOS="406" VPOS="1896" WIDTH="1610" HEIGHT="409">
						<TextLine ID="line_32" HPOS="508" VPOS="1896" WIDTH="1508" HEIGHT="89">
							<String ID="string_337" HPOS="508" VPOS="1896" WIDTH="103" HEIGHT="35" WC="0.95" CONTENT="Hans"/><SP WIDTH="36" VPOS="1896" HPOS="611"/>
							<String ID="string_338" HPOS="647" VPOS="1898" WIDTH="181" HEIGHT="34" WC="0.94" CONTENT="excellens"/><SP WIDTH="36" VPOS="1898" HPOS="828"/>
							<String ID="string_339" HPOS="864" VPOS="1876" WIDTH="333" HEIGHT="58" WC="0.96" CONTENT="utrikesministern"/><SP WIDTH="28" VPOS="1876" HPOS="1197"/>
							<String ID="string_340" HPOS="1225" VPOS="1912" WIDTH="114" HEIGHT="31" WC="0.96" CONTENT="anser,"/><SP WIDTH="28" VPOS="1912" HPOS="1339"/>
							<String ID="string_341" HPOS="1367" VPOS="1900" WIDTH="12" HEIGHT="34" WC="0.95" CONTENT="i"/><SP WIDTH="29" VPOS="1900" HPOS="1379"/>
							<String ID="string_342" HPOS="1408" VPOS="1904" WIDTH="50" HEIGHT="30" WC="0.96" CONTENT="ett"/><SP WIDTH="21" VPOS="1904" HPOS="1458"/>
							<String ID="string_343" HPOS="1479" VPOS="1899" WIDTH="198" HEIGHT="86" WC="0.17" CONTENT="talande"/><SP WIDTH="27" VPOS="1899" HPOS="1677"/>
							<String ID="string_344" HPOS="1704" VPOS="1900" WIDTH="57" HEIGHT="35" WC="0.93" CONTENT="till"/><SP WIDTH="28" VPOS="1900" HPOS="1761"/>
							<String ID="string_345" HPOS="1789" VPOS="1900" WIDTH="227" HEIGHT="47" WC="0.93" CONTENT="protokollet"/>
						</TextLine>
						<TextLine ID="line_33" HPOS="409" VPOS="1928" WIDTH="1607" HEIGHT="69">
							<String ID="string_346" HPOS="409" VPOS="1946" WIDTH="103" HEIGHT="37" WC="0.93" CONTENT="öfver"/><SP WIDTH="38" VPOS="1946" HPOS="512"/>
							<String ID="string_347" HPOS="550" VPOS="1948" WIDTH="282" HEIGHT="36" WC="0.89" CONTENT="finansärenden"/><SP WIDTH="42" VPOS="1948" HPOS="832"/>
							<String ID="string_348" HPOS="874" VPOS="1947" WIDTH="39" HEIGHT="37" WC="0.95" CONTENT="af"/><SP WIDTH="37" VPOS="1947" HPOS="913"/>
							<String ID="string_349" HPOS="950" VPOS="1949" WIDTH="69" HEIGHT="35" WC="0.96" CONTENT="den"/><SP WIDTH="47" VPOS="1949" HPOS="1019"/>
							<String ID="string_350" HPOS="1066" VPOS="1952" WIDTH="40" HEIGHT="33" WC="0.95" CONTENT="16"/><SP WIDTH="29" VPOS="1952" HPOS="1106"/>
							<String ID="string_351" HPOS="1135" VPOS="1950" WIDTH="72" HEIGHT="47" WC="0.96" CONTENT="maj"/><SP WIDTH="43" VPOS="1950" HPOS="1207"/>
							<String ID="string_352" HPOS="1250" VPOS="1928" WIDTH="103" HEIGHT="66" WC="0.86" CONTENT="1890,"/><SP WIDTH="36" VPOS="1928" HPOS="1353"/>
							<String ID="string_353" HPOS="1389" VPOS="1963" WIDTH="58" HEIGHT="22" WC="0.96" CONTENT="n:o"/><SP WIDTH="27" VPOS="1963" HPOS="1447"/>
							<String ID="string_354" HPOS="1474" VPOS="1945" WIDTH="58" HEIGHT="55" WC="0.95" CONTENT="31,"/><SP WIDTH="28" VPOS="1945" HPOS="1532"/>
							<String ID="string_355" HPOS="1560" VPOS="1949" WIDTH="130" HEIGHT="47" WC="0.96" CONTENT="frågan"/><SP WIDTH="28" VPOS="1949" HPOS="1690"/>
							<String ID="string_356" HPOS="1718" VPOS="1963" WIDTH="60" HEIGHT="23" WC="0.96" CONTENT="om"/><SP WIDTH="28" VPOS="1963" HPOS="1778"/>
							<String ID="string_357" HPOS="1806" VPOS="1951" WIDTH="97" HEIGHT="34" WC="0.96" CONTENT="huru"/><SP WIDTH="26" VPOS="1951" HPOS="1903"/>
							<String ID="string_358" HPOS="1929" VPOS="1951" WIDTH="87" HEIGHT="35" WC="0.96" CONTENT="vida"/>
						</TextLine>
						<TextLine ID="line_34" HPOS="409" VPOS="1953" WIDTH="1606" HEIGHT="95">
							<String ID="string_359" HPOS="409" VPOS="1998" WIDTH="173" HEIGHT="48" WC="0.96" CONTENT="engelska"/><SP WIDTH="35" VPOS="1998" HPOS="582"/>
							<String ID="string_360" HPOS="617" VPOS="1998" WIDTH="215" HEIGHT="37" WC="0.96" CONTENT="undersåtar"/><SP WIDTH="27" VPOS="1998" HPOS="832"/>
							<String ID="string_361" HPOS="859" VPOS="1999" WIDTH="66" HEIGHT="36" WC="0.96" CONTENT="här"/><SP WIDTH="27" VPOS="1999" HPOS="925"/>
							<String ID="string_362" HPOS="952" VPOS="2000" WIDTH="111" HEIGHT="35" WC="0.95" CONTENT="redan"/><SP WIDTH="28" VPOS="2000" HPOS="1063"/>
							<String ID="string_363" HPOS="1091" VPOS="2001" WIDTH="127" HEIGHT="35" WC="0.96" CONTENT="kunna"/><SP WIDTH="28" VPOS="2001" HPOS="1218"/>
							<String ID="string_364" HPOS="1246" VPOS="2000" WIDTH="47" HEIGHT="48" WC="0.96" CONTENT="på"/><SP WIDTH="27" VPOS="2000" HPOS="1293"/>
							<String ID="string_365" HPOS="1320" VPOS="1979" WIDTH="119" HEIGHT="69" WC="0.95" CONTENT="grund"/><SP WIDTH="30" VPOS="1979" HPOS="1439"/>
							<String ID="string_366" HPOS="1469" VPOS="1953" WIDTH="45" HEIGHT="83" WC="0.16" CONTENT="ot"/><SP WIDTH="11" VPOS="1953" HPOS="1514"/>
							<String ID="string_367" HPOS="1525" VPOS="1979" WIDTH="191" HEIGHT="57" WC="0.94" CONTENT="traktaten"/><SP WIDTH="28" VPOS="1979" HPOS="1716"/>
							<String ID="string_368" HPOS="1744" VPOS="1998" WIDTH="46" HEIGHT="49" WC="0.82" CONTENT="(?)"/><SP WIDTH="28" VPOS="1998" HPOS="1790"/>
							<String ID="string_369" HPOS="1818" VPOS="2014" WIDTH="103" HEIGHT="23" WC="0.93" CONTENT="anses"/><SP WIDTH="29" VPOS="2014" HPOS="1921"/>
							<String ID="string_370" HPOS="1950" VPOS="2015" WIDTH="65" HEIGHT="32" WC="0.90" CONTENT="ega"/>
						</TextLine>
						<TextLine ID="line_35" HPOS="408" VPOS="2050" WIDTH="1607" HEIGHT="59">
							<String ID="string_371" HPOS="408" VPOS="2061" WIDTH="141" HEIGHT="23" WC="0.96" CONTENT="samma"/><SP WIDTH="26" VPOS="2061" HPOS="549"/>
							<String ID="string_372" HPOS="575" VPOS="2050" WIDTH="217" HEIGHT="45" WC="0.94" CONTENT="rättigheter"/><SP WIDTH="27" VPOS="2050" HPOS="792"/>
							<String ID="string_373" HPOS="819" VPOS="2062" WIDTH="78" HEIGHT="24" WC="0.96" CONTENT="som"/><SP WIDTH="28" VPOS="2062" HPOS="897"/>
							<String ID="string_374" HPOS="925" VPOS="2050" WIDTH="71" HEIGHT="36" WC="0.96" CONTENT="den"/><SP WIDTH="27" VPOS="2050" HPOS="996"/>
							<String ID="string_375" HPOS="1023" VPOS="2057" WIDTH="93" HEIGHT="29" WC="0.96" CONTENT="mest"/><SP WIDTH="27" VPOS="2057" HPOS="1116"/>
							<String ID="string_376" HPOS="1143" VPOS="2051" WIDTH="172" HEIGHT="58" WC="0.96" CONTENT="gynnade"/><SP WIDTH="27" VPOS="2051" HPOS="1315"/>
							<String ID="string_377" HPOS="1342" VPOS="2052" WIDTH="137" HEIGHT="44" WC="0.95" CONTENT="nation,"/><SP WIDTH="32" VPOS="2052" HPOS="1479"/>
							<String ID="string_378" HPOS="1511" VPOS="2051" WIDTH="107" HEIGHT="36" WC="0.96" CONTENT="äfven"/><SP WIDTH="29" VPOS="2051" HPOS="1618"/>
							<String ID="string_379" HPOS="1647" VPOS="2065" WIDTH="60" HEIGHT="22" WC="0.96" CONTENT="om"/><SP WIDTH="28" VPOS="2065" HPOS="1707"/>
							<String ID="string_380" HPOS="1735" VPOS="2051" WIDTH="173" HEIGHT="50" WC="0.95" CONTENT="England"/><SP WIDTH="28" VPOS="2051" HPOS="1908"/>
							<String ID="string_381" HPOS="1936" VPOS="2053" WIDTH="79" HEIGHT="35" WC="0.96" CONTENT="icke"/>
						</TextLine>
						<TextLine ID="line_36" HPOS="407" VPOS="2079" WIDTH="1608" HEIGHT="77">
							<String ID="string_382" HPOS="407" VPOS="2113" WIDTH="135" HEIGHT="32" WC="0.96" CONTENT="genom"/><SP WIDTH="39" VPOS="2113" HPOS="542"/>
							<String ID="string_383" HPOS="581" VPOS="2101" WIDTH="155" HEIGHT="35" WC="0.92" CONTENT="särskild"/><SP WIDTH="41" VPOS="2101" HPOS="736"/>
							<String ID="string_384" HPOS="777" VPOS="2101" WIDTH="229" HEIGHT="36" WC="0.94" CONTENT="deklaration"/><SP WIDTH="40" VPOS="2101" HPOS="1006"/>
							<String ID="string_385" HPOS="1046" VPOS="2102" WIDTH="195" HEIGHT="35" WC="0.96" CONTENT="förbundit"/><SP WIDTH="27" VPOS="2102" HPOS="1241"/>
							<String ID="string_386" HPOS="1268" VPOS="2103" WIDTH="54" HEIGHT="45" WC="0.95" CONTENT="sig"/><SP WIDTH="36" VPOS="2103" HPOS="1322"/>
							<String ID="string_387" HPOS="1358" VPOS="2108" WIDTH="54" HEIGHT="30" WC="0.95" CONTENT="att"/><SP WIDTH="34" VPOS="2108" HPOS="1412"/>
							<String ID="string_388" HPOS="1446" VPOS="2103" WIDTH="136" HEIGHT="47" WC="0.96" CONTENT="bevilja"/><SP WIDTH="26" VPOS="2103" HPOS="1582"/>
							<String ID="string_389" HPOS="1608" VPOS="2079" WIDTH="239" HEIGHT="77" WC="0.92" CONTENT="reciprocitet,"/><SP WIDTH="29" VPOS="2079" HPOS="1847"/>
							<String ID="string_390" HPOS="1876" VPOS="2104" WIDTH="9" HEIGHT="34" WC="0.71" CONTENT="1"/><SP WIDTH="30" VPOS="2104" HPOS="1885"/>
							<String ID="string_391" HPOS="1915" VPOS="2103" WIDTH="100" HEIGHT="36" WC="0.96" CONTENT="detta"/>
						</TextLine>
						<TextLine ID="line_37" HPOS="406" VPOS="2134" WIDTH="1608" HEIGHT="66">
							<String ID="string_392" HPOS="406" VPOS="2150" WIDTH="67" HEIGHT="36" WC="0.96" CONTENT="fall"/><SP WIDTH="27" VPOS="2150" HPOS="473"/>
							<String ID="string_393" HPOS="500" VPOS="2151" WIDTH="80" HEIGHT="35" WC="0.96" CONTENT="icke"/><SP WIDTH="28" VPOS="2151" HPOS="580"/>
							<String ID="string_394" HPOS="608" VPOS="2151" WIDTH="127" HEIGHT="36" WC="0.96" CONTENT="kunna"/><SP WIDTH="26" VPOS="2151" HPOS="735"/>
							<String ID="string_395" HPOS="761" VPOS="2152" WIDTH="172" HEIGHT="48" WC="0.96" CONTENT="tilläggas"/><SP WIDTH="27" VPOS="2152" HPOS="933"/>
							<String ID="string_396" HPOS="960" VPOS="2152" WIDTH="121" HEIGHT="46" WC="0.96" CONTENT="någon"/><SP WIDTH="30" VPOS="2152" HPOS="1081"/>
							<String ID="string_397" HPOS="1111" VPOS="2134" WIDTH="209" HEIGHT="63" WC="0.96" CONTENT="betydelse,"/><SP WIDTH="17" VPOS="2134" HPOS="1320"/>
							<String ID="string_398" HPOS="1337" VPOS="2161" WIDTH="86" HEIGHT="28" WC="0.96" CONTENT="enär"/><SP WIDTH="28" VPOS="2161" HPOS="1423"/>
							<String ID="string_399" HPOS="1451" VPOS="2153" WIDTH="60" HEIGHT="36" WC="0.96" CONTENT="det"/><SP WIDTH="28" VPOS="2153" HPOS="1511"/>
							<String ID="string_400" HPOS="1539" VPOS="2167" WIDTH="87" HEIGHT="23" WC="0.96" CONTENT="vore"/><SP WIDTH="14" VPOS="2167" HPOS="1626"/>
							<String ID="string_401" HPOS="1640" VPOS="2153" WIDTH="125" HEIGHT="46" WC="0.96" CONTENT="kändt,"/><SP WIDTH="21" VPOS="2153" HPOS="1765"/>
							<String ID="string_402" HPOS="1786" VPOS="2160" WIDTH="54" HEIGHT="29" WC="0.95" CONTENT="att"/><SP WIDTH="18" VPOS="2160" HPOS="1840"/>
							<String ID="string_403" HPOS="1858" VPOS="2155" WIDTH="156" HEIGHT="35" WC="0.95" CONTENT="svenska"/>
						</TextLine>
						<TextLine ID="line_38" HPOS="407" VPOS="2183" WIDTH="1607" HEIGHT="69">
							<String ID="string_404" HPOS="407" VPOS="2201" WIDTH="218" HEIGHT="37" WC="0.94" CONTENT="undersåtar"/><SP WIDTH="39" VPOS="2201" HPOS="625"/>
							<String ID="string_405" HPOS="664" VPOS="2203" WIDTH="11" HEIGHT="35" WC="0.93" CONTENT="i"/><SP WIDTH="40" VPOS="2203" HPOS="675"/>
							<String ID="string_406" HPOS="715" VPOS="2183" WIDTH="176" HEIGHT="66" WC="0.96" CONTENT="England"/><SP WIDTH="32" VPOS="2183" HPOS="891"/>
							<String ID="string_407" HPOS="923" VPOS="2204" WIDTH="10" HEIGHT="34" WC="0.90" CONTENT="1"/><SP WIDTH="37" VPOS="2204" HPOS="933"/>
							<String ID="string_408" HPOS="970" VPOS="2203" WIDTH="104" HEIGHT="49" WC="0.92" CONTENT="fråga"/><SP WIDTH="35" VPOS="2203" HPOS="1074"/>
							<String ID="string_409" HPOS="1109" VPOS="2217" WIDTH="57" HEIGHT="22" WC="0.95" CONTENT="om"/><SP WIDTH="30" VPOS="2217" HPOS="1166"/>
							<String ID="string_410" HPOS="1196" VPOS="2204" WIDTH="135" HEIGHT="35" WC="0.96" CONTENT="handel"/><SP WIDTH="29" VPOS="2204" HPOS="1331"/>
							<String ID="string_411" HPOS="1360" VPOS="2205" WIDTH="67" HEIGHT="34" WC="0.96" CONTENT="och"/><SP WIDTH="29" VPOS="2205" HPOS="1427"/>
							<String ID="string_412" HPOS="1456" VPOS="2203" WIDTH="159" HEIGHT="37" WC="0.96" CONTENT="industri"/><SP WIDTH="26" VPOS="2203" HPOS="1615"/>
							<String ID="string_413" HPOS="1641" VPOS="2218" WIDTH="88" HEIGHT="22" WC="0.96" CONTENT="vore"/><SP WIDTH="27" VPOS="2218" HPOS="1729"/>
							<String ID="string_414" HPOS="1756" VPOS="2206" WIDTH="11" HEIGHT="34" WC="0.95" CONTENT="i"/><SP WIDTH="29" VPOS="2206" HPOS="1767"/>
							<String ID="string_415" HPOS="1796" VPOS="2204" WIDTH="218" HEIGHT="48" WC="0.95" CONTENT="åtnjutande"/>
						</TextLine>
						<TextLine ID="line_39" HPOS="407" VPOS="2252" WIDTH="1606" HEIGHT="53">
							<String ID="string_416" HPOS="407" VPOS="2252" WIDTH="40" HEIGHT="35" WC="0.96" CONTENT="af"/><SP WIDTH="37" VPOS="2252" HPOS="447"/>
							<String ID="string_417" HPOS="484" VPOS="2265" WIDTH="140" HEIGHT="23" WC="0.96" CONTENT="samma"/><SP WIDTH="34" VPOS="2265" HPOS="624"/>
							<String ID="string_418" HPOS="658" VPOS="2254" WIDTH="217" HEIGHT="45" WC="0.96" CONTENT="rättigheter"/><SP WIDTH="34" VPOS="2254" HPOS="875"/>
							<String ID="string_419" HPOS="909" VPOS="2266" WIDTH="79" HEIGHT="23" WC="0.96" CONTENT="som"/><SP WIDTH="28" VPOS="2266" HPOS="988"/>
							<String ID="string_420" HPOS="1016" VPOS="2255" WIDTH="70" HEIGHT="36" WC="0.96" CONTENT="den"/><SP WIDTH="28" VPOS="2255" HPOS="1086"/>
							<String ID="string_421" HPOS="1114" VPOS="2261" WIDTH="92" HEIGHT="30" WC="0.96" CONTENT="mest"/><SP WIDTH="27" VPOS="2261" HPOS="1206"/>
							<String ID="string_422" HPOS="1233" VPOS="2256" WIDTH="173" HEIGHT="48" WC="0.96" CONTENT="gynnade"/><SP WIDTH="27" VPOS="2256" HPOS="1406"/>
							<String ID="string_423" HPOS="1433" VPOS="2256" WIDTH="138" HEIGHT="44" WC="0.96" CONTENT="nation,"/><SP WIDTH="28" VPOS="2256" HPOS="1571"/>
							<String ID="string_424" HPOS="1599" VPOS="2261" WIDTH="94" HEIGHT="30" WC="0.96" CONTENT="samt"/><SP WIDTH="27" VPOS="2261" HPOS="1693"/>
							<String ID="string_425" HPOS="1720" VPOS="2262" WIDTH="63" HEIGHT="39" WC="0.96" CONTENT="att,"/><SP WIDTH="27" VPOS="2262" HPOS="1783"/>
							<String ID="string_426" HPOS="1810" VPOS="2257" WIDTH="13" HEIGHT="34" WC="0.96" CONTENT="i"/><SP WIDTH="28" VPOS="2257" HPOS="1823"/>
							<String ID="string_427" HPOS="1851" VPOS="2257" WIDTH="162" HEIGHT="48" WC="0.96" CONTENT="enlighet"/>
						</TextLine>
					</TextBlock>
				</ComposedBlock>
			</PrintSpace>
		</Page>
	</Layout>
</alto>
