1900 2846
273 151 41 30 44
676 150 415 29 Konstitutionsutskottets
1114 151 163 28 memorial
1299 152 48 28 Nr
1377 157 26 25 9.

277 237 56 33 Av
353 237 239 39 länsstyrelsen
613 237 12 32 i
647 237 111 33 Falun
781 237 201 33 utanordnat
1011 263 515 7 ..........ssssssssrcsr
1474 233 57 47 oss
1603 240 169 37 1,400:
1742 235 34 47 —

278 279 56 32 Av
357 279 238 33 statskontoret
617 280 204 32 utanordnat
843 283 24 29 t.
892 291 28 21 o.
943 292 43 20 m.
1012 280 60 32 den
1096 277 36 42 "/;
1158 281 84 32 1930
1275 306 249 6 ............
1556 282 213 37 270,595:
1734 276 39 47 07

277 320 211 40 Disponibelt
516 321 60 32 den
603 318 36 42 ”/g
668 322 86 32 1930
788 348 737 6 ssssssosoesrsrssssssses
1298 314 69 50 rss
1385 314 32 50 sr
1429 314 44 50 ss
1494 314 36 50 na
1602 324 167 36 8,889:
1729 317 44 49 29

1396 381 136 33 Summa
1558 383 211 37 287,366:29

322 455 181 39 Utskottet,
526 467 68 20 som
614 455 185 39 ingalunda
820 455 152 40 förbiser,
993 460 52 29 att
1064 460 48 28 ett
1131 457 188 39 införande,
1340 457 58 33 vid
1419 457 95 33 sidan
1535 470 42 20 av
1597 470 32 20 n.
1650 470 32 20 v.
1702 458 79 32 bok-

278 505 269 40 föringssystem,
565 505 114 33 tillika
695 518 43 21 av
755 507 66 32 vad
838 506 165 33 utskottet
1020 510 109 29 ansett
1147 507 53 39 sig
1216 507 115 33 kunna
1349 507 158 33 beteckna
1526 520 69 21 som
1614 520 38 21 en
1672 508 109 38 dispo-

278 556 309 39 sitionsbokföring,
605 556 68 33 kan
693 557 173 33 föranleda
884 557 91 33 vissa
996 557 104 33 ökade
1119 557 191 41 kostnader,
1331 558 111 33 finner
1461 559 85 32 dock
1564 559 81 38 föga
1665 570 116 22 sanno-

277 606 75 40 likt,
366 610 51 29 att
432 607 96 33 dessa
541 607 180 33 kostnader
736 607 107 34 skulle
858 608 126 32 behöva
997 608 91 32 bliva
1104 608 139 33 särskilt
1259 612 90 29 stora
1364 609 60 32 och
1437 609 13 32 i
1463 609 86 33 intet
1564 609 65 33 fall
1644 610 137 38 sådana,

277 660 51 29 att
346 658 39 32 de
402 657 74 33 icke
495 657 107 33 skulle
622 657 82 33 fullt
721 661 169 29 motsvara
910 658 39 33 de
969 659 135 32 därmed
1124 659 159 33 förenade
1303 659 201 40 fördelarna,
1527 660 117 33 såvida
1663 660 117 33 anord-

276 707 121 39 ningen
419 708 77 32 sker
516 709 44 37 på
579 711 48 29 ett
646 708 286 33 konstitutionellt
953 709 122 38 riktigt
1096 712 77 36 sätt,
1195 713 84 28 utan
1300 713 51 29 att
1372 721 117 27 genom
1509 710 271 39 bokföringstek-

276 758 97 32 niska
389 758 141 39 hänsyn,
549 770 68 21 som
635 759 54 32 för
706 760 93 32 detta
816 759 154 33 ändamål
986 759 106 34 sakna
1109 760 182 39 betydelse,
1310 760 188 39 onödigtvis
1515 760 183 34 invecklas.

319 808 54 33 Då
390 809 94 38 varje
503 809 325 38 departementschef
846 814 39 28 är
902 809 285 33 konstitutionellt
1205 811 161 38 ansvarig
1386 811 54 32 för
1459 813 52 30 att
1529 811 81 38 inga
1631 811 149 33 obeteck-

274 859 84 32 nade
380 859 121 38 anslag
524 859 80 33 eller
627 860 343 39 reservationsanslag
992 860 105 33 under
1117 861 281 38 departementets
1422 861 191 33 huvudtitel
1637 861 80 34 eller
1740 862 40 32 de

274 909 221 40 huvudtitlar,
524 921 68 21 som
620 909 85 34 falla
732 911 107 32 under
866 911 274 38 departementets
1167 910 157 40 kontroll,
1353 911 222 40 överskridas,
1603 912 95 32 torde
1726 912 54 32 det

275 959 94 39 ligga
395 960 71 32 lika
494 960 134 38 mycket
653 961 12 32 i
692 960 244 34 vederbörande
964 961 376 39 departementschefers
1368 973 68 21 som
1464 962 13 31 i
1505 962 197 38 riksdagens
1730 963 49 32 in-

273 1012 115 37 tresse,
407 1013 51 29 att
477 1022 39 21 en
536 1010 145 33 effektiv
699 1011 269 33 konstitutionell
985 1011 146 33 kontroll
1150 1012 143 32 häröver
1310 1012 175 33 anordnas.
1527 1012 173 33 Utskottet
1719 1012 62 33 har

277 1064 107 29 ansett
407 1061 53 38 sig
483 1061 81 33 böra
584 1062 12 32 i
620 1062 91 33 detta
736 1063 239 39 sammanhang
999 1064 113 31 härom
1136 1064 145 32 allenast
1304 1069 82 33 göra
1408 1076 39 20 en
1470 1064 143 32 erinran.

991 1264 80 32 VIL.

317 1349 42 20 av
374 1337 76 33 herr
465 1337 247 40 Reuterskiöld,
730 1350 70 21 som
816 1339 73 32 med
904 1339 243 32 instämmande
1163 1351 42 21 av
1221 1339 118 33 herrar
1354 1340 41 33 G.
1416 1340 51 34 W.
1484 1341 168 39 Hansson,
1669 1341 47 33 K.
1732 1339 46 34 A.

271 1387 199 40 Johansson,
493 1389 159 38 Engberg
675 1389 61 32 och
757 1390 195 38 Brännberg
974 1390 129 32 anfört:

314 1438 174 34 Utskottet
504 1439 63 33 har
584 1439 57 33 vid
658 1439 439 40 protokollsgranskningen
1115 1440 45 33 bl.
1179 1452 31 22 a.
1230 1441 124 40 funnit,
1374 1445 52 29 att
1445 1442 128 39 Kungl.
1594 1442 103 38 Maj:t
1717 1442 62 33 den

271 1490 42 31 24
328 1489 136 33 oktober
480 1491 84 32 1930
585 1488 307 42 (försvarsärendet
906 1503 40 20 nr
962 1490 59 41 71)
1041 1491 147 33 beslutat
1202 1492 197 38 igångsätta
1416 1505 39 20 en
1470 1505 43 20 av
1529 1492 180 40 riksdagen
1725 1493 53 33 be-

274 1541 84 36 gärd
380 1541 181 39 utredning
581 1554 42 20 av
646 1542 288 38 försvarsfrågan.
980 1543 228 38 Riktlinjerna
1234 1544 55 32 för
1311 1544 218 38 utredningen
1553 1546 149 38 angåvos
1727 1545 50 32 så-

269 1589 117 34 lunda:
407 1591 41 32 »I
468 1591 108 33 första
595 1591 89 33 hand
704 1603 96 22 avses
820 1604 39 20 en
878 1592 251 39 undersökning
1147 1604 44 20 av
1210 1593 255 38 möjligheterna
1486 1596 60 36 att,
1568 1597 82 29 utan
1672 1597 106 30 större

270 1640 206 39 rubbningar
498 1642 13 31 i
536 1641 60 33 den
620 1642 194 33 nuvarande
839 1643 277 39 organisationen,
1140 1642 179 40 påskynda
1345 1644 358 39 försvarsutgifternas
1729 1656 48 21 re-

269 1691 159 39 ducering
442 1692 56 32 till
514 1692 60 33 den
589 1692 12 32 i
619 1694 83 31 1925
721 1694 55 31 års
793 1693 268 38 riksdagsbeslut
1077 1693 158 39 åsyftade
1251 1693 286 34 kostnadsramen.
1574 1695 128 34 Vidare
1718 1695 60 33 bör

270 1753 39 21 en
333 1742 138 39 allsidig
495 1742 180 40 utredning
697 1755 44 21 av
764 1744 75 32 hela
863 1745 76 31 vårt
962 1743 301 40 försvarsproblem
1287 1744 132 34 komma
1443 1745 56 32 till
1523 1746 108 38 stånd,
1656 1746 122 33 varvid

270 1792 54 32 det
343 1792 107 39 gäller
469 1796 52 29 att
540 1794 162 38 ingående
722 1799 104 34 pröva
847 1794 60 33 och
925 1798 70 29 mot
1013 1795 168 32 varandra
1200 1800 89 33 väga
1311 1796 39 32 de
1372 1795 84 40 skäl,
1478 1808 69 21 som
1567 1796 115 33 kunna
1703 1796 73 33 åbe-

270 1853 98 28 ropas
387 1843 68 33 för:

319 1893 71 41 1:0)
423 1895 187 33 förstärkta
635 1896 151 33 militära
815 1897 385 40 försvarsanordningar,
1229 1898 84 33 dock
1340 1898 144 39 givetvis
1512 1899 75 32 med
1613 1899 163 38 hänsyns-

272 1945 146 38 tagande
437 1945 54 33 till
514 1946 128 33 landets
663 1946 171 33 allmänna
857 1947 213 33 ekonomiska
1091 1948 299 39 förutsättningar;

317 1993 71 42 2:0)
415 2008 41 20 en
477 1996 267 39 ändamålsenlig
765 1997 227 39 organisation
1014 2010 43 20 av
1077 1999 78 32 vårt
1176 1999 295 33 försvarsväsende
1492 1999 89 33 inom
1603 2000 62 32 den
1686 1999 90 33 kost-

271 2046 167 39 nadsram,
467 2058 69 20 som
563 2048 149 37 åsyftats
739 2048 58 32 vid
823 2049 204 37 antagandet
1052 2060 42 21 av
1119 2060 45 20 nu
1189 2049 157 38 gällande
1373 2050 303 40 försvarsordning,
1702 2050 75 32 med

271 2095 189 40 inriktning
483 2097 114 33 tillika
621 2098 44 37 på
691 2098 166 32 eventuell
881 2098 367 40 rustningsminskning
1272 2100 62 32 och
1358 2100 199 39 avrustning
1580 2101 12 31 i
1617 2101 160 32 samband

271 2148 75 32 med
373 2147 269 33 internationella
671 2148 350 39 överenskommelser;
1050 2154 85 28 samt

316 2195 71 41 3:0)
411 2198 145 32 isolerad
574 2198 159 33 nationell
752 2199 213 38 avrustning;

317 2252 152 28 ävensom
492 2252 50 29 att
564 2249 122 38 avgiva
709 2249 40 33 de
771 2249 140 38 förslag,
932 2250 119 32 vartill
1072 2250 104 32 denna
1198 2251 167 39 prövning
1384 2252 55 32 må
1460 2252 206 33 föranleda.»

315 2297 67 32 Till
399 2298 144 32 ledamot
560 2299 11 31 i
588 2298 257 33 kommissionen
862 2299 118 38 utsågs
999 2299 44 33 bl.
1061 2311 30 20 a.
1110 2299 205 33 »statsrådet
1333 2300 39 33 F.
1390 2301 39 32 T.
1448 2301 176 32 Hamrin».

315 2348 173 34 Utskottet
511 2349 61 32 har
595 2353 110 29 ansett
728 2350 54 38 sig
806 2350 78 32 böra
908 2349 12 32 i
943 2350 181 38 anledning
1146 2350 107 32 härav
1277 2351 119 39 erinra,
1422 2355 50 29 att
1497 2352 55 33 det
1575 2352 199 39 visserligen

271 2399 70 32 före
362 2400 271 38 genomförandet
653 2400 58 33 vid
733 2401 172 32 1840—41
928 2401 53 32 års
1004 2401 137 38 riksdag
1162 2413 41 20 av
1225 2401 61 33 den
1309 2414 25 20 s.
1355 2402 33 32 k.
1411 2403 363 38 departementalrefor-

270 2460 83 28 men,
370 2461 117 27 genom
503 2450 112 32 vilken
632 2453 48 29 ett
696 2451 148 32 statsråd
860 2450 75 32 kom
952 2454 52 29 att
1020 2450 117 33 ställas
1153 2451 111 32 såsom
1281 2452 78 32 chef
1373 2452 12 32 i
1403 2455 130 36 spetsen
1551 2453 54 32 för
1620 2457 77 29 vart
1714 2453 61 33 och
