2213 2686
475 207 17 28 8
926 205 98 29 Stats-
1033 202 163 32 Utskottets
1226 202 167 32 Utlåtande
1415 204 57 30 N:o
1495 202 52 31 64.

433 292 298 50 ängsmarkerna.
786 292 70 36 Det
897 292 90 35 allra
1027 296 138 31 största
1206 292 140 36 antalet
1379 291 171 49 delegare
1591 291 9 35 i
1642 289 180 47 företaget
1850 298 50 36 är,
1931 290 95 36 huru

434 323 276 69 vinstgifvande
738 343 61 36 det
827 350 44 28 än
902 342 56 36 för
986 343 84 36 dem
1098 343 168 36 kommer
1295 349 53 29 att
1377 342 124 46 blifva,
1531 356 42 22 ur
1601 341 109 36 stånd
1740 347 54 30 att
1822 341 83 37 med
1934 354 94 34 egna

431 375 162 57 förskott
632 396 10 34 i
683 395 44 35 de
757 395 191 49 betydliga
976 394 251 36 kostnaderna
1255 394 158 48 deltaga.
1467 372 118 58 Medel
1615 393 54 36 till
1697 393 107 36 dessa
1833 396 112 32 måste
1972 396 55 32 så-

433 447 114 44 ledes,
576 450 118 32 såsom
723 446 10 35 i
763 446 70 36 den
862 446 133 48 Kongl.
1028 446 277 48 propositionen
1336 420 247 78 omförmäles,
1603 457 136 36 genom
1755 445 60 35 lån
1837 443 190 37 anskaffas.

433 499 82 35 Men
558 497 130 36 härvid
732 504 120 29 möter
893 497 70 36 den
1006 497 291 46 omständighet,
1333 503 65 38 att,
1434 497 83 36 med
1552 500 66 32 vår
1647 495 382 48 kreditlagstiftnings

432 549 218 37 nuvarande
692 548 252 37 beskaffenhet
971 549 10 34 i
1010 548 120 36 denna
1163 548 71 44 del,
1263 555 119 29 staten
1412 556 39 28 är
1480 548 69 36 den
1579 547 94 37 enda
1702 547 219 47 långifvare,
1950 560 80 23 som

434 609 40 28 är
501 602 9 34 i
540 600 144 37 tillfälle
712 605 62 37 att,
803 605 89 30 utan
922 600 65 35 allt
1015 599 54 36 för
1097 599 228 36 öfverdrifna
1354 599 205 42 kostnader,
1588 600 65 34 allt
1677 598 54 36 för
1755 599 175 48 orimliga
1950 611 80 23 om-

432 661 127 40 vägar,
600 651 136 36 bereda
776 652 57 48 sig
872 651 279 48 real-säkerhet,
1194 651 68 35 och
1292 651 118 35 denna
1440 650 39 36 af
1504 651 88 36 allra
1619 656 188 57 yppersta
1822 649 209 37 beskaffen-

435 678 73 77 het,
536 703 55 36 för
622 703 120 34 lånets
772 702 284 47 återbetalning.
1109 693 126 44 Äfven
1265 715 60 22 om
1354 702 330 48 åvägabringande
1714 700 39 37 af
1768 704 120 44 någon
1912 714 119 22 annan

433 753 169 37 säkerhet
643 752 138 44 kunde,
824 752 154 36 oaktadt
1018 752 281 48 lånebeloppets
1340 732 139 56 storlek
1522 732 67 55 och
1624 751 182 47 mängden
1840 750 37 36 af
1902 751 130 46 gälde-

434 813 119 35 närer,
587 809 78 30 mot
707 804 123 36 hvilka
857 804 10 34 i
895 803 132 36 sådant
1056 802 62 36 fall
1148 803 68 35 den
1245 804 206 48 personliga
1481 803 282 48 ansvarigheten
1793 780 131 58 måste
1936 815 97 35 upp-

432 856 194 36 rätthållas
670 855 67 35 och
781 855 171 43 bevakas,
981 860 154 42 antagas
1169 868 89 22 vara
1287 856 152 46 möjligt,
1468 855 118 35 skulle
1616 855 113 35 likväl
1759 853 123 48 hvarje
1912 866 121 23 annan

432 907 96 37 form
557 905 58 37 för
642 906 236 36 säkerhetens
907 904 330 38 åstadkommande
1267 913 46 28 än
1342 905 85 45 den,
1456 918 79 23 som
1565 904 108 48 följer
1701 903 39 37 af
1764 910 54 30 ett
1847 903 103 37 bifall
1974 904 58 35 till

434 958 133 46 Kongl.
610 957 120 48 Maj:ts
761 956 149 50 förslag,
940 957 112 36 verka
1081 959 40 33 så
1150 956 236 48 betungande
1416 960 45 45 på
1489 957 267 39 lånevilkoren,
1786 961 54 30 att
1868 956 164 46 utsigten

433 1011 58 34 till
530 1009 201 47 företagets
759 985 290 71 genomförande
1078 1011 46 45 på
1152 986 137 57 sådana
1318 1008 117 35 vilkor
1465 1010 114 33 måste
1608 1007 115 35 blifva
1751 1012 140 44 ytterst
1920 1007 113 47 ringa,

435 1074 59 23 om
524 1073 62 23 ens
614 1036 135 76 någon.

568 1110 88 37 Häri
694 1112 116 47 ligger
848 1110 68 35 ock
950 1115 53 30 ett
1030 1110 117 46 enligt
1176 1109 212 36 Utskottets
1416 1110 98 48 åsigt
1542 1109 155 46 kraftigt
1724 1109 79 35 skäl
1831 1108 59 36 för
1918 1110 117 34 lånets

434 1162 210 47 beviljande
672 1163 54 34 till
758 1161 77 35 hela
865 1161 64 36 det
957 1160 39 36 af
1020 1161 132 46 Kongl.
1182 1160 102 47 Maj:t
1312 1161 209 48 föreslagna
1549 1161 148 47 belopp,
1726 1167 90 28 enär
1845 1159 84 36 med
1950 1159 84 36 dess

434 1213 241 46 nedsättning
713 1213 55 34 till
809 1211 96 35 hvad
946 1191 194 69 Styrelsen
1172 1211 55 36 för
1260 1192 210 55 allmänna
1474 1219 85 39 väg-
1590 1211 68 35 och
1687 1210 348 48 vattenbyggnader

434 1264 204 45 ifrågasatt,
680 1263 90 36 eller
814 1264 195 42 1,500,000
1043 1262 65 43 kr.,
1145 1261 107 48 följer
1281 1262 189 36 fortvaron
1498 1241 58 56 för
1584 1261 45 36 de
1657 1261 233 36 återstående
1920 1260 116 36 erfor-

435 1290 143 76 derliga
607 1288 82 78 500,
694 1316 72 34 000
796 1291 52 57 kr.
878 1312 39 36 af
941 1313 108 36 ofvan
1076 1312 148 48 angifna
1244 1313 242 48 svårigheter,
1506 1312 159 36 endast
1659 1308 23 57 i
1687 1315 117 44 någon
1826 1315 82 32 mån
1929 1312 107 35 redu-

435 1344 129 57 cerade
593 1378 131 34 genom
753 1365 62 35 det
842 1365 101 47 lägre
973 1337 175 78 beloppet
1176 1363 38 36 af
1239 1364 67 35 sist
1331 1363 159 36 nämnda
1518 1376 155 23 summa.
1727 1341 64 57 Ett
1818 1363 218 48 ytterligare

435 1416 78 36 skäl
541 1395 77 56 mot
646 1421 54 30 ett
726 1415 131 36 sådant
879 1395 137 69 afdrag
1044 1414 39 37 af
1108 1416 158 43 500,000
1282 1415 52 35 kr.
1351 1413 201 37 förefinnes
1573 1414 70 36 ock
1669 1414 78 35 deri
1767 1418 65 38 att,
1860 1414 2 34 i
1884 1419 155 30 motsats

436 1472 76 30 mot
541 1466 97 36 hvad
667 1467 103 45 eljest
798 1466 62 35 vid
889 1466 123 47 dylika
1042 1466 145 47 företag
1215 1467 172 46 vanligen
1409 1478 88 35 eger
1519 1478 90 31 rum,
1630 1466 12 34 i
1663 1465 44 35 de
1729 1464 57 36 för
1800 1464 238 48 Hjelmarens

436 1519 70 35 och
548 1517 233 44 Qvismarens
822 1516 371 48 sjösänkningsbolag
1233 1516 209 36 beräknade
1484 1516 248 36 kostnaderna
1766 1516 56 35 till
1851 1515 188 49 betydliga

436 1569 134 47 belopp
608 1569 87 47 ingå
733 1568 165 47 utgifter,
932 1567 216 36 föranledda
1176 1567 39 36 af
1240 1567 162 43 arbeten,
1431 1568 120 34 hvilka
1580 1570 122 32 såsom
1732 1567 117 34 vilkor
1877 1566 59 36 för
1964 1568 74 34 till-

436 1620 148 36 ståndet
612 1619 57 35 till
697 1618 250 48 sänkningens
976 1618 196 35 utförande
1204 1617 122 37 blifvit
1354 1618 152 45 bolaget
1534 1618 146 46 ålagda,
1708 1623 88 30 utan
1819 1623 55 29 att
1891 1617 148 47 bolaget

436 1673 123 33 såsom
596 1670 132 35 sådant
764 1668 40 37 af
830 1669 82 36 dem
944 1669 64 35 har
1037 1669 159 48 ringaste
1224 1682 106 35 gagn.
1385 1648 145 57 Sådana
1558 1669 155 35 arbeten
1744 1676 80 27 äro:
1854 1646 184 71 ombygg-

437 1722 72 34 nad
538 1719 39 36 af
600 1733 44 22 en
674 1720 55 35 del
759 1719 38 36 af
814 1720 188 57 Hjelmare
1023 1695 119 74 kanal,
1163 1720 198 35 underhåll
1382 1720 38 35 af
1432 1720 241 47 segelrännan
1691 1732 135 33 genom
1842 1719 195 44 Essundet,

436 1771 122 49 öfriga
586 1771 226 46 segelleders
841 1771 9 34 i
879 1770 213 48 Hjelmaren
1121 1747 248 71 fördjupning
1397 1770 66 36 och
1472 1749 364 57 vidmakthållande
1860 1770 62 35 vid
1938 1748 99 58 stad-

436 1822 90 49 gadt
555 1822 100 47 djup,
684 1821 166 49 dragväg
877 1823 65 34 och
974 1822 105 47 bojar
1106 1820 37 36 af
1166 1822 163 47 jernplåt
1359 1821 127 36 utmed
1515 1822 185 34 allmänna
1728 1821 225 46 segelleden,
1974 1834 64 22 un-

436 1852 241 56 derhållande
718 1852 57 55 för
815 1851 199 56 framtiden
1058 1871 39 36 af
1130 1872 201 46 bogsering
1359 1875 20 32 å
1407 1885 44 22 en
1480 1872 55 34 del
1566 1872 39 35 af
1628 1871 228 46 Hjelmaren,
1887 1873 151 35 arbeten

437 1924 60 34 vid
534 1923 232 48 Hjelmarens
800 1924 133 47 utlopp
963 1922 171 36 afseende
1164 1922 300 36 vattenståndets
1494 1922 216 46 reglerande
1738 1923 9 34 i
1778 1922 67 35 och
1874 1921 56 37 för
1957 1936 81 35 seg-

437 1975 177 43 lationen,
657 1974 81 35 med
777 1987 110 22 mera.
942 1974 71 35 Till
1048 1973 129 49 dylika
1210 1974 153 35 arbeten
1392 1977 106 44 åtgår
1527 1974 170 46 omkring
1725 1972 140 36 hälften
1895 1972 40 36 af
1960 1974 79 34 hela

439 2025 64 35 det
530 2024 210 36 beräknade
769 2024 370 47 kostnadsbeloppet,
1170 2025 87 34 eller
1286 2025 65 34 allt
1379 2024 97 35 hvad
1505 2037 79 22 som
1614 2024 194 48 upptagits
1831 2024 115 35 under
1968 2027 70 41 2:0,

439 2078 57 33 3:0o
539 2075 66 35 och
648 2077 58 33 4:0o
735 2075 40 34 af
799 2075 44 35 de
873 2076 67 34 här
969 2074 110 35 ofvan
1109 2074 173 49 uppgifna
1311 2074 251 36 kostnaderna
1591 2081 94 29 samt
1713 2087 42 22 en
1785 2073 61 36 del
1876 2074 39 36 af
1939 2075 100 35 kost-

439 2126 163 35 naderna
619 2125 117 36 under
755 2128 54 33 1:0
828 2126 68 35 och
915 2127 68 33 6:0.
1027 2126 71 35 Det
1113 2126 118 35 skulle
1247 2125 62 36 vid
1326 2125 133 36 sådant
1475 2125 233 36 förhållande
1725 2125 31 47 ej
1772 2137 88 23 vara
1872 2124 83 37 fullt
1969 2126 70 35 bil-

438 2177 71 48 ligt
550 2182 54 29 att
645 2176 171 35 nedsätta
849 2176 65 35 det
941 2176 165 46 begärda
1133 2177 276 47 lånebeloppet,
1439 2176 93 36 helst
1561 2177 225 34 detsammas
1815 2175 223 48 beviljande,

439 2234 78 28 mot
560 2231 20 32 5
623 2233 155 41 procent
811 2232 106 31 ränta
944 2226 79 36 från
1054 2226 199 49 lyftnings-
1281 2227 56 35 till
1366 2226 458 48 återbetalningsdagarne
1855 2227 66 35 och
1951 2228 89 35 obe-

439 2278 146 48 stridlig
612 2278 183 44 säkerhet,
824 2278 32 47 ej
885 2290 109 36 synes
1022 2277 58 35 för
1108 2282 121 31 staten
1260 2276 167 37 medföra
1455 2280 121 45 någon
1605 2276 228 50 uppoffring.

1842 2329 16 34 I
1887 2328 104 50 fråga
