2202 2610
420 157 17 26 8
812 152 340 32 Jordbruksutskottets
1174 152 162 32 utlåtande
1360 153 52 31 Ni
1438 155 68 30 128.

375 233 255 48 genomföras.
688 232 130 35 Såsom
857 231 325 48 domänstyrelsen
1216 230 204 37 framhållit
1449 236 127 31 tarvar
1605 231 131 48 frågan
1766 244 62 22 om
1858 232 114 36 inrät-

377 283 111 37 tande
530 297 46 22 av
617 282 366 49 distriktsstyrelser,
1025 282 101 36 vilka
1167 282 120 36 skulle
1329 283 82 35 från
1440 261 321 70 domänstyrelsen
1795 287 178 43 övertaga

377 335 99 36 vissa
505 320 340 81 ärendesgrupper,
875 333 221 50 ytterligare
1124 333 218 58 utredning,
1372 334 70 35 och
1470 323 155 47 sådana
1639 335 179 60 styrelser
1847 334 126 35 kunna

377 388 9 34 i
417 386 64 36 allt
510 386 67 36 fall
604 389 48 46 på
679 386 124 48 grund
834 399 46 22 av
907 360 272 78 personalbrist
1206 386 101 35 inom
1339 385 243 48 skogsstaten
1611 385 82 36 icke
1722 390 100 31 ännu
1852 389 48 45 på
1928 398 42 23 en

375 438 53 36 tid
469 437 135 37 tänkas
647 437 151 36 komma
826 437 57 36 till
912 437 119 36 stånd.
1087 437 85 36 Med
1201 437 72 36 den
1302 436 127 37 starka
1458 437 158 48 ökning,
1646 449 79 23 som
1754 437 219 49 domänsty-

378 490 139 36 relsens
546 488 267 49 arbetsmängd
838 488 121 36 under
983 501 133 24 senare
1130 488 53 36 tid
1204 488 153 36 företett
1377 489 69 35 och
1467 501 81 23 som
1569 488 212 48 säkerligen
1804 489 170 36 kommer

376 546 55 32 att
471 543 48 47 på
560 541 122 48 grund
728 554 46 22 av
807 540 72 36 den
908 540 120 36 ökade
1057 540 242 36 intensiteten
1328 540 8 35 i
1369 540 283 47 skogsskötseln
1685 539 69 36 och
1783 553 47 22 av
1859 540 114 36 andra

376 592 273 37 samverkande
677 592 250 48 anledningar
955 592 166 46 fortfara,
1151 592 178 35 framstår
1358 591 63 36 det
1449 591 127 36 därför
1604 593 123 33 såsom
1748 591 225 49 oundgäng-

378 645 80 47 ligt,
488 650 55 30 att
571 644 206 49 styrelsens
807 643 270 36 arbetskrafter
1105 643 90 36 ökas
1224 643 66 36 och
1324 643 217 48 isynnerhet
1571 648 55 30 att
1654 643 142 35 lättnad
1821 642 152 36 beredes

375 696 133 36 chefen
536 696 12 35 i
577 695 46 36 de
651 696 138 35 honom
819 695 202 48 åliggande
1049 695 229 47 göromålen.

504 747 74 36 För
607 747 146 36 ökande
784 760 46 23 av
859 747 204 48 styrelsens
1093 746 272 36 arbetskrafter
1393 746 66 36 har
1486 747 12 35 1
1518 748 118 34 första
1656 755 161 27 rummet
1836 747 138 57 ifråga-

375 804 93 31 satts
496 799 230 36 inrättandet
755 812 45 22 av
828 811 76 36 nya
931 798 142 49 byråer.
1131 798 15 35 I
1174 797 118 37 likhet
1320 798 87 35 med
1435 798 323 48 domänstyrelsen
1777 810 113 23 anser
1904 799 71 47 jag

375 850 206 37 emellertid
610 850 192 48 förslagen
831 863 61 22 om
922 840 213 45 inrättande
1165 863 44 22 av
1238 863 45 22 en
1313 848 210 50 affärsbyrå
1551 849 70 36 och
1650 862 43 23 en
1725 848 90 49 byrå
1845 850 57 34 för
1929 849 44 36 de

375 901 264 37 ecklesiastika
680 879 203 69 skogarna,
926 901 101 36 vilka
1069 901 144 48 förslag
1252 891 300 57 sammanhänga
1595 901 83 36 med
1713 901 260 48 utredningar,

376 966 81 23 som
486 958 100 31 ännu
616 956 110 46 pågå,
751 931 89 58 icke
868 966 50 23 nu
948 952 89 37 böra
1066 932 193 57 föranleda
1287 966 35 22 ni
1321 956 95 44 ågon
1445 925 145 80 åtgärd.

505 1006 179 35 Däremot
720 1004 123 37 finner
867 1005 71 48 jag
966 1004 230 37 inrättandet
1224 1018 46 21 av
1299 1018 46 22 en
1375 981 439 72 skogsindelningsbyrå,
1845 1004 127 37 vilket,

376 1057 117 35 ehuru
523 1057 84 35 med
637 1070 124 22 annan
790 1056 233 48 benämning
1051 1059 20 33 å
1098 1055 130 50 byrån,
1258 1033 217 70 föreslagits
1504 1068 47 23 av
1571 1033 249 58 norrländska
1840 1056 133 47 skogs-

378 1107 337 37 vårdskommittén
743 1108 68 35 och
844 1120 80 23 som
954 1085 202 71 tillstyrkts
1190 1121 44 22 av
1263 1086 336 69 domänstyrelsen,
1629 1120 89 23 vara
1746 1120 47 22 av
1812 1085 163 58 behovet

379 1159 170 49 påkallat.
605 1159 57 36 De
703 1159 176 46 ärenden,
921 1171 80 23 som
1043 1149 121 45 skulle
1205 1158 212 36 tillkomma
1449 1159 122 36 denna
1601 1158 104 48 byrå,
1734 1164 63 30 äro
1827 1172 48 22 av
1903 1159 69 36 den

376 1211 176 61 speciella
592 1210 272 47 beskaffenhet,
908 1215 52 31 att
1002 1209 45 37 de
1087 1216 91 30 utan
1219 1210 204 48 olägenhet
1452 1210 127 36 kunna
1607 1196 181 81 avskiljas
1818 1212 84 34 från
1929 1211 44 35 de

376 1263 133 47 övriga
537 1239 327 72 skogsbyråernas
890 1262 337 48 ärendesgrupper,
1258 1242 71 56 och
1359 1261 219 48 därigenom
1600 1262 120 35 skulle
1740 1262 104 36 såväl
1864 1262 103 36 önsk-

379 1314 88 36 värd
509 1314 146 36 lättnad
697 1313 153 36 beredas
884 1313 111 36 dessa
1022 1313 135 48 byråer
1184 1326 80 23 som
1294 1313 71 36 ock
1393 1291 341 70 handläggningen
1764 1327 46 22 av
1839 1313 135 48 skogs-

375 1365 409 48 indelningsärendena
811 1365 102 36 bliva
940 1365 122 36 bättre
1091 1365 69 35 och
1188 1367 46 46 på
1263 1370 53 30 ett
1344 1341 240 71 enhetligare
1605 1343 76 58 sätt
1707 1338 265 80 tillgodosedd.

377 1417 10 36 I
433 1394 140 59 likhet
593 1417 86 36 med
720 1416 384 37 lönekommissionen
1147 1429 107 23 anser
1290 1416 72 48 jag
1403 1416 220 46 emellertid,
1666 1422 55 30 att
1748 1417 125 35 denna
1901 1431 71 34 nya

377 1469 90 48 byrå
508 1468 69 36 bör
618 1468 208 36 tillsvidare
868 1467 186 37 anordnas
1082 1467 158 37 allenast
1267 1471 50 44 på
1346 1473 105 30 extra
1479 1473 82 30 stat.
1615 1445 81 67 Jag
1723 1468 251 36 återkommer

376 1532 129 24 senare
533 1519 57 37 till
618 1519 123 36 denna
770 1519 116 48 fråga.

505 1571 198 47 Förslaget
745 1575 53 31 att
826 1571 102 36 imom
959 1571 322 49 domänstyrelsen
1309 1571 140 35 inrätta
1477 1584 46 21 en
1553 1570 420 49 souschefsbefattning

379 1623 161 36 biträder
562 1622 82 49 jag.
703 1622 12 35 I
744 1622 121 36 likhet
893 1622 86 36 med
1007 1613 325 57 domänstyrelsen
1361 1622 70 35 och
1458 1622 387 36 lönekommissionen
1866 1636 108 23 anser

378 1675 63 48 jag
468 1675 63 36 det
558 1674 119 36 böra
664 1669 22 58 i
700 1674 105 48 varje
834 1674 152 35 särskilt
1019 1674 65 35 fall
1106 1679 169 43 avgöras,
1297 1673 186 36 huruvida
1502 1673 363 48 generaldirektörs-
1887 1674 88 36 eller

375 1725 462 48 souschefsbefattningen
865 1725 71 36 bör
962 1725 164 36 besättas
1154 1725 84 36 med
1266 1739 45 22 en
1341 1702 185 58 fackman
1543 1728 48 45 på
1620 1725 62 36 det
1702 1725 178 48 skogliga
1899 1738 75 24 om-

375 1777 115 36 rådet.
547 1777 134 47 Bägge
722 1754 310 70 befattningarna
1072 1776 92 36 böra
1191 1776 178 36 tillsättas
1398 1779 48 46 på
1475 1777 251 35 förordnande
1755 1756 59 56 för
1842 1790 66 22 sex
1936 1780 39 33 år

376 1829 11 34 i
429 1828 147 37 sänder.
643 1807 399 57 Generaldirektörens
1084 1829 136 35 arvode
1261 1828 107 36 torde
1410 1827 119 48 enligt
1571 1827 402 38 lönekommissionens

376 1880 146 48 förslag
563 1879 92 37 böra
696 1879 108 48 höjas
846 1879 57 36 till
945 1881 135 45 15,000
1117 1880 148 36 kronor.
1322 1879 75 36 För
1432 1879 225 37 souschefen
1685 1880 104 35 torde
1818 1880 156 36 arvodet

377 1933 90 35 höra
495 1934 124 34 såsom
649 1931 215 48 föreslagits
893 1936 117 31 sättas
1038 1931 55 36 till
1125 1932 134 46 12,000
1287 1931 142 36 kronor
1454 1931 70 36 och
1543 1930 111 37 bör
1638 1932 86 35 hans
1744 1931 230 49 benämning

376 1982 102 38 bliva
536 1982 268 37 överdirektör.
877 1983 14 35 I
948 1982 186 37 avseende
1175 1985 20 33 å
1235 1983 267 48 pensionsrätt,
1543 1982 328 59 pensionsbelopp
1906 1984 65 35 och

376 2034 329 48 pensionsavdrag
737 2034 55 36 för
820 2034 112 36 dessa
959 2034 124 49 bägge
1112 2034 373 48 befattningshavare
1514 2033 221 37 instämmer
1762 2034 72 48 jag
1863 2035 10 34 i
1903 2034 68 36 vad

376 2085 386 37 lönekommissionen
790 2086 13 35 i
831 2086 110 36 dessa
968 2086 239 36 hänseenden
1238 2059 205 79 föreslagit.

504 2137 150 37 Jämväl
696 2137 183 48 förslaget
921 2151 61 22 om
1024 2137 231 36 tillsättande
1288 2150 46 23 av
1362 2116 63 57 två
1453 2137 379 49 domänfullmäktige
1862 2151 115 43 synes

378 2190 79 46 mig
497 2202 88 23 vara
629 2202 46 23 av
716 2166 263 59 beskaffenhet
1007 2195 54 30 att
1087 2189 91 36 böra
1205 2188 116 36 vinna
1349 2188 115 36 bifall.
1520 2188 150 37 Genom
1699 2202 46 23 en
1774 2167 118 58 sådan
1919 2189 54 36 in-

376 2240 170 36 stitution
576 2240 121 36 skulle
725 2240 215 49 säkerligen
969 2240 285 49 betydelsefulla
1282 2240 164 37 fördelar
1473 2240 157 36 beredas
1658 2240 63 36 vid
1750 2240 224 36 förvaltnin-
