1912 2824
525 165 313 30 Bankoutskottets
856 165 179 30 utlåtande
1051 175 43 20 nr
1110 167 41 29 40
1168 166 39 30 år
1225 166 83 30 1970
1619 166 41 30 29

526 247 35 33 ec)
585 247 220 29 motionerna
824 247 28 29 I:
871 246 60 30 103
952 247 65 30 och
1036 247 46 30 II:
1100 247 61 30 116

482 309 74 21 som
575 301 53 29 sin
645 300 140 40 mening
803 308 57 32 ger
877 301 52 29 till
945 301 120 30 känna
1080 301 66 30 vad
1163 302 171 29 utskottet
1351 311 91 21 ovan
1457 303 128 29 uttalat
1601 311 58 21 om

481 354 41 30 de
540 354 211 40 långsiktiga
768 355 116 30 målen
903 355 54 30 för
975 356 336 39 regionalpoliliken,
1332 358 91 28 samt

528 411 51 27 att
599 409 188 37 riksdagen
808 410 115 29 avslår
943 410 220 29 motionerna
1184 410 28 29 I:
1227 410 63 30 314
1312 411 65 29 och
1399 411 45 29 11:
1459 411 72 35 338,
1556 411 103 30 såvitt

481 462 57 30 det
560 463 76 29 däri
658 462 222 31 framställda
900 463 173 40 yrkandet
1095 464 76 30 icke
1193 464 231 39 tillgodosetts
1447 472 125 32 genom
1593 465 68 30 vad

484 517 171 29 utskottet
676 526 89 20 ovan
786 517 117 30 anfört
924 518 64 29 och
1009 518 216 34 hemställt;>

174 615 36 32 2)
241 615 56 28 vid
317 614 188 29 utskottets
524 614 209 30 hemställan
754 615 111 29 under
882 615 24 29 C

219 686 42 21 av
280 678 122 29 herrar
420 676 180 31 Åkerlund
625 677 84 35 (m),
729 677 212 37 Strandberg
967 677 83 36 (m),
1071 678 159 30 Annerås
1257 678 86 39 (fp),
1367 678 170 31 Thorsten
1558 680 101 29 Lars-

171 740 63 20 son
262 730 89 40 (cp),
372 731 143 39 Regnéll
541 731 83 34 (m),
647 731 186 39 Börjesson
855 732 11 29 i
887 731 216 40 Glömminge
1130 732 89 40 (cp),
1241 733 152 30 Larsson
1413 734 12 29 i
1446 734 108 29 Umeå
1582 732 71 41 (fp)

172 785 65 29 och
252 785 197 30 Stridsman
472 785 90 40 (cp),
579 785 95 30 vilka
691 788 114 27 ansett

216 875 75 30 dels
312 877 50 28 att
384 875 57 30 det
463 875 120 40 stycke
603 876 13 29 i
637 876 189 30 utskottets
848 876 162 39 yttrande
1033 885 75 21 som
1130 877 119 39 börjar
1272 877 44 40 på
1338 886 25 21 s.
1389 877 38 30 15
1450 878 80 30 med
1553 878 107 30 orden

174 929 74 30 >En
270 929 175 30 avvikelse
466 929 100 30 från>
592 929 65 30 och
680 930 110 29 slutar
811 929 45 41 på
879 939 25 21 s.
930 930 37 30 16
990 930 79 30 med
1092 931 108 29 orden
1224 931 140 30 »därför
1386 931 73 30 inte
1480 931 177 40 påkallat>

172 983 78 29 bort
268 983 141 39 utbytas
427 985 73 28 mot
518 985 48 27 ett
585 984 119 39 stycke
722 993 42 20 av
782 984 157 39 följande
958 984 144 39 tydelse:

218 1064 79 28 »Ett
328 1063 260 40 betydelsefullt
618 1063 206 40 påpekande
855 1064 12 29 i
900 1065 203 39 anslutning
1134 1065 53 29 till
1219 1065 263 39 propositionen
1513 1066 147 29 innebär

172 1117 67 29 den
265 1117 11 29 i
301 1117 221 30 motionerna
545 1118 32 28 I:
594 1117 83 30 11742
703 1118 65 29 och
794 1118 45 29 II:
858 1117 82 31 1340
966 1118 197 30 framförda
1189 1119 226 39 synpunkten
1441 1120 62 29 ”att
1529 1119 130 30 stödåt-

172 1171 124 38 gärder
312 1171 12 29 i
343 1171 110 30 större
472 1171 246 40 utsträckning
734 1172 63 29 bör
815 1172 149 29 inriktas
983 1171 45 40 på
1046 1172 173 39 generella
1237 1172 160 40 åtgärder
1417 1182 75 20 som
1510 1173 150 39 främjar

172 1226 48 28 ett
247 1224 286 40 företagsvänligt
560 1225 145 29 klimat.
734 1225 80 30 Som
840 1226 155 39 exempel
1022 1227 126 29 nämns
1175 1226 161 39 åtgärder
1363 1227 45 39 på
1434 1227 225 39 trafikpoliti-

171 1278 87 30 kens
276 1278 66 30 och
361 1279 304 39 skattepolitikens
684 1279 177 30 områden.
879 1279 131 39 Frågor
1028 1289 58 20 om
1104 1280 173 29 konkreta
1294 1280 161 39 åtgärder
1474 1290 42 20 av
1536 1281 125 29 sådant

172 1332 73 39 slag
272 1332 126 40 prövas
426 1341 42 21 av
496 1333 261 29 statsutskottet
784 1333 66 30 och
876 1333 391 40 bevillningsutskottet.
1296 1334 200 40 Riksdagen
1524 1334 55 30 får
1609 1334 52 30 så-

171 1385 109 30 lunda
300 1386 138 30 tillfälle
459 1387 50 29 att
529 1386 45 40 på
594 1387 94 29 olika
708 1386 152 40 punkter
880 1387 164 30 markera
1065 1387 53 30 sin
1140 1387 204 40 anslutning
1364 1388 54 29 till
1439 1388 67 30 den
1527 1398 42 20 av
1588 1397 73 21 mo-

171 1439 203 30 tionärerna
397 1440 150 39 angivna
569 1440 192 40 principen.
786 1440 123 30 Denna
932 1441 38 29 är
994 1441 193 30 emellertid
1211 1450 43 20 av
1278 1441 109 30 sådan
1410 1442 176 39 betydelse
1611 1443 50 28 att

171 1492 189 40 riksdagen
381 1493 107 40 enligt
510 1494 189 29 utskottets
720 1494 141 40 mening
883 1494 106 30 också
1010 1504 96 20 mera
1128 1495 165 39 generellt
1314 1495 62 30 bör
1399 1496 112 29 uttala
1533 1495 51 40 sig
1606 1496 55 29 för

171 1546 113 35 den.>;

217 1635 74 30 dels
310 1638 51 28 att
378 1637 171 29 utskottet
567 1637 111 30 under
696 1636 24 31 C
737 1637 79 30 bort
833 1637 186 30 hemställa

528 1690 54 30 >C.
608 1692 50 28 att
681 1691 187 40 riksdagen
892 1692 80 29 med
995 1691 100 30 bifall
1120 1692 53 29 till
1197 1692 220 29 motionerna
1441 1692 29 30 I:
1488 1692 83 30 1142
1596 1692 65 30 och

486 1744 45 29 II:
550 1744 82 30 1340
647 1745 11 29 i
672 1744 267 37 ifrågavarande
955 1746 54 29 del
1025 1755 75 20 som
1116 1746 54 29 sin
1185 1746 142 36 mening
1341 1753 58 29 ger
1414 1746 124 37 Kungl.
1555 1746 105 37 Maj:t

484 1798 54 29 till
558 1798 119 29 känna
695 1799 68 29 vad
783 1798 171 30 utskottet
974 1808 89 20 ovan
1084 1799 117 30 anfört
1222 1808 56 20 om
1300 1799 172 37 generella
1491 1799 169 37 regional-

485 1851 166 38 politiska
672 1852 276 37 stödåtgärder;>

175 1957 37 34 3)
243 1957 56 29 vid
318 1957 188 30 utskottets
523 1957 210 31 hemställan
753 1958 111 30 under
880 1959 30 29 D

220 2029 43 21 av
281 2021 122 29 herrar
425 2020 168 30 Thorsten
613 2020 163 38 Larsson,
795 2021 187 37 Börjesson
1002 2022 12 29 i
1034 2021 215 38 Glömminge
1270 2022 64 30 och
1352 2021 197 31 Stridsman
1576 2022 84 35 (alla

176 2075 74 36 cp),
267 2074 96 29 vilka
380 2076 114 27 ansett

219 2163 74 30 dels
315 2165 50 28 att
387 2163 56 30 det
467 2164 119 39 stycke
607 2163 45 40 på
674 2173 25 20 s.
726 2164 37 30 16
784 2164 12 29 i
817 2164 189 30 utskottets
1028 2165 163 39 yttrande
1214 2174 75 21 som
1311 2165 120 40 börjar
1452 2166 80 29 med
1554 2166 108 30 orden

178 2217 69 30 »>De
266 2217 136 30 femton
418 2218 220 37 punkterna»
660 2218 65 29 och
744 2218 111 29 slutar
872 2219 79 29 med
970 2219 108 29 orden
1099 2218 137 30 >finner
1253 2219 172 30 utskottet
1443 2220 215 37 uppenbart»

175 2271 78 29 bort
270 2272 141 36 utbytas
429 2272 72 28 mot
520 2273 48 28 ett
587 2271 118 38 stycke
724 2281 41 21 av
783 2271 156 38 följande
957 2272 146 37 lydelse:

219 2352 70 29 >De
313 2352 134 30 femton
471 2352 201 40 punkterna
695 2353 101 38 utgör
821 2353 107 39 enligt
951 2352 189 30 utskottets
1164 2353 141 39 mening
1329 2363 43 20 en
1397 2354 66 38 god
1488 2363 175 20 samman-

173 2405 156 39 fattning
347 2415 42 20 av
407 2406 41 29 de
467 2406 87 29 krav
573 2415 74 20 som
665 2406 11 29 i
696 2406 129 39 dagens
844 2407 74 38 läge
938 2406 111 30 måste
1069 2407 119 29 ställas
1207 2406 45 40 på
1272 2407 202 30 samhällets
1493 2408 170 38 regional-

172 2459 167 39 politiska
362 2459 161 30 insatser.
550 2459 239 40 Programmet
814 2460 139 29 anvisar
979 2469 43 21 en
1047 2460 70 29 rikt
1144 2460 264 30 differentierad
1433 2461 230 39 uppsättning

177 2521 42 21 av
237 2513 113 29 medel
369 2512 55 30 för
444 2515 50 27 att
513 2512 46 30 nå
577 2513 323 39 regionalpolitiska
919 2513 126 39 syften.
1066 2513 51 30 Av
1136 2513 151 30 särskild
1306 2514 177 39 betydelse
1502 2514 38 30 är
1561 2515 101 29 emel-
