1912 2825
540 166 311 30 Banhkoutskottets
870 165 178 29 utlåtande
1065 174 43 20 nr
1123 165 41 29 40
1181 165 39 29 år
1238 164 83 30 1970
1632 162 37 28 21

190 259 40 20 av
247 259 42 20 en
304 249 193 37 dämpning
511 258 42 19 av
568 247 380 30 storstadsområdenas
967 247 141 34 Llillväxt,
1126 246 130 36 förslag
1272 255 56 21 om
1344 245 186 30 införande
1545 254 41 20 av
1603 246 68 27 eta-

189 302 307 37 bleringskontroll
515 302 98 29 inom
633 301 330 36 storstadsregioner
982 300 65 30 och
1066 300 110 29 andra
1195 301 92 28 orter
1306 299 80 29 med
1404 299 106 36 riklig
1527 297 145 37 tillgång

189 358 45 37 på
254 356 280 31 arbetstillfällen
554 365 80 20 men
655 356 79 29 med
753 355 88 29 brist
860 354 44 38 på
925 353 213 31 arbetskraft
1159 354 64 29 och
1243 353 172 30 bostäder.
1438 352 233 37 Expansions-

189 411 209 29 bromsande
414 410 160 36 åtgärder
590 409 120 34 måste,
727 409 203 29 framhålles
946 409 10 28 i
972 409 219 28 motionerna
1206 408 28 28 1:
1251 406 63 30 384
1330 407 65 29 och
1409 407 48 28 II:
1472 406 74 36 435,
1563 406 108 29 sättas

189 465 36 29 in
245 466 11 27 i
277 465 41 29 de
339 467 89 27 mest
449 463 188 38 expansiva
659 462 371 31 storstadsområdena.
1052 461 66 30 Dei
1140 461 97 37 säges
1259 461 122 29 därvid
1402 460 92 37 ligga
1514 460 159 29 närmast

188 519 53 29 till
261 518 114 29 hands
396 519 49 28 att
465 517 116 30 införa
601 517 222 36 etablerings-
844 516 65 29 och
928 515 385 36 investeringskontroll
1334 514 56 30 för
1410 515 41 28 de
1473 514 110 29 större
1605 514 66 29 stä-

189 573 118 29 derna.
329 572 94 29 Även
445 571 109 29 andra
575 571 161 36 åtgärder
756 571 163 29 bedömes
941 570 121 29 kunna
1084 569 143 29 komma
1247 569 11 29 i
1282 568 108 37 fråga.
1412 568 262 29 Motionärerna

189 626 131 29 önskar
340 634 43 20 en
404 625 192 36 skyndsam
616 624 187 36 utredning
824 633 40 20 av
885 623 160 36 åtgärder
1066 622 54 30 för
1142 625 50 26 att
1212 622 106 36 hejda
1340 622 256 29 storstädernas
1617 630 55 20 ex-

188 680 160 37 pansion,
364 679 121 29 varvid
502 678 142 30 särskilt
660 677 124 37 frågan
800 687 56 19 om
873 676 362 37 etableringskontroll
1253 682 104 30 anges
1374 675 84 29 böra
1474 675 197 36 övervägas.

189 733 13 29 I
219 734 220 28 motionerna
454 732 28 29 I:
498 731 63 30 228
577 732 65 29 och
656 732 47 28 II:
718 731 63 30 339
797 738 131 30 uppges
944 732 50 28 att
1009 729 363 37 etableringskontroll
1388 729 11 29 i
1415 729 257 30 tillväxteentra

189 788 98 29 blivit
305 788 48 28 ett
367 786 179 30 verksamt
562 786 112 29 medel
690 786 11 29 i
718 784 326 38 regionalpolitiken
1059 785 12 29 i
1088 784 127 36 många
1231 783 130 29 länder.
1379 782 95 30 även
1490 782 55 30 för
1563 782 108 30 Sveri-

190 848 58 30 ges
270 840 54 30 del
345 841 62 29 bör
429 840 107 36 enligt
557 840 260 29 motionärerna
838 848 43 20 en
904 838 109 30 sådan
1035 837 121 37 åtgärd
1179 837 231 29 aktualiseras
1433 837 79 29 med
1534 836 137 37 hänsyn

190 895 52 29 till
263 894 437 36 stockningstendenserna
718 893 11 29 i
750 894 40 28 de
810 895 51 27 tre
882 892 127 30 största
1029 892 163 30 städerna
1212 891 64 30 och
1295 891 53 29 till
1368 890 304 37 nödvändigheten

189 957 42 21 av
253 950 50 28 att
324 948 141 29 bromsa
487 947 252 39 utflyttningen
761 946 80 30 från
862 945 308 30 Norrlandslänen.
1194 944 259 30 Motionärerna
1473 943 126 30 tänker
1622 944 50 39 sig

189 1004 49 27 ett
259 1004 129 37 system
410 1002 106 38 enligt
535 1001 108 29 vilket
664 1001 134 38 företag
819 1009 73 20 som
914 1000 162 38 planerar
1098 998 248 39 nyetablering,
1368 998 201 38 utbyggnad
1591 997 80 30 eller

189 1056 263 39 nyanställning
473 1064 41 21 av
535 1054 213 30 arbetskraft
770 1054 119 30 utöver
909 1054 94 29 vissa
1023 1052 283 39 minimigränser
1328 1051 113 30 skulle
1462 1050 138 40 åläggas
1622 1052 50 28 att

190 1110 82 38 göra
292 1109 164 30 anmälan
475 1109 123 29 härom
618 1108 53 29 till
691 1107 382 34 länsarbetsnämnden,
1096 1115 74 20 som
1190 1105 153 30 därefter
1364 1105 113 29 skulle
1496 1105 122 29 kunna
1637 1107 35 27 ta

190 1173 70 30 upp
276 1163 241 30 diskussioner
532 1162 79 29 med
627 1162 178 38 företaget.
822 1161 49 29 De
886 1161 129 29 önskar
1031 1162 50 27 att
1096 1159 124 39 frågan
1236 1169 56 20 om
1309 1158 363 39 etableringskontroll

190 1218 89 29 skall
293 1218 126 36 prövas
434 1217 56 29 vid
506 1216 67 29 den
587 1215 164 30 fortsatta
765 1215 232 36 utredningen
1012 1223 56 20 om
1083 1213 344 37 regionalpolitikens
1443 1212 228 37 utformning.

234 1272 53 28 En
302 1271 105 36 något
421 1270 118 30 vidare
555 1269 157 37 syftning
726 1269 63 29 har
805 1269 41 29 de
862 1268 131 36 förslag
1008 1277 75 20 som
1099 1267 190 36 framläggs
1304 1267 11 29 i
1331 1267 219 29 motionerna
1565 1266 29 29 1:
1609 1265 62 30 823

190 1326 65 28 och
271 1325 47 28 II:
332 1324 72 29 964.
422 1324 71 29 Där
509 1324 221 29 konstateras
748 1324 49 28 att
814 1331 43 20 en
874 1321 346 37 företagsetablering
1235 1321 11 29 i
1263 1321 92 36 regel
1372 1320 136 30 medför
1525 1320 86 29 krav
1628 1319 44 38 på

190 1379 217 29 omfattande
427 1377 344 37 följdinvesteringar
789 1377 97 28 inom
905 1376 66 29 den
991 1375 184 36 offentliga
1195 1375 150 34 sektorn,
1367 1373 126 31 främst
1512 1374 159 29 kommu-

190 1441 119 21 nerna.
326 1432 192 36 Företagen
532 1430 101 38 påtar
650 1431 50 36 sig
715 1431 11 28 i
741 1430 91 36 regel
848 1429 94 36 inget
958 1428 222 31 ekonomiskt
1197 1437 125 21 ansvar
1339 1427 55 30 för
1410 1428 100 29 dessa
1525 1428 146 29 investe-

189 1488 118 35 ringar
331 1495 80 20 vare
436 1485 51 36 sig
508 1485 59 29 vid
591 1483 364 37 etableringstillfället
979 1483 82 29 eller
1084 1482 57 30 vid
1167 1491 43 20 en
1234 1481 170 30 eventuell
1430 1481 240 37 nedläggning.

190 1541 79 28 Med
286 1540 139 36 hänsyn
442 1539 54 29 till
515 1539 56 29 det
591 1538 169 29 samband
780 1546 75 21 som
875 1537 147 29 sålunda
1040 1536 183 36 föreligger
1243 1536 129 29 mellan
1391 1535 198 37 företagens
1608 1535 64 29 och

191 1593 203 30 samhällets
411 1592 253 36 investeringar
680 1592 62 28 bör
760 1591 105 36 enligt
883 1590 260 29 motionärerna
1161 1590 68 29 alla
1245 1589 252 36 investeringar
1515 1588 156 38 priorite-

190 1657 57 21 ras
261 1648 11 28 i
287 1647 219 30 förhållande
520 1646 53 30 till
588 1645 182 30 varandra.
786 1645 129 29 Därvid
929 1644 62 30 bör
1005 1644 71 30 inte
1091 1644 85 29 bara
1191 1643 364 37 samhällsbyggandet
1569 1642 102 30 beak-

189 1704 53 26 tas
266 1703 86 27 utan
376 1701 86 28 även
484 1700 146 29 behovet
655 1708 41 20 av
720 1699 66 29 den
808 1698 215 38 produktion
1048 1706 75 20 som
1147 1706 97 20 avses
1269 1697 10 29 i
1305 1697 40 29 de
1371 1697 159 29 enskilda
1554 1696 117 30 fallen.

191 1755 259 28 Motionärerna
469 1762 101 20 anser
587 1753 118 28 vidare
725 1754 50 27 att
794 1752 56 30 det
869 1752 38 28 är
925 1751 167 29 önskvärt
1112 1752 49 27 att
1180 1750 128 37 dämpa
1326 1750 180 29 tillväxten
1525 1759 43 20 av
1586 1751 85 28 stor-

192 1807 288 30 stadsområdena
498 1806 64 29 och
581 1805 35 30 få
634 1806 52 28 till
706 1805 102 29 stånd
826 1804 279 37 nyetableringar
1122 1803 12 29 i
1152 1804 193 29 tätorterna
1361 1803 97 29 inom
1475 1803 94 30 vissa
1587 1803 85 37 gles-

190 1860 289 40 bygdsområden.
498 1859 50 30 På
566 1860 101 28 dessa
686 1858 150 39 grunder
855 1858 132 29 hävdar
1005 1857 261 29 motionärerna
1285 1858 50 28 att
1354 1856 184 30 samhället
1555 1856 63 30 bör
1636 1855 36 30 få

189 1914 182 38 möjlighet
392 1916 50 27 att
461 1913 153 38 påverka
633 1913 44 28 all
698 1912 239 37 nyetablering
956 1912 64 28 och
1041 1912 46 28 all
1106 1910 464 36 investeringsverksamhet.
1593 1910 79 29 Som

189 1969 173 29 tänkbara
382 1967 291 38 styrningsmedel
693 1973 105 29 anger
818 1966 40 29 de
878 1965 275 34 tillståndskrav,
1174 1964 136 35 förbud,
1331 1964 176 36 regionala
1527 1964 145 30 investe-

191 2022 246 37 ringsavgifter
456 2021 64 30 och
540 2021 138 36 statliga
697 2020 58 29 lån
775 2020 81 29 eller
875 2020 130 35 bidrag.
1026 2019 259 29 Motionärerna
1302 2018 105 37 begär
1425 2027 43 20 en
1487 2018 187 36 utredning

189 2077 11 28 i
220 2077 138 36 angivet
378 2075 99 38 syfte.

236 2130 492 36 Lokaliseringsutredningen
751 2129 64 29 har
840 2129 274 30 diskussionsvis
1138 2129 174 29 redovisat
1335 2129 94 30 vissa
1454 2129 219 37 synpunkter

191 2185 45 36 på
256 2184 123 36 frågan
399 2193 57 19 om
476 2183 361 36 etableringskontroll
860 2183 64 29 och
944 2183 385 36 etableringsanmälan.
1350 2182 165 30 Flertalet
1535 2183 138 30 remiss-

192 2239 175 28 instanser
385 2246 74 20 som
477 2237 126 29 uttalat
621 2237 51 36 sig
688 2237 10 29 i
716 2237 123 36 frågan
856 2237 65 28 har
938 2237 95 30 ställt
1051 2237 51 36 sig
1118 2236 149 37 positiva
1284 2236 52 30 till
1354 2239 48 28 ett
1420 2239 139 34 system,
1577 2237 96 29 inne-

192 2291 158 30 fattande
369 2291 11 29 i
401 2290 110 30 första
530 2290 95 30 hand
646 2291 174 28 anmälan.
841 2290 392 37 Departementschefen
1255 2297 105 30 anger
1379 2291 12 29 i
1412 2291 262 37 propositionen

192 2347 49 26 att
261 2345 72 28 han
353 2344 116 29 finner
489 2345 56 28 det
565 2344 166 29 uteslutet
752 2345 49 28 att
821 2343 45 38 på
886 2344 169 36 grundval
1077 2353 40 20 av
1138 2344 235 36 föreliggande
1394 2345 279 35 utredningsma-

192 2399 99 29 terial
310 2400 35 27 ta
363 2398 166 36 ställning
546 2397 51 30 till
616 2397 124 36 frågan
758 2407 57 19 om
833 2399 50 28 att
900 2397 116 29 införa
1033 2398 85 28 krav
1136 2397 44 37 på
1199 2397 378 37 etableringstillstånd.
1595 2398 79 29 Han

192 2461 102 20 anser
313 2452 157 29 däremot
489 2452 49 28 att
557 2450 292 37 förutsättningar
868 2450 96 30 finns
983 2452 49 28 att
1050 2451 108 29 redan
1177 2460 47 20 nu
1244 2451 213 29 aktualisera
1474 2451 199 30 införandet

193 2515 40 19 av
254 2508 48 27 ett
322 2505 364 36 anmälningssystem.
709 2504 101 30 Detta
831 2504 111 30 skulle
962 2504 94 29 bilda
1076 2505 169 36 underlag
1265 2504 54 30 för
1339 2505 334 37 lokaliseringssam-
