<?xml version="1.0" encoding="UTF-8"?>
<alto xmlns="http://www.loc.gov/standards/alto/ns-v3#" xmlns:xlink="http://www.w3.org/1999/xlink" xmlns:xsi="http://www.w3.org/2001/XMLSchema-instance" xsi:schemaLocation="http://www.loc.gov/standards/alto/ns-v3# http://www.loc.gov/alto/v3/alto-3-0.xsd">
	<Description>
		<MeasurementUnit>pixel</MeasurementUnit>
		<sourceImageInformation>
			<fileName>/tmp/tess_r18h6u9g_input.PNG</fileName>
		</sourceImageInformation>
		<OCRProcessing ID="OCR_0">
			<ocrProcessingStep>
				<processingSoftware>
					<softwareName>tesseract 5.3.0</softwareName>
				</processingSoftware>
			</ocrProcessingStep>
		</OCRProcessing>
	</Description>
	<Layout>
		<Page WIDTH="1888" HEIGHT="2810" PHYSICAL_IMG_NR="0" ID="page_0">
			<PrintSpace HPOS="0" VPOS="0" WIDTH="1888" HEIGHT="2810">
				<ComposedBlock ID="cblock_0" HPOS="239" VPOS="138" WIDTH="40" HEIGHT="31">
					<TextBlock ID="block_0" HPOS="239" VPOS="138" WIDTH="40" HEIGHT="31">
						<TextLine ID="line_0" HPOS="239" VPOS="138" WIDTH="40" HEIGHT="31">
							<String ID="string_0" HPOS="239" VPOS="138" WIDTH="40" HEIGHT="31" WC="0.95" CONTENT="20"/>
						</TextLine>
					</TextBlock>
				</ComposedBlock>
				<ComposedBlock ID="cblock_1" HPOS="237" VPOS="219" WIDTH="739" HEIGHT="422">
					<TextBlock ID="block_1" HPOS="237" VPOS="219" WIDTH="739" HEIGHT="338">
						<TextLine ID="line_1" HPOS="238" VPOS="219" WIDTH="735" HEIGHT="39">
							<String ID="string_1" HPOS="238" VPOS="221" WIDTH="288" HEIGHT="37" WC="0.89" CONTENT="internationaux,"/><SP WIDTH="38" VPOS="221" HPOS="526"/>
							<String ID="string_2" HPOS="564" VPOS="220" WIDTH="32" HEIGHT="31" WC="0.90" CONTENT="Il"/><SP WIDTH="36" VPOS="220" HPOS="596"/>
							<String ID="string_3" HPOS="632" VPOS="230" WIDTH="83" HEIGHT="21" WC="0.96" CONTENT="aura"/><SP WIDTH="43" VPOS="230" HPOS="715"/>
							<String ID="string_4" HPOS="758" VPOS="219" WIDTH="35" HEIGHT="32" WC="0.90" CONTENT="la"/><SP WIDTH="43" VPOS="219" HPOS="793"/>
							<String ID="string_5" HPOS="836" VPOS="219" WIDTH="137" HEIGHT="39" WC="0.85" CONTENT="faculté,"/>
						</TextLine>
						<TextLine ID="line_2" HPOS="237" VPOS="260" WIDTH="738" HEIGHT="45">
							<String ID="string_6" HPOS="237" VPOS="262" WIDTH="160" HEIGHT="43" WC="0.91" CONTENT="lorsqu&#39;Il"/><SP WIDTH="22" VPOS="262" HPOS="397"/>
							<String ID="string_7" HPOS="419" VPOS="261" WIDTH="179" HEIGHT="43" WC="0.91" CONTENT="procédera"/><SP WIDTH="20" VPOS="261" HPOS="598"/>
							<String ID="string_8" HPOS="618" VPOS="264" WIDTH="19" HEIGHT="28" WC="0.90" CONTENT="å"/><SP WIDTH="16" VPOS="264" HPOS="637"/>
							<String ID="string_9" HPOS="653" VPOS="260" WIDTH="35" HEIGHT="33" WC="0.92" CONTENT="la"/><SP WIDTH="16" VPOS="260" HPOS="688"/>
							<String ID="string_10" HPOS="704" VPOS="261" WIDTH="214" HEIGHT="41" WC="0.92" CONTENT="désignation"/><SP WIDTH="16" VPOS="261" HPOS="918"/>
							<String ID="string_11" HPOS="934" VPOS="261" WIDTH="41" HEIGHT="31" WC="0.95" CONTENT="de"/>
						</TextLine>
						<TextLine ID="line_3" HPOS="238" VPOS="303" WIDTH="737" HEIGHT="41">
							<String ID="string_12" HPOS="238" VPOS="304" WIDTH="162" HEIGHT="33" WC="0.89" CONTENT="membres"/><SP WIDTH="24" VPOS="304" HPOS="400"/>
							<String ID="string_13" HPOS="424" VPOS="304" WIDTH="45" HEIGHT="32" WC="0.96" CONTENT="du"/><SP WIDTH="22" VPOS="304" HPOS="469"/>
							<String ID="string_14" HPOS="491" VPOS="303" WIDTH="167" HEIGHT="32" WC="0.93" CONTENT="Tribunal"/><SP WIDTH="24" VPOS="303" HPOS="658"/>
							<String ID="string_15" HPOS="682" VPOS="303" WIDTH="205" HEIGHT="41" WC="0.71" CONTENT="d&#39;arbitrage"/><SP WIDTH="15" VPOS="303" HPOS="887"/>
							<String ID="string_16" HPOS="902" VPOS="303" WIDTH="73" HEIGHT="32" WC="0.90" CONTENT="visé"/>
						</TextLine>
						<TextLine ID="line_4" HPOS="237" VPOS="344" WIDTH="738" HEIGHT="35">
							<String ID="string_17" HPOS="237" VPOS="350" WIDTH="21" HEIGHT="29" WC="0.86" CONTENT="å"/><SP WIDTH="32" VPOS="350" HPOS="258"/>
							<String ID="string_18" HPOS="290" VPOS="346" WIDTH="146" HEIGHT="33" WC="0.88" CONTENT="Partiele"/><SP WIDTH="33" VPOS="346" HPOS="436"/>
							<String ID="string_19" HPOS="469" VPOS="348" WIDTH="37" HEIGHT="30" WC="0.96" CONTENT="17"/><SP WIDTH="34" VPOS="348" HPOS="506"/>
							<String ID="string_20" HPOS="540" VPOS="346" WIDTH="44" HEIGHT="32" WC="0.93" CONTENT="du"/><SP WIDTH="24" VPOS="346" HPOS="584"/>
							<String ID="string_21" HPOS="608" VPOS="345" WIDTH="111" HEIGHT="32" WC="0.91" CONTENT="susdit"/><SP WIDTH="22" VPOS="345" HPOS="719"/>
							<String ID="string_22" HPOS="741" VPOS="344" WIDTH="118" HEIGHT="33" WC="0.96" CONTENT="Traité"/><SP WIDTH="22" VPOS="344" HPOS="859"/>
							<String ID="string_23" HPOS="881" VPOS="348" WIDTH="94" HEIGHT="29" WC="0.96" CONTENT="entre"/>
						</TextLine>
						<TextLine ID="line_5" HPOS="237" VPOS="387" WIDTH="737" HEIGHT="40">
							<String ID="string_24" HPOS="237" VPOS="389" WIDTH="35" HEIGHT="32" WC="0.96" CONTENT="la"/><SP WIDTH="28" VPOS="389" HPOS="272"/>
							<String ID="string_25" HPOS="300" VPOS="389" WIDTH="110" HEIGHT="33" WC="0.74" CONTENT="Suede"/><SP WIDTH="24" VPOS="389" HPOS="410"/>
							<String ID="string_26" HPOS="434" VPOS="391" WIDTH="33" HEIGHT="30" WC="0.93" CONTENT="et"/><SP WIDTH="22" VPOS="391" HPOS="467"/>
							<String ID="string_27" HPOS="489" VPOS="387" WIDTH="206" HEIGHT="40" WC="0.21" CONTENT="I&#39;Autriche,"/><SP WIDTH="24" VPOS="387" HPOS="695"/>
							<String ID="string_28" HPOS="719" VPOS="388" WIDTH="41" HEIGHT="32" WC="0.93" CONTENT="de"/><SP WIDTH="22" VPOS="388" HPOS="760"/>
							<String ID="string_29" HPOS="782" VPOS="387" WIDTH="125" HEIGHT="33" WC="0.92" CONTENT="choisir"/><SP WIDTH="22" VPOS="387" HPOS="907"/>
							<String ID="string_30" HPOS="929" VPOS="399" WIDTH="45" HEIGHT="21" WC="0.96" CONTENT="un"/>
						</TextLine>
						<TextLine ID="line_6" HPOS="238" VPOS="429" WIDTH="737" HEIGHT="44">
							<String ID="string_31" HPOS="238" VPOS="432" WIDTH="41" HEIGHT="31" WC="0.96" CONTENT="de"/><SP WIDTH="23" VPOS="432" HPOS="279"/>
							<String ID="string_32" HPOS="302" VPOS="442" WIDTH="52" HEIGHT="21" WC="0.93" CONTENT="ses"/><SP WIDTH="22" VPOS="442" HPOS="354"/>
							<String ID="string_33" HPOS="376" VPOS="441" WIDTH="138" HEIGHT="32" WC="0.91" CONTENT="propres"/><SP WIDTH="24" VPOS="441" HPOS="514"/>
							<String ID="string_34" HPOS="538" VPOS="431" WIDTH="188" HEIGHT="31" WC="0.91" CONTENT="nationaux"/><SP WIDTH="16" VPOS="431" HPOS="726"/>
							<String ID="string_35" HPOS="742" VPOS="441" WIDTH="40" HEIGHT="21" WC="0.93" CONTENT="en"/><SP WIDTH="16" VPOS="441" HPOS="782"/>
							<String ID="string_36" HPOS="798" VPOS="429" WIDTH="120" HEIGHT="33" WC="0.93" CONTENT="dehors"/><SP WIDTH="16" VPOS="429" HPOS="918"/>
							<String ID="string_37" HPOS="934" VPOS="430" WIDTH="41" HEIGHT="31" WC="0.95" CONTENT="de"/>
						</TextLine>
						<TextLine ID="line_7" HPOS="238" VPOS="471" WIDTH="738" HEIGHT="43">
							<String ID="string_38" HPOS="238" VPOS="473" WIDTH="35" HEIGHT="32" WC="0.95" CONTENT="la"/><SP WIDTH="33" VPOS="473" HPOS="273"/>
							<String ID="string_39" HPOS="306" VPOS="473" WIDTH="81" HEIGHT="32" WC="0.96" CONTENT="liste"/><SP WIDTH="32" VPOS="473" HPOS="387"/>
							<String ID="string_40" HPOS="419" VPOS="473" WIDTH="157" HEIGHT="41" WC="0.96" CONTENT="générale"/><SP WIDTH="33" VPOS="473" HPOS="576"/>
							<String ID="string_41" HPOS="609" VPOS="472" WIDTH="58" HEIGHT="31" WC="0.92" CONTENT="des"/><SP WIDTH="28" VPOS="472" HPOS="667"/>
							<String ID="string_42" HPOS="695" VPOS="472" WIDTH="159" HEIGHT="32" WC="0.91" CONTENT="membres"/><SP WIDTH="24" VPOS="472" HPOS="854"/>
							<String ID="string_43" HPOS="878" VPOS="471" WIDTH="40" HEIGHT="32" WC="0.96" CONTENT="de"/><SP WIDTH="21" VPOS="471" HPOS="918"/>
							<String ID="string_44" HPOS="939" VPOS="471" WIDTH="37" HEIGHT="31" WC="0.96" CONTENT="la"/>
						</TextLine>
						<TextLine ID="line_8" HPOS="239" VPOS="513" WIDTH="565" HEIGHT="44">
							<String ID="string_45" HPOS="239" VPOS="514" WIDTH="90" HEIGHT="33" WC="0.91" CONTENT="Cour"/><SP WIDTH="21" VPOS="514" HPOS="329"/>
							<String ID="string_46" HPOS="350" VPOS="516" WIDTH="215" HEIGHT="41" WC="0.91" CONTENT="permanente"/><SP WIDTH="23" VPOS="516" HPOS="565"/>
							<String ID="string_47" HPOS="588" VPOS="513" WIDTH="216" HEIGHT="42" WC="0.80" CONTENT="d&#39;arbitrage."/>
						</TextLine>
					</TextBlock>
					<TextBlock ID="block_2" HPOS="238" VPOS="555" WIDTH="737" HEIGHT="86">
						<TextLine ID="line_9" HPOS="279" VPOS="555" WIDTH="696" HEIGHT="44">
							<String ID="string_48" HPOS="279" VPOS="556" WIDTH="54" HEIGHT="33" WC="0.90" CONTENT="En"/><SP WIDTH="24" VPOS="556" HPOS="333"/>
							<String ID="string_49" HPOS="357" VPOS="556" WIDTH="48" HEIGHT="32" WC="0.90" CONTENT="foi"/><SP WIDTH="23" VPOS="556" HPOS="405"/>
							<String ID="string_50" HPOS="428" VPOS="556" WIDTH="40" HEIGHT="32" WC="0.93" CONTENT="de"/><SP WIDTH="15" VPOS="556" HPOS="468"/>
							<String ID="string_51" HPOS="483" VPOS="556" WIDTH="88" HEIGHT="43" WC="0.91" CONTENT="quoi,"/><SP WIDTH="17" VPOS="556" HPOS="571"/>
							<String ID="string_52" HPOS="588" VPOS="556" WIDTH="50" HEIGHT="32" WC="0.93" CONTENT="les"/><SP WIDTH="16" VPOS="556" HPOS="638"/>
							<String ID="string_53" HPOS="654" VPOS="555" WIDTH="321" HEIGHT="43" WC="0.91" CONTENT="Plénipotentiaires"/>
						</TextLine>
						<TextLine ID="line_10" HPOS="238" VPOS="597" WIDTH="593" HEIGHT="44">
							<String ID="string_54" HPOS="238" VPOS="601" WIDTH="60" HEIGHT="31" WC="0.93" CONTENT="ont"/><SP WIDTH="23" VPOS="601" HPOS="298"/>
							<String ID="string_55" HPOS="321" VPOS="599" WIDTH="96" HEIGHT="42" WC="0.91" CONTENT="signé"/><SP WIDTH="22" VPOS="599" HPOS="417"/>
							<String ID="string_56" HPOS="439" VPOS="598" WIDTH="33" HEIGHT="33" WC="0.93" CONTENT="le"/><SP WIDTH="21" VPOS="598" HPOS="472"/>
							<String ID="string_57" HPOS="493" VPOS="600" WIDTH="136" HEIGHT="41" WC="0.91" CONTENT="présent"/><SP WIDTH="21" VPOS="600" HPOS="629"/>
							<String ID="string_58" HPOS="650" VPOS="597" WIDTH="181" HEIGHT="33" WC="0.91" CONTENT="Protocole."/>
						</TextLine>
					</TextBlock>
				</ComposedBlock>
				<ComposedBlock ID="cblock_2" HPOS="237" VPOS="682" WIDTH="737" HEIGHT="85">
					<TextBlock ID="block_3" HPOS="237" VPOS="682" WIDTH="737" HEIGHT="85">
						<TextLine ID="line_11" HPOS="279" VPOS="682" WIDTH="695" HEIGHT="38">
							<String ID="string_59" HPOS="279" VPOS="683" WIDTH="83" HEIGHT="31" WC="0.93" CONTENT="Fait"/><SP WIDTH="22" VPOS="683" HPOS="362"/>
							<String ID="string_60" HPOS="384" VPOS="686" WIDTH="20" HEIGHT="28" WC="0.91" CONTENT="å"/><SP WIDTH="23" VPOS="686" HPOS="404"/>
							<String ID="string_61" HPOS="427" VPOS="682" WIDTH="206" HEIGHT="38" WC="0.96" CONTENT="Stockholm,"/><SP WIDTH="29" VPOS="682" HPOS="633"/>
							<String ID="string_62" HPOS="662" VPOS="693" WIDTH="40" HEIGHT="21" WC="0.96" CONTENT="en"/><SP WIDTH="24" VPOS="693" HPOS="702"/>
							<String ID="string_63" HPOS="726" VPOS="682" WIDTH="121" HEIGHT="32" WC="0.93" CONTENT="double"/><SP WIDTH="21" VPOS="682" HPOS="847"/>
							<String ID="string_64" HPOS="868" VPOS="693" WIDTH="106" HEIGHT="21" WC="0.92" CONTENT="exem-"/>
						</TextLine>
						<TextLine ID="line_12" HPOS="237" VPOS="725" WIDTH="441" HEIGHT="42">
							<String ID="string_65" HPOS="237" VPOS="725" WIDTH="117" HEIGHT="42" WC="0.89" CONTENT="plaire,"/><SP WIDTH="24" VPOS="725" HPOS="354"/>
							<String ID="string_66" HPOS="378" VPOS="725" WIDTH="32" HEIGHT="31" WC="0.96" CONTENT="le"/><SP WIDTH="23" VPOS="725" HPOS="410"/>
							<String ID="string_67" HPOS="433" VPOS="726" WIDTH="39" HEIGHT="30" WC="0.96" CONTENT="28"/><SP WIDTH="25" VPOS="726" HPOS="472"/>
							<String ID="string_68" HPOS="497" VPOS="725" WIDTH="67" HEIGHT="31" WC="0.96" CONTENT="mai"/><SP WIDTH="24" VPOS="725" HPOS="564"/>
							<String ID="string_69" HPOS="588" VPOS="725" WIDTH="90" HEIGHT="31" WC="0.96" CONTENT="1926."/>
						</TextLine>
					</TextBlock>
				</ComposedBlock>
				<ComposedBlock ID="cblock_3" HPOS="686" VPOS="798" WIDTH="235" HEIGHT="75">
					<TextBlock ID="block_4" HPOS="686" VPOS="798" WIDTH="235" HEIGHT="75">
						<TextLine ID="line_13" HPOS="686" VPOS="798" WIDTH="235" HEIGHT="33">
							<String ID="string_70" HPOS="686" VPOS="798" WIDTH="235" HEIGHT="33" WC="0.52" CONTENT="BUuCHBERGER."/>
						</TextLine>
						<TextLine ID="line_14" HPOS="751" VPOS="842" WIDTH="98" HEIGHT="31">
							<String ID="string_71" HPOS="751" VPOS="843" WIDTH="41" HEIGHT="30" WC="0.88" CONTENT="(L."/><SP WIDTH="20" VPOS="843" HPOS="792"/>
							<String ID="string_72" HPOS="812" VPOS="842" WIDTH="37" HEIGHT="31" WC="0.95" CONTENT="8.)"/>
						</TextLine>
					</TextBlock>
				</ComposedBlock>
				<ComposedBlock ID="cblock_4" HPOS="290" VPOS="794" WIDTH="266" HEIGHT="81">
					<TextBlock ID="block_5" HPOS="290" VPOS="794" WIDTH="266" HEIGHT="81">
						<TextLine ID="line_15" HPOS="290" VPOS="794" WIDTH="266" HEIGHT="38">
							<String ID="string_73" HPOS="290" VPOS="794" WIDTH="111" HEIGHT="38" WC="0.70" CONTENT="ÖsTEN"/><SP WIDTH="23" VPOS="794" HPOS="401"/>
							<String ID="string_74" HPOS="424" VPOS="798" WIDTH="132" HEIGHT="33" WC="0.90" CONTENT="UNDÉN."/>
						</TextLine>
						<TextLine ID="line_16" HPOS="372" VPOS="843" WIDTH="98" HEIGHT="32">
							<String ID="string_75" HPOS="372" VPOS="844" WIDTH="41" HEIGHT="31" WC="0.90" CONTENT="(L."/><SP WIDTH="20" VPOS="844" HPOS="413"/>
							<String ID="string_76" HPOS="433" VPOS="843" WIDTH="37" HEIGHT="29" WC="0.96" CONTENT="8.)"/>
						</TextLine>
					</TextBlock>
				</ComposedBlock>
				<ComposedBlock ID="cblock_5" HPOS="660" VPOS="139" WIDTH="663" HEIGHT="29">
					<TextBlock ID="block_6" HPOS="660" VPOS="139" WIDTH="663" HEIGHT="29">
						<TextLine ID="line_17" HPOS="660" VPOS="139" WIDTH="663" HEIGHT="29">
							<String ID="string_77" HPOS="660" VPOS="139" WIDTH="372" HEIGHT="29" WC="0.88" CONTENT="Konstitutionsutskottets"/><SP WIDTH="21" VPOS="139" HPOS="1032"/>
							<String ID="string_78" HPOS="1053" VPOS="139" WIDTH="153" HEIGHT="29" WC="0.94" CONTENT="utlåtande"/><SP WIDTH="22" VPOS="139" HPOS="1206"/>
							<String ID="string_79" HPOS="1228" VPOS="139" WIDTH="45" HEIGHT="28" WC="0.94" CONTENT="Nr"/><SP WIDTH="22" VPOS="139" HPOS="1273"/>
							<String ID="string_80" HPOS="1295" VPOS="142" WIDTH="28" HEIGHT="25" WC="0.96" CONTENT="8."/>
						</TextLine>
					</TextBlock>
				</ComposedBlock>
				<ComposedBlock ID="cblock_6" HPOS="1013" VPOS="221" WIDTH="734" HEIGHT="286">
					<TextBlock ID="block_7" HPOS="1013" VPOS="221" WIDTH="734" HEIGHT="286">
						<TextLine ID="line_18" HPOS="1013" VPOS="221" WIDTH="732" HEIGHT="40">
							<String ID="string_81" HPOS="1013" VPOS="222" WIDTH="157" HEIGHT="34" WC="0.96" CONTENT="utseende"/><SP WIDTH="26" VPOS="222" HPOS="1170"/>
							<String ID="string_82" HPOS="1196" VPOS="235" WIDTH="43" HEIGHT="20" WC="0.96" CONTENT="av"/><SP WIDTH="26" VPOS="235" HPOS="1239"/>
							<String ID="string_83" HPOS="1265" VPOS="223" WIDTH="214" HEIGHT="33" WC="0.95" CONTENT="medlemmar"/><SP WIDTH="26" VPOS="223" HPOS="1479"/>
							<String ID="string_84" HPOS="1505" VPOS="223" WIDTH="14" HEIGHT="32" WC="0.95" CONTENT="i"/><SP WIDTH="26" VPOS="223" HPOS="1519"/>
							<String ID="string_85" HPOS="1545" VPOS="221" WIDTH="62" HEIGHT="35" WC="0.93" CONTENT="den"/><SP WIDTH="26" VPOS="221" HPOS="1607"/>
							<String ID="string_86" HPOS="1633" VPOS="223" WIDTH="112" HEIGHT="38" WC="0.91" CONTENT="skilje-"/>
						</TextLine>
						<TextLine ID="line_19" HPOS="1015" VPOS="264" WIDTH="730" HEIGHT="39">
							<String ID="string_87" HPOS="1015" VPOS="264" WIDTH="151" HEIGHT="39" WC="0.96" CONTENT="domstol,"/><SP WIDTH="28" VPOS="264" HPOS="1166"/>
							<String ID="string_88" HPOS="1194" VPOS="276" WIDTH="69" HEIGHT="21" WC="0.96" CONTENT="som"/><SP WIDTH="27" VPOS="276" HPOS="1263"/>
							<String ID="string_89" HPOS="1290" VPOS="276" WIDTH="95" HEIGHT="21" WC="0.96" CONTENT="avses"/><SP WIDTH="27" VPOS="276" HPOS="1385"/>
							<String ID="string_90" HPOS="1412" VPOS="264" WIDTH="12" HEIGHT="32" WC="0.88" CONTENT="i"/><SP WIDTH="24" VPOS="264" HPOS="1424"/>
							<String ID="string_91" HPOS="1448" VPOS="267" WIDTH="63" HEIGHT="32" WC="0.72" CONTENT="art."/><SP WIDTH="30" VPOS="267" HPOS="1511"/>
							<String ID="string_92" HPOS="1541" VPOS="266" WIDTH="39" HEIGHT="30" WC="0.96" CONTENT="17"/><SP WIDTH="28" VPOS="266" HPOS="1580"/>
							<String ID="string_93" HPOS="1608" VPOS="264" WIDTH="14" HEIGHT="32" WC="0.92" CONTENT="i"/><SP WIDTH="26" VPOS="264" HPOS="1622"/>
							<String ID="string_94" HPOS="1648" VPOS="276" WIDTH="97" HEIGHT="20" WC="0.91" CONTENT="ovan-"/>
						</TextLine>
						<TextLine ID="line_20" HPOS="1014" VPOS="305" WIDTH="733" HEIGHT="40">
							<String ID="string_95" HPOS="1014" VPOS="306" WIDTH="144" HEIGHT="33" WC="0.94" CONTENT="nämnda"/><SP WIDTH="36" VPOS="306" HPOS="1158"/>
							<String ID="string_96" HPOS="1194" VPOS="305" WIDTH="132" HEIGHT="34" WC="0.94" CONTENT="traktat"/><SP WIDTH="37" VPOS="305" HPOS="1326"/>
							<String ID="string_97" HPOS="1363" VPOS="306" WIDTH="125" HEIGHT="33" WC="0.96" CONTENT="mellan"/><SP WIDTH="37" VPOS="306" HPOS="1488"/>
							<String ID="string_98" HPOS="1525" VPOS="305" WIDTH="138" HEIGHT="40" WC="0.75" CONTENT="Sverige"/><SP WIDTH="23" VPOS="305" HPOS="1663"/>
							<String ID="string_99" HPOS="1686" VPOS="306" WIDTH="61" HEIGHT="33" WC="0.96" CONTENT="och"/>
						</TextLine>
						<TextLine ID="line_21" HPOS="1015" VPOS="345" WIDTH="731" HEIGHT="42">
							<String ID="string_100" HPOS="1015" VPOS="345" WIDTH="180" HEIGHT="41" WC="0.96" CONTENT="Österrike,"/><SP WIDTH="18" VPOS="345" HPOS="1195"/>
							<String ID="string_101" HPOS="1213" VPOS="348" WIDTH="115" HEIGHT="33" WC="0.96" CONTENT="kunna"/><SP WIDTH="15" VPOS="348" HPOS="1328"/>
							<String ID="string_102" HPOS="1343" VPOS="348" WIDTH="92" HEIGHT="39" WC="0.96" CONTENT="välja"/><SP WIDTH="18" VPOS="348" HPOS="1435"/>
							<String ID="string_103" HPOS="1453" VPOS="360" WIDTH="39" HEIGHT="21" WC="0.96" CONTENT="en"/><SP WIDTH="16" VPOS="360" HPOS="1492"/>
							<String ID="string_104" HPOS="1508" VPOS="360" WIDTH="44" HEIGHT="20" WC="0.96" CONTENT="av"/><SP WIDTH="18" VPOS="360" HPOS="1552"/>
							<String ID="string_105" HPOS="1570" VPOS="348" WIDTH="72" HEIGHT="33" WC="0.96" CONTENT="sina"/><SP WIDTH="19" VPOS="348" HPOS="1642"/>
							<String ID="string_106" HPOS="1661" VPOS="360" WIDTH="85" HEIGHT="26" WC="0.96" CONTENT="egna"/>
						</TextLine>
						<TextLine ID="line_22" HPOS="1016" VPOS="391" WIDTH="728" HEIGHT="39">
							<String ID="string_107" HPOS="1016" VPOS="391" WIDTH="216" HEIGHT="39" WC="0.95" CONTENT="medborgare"/><SP WIDTH="37" VPOS="391" HPOS="1232"/>
							<String ID="string_108" HPOS="1269" VPOS="394" WIDTH="91" HEIGHT="29" WC="0.90" CONTENT="utom"/><SP WIDTH="30" VPOS="394" HPOS="1360"/>
							<String ID="string_109" HPOS="1390" VPOS="391" WIDTH="61" HEIGHT="33" WC="0.95" CONTENT="den"/><SP WIDTH="28" VPOS="391" HPOS="1451"/>
							<String ID="string_110" HPOS="1479" VPOS="391" WIDTH="171" HEIGHT="33" WC="0.93" CONTENT="allmänna"/><SP WIDTH="28" VPOS="391" HPOS="1650"/>
							<String ID="string_111" HPOS="1678" VPOS="391" WIDTH="66" HEIGHT="32" WC="0.88" CONTENT="för-"/>
						</TextLine>
						<TextLine ID="line_23" HPOS="1016" VPOS="433" WIDTH="728" HEIGHT="38">
							<String ID="string_112" HPOS="1016" VPOS="433" WIDTH="199" HEIGHT="38" WC="0.96" CONTENT="teckningen"/><SP WIDTH="15" VPOS="433" HPOS="1215"/>
							<String ID="string_113" HPOS="1230" VPOS="438" WIDTH="77" HEIGHT="27" WC="0.95" CONTENT="över"/><SP WIDTH="18" VPOS="438" HPOS="1307"/>
							<String ID="string_114" HPOS="1325" VPOS="433" WIDTH="60" HEIGHT="33" WC="0.96" CONTENT="den"/><SP WIDTH="16" VPOS="433" HPOS="1385"/>
							<String ID="string_115" HPOS="1401" VPOS="436" WIDTH="214" HEIGHT="35" WC="0.93" CONTENT="permanenta"/><SP WIDTH="17" VPOS="436" HPOS="1615"/>
							<String ID="string_116" HPOS="1632" VPOS="433" WIDTH="112" HEIGHT="37" WC="0.92" CONTENT="skilje-"/>
						</TextLine>
						<TextLine ID="line_24" HPOS="1015" VPOS="474" WIDTH="414" HEIGHT="33">
							<String ID="string_117" HPOS="1015" VPOS="474" WIDTH="200" HEIGHT="33" WC="0.95" CONTENT="domstolens"/><SP WIDTH="23" VPOS="474" HPOS="1215"/>
							<String ID="string_118" HPOS="1238" VPOS="474" WIDTH="191" HEIGHT="33" WC="0.96" CONTENT="ledamöter."/>
						</TextLine>
					</TextBlock>
				</ComposedBlock>
				<ComposedBlock ID="cblock_7" HPOS="1013" VPOS="557" WIDTH="733" HEIGHT="209">
					<TextBlock ID="block_8" HPOS="1013" VPOS="557" WIDTH="732" HEIGHT="124">
						<TextLine ID="line_25" HPOS="1059" VPOS="557" WIDTH="686" HEIGHT="34">
							<String ID="string_119" HPOS="1059" VPOS="557" WIDTH="69" HEIGHT="34" WC="0.96" CONTENT="Till"/><SP WIDTH="29" VPOS="557" HPOS="1128"/>
							<String ID="string_120" HPOS="1157" VPOS="557" WIDTH="204" HEIGHT="34" WC="0.96" CONTENT="bekräftelse"/><SP WIDTH="27" VPOS="557" HPOS="1361"/>
							<String ID="string_121" HPOS="1388" VPOS="557" WIDTH="106" HEIGHT="34" WC="0.96" CONTENT="härav"/><SP WIDTH="25" VPOS="557" HPOS="1494"/>
							<String ID="string_122" HPOS="1519" VPOS="557" WIDTH="88" HEIGHT="33" WC="0.93" CONTENT="hava"/><SP WIDTH="26" VPOS="557" HPOS="1607"/>
							<String ID="string_123" HPOS="1633" VPOS="557" WIDTH="112" HEIGHT="33" WC="0.92" CONTENT="veder-"/>
						</TextLine>
						<TextLine ID="line_26" HPOS="1013" VPOS="599" WIDTH="732" HEIGHT="40">
							<String ID="string_124" HPOS="1013" VPOS="600" WIDTH="145" HEIGHT="34" WC="0.92" CONTENT="börande"/><SP WIDTH="22" VPOS="600" HPOS="1158"/>
							<String ID="string_125" HPOS="1180" VPOS="599" WIDTH="216" HEIGHT="40" WC="0.96" CONTENT="fullmäktige"/><SP WIDTH="20" VPOS="599" HPOS="1396"/>
							<String ID="string_126" HPOS="1416" VPOS="599" WIDTH="241" HEIGHT="35" WC="0.93" CONTENT="undertecknat"/><SP WIDTH="22" VPOS="599" HPOS="1657"/>
							<String ID="string_127" HPOS="1679" VPOS="600" WIDTH="66" HEIGHT="32" WC="0.92" CONTENT="det-"/>
						</TextLine>
						<TextLine ID="line_27" HPOS="1014" VPOS="642" WIDTH="239" HEIGHT="39">
							<String ID="string_128" HPOS="1014" VPOS="646" WIDTH="35" HEIGHT="29" WC="0.96" CONTENT="ta"/><SP WIDTH="25" VPOS="646" HPOS="1049"/>
							<String ID="string_129" HPOS="1074" VPOS="642" WIDTH="179" HEIGHT="39" WC="0.94" CONTENT="protokoll."/>
						</TextLine>
					</TextBlock>
					<TextBlock ID="block_9" HPOS="1015" VPOS="684" WIDTH="731" HEIGHT="82">
						<TextLine ID="line_28" HPOS="1060" VPOS="684" WIDTH="686" HEIGHT="39">
							<String ID="string_130" HPOS="1060" VPOS="684" WIDTH="76" HEIGHT="34" WC="0.95" CONTENT="Som"/><SP WIDTH="42" VPOS="684" HPOS="1136"/>
							<String ID="string_131" HPOS="1178" VPOS="685" WIDTH="123" HEIGHT="33" WC="0.95" CONTENT="skedde"/><SP WIDTH="39" VPOS="685" HPOS="1301"/>
							<String ID="string_132" HPOS="1340" VPOS="685" WIDTH="12" HEIGHT="32" WC="0.95" CONTENT="i"/><SP WIDTH="40" VPOS="685" HPOS="1352"/>
							<String ID="string_133" HPOS="1392" VPOS="684" WIDTH="204" HEIGHT="39" WC="0.63" CONTENT="Stockholm,"/><SP WIDTH="39" VPOS="684" HPOS="1596"/>
							<String ID="string_134" HPOS="1635" VPOS="684" WIDTH="14" HEIGHT="33" WC="0.96" CONTENT="i"/><SP WIDTH="39" VPOS="684" HPOS="1649"/>
							<String ID="string_135" HPOS="1688" VPOS="684" WIDTH="58" HEIGHT="33" WC="0.96" CONTENT="två"/>
						</TextLine>
						<TextLine ID="line_29" HPOS="1015" VPOS="726" WIDTH="524" HEIGHT="40">
							<String ID="string_136" HPOS="1015" VPOS="726" WIDTH="178" HEIGHT="40" WC="0.96" CONTENT="exemplar,"/><SP WIDTH="20" VPOS="726" HPOS="1193"/>
							<String ID="string_137" HPOS="1213" VPOS="727" WIDTH="61" HEIGHT="32" WC="0.96" CONTENT="den"/><SP WIDTH="20" VPOS="727" HPOS="1274"/>
							<String ID="string_138" HPOS="1294" VPOS="727" WIDTH="41" HEIGHT="32" WC="0.96" CONTENT="28"/><SP WIDTH="19" VPOS="727" HPOS="1335"/>
							<String ID="string_139" HPOS="1354" VPOS="727" WIDTH="68" HEIGHT="38" WC="0.96" CONTENT="maj"/><SP WIDTH="21" VPOS="727" HPOS="1422"/>
							<String ID="string_140" HPOS="1443" VPOS="727" WIDTH="96" HEIGHT="32" WC="0.95" CONTENT="1926."/>
						</TextLine>
					</TextBlock>
				</ComposedBlock>
				<ComposedBlock ID="cblock_8" HPOS="239" VPOS="1022" WIDTH="1507" HEIGHT="149">
					<TextBlock ID="block_10" HPOS="239" VPOS="1022" WIDTH="1507" HEIGHT="149">
						<TextLine ID="line_30" HPOS="283" VPOS="1022" WIDTH="1463" HEIGHT="46">
							<String ID="string_141" HPOS="283" VPOS="1029" WIDTH="172" HEIGHT="33" WC="0.96" CONTENT="Utskottet"/><SP WIDTH="21" VPOS="1029" HPOS="455"/>
							<String ID="string_142" HPOS="476" VPOS="1029" WIDTH="62" HEIGHT="32" WC="0.96" CONTENT="har"/><SP WIDTH="20" VPOS="1029" HPOS="538"/>
							<String ID="string_143" HPOS="558" VPOS="1029" WIDTH="57" HEIGHT="33" WC="0.96" CONTENT="vid"/><SP WIDTH="20" VPOS="1029" HPOS="615"/>
							<String ID="string_144" HPOS="635" VPOS="1028" WIDTH="249" HEIGHT="40" WC="0.96" CONTENT="granskningen"/><SP WIDTH="21" VPOS="1028" HPOS="884"/>
							<String ID="string_145" HPOS="905" VPOS="1040" WIDTH="41" HEIGHT="21" WC="0.96" CONTENT="av"/><SP WIDTH="21" VPOS="1040" HPOS="946"/>
							<String ID="string_146" HPOS="967" VPOS="1025" WIDTH="263" HEIGHT="42" WC="0.96" CONTENT="ifrågavarande"/><SP WIDTH="21" VPOS="1025" HPOS="1230"/>
							<String ID="string_147" HPOS="1251" VPOS="1027" WIDTH="123" HEIGHT="33" WC="0.95" CONTENT="mellan"/><SP WIDTH="21" VPOS="1027" HPOS="1374"/>
							<String ID="string_148" HPOS="1395" VPOS="1026" WIDTH="138" HEIGHT="40" WC="0.96" CONTENT="Sverige"/><SP WIDTH="22" VPOS="1026" HPOS="1533"/>
							<String ID="string_149" HPOS="1555" VPOS="1026" WIDTH="61" HEIGHT="33" WC="0.93" CONTENT="och"/><SP WIDTH="20" VPOS="1026" HPOS="1616"/>
							<String ID="string_150" HPOS="1636" VPOS="1022" WIDTH="110" HEIGHT="37" WC="0.90" CONTENT="Öster-"/>
						</TextLine>
						<TextLine ID="line_31" HPOS="240" VPOS="1077" WIDTH="1506" HEIGHT="43">
							<String ID="string_151" HPOS="240" VPOS="1081" WIDTH="71" HEIGHT="33" WC="0.96" CONTENT="rike"/><SP WIDTH="19" VPOS="1081" HPOS="311"/>
							<String ID="string_152" HPOS="330" VPOS="1081" WIDTH="112" HEIGHT="33" WC="0.92" CONTENT="slutna"/><SP WIDTH="20" VPOS="1081" HPOS="442"/>
							<String ID="string_153" HPOS="462" VPOS="1080" WIDTH="217" HEIGHT="40" WC="0.92" CONTENT="förliknings-"/><SP WIDTH="21" VPOS="1080" HPOS="679"/>
							<String ID="string_154" HPOS="700" VPOS="1080" WIDTH="60" HEIGHT="33" WC="0.93" CONTENT="och"/><SP WIDTH="21" VPOS="1080" HPOS="760"/>
							<String ID="string_155" HPOS="781" VPOS="1079" WIDTH="323" HEIGHT="40" WC="0.91" CONTENT="skiljedomstraktat"/><SP WIDTH="18" VPOS="1079" HPOS="1104"/>
							<String ID="string_156" HPOS="1122" VPOS="1079" WIDTH="74" HEIGHT="33" WC="0.96" CONTENT="med"/><SP WIDTH="18" VPOS="1079" HPOS="1196"/>
							<String ID="string_157" HPOS="1214" VPOS="1078" WIDTH="201" HEIGHT="34" WC="0.95" CONTENT="tillhörande"/><SP WIDTH="20" VPOS="1078" HPOS="1415"/>
							<String ID="string_158" HPOS="1435" VPOS="1077" WIDTH="166" HEIGHT="40" WC="0.96" CONTENT="protokoll"/><SP WIDTH="19" VPOS="1077" HPOS="1601"/>
							<String ID="string_159" HPOS="1620" VPOS="1077" WIDTH="30" HEIGHT="40" WC="0.93" CONTENT="ej"/><SP WIDTH="21" VPOS="1077" HPOS="1650"/>
							<String ID="string_160" HPOS="1671" VPOS="1077" WIDTH="75" HEIGHT="33" WC="0.91" CONTENT="fun-"/>
						</TextLine>
						<TextLine ID="line_32" HPOS="239" VPOS="1130" WIDTH="955" HEIGHT="41">
							<String ID="string_161" HPOS="239" VPOS="1132" WIDTH="49" HEIGHT="33" WC="0.96" CONTENT="nit"/><SP WIDTH="22" VPOS="1132" HPOS="288"/>
							<String ID="string_162" HPOS="310" VPOS="1132" WIDTH="179" HEIGHT="39" WC="0.95" CONTENT="anledning"/><SP WIDTH="18" VPOS="1132" HPOS="489"/>
							<String ID="string_163" HPOS="507" VPOS="1132" WIDTH="55" HEIGHT="32" WC="0.96" CONTENT="till"/><SP WIDTH="19" VPOS="1132" HPOS="562"/>
							<String ID="string_164" HPOS="581" VPOS="1132" WIDTH="133" HEIGHT="32" WC="0.96" CONTENT="erinran"/><SP WIDTH="19" VPOS="1132" HPOS="714"/>
							<String ID="string_165" HPOS="733" VPOS="1131" WIDTH="60" HEIGHT="33" WC="0.96" CONTENT="och"/><SP WIDTH="19" VPOS="1131" HPOS="793"/>
							<String ID="string_166" HPOS="812" VPOS="1131" WIDTH="55" HEIGHT="32" WC="0.96" CONTENT="får"/><SP WIDTH="19" VPOS="1131" HPOS="867"/>
							<String ID="string_167" HPOS="886" VPOS="1130" WIDTH="102" HEIGHT="34" WC="0.93" CONTENT="alltså"/><SP WIDTH="18" VPOS="1130" HPOS="988"/>
							<String ID="string_168" HPOS="1006" VPOS="1130" WIDTH="188" HEIGHT="40" WC="0.91" CONTENT="hemställa,"/>
						</TextLine>
					</TextBlock>
				</ComposedBlock>
				<ComposedBlock ID="cblock_9" HPOS="594" VPOS="1209" WIDTH="1151" HEIGHT="43">
					<TextBlock ID="block_11" HPOS="594" VPOS="1209" WIDTH="1151" HEIGHT="43">
						<TextLine ID="line_33" HPOS="594" VPOS="1209" WIDTH="1151" HEIGHT="43">
							<String ID="string_169" HPOS="594" VPOS="1218" WIDTH="52" HEIGHT="29" WC="0.95" CONTENT="att"/><SP WIDTH="25" VPOS="1218" HPOS="646"/>
							<String ID="string_170" HPOS="671" VPOS="1215" WIDTH="219" HEIGHT="32" WC="0.95" CONTENT="förevarande"/><SP WIDTH="24" VPOS="1215" HPOS="890"/>
							<String ID="string_171" HPOS="914" VPOS="1214" WIDTH="118" HEIGHT="38" WC="0.95" CONTENT="kungl."/><SP WIDTH="25" VPOS="1214" HPOS="1032"/>
							<String ID="string_172" HPOS="1057" VPOS="1213" WIDTH="206" HEIGHT="39" WC="0.95" CONTENT="proposition"/><SP WIDTH="25" VPOS="1213" HPOS="1263"/>
							<String ID="string_173" HPOS="1288" VPOS="1213" WIDTH="103" HEIGHT="32" WC="0.96" CONTENT="måtte"/><SP WIDTH="28" VPOS="1213" HPOS="1391"/>
							<String ID="string_174" HPOS="1419" VPOS="1224" WIDTH="41" HEIGHT="20" WC="0.96" CONTENT="av"/><SP WIDTH="29" VPOS="1224" HPOS="1460"/>
							<String ID="string_175" HPOS="1489" VPOS="1211" WIDTH="182" HEIGHT="38" WC="0.88" CONTENT="riksdagen"/><SP WIDTH="26" VPOS="1211" HPOS="1671"/>
							<String ID="string_176" HPOS="1697" VPOS="1209" WIDTH="48" HEIGHT="33" WC="0.88" CONTENT="bi-"/>
						</TextLine>
					</TextBlock>
				</ComposedBlock>
				<ComposedBlock ID="cblock_10" HPOS="549" VPOS="1266" WIDTH="114" HEIGHT="32">
					<TextBlock ID="block_12" HPOS="549" VPOS="1266" WIDTH="114" HEIGHT="32">
						<TextLine ID="line_34" HPOS="549" VPOS="1266" WIDTH="114" HEIGHT="32">
							<String ID="string_177" HPOS="549" VPOS="1266" WIDTH="114" HEIGHT="32" WC="0.89" CONTENT="fallas."/>
						</TextLine>
					</TextBlock>
				</ComposedBlock>
				<ComposedBlock ID="cblock_11" HPOS="288" VPOS="1367" WIDTH="557" HEIGHT="33">
					<TextBlock ID="block_13" HPOS="288" VPOS="1367" WIDTH="557" HEIGHT="33">
						<TextLine ID="line_35" HPOS="288" VPOS="1367" WIDTH="557" HEIGHT="33">
							<String ID="string_178" HPOS="288" VPOS="1367" WIDTH="191" HEIGHT="33" WC="0.96" CONTENT="Stockholm"/><SP WIDTH="25" VPOS="1367" HPOS="479"/>
							<String ID="string_179" HPOS="504" VPOS="1367" WIDTH="61" HEIGHT="33" WC="0.96" CONTENT="den"/><SP WIDTH="25" VPOS="1367" HPOS="565"/>
							<String ID="string_180" HPOS="590" VPOS="1368" WIDTH="19" HEIGHT="31" WC="0.96" CONTENT="8"/><SP WIDTH="25" VPOS="1368" HPOS="609"/>
							<String ID="string_181" HPOS="634" VPOS="1378" WIDTH="89" HEIGHT="21" WC="0.96" CONTENT="mars"/><SP WIDTH="25" VPOS="1378" HPOS="723"/>
							<String ID="string_182" HPOS="748" VPOS="1367" WIDTH="97" HEIGHT="32" WC="0.94" CONTENT="1927."/>
						</TextLine>
					</TextBlock>
				</ComposedBlock>
				<ComposedBlock ID="cblock_12" HPOS="664" VPOS="1463" WIDTH="657" HEIGHT="110">
					<TextBlock ID="block_14" HPOS="664" VPOS="1463" WIDTH="657" HEIGHT="110">
						<TextLine ID="line_36" HPOS="664" VPOS="1463" WIDTH="657" HEIGHT="38">
							<String ID="string_183" HPOS="664" VPOS="1465" WIDTH="48" HEIGHT="33" WC="0.92" CONTENT="På"/><SP WIDTH="20" VPOS="1465" HPOS="712"/>
							<String ID="string_184" HPOS="732" VPOS="1463" WIDTH="423" HEIGHT="35" WC="0.92" CONTENT="konstitutionsutskottets"/><SP WIDTH="23" VPOS="1463" HPOS="1155"/>
							<String ID="string_185" HPOS="1178" VPOS="1468" WIDTH="143" HEIGHT="33" WC="0.96" CONTENT="vägnar:"/>
						</TextLine>
						<TextLine ID="line_37" HPOS="830" VPOS="1538" WIDTH="336" HEIGHT="35">
							<String ID="string_186" HPOS="830" VPOS="1541" WIDTH="43" HEIGHT="32" WC="0.88" CONTENT="K."/><SP WIDTH="24" VPOS="1541" HPOS="873"/>
							<String ID="string_187" HPOS="897" VPOS="1549" WIDTH="65" HEIGHT="23" WC="0.96" CONTENT="von"/><SP WIDTH="24" VPOS="1549" HPOS="962"/>
							<String ID="string_188" HPOS="986" VPOS="1538" WIDTH="180" HEIGHT="34" WC="0.96" CONTENT="GEIJER."/>
						</TextLine>
					</TextBlock>
				</ComposedBlock>
				<ComposedBlock ID="cblock_13" HPOS="242" VPOS="1784" WIDTH="1510" HEIGHT="169">
					<TextBlock ID="block_15" HPOS="242" VPOS="1784" WIDTH="1510" HEIGHT="169">
						<TextLine ID="line_38" HPOS="285" VPOS="1784" WIDTH="1465" HEIGHT="40">
							<String ID="string_189" HPOS="285" VPOS="1793" WIDTH="220" HEIGHT="30" WC="0.96" CONTENT="Närvarande:"/><SP WIDTH="23" VPOS="1793" HPOS="505"/>
							<String ID="string_190" HPOS="528" VPOS="1792" WIDTH="123" HEIGHT="28" WC="0.96" CONTENT="Herrar"/><SP WIDTH="23" VPOS="1792" HPOS="651"/>
							<String ID="string_191" HPOS="674" VPOS="1800" WIDTH="59" HEIGHT="19" WC="0.96" CONTENT="von"/><SP WIDTH="22" VPOS="1800" HPOS="733"/>
							<String ID="string_192" HPOS="755" VPOS="1790" WIDTH="116" HEIGHT="34" WC="0.96" CONTENT="Geijer,"/><SP WIDTH="21" VPOS="1790" HPOS="871"/>
							<String ID="string_193" HPOS="892" VPOS="1789" WIDTH="157" HEIGHT="34" WC="0.96" CONTENT="Engberg,"/><SP WIDTH="22" VPOS="1789" HPOS="1049"/>
							<String ID="string_194" HPOS="1071" VPOS="1788" WIDTH="192" HEIGHT="34" WC="0.96" CONTENT="Strömberg,"/><SP WIDTH="20" VPOS="1788" HPOS="1263"/>
							<String ID="string_195" HPOS="1283" VPOS="1786" WIDTH="104" HEIGHT="29" WC="0.96" CONTENT="David"/><SP WIDTH="19" VPOS="1786" HPOS="1387"/>
							<String ID="string_196" HPOS="1406" VPOS="1786" WIDTH="193" HEIGHT="34" WC="0.96" CONTENT="Bergström,"/><SP WIDTH="23" VPOS="1786" HPOS="1599"/>
							<String ID="string_197" HPOS="1622" VPOS="1784" WIDTH="128" HEIGHT="31" WC="0.95" CONTENT="Thulin,"/>
						</TextLine>
						<TextLine ID="line_39" HPOS="244" VPOS="1827" WIDTH="1508" HEIGHT="40">
							<String ID="string_198" HPOS="244" VPOS="1836" WIDTH="33" HEIGHT="29" WC="0.89" CONTENT="C."/><SP WIDTH="20" VPOS="1836" HPOS="277"/>
							<String ID="string_199" HPOS="297" VPOS="1835" WIDTH="44" HEIGHT="30" WC="0.90" CONTENT="W."/><SP WIDTH="20" VPOS="1835" HPOS="341"/>
							<String ID="string_200" HPOS="361" VPOS="1836" WIDTH="158" HEIGHT="31" WC="0.95" CONTENT="Hansson,"/><SP WIDTH="16" VPOS="1836" HPOS="519"/>
							<String ID="string_201" HPOS="535" VPOS="1832" WIDTH="232" HEIGHT="33" WC="0.89" CONTENT="Reuterskiöld,"/><SP WIDTH="17" VPOS="1832" HPOS="767"/>
							<String ID="string_202" HPOS="784" VPOS="1829" WIDTH="181" HEIGHT="35" WC="0.89" CONTENT="Stendahl,&quot;"/><SP WIDTH="19" VPOS="1829" HPOS="965"/>
							<String ID="string_203" HPOS="984" VPOS="1831" WIDTH="152" HEIGHT="32" WC="0.91" CONTENT="Leander,"/><SP WIDTH="17" VPOS="1831" HPOS="1136"/>
							<String ID="string_204" HPOS="1153" VPOS="1830" WIDTH="93" HEIGHT="32" WC="0.90" CONTENT="Fehr,"/><SP WIDTH="17" VPOS="1830" HPOS="1246"/>
							<String ID="string_205" HPOS="1263" VPOS="1829" WIDTH="196" HEIGHT="34" WC="0.91" CONTENT="Ljunglund,"/><SP WIDTH="17" VPOS="1829" HPOS="1459"/>
							<String ID="string_206" HPOS="1476" VPOS="1828" WIDTH="172" HEIGHT="33" WC="0.92" CONTENT="Sävström,"/><SP WIDTH="18" VPOS="1828" HPOS="1648"/>
							<String ID="string_207" HPOS="1666" VPOS="1827" WIDTH="86" HEIGHT="34" WC="0.92" CONTENT="Mag-"/>
						</TextLine>
						<TextLine ID="line_40" HPOS="242" VPOS="1869" WIDTH="1509" HEIGHT="40">
							<String ID="string_208" HPOS="242" VPOS="1887" WIDTH="117" HEIGHT="20" WC="0.90" CONTENT="nusson"/><SP WIDTH="23" VPOS="1887" HPOS="359"/>
							<String ID="string_209" HPOS="382" VPOS="1879" WIDTH="12" HEIGHT="27" WC="0.93" CONTENT="i"/><SP WIDTH="23" VPOS="1879" HPOS="394"/>
							<String ID="string_210" HPOS="417" VPOS="1874" WIDTH="180" HEIGHT="35" WC="0.62" CONTENT="Tumhult,&quot;"/><SP WIDTH="27" VPOS="1874" HPOS="597"/>
							<String ID="string_211" HPOS="624" VPOS="1875" WIDTH="231" HEIGHT="32" WC="0.91" CONTENT="Vennerström,"/><SP WIDTH="22" VPOS="1875" HPOS="855"/>
							<String ID="string_212" HPOS="877" VPOS="1873" WIDTH="173" HEIGHT="35" WC="0.95" CONTENT="Gustafson"/><SP WIDTH="21" VPOS="1873" HPOS="1050"/>
							<String ID="string_213" HPOS="1071" VPOS="1874" WIDTH="11" HEIGHT="27" WC="0.93" CONTENT="i"/><SP WIDTH="22" VPOS="1874" HPOS="1082"/>
							<String ID="string_214" HPOS="1104" VPOS="1872" WIDTH="192" HEIGHT="33" WC="0.91" CONTENT="Kasenberg,"/><SP WIDTH="23" VPOS="1872" HPOS="1296"/>
							<String ID="string_215" HPOS="1319" VPOS="1870" WIDTH="193" HEIGHT="34" WC="0.96" CONTENT="Bäckström,"/><SP WIDTH="23" VPOS="1870" HPOS="1512"/>
							<String ID="string_216" HPOS="1535" VPOS="1870" WIDTH="95" HEIGHT="34" WC="0.91" CONTENT="Borg,"/><SP WIDTH="21" VPOS="1870" HPOS="1630"/>
							<String ID="string_217" HPOS="1651" VPOS="1869" WIDTH="39" HEIGHT="29" WC="0.91" CONTENT="K."/><SP WIDTH="23" VPOS="1869" HPOS="1690"/>
							<String ID="string_218" HPOS="1713" VPOS="1870" WIDTH="38" HEIGHT="28" WC="0.92" CONTENT="A."/>
						</TextLine>
						<TextLine ID="line_41" HPOS="246" VPOS="1911" WIDTH="1048" HEIGHT="42">
							<String ID="string_219" HPOS="246" VPOS="1920" WIDTH="167" HEIGHT="33" WC="0.96" CONTENT="Westman,"/><SP WIDTH="17" VPOS="1920" HPOS="413"/>
							<String ID="string_220" HPOS="430" VPOS="1919" WIDTH="157" HEIGHT="29" WC="0.96" CONTENT="Pehrsson"/><SP WIDTH="19" VPOS="1919" HPOS="587"/>
							<String ID="string_221" HPOS="606" VPOS="1919" WIDTH="12" HEIGHT="27" WC="0.96" CONTENT="i"/><SP WIDTH="20" VPOS="1919" HPOS="618"/>
							<String ID="string_222" HPOS="638" VPOS="1916" WIDTH="157" HEIGHT="35" WC="0.96" CONTENT="Göteborg"/><SP WIDTH="19" VPOS="1916" HPOS="795"/>
							<String ID="string_223" HPOS="814" VPOS="1916" WIDTH="57" HEIGHT="29" WC="0.97" CONTENT="och"/><SP WIDTH="18" VPOS="1916" HPOS="871"/>
							<String ID="string_224" HPOS="889" VPOS="1915" WIDTH="181" HEIGHT="29" WC="0.96" CONTENT="Andersson"/><SP WIDTH="18" VPOS="1915" HPOS="1070"/>
							<String ID="string_225" HPOS="1088" VPOS="1916" WIDTH="12" HEIGHT="27" WC="0.92" CONTENT="i"/><SP WIDTH="19" VPOS="1916" HPOS="1100"/>
							<String ID="string_226" HPOS="1119" VPOS="1911" WIDTH="175" HEIGHT="38" WC="0.88" CONTENT="Igelboda.”"/>
						</TextLine>
					</TextBlock>
				</ComposedBlock>
				<ComposedBlock ID="cblock_14" HPOS="284" VPOS="1994" WIDTH="633" HEIGHT="36">
					<TextBlock ID="block_16" HPOS="284" VPOS="1994" WIDTH="633" HEIGHT="36">
						<TextLine ID="line_42" HPOS="284" VPOS="1994" WIDTH="633" HEIGHT="36">
							<String ID="string_227" HPOS="284" VPOS="1998" WIDTH="14" HEIGHT="15" WC="0.95" CONTENT="+"/><SP WIDTH="18" VPOS="1998" HPOS="298"/>
							<String ID="string_228" HPOS="316" VPOS="1998" WIDTH="31" HEIGHT="32" WC="0.95" CONTENT="Ej"/><SP WIDTH="21" VPOS="1998" HPOS="347"/>
							<String ID="string_229" HPOS="368" VPOS="1997" WIDTH="156" HEIGHT="25" WC="0.95" CONTENT="närvarande"/><SP WIDTH="17" VPOS="1997" HPOS="524"/>
							<String ID="string_230" HPOS="541" VPOS="1995" WIDTH="45" HEIGHT="26" WC="0.93" CONTENT="vid"/><SP WIDTH="18" VPOS="1995" HPOS="586"/>
							<String ID="string_231" HPOS="604" VPOS="1995" WIDTH="161" HEIGHT="25" WC="0.91" CONTENT="utlåtandets"/><SP WIDTH="15" VPOS="1995" HPOS="765"/>
							<String ID="string_232" HPOS="780" VPOS="1994" WIDTH="137" HEIGHT="33" WC="0.96" CONTENT="justering."/>
						</TextLine>
					</TextBlock>
				</ComposedBlock>
				<ComposedBlock ID="cblock_15" HPOS="427" VPOS="2406" WIDTH="1149" HEIGHT="78">
					<TextBlock ID="block_17" HPOS="427" VPOS="2406" WIDTH="1149" HEIGHT="78">
						<TextLine ID="line_43" HPOS="427" VPOS="2406" WIDTH="1149" HEIGHT="38">
							<String ID="string_233" HPOS="427" VPOS="2411" WIDTH="181" HEIGHT="30" WC="0.95" CONTENT="Stockholm"/><SP WIDTH="20" VPOS="2411" HPOS="608"/>
							<String ID="string_234" HPOS="628" VPOS="2410" WIDTH="85" HEIGHT="30" WC="0.96" CONTENT="1927."/><SP WIDTH="33" VPOS="2410" HPOS="713"/>
							<String ID="string_235" HPOS="746" VPOS="2410" WIDTH="112" HEIGHT="34" WC="0.93" CONTENT="Kungl."/><SP WIDTH="21" VPOS="2410" HPOS="858"/>
							<String ID="string_236" HPOS="879" VPOS="2410" WIDTH="241" HEIGHT="34" WC="0.91" CONTENT="Boktryckeriet,"/><SP WIDTH="19" VPOS="2410" HPOS="1120"/>
							<String ID="string_237" HPOS="1139" VPOS="2408" WIDTH="35" HEIGHT="29" WC="0.91" CONTENT="P."/><SP WIDTH="19" VPOS="2408" HPOS="1174"/>
							<String ID="string_238" HPOS="1193" VPOS="2407" WIDTH="37" HEIGHT="30" WC="0.91" CONTENT="A."/><SP WIDTH="21" VPOS="2407" HPOS="1230"/>
							<String ID="string_239" HPOS="1251" VPOS="2407" WIDTH="153" HEIGHT="30" WC="0.93" CONTENT="Norstedt"/><SP WIDTH="20" VPOS="2407" HPOS="1404"/>
							<String ID="string_240" HPOS="1424" VPOS="2406" WIDTH="23" HEIGHT="30" WC="0.92" CONTENT="&amp;"/><SP WIDTH="23" VPOS="2406" HPOS="1447"/>
							<String ID="string_241" HPOS="1470" VPOS="2406" WIDTH="106" HEIGHT="30" WC="0.96" CONTENT="Söner."/>
						</TextLine>
						<TextLine ID="line_44" HPOS="950" VPOS="2464" WIDTH="98" HEIGHT="20">
							<String ID="string_242" HPOS="950" VPOS="2464" WIDTH="98" HEIGHT="20" WC="0.96" CONTENT="270942"/>
						</TextLine>
					</TextBlock>
				</ComposedBlock>
			</PrintSpace>
		</Page>
	</Layout>
</alto>
