1892 2808
248 145 38 28 14

521 221 133 32 Article
677 222 28 31 6.

288 271 94 33 Dans
406 283 44 20 un
474 271 89 32 délai
587 272 39 31 de
651 273 37 31 15
710 272 95 42 jours
828 275 20 29 å
871 272 110 43 partir

246 314 39 32 de
318 314 34 32 la
386 315 79 32 date
495 317 41 29 oå
559 314 32 32 le
616 313 270 34 Gouvernement
909 317 68 30 sué-

246 357 71 31 dois
347 368 42 20 ou
423 357 31 31 le
484 356 272 33 Gouvernement
790 358 189 32 autrichien

245 398 113 31 aurait
391 401 93 39 porté
516 410 65 20 une
608 400 224 30 contestation
856 400 125 31 devant

244 440 34 30 la
295 439 221 32 Commission
532 443 220 38 permanente
769 440 40 31 de
825 441 153 31 concilia-

243 481 82 39 tion,
349 482 145 31 chacune
517 482 59 31 des
597 481 133 32 Parties
746 493 132 31 pourra,
895 494 85 31 pour

244 523 165 33 F'examen
443 524 39 31 de
516 526 85 29 cette
634 525 235 37 contestation,
896 536 82 20 rem-

245 566 111 42 placer
389 577 59 20 son
481 567 227 31 commissaire
734 577 63 32 par
819 578 65 21 une
906 578 72 32 per-

244 619 103 21 sonne
373 609 181 41 possédant
580 619 66 21 une
673 611 208 40 compétence
908 611 70 40 spé-

244 650 83 31 ciale
351 650 83 31 dans
457 651 34 30 la
513 650 152 32 matiere.

286 692 50 31 La
370 692 118 31 Partie
521 692 59 42 qui
607 692 131 31 userait
767 693 39 31 de
830 703 37 21 ce
889 692 90 31 droit

245 744 37 20 en
308 734 73 31 fera
402 733 288 32 immédiatement
712 734 36 31 la
769 733 209 33 notification

243 779 20 28 å
296 775 121 32 Pautre
448 775 128 40 Partie;
612 775 129 33 celle-ci
774 787 92 28 aura,
895 776 84 32 dans

243 829 36 21 ce
302 829 64 27 cas,
390 818 34 31 la
441 817 124 33 faculté
581 818 110 41 d"agir
707 818 40 32 de
764 820 113 37 méme,
895 819 83 31 dans

243 871 46 20 un
313 860 89 31 délai
418 860 40 31 de
476 862 37 30 15
526 860 95 42 jours
638 864 20 28 å
673 861 109 41 partir
797 861 40 31 de
853 861 34 31 la
902 861 77 31 date

244 904 42 29 oå
318 902 34 31 la
384 901 211 32 notification
622 902 51 31 lui
700 913 75 21 sera
801 913 176 31 parvenue.

520 977 133 31 Article
677 979 27 29 7.

284 1027 50 31 La
358 1027 221 32 Commission
603 1029 218 40 permanente
842 1027 40 31 de
903 1038 74 21 con-

243 1069 150 32 ciliation
428 1080 83 20 aura
543 1080 87 31 pour
663 1069 99 32 tåche
795 1069 183 32 d'élucider

240 1111 49 31 les
311 1111 173 42 questions
508 1122 39 20 en
570 1110 110 42 litige,
704 1111 40 31 de
767 1111 171 31 recueillir
958 1114 19 28 å

241 1156 85 28 cette
348 1152 47 31 fin
418 1155 110 29 toutes
551 1152 49 31 les
624 1152 236 31 informations
877 1153 100 31 utiles

241 1205 63 32 par
326 1195 75 31 voie
423 1194 175 42 d'enquéte
621 1205 43 21 ou
680 1196 193 30 autrement
889 1200 32 26 et
937 1194 39 32 de

241 1237 163 31 s'efforcer
426 1236 40 32 de
489 1237 158 31 concilier
662 1237 50 31 les
729 1236 140 32 Parties.
897 1236 78 32 Elle

239 1289 133 32 pourra,
400 1281 97 40 apreés
520 1289 138 22 examen
683 1279 41 32 de
745 1278 152 39 V'affaire,
921 1290 53 20 ex-

240 1332 97 31 poser
369 1332 66 20 aux
462 1321 135 32 Parties
619 1320 49 33 les
692 1324 120 29 termes
836 1321 40 31 de
897 1321 78 31 Il'ar-

240 1366 195 28 rangement
467 1363 59 42 qui
559 1363 51 31 lui
643 1364 181 41 paraitrait
857 1373 117 21 conve-

239 1375 99 61 nap
372 1407 33 29 et
431 1404 75 32 leur
528 1405 159 41 impartir
710 1415 45 21 un
778 1404 90 32 délai
891 1416 85 31 pour

239 1457 35 21 se
296 1457 192 32 prononcer.

282 1530 33 32 A
347 1530 35 33 la
413 1530 46 31 fin
493 1530 41 32 de
566 1542 52 20 ses
641 1532 159 37 travaux,
823 1530 34 32 la
881 1529 93 33 Com-

241 1573 137 31 mission
402 1573 152 31 dressera
576 1584 46 19 un
638 1572 249 43 procés-verbal
902 1584 72 20 con-

241 1617 138 35 statant,
414 1615 139 31 suivant
586 1615 31 31 le
650 1625 65 27 cas,
750 1614 67 32 soit
840 1625 63 31 que
925 1615 50 31 les

239 1656 132 32 Parties
404 1667 34 21 se
465 1660 76 28 sont
564 1658 179 39 arrangées
767 1659 41 35 et,
832 1656 55 31 sil
908 1667 25 30 y
956 1668 20 20 a

239 1698 78 38 lieu,
351 1698 49 31 les
424 1697 189 33 conditions
637 1698 40 31 de
700 1699 275 40 l'arrangement,

239 1740 67 32 soit
328 1751 63 32 que
414 1740 49 32 les
485 1739 135 33 Parties
644 1740 92 33 n'ont
758 1751 46 32 pu
820 1743 69 29 étre
902 1751 73 21 con-

240 1782 124 33 ciliées.

281 1866 65 32 Les
379 1869 145 29 travaux
558 1866 39 31 de
620 1866 34 31 la
677 1866 220 32 Commission
921 1866 54 32 de-

239 1912 110 33 vront,
373 1911 20 28 å
415 1911 108 28 moins
546 1919 63 31 que
631 1908 50 32 les
697 1908 134 32 Parties
848 1919 39 20 en
901 1919 73 21 con-

238 1951 161 31 viennent
433 1950 256 38 différemment,
724 1952 68 29 &tre
814 1951 162 31 terminés

239 1992 82 31 dans
353 1992 32 31 le
420 1991 91 32 délai
538 1992 40 30 de
601 1992 53 30 six
677 1993 84 30 mois
785 1995 20 28 å
827 1995 149 39 compter

238 2034 44 31 du
310 2034 80 47 jour
422 2036 42 29 oå
496 2033 36 32 la
565 2032 222 34 Commission
815 2044 84 21 aura
922 2035 53 30 été

239 2076 101 32 saisie
364 2076 44 31 du
431 2076 109 40 litige.

513 2149 135 33 Article
672 2151 29 31 8.

280 2201 33 31 A
336 2201 108 31 moins
467 2201 40 32 de
523 2201 203 42 stipulation
742 2201 143 42 spéciale
901 2213 73 21 con-

238 2244 112 37 traire,
384 2244 34 30 la
452 2242 220 33 Commission
696 2247 215 39 permanente
934 2244 40 31 de

238 2285 215 32 eonciliation
477 2285 133 41 réglera
633 2286 186 31 elle-méme
843 2297 38 20 sa
899 2296 74 32 pro-

238 2327 119 32 cédure
392 2328 67 42 qui,
494 2327 83 32 dans
605 2332 78 27 tous
706 2328 49 31 les
779 2338 66 28 cas,
870 2328 104 31 devra

238 2372 71 29 &tre
333 2369 270 32 contradictoire.
649 2369 53 31 En
726 2371 139 30 matiere
888 2370 86 31 d'en-

239 2413 126 40 quétes,
400 2411 34 31 la
468 2410 233 36 Commission,
736 2412 29 31 si
800 2411 64 32 elle
898 2411 75 32 n'en

238 2453 115 32 décide
369 2455 189 29 autrement
574 2456 19 28 å
609 2453 221 37 lI'unanimité,
848 2464 34 21 se
898 2464 73 21 con-

677 146 369 29 Konstitutionsutskottets
1068 147 152 27 utlåtande
1243 147 42 27 Nr
1309 150 28 25 8.

1289 226 135 33 Artikel
1453 227 30 32 6.

1063 276 94 33 Inom
1189 277 112 39 loppet
1333 289 42 21 av
1395 278 124 32 femton
1542 278 105 39 dagar
1666 278 86 33 efter

1020 320 55 33 det
1094 324 50 29 att
1165 320 140 33 svenska
1325 320 80 33 eller
1422 321 219 32 österrikiska
1661 333 89 26 rege-

1020 362 117 38 ringen
1155 362 190 38 hänskjutit
1360 375 39 20 en
1415 363 83 32 tvist
1513 363 53 31 till
1584 365 60 32 den
1663 367 87 29 stän-

1020 404 79 38 diga
1119 404 380 38 förlikningsnämnden,
1519 406 55 30 må
1592 417 102 20 envar
1710 417 42 20 av

1020 449 167 35 parterna,
1211 447 54 31 för
1288 446 296 38 handläggningen
1611 458 42 20 av
1677 447 73 31 den-

1021 499 41 21 na
1093 488 92 38 tvist,
1217 492 125 28 ersätta
1372 488 62 33 den
1464 488 77 32 från
1572 488 73 33 dess
1678 488 72 33 sida

1021 529 77 34 fritt
1116 530 101 33 valda
1236 530 214 33 medlemmen
1469 530 74 33 med
1564 543 38 20 en
1621 543 128 27 person,

1020 583 68 21 som
1116 573 11 31 i
1154 573 61 34 den
1241 573 110 38 fråga,
1376 573 124 32 tvisten
1527 573 116 39 gäller,
1672 578 80 34 äger

1020 614 146 33 särskild
1187 614 231 39 sakkunskap.

1062 697 92 39 Part,
1192 709 68 21 som
1300 698 171 38 begagnar
1496 698 54 38 sig
1575 711 43 20 av
1645 699 105 32 denna

1019 742 77 36 rätt,
1137 739 89 33 skall
1266 739 114 33 därom
1409 744 119 35 genast
1554 741 196 32 underrätta

1019 785 202 35 motparten;
1254 782 12 32 i
1295 782 113 39 dylikt
1438 783 63 32 fall
1533 788 80 33 äger
1645 783 104 33 denna

1017 828 52 29 att
1086 824 87 33 inom
1193 825 127 32 femton
1338 825 106 38 dagar
1460 826 85 32 efter
1562 829 187 35 mottagan-

1018 867 55 31 det
1087 879 44 19 av
1149 867 103 32 sådan
1269 867 242 33 underrättelse
1526 868 152 38 begagna
1697 868 54 37 sig

1017 920 43 20 av
1078 920 126 22 samma
1223 909 173 38 rättighet.

1287 983 135 32 Artikel
1451 985 29 31 7.

1060 1032 73 33 Den
1179 1032 155 39 ständiga
1378 1033 370 38 förlikningsnämnden

1018 1073 88 33 skall
1132 1074 86 33 hava
1245 1075 55 32 till
1326 1075 143 38 uppgift
1494 1079 51 28 att
1568 1075 180 39 klarlägga

1019 1116 38 32 de
1095 1117 127 38 frågor,
1261 1129 50 19 om
1335 1117 94 32 vilka
1454 1118 293 38 meningsskiljak-

1016 1157 108 38 tighet
1151 1158 105 38 råder,
1285 1162 51 29 att
1358 1159 11 31 i
1397 1159 90 32 detta
1515 1160 92 37 syfte
1631 1171 116 26 genom

1016 1200 289 38 undersökningar
1325 1200 80 33 eller
1424 1202 43 37 på
1489 1205 104 28 annat
1612 1205 68 29 sätt
1699 1201 48 32 in-

1015 1243 173 33 förskaffa
1203 1244 69 32 alla
1287 1244 221 39 erforderliga
1524 1245 221 39 upplysning-

1013 1297 38 20 ar
1069 1286 60 32 och
1149 1289 50 29 att
1218 1286 81 32 söka
1319 1286 126 33 förlika
1464 1290 168 35 parterna.
1708 1299 38 20 Den

1015 1327 64 38 må,
1112 1327 86 32 efter
1225 1327 119 33 sakens
1378 1328 175 39 prövning,
1585 1329 55 31 för
1671 1340 75 27 par-

1013 1373 94 28 terna
1142 1370 193 38 framlägga
1371 1371 39 32 de
1434 1371 131 38 förslag
1587 1371 55 32 till
1667 1371 79 32 tvis-

1012 1414 73 29 tens
1137 1411 141 38 lösning,
1320 1412 61 32 den
1422 1412 111 32 finner
1571 1412 174 37 lämpliga,

1016 1456 153 29 ävensom
1192 1453 173 33 fastställa
1386 1465 39 21 en
1444 1453 61 38 tid,
1525 1453 88 33 inom
1633 1453 112 33 vilken

1014 1498 157 35 parterna
1193 1499 64 34 äga
1279 1498 51 30 att
1347 1495 109 33 uttala
1479 1495 64 39 sig.

1059 1536 68 34 Vid
1157 1537 197 33 avslutande
1385 1549 44 21 av
1457 1537 52 33 sin
1535 1536 212 34 verksamhet

1016 1578 88 32 skall
1128 1578 163 33 nämnden
1314 1582 161 36 upprätta
1500 1583 46 29 ett
1569 1579 176 39 protokoll,

1014 1620 73 31 vari
1120 1620 64 33 allt
1206 1621 86 32 efter
1314 1621 327 38 omständigheterna
1664 1622 81 31 fast-

1015 1662 68 32 slås
1130 1662 158 39 antingen
1336 1667 49 28 att
1431 1663 315 32 överenskommelse

1014 1704 162 38 uppnåtts
1193 1704 122 33 mellan
1334 1708 156 35 parterna
1509 1709 97 34 samt,
1624 1717 50 20 om
1691 1716 55 21 an-

1015 1746 135 40 ledning
1199 1747 116 32 därtill
1354 1746 192 40 föreligger,
1583 1747 163 33 villkoren

1016 1789 53 33 för
1107 1790 105 32 denna
1237 1790 327 38 överenskommelse,
1592 1790 81 33 eller
1696 1794 52 29 att

1014 1835 156 35 parterna
1192 1832 73 33 icke
1288 1832 130 33 kunnat
1440 1832 154 33 förlikas.

1060 1874 76 33 Med
1176 1874 128 33 mindre
1340 1878 158 34 parterna
1539 1875 209 32 annorlunda

1016 1915 278 39 överenskomma,
1335 1916 59 32 bör
1433 1916 179 33 nämndens
1652 1916 94 32 verk-

1016 1957 126 34 samhet
1164 1969 82 21 vara
1270 1958 158 32 avslutad
1453 1958 88 31 inom
1567 1970 39 20 en
1631 1957 49 33 tid
1704 1970 43 19 av

1016 2010 56 20 sex
1095 1999 166 37 månader,
1285 1999 123 33 räknat
1430 2000 77 32 från
1530 1999 61 33 den
1615 2000 66 37 dag
1704 1999 42 32 då

1014 2040 123 34 tvisten
1162 2040 280 39 anhängiggjorts
1460 2041 59 33 vid
1540 2041 175 33 nämnden.

1282 2157 135 33 Artikel
1444 2159 29 33 8.

1058 2207 76 34 Med
1157 2207 165 33 förbehåll
1347 2208 53 32 för
1424 2207 140 33 särskilt
1588 2207 156 39 stadgan-

1015 2249 39 33 de
1084 2261 43 20 av
1156 2249 188 33 avvikande
1375 2249 158 32 innebörd
1564 2249 88 33 skall
1683 2250 61 31 den

1014 2291 158 38 ständiga
1227 2291 369 40 «förlikningsnämnden
1622 2287 15 48 =
1658 2291 87 38 själv

1014 2333 173 33 fastställa
1230 2333 151 37 reglerna
1425 2333 54 32 för
1522 2333 220 38 förfarandet,

1014 2387 68 20 som
1106 2375 105 32 under
1232 2375 68 32 alla
1325 2375 233 32 förhållanden
1581 2375 60 32 bör
1662 2387 79 20 vara

1012 2416 315 33 kontradiktoriskt.
1378 2417 18 32 I
1424 2417 100 38 fråga
1549 2428 50 20 om
1627 2416 116 32 under-

1013 2458 182 39 sökningar
1221 2458 88 33 skall
1337 2459 172 38 nämnden,
1538 2458 117 33 såvida
1683 2458 61 32 den
