2188 2618
666 205 118 33 Andra
806 205 217 43 lagutskottets
1044 206 167 36 utlåtande
1232 208 53 34 Nr
1306 214 50 30 27.
1793 214 16 32 1

926 596 66 40 Nr
1021 596 77 41 27.

675 728 125 28 Ankom
824 729 49 28 till
896 730 188 37 riksdagens
1107 731 104 28 kansli
1235 732 61 27 den
1320 732 38 28 26
1382 733 81 36 april
1489 734 79 28 1920
1592 735 40 28 kl.
1660 736 37 28 10
1719 737 22 27 f.
1766 746 40 19 m.

525 819 196 38 Utlåtande
760 821 15 35 i
814 822 193 49 anledning
1051 836 44 23 av
1138 824 132 49 Kungl.
1312 826 128 48 Maj:ts
1471 828 226 47 proposition
1729 830 79 35 med

615 881 145 49 förslag
790 882 56 36 till
874 882 59 50 lag
962 896 55 23 om
1045 884 156 50 medling
1229 886 14 34 i
1269 886 234 37 arbetstvister
1529 901 46 22 m.
1605 902 45 22 m.

408 983 209 33 Närvarande;
639 986 109 28 herrar
770 995 63 20 von
850 987 164 36 Sneidern,
1028 997 62 20 von
1103 988 125 38 Sydow,
1238 999 62 19 von
1314 991 98 33 Koch,
1426 992 112 28 Alfred
1550 993 143 36 Petrén”,
1708 995 98 28 West-

641 1037 85 26 man,
749 1029 132 37 Boberg,
905 1030 125 35 Linder,
1054 1031 149 37 Sigfrid",
1227 1032 149 29 Carlsson
1403 1034 10 27 i
1437 1034 183 36 Frosterud,
1643 1036 129 29 Nilsson
1795 1038 10 27 i

641 1071 170 35 Vibberbo,
834 1072 148 37 Hagman
995 1074 10 26 i
1019 1073 193 36 Stockholm,
1236 1075 181 29 Johansson
1440 1077 10 27 i
1467 1077 163 35 Sollefteå,
1644 1072 161 42 Ödström,

641 1113 164 29 Johanson
829 1115 10 26 i
863 1114 202 29 Stockholm"
1088 1117 57 27 och
1170 1117 159 29 Svensson
1353 1119 10 27 i
1387 1119 251 37 Kompersmåla.

312 1192 16 18 =
346 1193 32 31 Ej
399 1195 178 24 närvarande
597 1196 48 24 vid
664 1196 177 25 utlåtandets
858 1197 152 33 justering.

311 1331 146 37 Genom
499 1346 46 23 en
587 1333 72 37 den
703 1335 48 35 20
783 1334 162 37 februari
977 1338 98 35 1920
1104 1336 237 50 dagtecknad
1368 1340 247 50 proposition,
1643 1355 45 23 nr
1719 1344 84 46 155,

207 1382 124 37 vilken
372 1383 192 38 hänvisats
606 1385 55 36 till
703 1386 210 48 lagutskott
954 1388 69 36 och
1065 1388 221 38 behandlats
1323 1404 47 23 av
1397 1392 118 37 andra
1542 1393 261 49 lagutskottet,

207 1433 67 37 har
301 1434 140 50 Kungl.
470 1436 119 49 Maj:t,
619 1437 117 37 under
763 1438 236 50 åberopande
1027 1454 46 22 av
1101 1442 282 48 propositionen
1399 1443 404 50 bilagda,
1571 1429 14 68 i
1605 1443 198 50 statsrådet

207 1486 70 36 och
313 1487 171 48 lagrådet
521 1488 106 37 förda
655 1490 200 49 protokoll,
885 1491 192 50 föreslagit
1104 1494 204 48 riksdagen
1336 1500 55 32 att
1418 1503 141 42 antaga
1587 1497 66 36 här
1680 1499 122 36 nedan

206 1538 146 37 införda
380 1539 142 50 förslag
550 1541 56 35 till
1059 1544 3 3 |

311 1590 35 49 1)
374 1591 64 49 lag
465 1605 61 23 om
553 1592 170 50 medling
749 1594 13 36 i
789 1593 272 51 arbetstvister,

308 1643 38 48 2)
374 1643 63 49 lag
464 1657 62 24 om
554 1646 144 46 central
726 1645 249 50 skiljenämnd
1003 1648 59 36 för
1088 1649 100 37 vissa
1216 1649 258 40 arbetstvister
1501 1658 98 31 samt

309 1694 36 49 3)
373 1695 64 48 lag
464 1709 60 23 om
553 1697 184 36 särskilda
763 1698 264 50 skiljedomare
1055 1700 11 36 i
1096 1701 266 38 arbetstvister.

307 1797 237 39 Beträffande
584 1800 217 48 grunderna
842 1801 58 37 för
933 1803 285 48 ifrågavarande
1246 1805 208 50 lagförslag
1481 1807 58 37 får
1566 1808 193 49 utskottet,
1788 1809 12 37 i

205 1848 70 38 den
316 1852 85 34 mån
443 1851 33 49 ej
518 1852 239 48 redogörelse
798 1853 127 37 därför
965 1854 68 37 här
1059 1856 122 36 nedan
1210 1857 156 49 lämnas,
1395 1858 158 38 hänvisa
1581 1860 56 36 till
1664 1874 136 36 propo-

204 1901 169 37 sitionen.

306 2004 71 38 Vid
419 2006 172 38 ärendets
633 2008 271 50 föredragning
944 2011 10 35 i
997 2011 200 38 statsrådet
1233 2012 67 37 har
1328 2013 274 50 föredragande
1630 2015 169 50 departe-

203 2058 254 36 mentschefen
499 2059 152 48 erinrat,
693 2060 177 37 hurusom
905 2061 294 50 socialstyrelsen
1230 2064 84 38 med
1343 2071 52 30 ett
1423 2066 71 36 den
1526 2068 45 34 13
1596 2067 72 48 juli
1700 2070 97 35 1916

204 2109 226 49 dagtecknat
466 2110 193 38 utlåtande
687 2114 123 34 såsom
838 2113 154 36 resultat
1020 2127 45 23 av
1094 2128 45 23 en
1168 2116 183 48 styrelsen
1380 2117 187 36 anbefalld
1596 2118 203 50 utredning

203 2160 193 48 angående
437 2161 187 37 huruvida
665 2163 70 36 och
764 2164 9 35 i
803 2163 73 36 vad
904 2167 85 34 mån
1019 2166 183 48 åtgärder,
1232 2168 150 36 särskilt
1409 2171 49 46 på
1485 2169 313 49 lagstiftningens

203 2217 86 44 väg,
328 2212 124 36 kunde
493 2214 278 37 åstadkommas
800 2215 11 36 i
840 2216 99 48 syfte
968 2222 53 30 att
1048 2220 48 45 på
1125 2218 189 37 verksamt
1342 2225 74 30 sätt
1444 2219 183 50 befrämja
1655 2222 142 37 arbets-

204 2264 140 47 freden,
373 2264 177 49 framlagt
580 2271 53 30 ett
663 2266 143 48 förslag
834 2267 55 35 till
916 2268 64 48 lag
1008 2281 59 23 om
1097 2269 102 37 vissa
1226 2270 174 47 åtgärder
1427 2272 56 36 till
1513 2272 208 49 främjande
1750 2287 46 23 av

202 2316 218 47 arbetsfred,
461 2317 243 48 upptagande
732 2317 79 38 dels
841 2319 100 36 vissa
972 2320 277 38 bestämmelser
1277 2335 59 23 om
1367 2322 224 38 arbetsavtal
1620 2325 69 36 och
1717 2326 79 36 kol-

248 2377 111 36 Bihang
373 2378 44 28 till
437 2378 161 36 riksdagens
615 2380 138 34 protokoll
771 2380 85 28 1920.
893 2382 17 26 9
923 2381 81 28 saml.
1040 2384 20 26 2
1072 2382 63 29 avd.
1176 2384 36 28 17
1227 2384 72 35 häft.
1330 2384 60 32 (Nr
1412 2386 150 30 27-28).
1622 2394 91 18 130520
1740 2388 10 27 1

1854 2030 131 25 Utskottet.
