1898 2826
451 164 113 38 Tredje
583 165 217 37 lagutskottets
819 166 160 33 utlåtande
997 178 37 21 nr
1051 168 43 30 23
1114 168 35 31 år
1168 170 87 31 1970
1580 180 17 26 7

160 243 62 30 Vid
240 243 87 31 detta
347 245 133 31 ärendes
500 245 190 40 behandling
710 247 58 32 har
787 249 149 31 närvarit:

155 305 72 32 från
258 306 156 31 första
445 308 195 32 kammaren:
663 310 108 32 herrar
792 311 110 32 Göran
921 313 154 31 Karlsson
1097 314 51 37 (s),
1171 315 116 31 Svante
1307 316 215 31 Kristiansson
1543 316 52 38 (8),

111 348 149 34 Åkesson
277 352 71 39 (fp),
367 353 88 31 Knut
470 353 180 32 Johansson
667 355 74 38 (s)",
758 356 90 32 Ebbe
866 357 139 32 Ohlsson
1024 358 69 38 (m),
1110 359 158 32 Nils-Eric
1286 360 192 33 Gustafsson
1495 362 100 40 (cp)",

111 395 113 31 Ernulf
242 396 61 40 (fp)
322 398 61 30 och
401 398 50 31 fru
470 399 169 41 Landberg
657 400 54 38 (s);

155 466 70 31 från
257 468 140 31 andra
429 469 195 34 kammaren:
648 472 107 31 herrar
777 473 149 32 Grebäck
949 475 76 40 (cp),
1047 475 151 32 Sundelin
1219 477 52 37 (s),
1293 477 113 31 fröken
1426 479 171 31 Anderson

111 512 51 38 (s),
180 514 109 31 herrar
304 516 240 32 Wachtmeister
562 518 68 37 (m),
648 518 161 32 Johnsson
825 520 10 30 i
850 520 151 41 Blentarp
1019 521 51 38 (s),
1090 522 118 31 Olsson
1225 523 9 30 i
1251 523 107 32 Timrå
1376 524 51 37 (s),
1446 524 147 31 Josefson

110 557 9 30 i
135 559 92 31 Arrie
242 559 65 40 (cp)
324 561 61 30 och
401 561 138 40 Sellgren
555 562 70 40 (fp).

113 649 14 15 >
149 648 30 32 Ej
196 650 169 26 närvarande
382 650 44 27 vid
441 651 165 28 utlåtandets
621 653 137 33 justering.

743 872 209 32 Reservation

153 965 39 22 av
213 956 108 32 herrar
341 959 114 36 Ernulf
477 960 60 39 (fp)
560 961 62 30 och
641 962 139 37 Sellgren
801 963 72 40 (fp),
895 964 84 30 vilka
999 970 101 26 ansett

150 1011 68 31 dels
238 1017 44 26 att
301 1014 151 30 utskottet
472 1015 72 30 bort
564 1015 112 32 anföra
694 1017 149 40 följande.

149 1065 106 40 Enligt
269 1066 238 33 bestämmelser
526 1069 4 30 i
543 1088 45 3 —
601 1088 45 4 —
658 1089 46 3 —
716 1071 66 31 lika
796 1072 70 30 med
883 1073 151 31 utskottet
1047 1092 45 3 —
1105 1093 45 3 —
1163 1093 45 4 —
1222 1075 79 31 skall
1317 1076 157 31 anordnas
1489 1087 41 20 m.
1546 1087 40 20 m.

151 1119 186 32 Kontrollen
355 1130 38 21 av
408 1140 45 4 —
468 1141 45 3 —
528 1141 46 4 —
588 1123 66 31 lika
670 1125 72 30 med
759 1126 152 30 utskottet
925 1145 46 4 —
986 1146 45 3 —
1046 1146 45 3 —
1107 1128 114 31 hindra
1236 1129 126 31 fortsatt
1378 1130 79 31 färd.

149 1172 14 30 I
182 1173 199 32 motionerna
399 1193 45 4 —
461 1194 45 4 —
523 1195 45 3 —
585 1177 65 31 lika
668 1178 72 30 med
759 1179 151 31 utskottet
927 1199 46 3 —
990 1199 45 4 —
1052 1200 45 3 —
1114 1181 115 32 fordon
1249 1182 105 41 belagt
1371 1184 74 31 med
1463 1184 124 31 körför-

104 1225 72 32 bud.

149 1279 162 32 Motioner
331 1282 74 29 med
424 1282 149 31 liknande
597 1275 34 54 -—
654 1302 31 4 —
708 1304 31 4 —
759 1304 28 3 —
822 1285 64 31 lika
904 1288 74 30 med
996 1287 151 32 utskottet
1184 1308 27 4 —
1231 1308 28 4 —
1282 1308 28 4 —
1333 1309 27 4 —
1396 1292 10 29 i
1425 1292 70 30 dess
1514 1288 74 48 regi.

104 1334 164 41 Samtidigt
283 1335 58 32 har
355 1337 152 31 utskottet
522 1339 112 31 uttalat
649 1340 46 39 sig
709 1340 52 31 för
775 1359 45 4 —
834 1360 45 4 —
893 1360 46 4 —
954 1342 64 31 lika
1032 1343 73 31 med
1122 1344 152 32 utskottet
1288 1364 46 3 —
1348 1365 45 3 —
1408 1365 45 3 —
1469 1356 117 22 samar-

101 1388 85 31 betet
201 1390 74 30 med
291 1390 175 32 tullverket.

144 1442 63 31 För
232 1447 45 26 att
300 1443 52 31 det
376 1444 133 32 sålunda
532 1447 169 39 planerade
726 1449 190 31 samarbetet
939 1450 80 31 skall
1042 1451 44 30 bli
1108 1451 145 32 effektivt
1276 1453 101 31 måste
1401 1455 183 37 emellertid,

100 1504 69 22 som
186 1497 236 32 motionärerna
438 1499 191 39 framhåller,
648 1501 112 32 tullens
778 1502 190 40 tjänstemän
983 1504 34 32 få
1033 1504 190 41 befogenhet
1241 1511 44 27 att
1301 1507 127 32 utfärda
1443 1509 142 40 proviso-

100 1549 77 31 riskt
193 1551 185 32 körförbud.
398 1553 95 31 Detta
508 1554 60 30 bör
584 1555 82 39 gälla
681 1556 47 29 till
744 1556 72 31 dess
832 1557 81 39 polis
930 1558 112 31 hunnit
1058 1559 131 31 komma
1205 1561 150 31 tillstädes
1373 1562 61 30 och
1451 1567 33 27 ta
1501 1563 84 31 ställ-

98 1603 75 40 ning
189 1604 45 30 till
250 1605 85 30 vilka
351 1605 145 40 åtgärder
511 1617 70 21 som
598 1608 166 32 erfordras.
783 1611 314 41 Förutsättningarna
1113 1613 50 31 för
1180 1618 43 26 att
1239 1615 248 39 tulltjänsteman
1505 1617 79 31 skall

98 1657 109 31 kunna
224 1659 147 31 meddela
389 1661 208 38 provisoriskt
614 1662 177 32 körförbud
809 1664 59 31 bör
886 1675 76 21 vara
981 1666 163 32 desamma
1163 1677 69 22 som
1251 1668 123 32 fordras
1394 1670 51 31 för
1464 1675 44 27 att
1522 1667 61 49 po-

97 1711 114 31 lisman
234 1717 76 26 utan
334 1714 124 31 särskilt
480 1714 217 33 förordnande
721 1717 81 31 skall
826 1719 58 39 äga
906 1719 150 40 förbjuda
1080 1721 222 32 användandet
1326 1733 38 21 av
1389 1728 43 27 ett
1455 1725 125 31 fordon.

96 1764 68 31 När
185 1766 208 38 provisoriskt
416 1767 176 32 körförbud
616 1770 174 31 meddelats
815 1780 37 21 av
877 1773 247 38 tulltjänsteman
1147 1774 58 31 bör
1229 1777 139 30 närmast
1392 1773 191 49 tillgängliga

96 1818 158 39 polisman
276 1820 198 33 underrättas
499 1821 35 32 så
557 1827 86 26 snart
667 1824 55 30 ske
745 1824 71 31 kan.
842 1825 215 41 Erforderliga
1078 1827 196 33 föreskrifter
1298 1840 53 21 om
1375 1831 207 40 provisoriskt

96 1871 185 39 körförbud,
304 1874 160 31 meddelat
486 1885 39 21 av
545 1876 256 40 tulltjänsteman,
825 1879 61 30 och
908 1880 225 32 underrättelse
1155 1882 112 31 härom
1289 1884 46 30 till
1355 1881 226 49 polismyndig-

96 1925 53 31 het
168 1926 75 31 eller
260 1927 158 39 polisman
437 1928 59 31 bör
514 1929 141 32 utfärdas
676 1940 37 21 av
733 1932 113 40 Kungl.
868 1933 103 39 Maj:t.

140 2006 68 31 dels
226 2011 44 27 att
287 2008 152 31 utskottet
456 2009 72 32 bort
545 2010 167 33 hemställa

459 2068 44 26 att
524 2064 168 40 riksdagen
714 2066 75 31 med
810 2066 89 32 bifall
922 2068 45 30 till
990 2069 199 32 motionerna
1210 2072 25 30 I:
1252 2072 63 31 325
1340 2074 61 30 och
1423 2074 42 31 II:
1482 2075 61 30 351
1569 2075 10 30 i

413 2117 148 31 skrivelse
584 2118 47 30 till
652 2119 114 40 Kungl.
791 2121 95 39 Maj:t
909 2122 141 32 anhåller
1072 2133 53 21 om
1148 2124 100 32 sådan
1271 2126 132 41 ändring
1424 2128 10 30 i
1457 2130 122 38 vägtra-

412 2170 273 42 fikförordningen
704 2177 43 26 att
763 2174 248 39 tulltjänsteman
1027 2176 50 32 får
1093 2177 191 41 befogenhet
1302 2185 44 26 att
1362 2181 127 32 utfärda
1505 2193 73 30 pro-

411 2224 147 31 visoriskt
580 2226 176 31 körförbud
778 2227 50 31 för
849 2228 71 31 från
942 2230 142 31 utlandet
1106 2231 225 33 inkommande
1353 2234 118 32 fordon
1492 2237 11 30 i
1524 2247 54 20 en-

412 2278 96 39 lighet
523 2279 74 31 med
612 2280 61 30 vad
690 2289 67 22 som
776 2290 93 31 anges
886 2282 10 30 i
912 2283 206 33 motionerna.
