2230 2620
439 158 61 32 110
664 158 357 42 Bevillningsulskottets
1045 158 194 32 betänkande
1261 158 54 31 Nr
1336 159 52 31 28.
1434 158 290 33 Reservationer.

395 239 60 33 må
495 236 31 49 ej
571 236 138 47 börjas,
751 236 124 36 förrän
915 236 222 49 besiktning
1177 239 21 34 å
1239 236 72 37 den
1352 236 189 48 lägenhet,
1585 237 66 35 där
1690 237 166 35 rörelsen
1899 236 93 37 skall

394 288 138 48 drivas,
574 288 139 46 hållits,
742 287 11 36 i
782 288 82 36 stad
906 301 46 23 av
995 287 213 37 stadsfiskal
1250 288 70 36 och
1349 288 11 35 i
1388 292 117 31 annat
1546 288 181 36 samhälle
1768 301 47 23 av
1857 288 135 37 krono-

389 340 151 58 betjänt
554 340 120 49 jämte
693 342 64 34 två
775 351 192 46 personer,
987 339 202 48 utsedda,
1184 335 22 67 i
1213 339 220 37 Stockholm
1449 352 47 22 av
1512 339 480 48 överståthållareämbetet,

395 392 11 36 i
446 404 125 24 annan
617 391 83 37 stad
746 405 47 22 av
838 391 250 49 magistraten
1129 391 69 36 och
1240 392 11 35 i
1293 391 144 49 köping
1478 391 90 36 eller
1608 369 385 70 municipalsamhälle

395 455 47 24 av
483 443 413 36 kommunalnämnden
937 443 92 36 eller
1056 443 265 36 motsvarande
1348 442 238 49 myndighet,
1615 448 95 31 samt
1738 442 255 49 besiktnings-

396 500 164 31 männen
592 495 166 36 utfärdat
785 494 105 37 bevis
919 495 141 47 därom,
1090 499 56 32 att
1172 495 226 48 lägenheten
1427 499 41 31 är
1497 494 59 35 för
1584 494 213 37 ändamålet
1824 494 167 49 lämplig.

524 546 175 37 Kostnad
746 547 58 35 för
843 546 268 49 besiktningen
1153 546 132 49 gäldas
1327 559 46 23 av
1414 546 185 36 rörelsens
1640 546 228 36 innehavare
1909 546 84 36 med

395 599 148 49 belopp,
574 611 80 23 som
683 598 223 37 bestämmes
935 612 47 22 av
1011 598 235 49 Konungens
1275 597 415 49 befallningshavande.

1154 686 20 34 6
1204 684 32 50 &.

528 756 31 33 1.
616 754 273 48 Utskänkning
922 767 46 22 av
997 754 12 36 i
1037 753 123 37 denna
1192 752 226 49 förordning
1446 752 165 37 avsedda
1638 753 159 49 drycker
1827 755 61 34 må
1914 753 82 37 icke

396 810 73 44 äga
507 819 84 23 rum
633 818 131 24 senare
791 808 20 33 å
840 806 76 48 dag
957 810 47 32 än
1033 805 161 37 klockan
1223 805 52 36 tio
1303 808 48 45 på
1379 805 174 44 aftonen;
1584 804 146 49 ägande
1758 805 236 48 Konungens

396 857 406 49 befallningshavande
843 862 64 42 att,
950 857 67 37 där
1058 857 183 36 särskilda
1282 856 326 49 omständigheter
1649 856 193 36 föranleda
1872 856 122 37 behov

396 923 46 22 av
470 908 407 49 utskänkningstidens
908 909 282 58 inskränkning
1221 909 91 36 eller
1338 908 277 64 utsträckning,
1648 908 128 36 därom
1806 908 186 36 förordna.

526 961 81 36 Vad
636 961 67 36 här
731 966 40 31 är
799 967 86 43 sagt
911 966 71 43 äge
1010 961 33 49 ej
1074 960 245 50 tillämpning
1347 963 20 33 å
1393 960 274 49 utskänkning,
1697 972 79 24 som
1802 965 92 43 äger
1912 973 81 23 rum

396 1013 124 48 enligt
547 1015 24 34 4
599 1012 21 50 &
648 1012 91 37 eller
767 1015 20 34 å
815 1013 263 49 skjutsanstalt
1107 1012 56 36 till
1190 1011 171 37 resande.

526 1067 33 34 2.
616 1063 69 38 Om
728 1064 260 49 utskänkning
1028 1067 48 47 på
1119 1063 123 49 grund
1285 1077 46 22 av
1360 1063 173 37 anmälan
1563 1063 87 37 eller
1677 1063 169 36 tillstånd
1875 1063 119 49 enligt

397 1120 21 33 3
454 1116 21 49 &
515 1116 120 48 idkas,
678 1129 89 23 vare
808 1116 63 37 det
910 1116 194 49 förbjudet
1144 1121 54 31 att
1238 1115 76 36 låta
1355 1115 266 49 spritdrycker,
1663 1115 63 36 vin
1767 1115 91 36 eller
1898 1115 35 36 öl
1975 1118 20 33 å

395 1167 409 48 utskänkningsstället
831 1168 170 47 förtäras,
1032 1172 177 32 ävensom
1239 1173 54 30 att
1321 1166 97 37 hava
1445 1167 141 36 sådana
1614 1166 159 50 drycker
1796 1166 198 37 förvarade

397 1222 20 34 å
444 1219 406 49 utskänkningsstället
890 1219 90 37 eller
1021 1219 109 50 eljest
1170 1222 48 46 på
1252 1219 134 36 sådant
1414 1223 86 43 sätt,
1532 1223 54 32 att
1614 1223 177 44 gästerna
1819 1222 74 45 äga
1920 1218 74 36 till-

395 1274 106 47 gång
526 1271 57 37 till
610 1271 205 37 desamma.

1159 1356 80 51 78.

524 1426 73 38 Vid
639 1427 48 36 all
730 1426 226 50 försäljning
984 1440 47 23 av
1059 1427 124 49 lagrat
1211 1427 129 36 dricka
1369 1426 69 37 och
1466 1425 238 49 svagdricka,
1733 1439 90 23 vare
1851 1426 61 49 sig
1939 1426 56 37 till

396 1479 187 48 förtäring
610 1481 49 47 på
687 1478 124 37 stället
838 1479 89 36 eller
955 1478 234 47 annorledes,
1218 1478 96 37 skall
1342 1478 206 49 iakttagas:

526 1536 55 30 att
621 1530 147 37 drickat
808 1531 32 48 ej
886 1532 60 34 må
986 1533 48 47 på
1077 1530 375 49 försäljningsstället
1497 1530 169 36 förvaras
1693 1532 47 47 på
1769 1530 119 36 andra
1915 1530 81 36 kärl

397 1587 47 32 än
486 1582 96 48 dem,
612 1585 21 34 å
660 1582 103 37 vilka
804 1582 61 36 det
906 1583 206 35 utlämnats
1154 1582 82 36 från
1278 1582 235 49 bryggeriet,
1550 1582 33 49 ej
1614 1581 117 36 heller
1760 1595 47 22 av
1836 1582 159 49 säljaren

397 1634 186 50 påspädas
611 1635 90 36 eller
728 1637 49 46 på
804 1639 114 31 annat
945 1638 76 32 sätt
1049 1633 167 49 beredas,

526 1692 56 30 att
623 1686 147 36 drickat
810 1686 32 49 ej
886 1688 59 34 må
985 1699 92 23 vara
1119 1686 133 37 försatt
1293 1686 84 36 med
1419 1688 119 46 något
1582 1685 58 36 för
1668 1685 131 36 hälsan
1828 1685 168 49 skadligt

397 1743 109 32 ämne
534 1738 92 37 eller
654 1738 85 36 med
768 1738 182 47 sackarin,
980 1742 99 32 samt

526 1794 57 32 att
625 1792 49 47 på
715 1789 373 50 försäljningsstället
1130 1790 32 49 ej
1206 1791 60 34 må
1306 1789 121 36 finnas
1456 1788 235 50 hembryggt
1717 1789 125 49 lagrat
1870 1789 126 37 dricka

398 1840 88 38 eller
514 1841 237 50 svagdricka.

526 1893 83 37 Vad
638 1894 12 35 i
679 1893 121 37 denna
836 1893 184 49 paragraf
1054 1893 155 49 stadgas
1238 1893 95 36 skall
1361 1897 73 44 äga
1462 1893 265 36 motsvarande
1755 1893 241 49 tillämpning

400 1945 62 37 vid
492 1944 230 49 försäljning
750 1958 47 23 av
825 1945 225 36 alkoholfria
1080 1945 263 49 maltdrycker.

1156 2034 22 34 8
1206 2031 32 49 8

531 2103 31 34 1.
619 2101 248 36 Förekomma
907 2103 21 33 å
969 2100 369 50 försäljningsställe,
1380 2101 66 36 där
1486 2103 49 46 på
1577 2100 122 48 grund
1743 2114 46 22 av
1823 2101 172 35 anmälan

399 2153 91 36 eller
531 2152 167 37 tillstånd
740 2152 119 49 enligt
893 2154 21 34 3
1000 2152 260 49 utskänkning
1287 2152 119 47 idkas,
1435 2152 243 48 oordningar,
1707 2152 89 36 eller
1824 2152 172 36 bedrives

400 2204 195 36 därstädes
637 2204 224 49 osedlighet,
903 2208 71 45 äge
1002 2204 248 49 magistraten
1278 2204 92 36 eller
1391 2204 410 36 kommunalnämnden
1822 2203 175 49 förbjuda

399 2256 188 37 rörelsens
628 2255 229 38 innehavare
901 2261 52 31 att
992 2256 86 36 med
1121 2256 272 49 försäljningen
1436 2256 184 36 fortsätta.
1675 2255 166 38 Beslutet
1869 2255 126 37 därom
