2246 2628
692 148 361 42 Bevillningsutskottets
1076 148 196 32 betänkande
1298 149 51 31 Nr
1372 149 52 31 28.
1770 149 41 30 49

383 225 121 37 Innan
546 226 106 36 bevis
694 239 60 23 om
785 225 264 48 besiktningen
1078 227 199 46 utfärdats,
1309 229 59 33 må
1396 226 226 49 försäljning
1650 227 31 47 ej
1715 226 139 49 börjas.

384 276 82 37 Vad
495 278 10 36 i
534 278 124 36 denna
685 277 20 49 $
735 282 41 31 är
817 278 153 48 stadgat
1011 278 121 48 gäller
1168 278 157 49 jämväl,
1369 278 46 36 då
1456 292 51 35 ny
1539 279 181 48 rättighet
1754 278 103 36 med-

251 328 107 36 delas
387 334 54 31 att
468 334 133 31 utövas
622 330 10 35 i
653 329 189 48 lägenhet,
872 343 80 23 som
974 329 101 37 förut
1095 331 98 35 varit
1213 329 150 37 använd
1384 343 80 23 som
1487 330 367 48 försäljningsställe.

383 380 170 37 Kostnad
596 381 57 35 för
695 381 219 47 besiktning
954 381 134 48 gäldas
1126 395 46 22 av
1200 381 359 36 tillståndshavaren
1589 381 84 36 med
1705 381 150 49 belopp,

251 444 82 23 som
363 431 226 37 bestämmes
619 445 46 22 av
693 432 239 48 Konungens
962 432 416 48 befallningshavande.

998 553 47 34 86
1075 550 34 51 8.

383 639 30 33 1.
470 636 71 37 Om
580 637 165 36 tillstånd
782 637 205 36 meddelats
1016 637 55 36 till
1101 637 230 49 försäljning
1359 640 20 33 å
1406 636 157 49 angivet
1592 637 264 49 försäljnings-

252 688 123 48 ställe,
417 690 61 33 må
519 688 153 49 ombyte
709 702 48 22 av
785 689 134 36 sådant
942 689 36 48 ej
1010 689 78 47 ske,
1118 689 86 36 med
1233 688 146 37 mindre
1407 688 74 37 den
1510 688 235 50 myndighet,
1775 702 81 23 som

252 739 189 37 meddelat
481 740 217 46 tillståndet,
742 740 123 37 därtill
905 741 108 47 giver
1041 741 66 36 sitt
1135 740 121 46 bifall;
1286 740 180 37 skolande
1494 740 261 36 dessförinnan
1783 740 74 36 till-

253 792 87 36 fälle
382 797 54 30 att
479 796 100 45 yttra
619 792 62 48 sig
707 792 13 36 i
748 792 153 36 ärendet
940 792 145 36 lämnas
1126 805 144 23 samma
1311 791 279 50 myndigheter,
1633 805 81 23 som
1747 792 110 36 blivit

253 843 120 36 hörda
401 848 91 31 över
521 843 262 48 ansökningen
812 857 61 23 om
901 843 288 49 ifrågavarande
1217 843 442 49 försäljningsrättighet.

384 897 33 33 2.
474 894 70 37 Om
586 895 126 36 beslut
752 895 122 49 enligt
913 897 18 34 1
962 908 111 23 mom.
1117 895 168 36 meddele
1327 895 237 48 Konungens
1606 895 249 49 befallnings-

252 946 174 36 havande
467 946 268 36 underrättelse
776 946 56 36 till
874 946 96 46 dem,
1004 959 81 23 som
1114 947 121 47 enligt
1264 948 47 34 28
1340 945 21 49 $
1389 948 21 34 2
1440 959 111 23 mom.
1582 946 105 36 skola
1715 947 142 36 erhålla

253 997 245 37 meddelande
527 1010 60 23 om
615 997 158 49 beviljat
800 997 180 37 tillstånd.

383 1051 33 34 3.
473 1048 93 37 Sker
607 1049 153 49 ombyte
802 1063 46 23 av
889 1049 369 49 försäljningsställe,
1302 1062 82 24 som
1422 1050 11 35 i
1471 1051 47 35 23
1548 1049 21 49 8
1598 1062 119 34 avses,
1760 1049 96 36 skall

251 1100 131 37 därom
426 1101 175 36 anmälan
643 1101 66 36 ske
751 1101 70 37 och
861 1101 275 37 underrättelse
1172 1101 190 36 meddelas
1390 1101 12 36 i
1431 1101 169 49 enlighet
1629 1101 84 37 med
1743 1101 73 36 vad
1844 1102 12 35 i

251 1152 167 37 nämnda
444 1152 20 50 $
493 1152 70 37 och
593 1154 47 35 28
669 1152 21 50 &
720 1154 21 35 3
769 1166 113 23 mom.
913 1153 165 49 stadgas.

999 1275 45 35 87
1076 1273 31 49 &.

387 1361 29 33 1.
472 1358 107 37 Inom
621 1359 89 36 eller
750 1359 234 37 omedelbart
1021 1359 103 37 invid
1153 1359 303 48 kasernområde,
1486 1361 106 48 läger
1619 1360 91 37 eller
1741 1367 114 30 annat

252 1410 164 47 område,
458 1423 80 23 som
579 1410 112 37 blivit
718 1411 60 36 för
805 1411 283 49 krigsmaktens
1115 1411 124 37 behov
1267 1412 182 49 upplåtet,
1477 1424 90 24 vare
1595 1411 260 49 detaljhandel

252 1462 85 37 med
366 1461 225 50 rusdrycker
620 1462 211 49 förbjuden.

383 1516 33 34 2.
472 1513 73 37 Vid
575 1514 193 49 offentligt
796 1514 199 51 skådespel
1024 1515 89 36 eller
1140 1515 172 47 varieté-,
1333 1515 140 36 cirkus-
1494 1515 90 37 eller
1604 1528 124 24 annan
1748 1515 106 50 dylik

252 1565 264 49 föreställning
556 1566 101 47 eller,
701 1566 84 36 med
826 1567 197 48 undantag
1066 1580 45 23 av
1151 1567 167 48 konsert,
1361 1567 63 36 vid
1461 1567 127 37 vilken
1616 1567 240 37 uteslutande

251 1618 145 36 utföres
440 1617 406 48 instrumentalmusik,
892 1618 105 48 varje
1044 1632 123 23 annan
1208 1619 276 49 föreställning,
1523 1619 57 36 till
1620 1618 128 39 vilken
1789 1620 67 35 all-

251 1669 202 37 mänheten
494 1670 69 35 har
597 1670 175 47 tillträde,
806 1670 91 36 eller
923 1670 65 37 vid
1017 1670 176 48 offentlig
1221 1670 336 50 danstillställning
1584 1673 61 34 må
1671 1671 184 37 utskänk-

250 1721 97 49 ning
387 1734 48 23 av
475 1721 228 49 rusdrycker
744 1722 83 36 icke
868 1722 66 36 ske
960 1722 13 36 i
1001 1722 100 36 lokal
1138 1722 90 36 eller
1257 1725 20 33 å
1305 1723 111 48 plats,
1454 1722 165 37 därifrån
1656 1726 41 32 är
1733 1723 122 36 utsikt

251 1772 56 37 till
350 1772 243 37 skådebanan
634 1773 90 37 eller
750 1774 56 35 till
834 1787 126 22 annan
987 1774 114 49 plats,
1130 1774 67 36 där
1226 1774 313 49 föreställningen
1566 1775 90 35 eller
1684 1774 170 37 danstill-

250 1824 235 49 ställningen
525 1829 91 45 äger
656 1838 100 32 rum;
799 1825 97 37 dock
937 1829 60 33 må
1039 1825 239 49 Konungens
1320 1825 405 49 befallningshavande
1758 1826 96 38 efter

251 1876 269 49 magistratens
556 1876 71 37 och
655 1877 429 36 kommunalnämndens
1113 1877 168 37 hörande
1309 1877 59 37 för
1396 1878 151 36 särskilt
1575 1878 146 37 tillfälle
1752 1878 101 36 med-

251 1928 91 48 giva
369 1928 198 49 undantag
593 1928 85 37 från
707 1929 62 36 det
797 1929 155 36 sålunda
980 1929 220 37 meddelade
1229 1928 147 38 förbud.

1001 2052 47 35 88
1076 2049 32 50 8.

383 2137 32 34 1.
470 2135 286 51 Utminutering
796 2150 45 22 av
878 2137 227 49 rusdrycker
1132 2140 61 33 må
1221 2142 74 43 äga
1322 2151 83 23 rum
1434 2137 133 37 endast
1594 2137 261 50 söckendagar

249 2187 121 37 under
398 2187 112 49 högst
538 2190 76 34 åtta
642 2188 163 48 timmar,
833 2188 97 37 dock
957 2189 32 49 ej
1021 2188 79 37 före
1128 2188 161 38 klockan
1319 2191 21 35 9
1365 2189 265 49 förmiddagen
1650 2189 89 37 eller
1758 2190 97 36 efter

250 2238 161 37 klockan
440 2241 21 34 6
491 2239 311 50 eftermiddagen.

340 2298 128 44 Bihang
491 2300 48 32 till
563 2300 187 43 riksdagens
767 2301 160 41 protokoll
950 2302 94 31 1915.
1092 2303 20 30 7
1134 2302 89 32 saml.
1270 2302 43 32 23
1337 2301 77 41 häft.
1459 2301 69 42 (Nr
1550 2302 66 35 28.)
1791 2302 18 31 7
