<?xml version="1.0" encoding="UTF-8"?>
<alto xmlns="http://www.loc.gov/standards/alto/ns-v3#" xmlns:xlink="http://www.w3.org/1999/xlink" xmlns:xsi="http://www.w3.org/2001/XMLSchema-instance" xsi:schemaLocation="http://www.loc.gov/standards/alto/ns-v3# http://www.loc.gov/alto/v3/alto-3-0.xsd">
	<Description>
		<MeasurementUnit>pixel</MeasurementUnit>
		<sourceImageInformation>
			<fileName>/tmp/tess_mokgar5v_input.PNG</fileName>
		</sourceImageInformation>
		<OCRProcessing ID="OCR_0">
			<ocrProcessingStep>
				<processingSoftware>
					<softwareName>tesseract 5.3.0</softwareName>
				</processingSoftware>
			</ocrProcessingStep>
		</OCRProcessing>
	</Description>
	<Layout>
		<Page WIDTH="2236" HEIGHT="2618" PHYSICAL_IMG_NR="0" ID="page_0">
			<PrintSpace HPOS="0" VPOS="0" WIDTH="2236" HEIGHT="2618">
				<ComposedBlock ID="cblock_0" HPOS="420" VPOS="142" WIDTH="1108" HEIGHT="112">
					<TextBlock ID="block_0" HPOS="420" VPOS="142" WIDTH="1108" HEIGHT="112">
						<TextLine ID="line_0" HPOS="420" VPOS="142" WIDTH="1108" HEIGHT="46">
							<String ID="string_0" HPOS="420" VPOS="154" WIDTH="40" HEIGHT="30" WC="0.96" CONTENT="66"/><SP WIDTH="341" VPOS="154" HPOS="460"/>
							<String ID="string_1" HPOS="801" VPOS="146" WIDTH="363" HEIGHT="42" WC="0.87" CONTENT="Bevillningsutskottets"/><SP WIDTH="23" VPOS="146" HPOS="1164"/>
							<String ID="string_2" HPOS="1187" VPOS="143" WIDTH="195" HEIGHT="32" WC="0.96" CONTENT="betänkande"/><SP WIDTH="23" VPOS="143" HPOS="1382"/>
							<String ID="string_3" HPOS="1405" VPOS="142" WIDTH="50" HEIGHT="30" WC="0.95" CONTENT="Nr"/><SP WIDTH="22" VPOS="142" HPOS="1455"/>
							<String ID="string_4" HPOS="1477" VPOS="142" WIDTH="51" HEIGHT="30" WC="0.72" CONTENT="28."/>
						</TextLine>
						<TextLine ID="line_1" HPOS="1058" VPOS="220" WIDTH="240" HEIGHT="34">
							<String ID="string_5" HPOS="1058" VPOS="221" WIDTH="188" HEIGHT="33" WC="0.95" CONTENT="Formulär"/><SP WIDTH="23" VPOS="221" HPOS="1246"/>
							<String ID="string_6" HPOS="1269" VPOS="220" WIDTH="29" HEIGHT="31" WC="0.96" CONTENT="5."/>
						</TextLine>
					</TextBlock>
				</ComposedBlock>
				<ComposedBlock ID="cblock_1" HPOS="775" VPOS="291" WIDTH="1203" HEIGHT="149">
					<TextBlock ID="block_1" HPOS="775" VPOS="291" WIDTH="1203" HEIGHT="149">
						<TextLine ID="line_2" HPOS="777" VPOS="291" WIDTH="1200" HEIGHT="43">
							<String ID="string_7" HPOS="777" VPOS="301" WIDTH="160" HEIGHT="33" WC="0.96" CONTENT="Protokoll,"/><SP WIDTH="25" VPOS="301" HPOS="937"/>
							<String ID="string_8" HPOS="962" VPOS="301" WIDTH="61" HEIGHT="33" WC="0.96" CONTENT="fört"/><SP WIDTH="26" VPOS="301" HPOS="1023"/>
							<String ID="string_9" HPOS="1049" VPOS="301" WIDTH="4" HEIGHT="26" WC="0.92" CONTENT="i"/><SP WIDTH="19" VPOS="301" HPOS="1053"/>
							<String ID="string_10" HPOS="1072" VPOS="301" WIDTH="34" HEIGHT="26" WC="0.75" CONTENT="N."/><SP WIDTH="28" VPOS="301" HPOS="1106"/>
							<String ID="string_11" HPOS="1134" VPOS="299" WIDTH="35" HEIGHT="25" WC="0.90" CONTENT="N."/><SP WIDTH="29" VPOS="299" HPOS="1169"/>
							<String ID="string_12" HPOS="1198" VPOS="299" WIDTH="145" HEIGHT="26" WC="0.89" CONTENT="kommun"/><SP WIDTH="17" VPOS="299" HPOS="1343"/>
							<String ID="string_13" HPOS="1360" VPOS="296" WIDTH="92" HEIGHT="33" WC="0.92" CONTENT="(stad)"/><SP WIDTH="18" VPOS="296" HPOS="1452"/>
							<String ID="string_14" HPOS="1470" VPOS="295" WIDTH="47" HEIGHT="35" WC="0.92" CONTENT="[N."/><SP WIDTH="20" VPOS="295" HPOS="1517"/>
							<String ID="string_15" HPOS="1537" VPOS="296" WIDTH="35" HEIGHT="26" WC="0.92" CONTENT="N."/><SP WIDTH="19" VPOS="296" HPOS="1572"/>
							<String ID="string_16" HPOS="1591" VPOS="291" WIDTH="327" HEIGHT="34" WC="0.76" CONTENT="omröstningsdistrikt"/><SP WIDTH="19" VPOS="291" HPOS="1918"/>
							<String ID="string_17" HPOS="1937" VPOS="298" WIDTH="40" HEIGHT="18" WC="0.95" CONTENT="av"/>
						</TextLine>
						<TextLine ID="line_3" HPOS="777" VPOS="325" WIDTH="1201" HEIGHT="43">
							<String ID="string_18" HPOS="777" VPOS="339" WIDTH="35" HEIGHT="26" WC="0.92" CONTENT="N."/><SP WIDTH="24" VPOS="339" HPOS="812"/>
							<String ID="string_19" HPOS="836" VPOS="338" WIDTH="35" HEIGHT="26" WC="0.90" CONTENT="N."/><SP WIDTH="19" VPOS="338" HPOS="871"/>
							<String ID="string_20" HPOS="890" VPOS="337" WIDTH="145" HEIGHT="26" WC="0.91" CONTENT="kommun"/><SP WIDTH="17" VPOS="337" HPOS="1035"/>
							<String ID="string_21" HPOS="1052" VPOS="333" WIDTH="104" HEIGHT="35" WC="0.91" CONTENT="(stad)]"/><SP WIDTH="17" VPOS="333" HPOS="1156"/>
							<String ID="string_22" HPOS="1173" VPOS="334" WIDTH="54" HEIGHT="26" WC="0.96" CONTENT="vid"/><SP WIDTH="16" VPOS="334" HPOS="1227"/>
							<String ID="string_23" HPOS="1243" VPOS="331" WIDTH="253" HEIGHT="35" WC="0.95" CONTENT="folkomröstning"/><SP WIDTH="19" VPOS="331" HPOS="1496"/>
							<String ID="string_24" HPOS="1515" VPOS="328" WIDTH="156" HEIGHT="34" WC="0.95" CONTENT="angående"/><SP WIDTH="20" VPOS="328" HPOS="1671"/>
							<String ID="string_25" HPOS="1691" VPOS="327" WIDTH="86" HEIGHT="29" WC="0.96" CONTENT="väckt"/><SP WIDTH="15" VPOS="327" HPOS="1777"/>
							<String ID="string_26" HPOS="1792" VPOS="325" WIDTH="117" HEIGHT="34" WC="0.96" CONTENT="förslag"/><SP WIDTH="19" VPOS="325" HPOS="1909"/>
							<String ID="string_27" HPOS="1928" VPOS="333" WIDTH="50" HEIGHT="19" WC="0.96" CONTENT="om"/>
						</TextLine>
						<TextLine ID="line_4" HPOS="775" VPOS="360" WIDTH="1201" HEIGHT="45">
							<String ID="string_28" HPOS="775" VPOS="372" WIDTH="168" HEIGHT="33" WC="0.96" CONTENT="införande"/><SP WIDTH="24" VPOS="372" HPOS="943"/>
							<String ID="string_29" HPOS="967" VPOS="368" WIDTH="224" HEIGHT="37" WC="0.96" CONTENT="(upphävande)"/><SP WIDTH="19" VPOS="368" HPOS="1191"/>
							<String ID="string_30" HPOS="1210" VPOS="376" WIDTH="38" HEIGHT="19" WC="0.96" CONTENT="av"/><SP WIDTH="17" VPOS="376" HPOS="1248"/>
							<String ID="string_31" HPOS="1265" VPOS="366" WIDTH="110" HEIGHT="35" WC="0.96" CONTENT="förbud"/><SP WIDTH="17" VPOS="366" HPOS="1375"/>
							<String ID="string_32" HPOS="1392" VPOS="366" WIDTH="62" HEIGHT="26" WC="0.95" CONTENT="mot"/><SP WIDTH="17" VPOS="366" HPOS="1454"/>
							<String ID="string_33" HPOS="1471" VPOS="364" WIDTH="187" HEIGHT="35" WC="0.95" CONTENT="upplåtande"/><SP WIDTH="19" VPOS="364" HPOS="1658"/>
							<String ID="string_34" HPOS="1677" VPOS="372" WIDTH="38" HEIGHT="18" WC="0.96" CONTENT="av"/><SP WIDTH="18" VPOS="372" HPOS="1715"/>
							<String ID="string_35" HPOS="1733" VPOS="362" WIDTH="177" HEIGHT="32" WC="0.95" CONTENT="rättigheter"/><SP WIDTH="18" VPOS="362" HPOS="1910"/>
							<String ID="string_36" HPOS="1928" VPOS="360" WIDTH="48" HEIGHT="27" WC="0.96" CONTENT="till"/>
						</TextLine>
						<TextLine ID="line_5" HPOS="778" VPOS="395" WIDTH="1197" HEIGHT="45">
							<String ID="string_37" HPOS="778" VPOS="406" WIDTH="206" HEIGHT="34" WC="0.94" CONTENT="detaljhandel"/><SP WIDTH="26" VPOS="406" HPOS="984"/>
							<String ID="string_38" HPOS="1010" VPOS="406" WIDTH="67" HEIGHT="26" WC="0.92" CONTENT="med"/><SP WIDTH="26" VPOS="406" HPOS="1077"/>
							<String ID="string_39" HPOS="1103" VPOS="403" WIDTH="182" HEIGHT="34" WC="0.66" CONTENT="rusdrycker"/><SP WIDTH="26" VPOS="403" HPOS="1285"/>
							<String ID="string_40" HPOS="1311" VPOS="403" WIDTH="85" HEIGHT="25" WC="0.96" CONTENT="inom"/><SP WIDTH="19" VPOS="403" HPOS="1396"/>
							<String ID="string_41" HPOS="1415" VPOS="401" WIDTH="183" HEIGHT="26" WC="0.21" CONTENT="kommunen"/><SP WIDTH="19" VPOS="401" HPOS="1598"/>
							<String ID="string_42" HPOS="1617" VPOS="398" WIDTH="128" HEIGHT="32" WC="0.92" CONTENT="(staden)"/><SP WIDTH="18" VPOS="398" HPOS="1745"/>
							<String ID="string_43" HPOS="1763" VPOS="395" WIDTH="20" HEIGHT="28" WC="0.85" CONTENT="&amp;"/><SP WIDTH="21" VPOS="395" HPOS="1783"/>
							<String ID="string_44" HPOS="1804" VPOS="416" WIDTH="171" HEIGHT="4" WC="0.7" CONTENT="-.............-"/>
						</TextLine>
					</TextBlock>
				</ComposedBlock>
				<ComposedBlock ID="cblock_2" HPOS="380" VPOS="435" WIDTH="1600" HEIGHT="268">
					<TextBlock ID="block_2" HPOS="779" VPOS="435" WIDTH="1196" HEIGHT="76">
						<TextLine ID="line_6" HPOS="779" VPOS="435" WIDTH="1196" HEIGHT="39">
							<String ID="string_45" HPOS="779" VPOS="439" WIDTH="345" HEIGHT="35" WC="0.91" CONTENT="(omröstningslokalen)"/><SP WIDTH="18" VPOS="439" HPOS="1124"/>
							<String ID="string_46" HPOS="1142" VPOS="440" WIDTH="13" HEIGHT="25" WC="0.90" CONTENT="i"/><SP WIDTH="22" VPOS="440" HPOS="1155"/>
							<String ID="string_47" HPOS="1177" VPOS="458" WIDTH="62" HEIGHT="4" WC="0.54" CONTENT="-....."/><SP WIDTH="9" VPOS="458" HPOS="1239"/>
							<String ID="string_48" HPOS="1248" VPOS="456" WIDTH="237" HEIGHT="6" WC="0.0" CONTENT="etrreea"/><SP WIDTH="-142" VPOS="456" HPOS="1485"/>
							<String ID="string_49" HPOS="1343" VPOS="431" WIDTH="52" HEIGHT="43" WC="0.0" CONTENT="rare"/><SP WIDTH="4" VPOS="431" HPOS="1395"/>
							<String ID="string_50" HPOS="1399" VPOS="431" WIDTH="39" HEIGHT="43" WC="0.8" CONTENT="ers"/><SP WIDTH="12" VPOS="431" HPOS="1438"/>
							<String ID="string_51" HPOS="1450" VPOS="431" WIDTH="39" HEIGHT="43" WC="0.24" CONTENT="nen"/><SP WIDTH="17" VPOS="431" HPOS="1489"/>
							<String ID="string_52" HPOS="1506" VPOS="435" WIDTH="105" HEIGHT="33" WC="0.96" CONTENT="(orten)"/><SP WIDTH="18" VPOS="435" HPOS="1611"/>
							<String ID="string_53" HPOS="1629" VPOS="436" WIDTH="57" HEIGHT="26" WC="0.90" CONTENT="den"/><SP WIDTH="15" VPOS="436" HPOS="1686"/>
							<String ID="string_54" HPOS="1701" VPOS="450" WIDTH="274" HEIGHT="8" WC="0.0" CONTENT="....ssnseeerererrnrnr"/>
						</TextLine>
						<TextLine ID="line_7" HPOS="779" VPOS="473" WIDTH="388" HEIGHT="38">
							<String ID="string_55" HPOS="779" VPOS="477" WIDTH="72" HEIGHT="34" WC="0.93" CONTENT="(dag"/><SP WIDTH="18" VPOS="477" HPOS="851"/>
							<String ID="string_56" HPOS="869" VPOS="476" WIDTH="80" HEIGHT="34" WC="0.91" CONTENT="(-ar),"/><SP WIDTH="18" VPOS="476" HPOS="949"/>
							<String ID="string_57" HPOS="967" VPOS="474" WIDTH="124" HEIGHT="33" WC="0.96" CONTENT="månad,"/><SP WIDTH="20" VPOS="474" HPOS="1091"/>
							<String ID="string_58" HPOS="1111" VPOS="473" WIDTH="56" HEIGHT="34" WC="0.95" CONTENT="år)."/>
						</TextLine>
					</TextBlock>
					<TextBlock ID="block_3" HPOS="380" VPOS="517" WIDTH="1599" HEIGHT="116">
						<TextLine ID="line_8" HPOS="510" VPOS="517" WIDTH="1468" HEIGHT="43">
							<String ID="string_59" HPOS="510" VPOS="530" WIDTH="55" HEIGHT="27" WC="0.93" CONTENT="Till"/><SP WIDTH="18" VPOS="530" HPOS="565"/>
							<String ID="string_60" HPOS="583" VPOS="527" WIDTH="175" HEIGHT="29" WC="0.90" CONTENT="förrättande"/><SP WIDTH="18" VPOS="527" HPOS="758"/>
							<String ID="string_61" HPOS="776" VPOS="538" WIDTH="35" HEIGHT="16" WC="0.96" CONTENT="av"/><SP WIDTH="20" VPOS="538" HPOS="811"/>
							<String ID="string_62" HPOS="831" VPOS="527" WIDTH="54" HEIGHT="27" WC="0.96" CONTENT="den"/><SP WIDTH="19" VPOS="527" HPOS="885"/>
							<String ID="string_63" HPOS="904" VPOS="525" WIDTH="242" HEIGHT="35" WC="0.96" CONTENT="folkomröstning,"/><SP WIDTH="19" VPOS="525" HPOS="1146"/>
							<String ID="string_64" HPOS="1165" VPOS="534" WIDTH="61" HEIGHT="18" WC="0.96" CONTENT="som"/><SP WIDTH="19" VPOS="534" HPOS="1226"/>
							<String ID="string_65" HPOS="1245" VPOS="523" WIDTH="79" HEIGHT="27" WC="0.96" CONTENT="blivit"/><SP WIDTH="18" VPOS="523" HPOS="1324"/>
							<String ID="string_66" HPOS="1342" VPOS="524" WIDTH="90" HEIGHT="26" WC="0.96" CONTENT="utsatt"/><SP WIDTH="18" VPOS="524" HPOS="1432"/>
							<String ID="string_67" HPOS="1450" VPOS="523" WIDTH="42" HEIGHT="25" WC="0.96" CONTENT="att"/><SP WIDTH="12" VPOS="523" HPOS="1492"/>
							<String ID="string_68" HPOS="1504" VPOS="520" WIDTH="92" HEIGHT="28" WC="0.96" CONTENT="hållas"/><SP WIDTH="12" VPOS="520" HPOS="1596"/>
							<String ID="string_69" HPOS="1608" VPOS="520" WIDTH="148" HEIGHT="27" WC="0.93" CONTENT="härstädes"/><SP WIDTH="15" VPOS="520" HPOS="1756"/>
							<String ID="string_70" HPOS="1771" VPOS="538" WIDTH="98" HEIGHT="5" WC="0.54" CONTENT="........-"/><SP WIDTH="17" VPOS="538" HPOS="1869"/>
							<String ID="string_71" HPOS="1886" VPOS="517" WIDTH="92" HEIGHT="35" WC="0.96" CONTENT="dagen"/>
						</TextLine>
						<TextLine ID="line_9" HPOS="380" VPOS="551" WIDTH="1599" HEIGHT="46">
							<String ID="string_72" HPOS="380" VPOS="568" WIDTH="54" HEIGHT="26" WC="0.66" CONTENT="del"/><SP WIDTH="22" VPOS="568" HPOS="434"/>
							<String ID="string_73" HPOS="456" VPOS="585" WIDTH="179" HEIGHT="6" WC="0.0" CONTENT="oossssoeoeerernr"/><SP WIDTH="8" VPOS="585" HPOS="635"/>
							<String ID="string_74" HPOS="643" VPOS="583" WIDTH="87" HEIGHT="6" WC="0.0" CONTENT="terrorn"/><SP WIDTH="20" VPOS="583" HPOS="730"/>
							<String ID="string_75" HPOS="750" VPOS="563" WIDTH="61" HEIGHT="33" WC="0.93" CONTENT="(och"/><SP WIDTH="22" VPOS="563" HPOS="811"/>
							<String ID="string_76" HPOS="833" VPOS="582" WIDTH="134" HEIGHT="6" WC="0.47" CONTENT=".........-.."/><SP WIDTH="5" VPOS="582" HPOS="967"/>
							<String ID="string_77" HPOS="972" VPOS="561" WIDTH="91" HEIGHT="36" WC="0.96" CONTENT="dagen"/><SP WIDTH="18" VPOS="561" HPOS="1063"/>
							<String ID="string_78" HPOS="1081" VPOS="561" WIDTH="53" HEIGHT="26" WC="0.92" CONTENT="den"/><SP WIDTH="22" VPOS="561" HPOS="1134"/>
							<String ID="string_79" HPOS="1156" VPOS="578" WIDTH="274" HEIGHT="7" WC="0.0" CONTENT="....sssssessrssensnnsrnn"/><SP WIDTH="4" VPOS="578" HPOS="1430"/>
							<String ID="string_80" HPOS="1434" VPOS="557" WIDTH="10" HEIGHT="33" WC="0.93" CONTENT=")"/><SP WIDTH="16" VPOS="557" HPOS="1444"/>
							<String ID="string_81" HPOS="1460" VPOS="555" WIDTH="227" HEIGHT="28" WC="0.96" CONTENT="sammanträdde"/><SP WIDTH="12" VPOS="555" HPOS="1687"/>
							<String ID="string_82" HPOS="1699" VPOS="553" WIDTH="120" HEIGHT="28" WC="0.92" CONTENT="klockan"/><SP WIDTH="16" VPOS="553" HPOS="1819"/>
							<String ID="string_83" HPOS="1835" VPOS="573" WIDTH="65" HEIGHT="4" WC="0.59" CONTENT="......"/><SP WIDTH="15" VPOS="573" HPOS="1900"/>
							<String ID="string_84" HPOS="1915" VPOS="551" WIDTH="64" HEIGHT="34" WC="0.96" CONTENT="(och"/>
						</TextLine>
						<TextLine ID="line_10" HPOS="380" VPOS="587" WIDTH="1599" HEIGHT="46">
							<String ID="string_85" HPOS="380" VPOS="601" WIDTH="122" HEIGHT="27" WC="0.93" CONTENT="klockan"/><SP WIDTH="21" VPOS="601" HPOS="502"/>
							<String ID="string_86" HPOS="523" VPOS="620" WIDTH="63" HEIGHT="5" WC="0.90" CONTENT="......"/><SP WIDTH="5" VPOS="620" HPOS="586"/>
							<String ID="string_87" HPOS="591" VPOS="600" WIDTH="9" HEIGHT="33" WC="0.92" CONTENT=")"/><SP WIDTH="18" VPOS="600" HPOS="600"/>
							<String ID="string_88" HPOS="618" VPOS="597" WIDTH="330" HEIGHT="35" WC="0.91" CONTENT="omröstningsnämnden"/><SP WIDTH="18" VPOS="597" HPOS="948"/>
							<String ID="string_89" HPOS="966" VPOS="596" WIDTH="125" HEIGHT="33" WC="0.93" CONTENT="(stadens"/><SP WIDTH="12" VPOS="596" HPOS="1091"/>
							<String ID="string_90" HPOS="1103" VPOS="594" WIDTH="171" HEIGHT="37" WC="0.88" CONTENT="magistrat!,"/><SP WIDTH="13" VPOS="594" HPOS="1274"/>
							<String ID="string_91" HPOS="1287" VPOS="594" WIDTH="199" HEIGHT="26" WC="0.91" CONTENT="magistratens"/><SP WIDTH="14" VPOS="594" HPOS="1486"/>
							<String ID="string_92" HPOS="1500" VPOS="589" WIDTH="197" HEIGHT="36" WC="0.87" CONTENT="deputerade?)."/><SP WIDTH="20" VPOS="589" HPOS="1697"/>
							<String ID="string_93" HPOS="1717" VPOS="607" WIDTH="240" HEIGHT="6" WC="0.6" CONTENT=".........e-.-.+----"/><SP WIDTH="5" VPOS="607" HPOS="1957"/>
							<String ID="string_94" HPOS="1962" VPOS="587" WIDTH="17" HEIGHT="24" WC="0.0" CONTENT="Så"/>
						</TextLine>
					</TextBlock>
					<TextBlock ID="block_4" HPOS="512" VPOS="625" WIDTH="1162" HEIGHT="44">
						<TextLine ID="line_11" HPOS="512" VPOS="625" WIDTH="1162" HEIGHT="44">
							<String ID="string_95" HPOS="512" VPOS="634" WIDTH="218" HEIGHT="35" WC="0.96" CONTENT="Omröstningen"/><SP WIDTH="20" VPOS="634" HPOS="730"/>
							<String ID="string_96" HPOS="750" VPOS="632" WIDTH="120" HEIGHT="36" WC="0.96" CONTENT="fortgick"/><SP WIDTH="18" VPOS="632" HPOS="870"/>
							<String ID="string_97" HPOS="888" VPOS="631" WIDTH="44" HEIGHT="27" WC="0.96" CONTENT="till"/><SP WIDTH="18" VPOS="631" HPOS="932"/>
							<String ID="string_98" HPOS="950" VPOS="631" WIDTH="120" HEIGHT="27" WC="0.93" CONTENT="klockan"/><SP WIDTH="22" VPOS="631" HPOS="1070"/>
							<String ID="string_99" HPOS="1092" VPOS="650" WIDTH="64" HEIGHT="5" WC="0.84" CONTENT="......"/><SP WIDTH="22" VPOS="650" HPOS="1156"/>
							<String ID="string_100" HPOS="1178" VPOS="629" WIDTH="63" HEIGHT="27" WC="0.93" CONTENT="med"/><SP WIDTH="18" VPOS="629" HPOS="1241"/>
							<String ID="string_101" HPOS="1259" VPOS="627" WIDTH="133" HEIGHT="38" WC="0.91" CONTENT="uppehåll"/><SP WIDTH="22" VPOS="627" HPOS="1392"/>
							<String ID="string_102" HPOS="1414" VPOS="645" WIDTH="239" HEIGHT="7" WC="0.0" CONTENT="...ssssssmcsse"/><SP WIDTH="3" VPOS="645" HPOS="1653"/>
							<String ID="string_103" HPOS="1656" VPOS="625" WIDTH="18" HEIGHT="24" WC="0.0" CONTENT="o"/>
						</TextLine>
					</TextBlock>
					<TextBlock ID="block_5" HPOS="511" VPOS="655" WIDTH="1469" HEIGHT="48">
						<TextLine ID="line_12" HPOS="511" VPOS="655" WIDTH="1469" HEIGHT="48">
							<String ID="string_104" HPOS="511" VPOS="669" WIDTH="55" HEIGHT="27" WC="0.96" CONTENT="Vid"/><SP WIDTH="19" VPOS="669" HPOS="566"/>
							<String ID="string_105" HPOS="585" VPOS="669" WIDTH="208" HEIGHT="34" WC="0.93" CONTENT="omröstningen"/><SP WIDTH="19" VPOS="669" HPOS="793"/>
							<String ID="string_106" HPOS="812" VPOS="669" WIDTH="126" HEIGHT="34" WC="0.90" CONTENT="avgåvos"/><SP WIDTH="19" VPOS="669" HPOS="938"/>
							<String ID="string_107" HPOS="957" VPOS="676" WIDTH="35" HEIGHT="17" WC="0.83" CONTENT="av"/><SP WIDTH="22" VPOS="676" HPOS="992"/>
							<String ID="string_108" HPOS="1014" VPOS="687" WIDTH="16" HEIGHT="4" WC="0.0" CONTENT=".."/><SP WIDTH="7" VPOS="687" HPOS="1030"/>
							<String ID="string_109" HPOS="1037" VPOS="685" WIDTH="214" HEIGHT="6" WC="0.0" CONTENT="esse"/><SP WIDTH="21" VPOS="685" HPOS="1251"/>
							<String ID="string_110" HPOS="1272" VPOS="665" WIDTH="133" HEIGHT="25" WC="0.91" CONTENT="röstande"/><SP WIDTH="21" VPOS="665" HPOS="1405"/>
							<String ID="string_111" HPOS="1426" VPOS="680" WIDTH="238" HEIGHT="7" WC="0.0" CONTENT=".....eeeeseesesees"/><SP WIDTH="21" VPOS="680" HPOS="1664"/>
							<String ID="string_112" HPOS="1685" VPOS="658" WIDTH="98" HEIGHT="35" WC="0.93" CONTENT="giltiga"/><SP WIDTH="9" VPOS="658" HPOS="1783"/>
							<String ID="string_113" HPOS="1792" VPOS="657" WIDTH="123" HEIGHT="36" WC="0.92" CONTENT="jaröster"/><SP WIDTH="13" VPOS="657" HPOS="1915"/>
							<String ID="string_114" HPOS="1928" VPOS="655" WIDTH="52" HEIGHT="27" WC="0.96" CONTENT="och"/>
						</TextLine>
					</TextBlock>
				</ComposedBlock>
				<ComposedBlock ID="cblock_3" HPOS="383" VPOS="792" WIDTH="1598" HEIGHT="443">
					<TextBlock ID="block_6" HPOS="383" VPOS="792" WIDTH="1598" HEIGHT="438">
						<TextLine ID="line_13" HPOS="514" VPOS="792" WIDTH="1467" HEIGHT="45">
							<String ID="string_115" HPOS="514" VPOS="808" WIDTH="138" HEIGHT="29" WC="0.92" CONTENT="Samtliga"/><SP WIDTH="27" VPOS="808" HPOS="652"/>
							<String ID="string_116" HPOS="679" VPOS="807" WIDTH="152" HEIGHT="27" WC="0.91" CONTENT="röstsedlar"/><SP WIDTH="27" VPOS="807" HPOS="831"/>
							<String ID="string_117" HPOS="858" VPOS="792" WIDTH="110" HEIGHT="41" WC="0.92" CONTENT="inlades"/><SP WIDTH="28" VPOS="792" HPOS="968"/>
							<String ID="string_118" HPOS="996" VPOS="804" WIDTH="68" HEIGHT="27" WC="0.96" CONTENT="efter"/><SP WIDTH="27" VPOS="804" HPOS="1064"/>
							<String ID="string_119" HPOS="1091" VPOS="801" WIDTH="154" HEIGHT="29" WC="0.96" CONTENT="verkställd"/><SP WIDTH="24" VPOS="801" HPOS="1245"/>
							<String ID="string_120" HPOS="1269" VPOS="801" WIDTH="121" HEIGHT="35" WC="0.94" CONTENT="räkning"/><SP WIDTH="19" VPOS="801" HPOS="1390"/>
							<String ID="string_121" HPOS="1409" VPOS="802" WIDTH="9" HEIGHT="25" WC="0.70" CONTENT="i"/><SP WIDTH="22" VPOS="802" HPOS="1418"/>
							<String ID="string_122" HPOS="1440" VPOS="819" WIDTH="132" HEIGHT="6" WC="0.0" CONTENT="..oceee--"/><SP WIDTH="22" VPOS="819" HPOS="1572"/>
							<String ID="string_123" HPOS="1594" VPOS="797" WIDTH="99" HEIGHT="35" WC="0.96" CONTENT="(antal)"/><SP WIDTH="19" VPOS="797" HPOS="1693"/>
							<String ID="string_124" HPOS="1712" VPOS="796" WIDTH="115" HEIGHT="36" WC="0.96" CONTENT="omslag,"/><SP WIDTH="20" VPOS="796" HPOS="1827"/>
							<String ID="string_125" HPOS="1847" VPOS="805" WIDTH="61" HEIGHT="17" WC="0.92" CONTENT="som"/><SP WIDTH="20" VPOS="805" HPOS="1908"/>
							<String ID="string_126" HPOS="1928" VPOS="794" WIDTH="53" HEIGHT="27" WC="0.92" CONTENT="för-"/>
						</TextLine>
						<TextLine ID="line_14" HPOS="383" VPOS="835" WIDTH="1145" HEIGHT="47">
							<String ID="string_127" HPOS="383" VPOS="845" WIDTH="129" HEIGHT="37" WC="0.92" CONTENT="seglades"/><SP WIDTH="18" VPOS="845" HPOS="512"/>
							<String ID="string_128" HPOS="530" VPOS="843" WIDTH="62" HEIGHT="28" WC="0.96" CONTENT="med"/><SP WIDTH="40" VPOS="843" HPOS="592"/>
							<String ID="string_129" HPOS="632" VPOS="852" WIDTH="15" HEIGHT="18" WC="0.91" CONTENT="de"/><SP WIDTH="22" VPOS="852" HPOS="647"/>
							<String ID="string_130" HPOS="669" VPOS="863" WIDTH="63" HEIGHT="4" WC="0.53" CONTENT="......"/><SP WIDTH="22" VPOS="863" HPOS="732"/>
							<String ID="string_131" HPOS="754" VPOS="841" WIDTH="127" HEIGHT="35" WC="0.96" CONTENT="(antalet)"/><SP WIDTH="19" VPOS="841" HPOS="881"/>
							<String ID="string_132" HPOS="900" VPOS="840" WIDTH="88" HEIGHT="41" WC="0.96" CONTENT="sigill,"/><SP WIDTH="16" VPOS="840" HPOS="988"/>
							<String ID="string_133" HPOS="1004" VPOS="849" WIDTH="59" HEIGHT="17" WC="0.96" CONTENT="som"/><SP WIDTH="19" VPOS="849" HPOS="1063"/>
							<String ID="string_134" HPOS="1082" VPOS="838" WIDTH="50" HEIGHT="27" WC="0.96" CONTENT="här"/><SP WIDTH="19" VPOS="838" HPOS="1132"/>
							<String ID="string_135" HPOS="1151" VPOS="837" WIDTH="92" HEIGHT="27" WC="0.96" CONTENT="nedan"/><SP WIDTH="19" VPOS="837" HPOS="1243"/>
							<String ID="string_136" HPOS="1262" VPOS="837" WIDTH="91" HEIGHT="26" WC="0.95" CONTENT="finnas"/><SP WIDTH="19" VPOS="837" HPOS="1353"/>
							<String ID="string_137" HPOS="1372" VPOS="835" WIDTH="156" HEIGHT="35" WC="0.90" CONTENT="avtryckta."/>
						</TextLine>
						<TextLine ID="line_15" HPOS="512" VPOS="870" WIDTH="1229" HEIGHT="59">
							<String ID="string_138" HPOS="512" VPOS="870" WIDTH="266" HEIGHT="45" WC="0.0" CONTENT="sUörsarrreseereeresrrsse"/><SP WIDTH="7" VPOS="870" HPOS="778"/>
							<String ID="string_139" HPOS="785" VPOS="898" WIDTH="15" HEIGHT="4" WC="0.0" CONTENT="rr"/><SP WIDTH="8" VPOS="898" HPOS="800"/>
							<String ID="string_140" HPOS="808" VPOS="898" WIDTH="27" HEIGHT="4" WC="0.6" CONTENT="ere"/><SP WIDTH="22" VPOS="898" HPOS="835"/>
							<String ID="string_141" HPOS="857" VPOS="897" WIDTH="13" HEIGHT="4" WC="0.43" CONTENT="er"/><SP WIDTH="10" VPOS="897" HPOS="870"/>
							<String ID="string_142" HPOS="880" VPOS="896" WIDTH="61" HEIGHT="5" WC="0.11" CONTENT="enter"/><SP WIDTH="9" VPOS="896" HPOS="941"/>
							<String ID="string_143" HPOS="950" VPOS="897" WIDTH="16" HEIGHT="3" WC="0.29" CONTENT="nn"/><SP WIDTH="26" VPOS="897" HPOS="966"/>
							<String ID="string_144" HPOS="992" VPOS="895" WIDTH="4" HEIGHT="4" WC="0.35" CONTENT="|"/><SP WIDTH="501" VPOS="895" HPOS="996"/>
							<String ID="string_145" HPOS="1497" VPOS="894" WIDTH="54" HEIGHT="27" WC="0.96" CONTENT="Vid"/><SP WIDTH="19" VPOS="894" HPOS="1551"/>
							<String ID="string_146" HPOS="1570" VPOS="892" WIDTH="171" HEIGHT="37" WC="0.96" CONTENT="protokollet"/>
						</TextLine>
						<TextLine ID="line_16" HPOS="1576" VPOS="936" WIDTH="86" HEIGHT="28">
							<String ID="string_147" HPOS="1576" VPOS="936" WIDTH="86" HEIGHT="28" WC="0.55" CONTENT="N.N."/>
						</TextLine>
						<TextLine ID="line_17" HPOS="706" VPOS="1088" WIDTH="967" HEIGHT="41">
							<String ID="string_148" HPOS="706" VPOS="1089" WIDTH="125" HEIGHT="40" WC="0.53" CONTENT="Avtryck"/><SP WIDTH="715" VPOS="1089" HPOS="831"/>
							<String ID="string_149" HPOS="1546" VPOS="1088" WIDTH="127" HEIGHT="32" WC="0.88" CONTENT="Avtryck"/>
						</TextLine>
						<TextLine ID="line_18" HPOS="748" VPOS="1149" WIDTH="878" HEIGHT="22">
							<String ID="string_150" HPOS="748" VPOS="1154" WIDTH="35" HEIGHT="17" WC="0.95" CONTENT="av"/><SP WIDTH="809" VPOS="1154" HPOS="783"/>
							<String ID="string_151" HPOS="1592" VPOS="1149" WIDTH="34" HEIGHT="16" WC="0.95" CONTENT="av"/>
						</TextLine>
						<TextLine ID="line_19" HPOS="725" VPOS="1194" WIDTH="922" HEIGHT="41">
							<String ID="string_152" HPOS="725" VPOS="1195" WIDTH="83" HEIGHT="40" WC="0.94" CONTENT="sigill."/><SP WIDTH="757" VPOS="1195" HPOS="808"/>
							<String ID="string_153" HPOS="1565" VPOS="1194" WIDTH="82" HEIGHT="31" WC="0.95" CONTENT="sigill."/>
						</TextLine>
					</TextBlock>
				</ComposedBlock>
				<ComposedBlock ID="cblock_4" HPOS="521" VPOS="1379" WIDTH="1466" HEIGHT="49">
					<TextBlock ID="block_7" HPOS="521" VPOS="1379" WIDTH="1466" HEIGHT="49">
						<TextLine ID="line_20" HPOS="521" VPOS="1379" WIDTH="1466" HEIGHT="49">
							<String ID="string_154" HPOS="521" VPOS="1394" WIDTH="51" HEIGHT="26" WC="0.96" CONTENT="Att"/><SP WIDTH="23" VPOS="1394" HPOS="572"/>
							<String ID="string_155" HPOS="595" VPOS="1393" WIDTH="78" HEIGHT="27" WC="0.96" CONTENT="detta"/><SP WIDTH="20" VPOS="1393" HPOS="673"/>
							<String ID="string_156" HPOS="693" VPOS="1391" WIDTH="139" HEIGHT="37" WC="0.96" CONTENT="protokoll"/><SP WIDTH="20" VPOS="1391" HPOS="832"/>
							<String ID="string_157" HPOS="852" VPOS="1390" WIDTH="47" HEIGHT="27" WC="0.93" CONTENT="vid"/><SP WIDTH="20" VPOS="1390" HPOS="899"/>
							<String ID="string_158" HPOS="919" VPOS="1387" WIDTH="391" HEIGHT="36" WC="0.91" CONTENT="omröstningsförrättningen"/><SP WIDTH="18" VPOS="1387" HPOS="1310"/>
							<String ID="string_159" HPOS="1328" VPOS="1383" WIDTH="131" HEIGHT="36" WC="0.91" CONTENT="upplästs"/><SP WIDTH="19" VPOS="1383" HPOS="1459"/>
							<String ID="string_160" HPOS="1478" VPOS="1382" WIDTH="51" HEIGHT="27" WC="0.96" CONTENT="och"/><SP WIDTH="19" VPOS="1382" HPOS="1529"/>
							<String ID="string_161" HPOS="1548" VPOS="1381" WIDTH="142" HEIGHT="27" WC="0.96" CONTENT="befunnits"/><SP WIDTH="19" VPOS="1381" HPOS="1690"/>
							<String ID="string_162" HPOS="1709" VPOS="1380" WIDTH="104" HEIGHT="35" WC="0.96" CONTENT="riktigt,"/><SP WIDTH="19" VPOS="1380" HPOS="1813"/>
							<String ID="string_163" HPOS="1832" VPOS="1379" WIDTH="155" HEIGHT="28" WC="0.90" CONTENT="bekräftas,"/>
						</TextLine>
					</TextBlock>
				</ComposedBlock>
				<ComposedBlock ID="cblock_5" HPOS="592" VPOS="1437" WIDTH="1195" HEIGHT="121">
					<TextBlock ID="block_8" HPOS="592" VPOS="1437" WIDTH="1195" HEIGHT="121">
						<TextLine ID="line_21" HPOS="1147" VPOS="1437" WIDTH="87" HEIGHT="28">
							<String ID="string_164" HPOS="1147" VPOS="1438" WIDTH="34" HEIGHT="27" WC="0.84" CONTENT="N."/><SP WIDTH="19" VPOS="1438" HPOS="1181"/>
							<String ID="string_165" HPOS="1200" VPOS="1437" WIDTH="34" HEIGHT="28" WC="0.84" CONTENT="N."/>
						</TextLine>
						<TextLine ID="line_22" HPOS="1097" VPOS="1481" WIDTH="182" HEIGHT="28">
							<String ID="string_166" HPOS="1097" VPOS="1481" WIDTH="182" HEIGHT="28" WC="0.96" CONTENT="Ordförande."/>
						</TextLine>
						<TextLine ID="line_23" HPOS="592" VPOS="1518" WIDTH="1195" HEIGHT="40">
							<String ID="string_167" HPOS="592" VPOS="1531" WIDTH="33" HEIGHT="27" WC="0.87" CONTENT="N."/><SP WIDTH="20" VPOS="1531" HPOS="625"/>
							<String ID="string_168" HPOS="645" VPOS="1531" WIDTH="34" HEIGHT="27" WC="0.90" CONTENT="N."/><SP WIDTH="1023" VPOS="1531" HPOS="679"/>
							<String ID="string_169" HPOS="1702" VPOS="1519" WIDTH="33" HEIGHT="26" WC="0.84" CONTENT="N."/><SP WIDTH="20" VPOS="1519" HPOS="1735"/>
							<String ID="string_170" HPOS="1755" VPOS="1518" WIDTH="32" HEIGHT="27" WC="0.88" CONTENT="N."/>
						</TextLine>
					</TextBlock>
				</ComposedBlock>
				<GraphicalElement ID="cblock_6" HPOS="436" VPOS="1587" WIDTH="88" HEIGHT="3"></GraphicalElement >
				<GraphicalElement ID="cblock_7" HPOS="564" VPOS="1587" WIDTH="96" HEIGHT="2"></GraphicalElement >
				<ComposedBlock ID="cblock_8" HPOS="395" VPOS="1612" WIDTH="1597" HEIGHT="316">
					<TextBlock ID="block_9" HPOS="524" VPOS="1612" WIDTH="700" HEIGHT="37">
						<TextLine ID="line_24" HPOS="524" VPOS="1612" WIDTH="700" HEIGHT="37">
							<String ID="string_171" HPOS="524" VPOS="1620" WIDTH="10" HEIGHT="14" WC="0.83" CONTENT="1"/><SP WIDTH="18" VPOS="1620" HPOS="534"/>
							<String ID="string_172" HPOS="552" VPOS="1620" WIDTH="13" HEIGHT="23" WC="0.83" CONTENT="I"/><SP WIDTH="18" VPOS="1620" HPOS="565"/>
							<String ID="string_173" HPOS="583" VPOS="1619" WIDTH="70" HEIGHT="28" WC="0.95" CONTENT="stad,"/><SP WIDTH="20" VPOS="1619" HPOS="653"/>
							<String ID="string_174" HPOS="673" VPOS="1626" WIDTH="61" HEIGHT="17" WC="0.96" CONTENT="som"/><SP WIDTH="18" VPOS="1626" HPOS="734"/>
							<String ID="string_175" HPOS="752" VPOS="1620" WIDTH="82" HEIGHT="29" WC="0.96" CONTENT="utgör"/><SP WIDTH="19" VPOS="1620" HPOS="834"/>
							<String ID="string_176" HPOS="853" VPOS="1618" WIDTH="42" HEIGHT="23" WC="0.93" CONTENT="ett"/><SP WIDTH="18" VPOS="1618" HPOS="895"/>
							<String ID="string_177" HPOS="913" VPOS="1612" WIDTH="311" HEIGHT="33" WC="0.91" CONTENT="omröstningsdistrikt."/>
						</TextLine>
					</TextBlock>
					<TextBlock ID="block_10" HPOS="525" VPOS="1646" WIDTH="794" HEIGHT="38">
						<TextLine ID="line_25" HPOS="525" VPOS="1646" WIDTH="794" HEIGHT="38">
							<String ID="string_178" HPOS="525" VPOS="1654" WIDTH="10" HEIGHT="15" WC="0.91" CONTENT="2"/><SP WIDTH="18" VPOS="1654" HPOS="535"/>
							<String ID="string_179" HPOS="553" VPOS="1654" WIDTH="13" HEIGHT="24" WC="0.78" CONTENT="I"/><SP WIDTH="18" VPOS="1654" HPOS="566"/>
							<String ID="string_180" HPOS="584" VPOS="1654" WIDTH="71" HEIGHT="30" WC="0.96" CONTENT="stad,"/><SP WIDTH="20" VPOS="1654" HPOS="655"/>
							<String ID="string_181" HPOS="675" VPOS="1661" WIDTH="60" HEIGHT="17" WC="0.96" CONTENT="som"/><SP WIDTH="17" VPOS="1661" HPOS="735"/>
							<String ID="string_182" HPOS="752" VPOS="1652" WIDTH="95" HEIGHT="24" WC="0.96" CONTENT="består"/><SP WIDTH="18" VPOS="1652" HPOS="847"/>
							<String ID="string_183" HPOS="865" VPOS="1659" WIDTH="36" HEIGHT="16" WC="0.96" CONTENT="av"/><SP WIDTH="18" VPOS="1659" HPOS="901"/>
							<String ID="string_184" HPOS="919" VPOS="1650" WIDTH="71" HEIGHT="24" WC="0.93" CONTENT="flera"/><SP WIDTH="18" VPOS="1650" HPOS="990"/>
							<String ID="string_185" HPOS="1008" VPOS="1646" WIDTH="311" HEIGHT="33" WC="0.91" CONTENT="omröstningsdistrikt."/>
						</TextLine>
					</TextBlock>
					<TextBlock ID="block_11" HPOS="396" VPOS="1674" WIDTH="1594" HEIGHT="75">
						<TextLine ID="line_26" HPOS="526" VPOS="1674" WIDTH="1464" HEIGHT="44">
							<String ID="string_186" HPOS="526" VPOS="1689" WIDTH="10" HEIGHT="15" WC="0.96" CONTENT="3"/><SP WIDTH="17" VPOS="1689" HPOS="536"/>
							<String ID="string_187" HPOS="553" VPOS="1689" WIDTH="61" HEIGHT="24" WC="0.96" CONTENT="Har"/><SP WIDTH="27" VPOS="1689" HPOS="614"/>
							<String ID="string_188" HPOS="641" VPOS="1687" WIDTH="210" HEIGHT="31" WC="0.95" CONTENT="omröstningen"/><SP WIDTH="27" VPOS="1687" HPOS="851"/>
							<String ID="string_189" HPOS="878" VPOS="1685" WIDTH="46" HEIGHT="25" WC="0.95" CONTENT="till"/><SP WIDTH="27" VPOS="1685" HPOS="924"/>
							<String ID="string_190" HPOS="951" VPOS="1684" WIDTH="70" HEIGHT="30" WC="0.96" CONTENT="följd"/><SP WIDTH="27" VPOS="1684" HPOS="1021"/>
							<String ID="string_191" HPOS="1048" VPOS="1691" WIDTH="34" HEIGHT="16" WC="0.96" CONTENT="av"/><SP WIDTH="26" VPOS="1691" HPOS="1082"/>
							<String ID="string_192" HPOS="1108" VPOS="1682" WIDTH="160" HEIGHT="32" WC="0.93" CONTENT="gudstjänst"/><SP WIDTH="27" VPOS="1682" HPOS="1268"/>
							<String ID="string_193" HPOS="1295" VPOS="1681" WIDTH="23" HEIGHT="30" WC="0.96" CONTENT="ej"/><SP WIDTH="24" VPOS="1681" HPOS="1318"/>
							<String ID="string_194" HPOS="1342" VPOS="1680" WIDTH="105" HEIGHT="24" WC="0.95" CONTENT="hunnit"/><SP WIDTH="16" VPOS="1680" HPOS="1447"/>
							<String ID="string_195" HPOS="1463" VPOS="1679" WIDTH="79" HEIGHT="30" WC="0.93" CONTENT="börja"/><SP WIDTH="19" VPOS="1679" HPOS="1542"/>
							<String ID="string_196" HPOS="1561" VPOS="1679" WIDTH="15" HEIGHT="22" WC="0.92" CONTENT="å"/><SP WIDTH="17" VPOS="1679" HPOS="1576"/>
							<String ID="string_197" HPOS="1593" VPOS="1676" WIDTH="129" HEIGHT="26" WC="0.96" CONTENT="bestämd"/><SP WIDTH="17" VPOS="1676" HPOS="1722"/>
							<String ID="string_198" HPOS="1739" VPOS="1676" WIDTH="49" HEIGHT="28" WC="0.96" CONTENT="tid,"/><SP WIDTH="19" VPOS="1676" HPOS="1788"/>
							<String ID="string_199" HPOS="1807" VPOS="1675" WIDTH="85" HEIGHT="24" WC="0.96" CONTENT="varde"/><SP WIDTH="20" VPOS="1675" HPOS="1892"/>
							<String ID="string_200" HPOS="1912" VPOS="1674" WIDTH="78" HEIGHT="24" WC="0.96" CONTENT="detta"/>
						</TextLine>
						<TextLine ID="line_27" HPOS="396" VPOS="1724" WIDTH="205" HEIGHT="25">
							<String ID="string_201" HPOS="396" VPOS="1725" WIDTH="51" HEIGHT="24" WC="0.96" CONTENT="här"/><SP WIDTH="19" VPOS="1725" HPOS="447"/>
							<String ID="string_202" HPOS="466" VPOS="1724" WIDTH="135" HEIGHT="25" WC="0.95" CONTENT="anmärkt."/>
						</TextLine>
					</TextBlock>
					<TextBlock ID="block_12" HPOS="526" VPOS="1745" WIDTH="1463" HEIGHT="45">
						<TextLine ID="line_28" HPOS="526" VPOS="1745" WIDTH="1463" HEIGHT="45">
							<String ID="string_203" HPOS="526" VPOS="1760" WIDTH="10" HEIGHT="13" WC="0.77" CONTENT="+"/><SP WIDTH="19" VPOS="1760" HPOS="536"/>
							<String ID="string_204" HPOS="555" VPOS="1759" WIDTH="60" HEIGHT="24" WC="0.96" CONTENT="Här"/><SP WIDTH="13" VPOS="1759" HPOS="615"/>
							<String ID="string_205" HPOS="628" VPOS="1758" WIDTH="116" HEIGHT="32" WC="0.96" CONTENT="angivas"/><SP WIDTH="11" VPOS="1758" HPOS="744"/>
							<String ID="string_206" HPOS="755" VPOS="1756" WIDTH="81" HEIGHT="28" WC="0.96" CONTENT="tider,"/><SP WIDTH="12" VPOS="1756" HPOS="836"/>
							<String ID="string_207" HPOS="848" VPOS="1754" WIDTH="141" HEIGHT="26" WC="0.95" CONTENT="varunder"/><SP WIDTH="11" VPOS="1754" HPOS="989"/>
							<String ID="string_208" HPOS="1000" VPOS="1752" WIDTH="135" HEIGHT="32" WC="0.95" CONTENT="uppehåll"/><SP WIDTH="11" VPOS="1752" HPOS="1135"/>
							<String ID="string_209" HPOS="1146" VPOS="1752" WIDTH="11" HEIGHT="23" WC="0.96" CONTENT="i"/><SP WIDTH="11" VPOS="1752" HPOS="1157"/>
							<String ID="string_210" HPOS="1168" VPOS="1750" WIDTH="212" HEIGHT="32" WC="0.95" CONTENT="förrättningen,"/><SP WIDTH="14" VPOS="1750" HPOS="1380"/>
							<String ID="string_211" HPOS="1394" VPOS="1752" WIDTH="73" HEIGHT="21" WC="0.96" CONTENT="även"/><SP WIDTH="11" VPOS="1752" HPOS="1467"/>
							<String ID="string_212" HPOS="1478" VPOS="1749" WIDTH="37" HEIGHT="30" WC="0.96" CONTENT="på"/><SP WIDTH="12" VPOS="1749" HPOS="1515"/>
							<String ID="string_213" HPOS="1527" VPOS="1747" WIDTH="91" HEIGHT="32" WC="0.95" CONTENT="grund"/><SP WIDTH="12" VPOS="1747" HPOS="1618"/>
							<String ID="string_214" HPOS="1630" VPOS="1755" WIDTH="35" HEIGHT="16" WC="0.95" CONTENT="av"/><SP WIDTH="12" VPOS="1755" HPOS="1665"/>
							<String ID="string_215" HPOS="1677" VPOS="1745" WIDTH="166" HEIGHT="33" WC="0.95" CONTENT="gudstjänst,"/><SP WIDTH="15" VPOS="1745" HPOS="1843"/>
							<String ID="string_216" HPOS="1858" VPOS="1747" WIDTH="48" HEIGHT="29" WC="0.95" CONTENT="ägt"/><SP WIDTH="12" VPOS="1747" HPOS="1906"/>
							<String ID="string_217" HPOS="1918" VPOS="1751" WIDTH="71" HEIGHT="16" WC="0.96" CONTENT="rum."/>
						</TextLine>
					</TextBlock>
					<TextBlock ID="block_13" HPOS="395" VPOS="1780" WIDTH="1596" HEIGHT="76">
						<TextLine ID="line_29" HPOS="527" VPOS="1780" WIDTH="1464" HEIGHT="45">
							<String ID="string_218" HPOS="527" VPOS="1794" WIDTH="10" HEIGHT="14" WC="0.96" CONTENT="5"/><SP WIDTH="18" VPOS="1794" HPOS="537"/>
							<String ID="string_219" HPOS="555" VPOS="1793" WIDTH="60" HEIGHT="25" WC="0.96" CONTENT="Har"/><SP WIDTH="18" VPOS="1793" HPOS="615"/>
							<String ID="string_220" HPOS="633" VPOS="1794" WIDTH="94" HEIGHT="31" WC="0.93" CONTENT="någon"/><SP WIDTH="17" VPOS="1794" HPOS="727"/>
							<String ID="string_221" HPOS="744" VPOS="1791" WIDTH="156" HEIGHT="31" WC="0.92" CONTENT="förvägrats"/><SP WIDTH="21" VPOS="1791" HPOS="900"/>
							<String ID="string_222" HPOS="921" VPOS="1791" WIDTH="42" HEIGHT="22" WC="0.96" CONTENT="att"/><SP WIDTH="16" VPOS="1791" HPOS="963"/>
							<String ID="string_223" HPOS="979" VPOS="1791" WIDTH="87" HEIGHT="21" WC="0.96" CONTENT="utöva"/><SP WIDTH="17" VPOS="1791" HPOS="1066"/>
							<String ID="string_224" HPOS="1083" VPOS="1788" WIDTH="123" HEIGHT="26" WC="0.96" CONTENT="rösträtt,"/><SP WIDTH="20" VPOS="1788" HPOS="1206"/>
							<String ID="string_225" HPOS="1226" VPOS="1785" WIDTH="84" HEIGHT="24" WC="0.96" CONTENT="varde"/><SP WIDTH="20" VPOS="1785" HPOS="1310"/>
							<String ID="string_226" HPOS="1330" VPOS="1785" WIDTH="54" HEIGHT="27" WC="0.96" CONTENT="det,"/><SP WIDTH="20" VPOS="1785" HPOS="1384"/>
							<String ID="string_227" HPOS="1404" VPOS="1783" WIDTH="64" HEIGHT="25" WC="0.95" CONTENT="med"/><SP WIDTH="18" VPOS="1783" HPOS="1468"/>
							<String ID="string_228" HPOS="1486" VPOS="1783" WIDTH="104" HEIGHT="31" WC="0.96" CONTENT="tydligt"/><SP WIDTH="18" VPOS="1783" HPOS="1590"/>
							<String ID="string_229" HPOS="1608" VPOS="1780" WIDTH="156" HEIGHT="33" WC="0.96" CONTENT="angivande"/><SP WIDTH="19" VPOS="1780" HPOS="1764"/>
							<String ID="string_230" HPOS="1783" VPOS="1788" WIDTH="34" HEIGHT="16" WC="0.96" CONTENT="av"/><SP WIDTH="18" VPOS="1788" HPOS="1817"/>
							<String ID="string_231" HPOS="1835" VPOS="1786" WIDTH="156" HEIGHT="24" WC="0.96" CONTENT="personens"/>
						</TextLine>
						<TextLine ID="line_30" HPOS="395" VPOS="1821" WIDTH="824" HEIGHT="35">
							<String ID="string_232" HPOS="395" VPOS="1838" WIDTH="85" HEIGHT="16" WC="0.96" CONTENT="namn"/><SP WIDTH="19" VPOS="1838" HPOS="480"/>
							<String ID="string_233" HPOS="499" VPOS="1829" WIDTH="55" HEIGHT="24" WC="0.96" CONTENT="och"/><SP WIDTH="18" VPOS="1829" HPOS="554"/>
							<String ID="string_234" HPOS="572" VPOS="1828" WIDTH="119" HEIGHT="25" WC="0.95" CONTENT="orsaken"/><SP WIDTH="18" VPOS="1828" HPOS="691"/>
							<String ID="string_235" HPOS="709" VPOS="1826" WIDTH="45" HEIGHT="25" WC="0.96" CONTENT="till"/><SP WIDTH="19" VPOS="1826" HPOS="754"/>
							<String ID="string_236" HPOS="773" VPOS="1826" WIDTH="92" HEIGHT="25" WC="0.95" CONTENT="denna"/><SP WIDTH="17" VPOS="1826" HPOS="865"/>
							<String ID="string_237" HPOS="882" VPOS="1827" WIDTH="113" HEIGHT="29" WC="0.96" CONTENT="vägran,"/><SP WIDTH="20" VPOS="1827" HPOS="995"/>
							<String ID="string_238" HPOS="1015" VPOS="1823" WIDTH="50" HEIGHT="24" WC="0.96" CONTENT="här"/><SP WIDTH="19" VPOS="1823" HPOS="1065"/>
							<String ID="string_239" HPOS="1084" VPOS="1821" WIDTH="135" HEIGHT="25" WC="0.96" CONTENT="anmärkt."/>
						</TextLine>
					</TextBlock>
					<TextBlock ID="block_14" HPOS="527" VPOS="1851" WIDTH="1174" HEIGHT="39">
						<TextLine ID="line_31" HPOS="527" VPOS="1851" WIDTH="1174" HEIGHT="39">
							<String ID="string_240" HPOS="527" VPOS="1865" WIDTH="11" HEIGHT="13" WC="0.24" CONTENT="s"/><SP WIDTH="17" VPOS="1865" HPOS="538"/>
							<String ID="string_241" HPOS="555" VPOS="1863" WIDTH="60" HEIGHT="24" WC="0.93" CONTENT="Har"/><SP WIDTH="17" VPOS="1863" HPOS="615"/>
							<String ID="string_242" HPOS="632" VPOS="1861" WIDTH="138" HEIGHT="26" WC="0.91" CONTENT="röstsedel"/><SP WIDTH="18" VPOS="1861" HPOS="770"/>
							<String ID="string_243" HPOS="788" VPOS="1861" WIDTH="149" HEIGHT="24" WC="0.93" CONTENT="förklarats"/><SP WIDTH="20" VPOS="1861" HPOS="937"/>
							<String ID="string_244" HPOS="957" VPOS="1857" WIDTH="76" HEIGHT="33" WC="0.91" CONTENT="ogill,"/><SP WIDTH="19" VPOS="1857" HPOS="1033"/>
							<String ID="string_245" HPOS="1052" VPOS="1857" WIDTH="115" HEIGHT="31" WC="0.92" CONTENT="angives"/><SP WIDTH="21" VPOS="1857" HPOS="1167"/>
							<String ID="string_246" HPOS="1188" VPOS="1856" WIDTH="77" HEIGHT="24" WC="0.96" CONTENT="detta"/><SP WIDTH="17" VPOS="1856" HPOS="1265"/>
							<String ID="string_247" HPOS="1282" VPOS="1854" WIDTH="51" HEIGHT="24" WC="0.96" CONTENT="här"/><SP WIDTH="15" VPOS="1854" HPOS="1333"/>
							<String ID="string_248" HPOS="1348" VPOS="1854" WIDTH="88" HEIGHT="30" WC="0.95" CONTENT="jämte"/><SP WIDTH="18" VPOS="1854" HPOS="1436"/>
							<String ID="string_249" HPOS="1454" VPOS="1852" WIDTH="127" HEIGHT="33" WC="0.96" CONTENT="grunden"/><SP WIDTH="19" VPOS="1852" HPOS="1581"/>
							<String ID="string_250" HPOS="1600" VPOS="1851" WIDTH="101" HEIGHT="24" WC="0.96" CONTENT="därför."/>
						</TextLine>
					</TextBlock>
					<TextBlock ID="block_15" HPOS="529" VPOS="1883" WIDTH="1463" HEIGHT="45">
						<TextLine ID="line_32" HPOS="529" VPOS="1883" WIDTH="1463" HEIGHT="45">
							<String ID="string_251" HPOS="529" VPOS="1898" WIDTH="8" HEIGHT="14" WC="0.82" CONTENT="7"/><SP WIDTH="18" VPOS="1898" HPOS="537"/>
							<String ID="string_252" HPOS="555" VPOS="1898" WIDTH="60" HEIGHT="24" WC="0.93" CONTENT="Här"/><SP WIDTH="17" VPOS="1898" HPOS="615"/>
							<String ID="string_253" HPOS="632" VPOS="1900" WIDTH="139" HEIGHT="28" WC="0.91" CONTENT="upptages"/><SP WIDTH="19" VPOS="1900" HPOS="771"/>
							<String ID="string_254" HPOS="790" VPOS="1895" WIDTH="54" HEIGHT="25" WC="0.96" CONTENT="vad"/><SP WIDTH="18" VPOS="1895" HPOS="844"/>
							<String ID="string_255" HPOS="862" VPOS="1896" WIDTH="11" HEIGHT="23" WC="0.96" CONTENT="i"/><SP WIDTH="20" VPOS="1896" HPOS="873"/>
							<String ID="string_256" HPOS="893" VPOS="1894" WIDTH="91" HEIGHT="31" WC="0.96" CONTENT="övrigt"/><SP WIDTH="18" VPOS="1894" HPOS="984"/>
							<String ID="string_257" HPOS="1002" VPOS="1891" WIDTH="179" HEIGHT="26" WC="0.96" CONTENT="förekommit"/><SP WIDTH="18" VPOS="1891" HPOS="1181"/>
							<String ID="string_258" HPOS="1199" VPOS="1898" WIDTH="33" HEIGHT="16" WC="0.96" CONTENT="av"/><SP WIDTH="20" VPOS="1898" HPOS="1232"/>
							<String ID="string_259" HPOS="1252" VPOS="1888" WIDTH="197" HEIGHT="26" WC="0.96" CONTENT="beskaffenhet"/><SP WIDTH="19" VPOS="1888" HPOS="1449"/>
							<String ID="string_260" HPOS="1468" VPOS="1890" WIDTH="41" HEIGHT="22" WC="0.96" CONTENT="att"/><SP WIDTH="17" VPOS="1890" HPOS="1509"/>
							<String ID="string_261" HPOS="1526" VPOS="1887" WIDTH="67" HEIGHT="24" WC="0.96" CONTENT="böra"/><SP WIDTH="17" VPOS="1887" HPOS="1593"/>
							<String ID="string_262" HPOS="1610" VPOS="1887" WIDTH="11" HEIGHT="23" WC="0.96" CONTENT="i"/><SP WIDTH="18" VPOS="1887" HPOS="1621"/>
							<String ID="string_263" HPOS="1639" VPOS="1885" WIDTH="172" HEIGHT="32" WC="0.95" CONTENT="protokollet"/><SP WIDTH="19" VPOS="1885" HPOS="1811"/>
							<String ID="string_264" HPOS="1830" VPOS="1883" WIDTH="162" HEIGHT="25" WC="0.96" CONTENT="antecknas."/>
						</TextLine>
					</TextBlock>
				</ComposedBlock>
			</PrintSpace>
		</Page>
	</Layout>
</alto>
