2246 2618
174 241 149 32 Skiljaktig-

160 278 74 23 heter
250 277 95 23 mellan

146 311 97 32 Kungl.
263 311 91 31 Maj:ts

169 347 99 30 förslag
289 346 44 23 och

174 382 161 22 motionerna

212 416 75 23 1914.

169 1632 168 30 Bevillnings-

158 1667 134 23 utskottets
306 1667 38 22 be-

188 1702 130 22 tänkande

213 1736 75 23 1914.

175 1994 153 24 Kamrarna

214 2030 76 23 1914.

415 157 20 29 4
805 155 361 40 Bevillningsutskottets
1189 153 196 32 betänkande
1408 153 52 31 Nr
1482 155 52 31 28.

503 233 54 36 De
576 232 213 49 väsentliga
809 232 354 48 skiljaktigheterna
1184 231 136 36 mellan
1341 231 44 36 de
1402 231 144 47 förslag
1561 231 55 35 till
1633 230 223 37 brännvins-
1873 236 97 30 samt

374 285 75 36 vin-
471 285 69 35 och
561 284 221 36 ölhandelns
802 283 204 41 ordnande,
1028 296 80 23 som
1124 283 254 36 innefattades
1398 285 21 33 å
1439 295 71 23 ena
1529 282 106 35 sidan
1656 282 12 35 i
1685 282 285 49 propositionen

373 351 44 21 nr
446 338 72 33 242
548 336 70 36 och
648 339 20 32 å
696 335 117 36 andra
841 335 108 36 sidan
977 335 11 35 i
1017 334 234 37 sistnämnda
1270 337 47 45 på
1337 333 469 50 nykterhetskommitténs
1826 334 145 46 förslag

373 387 194 49 grundade
598 388 185 35 motioner
811 400 91 22 voro
931 386 181 49 följande:

505 438 33 49 1)
567 438 286 37 bestämmelser
880 451 60 23 om
962 438 219 36 kommunal
1202 437 320 48 folkomröstning
1541 436 138 36 funnos
1695 436 11 35 i
1723 437 246 36 motionerna.

373 504 85 23 men
488 490 185 36 saknades
702 490 12 35 i
741 490 303 49 propositionen;

503 541 35 49 2)
569 546 167 44 gränsen
776 541 137 37 mellan
953 542 225 48 rusdrycker
1222 541 68 36 och
1332 541 117 35 andra
1485 539 297 48 alkoholhaltiga
1811 539 160 49 drycker

373 594 95 36 hade
495 594 11 35 i
535 594 283 49 propositionen
846 593 215 48 föreslagits
1089 593 57 35 till
1175 595 58 33 3.6
1267 593 293 48 volymprocent,
1590 604 86 22 men
1705 591 11 35 i
1736 591 235 35 motionerna

373 646 56 35 till
459 644 74 42 2!/,
562 646 299 48 volymprocent;

508 698 34 47 3)
571 697 333 36 bestämmelserna
934 696 195 48 angående
1158 696 228 47 försäljning
1414 708 46 22 av
1495 695 61 35 vin
1577 694 71 36 och
1664 694 34 36 öl
1714 707 91 22 voro
1824 694 147 35 mindre

374 754 156 44 stränga
558 749 12 35 i
598 749 284 48 propositionen
911 753 47 30 än
986 749 12 34 1
1026 748 247 45 motionerna,
1303 746 118 36 vilket
1450 746 109 36 bland
1590 752 116 29 annat
1734 746 67 35 fått
1820 745 151 48 uttryck

373 801 11 35 i
425 800 486 49 importbestämmelserna,
954 800 12 35 i
1007 799 285 37 föreskrifterna
1333 803 79 30 mot
1453 798 152 47 salning
1647 803 97 30 samt
1777 796 194 49 angående

374 859 162 41 agentur
577 853 70 35 och
689 851 267 49 ombudsskap,
999 851 11 35 i
1045 850 261 48 stadgandena
1335 863 60 22 om
1424 850 103 35 vissa
1554 848 417 49 utskänkningsrättig-

373 905 107 35 heter
521 903 70 36 och
633 904 11 35 i
678 903 491 48 övergångsstadgandena,
1199 902 103 35 vilka
1330 901 119 47 enligt
1472 900 283 49 propositionen
1785 900 185 46 medgåvo

372 955 191 36 utövande
593 969 45 22 av
666 955 146 36 enskild
840 955 202 35 vinhandel
1070 954 99 36 ända
1198 953 56 36 till
1282 956 40 33 år
1353 954 112 43 1939;

503 1007 36 48 4)
567 1007 333 36 bestämmelserna
928 1020 59 22 om
1009 1012 52 30 ett
1077 1005 325 36 individualiserat
1419 1004 440 48 utminuteringssystem
1880 1016 91 23 voro

372 1059 195 48 detaljerat
608 1059 168 47 angivna
816 1059 10 34 i
856 1058 233 36 motionerna
1117 1057 69 36 och
1218 1059 139 45 avsågo
1386 1056 176 48 samtliga
1592 1055 233 48 rusdrycker,
1853 1055 120 35 under

374 1110 61 36 det
477 1116 53 30 att
570 1110 284 49 propositionen
895 1109 168 36 innehöll
1106 1109 158 35 allenast
1303 1121 45 22 en
1392 1108 165 48 generell
1599 1107 206 45 föreskrift,
1835 1111 53 31 att
1918 1113 53 29 ett

374 1161 123 49 dylikt
526 1161 390 48 försäljningssystem
945 1161 119 36 skulle
1092 1160 188 36 anordnas
1309 1160 11 35 i
1349 1160 108 47 fråga
1485 1172 59 23 om
1573 1158 271 49 spritdrycker;

505 1213 34 48 5)
570 1213 280 36 föreskrifterna
892 1226 58 22 om
993 1212 383 49 bolagsstyrelsernas
1419 1210 343 48 sammansättning
1802 1210 69 35 och
1900 1209 71 36 deu

374 1265 123 35 lokala
538 1265 212 36 kontrollen
788 1267 18 33 å
836 1265 181 47 bolagens
1046 1264 241 36 verksamhet
1314 1276 91 23 voro
1434 1262 12 35 i
1474 1262 284 49 propositionen
1786 1262 9 34 i
1826 1261 145 36 huvud-

374 1317 67 35 sak
469 1317 192 35 desamma
689 1330 81 22 som
799 1317 44 36 de
872 1330 50 21 nu
950 1315 187 49 gällande,
1166 1315 119 35 under
1314 1315 61 35 det
1403 1316 277 34 motionärerna
1708 1315 139 45 avsågo
1877 1312 94 36 både

374 1381 45 22 en
448 1382 124 22 annan
602 1368 345 48 sammansättning
975 1381 45 22 av
1048 1367 109 36 dessa
1185 1367 178 48 styrelser
1391 1366 71 36 och
1483 1371 50 30 ett
1553 1371 86 43 nytt
1659 1365 116 35 lokalt
1791 1364 181 36 kontroll-

374 1432 129 36 organ,
535 1420 410 44 kontrollnämnderna;

505 1471 35 48 6)
570 1471 312 36 ikraftträdandet
916 1485 47 22 av
990 1471 72 36 den
1092 1470 216 47 föreslagna
1336 1469 272 48 förordningen
1638 1468 96 36 hade
1764 1469 10 34 i
1802 1468 170 48 proposi-

373 1523 127 36 tionen
528 1523 217 49 föreslagits
774 1523 107 36 skola
909 1527 74 43 äga
1009 1536 82 22 rum
1121 1521 71 36 den
1225 1524 17 33 1
1268 1521 152 49 januari
1451 1522 108 45 1921,
1589 1533 87 23 men
1705 1520 11 35 i
1736 1519 236 36 motionerna

375 1575 71 36 den
478 1578 16 33 1
523 1575 151 48 januari
706 1577 108 34 1917.

502 1626 16 36 I
547 1626 254 36 betänkandet
830 1640 43 22 nr
902 1628 46 34 28
977 1626 62 36 vid
1071 1627 98 34 1914
1189 1628 60 33 års
1269 1637 129 23 senare
1413 1624 158 48 riksdag
1586 1636 123 35 avgav
1726 1623 246 45 bevillnings-

373 1679 186 35 utskottet
599 1678 193 36 utlåtande
834 1683 89 31 över
963 1677 249 36 förenämnda
1246 1676 279 48 propositioner
1552 1675 70 36 och
1651 1675 195 36 motioner.
1905 1674 67 36 Ut-

374 1730 140 36 skottet
555 1730 124 36 anslöt
721 1730 61 47 sig
822 1730 12 35 i
875 1729 198 36 huvudsak
1103 1728 56 36 till
1188 1728 45 36 de
1262 1728 153 48 förslag,
1445 1740 80 22 som
1555 1726 220 37 framburits
1802 1726 12 35 i
1843 1727 131 35 motio-

373 1794 128 34 nerna,
556 1794 85 23 men
696 1781 96 36 hade
837 1782 11 35 i
903 1781 190 36 desamma
1147 1780 79 36 dels
1281 1779 84 36 med
1410 1778 156 49 ledning
1611 1791 48 22 av
1705 1778 45 35 de
1794 1778 179 35 inkomna

373 1833 244 36 utlåtandena
658 1833 70 36 och
770 1833 140 48 Kungl.
954 1832 126 49 Maj:ts
1121 1831 143 48 förslag
1297 1831 102 48 gjort
1428 1830 101 35 vissa
1558 1829 170 37 formella
1756 1829 216 47 ändringar,

374 1885 78 36 dels
495 1885 70 36 ock
606 1885 84 36 med
736 1884 211 36 beaktande
988 1897 46 22 av
1075 1883 140 48 Kungl.
1259 1882 126 49 Maj:ts
1419 1881 143 48 förslag
1590 1881 163 47 vidtagit
1782 1880 190 47 åtskilliga

373 1937 206 47 ändringar
607 1937 11 35 i
648 1936 77 36 sak.

507 1988 69 36 Vid
618 1988 281 48 behandlingen
940 1988 12 35 i
993 1987 224 48 riksdagens
1261 1986 149 35 kamrar
1450 1998 47 22 av
1538 1983 436 49 bevillningsutskottets

375 2040 144 49 förslag
547 2039 202 49 godkände
779 2040 116 35 första
923 2040 218 35 kammaren
1169 2039 11 35 i
1209 2037 199 36 huvudsak
1436 2036 45 36 de
1501 2036 142 47 förslag
1662 2035 57 36 till
1738 2048 74 36 nya
1827 2035 148 35 författ-

375 2092 136 48 ningar
539 2092 69 36 och
629 2091 454 48 författningsändringar
1103 2095 99 31 samt
1221 2087 529 49 ersättningsbestämmelser,
1772 2099 78 23 som
1871 2087 104 35 inne-

375 2143 123 36 höllos
526 2144 12 35 i
566 2143 327 50 propositionerna
921 2156 44 22 nr
993 2144 72 34 242
1095 2142 72 36 och
1197 2142 87 45 258,
1311 2140 120 36 under
1459 2139 62 36 det
1549 2144 52 30 att
1622 2138 118 37 andra
1755 2138 219 36 kammaren

372 2195 12 35 i
412 2195 66 36 allt
519 2195 205 48 väsentligt
769 2194 199 48 godkände
1010 2194 61 36 det
1113 2194 156 47 förslag,
1299 2205 79 23 som
1409 2190 249 37 innefattades
1687 2191 12 35 i
1728 2190 245 48 bevillnings-

374 2247 203 36 utskottets
605 2246 248 37 betänkande.
