1882 2836
282 145 20 30 4
580 143 404 41 Bevillningsutskottets
1000 144 219 31 betänkande
1233 153 42 21 nr
1288 145 42 30 29
1344 144 39 31 år
1399 145 83 30 1969

993 226 18 30 8
1039 226 27 37 8.

331 289 98 30 Bank
452 290 81 29 eller
557 298 117 21 annan
697 289 359 41 penninginrättning,
1081 299 74 21 som
1178 290 160 40 mottagit
1361 290 194 41 insättning
1578 291 44 40 på
1647 291 125 31 utbild-

287 344 222 40 ningskonto,
528 344 64 30 har
610 346 49 28 att
677 344 97 40 varje
793 344 37 30 år
850 344 74 31 före
942 344 66 31 den
1029 345 15 29 1
1066 344 153 31 februari
1238 345 205 30 underrätta
1460 345 311 41 taxeringsnämnd

285 399 11 29 i
313 399 276 30 vederbörandes
608 399 328 30 hemortskommun
954 408 57 21 om
1030 399 264 40 sammanlagda
1310 399 160 41 beloppet
1489 409 42 21 av
1548 400 110 30 under
1677 401 93 29 näst-

286 452 207 40 föregående
507 453 207 30 kalenderår
728 453 214 30 verkställda
956 454 244 39 insättningar.

992 544 19 30 9
1038 543 28 38 8.

330 607 124 40 Kungl.
481 607 105 40 Maj:t
613 607 79 40 äger
718 606 158 31 meddela
902 606 41 31 de
968 607 161 30 närmare
1155 607 231 35 föreskrifter,
1413 617 75 21 som
1515 608 175 31 erfordras
1716 608 54 30 för

284 661 222 40 tillämpning
522 671 41 20 av
577 661 113 30 denna
706 661 215 40 förordning.

329 779 122 30 Denna
470 778 205 41 förordning
694 778 117 31 träder
830 779 11 29 i
859 778 96 30 kraft
974 778 66 31 den
1061 779 15 29 1
1096 779 142 40 januari
1260 778 94 36 1970,
1374 779 88 30 dock
1482 781 49 29 att
1551 780 219 30 bestämmel-

286 842 101 21 serna
408 833 76 30 icke
507 833 88 30 skall
618 833 176 39 tillämpas
816 833 58 30 vid
898 833 82 30 1970
1004 833 56 30 års
1082 834 158 39 taxering
1262 834 82 30 eller
1366 834 57 29 vid
1446 834 246 40 eftertaxering
1715 834 54 30 för

286 885 82 30 1970
384 886 81 30 eller
482 886 143 39 tidigare
641 886 48 29 år.

935 1073 29 40 c)
981 1071 145 43 Förslag

1001 1139 51 30 till

307 1213 73 44 Lag
400 1226 60 21 om
476 1214 149 43 ändring
641 1215 11 31 i
668 1214 431 44 kommunalskattelagen
1115 1215 67 33 den
1198 1214 44 33 28
1259 1215 195 43 september
1471 1215 89 33 1928
1577 1216 61 44 (nr
1655 1215 85 45 370)

328 1318 211 39 Härigenom
559 1318 196 34 förordnas,
775 1320 48 28 att
843 1318 40 31 39
905 1319 15 37 $
941 1319 18 30 3
979 1328 104 21 mom.
1103 1320 425 40 kommunalskattelagen
1549 1320 65 30 den
1635 1318 40 32 28
1696 1330 73 30 sep-

283 1371 132 29 tember
441 1371 82 30 1928
548 1372 89 29 skall
661 1372 132 30 erhålla
817 1372 157 40 följande
998 1373 152 30 ändrade
1174 1373 139 39 lydelse,
1339 1375 50 28 att
1413 1374 52 29 till
1490 1374 156 39 följande
1670 1383 99 30 para-

284 1425 115 39 grafer
427 1426 10 29 i
466 1435 134 20 samma
628 1426 54 39 lag
711 1426 98 30 skola
836 1426 98 40 fogas
963 1436 67 30 nya
1057 1428 155 28 moment
1241 1436 42 21 av
1310 1427 114 30 nedan
1453 1428 146 39 angiven
1627 1428 140 40 lydelse,

283 1480 176 39 nämligen
478 1480 52 29 till
551 1480 40 29 22
613 1480 15 36 $
650 1482 48 27 ett
718 1483 166 31 moment,
904 1481 183 29 betecknat
1108 1480 28 35 4,
1157 1481 53 29 till
1231 1481 39 30 25
1293 1481 16 37 8
1331 1483 47 28 ett
1399 1484 165 32 moment,
1584 1482 183 30 betecknat

283 1532 30 34 4,
332 1534 52 29 till
403 1534 40 29 29
465 1534 14 36 $
501 1536 47 27 ett
567 1536 165 32 moment,
751 1534 183 30 betecknat
954 1535 29 33 5,
1005 1537 90 27 samt
1113 1535 52 29 till
1184 1535 42 30 46
1247 1535 15 37 $
1284 1537 47 28 ett
1350 1538 165 31 moment,
1535 1536 183 29 betecknat
1738 1536 30 34 5,

283 1587 164 30 ävensom
466 1589 49 28 att
535 1587 51 30 till
606 1587 272 40 anvisningarna
897 1588 51 30 till
968 1589 39 29 22
1029 1588 15 38 $
1066 1597 134 22 samma
1219 1590 54 39 lag
1293 1589 88 30 skall
1402 1589 97 40 fogas
1518 1599 42 20 en
1579 1599 47 30 ny
1643 1591 124 38 punkt,

280 1641 193 30 betecknad
489 1641 29 34 9,
534 1651 41 20 av
590 1641 64 30 den
670 1642 129 39 lydelse
816 1651 72 21 som
905 1642 113 30 nedan
1035 1643 87 39 sägs.

977 1732 40 30 22
1045 1733 26 36 8.

324 1793 19 29 4
365 1802 104 20 mom.
491 1794 125 39 Fysisk
637 1803 137 30 person,
798 1803 73 21 som
893 1794 77 31 haft
990 1795 115 30 intäkt
1127 1804 119 21 varom
1268 1796 11 29 i
1300 1795 39 30 21
1365 1796 15 37 $
1404 1796 175 35 förmäles,
1604 1797 78 39 äger
1704 1796 62 30 där

281 1847 279 30 bruttointäkten
581 1848 188 40 överstiger
789 1849 263 39 sammanlagda
1071 1849 160 40 beloppet
1251 1859 42 20 av
1313 1850 41 29 de
1373 1851 11 28 i
1406 1850 15 29 1
1443 1851 82 29 eller
1558 1850 6 30 3
1585 1859 104 21 mom.
1712 1860 54 20 av-

281 1901 105 30 sedda
404 1902 246 34 kostnaderna,
670 1903 120 29 utöver
809 1902 128 40 avdrag
956 1903 53 29 för
1028 1903 101 30 dessa
1146 1903 198 35 kostnader,
1365 1904 139 40 åtnjuta
1522 1907 97 27 extra
1637 1905 128 39 avdrag

280 1955 79 29 med
375 1955 63 30 400
455 1956 140 29 kronor.
612 1956 71 29 Har
700 1956 66 29 den
783 1957 253 39 skattskyldige
1052 1957 111 29 under
1180 1957 318 40 beskattningsåret
1514 1959 89 29 varit
1620 1959 65 39 gift
1701 1959 64 29 och

281 2009 67 29 levt
374 2009 234 30 tillsammans
635 2009 79 30 med
741 2010 109 29 andra
876 2010 138 35 maken,
1041 2011 57 29 må
1124 2020 47 20 nu
1199 2013 109 28 avsett
1335 2011 129 40 avdrag
1491 2011 54 31 för
1572 2012 78 30 dem
1676 2012 90 30 båda

280 2065 210 35 gemensamt
505 2063 152 37 åtnjutas
672 2064 78 29 med
765 2064 59 30 800
840 2064 138 30 kronor.
995 2065 13 28 I
1024 2065 84 30 intet
1123 2065 62 30 fall
1201 2065 56 30 må
1272 2065 88 30 dock
1377 2066 233 40 skattskyldig
1626 2066 139 42 åtnjuta

280 2118 95 28 extra
393 2117 128 40 avdrag
539 2117 78 29 med
635 2118 105 38 högre
757 2118 124 39 belopp
900 2119 43 28 än
962 2127 73 21 som
1055 2128 117 20 svarar
1189 2122 72 27 mot
1280 2119 195 30 skillnaden
1490 2121 127 29 mellan
1634 2121 131 29 brutto-

279 2170 159 30 intäkten
461 2171 64 29 och
548 2180 163 21 summan
734 2181 41 20 av
798 2172 41 29 de
860 2172 11 29 i
896 2172 15 29 1
936 2173 82 29 eller
1052 2172 7 29 3
1082 2182 104 20 mom.
1212 2173 150 29 avsedda
1384 2174 237 29 kostnaderna
1643 2175 65 28 och
1730 2174 30 39 ej

278 2224 108 30 heller
406 2225 79 29 med
504 2225 106 40 högre
627 2225 124 40 belopp
772 2226 44 29 än
836 2235 74 21 som
930 2228 193 28 motsvarar
1142 2227 20 29 4
1181 2229 144 37 procent
1344 2237 42 20 av
1406 2227 65 29 den
1493 2228 270 39 skattskyldiges

278 2278 11 30 i
304 2278 204 37 jordbruket
525 2279 167 37 nedlagda
709 2279 256 38 skattepliktiga
981 2280 248 37 förmögenhet.
1246 2281 104 30 Extra
1367 2281 128 39 avdrag
1513 2291 74 20 som
1604 2282 64 29 här
1686 2283 77 38 sägs

278 2332 57 29 må
351 2332 128 34 vidare,
497 2333 233 30 tillsammans
748 2333 78 30 med
843 2333 288 31 förekommande
1148 2336 96 28 extra
1262 2335 128 39 avdrag
1407 2335 104 39 enligt
1529 2336 39 29 25
1589 2335 14 37 £
1622 2335 20 29 4
1659 2345 103 20 mom.

277 2386 65 29 och
361 2386 39 30 29
421 2386 15 37 $
456 2387 17 29 5
493 2396 115 25 mom.,
627 2387 123 30 endast
768 2387 158 40 åtnjutas
945 2388 10 29 i
973 2388 66 29 den
1058 2388 82 30 mån
1159 2388 128 40 avdrag
1305 2389 106 39 enligt
1430 2388 40 30 39
1491 2389 15 37 $
1526 2389 18 29 3
1564 2398 103 21 mom.
1686 2390 77 29 icke

277 2440 136 29 kunnat
428 2441 246 39 tillgodogöras
688 2451 42 20 av
745 2441 66 29 den
828 2442 262 39 skattskyldige.
