1878 2827
401 154 405 39 Bevillningsutskottets
822 154 218 30 betänkande
1054 164 42 20 nr
1110 156 41 28 29
1166 156 38 29 år
1220 156 83 29 1969
1573 159 18 29 7

111 234 224 40 skattevägen
355 235 180 30 stimulera
553 236 220 39 nysparande
793 236 64 29 och
875 236 94 30 vilka
988 236 130 30 former
1139 246 73 20 som
1232 237 121 30 därvid
1371 238 106 30 borde
1496 239 97 29 kom-

110 297 56 20 ma
183 289 11 28 i
212 288 108 39 fråga.
339 289 121 29 Denna
478 289 263 40 undersökning
757 290 229 30 verkställdes
1005 300 41 20 av
1064 291 230 39 utredningen
1313 300 56 21 om
1389 292 204 39 sparstimu-

109 342 141 29 lerande
270 342 170 40 åtgärder,
462 352 74 20 som
556 343 171 30 framlade
746 344 180 29 resultatet
947 354 41 20 av
1008 345 58 29 sitt
1086 345 115 29 arbete
1221 345 11 29 i
1252 347 47 27 ett
1318 346 11 29 i
1348 346 125 39 början
1494 355 41 21 av
1555 346 38 30 år

112 396 81 30 1961
212 397 132 38 avgivet
360 397 221 30 betänkande
603 397 100 34 (SOU
723 398 98 29 1961:
838 398 50 34 2).
905 399 130 29 Därvid
1051 399 185 29 förordade
1253 399 231 40 utredningen
1500 400 94 30 vissa

111 449 157 38 åtgärder
282 451 11 29 i
310 450 89 37 syfte
415 452 48 28 att
479 450 127 38 främja
623 452 182 37 sparandet
821 452 44 37 på
880 454 105 28 annat
1001 453 65 29 sätt
1083 453 44 29 än
1142 460 121 30 genom
1280 454 169 30 lättnader
1464 454 58 30 vid
1538 454 56 30 be-

111 504 234 39 skattningen.
367 504 49 30 Bl.
438 514 29 20 a.
488 505 169 39 föreslogs
678 505 183 31 införande
882 516 42 19 av
945 515 41 20 en
1007 516 46 30 ny
1074 506 173 40 sparform
1269 507 86 30 efter
1376 508 11 28 i
1407 508 187 29 huvudsak

110 567 135 20 samma
266 558 178 40 riktlinjer
467 568 73 20 som
563 559 218 39 ungdomens
802 560 242 40 lönsparande,
1067 561 166 29 benämnt
1256 562 178 29 allmänna
1455 562 140 39 lönspa-

109 612 133 29 randetl.
264 612 128 30 Vidare
413 613 185 29 förordade
620 613 231 39 utredningen
872 614 93 29 vissa
986 614 159 39 åtgärder
1167 615 11 28 i
1201 615 90 39 syfte
1312 617 49 27 att
1384 615 130 39 främja
1535 616 59 29 bo-

112 665 295 40 stadssparandet.
425 667 165 29 Däremot
607 667 107 39 ansåg
731 667 222 40 majoriteten
969 668 11 29 i
997 668 231 40 utredningen
1246 668 55 30 det
1319 669 71 29 inte
1406 679 82 20 vara
1505 669 89 40 möj-

110 719 61 40 ligt
190 721 50 28 att
259 719 142 31 förorda
420 722 48 28 att
488 720 56 30 det
562 721 108 29 totala
689 721 158 30 enskilda
867 722 186 39 sparandet
1073 722 242 31 stimulerades
1334 731 123 31 genom
1476 733 42 20 en
1537 723 57 30 de-

111 773 116 30 finitiv
253 774 320 40 skatteminskning
598 776 67 28 satt
690 775 11 29 i
725 776 147 29 relation
897 776 52 29 till
976 776 56 30 det
1056 776 124 40 belopp
1207 786 74 20 som
1306 777 144 29 insattes
1476 777 44 40 på
1545 779 49 28 ett

111 827 141 30 särskilt
278 828 118 29 konto.
425 828 391 40 Sammanfattningsvis
842 830 246 30 konstaterade
1115 830 231 40 utredningen
1372 830 222 30 beträffande

110 881 269 40 möjligheterna
399 884 49 27 att
467 890 123 32 genom
610 885 47 27 ett
676 884 129 38 system
824 883 78 30 med
922 883 160 30 definitiv
1101 884 318 40 skatteminskning
1440 885 154 30 stimule-

109 944 40 20 ra
169 936 198 39 sparandet,
388 938 49 27 att
459 936 56 30 det
534 936 72 30 inte
626 937 59 39 går
707 939 49 27 att
777 937 122 30 endast
918 938 173 39 premiera
1112 938 123 30 sådant
1257 939 181 39 sparande,
1460 948 74 21 som
1556 940 37 28 är

110 989 203 29 framkallat
339 999 41 20 av
405 990 111 39 själva
540 991 460 39 premieringsförfarandet.
1027 992 258 39 Premieringen
1310 992 110 30 måste
1446 993 148 29 omfatta

111 1043 86 29 även
217 1043 122 34 medel,
361 1052 75 21 som
456 1044 123 29 härrör
599 1044 80 30 från
700 1045 180 39 sparande,
904 1054 73 21 som
999 1045 89 30 ändå
1110 1046 111 29 skulle
1242 1047 44 29 ha
1308 1046 101 34 skett,
1432 1049 88 27 samt
1542 1046 52 30 så-

111 1096 91 30 dana
217 1097 122 34 medel,
355 1097 94 30 vilka
463 1098 123 29 härrör
602 1098 79 29 från
696 1098 146 39 tidigare
857 1099 182 39 befintliga
1054 1099 195 39 tillgångar.
1266 1100 328 39 Premieringskost-

111 1150 156 30 naderna
289 1151 113 29 skulle
424 1151 79 29 med
527 1152 44 28 all
596 1152 221 29 sannolikhet
840 1152 47 29 bli
909 1153 72 29 lika
1006 1155 92 27 stora
1122 1162 74 20 som
1221 1154 80 29 eller
1326 1154 109 30 större
1460 1155 41 28 än
1527 1154 66 29 den

111 1204 231 30 framkallade
369 1205 358 39 sparandeökningen.
754 1206 126 30 Vidare
906 1207 112 29 skulle
1043 1207 235 29 kostnaderna
1304 1207 141 30 komma
1471 1209 49 28 att
1545 1208 48 29 bli

111 1267 41 20 av
172 1258 65 28 den
260 1258 344 40 storleksordningen
626 1261 48 27 att
696 1259 40 30 de
757 1259 117 30 kunde
896 1260 35 29 få
951 1260 194 39 betydande
1166 1261 209 39 verkningar
1396 1261 44 39 på
1462 1263 131 28 statens

110 1311 65 30 och
189 1312 275 30 kommunernas
480 1312 166 30 finanser.

154 1366 238 40 Utredningen
416 1366 216 31 behandlade
658 1368 85 29 även
767 1367 123 40 frågan
915 1377 56 20 om
997 1370 46 27 ett
1069 1371 128 37 system
1222 1369 53 29 för
1301 1369 292 39 sparpremiering

110 1420 103 39 byggt
237 1420 45 39 på
305 1420 218 40 uppskjuten
547 1421 223 40 beskattning
795 1422 64 29 och
884 1422 85 29 fann
995 1422 120 29 därvid
1141 1424 49 27 att
1215 1424 47 28 ett
1287 1422 202 30 förfarande
1514 1423 79 30 med

111 1474 160 39 uppskov
291 1474 79 29 med
391 1474 268 40 beskattningen
681 1475 54 29 för
756 1477 47 28 ett
827 1477 115 38 sparat
964 1476 124 39 belopp
1111 1476 176 30 sannolikt
1308 1477 114 29 skulle
1442 1477 77 29 leda
1540 1476 52 30 till

111 1537 41 20 en
171 1528 70 29 viss
262 1528 305 40 sparandeökning
586 1538 42 20 av
645 1529 188 40 långsiktig
852 1530 177 29 karaktär.
1051 1530 201 30 Införandet
1272 1540 40 20 av
1331 1531 262 29 bestämmelser

111 1582 123 29 härom
257 1591 60 20 var
341 1582 191 29 emellertid
555 1583 52 29 till
630 1583 169 39 väsentlig
823 1583 54 30 del
899 1583 71 30 inte
994 1584 121 30 enbart
1140 1593 40 20 en
1204 1583 99 40 fråga
1326 1594 57 20 om
1407 1586 49 28 att
1480 1584 114 30 åstad-

111 1635 142 30 komma
276 1645 41 20 en
342 1636 185 29 stimulans
550 1646 42 20 av
615 1637 186 39 sparandet
824 1639 85 28 utan
933 1638 85 29 även
1042 1647 42 20 en
1108 1638 98 39 fråga
1229 1647 56 20 om
1307 1638 287 39 inkomstutjäm-

111 1689 83 39 ning
216 1690 128 29 mellan
367 1690 93 29 olika
481 1690 48 29 år.
551 1691 58 28 Ett
632 1690 130 40 förslag
783 1691 11 29 i
816 1691 93 30 detta
931 1691 199 30 hänseende
1151 1692 82 29 kom
1256 1692 118 29 därför
1397 1694 50 27 att
1468 1693 11 29 i
1501 1692 93 30 olika

113 1743 192 29 avseenden
322 1743 122 30 beröra
460 1744 176 38 pågående
654 1744 342 39 skatteutredningar
1013 1745 64 29 och
1093 1746 45 28 ha
1156 1745 168 30 samband
1341 1746 78 29 med
1437 1755 41 20 av
1494 1746 100 29 dessa

111 1796 218 30 behandlade
346 1796 117 40 frågor
480 1797 64 29 och
561 1797 105 30 borde
684 1797 118 30 därför
820 1799 52 29 tas
889 1807 71 30 upp
977 1798 51 30 till
1047 1798 237 40 övervägande
1300 1799 11 29 i
1330 1799 167 30 samband
1515 1799 79 30 med

112 1850 117 39 övriga
245 1851 243 39 skattefrågor.

156 1905 70 28 Mot
255 1904 250 39 utredningens
535 1905 386 39 ståndpunktstagande
950 1907 10 28 i
989 1906 98 39 fråga
1115 1915 56 20 om
1201 1907 324 39 skattepremiering
1554 1917 41 19 av

113 1958 168 36 sparande
302 1958 163 30 anfördes
485 1958 57 30 två
562 1959 262 29 reservationer.
845 1959 253 30 Ledamöterna
1119 1960 211 34 Antonsson,
1351 1960 157 30 Brundin
1530 1961 65 29 och

111 2012 181 29 Danmans
314 2011 184 31 förordade
522 2012 146 30 sålunda
689 2012 184 31 införande
895 2023 42 20 av
958 2013 129 30 former
1110 2013 53 30 för
1187 2014 290 40 sparpremiering
1501 2014 93 30 såväl

112 2073 124 31 genom
261 2066 159 29 definiliv
444 2066 318 40 skatteminskning
785 2067 11 29 i
820 2067 91 29 form
935 2077 42 19 av
999 2068 68 28 rätt
1092 2068 51 29 till
1167 2067 128 40 avdrag
1319 2067 53 30 för
1396 2068 199 39 avsättning

112 2119 52 29 till
184 2120 173 29 särskilda
376 2120 215 39 sparkonton
611 2129 73 21 som
704 2128 123 31 genom
846 2121 216 39 uppskjuten
1081 2121 223 40 beskattning
1324 2130 123 31 genom
1465 2122 130 39 uljäm-

112 2174 248 39 ningskonton.
377 2174 213 29 Ledamoten
607 2174 200 30 Antonsson
825 2175 154 30 uttalade
997 2175 50 39 sig
1064 2175 172 40 därjämte
1254 2175 54 30 för
1326 2185 40 20 en
1384 2175 210 40 premiering

112 2237 41 19 av
168 2228 85 28 även
268 2230 106 27 annat
391 2228 171 39 sparande
577 2229 43 28 än
636 2228 40 30 de
690 2228 154 30 nämnda
859 2228 177 30 formerna
1051 2229 53 29 för
1118 2229 278 39 banksparande.

157 2281 12 29 I
193 2291 97 30 prop.
317 2281 97 30 1961:
433 2281 60 30 160
518 2282 188 30 framlades
730 2282 130 40 förslag
883 2283 52 29 till
957 2282 148 40 höjning
1128 2283 79 29 med
1231 2292 41 20 en
1295 2283 169 39 tredjedel
1488 2293 41 20 av
1553 2284 42 29 de

113 2335 183 29 skattefria
313 2336 291 39 bottenbeloppen
622 2335 54 30 för
694 2336 154 29 inkomst
867 2346 41 20 av
925 2337 132 39 kapital
1076 2336 42 30 fr.
1137 2346 28 20 o.
1184 2346 45 20 m.
1250 2337 82 29 1962
1351 2337 56 29 års
1426 2337 167 39 laxering.

112 2390 210 38 Härigenom
346 2390 110 28 skulle
479 2390 304 39 maximibeloppet
806 2390 53 29 för
882 2390 55 29 det
961 2399 24 20 s.
1007 2390 33 29 k.
1065 2390 253 39 sparavdraget,
1341 2391 107 29 vilket
1470 2391 123 29 dittills

112 2443 132 39 utgjort
261 2442 62 30 300
340 2443 62 34 kr.,
420 2443 81 30 eller
518 2443 54 29 för
588 2443 123 29 makar
728 2445 213 37 gemensamt
959 2443 62 30 600
1038 2444 61 34 kr.,
1118 2444 142 29 komma
1277 2446 49 28 att
1342 2444 102 39 höjas
1460 2444 52 30 till
1530 2444 63 30 400

111 2505 89 31 resp.
222 2496 62 29 800
306 2497 51 28 kr.
382 2496 81 30 1961
487 2496 57 30 års
564 2496 205 40 vårriksdag
790 2497 99 29 biföll
911 2497 175 39 förslaget.
1109 2497 130 30 Genom
1263 2497 82 30 1963
1368 2498 56 29 års
1445 2498 148 39 lagstift-

112 2551 83 38 ning
218 2550 95 34 (med
330 2550 223 39 tillämpning
571 2551 41 29 fr.
632 2559 29 21 o.
680 2560 44 19 m.
745 2550 83 30 1964
846 2551 56 29 års
920 2551 174 39 taxering)
1118 2551 329 30 omkonstruerades
1467 2552 55 29 det
1542 2561 52 20 so-
