1870 2784
412 170 123 30 Första
555 165 246 42 lagutskottets
822 161 178 31 utlåtande
1020 168 42 20 nr
1081 159 38 29 41
1141 157 39 30 år
1202 156 80 30 1961

1565 151 36 30 13

103 258 228 41 möjligheten
356 257 49 28 att
429 254 38 30 få
491 251 141 31 rättelse
656 250 53 30 till
734 247 103 31 stånd
861 247 86 28 utan
972 243 138 30 formell
1136 238 245 38 anmärkning.
1406 236 53 30 Då
1482 233 119 31 härtill

102 312 158 28 kommer
281 309 51 28 att
352 306 41 30 de
414 307 10 29 i
446 303 167 38 förslaget
634 302 180 37 upptagna
834 292 377 43 delgivningsreglerna
1232 289 97 30 torde
1350 287 46 40 på
1416 288 48 28 ett
1486 287 119 27 natur-

107 360 62 39 ligt
190 359 68 30 sätt
280 357 140 30 ansluta
440 354 53 30 till

513 353 68 30 vad
603 360 74 22 som
699 349 107 41 gäller
827 347 44 40 på
892 346 119 38 övriga
1032 342 168 31 områden
1223 349 40 21 av
1284 337 182 33 rättslivet,
1489 335 117 29 finner

108 409 170 30 utskottet
299 407 30 40 ej
355 404 188 39 anledning
565 404 51 28 att
637 399 176 40 tillstyrka
834 406 43 21 en
898 393 177 40 utvidgad,
1099 390 219 33 förfarandet
1340 386 175 42 tyngande
1537 384 70 30 del-

108 456 370 43 givningsskyldighet.

155 510 79 29 Som
256 506 260 31 motionärerna
536 502 152 41 påpekat
709 500 61 29 bör
792 499 67 29 den
880 495 150 39 oriktiga
1051 492 256 38 hänvisningen
1327 489 12 29 i
1360 489 19 30 8
1403 488 15 37 $
1442 487 167 38 förslaget

110 560 52 29 till
181 557 205 39 förordning
404 565 58 20 om
480 552 219 32 förfarandet
718 550 11 29 i
748 545 325 40 anmärkningsmål
1092 544 120 29 rättas.

156 610 12 28 I
191 608 110 31 andra
322 608 44 29 än
388 615 46 20 nu
458 603 143 31 särskilt
622 599 217 32 behandlade
861 596 194 31 avseenden
1077 594 64 29 har
1163 592 170 30 utskottet
1354 590 30 39 ej
1410 587 119 31 funnit
1552 595 59 21 an-

111 659 142 38 ledning
275 658 52 29 till
351 654 234 38 anmärkning
608 653 72 28 mot
703 649 126 39 Kungl.
852 647 124 40 Maj:ts
1000 643 229 32 förevarande
1252 641 141 38 förslag.

157 708 117 31 Under
292 705 211 39 hänvisning
520 704 53 29 till
592 703 57 29 det
668 700 149 31 anförda
834 698 55 30 får
907 697 171 29 utskottet
1096 692 195 33 hemställa,

467 756 50 28 att
535 752 187 39 riksdagen
740 750 11 29 i
771 747 188 39 anledning
978 755 42 20 av
1038 742 229 33 förevarande
1285 739 217 42 proposition
1523 739 90 29 samt

423 804 221 31 motionerna
669 802 28 29 1:
713 800 64 30 653
801 799 65 30 och
892 797 44 30 II:
954 795 63 31 774
1040 795 109 29 måtte
1172 812 45 3 —
1239 791 80 30 med
1344 789 195 39 förklaring
1564 789 50 28 att

422 855 188 38 riksdagen
629 851 118 30 funnit
765 850 72 30 viss
856 847 148 38 ändring
1023 846 84 29 böra
1125 844 159 38 vidtagas
1303 842 11 29 i
1333 841 42 29 de
1394 848 123 32 genom
1538 847 77 31 pro-

427 904 198 41 positionen
655 900 196 39 framlagda
881 894 408 41 författningsförslagen
1317 910 45 3 -—
1391 890 54 31 för
1476 889 55 30 sin
1562 888 54 30 del

427 957 126 37 antaga
575 954 101 29 dessa
697 951 131 38 förslag
848 948 80 30 med
948 948 68 28 den
1038 945 193 38 ändringen
1253 942 86 34 däri,
1361 943 50 28 att
1432 941 19 29 8
1476 940 15 37 8
1514 940 11 28 i
1548 938 69 30 för-

426 1004 195 39 ordningen
638 1011 57 21 om
713 999 219 32 förfarandet
949 998 11 29 i
979 993 326 40 anmärkningsmål
1323 991 148 31 erhåller
1489 989 129 40 följan-

424 1056 42 29 de
487 1054 116 31 såsom
625 1051 187 30 utskottets
832 1048 132 41 förslag
984 1045 213 31 betecknade
1217 1043 145 40 lydelse:

257 1157 143 40 (Kungl.
416 1156 125 39 Maj:ts
557 1152 149 41 förslag)

1105 1145 212 36 (Utskottets
1333 1141 149 41 förslag)

833 1233 68 37 88.

167 1311 71 29 Har
265 1317 117 22 annan
407 1302 376 41 revisionsmyndighet
810 1301 43 29 än

115 1361 271 31 kammarrätten
404 1357 171 31 meddelat
594 1354 131 37 slutligt
742 1352 113 30 beslut

123 1412 12 29 i
170 1407 325 40 anmärkningsmål
530 1405 65 30 och
630 1404 64 29 har
728 1402 30 39 ej
797 1410 59 21 an-

124 1460 234 38 märkningen
374 1457 122 30 därvid
514 1455 152 30 avvisats
682 1452 79 30 med
779 1450 77 32 stöd

127 1521 41 20 av
192 1511 18 29 5
237 1510 27 37 $,
290 1509 57 29 må
371 1508 95 29 talan
490 1508 73 27 mot
587 1504 149 30 beslutet
761 1502 95 29 föras

128 1569 123 32 genom
277 1559 122 30 besvär
424 1558 64 28 hos
513 1554 278 31 kammarrätten
817 1561 41 20 av

127 1611 157 30 revisorn
304 1611 90 28 samt
414 1617 42 20 av
474 1605 205 40 myndighet
698 1604 82 29 eller
800 1611 59 21 an-

128 1671 80 24 nan,
244 1662 73 27 mot
350 1668 79 20 vars
463 1656 200 38 räkenskap
698 1653 162 30 anmärk-

131 1712 128 38 ningen
287 1710 136 33 riktats,
453 1709 164 28 ävensom
646 1714 41 21 av
716 1704 144 39 tjänste-

129 1770 93 25 man,
242 1769 75 21 som
333 1760 11 29 i
361 1760 20 29 3
400 1759 14 37 $
435 1759 87 38 sägs,
541 1757 65 29 och
625 1756 176 38 sakägare.

939 1300 71 29 Har
1037 1306 116 22 annan
1179 1292 377 41 revisionsmyndighet
1582 1291 44 28 än

895 1349 279 31 kammarrätten
1205 1345 174 30 meddelat
1409 1342 134 39 slutligt
1571 1340 57 30 be-

897 1401 70 29 slut
990 1400 4 28 i
1012 1395 326 40 anmärkningsmål
1354 1394 65 29 och
1435 1393 65 29 har
1517 1392 30 39 ej
1569 1400 59 20 an-

897 1448 233 39 märkningen
1147 1446 123 30 därvid
1287 1444 151 30 avvisats
1454 1442 79 30 med
1552 1440 76 31 stöd

899 1510 41 19 av
964 1500 18 29 5
1009 1499 27 36 $,
1061 1498 59 29 må
1143 1497 96 29 talan
1263 1497 73 27 mot
1359 1494 149 29 beslutet
1533 1492 95 29 föras

900 1558 124 31 genom
1048 1548 124 29 besvär
1197 1547 63 29 hos
1285 1543 279 31 kammarrätten
1590 1550 40 20 av

899 1600 156 30 revisorn
1078 1599 87 29 samt
1186 1606 42 21 av
1249 1595 200 38 myndighet
1469 1594 84 29 eller
1573 1602 58 20 an-

900 1660 80 24 nan,
1016 1650 72 28 mot
1122 1656 79 21 vars
1235 1645 198 38 räkenskap
1469 1642 163 31 anmärk-

899 1701 129 38 ningen
1056 1699 137 32 riktats,
1224 1698 164 28 ävensom
1418 1703 41 21 av
1488 1693 145 40 tjänste-

902 1760 93 24 man,
1014 1758 75 21 som
1105 1748 11 29 i
1134 1748 19 29 4
1173 1748 14 36 3
1208 1748 88 38 sägs,
1314 1746 65 29 och
1396 1745 178 38 sakägare.

173 1810 87 30 Över
277 1811 107 29 annat
398 1827 44 4 —
455 1826 45 4 —
837 1820 67 4 oo

177 2001 201 31 Stockholm
395 2001 66 29 den
481 2000 38 29 16
536 1998 71 39 maj
631 1997 78 30 1961

977 1800 76 29 icke
1070 1799 106 30 föras.

580 2081 48 30 På
647 2080 110 30 första
776 2078 246 39 lagutskottets
1040 2076 145 37 vägnar:

608 2163 150 30 INGRID
775 2160 148 31 GÄRDE
937 2158 221 31 WIDEMAR
