2202 2634
711 158 348 34 Jordbruksutskottiets
1081 159 163 33 utlåtande
1270 159 51 33 Nr
1343 161 52 32 36.
1771 161 38 32 17

655 238 189 49 bjudande
884 241 49 48 på
974 239 46 36 de
1048 239 11 36 i
1088 239 133 49 kungl.
1263 239 149 37 brefvet
1453 240 72 36 den
1561 242 47 34 29
1643 240 72 49 maj
1756 241 97 35 1874

656 291 182 48 stadgade
875 291 137 37 villkor
1045 290 86 38 med
1158 291 261 37 tillträdesrätt
1447 292 59 37 för
1532 292 141 49 köpare
1702 292 74 36 den
1807 294 46 34 14

655 356 98 24 mars
797 344 111 47 1912,
950 349 98 31 samt
1088 343 46 37 de
1163 343 121 50 öfriga
1319 343 412 50 försäljningslotterna
1759 344 94 37 hvar

655 395 59 37 för
754 395 61 49 sig
855 395 177 50 upplåtas
1074 396 118 48 enligt
1232 396 128 49 kungl.
1405 396 256 49 kungörelsen
1697 397 72 36 den
1804 398 46 35 31

656 447 197 37 december
896 449 98 35 1909
1034 448 196 49 angående
1259 448 227 37 förändrade
1514 449 169 48 grunder
1711 449 59 36 för
1799 451 55 34 åt-

655 499 137 49 gärder
812 499 12 37 1
842 499 100 50 syfte
971 504 55 32 att
1055 503 37 33 åt
1115 499 145 38 mindre
1280 499 220 38 bemedlade
1520 500 69 37 och
1609 500 246 38 obemedlade

656 551 136 37 bereda
828 551 148 38 tillfälle
1006 557 55 32 att
1089 552 194 37 förvärfva
1310 552 430 49 egnahemslägenheter
1768 552 86 37 från

655 603 103 38 vissa
798 604 356 49 kronoegendomar
1194 604 70 37 och
1306 605 84 37 med
1428 604 245 50 iakttagande
1701 605 43 36 af
1767 605 45 37 de
1842 604 13 36 i

656 655 129 51 kungi.
815 656 150 37 brefvet
993 657 57 36 till
1079 656 330 50 domänstyrelsen
1437 670 143 24 samma
1608 657 76 49 dag
1709 657 12 36 i
1746 656 108 49 fråga

656 721 61 24 om
751 708 294 50 tillämpningen
1074 709 42 36 af
1138 709 161 38 berörda
1326 709 170 49 grunder
1524 709 219 37 meddelade
1771 713 83 32 när-

655 774 102 23 mare
784 760 303 46 bestämmelser;

782 817 92 33 samt
917 817 53 33 att
1010 813 63 37 vid
1114 814 284 50 upplåtelserna
1438 819 115 45 göres
1582 813 183 38 förbehåll
1794 826 60 24 om

656 870 73 32 rätt
758 865 51 36 till
839 864 261 50 utfartsvägar
1127 868 49 46 på
1202 870 75 32 sätt
1297 866 328 50 domänstyrelsen
1645 865 208 50 föreslagit.

387 969 220 37 Stockholm
637 971 72 36 den
740 971 45 36 10
813 983 99 23 mars
944 971 111 36 1911.

714 1075 51 37 På
789 1074 411 51 jordbruksutskottets
1228 1081 161 45 vägnar:

783 1179 244 38 THEODOR
1057 1180 279 38 ODELBERG.

388 1441 73 37 Det
489 1441 121 38 skulle
637 1441 68 38 här
733 1442 215 49 antecknas,
978 1448 55 32 att
1060 1442 88 38 herr
1177 1444 45 36 E.
1254 1443 46 35 A.
1329 1441 188 38 Lindblad
1544 1441 82 38 icke
1655 1440 162 51 deltagit
1845 1442 12 36 i

260 1494 174 37 ärendets
462 1493 234 50 behandling
723 1495 101 36 inom
853 1494 198 39 utskottet.

355 2325 122 42 Bihang
502 2327 47 31 till
575 2326 107 32 Riksd.
703 2330 83 37 prot.
815 2327 159 31 1911..-.8
997 2326 95 32 Saml.
1141 2328 41 30 13
1208 2327 89 41 Häft.
1796 2325 19 32 3
