2164 2640
379 207 23 53 4å
854 215 233 43 Lagutskottets
1109 214 164 34 utlåtande
1295 214 52 34 Nr
1369 217 49 31 51.

340 293 191 48 dragande
559 293 415 49 departementschefen
1003 294 215 37 framhåller
1246 295 124 46 också,
1399 301 54 31 att
1481 296 154 49 dispens
1654 295 83 37 från
1756 295 177 38 förbudet

339 347 61 34 må
439 344 129 38 kunna
609 345 202 48 meddelas,
841 359 60 23 om
928 346 83 37 icke
1040 352 141 43 ägaren
1208 346 70 37 har
1305 347 162 48 tillgång
1495 348 56 36 till
1581 347 104 37 foder
1712 347 58 37 för
1798 348 132 37 svinet.

338 396 57 36 Då
437 397 123 36 denna
601 397 276 50 förutsättning
917 398 221 47 emellertid,
1181 411 81 23 som
1304 404 96 43 sagt,
1428 398 106 37 torde
1562 413 88 23 vara
1677 399 72 37 den
1779 399 153 49 vanliga

340 448 252 49 anledningen
633 449 55 35 till
729 449 330 49 nedslaktningen,
1093 450 94 37 lärer
1215 450 64 36 det
1306 450 127 36 kunna
1459 463 93 24 vara
1579 457 55 31 att
1661 451 186 47 förvänta,
1877 456 55 31 att

337 500 198 49 undantag
576 501 81 35 från
699 500 175 37 förbudet
914 501 120 37 skulle
1061 501 152 36 komma
1242 508 54 30 att
1324 501 188 37 meddelas
1541 503 12 35 i
1582 516 45 23 en
1654 502 276 50 utsträckning,

337 564 80 24 som
446 553 11 35 i
486 557 94 31 stort
608 556 73 32 sett
708 552 135 49 gjorde
871 553 83 36 hela
982 553 314 49 lagstiftningens
1324 553 96 49 syfte
1450 553 162 37 förfelat.

465 603 195 38 Utskottet
699 604 65 36 vill
803 604 128 37 vidare
973 604 211 48 framhålla,
1226 610 56 31 att
1310 605 276 36 fastställandet
1614 619 46 23 av
1688 619 47 24 en
1763 606 168 49 generell

338 655 208 48 viktgräns,
589 655 117 37 under
746 655 126 37 vilken
913 656 274 49 nedslaktning
1229 670 46 23 av
1315 656 162 49 gödsvin
1519 657 34 48 ej
1587 658 102 48 finge
1716 657 80 49 ske,
1825 658 106 37 torde

337 707 155 48 erbjuda
520 713 104 31 stora
651 708 245 49 svårigheter,
925 708 47 36 då
1000 707 154 49 djurens
1178 708 173 49 förmåga
1369 713 54 32 att
1442 708 255 50 tillgodogöra
1717 709 62 48 sig
1798 709 131 48 fodret,

336 758 127 38 vilken
504 758 172 50 förmåga
716 759 166 50 givetvis
924 759 134 37 härvid
1099 762 118 35 måste
1246 766 108 43 tagas
1382 760 12 37 i
1420 760 259 49 betraktande,
1708 761 123 50 enligt
1857 761 73 37 vad

336 810 262 38 erfarenheten
638 811 145 37 utvisar
823 816 40 32 är
904 811 151 49 mycket
1082 812 231 37 varierande.
1367 811 17 37 I
1411 812 286 49 propositionen
1724 813 69 37 har
1819 812 113 37 också

335 862 167 48 uttalats,
545 868 56 31 att
641 862 188 38 åsikterna
869 877 73 35 om,
984 877 68 22 var
1092 863 123 37 denna
1252 869 114 43 gräns
1394 864 207 49 lämpligen
1630 864 68 37 bör
1726 869 129 43 sättas,
1883 867 48 47 på

336 914 232 50 sakkunnigt
595 914 75 37 håll
697 920 65 32 äro
790 914 140 38 delade.

464 966 136 38 Därest
628 979 46 24 en
701 966 245 50 lagstiftning
974 980 46 23 av
1048 981 50 23 nu
1125 967 247 37 förevarande
1400 973 58 31 art
1486 967 220 38 överhuvud
1735 973 106 43 taget
1863 968 69 37 bör

335 1019 152 36 komma
528 1018 57 37 till
625 1017 122 48 stånd,
789 1019 106 37 torde
937 1019 63 36 det
1034 1019 179 49 slutligen
1241 1019 122 49 enligt
1389 1019 204 38 utskottets
1621 1019 155 50 mening
1802 1020 128 37 kunna

334 1070 252 49 ifrågasättas,
607 1070 184 37 huruvida
810 1070 218 37 densamma
1048 1070 93 48 icke,
1162 1073 125 34 såsom
1303 1071 510 37 livsmedelskommissionen
1834 1072 96 37 före-

336 1122 83 46 slår,
448 1122 116 37 borde
592 1121 207 50 begränsas
827 1122 56 37 till
910 1122 111 48 slakt,
1051 1135 80 24 som
1159 1127 135 32 utövas
1321 1123 63 37 vid
1412 1123 198 49 offentliga
1637 1122 171 38 slakthus
1835 1129 96 32 samt

335 1173 182 48 enskilda,
545 1173 120 38 under
692 1174 175 49 offentlig
894 1174 165 36 kontroll
1087 1174 152 37 stående
1267 1174 204 38 slakterier.
1527 1174 113 37 Emot
1667 1180 53 31 ett
1745 1174 185 49 generellt

335 1224 133 37 förbud
515 1225 106 37 torde
649 1225 13 36 i
690 1225 128 50 övrigt
858 1226 262 49 betänklighet
1160 1231 104 32 möta
1303 1226 113 37 redan
1457 1226 88 37 med
1587 1226 148 50 hänsyn
1772 1226 59 37 till
1858 1227 72 36 den

335 1278 244 48 synnerligen
621 1282 101 32 stora
762 1277 204 50 svårighet,
996 1291 81 23 som
1107 1277 119 37 skulle
1253 1281 136 47 uppstå
1415 1278 64 37 vid
1508 1291 47 23 en
1585 1277 152 37 effektiv
1765 1278 165 37 kontroll

335 1334 89 31 över
450 1329 135 49 lagens
613 1329 241 37 efterlevnad.

464 1380 52 37 På
540 1380 127 49 grund
695 1394 47 24 av
770 1381 72 36 vad
870 1381 160 37 sålunda
1058 1381 143 37 anförts
1230 1381 55 37 får
1313 1382 179 37 utskottet
1520 1382 209 47 hemställa,

862 1490 54 32 att
956 1486 142 49 Kungl.
1136 1485 126 49 Maj:ts
1300 1485 245 38 förevarande
1582 1486 233 49 proposition
1847 1485 83 38 icke

733 1540 115 34 måtte
875 1551 47 23 av
948 1538 205 48 riksdagen
1180 1537 159 37 bifallas.

464 1639 220 40 Stockholm
712 1641 72 37 den
816 1643 43 35 19
889 1641 74 49 maj
996 1643 109 36 1915.

863 1746 51 36 På
942 1746 269 48 lagutskottets
1239 1751 160 43 vägnar:

861 1849 197 36 ALBERT
1086 1849 305 38 PETERSSON.
