2235 2694
442 198 38 32 16
891 196 251 32 Statsutskottets
1173 195 167 33 Utlåtande
1363 194 62 33 N:o
1451 197 50 31 11.

526 278 199 37 Motionen
754 277 154 48 åsyftar,
938 291 82 23 som
1047 290 120 35 synes,
1197 278 101 36 intet
1327 280 129 44 annat,
1487 283 49 31 än
1564 280 60 34 att
1648 277 73 36 den
1740 278 253 47 beräknings-

396 332 126 47 grund
549 331 60 37 för
636 331 273 47 understöden,
939 343 81 25 som
1046 331 67 37 vid
1141 331 211 36 anstaltens
1379 331 223 36 inrättande
1621 330 82 37 blef
1723 330 271 49 tillämpad
1952 326 44 57 —

397 386 72 35 den
497 385 196 47 nämligen
721 387 60 33 att
808 385 260 36 understöden
1097 384 109 36 skola
1234 387 94 44 utgå
1356 385 88 35 med
1465 384 148 36 hälften
1630 384 42 35 af
1683 384 72 35 den
1769 384 222 37 beräknade

397 438 92 35 eller
530 437 203 37 sannolika
773 438 77 45 lön,
894 450 81 24 som
1017 437 293 36 småskollärare
1353 437 73 36 och
1465 438 87 35 med
1594 437 87 35 dem
1708 437 14 35 i
1751 437 106 36 dessa
1885 437 108 36 delar

397 491 200 36 likställda
639 491 120 35 andra
794 491 126 35 lärare
948 490 123 36 under
1098 489 253 47 tjänstetiden
1381 489 152 47 åtnjuta
1561 511 51 4 —
1641 489 72 36 och
1741 489 159 37 hvilken
1927 490 64 36 be-

393 543 318 48 räkningsgrund
739 543 12 36 i
781 543 171 47 enlighet
979 543 88 36 med
1094 543 182 36 inträdda
1304 543 169 36 ändrade
1501 542 360 37 löneförhållanden
1880 542 111 37 äfven

393 597 212 36 beaktades
644 597 66 36 vid
751 596 72 36 den
867 595 160 48 höjning
1066 595 41 37 af
1143 596 271 44 understöden,
1456 595 159 37 hvilken
1655 596 119 35 redan
1812 608 47 24 en
1886 599 104 45 gång

394 650 199 47 vidtagits,
619 649 146 47 jämväl
793 661 171 34 numera,
995 649 116 36 sedan
1138 648 13 37 i
1179 648 198 37 motionen
1391 654 178 31 närmare
1591 648 157 47 angifna
1762 648 229 48 ytterligare

393 702 373 46 löneförbättringar
805 702 60 34 för
905 701 322 35 småskollärarna
1268 701 184 45 erhållits,
1494 704 122 33 måtte
1657 701 227 46 uppebållas
1919 702 72 35 och

393 754 118 35 vinna
551 753 259 47 tillämpning.
867 753 79 36 Och
987 753 185 46 förslaget
1201 752 143 47 åsyftar
1373 753 134 36 endast
1535 752 181 48 blifvande
1744 753 247 35 understöds-

394 809 147 44 tagare,
585 806 66 36 det
691 806 68 35 vill
801 811 102 41 säga,
947 806 142 35 sådana
1131 817 81 24 som
1252 805 85 36 från
1378 806 74 35 den
1479 805 70 46 tid,
1579 806 49 35 då
1656 805 46 35 de
1731 805 155 36 afsedda
1915 818 75 34 nya

394 859 340 36 bestämmelserna
776 858 123 36 skulle
940 858 156 35 komma
1130 860 59 33 att
1216 858 113 35 träda
1358 858 13 35 i
1397 858 117 46 kraft,
1543 857 119 36 blifva
1690 857 62 36 till
1779 858 212 35 understöd

392 911 258 48 berättigade.
706 912 114 35 Dessa
863 910 122 37 skulle
1027 910 258 36 tillförsäkras
1326 910 62 36 till
1429 910 81 36 sina
1551 910 80 36 förr
1672 910 180 47 åtnjutna
1884 910 106 36 löne-

392 964 196 36 förmåner
628 964 301 47 proportionellt
969 963 81 36 lika
1091 965 104 34 stora
1236 963 222 45 understöd,
1493 975 80 24 som
1601 963 166 47 tidigare
1797 962 193 48 afgångna

393 1016 293 36 småskollärare
723 1016 166 36 erhållit.
944 1016 110 36 Hvad
1096 1028 81 24 som
1211 1015 169 46 föreslås,
1415 1028 87 23 anse
1531 1016 299 45 motionärerna,
1861 1015 128 36 säker-

393 1069 105 47 ligen
524 1071 51 45 på
602 1070 101 46 goda
731 1070 179 46 grunder,
940 1068 86 36 icke
1053 1070 50 46 gå
1131 1068 152 36 utöfver
1310 1069 103 35 hvad
1428 1081 81 23 som
1523 1069 123 35 under
1661 1068 76 36 alla
1753 1068 236 47 omständig-

393 1121 111 36 heter
545 1121 189 37 erfordras
775 1121 60 36 för
875 1121 173 47 uttjänta
1081 1121 312 36 småskollärares
1422 1120 464 48 ålderdomsförsörjning,
1918 1121 71 35 och

392 1174 132 35 därför
562 1187 111 33 synas
715 1175 45 34 de
801 1180 121 41 gärna
950 1176 86 43 sett,
1068 1176 59 33 att
1154 1174 46 34 de
1228 1173 217 47 föreslagna
1477 1174 332 46 förbättringarna
1837 1174 152 35 kunnat

391 1225 157 36 komma
572 1226 147 46 jämväl
747 1227 86 35 dem
853 1226 61 35 till
933 1227 112 45 godo,
1067 1237 92 33 som,
1176 1226 119 35 innan
1310 1226 46 35 de
1373 1226 171 47 åsyftade
1560 1238 74 34 nya
1649 1225 339 36 bestämmelserna

392 1278 118 36 hinna
538 1278 255 47 genomföras,
822 1278 165 36 kommit
1015 1280 60 34 att
1104 1281 21 32 å
1153 1278 358 36 understödsstaten
1538 1277 195 48 uppföras,
1761 1289 88 24 men
1867 1280 121 45 något

391 1330 145 48 förslag
577 1331 13 35 i
628 1331 124 36 denna
780 1331 177 46 riktning
984 1330 230 36 framställes
1242 1330 98 46 icke,
1369 1333 96 33 utan
1492 1330 163 36 beaktas
1683 1331 13 34 i
1724 1331 125 34 denna
1878 1330 110 36 delen

393 1383 74 35 den
506 1383 166 48 princip,
710 1396 81 23 som
819 1383 221 47 Riksdagen
1067 1385 153 44 strängt
1248 1383 201 46 fasthållit,
1480 1386 59 32 att
1568 1383 65 35 det
1660 1383 86 35 icke
1775 1385 63 32 må
1865 1381 123 48 gifvas

392 1436 218 35 retroaktiv
650 1436 148 35 verkan
839 1438 40 33 åt
919 1435 292 46 förbättringar,
1242 1447 81 23 som
1350 1435 177 47 vidtagas
1554 1435 239 35 beträffande
1823 1435 165 35 ämbets-

393 1487 72 35 och
493 1487 477 47 tjänstemannpagruppers
997 1487 282 47 pensionering.

522 1539 130 36 Såsom
688 1540 147 47 jämväl
875 1540 13 35 i
929 1539 198 37 motionen
1162 1539 232 46 framhålles,
1437 1540 71 35 har
1550 1539 246 36 direktionen
1836 1539 61 36 för
1931 1539 58 35 sin

392 1591 62 35 del
498 1591 167 48 tidigare
710 1592 146 35 uttalat
902 1592 58 35 sin
1005 1592 223 46 anslutning
1273 1592 62 35 till
1376 1593 76 45 det,
1500 1604 81 23 som
1625 1592 79 35 kan
1745 1597 110 41 sägas
1895 1603 93 23 vara

389 1643 219 36 motionens
656 1644 258 46 grundtanke,
961 1644 137 35 därvid
1144 1644 274 45 anmärkande,
1465 1646 60 33 att
1570 1644 74 36 den
1690 1643 298 47 ursprungligen

390 1697 171 45 antagna
576 1696 412 47 beräkningsgrunden
1008 1695 142 36 mellan
1165 1696 311 36 småskollärares
1491 1695 284 36 löneförmåner
1791 1696 72 35 och
1879 1696 108 35 deras

391 1747 430 37 ålderdomsunderstöd
861 1748 85 36 icke
975 1748 130 35 kunde
1133 1753 110 42 sägas
1271 1761 92 23 vara
1390 1748 60 36 för
1478 1749 88 35 dem
1594 1749 165 35 särdeles
1787 1760 197 35 gynnsam,

392 1799 72 35 och
506 1802 59 33 att
607 1801 65 35 det
706 1801 48 35 då
781 1813 91 23 vore
902 1801 106 35 desto
1038 1812 81 24 mer
1147 1801 215 46 angeläget,
1393 1804 61 32 att
1481 1801 220 35 densamma
1728 1801 65 35 vid
1821 1800 165 36 skeende

390 1852 259 48 omreglering
678 1853 233 36 åtminstone
940 1853 85 35 icke
1054 1852 154 48 gjordes
1237 1858 102 31 ännu
1367 1853 187 36 snäfvare.
1601 1853 253 36 Direktionen
1873 1853 114 46 hyser

390 1904 71 35 allt
500 1904 239 37 fortfarande
781 1918 144 23 samma
962 1905 264 47 uppfattning,
1264 1918 87 23 men
1378 1906 122 35 finner
1528 1905 32 47 ej
1591 1906 120 35 heller
1738 1905 159 47 tjänligt
1926 1907 60 33 att

389 1955 215 37 framställa
644 1960 122 44 något
806 1957 153 47 förslag,
1003 1969 81 24 som
1120 1957 123 36 skulle
1271 1960 50 44 gå
1349 1958 133 47 längre
1511 1964 49 29 än
1587 1958 319 45 motionärernas,
1936 1957 49 36 då

389 2006 114 37 häraf
540 2009 61 35 till
643 2009 195 47 äfventyrs
878 2010 204 46 lätteligen
1116 2009 130 37 kunde
1274 2010 104 47 följa,
1409 2013 60 33 att
1496 2010 157 47 frågans
1680 2010 153 47 lösning
1862 2009 123 36 skulle

388 2059 190 38 försvåras
606 2062 93 36 eller
725 2061 201 47 fördröjas.

519 2112 129 37 Såsom
689 2114 105 35 förut
836 2114 158 46 anförts,
1023 2114 71 35 har
1121 2114 221 47 Riksdagen
1370 2115 183 35 särskildt
1581 2114 221 45 framställt,
1832 2116 60 33 att
1920 2114 66 35 det

388 2166 63 33 må
479 2166 246 46 undersökas,
756 2178 62 24 om
837 2166 86 36 icke
941 2166 67 36 vid
1027 2178 46 23 en
1092 2167 227 46 ytterligare
1334 2167 161 47 höjning
1511 2166 41 36 af
1562 2166 423 46 understödsbeloppen

388 2216 66 35 det
482 2217 118 37 borde
628 2218 165 45 kräfvas,
824 2221 59 33 att
911 2219 46 35 de
986 2218 85 36 från
1099 2218 73 36 och
1199 2231 139 34 genom
1366 2219 296 37 skoldistrikten
1689 2218 211 47 inflytande
1928 2218 56 36 bi-

387 2268 147 47 dragen
562 2270 61 36 till
651 2270 509 37 understödskostnadernas
1186 2271 245 37 bestridande
1461 2270 117 37 också
1605 2270 144 48 höjdes.
