2232 2694
444 217 18 31 8
892 213 250 32 Statsutskottets
1172 211 167 33 Utlåtande
1363 211 62 33 N:o
1454 214 46 29 11.

400 297 97 36 efter
524 296 184 47 uppnådd
736 294 254 36 lefnadsålder
1018 293 41 37 af
1081 293 117 36 minst
1228 296 45 33 55
1304 296 43 33 år
1366 293 72 36 och
1456 292 339 48 tjänstgöringstid
1815 292 41 36 af
1870 292 119 36 minst

401 352 46 34 20
490 352 53 43 år,
578 348 40 36 af
640 347 107 37 förut
773 347 167 37 nämnda
969 347 83 36 skäl
1077 346 87 36 icke
1191 346 131 36 vidare
1350 358 107 24 anses
1484 345 90 37 fullt
1600 345 160 48 lämplig
1789 347 59 34 att
1876 345 114 36 sköta

400 403 57 36 sin
485 402 133 47 tjänst,
647 404 128 44 utgör,
806 413 62 23 om
896 412 172 24 summan
1098 399 41 36 af
1161 398 164 37 lefnads-
1354 399 72 36 och
1454 398 166 47 tjänstår
1648 401 152 45 uppgår
1828 398 64 36 till

603 482 45 34 TD
679 482 43 33 ÅL
764 510 84 4 moVasdn
880 509 64 5 fr:
964 510 86 2 Hösdjto
1061 510 33 2 fört
1116 508 142 6 iedrd
1174 474 29 49 enn
1211 474 29 49 vär
1280 508 60 5 dirsäNR
1360 508 98 5 orter
1441 474 37 49 rer
1488 510 28 2 a
1551 480 69 33 115
1650 478 147 35 KYTONOT

604 588 43 32 Vär
1554 585 69 34 BT

604 636 46 47 178
767 668 83 4 Tar
896 667 60 5 re
1047 667 15 5 on
1072 666 96 6 ATG
1214 666 2 4 dära
1248 666 60 4 TRAKTEN
1351 666 16 5 oo
1374 666 146 5 canentnerernin
1554 638 70 33 LÅD
1715 650 10 18 >

532 770 99 35 samt
672 770 59 34 att
760 768 64 36 det
853 767 122 48 årliga
1002 767 219 46 understöd,
1251 766 61 36 till
1339 766 151 36 hvilket
1518 766 73 36 den
1618 766 125 35 lärare
1773 765 92 35 eller
1892 765 101 36 lära-

400 822 113 36 rinna
546 827 43 30 är
615 821 233 47 berättigad,
878 833 81 24 som
987 820 32 47 ej
1049 820 221 48 upphunnit
1298 820 65 35 det
1389 819 61 36 för
1477 819 221 36 erhållande
1727 818 41 36 af
1791 818 82 36 helt
1901 818 93 36 eller

402 874 204 36 afkortadt
633 874 210 35 understöd
870 874 199 35 bestämda
1097 873 148 35 antalet
1272 872 162 36 lefnads-
1464 872 73 35 och
1560 871 176 46 tjänstår,
1757 883 99 34 men,
1877 871 117 35 sedan

400 928 77 35 han
519 927 92 35 eller
650 926 79 36 hon
756 926 227 47 tjänstgjort
1009 925 118 36 minst
1157 927 44 34 15
1232 928 53 43 år,
1315 936 139 35 genom
1483 923 149 48 obotlig
1660 923 178 47 sjukdom
1865 922 129 36 blifvit

401 980 243 36 urståndsatt
673 982 59 33 att
760 979 130 36 vidare
919 979 112 35 sköta
1060 978 57 36 sin
1145 978 130 46 tjänst,
1305 980 118 45 utgör
1454 980 69 33 115
1553 977 156 35 kronor.

534 1084 71 35 Till
647 1085 86 34 stöd
773 1084 60 35 för
874 1084 253 35 omförmälda
1167 1082 287 47 framställning
1485 1083 72 35 har
1584 1082 13 35 1
1625 1082 199 36 motionen
1853 1081 146 36 anförts

402 1136 182 48 följande:

532 1189 133 35 ”Sedan
709 1191 96 32 1893
836 1191 60 32 års
922 1188 137 46 början
1088 1187 170 46 åtnjuter
1285 1187 395 36 småskollärarkåren
1704 1207 51 3 —
1778 1186 86 35 häri
1887 1186 105 35 inbe-

401 1241 139 47 gripna
580 1240 86 36 icke
706 1240 103 36 blott
845 1240 124 35 lärare
998 1239 72 36 och
1096 1239 217 35 lärarinnor
1339 1239 66 36 vid
1432 1239 73 35 den
1534 1238 195 47 egentliga
1757 1237 230 43 småskolan,

401 1296 95 33 utan
538 1292 111 36 äfven
689 1293 124 35 lärare
853 1292 72 36 och
956 1292 218 35 lärarinnor
1206 1292 65 35 vid
1297 1292 149 35 mindre
1473 1291 215 36 folkskolor
1716 1290 194 35 äfvensom
1937 1290 57 35 bi-

403 1345 187 36 trädande
620 1344 72 37 och
721 1344 123 47 öfriga
871 1345 86 35 icke
986 1344 192 36 ordinarie
1204 1344 125 36 lärare
1359 1344 72 35 och
1457 1343 218 36 lärarinnor
1690 1342 65 36 vid
1773 1341 221 37 folkskolan

404 1419 50 4 —
481 1400 82 34 rätt
590 1397 63 36 till
681 1397 438 35 ålderdomsunderstöd.

534 1450 144 36 Genom
718 1450 139 46 Kungl.
891 1449 128 46 Maj:ts
1046 1449 235 46 reglemente
1310 1449 73 34 den
1413 1450 44 33 22
1484 1448 85 46 juni
1600 1450 95 33 1892
1725 1446 60 36 för
1813 1446 184 36 småskol-

403 1503 144 35 lärares
574 1514 49 23 m.
652 1501 36 36 fl.
719 1500 590 37 ålderdomsunderstödsanstalt
1336 1500 235 36 fastställdes
1598 1499 82 35 helt
1707 1498 211 36 understöd
1936 1498 63 35 till

409 1557 70 33 150
520 1554 146 36 kronor
706 1553 59 36 för
806 1557 42 32 år
876 1553 214 36 oberoende
1118 1553 42 35 af
1188 1553 45 35 de
1261 1553 119 45 löner,
1411 1564 81 24 som
1518 1551 288 36 vederbörande
1836 1550 162 46 åtnjutit

404 1607 123 35 under
567 1607 57 35 sin
657 1605 271 48 tjänstgöring.
985 1605 69 37 Om
1082 1617 89 24 man
1198 1604 189 48 granskar
1414 1604 47 36 de
1489 1604 266 47 utredningar,
1785 1605 50 45 på
1862 1602 132 36 hvilka

403 1659 242 36 inrättandet
674 1658 41 35 af
738 1658 311 35 småskollärares
1076 1670 48 23 m.
1154 1657 36 35 £.
1217 1656 591 37 ålderdomsunderstödsanstalt
1827 1655 170 46 grundat

404 1712 69 45 sig,
507 1711 99 35 skall
632 1723 91 22 man
751 1710 214 36 emellertid
992 1710 115 45 finna,
1137 1712 60 33 att
1224 1710 65 35 det
1316 1709 169 35 nämnda
1511 1709 195 46 beloppet,
1739 1710 71 34 150
1839 1707 156 44 kronor,

402 1762 83 37 blef
520 1763 108 35 valdt
669 1762 87 36 med
792 1762 163 36 särskild
982 1762 148 46 hänsyn
1157 1761 143 46 därtill,
1330 1764 60 33 att
1418 1762 65 35 det
1510 1773 69 23 var
1606 1760 148 37 hälften
1783 1760 41 35 af
1848 1760 72 35 den
1948 1759 49 35 då

404 1818 171 44 antagna
602 1815 241 35 medellönen
863 1815 92 35 eller
974 1814 201 36 sannolika
1193 1814 114 35 lönen
1326 1835 52 3 —
1395 1813 358 36 bostadsförmånen
1773 1811 222 37 oberäknad

404 1888 51 4 —
482 1867 59 36 för
568 1867 294 46 ifrågavarande
890 1867 135 35 lärare.
1081 1867 47 34 Vi
1154 1866 160 35 hänvisa
1341 1866 13 35 i
1383 1867 108 34 detta
1519 1865 175 36 afseende
1721 1865 62 35 till
1809 1866 95 33 1891
1934 1865 61 33 års

404 1919 454 36 kommittébetänkande
892 1919 196 46 angående
1117 1918 426 36 ålderdomsunderstöd
1571 1920 41 32 åt
1638 1917 125 36 lärare
1793 1916 72 36 och
1891 1916 100 34 lära-

404 1972 134 35 rinnor
564 1971 65 36 vid
659 1971 218 35 småskolan
905 1983 48 24 m.
982 1971 50 45 fl.,
1062 1971 68 35 sid.
1163 1973 58 43 33,
1251 1973 99 32 samt
1378 1970 41 35 G.
1448 1971 222 34 Eneströms
1697 1968 211 46 utredning
1936 1979 63 23 om

406 2023 428 36 ålderdomsunderstöd
876 2026 40 32 åt
960 2023 123 35 lärare
1126 2023 71 35 och
1237 2022 217 35 lärarinnor
1494 2022 66 34 vid
1600 2021 213 35 småskolor
1853 2032 50 22 m.
1946 2019 49 44 f.,

405 2076 68 35 sid.
505 2078 58 33 31.

534 2128 73 35 Vid
646 2127 108 36 tiden
795 2127 60 35 för
882 2126 659 37 ålderdomsunderstödsanstaltens
1568 2125 193 35 tillkomst
1787 2136 70 24 var
1883 2124 115 45 ingen

404 2180 120 47 laglig
566 2180 216 35 minimilön
809 2179 61 35 för
893 2179 294 35 småskollärare
1214 2190 49 23 m.
1292 2177 36 36 fl.
1357 2177 205 46 fastställd,
1590 2189 89 23 men
1707 2180 124 32 såsom
1857 2175 142 36 villkor

404 2232 60 35 för
505 2232 254 46 statsbidrags
800 2231 221 36 erhållande
1062 2230 139 47 gällde,
1244 2232 60 34 att
1344 2230 114 36 lönen
1499 2229 123 36 skulle
1659 2241 93 24 vara
1779 2228 117 36 minst
1925 2229 71 33 200

404 2284 160 46 kronor;
607 2284 66 36 det
712 2284 139 46 högsta
891 2283 242 47 lönebelopp,
1176 2282 97 37 efter
1312 2282 151 36 hvilket
1491 2281 235 48 statsbidrag
1754 2280 146 48 utgick,
1930 2290 69 24 var

406 2338 71 34 300
520 2337 155 35 kronor.
731 2336 88 35 Med
859 2336 157 46 ledning
1058 2335 42 35 af
1135 2334 84 36 från
1262 2335 224 36 skolrådens
1519 2333 230 36 ordförande
1777 2331 221 37 infordrade
