1906 2834
525 145 112 30 Första
662 145 221 35 lagutskottets
907 144 162 30 utlåtande
1095 144 46 29 Nr
1167 148 26 27 9.
1610 144 18 28 9

119 233 103 39 fogad
240 232 307 39 säkerhetsåtgärd.
589 232 117 32 Ehuru
725 244 38 21 en
784 232 206 38 förbättring
1010 243 41 21 av
1073 231 54 33 det
1145 230 215 33 ekonomiska
1379 230 91 38 läget
1489 241 136 21 numera

120 285 121 33 inträtt
271 284 60 33 och
360 284 54 33 för
442 283 207 33 närvarande
678 283 183 38 veterligen
889 282 74 34 icke
993 282 216 33 beträffande
1238 282 110 38 någon
1379 280 146 34 särskild
1555 280 70 39 gäl-

121 336 101 33 denär
246 335 183 39 föreligger
453 334 180 39 anledning
657 334 54 33 till
735 333 220 39 medgivande
978 345 42 21 av
1044 333 121 32 sådant
1189 332 341 39 specialmoratorium
1556 343 69 21 som

120 388 98 38 lagen
240 398 106 28 avser,
368 386 94 33 torde
485 386 85 33 dock
591 385 259 39 försiktigheten
872 384 105 39 bjuda
1001 387 51 30 att
1075 383 215 39 möjligheten
1313 382 106 34 hålles
1443 387 106 35 öppen
1573 382 53 32 för

123 439 184 33 beredande
325 451 41 20 av
386 437 114 40 dylikt
516 437 226 33 moratorium.
761 436 143 39 Förslag
922 436 55 33 till
994 436 57 39 lag
1069 447 52 21 om
1140 435 219 39 förlängning
1379 447 43 20 av
1438 434 190 33 moratorie-

122 489 114 39 lagens
263 488 239 40 giltighetstid,
530 500 42 21 av
597 487 147 33 innehåll
770 490 52 30 att
846 487 99 38 lagen
971 486 89 33 skall
1085 485 93 40 gälla
1203 485 106 33 under
1334 488 48 30 ett
1407 485 37 32 år
1471 484 78 33 från
1576 487 50 29 ut-

121 542 131 38 gången
273 552 42 21 av
333 539 276 34 nästkommande
628 538 149 33 februari
796 538 131 38 månad,
946 538 61 32 har
1027 537 115 33 därför
1162 539 195 37 upprättats
1377 536 88 32 inom
1483 535 143 39 justitie-

123 593 292 38 departementet.»

172 694 173 33 Utskottet
367 693 62 33 har
451 692 57 33 vid
533 692 51 33 sin
607 691 210 39 granskning
840 703 42 20 av
906 690 247 39 propositionen
1176 690 29 38 ej
1231 689 114 32 funnit
1369 688 182 39 anledning
1574 688 53 32 till

126 745 133 32 erinran
279 748 69 29 mot
371 744 191 32 densamma
583 742 61 33 och
664 742 54 32 får
740 742 101 32 alltså
862 741 187 40 hemställa,

482 831 50 29 att
557 827 220 33 förevarande
802 826 206 39 proposition
1034 826 102 31 måtte
1161 836 41 21 av
1227 824 182 39 riksdagen
1434 823 150 33 bifallas.

172 929 192 33 Stockholm
383 929 61 32 den
463 929 18 32 8
500 927 150 33 februari
669 928 94 32 1935.

569 1029 49 32 På
643 1028 107 33 första
773 1027 241 39 lagutskottets
1039 1032 143 33 vägnar:

719 1112 42 32 A.
786 1109 252 35 ÅKERMAN.

211 1450 63 29 Vid
297 1451 85 27 detta
404 1450 129 28 ärendes
554 1450 191 33 behandling
766 1450 38 27 ha
824 1450 156 27 närvarit:

172 1510 74 28 från
283 1509 151 29 första
471 1509 192 27 kammaren:
700 1509 109 27 herrar
848 1506 164 35 Åkerman,
1050 1505 128 34 Öhman,
1216 1506 164 29 Anderson
1410 1507 8 27 i
1445 1506 189 34 Hägelåkra,

130 1551 163 34 Klefbeck,
315 1551 148 34 Löfgren,
485 1549 147 35 Norling,
654 1550 155 28 Velander
831 1551 56 28 och
908 1548 153 34 Sköldén;

171 1611 74 29 från
277 1612 137 27 andra
445 1611 192 28 kammaren:
672 1611 109 27 herrar
802 1609 177 34 Lindqvist,
998 1609 124 34 Ryberg
1144 1610 57 27 och
1224 1608 178 34 Wallerius,
1424 1608 54 29 fru
1502 1606 133 31 Östlund

132 1659 78 24 samt
229 1655 109 27 herrar
361 1653 110 29 Olsson
494 1654 9 27 i
523 1653 170 34 Rimforsa,
717 1651 110 30 Olsson
850 1653 9 27 i
882 1651 163 35 Mellerud,
1066 1651 149 34 Hillgård
1236 1651 56 28 och
1314 1651 158 33 Lindberg
1494 1651 9 28 i
1529 1649 105 30 Stock-

132 1698 91 28 holm.

176 2470 116 34 Bihang
316 2471 47 28 till
385 2469 172 35 riksdagens
578 2469 142 35 protokoll
745 2471 89 28 1935.
881 2472 17 26 9
922 2468 81 30 saml.
1051 2473 13 24 1
1092 2469 62 28 avd.
1200 2469 44 28 Nr
1270 2471 88 26 7—9.
1582 2466 17 29 2

1670 691 151 28 Utskottet.
