2232 2636
710 205 355 33 Konstitutionsutskottets
1094 210 152 29 Utlåtande
1269 212 55 29 N:o
1348 215 29 26 2.
1828 216 18 29 3

353 280 18 48 $
401 282 33 36 5.
492 282 199 46 Röstsedel,
720 282 165 51 afgifven
914 285 42 37 af
972 287 11 35 i
1011 287 19 49 $
1060 290 21 35 3
1117 288 222 39 omförmäld
1365 292 295 50 röstberättigad,
1675 295 96 36 skall
1791 294 56 37 för

247 335 54 34 att
331 347 86 23 vara
445 335 172 48 gällande

352 387 34 48 a)
431 401 88 23 vara
560 388 41 37 af
631 391 97 37 hvitt
757 405 138 36 papper
923 394 68 36 och
1020 400 91 31 utan
1140 397 227 37 underskrift
1394 399 92 37 eller
1515 400 212 38 vidhäftadt
1755 403 91 36 eller

245 441 94 35 åsatt
368 442 138 45 märke,

351 495 37 46 b)
418 495 80 36 icke
535 509 88 23 vara
657 497 165 49 afgifven
850 500 158 50 tidigare
1037 508 44 29 än
1111 507 55 32 tre
1195 503 173 38 månader
1394 504 78 38 före
1501 508 342 51 valförrättningen.

352 548 166 38 Befinnes
546 549 110 37 sådan
685 552 99 36 sedel
808 553 89 50 lyda
926 554 45 49 på
999 555 101 45 flera,
1130 563 46 29 än
1205 570 78 23 som
1312 559 63 36 vid
1404 560 231 37 valtillfället
1663 563 90 36 böra
1772 565 72 35 väl-

240 602 67 48 jas,
349 602 94 36 skall
475 603 62 36 det
569 604 88 37 eller
690 605 45 36 de
768 605 46 49 på
842 607 121 37 sedeln
994 609 64 36 gist
1086 609 140 38 skrifna
1253 624 111 24 namn
1394 626 102 24 anses
1525 613 116 38 såsom
1671 616 172 38 oskrifna.

354 655 19 49 $
404 657 32 36 6.
492 657 188 38 Röstsedel
721 660 117 49 enligt
879 661 19 49 $
933 664 20 36 5
985 663 95 36 skall
1109 662 41 37 af
1176 664 70 36 den
1275 667 306 50 röstberättigade
1610 671 232 49 personligen

243 714 97 30 samt
373 710 11 34 i
413 721 130 25 enrum
572 711 110 37 osedd
712 712 41 36 af
777 714 114 36 andra
919 716 163 50 inläggas
1110 718 12 35 i
1151 723 53 31 ett
1232 720 174 36 särskildt
1434 721 144 47 kuvert,
1607 735 80 24 som
1716 724 126 37 likale-

242 761 61 37 des
331 761 41 37 af
397 763 136 37 honom
562 764 88 50 själf
674 767 184 37 tillslutes.

349 816 177 37 Kuvertet
566 819 84 36 med
693 820 260 50 inneliggande
996 824 174 38 röstsedel
1209 826 94 36 skall
1336 826 162 38 därefter
1525 829 124 37 tillika
1676 831 84 36 med
1789 836 53 32 ett

240 868 171 38 dateradt
452 870 68 36 och
564 871 41 36 af
643 874 68 36 den
744 875 304 50 röstberättigade
1082 878 292 38 undertecknadt
1406 881 186 38 handbref
1615 883 147 48 (missiv)
1791 886 49 35 in-

241 922 128 49 läggas
397 923 11 35 i
437 924 145 46 kuvert,
610 939 79 24 som
718 928 94 36 skall
840 930 199 37 adresseras
1067 932 57 35 till
1153 933 282 38 valförrättaren
1464 934 58 38 för
1550 936 70 37 den
1649 933 190 59 kommun,

240 988 78 23 som
347 976 70 37 den
445 978 304 51 röstberättigade
778 982 139 37 tillhör.

347 1028 72 38 Om
448 1031 12 34 i
488 1031 111 50 något
627 1034 134 37 kuvert
788 1037 118 35 finnas
934 1037 88 36 flera
1050 1039 207 45 röstsedlar,
1287 1040 114 46 skola,
1431 1054 61 24 om
1521 1042 45 38 de
1586 1044 73 36 sins
1678 1046 158 36 emellan

240 1089 65 30 äro
338 1084 226 51 skiljaktiga,
611 1089 172 49 samtliga
812 1089 162 38 kasseras
1001 1092 82 44 och,
1114 1105 61 23 om
1205 1092 44 37 de
1278 1094 75 36 alla
1382 1102 64 29 äro
1475 1096 76 36 lika
1579 1098 171 49 lydande,
1778 1113 58 23 en-

238 1136 82 37 dast
348 1150 45 23 en
422 1137 41 37 af
488 1139 83 36 dem
599 1141 223 48 godkännas.
1049 1173 6 6 s

345 1190 19 48 $
395 1194 30 33 7.
472 1192 72 35 Det
571 1194 12 34 i
612 1194 18 48 $
662 1196 20 35 6
713 1194 244 39 omförmälda
985 1197 188 38 handbref
1198 1200 94 36 skall

345 1243 33 48 a)
407 1245 166 36 meddela
603 1248 227 50 upplysning
858 1263 60 22 om
947 1251 248 50 anledningen
1224 1254 59 35 till
1311 1255 70 35 den
1401 1256 324 51 röstberättigades
1740 1259 94 37 från-

237 1309 89 23 varo
355 1296 81 36 från
465 1299 108 44 riket,

343 1349 36 49 b)
408 1350 183 39 innehålla
615 1352 205 52 förklaring
849 1355 45 49 på
921 1361 59 32 tro
1009 1358 66 36 och
1105 1358 112 37 heder
1245 1358 81 38 från
1355 1361 69 36 den
1445 1363 313 51 röstberättigade,
1778 1372 55 31 att

234 1403 199 36 röstsedeln
477 1403 41 37 af
555 1406 136 38 honom
733 1410 241 49 personligen,
1018 1410 174 51 frivilligt
1224 1419 94 31 samt
1350 1415 11 35 i
1399 1428 130 25 enrum
1557 1418 69 36 och
1654 1419 109 37 ogedd
1794 1419 41 38 af

233 1456 113 36 andra
374 1457 136 50 inlagts
538 1459 11 35 i
578 1460 61 36 det
667 1462 144 45 kuvert,
836 1463 108 37 hvari
971 1464 68 37 den
1069 1460 242 57 öfversändes,

340 1514 30 40 c)
413 1524 89 24 vara
544 1513 138 38 försedt
724 1516 83 36 med
849 1516 220 49 påtecknadt
1114 1520 251 51 vittnesintyg,
1407 1528 54 31 att
1489 1524 271 38 underskriften
1790 1534 39 30 är

232 1563 229 51 egenhändig
489 1572 95 31 samt
612 1566 164 51 afgifven
805 1569 46 49 på
879 1571 52 36 tid
960 1573 67 35 och
1052 1573 119 45 ställe,
1201 1587 77 23 som
1308 1575 244 39 handbrefvet
1580 1574 178 59 angifver,

337 1616 37 49 d)
419 1630 88 25 vara
547 1619 139 39 försedt
724 1623 83 36 med
838 1623 220 49 påtecknadt
1090 1628 253 50 vittnesintyg,
1377 1632 55 34 att
1464 1630 61 37 det
1553 1632 12 35 i
1589 1633 23 47 8
1642 1635 22 35 4
1695 1633 131 37 omför-

230 1670 125 36 mälda
387 1671 204 39 dokument
620 1675 306 51 (mantalspasset)
951 1678 123 38 blifvit
1102 1679 57 37 för
1187 1682 164 36 vittnena
1379 1682 159 38 företedt
1566 1686 68 35 och
1662 1691 56 31 att
1744 1683 82 58 den,

228 1735 79 23 som
351 1725 264 38 undertecknat
654 1728 245 39 handbrefvet
932 1731 189 51 (missivet)
1156 1734 68 36 och
1253 1735 128 49 begärt
1409 1737 63 36 det
1500 1738 116 37 under
1644 1739 66 37 här
1733 1745 92 32 näst-

227 1774 218 51 föregående
473 1793 109 23 mom.
614 1781 31 48 c)
676 1781 218 39 föreskrifna
922 1785 252 51 vittnesintyg,
1203 1794 41 30 är
1272 1788 219 47 densamme,
1520 1804 78 24 som
1623 1793 12 35 i
1655 1793 170 38 mantals-

226 1835 119 42 passet
372 1831 175 49 angifves.

333 1883 18 49 $
381 1886 33 36 8.
475 1885 72 37 Vid
577 1887 207 51 beräkning
811 1889 41 37 af
878 1891 68 36 den
977 1892 10 35 i
1017 1892 18 49 $
1065 1895 21 36 3
1118 1894 192 37 bestämda
1337 1896 155 38 tidsfrist
1515 1899 217 38 medräknas
1752 1901 70 37 den

225 1935 83 50 dag,
352 1937 45 36 då
438 1938 118 38 afresa
598 1942 92 48 ägde
723 1956 84 23 rum
842 1944 89 37 eller
959 1947 172 36 röstsedel
1161 1947 225 47 utfärdades,
1416 1952 196 37 hvaremot
1639 1953 71 37 den
1738 1951 83 57 dag,

223 1988 47 36 då
299 1990 328 53 valförrättningen
657 1994 125 47 hålles,
813 1997 79 36 icke
921 1999 226 37 inberäknas.

335 2042 154 39 Afresan
520 2046 80 37 från
631 2048 97 37 riket
756 2063 111 32 anses,
896 2064 60 23 om
986 2053 70 35 den
1086 2056 306 49 röstberättigade
1421 2059 79 35 icke
1528 2059 130 36 tillhör
1687 2061 131 37 besätt-

222 2096 89 48 ning
353 2097 46 48 på
440 2100 147 35 svenskt
629 2101 136 50 fartyg,
807 2102 112 38 hafva
960 2106 97 36 skett
1098 2113 119 30 senast
1260 2109 68 35 den
1356 2110 83 49 dag,
1468 2110 44 37 då
1540 2114 279 48 mantalspasset

222 2147 191 48 utfärdats,
442 2164 94 32 men,
568 2167 61 22 om
659 2155 71 35 han
759 2157 127 35 tillhör
915 2158 207 51 besättning
1151 2163 46 46 på
1221 2163 146 36 svenskt
1395 2162 136 52 fartyg,
1560 2165 69 36 den
1659 2167 83 48 dag,
1771 2168 46 36 då

219 2202 87 36 sista
347 2202 299 54 påmönstringen
688 2209 89 36 eller
810 2210 276 52 utklareringen
1120 2215 12 34 i
1160 2213 147 52 Sverige
1336 2216 90 50 ägde
1455 2230 83 24 rum
1566 2217 56 40 för
1649 2232 79 25 resa
1756 2222 60 37 till

219 2255 178 38 utlandet.
