2220 2634
398 221 39 30 12
867 219 375 30 Konstitutionsutskottets
1272 217 152 29 Utlåtande
1449 217 59 28 N:o
1535 217 28 27 2.

396 298 156 47 utöfvas,
594 301 68 35 har
700 300 179 36 utskottet
907 298 46 49 på
982 299 128 35 sakens
1138 296 211 37 nuvarande
1379 295 228 49 ståndpunkt
1635 294 125 35 endast
1789 295 117 33 ansett
1936 293 54 48 sig

396 354 89 36 böra
524 352 132 38 föreslå
697 365 44 24 en
785 352 190 37 skrifvelse
1016 352 59 36 till
1116 351 136 49 Kungl.
1290 350 103 48 Maj:t
1427 349 6 35 i
1457 353 132 39 ämnet,
1618 347 83 36 med
1729 345 170 37 anhållan
1929 359 61 22 om

387 407 209 49 utredning
623 405 79 47 af,
688 394 17 66 i
728 408 92 35 hvad
846 409 76 33 mån
951 407 69 34 och
1049 409 110 32 under
1187 405 115 35 hvilka
1330 405 124 34 villkor
1483 402 191 48 undantag
1694 399 71 45 må,
1784 400 59 35 vid
1862 398 128 37 förfall

396 459 57 38 för
494 460 280 49 valberättigad,
813 460 122 36 kunna
968 466 107 41 göras
1103 457 82 37 från
1215 458 69 36 den
1315 457 10 35 i
1357 458 22 46 8
1410 458 47 35 24
1488 454 371 49 riksdagsordningen
1889 451 103 50 gifna

397 515 292 44 bestämmelsen,
724 519 55 30 att
812 515 147 34 rösträtt
991 514 58 35 må
1083 513 31 48 ej
1144 512 147 35 utöfvas
1320 509 41 37 af
1387 522 120 23 annan
1537 507 272 48 valberättigad
1838 513 45 29 än
1912 505 80 45 den,

396 581 78 24 som
522 568 64 37 vid
633 566 211 38 valtillfälle
887 566 232 50 personligen
1162 566 54 47 sig
1258 564 178 43 inställer,
1480 568 95 30 samt
1616 567 55 30 att
1698 560 57 36 för
1783 559 209 49 Riksdagen

397 621 113 36 måtte
552 622 226 48 framläggas
820 621 44 36 de
905 619 147 50 förslag,
1094 619 151 37 hvartill
1283 618 121 36 denna
1441 616 199 48 utredning
1682 615 72 35 kan
1793 612 101 50 gifva
1933 626 59 23 an-

397 675 162 49 ledning.

504 728 84 37 Med
626 727 167 38 afseende
835 727 21 36 å
896 727 70 37 den
1010 725 212 50 ifrågasatta
1256 723 242 49 utredningen
1527 723 121 36 finner
1677 721 179 37 utskottet
1884 720 109 35 önsk-

398 782 117 45 värdt,
555 787 56 31 att
650 781 131 37 därvid
820 781 170 36 särskildt
1031 787 100 42 tages
1171 779 117 37 under
1328 776 282 49 öfvervägande,
1649 774 199 45 huruvida,
1877 774 117 36 under

398 836 130 37 hvilka
568 835 253 38 förhållanden
863 835 66 36 och
972 835 12 34 i
1021 833 153 37 hvilken
1203 831 254 48 utsträckning
1486 833 69 34 dels
1583 830 139 48 sjömän
1751 828 68 35 och
1847 828 144 44 fiskare,

399 892 69 35 dels
506 889 71 37 den
611 889 61 36 vid
701 888 87 37 våra
817 887 361 37 kommunikationer
1206 885 184 37 anställda
1418 883 180 50 personal,
1629 883 70 35 dels
1727 883 61 35 ock
1813 881 180 36 valberät-

399 943 135 50 tigade,
577 955 77 24 som
693 943 149 36 befinna
882 942 55 49 sig
966 942 12 34 i
1007 941 139 35 militär
1174 939 254 49 tjänstgöring,
1459 936 70 45 må,
1559 942 85 30 utan
1674 933 254 51 uppgifvande
1957 932 40 37 af

400 997 69 36 den
516 997 187 36 allmänna
748 996 113 48 regel,
909 1008 79 23 som
1030 993 201 37 innehålles
1272 993 12 35 i
1327 993 22 46 8
1380 993 48 36 24
1457 989 383 49 riksdagsordningen,
1868 988 127 35 kunna

400 1055 114 32 sättas
541 1051 14 34 i
581 1048 149 38 tillfälle
758 1053 56 31 att
842 1051 46 47 på
917 1047 170 36 särskildt
1114 1050 71 32 sätt
1212 1045 128 36 utöfva
1369 1045 54 35 sin
1452 1049 162 31 rösträtt.

505 1102 111 38 Hvad
644 1100 176 39 beträffar
848 1106 107 32 sättet
982 1100 58 37 för
1067 1098 264 51 röstgifningen
1360 1098 12 35 i
1400 1097 44 36 de
1465 1094 287 50 undantagsfall,
1773 1095 152 36 hvarom
1946 1107 50 23 nu

400 1164 39 30 är
480 1158 65 44 tal,
579 1168 104 24 anser
724 1155 180 36 utskottet
932 1154 62 36 det
1022 1154 126 35 kunna
1176 1158 111 30 sättas
1314 1152 12 34 i
1354 1150 116 49 fråga,
1500 1149 185 37 huruvida
1713 1153 53 31 ett
1795 1148 124 36 direkt
1947 1148 50 35 in-

400 1210 185 38 sändande
627 1208 41 37 af
699 1208 242 44 valsedlarne,
978 1208 116 48 jämte
1136 1204 198 50 åtföljande
1374 1204 117 49 intyg,
1532 1203 61 35 till
1623 1201 273 37 vederbörande
1924 1202 74 34 val-

400 1264 197 37 förrättare
639 1263 91 36 eller
767 1262 248 37 valsedlarnes
1057 1258 230 37 aflämnande
1330 1257 64 36 hos
1426 1257 120 48 någon
1575 1254 167 49 offentlig
1770 1254 227 50 myndighet,

401 1319 148 36 hvilken
578 1318 12 35 i
618 1317 54 37 sin
700 1316 157 49 ordning
886 1315 65 36 har
979 1319 55 31 att
1062 1312 219 38 öfversända
1309 1311 84 37 dem
1421 1311 58 36 till
1508 1308 273 38 vederbörande
1805 1307 194 38 valförrät-

402 1378 90 38 tare,
536 1378 41 30 är
618 1376 55 31 att
713 1369 204 49 föredraga.
972 1370 69 35 Att
1073 1367 129 37 härvid
1231 1365 210 37 kontrollen
1471 1362 106 38 öfver
1604 1362 246 36 valsedlarnes
1877 1361 123 37 afläm-

402 1425 119 37 nande
564 1424 40 37 af
640 1423 152 49 behörig
821 1435 128 37 person
979 1422 68 36 och
1078 1420 115 37 under
1221 1419 74 37 full
1324 1417 111 38 frihet
1462 1416 80 37 från
1573 1415 196 49 obehörigt
1797 1415 107 50 tryck
1933 1415 67 36 bör

403 1478 117 38 blifva
563 1478 38 37 så
641 1490 189 37 noggrann
864 1489 75 24 som
969 1475 157 49 möjligt,
1151 1473 189 36 äfvensom
1369 1476 55 30 att
1452 1471 244 48 anledningar
1721 1469 60 36 till
1809 1469 192 36 valtrassel

404 1534 88 35 böra
522 1532 193 44 undvikas,
740 1538 40 29 är
808 1535 53 31 ett
887 1528 190 51 själffallet
1104 1527 68 37 och
1200 1525 237 49 oeftergifligt
1464 1522 285 49 önskningsmål.

510 1586 102 36 Utan
654 1590 55 31 att
740 1591 168 29 närmare
936 1582 86 50 ingå
1050 1581 48 51 på
1125 1580 128 49 frågan
1283 1592 72 31 om,
1383 1578 11 35 i
1423 1577 96 37 hvad
1547 1575 85 37 mån
1662 1576 67 35 här
1757 1575 244 36 omhandlade

403 1639 255 38 förhållanden
687 1638 201 49 lämpligen
917 1638 126 35 kunna
1072 1635 67 36 och
1163 1635 88 36 böra
1281 1633 132 36 ordnas
1441 1643 130 37 genom
1599 1629 165 45 särskild,
1783 1628 41 37 af
1841 1628 161 49 Konung

403 1694 67 37 och
513 1692 165 50 Riksdag
706 1696 227 45 gemensamt
961 1689 127 37 stiftad
1118 1689 71 48 lag,
1217 1688 68 36 vill
1315 1685 179 37 utskottet
1522 1685 60 36 till
1611 1684 62 35 sist
1701 1681 195 38 framhålla
1924 1682 77 36 vik-

402 1753 62 31 ten
501 1746 42 37 af
580 1752 54 30 att
676 1759 43 23 en
763 1745 106 50 dylik
897 1742 244 51 lagstiftning,
1169 1755 59 23 om
1257 1741 70 36 den
1356 1740 167 35 kommer
1551 1738 60 36 till
1640 1736 117 45 stånd,
1788 1735 127 37 endast
1942 1735 60 36 må

403 1800 189 38 innehålla
631 1812 85 24 rena
752 1795 405 52 ordningsföreskrifter
1184 1794 85 37 med
1298 1792 169 39 afseende
1494 1791 22 36 å
1538 1791 285 48 tillämpningen
1851 1788 41 37 af
1919 1789 43 36 de
1990 1789 12 35 i

403 1854 368 48 riksdagsordningen
800 1853 100 49 gifna
927 1850 331 38 bestämmelserna.

510 1907 54 37 På
606 1907 122 50 grund
771 1908 38 35 af
836 1905 99 38 hvad
964 1904 151 37 sålunda
1144 1901 124 38 blifvit
1295 1899 158 45 anfördt,
1481 1897 58 38 får
1568 1897 178 37 utskottet
1770 1895 83 38 med
1881 1895 122 37 anled-

404 1962 91 50 ning
524 1960 41 38 af
589 1963 83 35 herr
700 1953 163 45 Ödmans
894 1959 138 36 motion
1061 1957 205 43 hemställa,

937 2071 54 31 att
1031 2064 209 48 Riksdagen
1284 2063 13 35 i
1338 2059 191 38 skrifvelse
1564 2059 55 36 till
1645 2058 136 47 Kungl.
1810 2057 105 47 Maj:t
1943 2069 59 22 an-

831 2119 129 45 håller,
988 2124 56 31 att
1073 2118 135 48 Kungl.
1237 2116 107 48 Maj:t
1373 2115 87 36 ville
1489 2113 76 36 låta
1595 2111 194 38 verkställa
1817 2122 44 23 en
1881 2109 122 36 utred-

832 2174 90 48 ning
950 2171 48 46 af,
1026 2173 13 35 i
1069 2171 97 37 hvad
1194 2169 85 37 mån
1308 2168 69 36 och
1405 2167 117 36 under
1550 2166 126 37 hvilka
1708 2164 135 36 villkor
1868 2162 134 37 undan-

832 2233 63 43 tag
924 2229 69 41 må,
1022 2225 63 36 vid
1113 2223 122 37 förfall
1263 2222 58 36 för
1349 2219 284 50 valberättigad,
1651 2219 128 36 kunna
1798 2223 105 43 göras
1922 2215 81 36 från

835 2281 68 36 den
932 2280 12 35 i
972 2279 18 50 $
1021 2280 50 37 24
1100 2276 371 51 riksdagsordningen
1500 2273 102 50 :gifna
1630 2271 286 43 bestämmelsen,
1949 2274 55 30 att
