1882 2786
110 170 44 26 Nr
179 171 124 26 15—16.
572 172 280 29 Bankoutskottets
870 173 160 28 utlåtande
1047 183 38 19 nr
1105 176 44 26 15.
1602 179 14 28 1

781 348 67 40 Nr
877 349 65 40 15.

314 457 183 31 Utlåtande
517 459 11 29 i
546 458 190 40 anledning
756 469 42 21 av
819 460 104 30 väckt
944 462 133 29 motion
1097 461 179 39 angående
1297 462 316 40 anmälningsskyl-

512 512 119 38 dighet
647 512 55 37 för
718 513 288 40 industriföretag
1024 515 148 30 rörande
1191 515 220 37 förestående
1429 516 184 31 inskränk-

512 567 125 37 ningar
654 567 10 28 i
682 566 139 37 driften.

155 670 14 31 I
191 681 43 20 en
256 671 98 30 inom
376 672 113 30 andra
510 672 211 30 kammaren
743 674 114 29 under
880 684 43 19 nr
947 675 58 29 141
1033 674 104 31 väckt
1160 675 146 36 motion,
1331 685 77 21 som
1430 676 183 31 hänvisats

110 724 53 30 till
186 724 312 31 bankoutskottets
522 726 275 39 handläggning,
824 726 133 31 föreslå
981 728 125 30 herrar
1130 728 200 31 Andersson
1354 730 11 29 i
1391 729 130 31 Malmö
1547 730 66 30 och

109 778 173 30 Svensson
304 778 11 30 i
338 777 170 41 Alingsås,
533 783 49 26 att
605 778 187 40 riksdagen
816 779 110 31 måtte
950 781 138 30 besluta
1112 782 188 30 hemställa
1327 782 53 30 till
1406 782 207 40 regeringen

110 840 59 20 om
189 841 43 20 en
252 831 191 40 utredning
463 833 152 29 rörande
635 833 431 40 anmälningsskyldighet
1088 835 57 29 för
1166 835 293 40 industriföretag
1481 846 59 20 om
1561 836 52 31 in-

110 884 263 40 skränkningar
401 886 10 28 i
440 885 142 36 driften,
611 887 178 29 varunder
816 887 41 29 de
886 886 187 40 spörsmål,
1105 897 76 21 som
1209 889 138 30 berörts
1378 889 10 29 i
1418 889 193 36 motionen,

108 937 145 31 komma
271 939 114 29 under
403 939 246 39 omprövning.

153 991 163 30 Rörande
341 993 68 28 den
434 993 165 29 närmare
624 993 258 39 motiveringen
908 994 56 30 för
989 995 169 39 förslaget
1184 994 55 31 får
1264 995 174 31 utskottet
1463 996 149 31 hänvisa

108 1044 53 30 till
178 1044 192 31 motionen.

153 1092 91 36 Över
260 1098 183 30 motionen
460 1099 74 35 har,
552 1100 90 29 efter
660 1100 122 30 därom
797 1101 10 29 i
824 1101 217 39 vederbörlig
1057 1102 149 39 ordning
1223 1102 102 39 gjord
1340 1102 270 40 framställning,

106 1152 160 38 yttrande
284 1152 146 39 avgivits
450 1162 44 20 av
511 1152 490 40 arbetsmarknadsstyrelsen,
1021 1155 169 38 varjämte
1210 1155 401 41 Landsorganisationen

108 1206 10 28 i
132 1205 148 38 Sverige,
295 1205 156 30 Svenska
465 1205 452 40 arbetsgivareföreningen,
933 1208 155 38 Sveriges
1104 1198 306 47 industriförbund
1426 1210 66 29 och
1507 1210 103 38 Tjän-

107 1259 221 29 stemännens
354 1260 373 37 centralorganisation
750 1261 130 29 beretts
906 1260 140 30 tillfälle
1073 1261 124 39 avgiva
1222 1262 166 38 yttrande
1415 1262 10 30 i
1452 1263 157 30 ärendet.

153 1337 113 30 Sedan
286 1337 38 30 år
346 1339 84 29 1944
452 1339 64 29 har
535 1340 131 29 mellan
688 1340 490 39 arbetsmarknadsstyrelsen
1200 1342 67 29 och
1287 1342 222 30 Industriens
1530 1352 80 29 pro-

106 1390 236 31 duktionsråd
361 1392 138 30 funnits
519 1402 43 20 en
581 1393 347 30 överenskommelse
948 1403 59 20 om
1025 1393 158 40 frivilligt
1205 1396 115 28 varsel
1341 1395 58 29 vid
1419 1395 191 30 driftsned-

106 1445 179 38 läggelser,
307 1444 412 40 driftsinskränkningar
740 1446 66 30 och
827 1446 298 40 permitteringar.
1148 1447 118 39 Enligt
1288 1448 321 31 överenskommel-

106 1507 62 21 sen
184 1498 46 30 ha
247 1497 340 40 industriföretagen
605 1501 51 27 att
674 1499 52 30 till
745 1499 296 39 myndigheterna
1061 1501 161 29 meddela
1242 1501 57 29 det
1319 1502 98 29 antal
1436 1502 171 34 arbetare,

106 1560 76 20 som
203 1552 112 28 under
335 1552 42 29 de
399 1552 158 29 närmast
580 1552 159 38 följande
759 1551 58 31 två
836 1552 220 31 månaderna
1078 1554 123 30 väntas
1223 1554 137 30 behöva
1383 1554 225 39 permitteras

106 1604 84 29 eller
211 1604 183 30 avskedas.
419 1605 207 30 Eventuella
649 1606 260 30 meddelanden
932 1616 43 20 av
998 1607 96 30 detta
1118 1608 73 39 slag
1214 1608 138 31 lämnas
1376 1608 46 39 på
1447 1610 57 29 det
1529 1619 79 30 rap-

105 1657 163 38 portkort
289 1658 150 29 rörande
468 1658 391 40 sysselsättningsläget,
885 1669 77 20 som
985 1660 182 39 företagen
1193 1660 218 41 månatligen
1436 1663 56 30 via
1516 1664 92 29 läns-

104 1710 344 31 arbetsnämnderna
474 1712 196 29 översända
695 1711 53 30 till
775 1712 295 39 socialstyrelsen.
1098 1714 397 31 Länsarbetsnämnden
1522 1716 86 30 bok-

105 1764 57 29 för
179 1763 9 29 i
207 1763 58 30 sitt
284 1764 438 39 sysselsättningsregister
739 1765 41 30 de
800 1766 164 30 lämnade
983 1767 346 39 varseluppgifterna
1348 1769 66 29 och
1432 1769 176 30 tillställer

104 1817 490 38 arbetsmarknadsstyrelsen
610 1821 48 26 ett
673 1819 254 38 sammandrag
939 1828 43 21 av
997 1820 190 29 desamma.
1203 1820 101 30 Inom
1320 1822 172 37 styrelsen
1507 1824 100 37 göres

105 1879 42 20 en
165 1870 333 38 sammanställning
514 1880 43 20 av
572 1871 230 38 uppgifterna
819 1871 81 30 från
918 1872 80 29 hela
1016 1873 129 29 landet.

149 1922 64 30 Vid
235 1923 288 38 permitteringar
547 1924 67 29 och
638 1924 252 29 avskedanden
913 1934 43 20 av
979 1926 111 28 större
1114 1926 216 39 omfattning
1353 1927 46 30 ha
1424 1929 183 39 företagen

104 1974 108 31 också
234 1978 50 27 att
306 1976 163 30 meddela
493 1977 95 29 detta
612 1976 53 30 till
689 1977 265 30 vederbörande
979 1978 320 40 branschförening
1324 1980 57 29 för
1405 1980 119 31 vidare
1550 1982 57 29 be-

103 2029 147 29 fordran
288 2029 52 29 till
378 2029 220 30 Industriens
639 2029 313 39 produktionsråd.
993 2031 129 30 Mellan
1160 2032 340 38 produktionsrådet
1540 2035 67 29 och

103 2082 489 38 arbetsmarknadsstyrelsen
629 2082 206 39 uppehålles
871 2086 48 27 ett
955 2084 226 38 fortlöpande
1216 2086 200 29 samarbete
1452 2087 9 29 i
1498 2088 108 29 bland

103 2138 109 26 annat
237 2135 215 30 hithörande
476 2134 129 39 frågor.

148 2187 162 30 Rörande
331 2188 117 29 denna
469 2188 345 30 överenskommelse
837 2190 66 28 och
925 2189 232 38 bakgrunden
1180 2191 51 29 till
1253 2191 78 29 dess
1355 2193 181 29 träffande
1560 2194 44 29 ha

103 2240 154 29 Svenska
281 2240 443 38 arbetsgivareföreningen
748 2243 64 28 och
837 2243 156 36 Sveriges
1020 2242 304 37 industriförbund
1352 2245 8 28 i
1387 2244 57 30 sitt
1470 2254 135 29 gemen-

103 2302 136 20 samma
261 2292 184 30 utlåtande
467 2294 120 29 anfört
610 2293 169 38 följande.

147 2363 11 29 I
186 2363 104 29 slutet
316 2372 43 20 av
386 2363 114 38 kriget
526 2363 177 29 räknades
731 2364 80 28 med
838 2367 50 26 att
916 2364 112 29 under
1056 2375 42 18 en
1125 2365 321 39 övergångsperiod
1475 2367 129 39 svårig-

101 2409 99 28 heter
226 2407 113 29 skulle
365 2407 123 30 kunna
514 2406 130 40 uppstå
671 2410 51 27 att
751 2407 242 39 upprätthålla
1022 2409 313 39 sysselsättningen
1364 2412 153 29 framför
1542 2413 62 29 allt

102 2452 95 29 inom
220 2452 42 28 de
286 2451 202 35 industrier,
516 2452 111 30 vilkas
652 2452 180 38 kapacitet
859 2452 8 29 i
893 2453 200 37 betydande
1117 2454 84 36 grad
1228 2457 76 35 togs
1329 2455 10 29 i
1365 2455 157 39 anspråk
1548 2458 57 29 för

104 2515 9 25 1
161 2514 119 32 Bihang
299 2514 45 25 till
365 2513 182 33 riksdagens
566 2514 158 34 protokoll
746 2515 83 25 1952.
850 2516 17 25 8
887 2515 87 26 saml.
995 2515 42 26 Nr
1060 2517 122 25 15—16.
