2202 2650
398 233 42 31 46
647 233 103 30 Andra
773 233 191 30 Kammarens
991 231 163 38 Tillfälliga
1181 231 125 31 Utskotts
1321 229 68 39 (N:o
1412 228 31 39 2)
1472 229 152 33 Utlåtande
1646 229 56 31 N:o
1728 230 53 31 35.

1804 561 60 35 Bil
1891 561 47 36 D.

1138 938 40 35 P.
1211 938 52 34 M.

808 1007 200 43 angående
1033 1006 566 34 veterinäradministrationen.

514 1173 123 35 Redan
666 1172 68 36 den
764 1170 201 45 kommitté,
996 1182 79 24 som
1103 1170 38 35 år
1172 1170 101 36 1863
1302 1168 164 36 tillsattes
1485 1168 56 35 för
1563 1169 52 34 att
1634 1168 138 47 afgifva
1791 1168 130 47 förslag
1941 1168 58 35 till

408 1225 229 50 fullständigt
665 1225 182 37 ordnande
876 1225 36 35 af
939 1222 348 38 veterinärväsendet
1314 1223 13 34 i
1354 1222 104 44 riket,
1488 1221 154 48 föreslog
1669 1221 54 36 uti
1752 1221 63 35 sitt
1838 1220 38 36 år
1896 1223 100 34 1865

409 1281 137 47 afgifna
573 1279 227 37 betänkande
829 1280 52 34 att
908 1279 59 34 för
996 1277 43 36 de
1068 1277 198 36 veterinära
1295 1276 347 48 angelägenheterna
1670 1288 44 22 en
1744 1274 163 46 särskild,
1937 1288 62 22 un-

410 1336 60 35 der
498 1334 368 48 civildepartementet
892 1330 156 49 lydande
1077 1331 147 48 styrelse
1253 1330 117 36 skulle
1397 1330 160 36 inrättas.

516 1388 247 36 Kommitténs
802 1386 135 47 förslag
968 1385 13 35 i
1016 1385 116 35 denna
1164 1383 60 37 del
1253 1383 210 36 föranledde
1492 1382 93 37 dock
1612 1382 79 36 icke
1719 1382 58 36 till
1806 1383 117 47 någon
1952 1382 48 35 vi-

411 1443 82 36 dare
521 1441 140 48 åtgärd.

517 1494 197 37 Yrkanden
757 1507 59 23 om
857 1492 378 38 veterinärärendenas
1278 1489 212 49 afskiljande
1524 1490 78 36 från
1635 1489 366 48 medicinalstyrelsen

413 1550 109 36 hafva
565 1548 198 37 emellertid
805 1546 114 37 under
955 1559 123 24 senare
1111 1546 90 35 tider
1230 1544 204 50 upprepade
1462 1543 135 49 gånger
1624 1544 254 35 framkommit
1905 1542 97 38 såväl

413 1605 79 35 från
518 1602 283 49 jordbrukarnas
830 1614 76 23 som
934 1601 283 36 veterinärernas
1245 1599 88 36 sida.

520 1656 75 36 Vid
621 1654 471 49 hushållningssällskapens
1119 1653 154 36 ombuds
1301 1655 95 34 möte
1424 1654 38 34 år
1492 1653 100 36 1893
1622 1652 143 35 väcktes
1793 1650 132 49 förslag
1943 1651 60 35 till

414 1710 166 49 åtgärder
620 1711 58 35 för
719 1708 364 38 veterinärväsendets
1124 1705 169 38 ställande
1332 1706 115 36 under
1483 1705 399 48 landtbruksstyrelsen.
1938 1704 66 36 Uti

415 1763 227 49 underdånig
682 1761 187 39 skrifvelse
910 1761 69 37 den
1022 1763 48 34 14
1104 1761 196 36 november
1335 1761 99 36 1893
1468 1759 147 36 anhöllo
1644 1759 66 36 ock
1738 1758 266 48 hushållnings-

416 1819 219 48 sällskapens
663 1817 150 45 ombud,
843 1818 55 34 att
925 1815 137 48 Kungl.
1091 1815 110 47 Maj:t
1228 1813 112 37 måtte
1368 1819 82 44 taga
1477 1814 12 34 i
1517 1811 277 49 öfvervägande,
1825 1812 181 35 huruvida

416 1873 31 47 ej
490 1871 167 49 åtgärder
697 1871 111 36 borde
850 1869 165 48 vidtagas
1046 1869 56 35 för
1129 1870 53 34 att
1208 1869 38 34 åt
1274 1868 141 36 landets
1444 1866 332 38 veterinärväsende
1805 1866 128 36 bereda
1961 1878 44 23 en

416 1924 90 38 fullt
533 1925 207 48 sakkunnig
768 1925 68 36 och
863 1921 282 49 ändamålsenlig
1171 1922 159 47 ledning.

524 1979 17 35 I
568 1979 196 48 anledning
792 1976 41 37 af
857 1977 117 37 denna
1001 1974 265 49 framställning
1294 1975 125 36 inkom
1438 1973 380 48 medicinalstyrelsen,
1839 1972 57 36 till
1915 1972 92 47 följd

418 2035 36 35 af
481 2032 109 50 nådig
617 2033 136 44 remiss,
783 2032 82 35 med
891 2030 169 49 yttrande
1088 2028 39 37 af
1152 2029 226 36 direktionen
1406 2029 54 35 för
1480 2027 357 36 veterinärinstitutet
1855 2027 11 34 i
1885 2026 121 36 Stock-

418 2088 103 35 holm
550 2089 94 33 samt
672 2090 81 45 eget
782 2084 242 48 underdånigt
1051 2082 186 37 utlåtande
1266 2081 40 37 af
1331 2082 67 36 den
1431 2084 20 34 2
1481 2080 158 37 februari
1669 2082 113 35 1894.

525 2140 238 36 Direktionen
791 2140 58 35 för
876 2137 366 44 veterinärinstitutet,
1269 2149 77 23 som
1364 2137 12 34 i
1395 2135 148 36 ärendet
1561 2134 80 36 hört
1658 2134 135 48 jämväl
1811 2133 198 36 institutets

420 2194 307 48 lärarkollegium,
758 2192 216 37 hemställde
1002 2192 13 35 i
1043 2190 117 36 likhet
1178 2189 84 36 med
1282 2190 181 48 kollegiet,
1484 2191 54 33 att
1557 2187 346 37 veterinärväsendet
1922 2184 87 38 fort-

421 2249 146 36 farande
608 2246 109 38 måtte
759 2247 88 36 höra
888 2245 115 36 under
1043 2244 369 47 medicinalstyrelsen
1445 2245 95 34 samt
1567 2244 53 34 att
1646 2240 114 37 såsom
1790 2240 157 36 ledamot
1974 2240 38 35 af

422 2304 116 34 denna
579 2302 146 47 styrelse
759 2302 112 34 måtte
904 2299 167 37 anställas
1100 2311 42 23 en
1171 2298 180 36 veterinär
1379 2297 80 36 med
1486 2296 191 48 åliggande
1706 2297 54 34 att
1786 2294 130 37 bereda
1944 2293 67 36 och
