2204 2648
381 204 41 30 24
599 202 102 30 Andra
725 202 191 30 Kammarens
943 200 162 37 Tillfälliga
1133 199 122 30 Utskotts
1279 196 72 40 (N:o
1374 195 37 41 2)
1440 195 149 31 Utlåtande
1613 195 57 29 N:o
1696 194 51 29 35.

486 283 362 47 Medicinalstyrelsen
877 282 109 35 måste
1015 280 137 36 således
1180 278 175 36 bestämdt
1383 276 170 43 vidhålla,
1584 276 53 34 att
1665 272 305 50 föredragningen

380 339 36 35 af
452 337 68 36 alla
557 337 153 36 ärenden
739 336 90 35 skall
856 335 143 36 tillhöra
1027 333 179 37 ordinarie
1233 332 205 35 ledamöter.
1494 330 124 35 Såsom
1648 326 229 49 rådgifvande
1906 327 65 35 och

380 393 56 34 för
475 391 170 36 särskilda
683 390 63 35 fall
782 389 71 35 kan
887 388 60 36 det
975 400 81 23 vara
1084 387 166 47 lämpligt
1278 390 53 31 att
1359 385 151 36 anställa
1539 384 98 35 extra
1665 380 172 37 ordinarie
1867 380 105 35 medi-

381 444 168 45 cinalråd,
579 457 82 22 men
691 443 77 36 icke
796 444 55 34 för
880 443 67 35 den
976 441 141 49 dagliga
1138 439 316 48 handläggningen
1475 439 65 35 och
1561 436 192 47 ledningen
1770 435 36 34 af
1825 434 147 34 arbetet.

387 515 11 15 »
407 499 167 47 Rörliga»
608 497 257 47 föredragande
893 496 69 35 kan
991 495 171 48 styrelsen
1192 493 114 36 därför
1333 493 78 35 icke
1439 491 151 36 förorda.

488 605 159 36 Särskild
675 603 317 50 uppmärksamhet
1019 605 109 45 ägnar
1149 601 220 35 motionären
1390 599 104 35 äfven
1514 600 36 34 åt
1569 598 215 36 arbetssättet
1801 595 12 34 i
1832 593 143 36 medici-

382 660 230 48 nalstyrelsen
633 657 67 37 och
720 657 205 48 uppehåller
944 657 52 46 sig
1016 656 80 35 med
1116 654 162 36 afseende
1292 655 111 46 härpå
1418 652 73 35 dels
1505 652 59 35 vid
1579 651 68 35 den
1662 648 190 49 kollegiala
1867 647 108 35 hand-

382 714 221 48 läggningen
634 713 36 34 af
694 711 178 36 ärendena
893 711 73 35 dels
985 711 104 34 äfven
1110 709 60 35 vid
1190 709 99 35 deras
1305 708 117 46 öfriga
1441 705 220 47 behandling
1675 704 57 35 och
1752 697 223 57 "expedition.

489 767 113 35 Hvad
630 766 91 35 först
749 765 167 36 beträffar
945 764 67 35 den
1041 764 177 46 kollegiala
1246 763 301 44 handläggningen,
1569 760 38 34 så
1627 771 61 22 var
1706 755 123 49 frågan
1850 756 125 34 härom

383 821 149 36 föremål
560 821 60 34 för
648 832 44 23 en
721 818 169 48 grundlig
918 817 205 48 utredning,
1154 817 110 34 innan
1294 812 365 48 medicinalstyrelsen
1687 810 80 36 med
1795 810 182 47 ingången

385 874 40 36 af
463 877 38 33 år
546 874 99 36 1878
690 873 119 35 aflöste
838 870 380 48 sundhetskollegium.
1267 869 66 35 Uti
1361 866 223 37 sistnämnda
1611 863 223 38 ämbetsverk
1863 861 114 37 skulle

384 929 68 35 alla
480 927 155 36 ärenden
664 926 199 36 behandlas
891 925 194 47 kollegialt.
1142 924 21 34 I
1191 921 378 48 medicinalstyrelsens
1596 917 219 37 instruktion
1845 917 36 34 af
1910 916 65 35 den

387 985 19 34 2
437 981 194 36 november
663 982 99 35 1877
794 978 226 37 förändrades
1048 978 97 35 detta
1174 977 145 43 därhän,
1349 977 53 34 att
1429 975 123 35 endast
1579 973 92 35 vissa
1689 971 176 47 viktigare
1884 973 95 32 ären-

385 1037 68 35 den
495 1035 113 36 skulle
651 1035 140 47 afgöras
833 1046 130 35 genom
1005 1031 181 36 samfälldt
1212 1030 116 36 beslut
1355 1030 37 34 af
1420 1027 342 49 generaldirektören
1791 1025 66 35 och
1886 1023 88 36 leda:

385 1092 171 41 möterna,
586 1101 83 23 men
697 1088 68 35 alla
794 1087 109 35 andra
932 1087 138 47 afgöras
1099 1085 37 36 af
1158 1085 67 35 den
1253 1084 92 35 förre
1374 1083 92 35 efter
1493 1080 239 49 rådplägning
1760 1078 80 36 med
1860 1077 118 36 veder-

385 1144 155 35 börande
573 1143 166 35 ledamot.
795 1139 59 37 Då
886 1143 95 33 stora
1008 1139 287 47 betänkligheter
1322 1134 139 38 anförts
1487 1137 78 34 mot
1593 1132 289 48 öfvergifvandet
1911 1137 68 29 sär-

387 1198 110 35 skildt
523 1198 46 46 på
598 1196 98 35 detta
724 1193 387 48 förvaltningsområde
1140 1192 37 35 af
1203 1192 65 35 den
1297 1190 191 48 kollegiala
1515 1190 153 41 formen,
1697 1186 173 36 bibehölls
1899 1185 80 35 den-

388 1263 132 24 samma
547 1251 105 34 äfven
681 1250 56 35 för
763 1261 157 35 grupper
947 1248 36 35 af
1008 1247 165 43 ärenden,
1203 1246 55 34 för
1287 1244 120 36 hvilka
1435 1243 68 36 den
1532 1242 197 36 sedermera
1747 1238 139 37 funnits
1904 1238 77 35 icke

388 1318 83 22 vara
513 1303 215 47 nödvändig.
786 1302 104 35 Efter
930 1302 132 46 förslag
1105 1301 36 34 af
1169 1297 362 48 medicinalstyrelsen
1560 1295 144 49 gjordes
1732 1294 91 35 dock
1852 1305 130 36 genom

387 1358 267 36 instruktionen
697 1357 65 35 den
808 1357 44 34 31
900 1355 181 36 december
1125 1355 100 34 1900
1269 1353 67 35 den
1370 1351 218 47 förändring,
1624 1355 53 29 att
1709 1348 75 35 från
1814 1346 168 47 kollegial

389 1412 219 46 behandling
651 1410 226 47 undantogos
919 1409 91 35 vissa
1051 1407 319 48 byggnadsfrågor,
1413 1404 193 49 yttranden
1637 1403 8 34 i
1676 1402 152 36 sanitära
1861 1398 122 49 frågor

390 1469 92 32 samt
509 1466 122 46 frågor
659 1476 60 23 om
747 1462 273 45 förordnanden,
1049 1460 275 48 tjänstledighet
1343 1460 67 35 och
1430 1458 123 36 afsked
1572 1458 60 34 för
1651 1457 210 46 tjänstemän
1883 1456 100 33 utom

391 1519 171 48 styrelsen
593 1540 48 3 —
672 1518 66 34 allt
766 1517 54 35 för
848 1515 39 36 så
914 1516 76 35 vidt
1008 1516 58 34 det
1085 1515 79 35 icke
1184 1514 111 47 gäller
1313 1512 212 36 utlåtanden
1544 1511 56 35 till
1619 1510 220 47 Konungen,
1860 1507 124 35 hvilka

390 1574 13 34 i
431 1570 361 49 medicinalstyrelsen
834 1570 150 35 likasom
1014 1569 13 34 i
1055 1568 111 35 andra
1193 1566 222 36 ämbetsverk
1440 1565 98 36 skola
1566 1563 193 36 behandlas
1786 1561 196 47 kollegialt.

394 1627 188 35 Dessutom
625 1625 157 35 infördes
825 1635 129 36 genom
987 1621 18 49 $
1035 1623 47 35 32
1128 1622 38 34 af
1206 1619 266 37 instruktionen
1515 1618 36 35 af
1590 1620 38 32 år
1672 1618 99 34 1900
1815 1615 68 35 den
1916 1615 68 34 för-

391 1680 210 47 ändringen,
632 1681 53 33 att
712 1675 91 38 vissa
831 1676 153 36 ärenden
1013 1675 120 35 kunde
1163 1674 139 48 afgöras
1330 1673 38 35 af
1395 1673 240 35 ledamöterna
1664 1682 187 23 ensamma.
1893 1667 91 36 Här-

392 1735 144 47 igenom
564 1732 178 36 befriades
769 1730 347 49 generaldirektören
1147 1729 78 34 från
1254 1726 208 48 deltagande
1491 1726 12 34 i
1530 1724 316 47 handläggningen
1875 1722 36 35 af
1935 1723 51 34 ett

393 1788 142 48 mycket
577 1788 92 34 stort
707 1785 97 35 antal
846 1784 152 35 ärenden
1027 1784 37 34 af
1091 1782 141 35 mindre
1259 1781 229 47 betydenhet.
1537 1778 155 35 Jämlikt
1720 1776 17 49 $
1767 1778 48 35 28
1847 1777 36 34 af
1910 1776 75 35 sist-

393 1841 156 36 nämnda
591 1839 220 36 instruktion
853 1838 112 43 skola,
998 1837 143 35 utöfver
1169 1834 305 47 framställningar
1501 1833 57 34 till
1586 1831 134 47 Kungl.
1752 1831 119 46 Maj:t,
1901 1827 85 37 fort-

394 1895 144 36 farande
580 1893 194 36 behandlas
802 1891 183 48 kollegialt
1012 1889 319 47 hufvudsakligen:
1376 1886 224 36 utfärdandet
1629 1886 36 34 af
1693 1885 178 35 allmänna
1899 1884 87 34 före-

395 1949 156 43 skrifter,
581 1947 210 47 disposition
820 1946 36 35 af
884 1944 188 48 styrelsens
1101 1943 136 47 anslag,
1266 1940 306 37 rättsmedicinska
1593 1938 219 44 utlåtanden,
1834 1938 153 34 besvärs-

396 2004 83 44 mål,
510 1999 278 49 bestraffningar
815 2001 93 34 samt
934 1997 359 48 befordringsfrågor.

503 2055 62 48 Ny
598 2054 109 48 yrkar
734 2054 219 35 motionären
983 2053 45 46 på
1056 2052 13 34 i
1097 2051 112 35 första
1237 2051 157 33 rummet
1426 2046 266 49 »upphörandet
1721 2046 35 34 af
1784 2046 67 34 den
1880 2044 108 35 kolle-

397 2110 94 48 giala
518 2108 318 47 handläggningen
865 2107 36 35 af
929 2107 66 34 alla
1023 2105 94 46 slags
1146 2104 182 35 ärenden».
1371 2101 202 36 Huruledes
1593 2101 97 34 detta
1708 2098 158 49 yrkande
1886 2110 104 35 synes

398 2162 55 37 stå
480 2164 11 34 i
519 2162 88 36 strid
644 2161 83 36 med
765 2161 88 35 hans
894 2162 80 45 eget
1010 2158 132 47 förslag
1169 2157 56 35 till
1253 2157 42 35 de
1323 2154 308 37 rättsmedicinska
1659 2153 190 35 ärendenas
1877 2152 112 35 öfver-

398 2216 188 36 lämnande
629 2215 56 35 till
724 2214 171 36 särskilda
929 2212 270 36 kommissioner
1230 2211 36 35 af
1290 2213 52 32 tre
1371 2221 176 36 personer,
1578 2208 184 35 äfvensom
1791 2206 83 36 med
1902 2207 88 34 hans

400 2271 132 46 förslag
560 2272 53 33 att
642 2268 44 37 de
715 2281 26 23 s.
771 2268 35 35 k.
841 2267 168 48 »rörliga»
1041 2264 303 49 föredragandena
1373 2263 117 35 skulle
1518 2261 104 36 hafva
1650 2263 72 34 säte
1751 2262 64 34 och
1840 2264 151 31 stämma
