1880 2810
226 950 105 26 Allmän

197 985 158 25 verksamhet.

720 165 305 31 Bankoutskottets
1047 165 176 31 utlåtande
1246 175 41 22 nr
1313 168 27 29 4.

788 599 99 31 Till
926 600 353 32 RIKSDAGEN.

426 801 146 30 Jämlikt
594 802 17 37 8
636 802 18 30 5
678 801 10 30 i
715 802 145 36 Stadgar
881 802 55 31 för
957 802 360 37 riksdagsbiblioteket
1338 802 56 32 får
1414 805 168 35 styrelsen
1604 805 78 30 här-

381 853 80 30 med
480 853 122 36 avgiva
622 853 182 30 berättelse
826 855 81 28 över
925 853 218 31 bibliotekets
1164 854 212 37 förvaltning
1394 855 112 30 under
1526 854 40 32 år
1589 856 93 30 1945.

425 953 221 31 Bibliotekets
670 953 220 31 verksamhet
914 955 66 30 har
1003 956 111 30 under
1137 956 56 30 det
1216 954 135 38 gångna
1376 954 73 33 året
1472 955 143 37 fortgått
1638 956 46 37 på

380 1004 131 37 vanligt
535 1006 66 29 sätt
624 1005 106 36 enligt
759 1005 42 30 de
826 1006 10 30 i
863 1006 185 35 stadgarna
1073 1006 102 36 givna
1200 1006 315 32 bestämmelserna.
1544 1007 138 31 Arbetet

378 1056 81 30 med
475 1055 230 37 insamlingen
722 1056 66 30 och
808 1056 311 37 katalogiseringen
1135 1066 42 21 av
1195 1057 192 31 materialet
1404 1057 51 30 till
1480 1048 16 50 >»
1495 1052 186 36 Årsbiblio-

379 1106 90 36 grafi
493 1108 82 29 över
598 1106 153 37 Sveriges
775 1106 181 37 offentliga
981 1107 274 36 publikationer»
1288 1108 82 30 1944
1396 1109 66 30 har
1486 1108 126 31 utförts
1639 1118 43 22 av

380 1157 108 30 förste
533 1156 274 38 bibliotekarien,
852 1157 146 31 friherre
1040 1158 288 31 Bror-Gösta
1371 1158 308 37 Cederström,

379 1217 75 21 som
483 1209 89 29 även
601 1208 188 39 ombesörjt
820 1209 65 30 den
914 1208 137 38 slutliga
1084 1209 236 37 redigeringen
1351 1210 65 30 och
1445 1209 233 37 utgivningen.

378 1258 76 31 Den
475 1260 20 29 9
519 1259 72 38 maj
614 1259 195 31 avslutades
832 1259 230 36 tryckningen
1085 1269 42 21 av
1150 1258 311 38 årsbibliografien.

422 1309 248 37 Redigeringen
692 1319 42 21 av
756 1310 132 37 Tillägg
909 1320 44 21 nr
975 1311 18 29 2
1014 1310 53 30 till
1086 1310 217 31 bibliotekets
1325 1311 263 37 huvudkatalog
1608 1321 71 20 om-

378 1359 159 32 fattande
564 1360 290 31 bokaccessionen
884 1361 111 30 under
1021 1360 84 31 åren
1135 1361 170 31 1937—45
1332 1361 210 36 påbörjades
1570 1363 111 29 under

378 1411 110 30 andra
510 1411 133 31 hälften
664 1421 42 21 av
729 1410 39 32 år
794 1412 92 30 1945.
911 1412 154 36 Ungefär
1086 1421 42 21 en
1153 1412 163 39 tredjedel
1337 1422 42 21 av
1400 1412 194 31 materialet
1615 1413 65 30 har

377 1461 59 31 vid
460 1461 90 31 årets
576 1462 70 31 slut
672 1462 233 36 färdigställts.
935 1463 177 30 Redaktör
1136 1462 55 31 för
1217 1463 118 30 verket
1360 1465 40 29 är
1424 1463 109 31 förste
1557 1463 121 30 biblio-

377 1512 165 37 tekarien,
585 1512 146 31 friherre
783 1513 286 31 Bror-Gösta
1122 1513 305 31 Cederström.
1479 1514 201 36 Betydande

377 1563 96 31 äldre
493 1564 66 30 och
580 1573 107 27 nyare
707 1564 141 30 förvärv
869 1565 65 29 och
955 1563 105 38 gåvor
1079 1565 47 29 ha
1145 1564 10 30 i
1177 1565 171 30 samband
1367 1566 79 29 med
1466 1564 211 37 utgivnings-

376 1614 132 30 arbetet
535 1615 284 30 slutbehandlats.
851 1614 153 32 Sålunda
1030 1615 47 30 ha
1104 1615 106 31 bland
1238 1620 107 26 annat
1373 1617 109 29 större
1509 1616 100 30 delen
1635 1625 42 21 av

376 1664 203 37 riksdagens
611 1665 402 36 interparlamentariska
1047 1674 128 28 grupps
1209 1666 175 36 bibliotek,
1416 1665 260 31 informations-

375 1716 184 35 styrelsens
579 1716 148 36 samling
745 1726 42 21 av
807 1716 162 36 politiska
988 1716 206 36 broschyrer
1213 1717 65 30 och
1298 1718 133 29 överste
1451 1716 83 31 Olof
1555 1716 121 30 Melins

374 1764 38 32 år
438 1767 81 29 1941
543 1766 51 31 till
613 1766 200 31 biblioteket
833 1767 245 31 överlämnade
1100 1766 251 37 stenografiska
1372 1767 222 37 boksamling
1614 1777 61 20 un-

376 1817 60 30 der
459 1815 73 32 året
561 1817 318 37 färdigbehandlats
905 1818 65 30 och
994 1817 180 31 inordnats
1201 1818 11 30 i
1238 1818 178 36 kataloger
1439 1818 66 30 och
1532 1818 143 30 bokma-

374 1867 107 36 gasin.

418 1918 139 30 Arbetet
584 1919 79 30 med
692 1918 250 37 »Förteckning
969 1920 82 29 över
1077 1919 426 31 kommittébetänkanden
1528 1920 147 37 avgivna

373 1966 84 32 åren
479 1969 204 36 1904—45>,
705 1969 114 30 vartill
843 1970 81 29 1944
945 1968 56 31 års
1021 1970 142 36 riksdag
1184 1970 135 31 anvisat
1339 1971 120 36 medel,
1480 1971 67 30 har
1568 1971 106 31 fram-

373 2018 124 32 skridit
519 2019 106 37 enligt
647 2020 66 30 den
736 2020 195 36 uppgjorda
953 2021 137 35 planen.
1115 2020 260 38 Manuskriptet,
1400 2030 75 21 som
1498 2022 175 30 utarbetas

372 2078 42 21 av
433 2069 264 31 bibliotekarien
731 2071 105 30 Ivar
869 2071 189 30 Beskow
1095 2069 44 38 på
1157 2071 138 31 särskilt
1313 2072 166 36 uppdrag,
1501 2072 172 30 beräknas

371 2119 167 38 föreligga
560 2120 127 37 färdigt
710 2121 49 30 till
782 2121 150 37 sättning
953 2122 112 30 under
1086 2131 119 22 senare
1226 2123 98 29 delen
1346 2131 42 21 av
1408 2121 39 32 år
1471 2123 94 30 1946.

417 2171 118 31 Under
564 2170 40 31 år
638 2173 82 30 1945
752 2172 46 31 ha
829 2172 55 31 för
926 2171 235 32 lånesökande
1204 2173 194 36 framtagits
1441 2174 232 36 sammanlagt

372 2222 40 29 54
426 2222 65 30 456
522 2223 162 35 volymer.
719 2223 117 31 Härav
865 2224 46 29 ha
940 2223 144 31 utanför
1113 2223 216 31 bibliotekets
1360 2224 132 31 lokaler
1521 2223 151 31 utlånats

373 2273 38 29 16
425 2273 63 30 677
513 2273 163 37 volymer,
701 2274 174 37 nämligen
898 2274 63 31 till:
