2228 2638
436 189 22 33 8
855 193 372 41 Bevillningsutskottets
1250 195 209 32 Betänkande
1481 195 64 32 N:o
1571 198 29 29 3.

436 273 130 46 kallat,
604 273 98 36 biföll
734 274 64 35 den
828 274 125 49 gjorda
980 274 319 50 framställningen.
1354 276 140 36 Endast
1520 290 129 35 genom
1677 291 42 23 en
1748 280 156 46 opartisk
1931 293 105 35 myn-

437 326 151 47 dighets
617 326 209 48 ingripande
853 340 66 23 var
946 328 138 48 möjligt
1113 333 50 31 att
1189 329 132 36 hindra
1349 330 175 47 företaget.

548 380 296 36 Undertecknade
889 386 60 31 äro
994 382 53 35 för
1093 383 57 34 sin
1188 383 56 35 del
1280 383 111 47 lifligt
1419 384 226 48 öfvertygade
1673 385 124 47 derom,
1826 389 54 33 att
1907 387 44 35 de
1979 387 56 35 in-

435 433 168 46 komster,
631 433 215 37 kommunen
875 433 149 37 erhåller
1051 447 127 36 genom
1206 437 396 49 bränvinsförsäljning,
1632 450 75 23 mer
1734 443 47 31 än
1799 445 185 43 uppvägas
2000 442 40 35 af

436 486 69 36 den
539 486 125 45 skada,
694 488 151 47 superiet
872 486 115 37 vållar
1015 489 62 35 och
1107 490 39 34 de
1175 490 106 36 ökade
1309 490 152 48 utgifter,
1490 503 74 23 som
1594 492 103 35 deraf
1722 493 209 36 föranledas.

546 540 179 48 Vidtoges
772 541 116 36 derför
935 554 43 23 en
1015 543 209 47 anordning,
1260 544 232 47 hvarigenom
1522 544 51 47 de,
1601 545 126 36 hvilka
1754 546 111 36 hafva
1893 550 52 32 att
1973 547 60 36 be-

436 596 158 33 stämma
642 595 137 35 antalet
816 595 39 34 af
883 595 447 48 försäljningsrättigheter
1357 598 95 35 inom
1480 601 51 32 ett
1558 599 94 35 visst
1680 600 146 46 område,
1854 600 80 35 icke
1962 601 70 35 fre-

435 647 122 35 stades
595 651 56 32 att
677 653 86 42 taga
790 648 144 47 hänsyn
961 648 55 36 till
1046 649 70 35 den
1145 650 142 47 möjliga
1315 649 150 43 vinsten,
1493 655 98 42 utan,
1619 664 74 24 som
1721 653 193 48 tillbörligt
1941 666 93 34 vore,

434 700 82 35 med
559 701 190 36 oförvillad
786 701 98 36 blick
913 702 126 36 endast
1069 701 85 50 såge
1182 715 180 36 omsorgen
1390 716 56 24 om
1474 704 243 48 sedlighetens
1745 706 202 49 främjande
1975 708 58 35 till

434 754 100 46 godo,
573 755 120 35 skulle
722 755 117 36 säkert
867 756 115 35 bättre
1010 757 150 35 resultat
1186 769 44 23 ur
1256 757 256 46 nykterhetens
1541 760 188 46 synpunkt
1756 759 149 48 uppnås.
1963 763 69 33 An-

434 808 96 35 talen
563 808 375 47 försäljningsställen
966 810 13 34 i
1008 809 171 36 städerna
1211 810 116 36 skulle
1355 811 53 35 för
1425 812 192 35 framtiden
1639 812 109 37 blifva
1766 812 180 49 betydligt
1962 814 69 36 för-

431 860 203 45 minskade,
684 864 113 34 såsom
845 875 84 22 man
966 863 73 35 kan
1067 863 78 36 lära
1177 864 108 35 bland
1314 868 110 32 annat
1451 865 38 35 af
1515 865 71 35 den
1614 867 320 48 omständigheten,
1966 871 64 41 att,

433 914 113 36 sedan
577 915 369 36 landskommunerna
972 917 69 35 icke
1069 917 109 36 hafva
1206 918 115 35 direkt
1349 918 160 36 inkomst
1537 919 37 35 af
1592 919 440 49 bränvinsförsäljningen,

433 967 45 35 de
525 968 69 35 allt
641 981 76 22 mer
762 969 63 36 och
858 982 77 23 mer
965 973 171 32 motsätta
1164 971 55 47 sig
1247 972 110 34 sådan
1383 971 214 49 försäljning
1624 973 95 36 inom
1748 974 80 35 sina
1856 972 174 38 områden.

545 1021 128 48 Epligt
702 1024 63 33 vår
794 1021 96 49 åsigt
918 1034 79 24 vore
1025 1024 57 34 det
1109 1024 173 47 lämpligt,
1303 1027 52 32 att
1380 1025 38 35 de
1437 1037 49 23 nu
1507 1026 167 47 stadgade
1692 1026 338 49 försäljningsafgif-

432 1078 116 40 terna,
599 1075 181 36 äfvensom
820 1076 253 44 vinstmedlen,
1104 1078 146 47 inginge
1278 1078 58 35 till
1364 1078 80 35 hela
1471 1079 64 35 sitt
1562 1080 124 47 belopp
1715 1081 58 34 till
1802 1081 228 36 statsverket.

432 1127 115 37 Deras
582 1130 232 47 användning
841 1129 115 36 skulle
984 1130 44 35 då
1055 1129 145 37 komma
1228 1135 52 31 att
1308 1132 210 36 bestämmas
1548 1132 40 36 af
1613 1133 219 48 Riksdagen,
1863 1135 64 35 och
1946 1136 83 45 möj-

432 1181 100 48 ligen
572 1182 122 36 kunde
731 1181 42 37 då
810 1185 109 46 något
951 1183 147 36 dermed
1126 1188 103 43 göras
1257 1184 55 36 till
1340 1184 301 49 förverkligandet
1669 1187 36 35 af
1730 1186 220 37 önskemålet
1978 1192 52 31 att

432 1235 130 35 bereda
592 1234 392 38 ålderdomsunderstöd
1012 1236 36 36 åt
1077 1238 174 44 arbetare,
1280 1237 140 37 hvilket
1446 1239 13 34 i
1488 1240 57 34 sin
1573 1238 84 37 mån
1687 1240 115 36 skulle
1831 1230 123 56 minska
1968 1245 60 32 ut-

431 1289 164 46 gifterna
614 1288 54 36 för
688 1302 43 23 en
751 1289 213 48 fattigvård,
985 1302 75 24 som
1079 1291 277 47 mångenstädes
1376 1296 40 31 är
1433 1292 54 35 för
1506 1292 258 37 kommunerna
1782 1294 101 36 öfver
1896 1294 134 36 höfvan

428 1342 233 47 betungande.
669 1358 15 16 »

536 1449 16 35 I
564 1448 259 48 frågavarande
855 1454 55 31 tre
937 1451 172 35 motioner
1136 1451 174 36 innefatta
1338 1451 132 49 förslag
1497 1452 72 36 dels
1599 1453 132 44 derom,
1760 1456 53 33 att
1841 1454 187 36 bränvins-

430 1502 434 49 försäljningsafgifterna
892 1504 64 35 och
983 1505 169 46 bolagens
1180 1504 214 36 vinstmedel
1423 1505 103 36 skola
1554 1507 173 47 antingen
1753 1506 56 35 till
1824 1519 46 23 en
1884 1498 46 60 del
1937 1498 93 60 eller

431 1555 94 36 efter
554 1557 77 35 viss
661 1556 73 36 tids
762 1557 137 47 förlopp
927 1557 71 36 helt
1027 1558 64 35 och
1120 1558 111 35 hållet
1257 1559 173 47 indragas
1458 1559 54 35 till
1541 1560 222 46 statsverket,
1792 1560 74 36 dels
1895 1562 66 35 ock
1976 1566 53 31 att

430 1613 116 32 större
576 1610 106 35 andel
711 1610 39 35 af
775 1611 142 35 berörda
945 1611 140 48 afgifter
1113 1612 64 35 och
1206 1612 213 36 vinstmedel
1447 1612 95 36 skall
1570 1613 158 36 tilldelas
1758 1614 270 36 landskommu-

426 1675 124 33 nerna,
571 1668 46 30 än
645 1664 98 35 hvad
772 1676 75 23 som
876 1664 115 48 enligt
1018 1677 50 23 nu
1096 1665 167 48 gällande
1290 1666 61 47 lag
1379 1665 217 36 tillkommer
1624 1667 84 36 dem.

543 1717 107 35 Hvad
678 1718 87 35 först
793 1718 167 35 beträffar
987 1717 127 49 frågan
1145 1731 53 23 om
1225 1719 258 48 indragningen
1511 1720 56 35 till
1588 1720 220 45 statsverket,
1828 1721 112 36 hafva
1958 1722 69 35 för-

428 1770 84 47 slag
543 1771 12 34 i
587 1771 127 35 sådant
747 1772 91 45 syfte
870 1772 197 47 ferfaldiga
1099 1775 135 45 gånger
1265 1773 95 35 inom
1387 1773 205 47 Riksdagen
1621 1774 226 46 förekommit,
1876 1775 152 36 hvarvid

426 1823 174 36 utskottet
629 1825 113 35 städse
770 1828 144 32 motsatt
941 1826 55 47 sig
1023 1826 188 35 desamma.
1265 1826 84 44 Och,
1380 1829 115 33 såsom
1522 1827 170 36 utskottet
1718 1827 172 36 tillförene
1917 1829 110 36 fram-

425 1876 121 47 hållit,
576 1889 106 24 anser
709 1878 179 44 utskottet,
920 1882 50 32 att
997 1879 65 35 den
1090 1880 53 34 för
1171 1883 134 32 statens
1334 1880 157 48 räkning
1518 1880 149 36 skeende
1696 1881 272 48 beskattningen
1992 1882 38 36 af

426 1930 158 36 bränvin
622 1931 59 35 bör
717 1943 61 36 ega
812 1944 78 23 rum
921 1933 220 35 uteslutande
1169 1945 123 35 genom
1322 1933 360 48 tillverkningsskatt,
1711 1935 224 35 alldenstund
1960 1936 66 35 den

428 1983 108 46 skatt,
577 1996 72 24 som
688 1984 117 36 kunde
842 1985 186 36 utkräfvas
1065 1998 124 35 genom
1226 1987 219 48 indragning
1481 1988 38 35 af
1553 1988 375 48 försäljningsafgifter
1964 1989 63 36 och

424 2037 297 47 handelsvinster,
759 2038 126 47 skulle,
921 2039 13 35 i
972 2039 167 36 händelse
1176 2040 65 35 den
1269 2044 96 44 toges
1392 2041 14 34 i
1434 2041 159 47 anspråk
1621 2041 53 36 för
1702 2045 133 32 statens
1863 2042 164 48 räkning,

423 2091 177 46 uppbäras
621 2090 45 48 på
685 2104 42 23 en
747 2092 125 48 onödig
891 2098 135 43 omväg,
1044 2093 237 36 hvarförutom
1301 2095 66 34 den
1391 2094 217 48 olikformigt
1638 2095 114 35 skulle
1780 2095 131 36 drabba
1938 2096 87 36 kon-

424 2149 239 42 sumenterna,
691 2146 12 34 i
732 2145 55 36 det
815 2150 51 31 att
894 2147 50 43 de,
975 2158 72 24 som
1077 2149 46 44 på
1149 2148 115 46 grund
1293 2148 39 35 af
1356 2148 142 48 ringare
1525 2148 230 36 ekonomiska
1781 2148 246 37 förhållanden

427 2202 59 30 äro
515 2197 199 37 hänvisade
743 2202 50 32 att
821 2203 86 44 göra
935 2200 81 35 sina
1043 2199 110 48 inköp
1181 2201 14 34 i
1221 2201 136 36 mindre
1386 2201 218 47 qvantiteter,
1633 2202 37 35 få
1701 2202 146 47 erlägga
1874 2215 44 23 en
1936 2203 90 46 jem-

426 2251 184 36 förelsevis
640 2252 107 48 högre
777 2252 98 36 skatt
903 2258 44 30 än
977 2254 47 46 de,
1054 2265 74 24 som
1157 2253 110 36 förmå
1294 2254 92 48 köpa
1414 2258 109 32 större
1551 2254 212 47 myckenhet
1790 2254 45 48 på
1862 2268 42 23 en
1924 2258 104 45 gång,
