1884 2842
549 174 103 29 Andra
675 173 195 36 lagutskottets
892 171 148 29 memorial
1062 170 47 29 Nr
1131 170 50 28 43.
1601 164 20 31 3

756 323 233 33 Reservation

169 421 41 20 av
246 410 115 31 herrar
392 409 121 38 Tamm,
542 407 188 32 Ekströmer
756 406 65 32 och
851 405 163 41 Skoglund
1042 405 89 31 samt
1158 402 119 32 fröken
1305 402 195 37 Andersson,
1529 400 93 32 vilka

119 464 125 37 ansett,
273 464 50 29 att
350 460 186 33 utskottets
560 457 479 42 sammanjämkningsförslag
1055 455 81 33 bort
1155 455 128 32 erhålla
1302 453 150 43 följande
1471 452 148 43 lydelse:

169 514 123 31 Denna
318 513 56 42 lag
401 512 113 32 träder
541 511 11 32 i
580 511 100 39 kraft,
711 510 103 32 såvitt
842 510 66 31 den
937 519 96 22 avser
1061 507 232 33 arbetsrådets
1321 505 207 43 befogenhet
1556 504 66 32 och

117 566 227 38 verksamhet,
381 564 67 32 den
479 566 15 29 1
526 563 146 33 oktober
703 563 95 31 1939
828 562 65 32 och
920 561 12 32 i
960 561 110 41 övrigt
1098 559 67 32 den
1197 560 16 31 1
1242 558 135 43 januari
1409 558 95 31 1940
1534 558 89 30 samt

117 617 108 43 gäller
251 618 53 31 till
332 617 65 32 och
425 616 76 32 med
530 616 65 31 den
627 616 43 31 31
703 614 180 33 december
915 613 107 32 1942.
1079 612 112 41 Lagen
1217 611 84 32 skall
1328 610 77 32 dock
1430 609 69 33 icke
1525 609 98 32 verka

117 671 163 40 rubbning
306 670 15 31 i
347 670 120 31 sådant
486 668 75 41 före
588 668 62 31 den
679 670 19 28 1
722 667 81 41 juni
824 669 99 29 1939
945 664 113 41 träffat
1077 663 164 41 skriftligt
1259 662 89 33 avtal
1365 662 118 32 mellan
1502 662 118 31 arbets-

116 722 113 41 givare
268 722 54 31 och
350 722 228 39 arbetstagare,
599 730 65 21 som
691 719 102 41 gäller
813 718 59 40 för
897 718 76 38 viss,
1003 717 61 31 den
1095 719 18 29 1
1138 715 142 43 januari
1309 717 100 29 1940
1437 716 88 29 ännu
1552 713 70 32 icke

119 774 238 40 tilländalupen
399 773 57 32 tid.
512 771 220 32 Beträffande
773 770 165 32 förseelse
978 771 72 29 mot
1084 768 111 42 lagen,
1239 778 72 20 som
1350 766 135 42 begåtts
1512 764 112 32 under

119 826 95 32 tiden
250 826 52 31 för
339 825 81 32 dess
456 824 168 42 giltighet,
664 822 86 32 skall
786 822 64 32 vad
887 822 12 31 i
935 822 97 41 lagen
1061 822 37 30 är
1126 819 136 42 stadgat
1289 819 141 31 fortfara
1457 819 49 30 att
1534 817 91 42 gälla

119 878 87 32 efter
233 878 60 31 den
322 880 46 29 31
399 877 157 32 december
586 878 105 29 1942.
