2238 2640
476 171 247 32 Sammansatta
749 172 106 31 Stats-
882 172 56 31 och
961 172 280 32 Bankoutskottets
1273 173 170 32 Utlåtande
1466 173 65 31 N:o
1557 176 29 29 3.
1750 173 41 29 235

764 301 36 36 3.
857 301 200 48 Angående
1085 302 155 36 revision
1269 304 45 44 af
1338 303 351 47 riksgäldskontoret.

1177 422 19 49 $
1228 425 58 34 23.

760 506 255 37 Revisorerna
1044 521 74 35 ega
1146 514 57 30 att
1231 509 61 37 vid
1322 509 67 36 sitt
1411 509 116 37 första
1549 509 283 36 sammanträde

632 558 42 36 af
711 558 245 48 fullmägtige
993 559 12 35 i
1038 560 375 48 riksgäldskontoret
1446 566 174 42 mottaga
1656 560 176 50 fullmäg-

631 611 100 47 tiges
767 610 207 36 berättelse
1012 624 59 23 om
1103 612 104 36 detta
1234 612 115 37 verks
1379 612 170 37 tillstånd
1578 612 70 36 och
1678 612 156 36 förvalt-

632 662 95 48 ning
754 662 12 36 i
778 662 106 50 dess
913 662 141 38 helhet.

798 713 99 49 friga
942 713 59 37 för
1051 715 215 37 revisionen
1310 715 252 48 erforderliga
1605 715 228 49 handlingar

632 765 70 37 och
743 766 266 49 räkenskaper
1051 766 108 37 skola
1196 770 41 45 på
1263 767 234 48 reqvisition
1522 767 310 36 tillhandahållas

633 817 250 49 revisorerna,
914 818 349 49 värdehandlingar
1291 818 95 37 dock
1417 818 137 37 endast
1581 819 9 36 i
1621 818 211 49 riksgälds-

629 869 194 37 kontoret.

1167 938 20 49 8
1219 941 58 34 24.

757 1023 75 36 Det
862 1022 152 50 åligger
1043 1024 255 37 revisorerna:

758 1078 39 44 a)
826 1080 56 31 att
911 1076 171 47 granska
1112 1076 396 49 riksgäldskontorets
1538 1074 293 38 tillstånd
1720 1070 19 59 i
1757 1074 74 38 alla

629 1127 90 36 dess
763 1126 105 37 delar
910 1133 100 30 samt
1052 1127 95 37 huru
1193 1128 210 37 detsamma
1445 1127 128 37 blifvit
1605 1127 126 49 styrdt
1759 1126 72 37 och

629 1178 210 37 förvaltadt
872 1178 96 37 efter
1001 1179 70 36 den
1109 1179 67 47 tid,
1207 1193 81 23 som
1318 1185 130 31 senast
1476 1178 228 37 församlade
1732 1178 99 37 revi-

633 1243 127 23 sorers
789 1230 71 36 och
889 1231 270 36 statsutskotts
1188 1231 244 48 granskning
1457 1231 190 44 omfattat;

759 1281 33 49 b)
821 1287 57 31 att
905 1282 135 36 härvid
1070 1283 228 48 undersöka,
1328 1296 60 23 om
1418 1282 105 37 detta
1554 1281 90 36 verk
1669 1280 162 37 kommit

629 1332 13 36 i
671 1332 179 48 behörigt
880 1333 222 48 åtnjutande
1130 1335 42 35 af
1195 1335 46 35 de
1270 1338 38 32 åt
1336 1334 211 36 detsamma
1572 1332 182 37 anvisade
1774 1332 57 36 in-

630 1384 171 36 komster
843 1384 71 37 och
956 1384 210 49 tillgångar
1202 1391 99 31 samt
1329 1398 59 24 om
1418 1384 221 38 verkställda
1667 1384 163 36 utbetal-

629 1435 140 49 ningar
802 1435 115 42 varit,
937 1437 419 37 öfverensstämmande
1384 1436 86 37 med
1498 1436 178 50 gällande
1704 1435 126 37 beslut

629 1487 71 36 och
729 1487 258 46 föreskrifter;

758 1539 29 48 c)
806 1544 55 31 att
876 1539 134 37 härvid
1028 1552 99 35 noga
1144 1539 112 48 tillse,
1274 1540 186 37 huruvida
1477 1539 242 48 fullmägtige
1731 1544 99 30 samt

628 1590 398 48 riksgäldskontorets
1063 1591 165 36 embets-
1265 1592 71 36 och
1373 1592 232 49 tjenstemän
1643 1590 91 36 stält
1767 1589 62 49 sig

629 1641 46 37 de
717 1642 58 36 för
817 1642 104 37 detta
950 1642 92 37 verk
1072 1643 179 48 gällande
1280 1643 158 48 stadgar
1466 1643 70 37 och
1564 1642 263 49 reglementen

628 1693 58 37 till
728 1694 256 36 efterrättelse
1017 1700 100 30 samt
1150 1695 207 48 behörigen
1387 1695 181 48 iakttagit
1596 1694 70 36 och
1696 1692 133 37 vårdat

628 1745 100 36 hvad
757 1745 85 36 dem
873 1745 58 36 för
959 1745 118 49 öfrigt
1104 1745 128 48 ålegat
1259 1747 91 35 eller
1378 1745 100 37 varit
1505 1745 227 45 anförtrodt;

758 1796 36 48 d)
817 1802 66 42 att,
905 1797 129 36 derest
1054 1798 115 46 något
1191 1797 124 36 skulle
1330 1798 124 35 finnas
1470 1810 90 23 vara
1577 1795 252 38 försummadt

627 1847 92 37 eller
760 1849 113 47 eljest
915 1848 133 36 kräfva
1090 1848 169 47 rättelse,
1303 1849 92 36 härå
1438 1849 97 36 fästa
1563 1848 264 48 fullmägtiges

627 1899 343 50 uppmärksamhet
999 1900 69 36 och
1099 1899 182 50 derjemte
1310 1900 149 37 anmäla
1484 1899 253 37 förhållandet
1756 1900 71 36 hos

627 1952 221 47 Riksdagen
878 1957 99 30 samt
1006 1951 139 37 föreslå
1174 1952 46 36 de
1240 1952 188 49 åtgärder,
1450 1965 93 35 som,
1560 1952 56 36 till
1634 1951 193 36 vinnande

627 2003 42 36 af
707 2002 162 49 behörig
912 2002 299 49 verkställighet
1252 2004 91 36 eller
1384 2003 156 37 rättelse
1582 2003 243 47 härutinnan,

627 2067 111 24 anses
767 2054 92 36 böra
887 2053 194 49 vidtagas;

754 2105 30 48 e)
814 2110 56 30 att
899 2105 194 35 dessutom
1124 2104 56 36 till
1209 2104 87 49 laga
1325 2104 146 37 beifran
1490 2106 40 35 af
1543 2105 283 36 vederbörande

626 2155 176 37 befordra
844 2159 42 33 så
929 2155 216 36 beskaffade
1187 2156 201 36 förseelser
1423 2156 41 36 af
1487 2155 255 50 fullmägtige,
1773 2162 53 30 att

626 2207 238 37 revisorerna
893 2219 94 24 anse
1016 2207 75 36 åtal
1120 2207 85 36 med
1234 2207 211 49 anledning
1474 2207 109 37 deraf
1608 2207 90 36 böra
1727 2207 100 37 oför-

625 2259 190 48 dröjligen
846 2259 199 44 anställas;

311 2316 75 31 Bih.
412 2316 50 32 till
486 2318 111 32 Riksd.
625 2318 86 31 Prot.
736 2319 92 30 1892.
875 2320 19 28 4
920 2317 98 33 Saml.
1043 2320 23 29 2
1091 2318 79 39 Afd.
1194 2320 22 30 2
1239 2318 93 39 Häft.
1764 2320 14 30 A
