2236 2640
482 204 242 32 Sammansatta
748 204 103 31 Stats-
875 203 56 32 och
955 202 276 32 Bankoutskottets
1259 202 173 32 Utlåtande
1456 202 65 32 N:o
1544 204 28 30 3.
1738 203 35 30 11

354 286 35 45 ec)
431 289 66 42 att,
541 283 128 37 derest
711 285 117 47 något
868 282 126 37 skulle
1035 282 124 36 finnas
1193 293 89 25 vara
1311 280 251 38 försummadt
1591 281 92 37 eller
1711 281 111 49 eljest

227 335 133 38 kräfva
401 334 168 49 rättelse,
611 335 91 36 härå
743 334 97 37 fästa
875 333 265 50 fullmägtiges
1168 332 342 51 uppmärksamhet
1537 332 71 38 och
1637 332 183 50 derjemte

225 387 149 38 anmäla
407 386 254 38 förhållandet
693 386 70 38 hos
796 386 224 49 Riksdagen
1050 391 100 31 samt
1178 385 139 37 föreslå
1343 385 48 37 de
1421 384 191 49 åtgärder,
1641 398 93 35 som,
1764 384 57 37 till

226 439 192 37 vinnande
450 438 42 37 af:
524 438 163 49 behörig
716 438 296 50 verkställighet
1040 437 92 38 eller
1160 436 157 38 rättelse
1346 437 244 48 härutinnan,
1620 436 92 38 böra
1740 435 81 38 vid-

228 497 125 44 tagas;

354 544 38 44 d)
434 548 56 31 att
526 541 196 38 dessutom
763 541 57 37 till
864 541 88 49 laga
993 541 149 37 beifran
1184 540 42 37 af
1255 539 289 38 vederbörande
1576 539 176 38 befordra
1780 542 42 34 så

225 594 220 38 beskaffade
485 594 207 37 förseelser
732 593 41 37 af
809 593 242 49 fullmägtige
1093 592 70 37 och
1196 591 379 50 styrelseledamöter
1607 591 65 37 vid
1705 591 114 37 afdel-

224 646 318 50 ningskontoren,
572 651 55 32 att
654 645 239 38 revisorerna
923 658 93 24 anse
1047 645 74 37 åtal
1147 644 86 38 med
1253 643 212 50 anledning
1485 643 110 38 deraf
1610 644 91 37 böra
1722 643 99 37 oför-

225 699 189 49 dröjligen
443 697 197 46 anställas;

352 759 54 40 e)
429 755 56 32 att
525 750 110 37 öfver
674 749 143 37 sådana
860 749 140 47 frågor,
1044 761 60 23 om
1140 747 130 38 hvilka
1298 747 246 50 fullmägtige
1572 748 129 36 kunna
1731 746 90 49 vilja

224 803 164 48 rådgöra
417 802 85 37 med
532 801 249 48 revisorerna,
811 799 176 38 meddela
1015 798 245 51 fullmägtige
1289 799 84 37 sina
1401 800 146 49 åsigter
1576 799 71 37 och
1673 804 148 44 yttran-

226 855 90 46 den;
346 860 100 31 samt

346 908 41 49 f)
415 911 66 43 att,
507 919 59 23 om
596 904 209 49 anledning
832 903 126 38 dertill
989 902 125 38 skulle
1143 902 220 49 förefinnas,
1392 908 96 44 göra
1508 902 214 49 erinringar
1743 907 79 31 mot

226 958 264 49 fullmägtiges
519 957 178 49 åtgärder
725 956 70 38 och
825 955 126 38 beslut
978 955 11 37 i
1018 955 130 49 frågor
1175 968 59 23 om
1264 955 182 49 tjensters
1467 954 235 37 tillsättande
1723 959 99 32 samt

225 1010 127 38 löners
380 1010 71 37 och
481 1009 223 50 pensioners
733 1007 228 50 beviljande.

967 1129 21 49 8
1017 1131 60 35 20.

356 1216 251 37 Revisorerna
638 1229 90 24 vare
756 1216 64 37 det
848 1215 196 50 förbjudet
1072 1220 55 32 att
1155 1215 92 48 ingå
1275 1213 10 37 i
1315 1217 119 45 något
1462 1212 106 49 slags
1593 1211 226 50 disposition

228 1269 41 36 af
294 1268 171 37 bankens
495 1268 133 37 medel.

969 1386 21 49 8
1021 1389 58 33 21.

358 1475 82 36 Den
469 1474 217 47 berättelse,
716 1485 80 24 som
826 1472 254 49 revisorerna,
1104 1471 153 50 jemlikt
1288 1470 17 50 &
1330 1472 16 35 6
1369 1470 70 36 här
1458 1468 126 48 ofvan,
1605 1469 109 36 skola
1729 1482 94 36 upp-

232 1532 98 32 rätta
366 1527 108 36 öfver
516 1525 214 38 revisionen
772 1525 41 36 af
843 1525 278 48 bankoverket,
1150 1523 97 38 skall
1276 1521 192 38 innehålla
1497 1520 237 51 upplysning
1761 1533 60 23 om

230 1579 171 38 bankens
430 1577 186 50 ställning
644 1582 98 31 samt
770 1576 153 50 uppgift
951 1576 82 37 dels
1062 1589 60 24 om
1152 1578 121 46 något
1300 1574 98 37 varit
1417 1577 56 32 att
1492 1573 125 37 erinra
1637 1579 78 30 mot
1735 1572 87 36 dess

229 1630 237 49 förvaltning
494 1629 70 37 och
593 1629 81 37 dels
703 1642 61 23 om
791 1628 241 37 revisorerna
1060 1628 57 37 för
1146 1627 58 37 sin
1234 1626 61 37 del
1320 1638 93 25 anse
1433 1624 278 38 ansvarsfrihet
1730 1624 93 37 böra

230 1682 159 49 beviljas
418 1681 241 50 fullmägtige
688 1680 12 36 i
729 1680 247 37 riksbanken.

969 1797 21 50 $
1019 1800 59 34 22.

359 1888 84 37 Den
484 1887 10 36 i
537 1886 320 49 nästföregående
900 1884 184 50 paragraf
1113 1881 250 39 omförmälda
1395 1881 233 38 berättelsen
1661 1880 95 37 skall
1787 1880 41 37 af

231 1940 239 37 revisorerna
499 1938 254 37 öfverlemnas
782 1937 56 37 till
867 1936 245 49 fullmägtige
1140 1935 12 36 i
1180 1934 247 37 riksbanken.

546 2094 36 34 3.
639 2091 196 48 Angående
865 2091 196 35 revisionen
1092 2090 45 45 af
1160 2088 353 48 riksgäldskontoret.

973 2208 21 49 $
1026 2211 58 33 23.

361 2298 252 37 Revisorerna
656 2309 71 36 ega
768 2301 56 31 att
869 2295 62 37 vid
961 2295 66 36 sitt
1057 2294 119 36 första
1205 2292 281 37 sammanträde
1515 2292 41 35 af
1580 2289 243 49 fullmägtige
