2129 2663
326 199 39 28 36
825 198 287 32 Banko-Utskottets
1136 199 161 33 Memorial
1320 200 62 33 N:o
1408 203 26 30 1.

326 276 64 37 det
417 276 65 37 vid
510 277 138 38 bruket
676 278 199 50 befintliga
902 293 91 24 rena
1029 280 221 47 källvatten,
1279 282 197 37 äfvensom
1512 289 53 32 att
1593 284 46 37 de
1667 290 133 33 trenne
1828 285 11 37 i
1868 287 63 37 det

326 327 79 38 öfre
433 328 157 38 brukets
619 330 293 49 packkammare
940 331 198 50 befintliga
1170 333 249 50 hydrauliska
1446 348 164 37 pressar,
1639 336 131 39 hvilka
1797 338 11 37 i
1837 338 94 51 följd

324 379 42 38 af
389 379 251 51 ofullständig
666 382 195 50 packning
888 383 84 37 icke
1001 384 262 38 åstadkommo
1292 386 224 49 tillräckligt
1542 388 143 49 kraftig
1711 390 219 49 pressning,

324 432 102 48 finge
454 432 122 37 förses
605 433 88 37 med
721 446 29 24 s.
779 434 36 36 k.
845 434 338 49 packningsboxar
1210 436 58 37 till
1296 450 47 24 en
1370 438 213 49 uppgifven
1611 439 162 38 kostnad
1793 441 42 37 af
1858 444 72 36 550

326 482 151 38 kronor.

1073 553 18 49 $
1120 558 58 35 38.

424 637 74 37 Till
527 637 168 38 ledamot
723 641 20 35 å
770 639 269 39 Riksbankens
1073 642 71 37 och
1176 642 407 50 Riksgäldskontorets
1616 650 147 45 vägnar
1790 647 11 37 i
1831 648 99 38 Göta

322 688 358 38 kanaldirektionen
707 690 257 38 innevarande
994 695 39 33 år
1052 692 113 37 hafva
1184 694 258 48 Fullmäktige
1462 702 240 41 gemensamt
1721 699 87 35 med
1827 700 102 35 Full-

324 738 172 50 mäktige
523 739 12 37 i
564 740 391 50 Riksgäldskontoret
982 743 160 38 återvalt
1169 744 202 50 Kaptenen
1399 759 47 23 m.
1476 759 47 24 m.
1554 746 40 38 OC.
1625 747 45 38 G.
1700 748 142 39 Hierta.

1071 860 18 50 $
1118 865 57 35 39.

423 943 133 38 Såsom
585 943 82 49 af
651 939 24 61 $
695 948 46 35 43
770 946 11 36 i
810 953 151 31 senaste
996 948 397 39 revisionsberättelse
1429 950 190 40 inhemtas
1651 953 114 38 hafva
1797 955 131 38 inven-

320 994 172 50 teringar
529 996 72 37 och
636 997 334 50 undersökningar
1010 999 127 38 blifvit
1171 1000 122 38 under
1329 1001 182 39 nästlidet
1539 1006 39 34 år
1606 1005 41 36 af
1669 1006 259 50 Fullmäktige

322 1047 175 37 anstälda
525 1047 65 38 vid
619 1049 179 49 samtliga
826 1050 267 38 Riksbankens
1122 1052 369 49 afdelningskontor.
1538 1056 55 36 De
1623 1056 9 36 i
1662 1057 209 50 anledning
1891 1060 41 35 af

322 1098 114 37 dessa
463 1099 274 50 förrättningar
765 1101 145 49 afgifna
942 1102 225 38 berättelser
1200 1104 71 36 och
1303 1104 184 50 vidtagna
1515 1108 180 47 åtgärder
1722 1110 203 37 återfinnas

320 1149 11 36 i
359 1149 281 50 Fullmäktiges
668 1153 191 48 protokoll
887 1153 58 37 för
973 1154 74 37 den
1075 1157 43 34 31
1149 1155 91 46 Juli,
1265 1157 44 35 18
1338 1156 238 49 September,
1601 1161 43 35 16
1666 1159 171 38 Oktober
1857 1162 71 36 och

323 1203 44 33 13
396 1200 229 38 November.

1072 1270 18 49 $
1118 1275 58 35 40.

419 1354 161 38 Jemlikt
606 1355 244 38 föreskriften
878 1357 12 36 i
918 1355 18 49 $
966 1359 44 35 59
1040 1357 41 37 af
1112 1358 382 50 bankoreglementet
1525 1362 113 38 hafva
1668 1363 259 51 Fullmäktige

319 1410 120 31 utsett
467 1406 376 48 styrelseledamöter
874 1409 119 48 jemte
1032 1409 246 49 suppleanter
1311 1410 58 37 för
1405 1411 86 37 dem
1519 1413 65 37 vid
1613 1413 315 51 afdelningskon-

318 1460 110 32 toren
456 1457 121 36 under
604 1457 258 39 innevarande
891 1462 51 45 år,
971 1460 72 36 och
1069 1460 69 37 har
1165 1461 115 37 bland
1308 1462 259 39 ledamöterne
1596 1464 12 36 i
1635 1465 189 39 hvardera
1848 1473 79 44 sty-

318 1506 127 38 relsen
465 1521 46 23 en
532 1508 126 37 blifvit
677 1510 184 37 särskildt
880 1511 139 36 utsedd
1040 1516 53 32 att
1120 1512 218 37 handhafva
1358 1514 74 36 den
1453 1515 158 49 dagliga
1630 1516 294 51 förvaltningen.

419 1558 194 49 Derjemte
642 1560 113 37 hafva
782 1561 259 49 Fullmäktige
1069 1563 209 49 uppdragit
1305 1566 36 34 åt
1361 1578 45 23 en
1436 1565 41 36 af
1499 1567 427 48 styrelseledamöterne

319 1608 64 37 vid
412 1608 407 51 afdelningskontoren
848 1612 9 36 i
889 1612 200 49 Göteborg
1125 1615 70 35 och
1230 1615 139 37 Malmö
1406 1622 65 42 att,
1495 1617 119 49 jemte
1653 1619 72 36 den
1759 1620 167 37 ledamot

318 1673 82 23 som
429 1660 64 36 vid
521 1661 206 37 hvartdera
759 1663 178 37 kontoret
968 1664 238 37 handhafver
1243 1666 74 36 den
1354 1667 158 49 dagliga
1543 1668 296 51 förvaltningen,
1867 1672 58 36 för

316 1710 260 38 innevarande
605 1715 39 34 år
672 1713 215 50 ombesörja
915 1714 47 37 de
990 1714 88 37 med
1105 1716 75 49 köp
1210 1717 71 36 och
1309 1717 231 50 försäljning
1566 1720 41 37 af
1620 1721 144 36 utrikes
1793 1723 133 36 vexlar

317 1761 66 37 vid
410 1762 187 37 kontoren
625 1763 180 39 förenade
833 1765 182 50 göromål.

1070 1865 18 49 $
1116 1870 58 35 41.

416 1948 76 37 Till
520 1949 146 37 lättnad
694 1951 11 35 i
733 1951 231 49 beröringen
984 1953 139 36 mellan
1147 1953 269 39 Riksbankens
1436 1956 286 39 hufvudkontor
1742 1959 71 36 och
1833 1959 88 37 dess

317 1998 198 50 afdelning
543 2003 20 33 å
590 2001 215 38 Norrmalm
834 2003 68 36 har
931 2003 85 37 dem
1045 2005 162 36 emellan
1244 2006 224 49 anbringats
1498 2021 47 23 en
1573 2011 42 34 så
1634 2009 126 37 kallad
1781 2010 141 38 telefon

315 2049 58 37 för
401 2063 47 24 en
475 2050 165 39 kostnad
668 2052 39 37 af
734 2055 69 36 780
832 2054 150 37 kronor.

1067 2137 18 50 $
1113 2142 59 35 42,

414 2219 17 37 I
460 2219 93 50 följd
582 2221 41 37 af
646 2223 174 36 anmälan
849 2223 81 37 från
958 2224 288 39 föreståndaren
1274 2227 58 36 för
1359 2228 268 38 Riksbankens
1660 2232 178 47 tryckeri,
1868 2238 53 30 att

314 2275 207 47 utrymmet
548 2272 101 40 inom
669 2274 320 50 tryckerilokalen
1010 2289 90 24 vore
1121 2277 260 50 otillräckligt,
1402 2279 113 38 hafva
1538 2280 258 50 Fullmäktige
1817 2283 103 36 med-
