<?xml version="1.0" encoding="UTF-8"?>
<alto xmlns="http://www.loc.gov/standards/alto/ns-v3#" xmlns:xlink="http://www.w3.org/1999/xlink" xmlns:xsi="http://www.w3.org/2001/XMLSchema-instance" xsi:schemaLocation="http://www.loc.gov/standards/alto/ns-v3# http://www.loc.gov/alto/v3/alto-3-0.xsd">
	<Description>
		<MeasurementUnit>pixel</MeasurementUnit>
		<sourceImageInformation>
			<fileName>/tmp/tess_igbbtbzv_input.PNG</fileName>
		</sourceImageInformation>
		<OCRProcessing ID="OCR_0">
			<ocrProcessingStep>
				<processingSoftware>
					<softwareName>tesseract 5.3.0</softwareName>
				</processingSoftware>
			</ocrProcessingStep>
		</OCRProcessing>
	</Description>
	<Layout>
		<Page WIDTH="2128" HEIGHT="2653" PHYSICAL_IMG_NR="0" ID="page_0">
			<PrintSpace HPOS="0" VPOS="0" WIDTH="2128" HEIGHT="2653">
				<ComposedBlock ID="cblock_0" HPOS="719" VPOS="233" WIDTH="1098" HEIGHT="49">
					<TextBlock ID="block_0" HPOS="719" VPOS="233" WIDTH="1098" HEIGHT="49">
						<TextLine ID="line_0" HPOS="719" VPOS="233" WIDTH="1098" HEIGHT="49">
							<String ID="string_0" HPOS="719" VPOS="233" WIDTH="122" HEIGHT="32" WC="0.91" CONTENT="Banko-"/><SP WIDTH="8" VPOS="233" HPOS="841"/>
							<String ID="string_1" HPOS="849" VPOS="229" WIDTH="173" HEIGHT="49" WC="0.95" CONTENT="Utskottets"/><SP WIDTH="2" VPOS="229" HPOS="1022"/>
							<String ID="string_2" HPOS="1024" VPOS="237" WIDTH="162" HEIGHT="33" WC="0.95" CONTENT="Memorial"/><SP WIDTH="22" VPOS="237" HPOS="1186"/>
							<String ID="string_3" HPOS="1208" VPOS="240" WIDTH="64" HEIGHT="32" WC="0.91" CONTENT="N:o"/><SP WIDTH="23" VPOS="240" HPOS="1272"/>
							<String ID="string_4" HPOS="1295" VPOS="243" WIDTH="27" HEIGHT="30" WC="0.66" CONTENT="1."/><SP WIDTH="458" VPOS="243" HPOS="1322"/>
							<String ID="string_5" HPOS="1780" VPOS="253" WIDTH="37" HEIGHT="29" WC="0.95" CONTENT="31"/>
						</TextLine>
					</TextBlock>
				</ComposedBlock>
				<ComposedBlock ID="cblock_1" HPOS="207" VPOS="305" WIDTH="1611" HEIGHT="556">
					<TextBlock ID="block_1" HPOS="214" VPOS="305" WIDTH="1604" HEIGHT="222">
						<TextLine ID="line_1" HPOS="215" VPOS="305" WIDTH="1603" HEIGHT="69">
							<String ID="string_6" HPOS="215" VPOS="305" WIDTH="140" HEIGHT="38" WC="0.95" CONTENT="Malmö"/><SP WIDTH="33" VPOS="305" HPOS="355"/>
							<String ID="string_7" HPOS="388" VPOS="314" WIDTH="99" HEIGHT="31" WC="0.96" CONTENT="samt"/><SP WIDTH="31" VPOS="314" HPOS="487"/>
							<String ID="string_8" HPOS="518" VPOS="311" WIDTH="88" HEIGHT="36" WC="0.96" CONTENT="med"/><SP WIDTH="28" VPOS="311" HPOS="606"/>
							<String ID="string_9" HPOS="634" VPOS="312" WIDTH="88" HEIGHT="37" WC="0.96" CONTENT="stöd"/><SP WIDTH="28" VPOS="312" HPOS="722"/>
							<String ID="string_10" HPOS="750" VPOS="313" WIDTH="41" HEIGHT="37" WC="0.93" CONTENT="af"/><SP WIDTH="23" VPOS="313" HPOS="791"/>
							<String ID="string_11" HPOS="814" VPOS="315" WIDTH="233" HEIGHT="49" WC="0.92" CONTENT="stadgandet"/><SP WIDTH="27" VPOS="315" HPOS="1047"/>
							<String ID="string_12" HPOS="1074" VPOS="319" WIDTH="11" HEIGHT="35" WC="0.93" CONTENT="i"/><SP WIDTH="29" VPOS="319" HPOS="1085"/>
							<String ID="string_13" HPOS="1114" VPOS="316" WIDTH="18" HEIGHT="49" WC="0.91" CONTENT="$"/><SP WIDTH="27" VPOS="316" HPOS="1132"/>
							<String ID="string_14" HPOS="1159" VPOS="322" WIDTH="46" HEIGHT="35" WC="0.96" CONTENT="49"/><SP WIDTH="30" VPOS="322" HPOS="1205"/>
							<String ID="string_15" HPOS="1235" VPOS="335" WIDTH="112" HEIGHT="24" WC="0.96" CONTENT="mom."/><SP WIDTH="30" VPOS="335" HPOS="1347"/>
							<String ID="string_16" HPOS="1377" VPOS="326" WIDTH="21" HEIGHT="33" WC="0.95" CONTENT="2"/><SP WIDTH="29" VPOS="326" HPOS="1398"/>
							<String ID="string_17" HPOS="1427" VPOS="324" WIDTH="11" HEIGHT="36" WC="0.95" CONTENT="i"/><SP WIDTH="28" VPOS="324" HPOS="1438"/>
							<String ID="string_18" HPOS="1466" VPOS="326" WIDTH="179" HEIGHT="48" WC="0.93" CONTENT="gällande"/><SP WIDTH="30" VPOS="326" HPOS="1645"/>
							<String ID="string_19" HPOS="1675" VPOS="328" WIDTH="143" HEIGHT="39" WC="0.92" CONTENT="banko-"/>
						</TextLine>
						<TextLine ID="line_2" HPOS="214" VPOS="357" WIDTH="1604" HEIGHT="74">
							<String ID="string_20" HPOS="214" VPOS="357" WIDTH="236" HEIGHT="49" WC="0.95" CONTENT="reglemente"/><SP WIDTH="28" VPOS="357" HPOS="450"/>
							<String ID="string_21" HPOS="478" VPOS="361" WIDTH="115" HEIGHT="38" WC="0.96" CONTENT="hafva"/><SP WIDTH="24" VPOS="361" HPOS="593"/>
							<String ID="string_22" HPOS="617" VPOS="363" WIDTH="258" HEIGHT="51" WC="0.92" CONTENT="Fullmäktige"/><SP WIDTH="20" VPOS="363" HPOS="875"/>
							<String ID="string_23" HPOS="895" VPOS="367" WIDTH="207" HEIGHT="50" WC="0.91" CONTENT="förordnat,"/><SP WIDTH="20" VPOS="367" HPOS="1102"/>
							<String ID="string_24" HPOS="1122" VPOS="376" WIDTH="55" HEIGHT="31" WC="0.96" CONTENT="att"/><SP WIDTH="19" VPOS="376" HPOS="1177"/>
							<String ID="string_25" HPOS="1196" VPOS="372" WIDTH="40" HEIGHT="36" WC="0.96" CONTENT="af"/><SP WIDTH="15" VPOS="372" HPOS="1236"/>
							<String ID="string_26" HPOS="1251" VPOS="373" WIDTH="266" HEIGHT="40" WC="0.96" CONTENT="Riksbankens"/><SP WIDTH="21" VPOS="373" HPOS="1517"/>
							<String ID="string_27" HPOS="1538" VPOS="381" WIDTH="48" HEIGHT="46" WC="0.93" CONTENT="på"/><SP WIDTH="19" VPOS="381" HPOS="1586"/>
							<String ID="string_28" HPOS="1605" VPOS="378" WIDTH="213" HEIGHT="53" WC="0.91" CONTENT="indrifning"/>
						</TextLine>
						<TextLine ID="line_3" HPOS="215" VPOS="408" WIDTH="1602" HEIGHT="62">
							<String ID="string_29" HPOS="215" VPOS="408" WIDTH="191" HEIGHT="39" WC="0.96" CONTENT="beroende"/><SP WIDTH="41" VPOS="408" HPOS="406"/>
							<String ID="string_30" HPOS="447" VPOS="411" WIDTH="219" HEIGHT="51" WC="0.95" CONTENT="fordringar"/><SP WIDTH="40" VPOS="411" HPOS="666"/>
							<String ID="string_31" HPOS="706" VPOS="416" WIDTH="108" HEIGHT="36" WC="0.96" CONTENT="skola"/><SP WIDTH="32" VPOS="416" HPOS="814"/>
							<String ID="string_32" HPOS="846" VPOS="417" WIDTH="82" HEIGHT="37" WC="0.96" CONTENT="från"/><SP WIDTH="28" VPOS="417" HPOS="928"/>
							<String ID="string_33" HPOS="956" VPOS="420" WIDTH="70" HEIGHT="36" WC="0.96" CONTENT="och"/><SP WIDTH="29" VPOS="420" HPOS="1026"/>
							<String ID="string_34" HPOS="1055" VPOS="422" WIDTH="87" HEIGHT="36" WC="0.96" CONTENT="med"/><SP WIDTH="28" VPOS="422" HPOS="1142"/>
							<String ID="string_35" HPOS="1170" VPOS="422" WIDTH="258" HEIGHT="41" WC="0.96" CONTENT="innevarande"/><SP WIDTH="30" VPOS="422" HPOS="1428"/>
							<String ID="string_36" HPOS="1458" VPOS="430" WIDTH="38" HEIGHT="33" WC="0.96" CONTENT="år"/><SP WIDTH="28" VPOS="430" HPOS="1496"/>
							<String ID="string_37" HPOS="1524" VPOS="432" WIDTH="126" HEIGHT="34" WC="0.96" CONTENT="såsom"/><SP WIDTH="30" VPOS="432" HPOS="1650"/>
							<String ID="string_38" HPOS="1680" VPOS="433" WIDTH="137" HEIGHT="37" WC="0.96" CONTENT="osäkra"/>
						</TextLine>
						<TextLine ID="line_4" HPOS="214" VPOS="459" WIDTH="1600" HEIGHT="68">
							<String ID="string_39" HPOS="214" VPOS="459" WIDTH="135" HEIGHT="37" WC="0.90" CONTENT="afföras"/><SP WIDTH="29" VPOS="459" HPOS="349"/>
							<String ID="string_40" HPOS="378" VPOS="461" WIDTH="83" HEIGHT="37" WC="0.92" CONTENT="från"/><SP WIDTH="28" VPOS="461" HPOS="461"/>
							<String ID="string_41" HPOS="489" VPOS="463" WIDTH="362" HEIGHT="52" WC="0.92" CONTENT="kapitalräkningen"/><SP WIDTH="29" VPOS="463" HPOS="851"/>
							<String ID="string_42" HPOS="880" VPOS="469" WIDTH="70" HEIGHT="36" WC="0.96" CONTENT="och"/><SP WIDTH="28" VPOS="469" HPOS="950"/>
							<String ID="string_43" HPOS="978" VPOS="471" WIDTH="11" HEIGHT="35" WC="0.96" CONTENT="i"/><SP WIDTH="28" VPOS="471" HPOS="989"/>
							<String ID="string_44" HPOS="1017" VPOS="471" WIDTH="311" HEIGHT="52" WC="0.96" CONTENT="räkenskaperna"/><SP WIDTH="19" VPOS="471" HPOS="1328"/>
							<String ID="string_45" HPOS="1347" VPOS="483" WIDTH="191" HEIGHT="44" WC="0.96" CONTENT="upptagas"/><SP WIDTH="20" VPOS="483" HPOS="1538"/>
							<String ID="string_46" HPOS="1558" VPOS="480" WIDTH="103" HEIGHT="37" WC="0.93" CONTENT="inom"/><SP WIDTH="20" VPOS="480" HPOS="1661"/>
							<String ID="string_47" HPOS="1681" VPOS="482" WIDTH="133" HEIGHT="38" WC="0.89" CONTENT="linien:"/>
						</TextLine>
					</TextBlock>
					<TextBlock ID="block_2" HPOS="311" VPOS="511" WIDTH="1327" HEIGHT="66">
						<TextLine ID="line_5" HPOS="311" VPOS="511" WIDTH="1327" HEIGHT="66">
							<String ID="string_48" HPOS="311" VPOS="511" WIDTH="67" HEIGHT="37" WC="0.93" CONTENT="vid"/><SP WIDTH="28" VPOS="511" HPOS="378"/>
							<String ID="string_49" HPOS="406" VPOS="513" WIDTH="327" HEIGHT="41" WC="0.90" CONTENT="hufvudkontoret"/><SP WIDTH="27" VPOS="513" HPOS="733"/>
							<String ID="string_50" HPOS="760" VPOS="521" WIDTH="64" HEIGHT="33" WC="0.96" CONTENT="två"/><SP WIDTH="27" VPOS="521" HPOS="824"/>
							<String ID="string_51" HPOS="851" VPOS="519" WIDTH="59" HEIGHT="37" WC="0.92" CONTENT="lån"/><SP WIDTH="31" VPOS="519" HPOS="910"/>
							<String ID="string_52" HPOS="941" VPOS="523" WIDTH="20" HEIGHT="34" WC="0.91" CONTENT="å"/><SP WIDTH="26" VPOS="523" HPOS="961"/>
							<String ID="string_53" HPOS="987" VPOS="522" WIDTH="161" HEIGHT="51" WC="0.92" CONTENT="tillhopa"/><SP WIDTH="29" VPOS="522" HPOS="1148"/>
							<String ID="string_54" HPOS="1177" VPOS="527" WIDTH="109" HEIGHT="45" WC="0.92" CONTENT="5,084"/><SP WIDTH="27" VPOS="527" HPOS="1286"/>
							<String ID="string_55" HPOS="1313" VPOS="527" WIDTH="141" HEIGHT="38" WC="0.96" CONTENT="kronor"/><SP WIDTH="27" VPOS="527" HPOS="1454"/>
							<String ID="string_56" HPOS="1481" VPOS="532" WIDTH="47" HEIGHT="35" WC="0.95" CONTENT="24"/><SP WIDTH="29" VPOS="532" HPOS="1528"/>
							<String ID="string_57" HPOS="1557" VPOS="536" WIDTH="81" HEIGHT="41" WC="0.95" CONTENT="öre;"/>
						</TextLine>
					</TextBlock>
					<TextBlock ID="block_3" HPOS="210" VPOS="563" WIDTH="1605" HEIGHT="156">
						<TextLine ID="line_6" HPOS="311" VPOS="563" WIDTH="1504" HEIGHT="59">
							<String ID="string_58" HPOS="311" VPOS="563" WIDTH="65" HEIGHT="36" WC="0.90" CONTENT="vid"/><SP WIDTH="41" VPOS="563" HPOS="376"/>
							<String ID="string_59" HPOS="417" VPOS="565" WIDTH="400" HEIGHT="50" WC="0.90" CONTENT="afdelningskontoret"/><SP WIDTH="27" VPOS="565" HPOS="817"/>
							<String ID="string_60" HPOS="844" VPOS="570" WIDTH="10" HEIGHT="36" WC="0.96" CONTENT="i"/><SP WIDTH="31" VPOS="570" HPOS="854"/>
							<String ID="string_61" HPOS="885" VPOS="571" WIDTH="199" HEIGHT="50" WC="0.95" CONTENT="Göteborg"/><SP WIDTH="40" VPOS="571" HPOS="1084"/>
							<String ID="string_62" HPOS="1124" VPOS="580" WIDTH="56" HEIGHT="32" WC="0.95" CONTENT="tre"/><SP WIDTH="33" VPOS="580" HPOS="1180"/>
							<String ID="string_63" HPOS="1213" VPOS="576" WIDTH="61" HEIGHT="37" WC="0.96" CONTENT="lån"/><SP WIDTH="28" VPOS="576" HPOS="1274"/>
							<String ID="string_64" HPOS="1302" VPOS="579" WIDTH="71" HEIGHT="36" WC="0.96" CONTENT="och"/><SP WIDTH="29" VPOS="579" HPOS="1373"/>
							<String ID="string_65" HPOS="1402" VPOS="586" WIDTH="53" HEIGHT="31" WC="0.93" CONTENT="ett"/><SP WIDTH="27" VPOS="586" HPOS="1455"/>
							<String ID="string_66" HPOS="1482" VPOS="581" WIDTH="284" HEIGHT="40" WC="0.90" CONTENT="kassakreditiv"/><SP WIDTH="29" VPOS="581" HPOS="1766"/>
							<String ID="string_67" HPOS="1795" VPOS="589" WIDTH="20" HEIGHT="33" WC="0.52" CONTENT="&amp;"/>
						</TextLine>
						<TextLine ID="line_7" HPOS="210" VPOS="615" WIDTH="1604" HEIGHT="64">
							<String ID="string_68" HPOS="210" VPOS="615" WIDTH="285" HEIGHT="49" WC="0.92" CONTENT="sammanlagdt"/><SP WIDTH="42" VPOS="615" HPOS="495"/>
							<String ID="string_69" HPOS="537" VPOS="619" WIDTH="107" HEIGHT="46" WC="0.88" CONTENT="1,520"/><SP WIDTH="37" VPOS="619" HPOS="644"/>
							<String ID="string_70" HPOS="681" VPOS="619" WIDTH="139" HEIGHT="38" WC="0.96" CONTENT="kronor"/><SP WIDTH="30" VPOS="619" HPOS="820"/>
							<String ID="string_71" HPOS="850" VPOS="624" WIDTH="42" HEIGHT="34" WC="0.95" CONTENT="61"/><SP WIDTH="31" VPOS="624" HPOS="892"/>
							<String ID="string_72" HPOS="923" VPOS="628" WIDTH="64" HEIGHT="32" WC="0.95" CONTENT="öre"/><SP WIDTH="29" VPOS="628" HPOS="987"/>
							<String ID="string_73" HPOS="1016" VPOS="625" WIDTH="71" HEIGHT="36" WC="0.96" CONTENT="och"/><SP WIDTH="29" VPOS="625" HPOS="1087"/>
							<String ID="string_74" HPOS="1116" VPOS="626" WIDTH="64" HEIGHT="37" WC="0.95" CONTENT="vid"/><SP WIDTH="28" VPOS="626" HPOS="1180"/>
							<String ID="string_75" HPOS="1208" VPOS="627" WIDTH="400" HEIGHT="52" WC="0.91" CONTENT="afdelningskontoret"/><SP WIDTH="27" VPOS="627" HPOS="1608"/>
							<String ID="string_76" HPOS="1635" VPOS="634" WIDTH="12" HEIGHT="37" WC="0.96" CONTENT="i"/><SP WIDTH="27" VPOS="634" HPOS="1647"/>
							<String ID="string_77" HPOS="1674" VPOS="635" WIDTH="140" HEIGHT="39" WC="0.96" CONTENT="Malmö"/>
						</TextLine>
						<TextLine ID="line_8" HPOS="210" VPOS="665" WIDTH="995" HEIGHT="54">
							<String ID="string_78" HPOS="210" VPOS="676" WIDTH="68" HEIGHT="24" WC="0.95" CONTENT="sex"/><SP WIDTH="28" VPOS="676" HPOS="278"/>
							<String ID="string_79" HPOS="306" VPOS="665" WIDTH="62" HEIGHT="36" WC="0.93" CONTENT="lån"/><SP WIDTH="28" VPOS="665" HPOS="368"/>
							<String ID="string_80" HPOS="396" VPOS="669" WIDTH="20" HEIGHT="33" WC="0.91" CONTENT="å"/><SP WIDTH="27" VPOS="669" HPOS="416"/>
							<String ID="string_81" HPOS="443" VPOS="667" WIDTH="252" HEIGHT="39" WC="0.93" CONTENT="tillsammans"/><SP WIDTH="32" VPOS="667" HPOS="695"/>
							<String ID="string_82" HPOS="727" VPOS="673" WIDTH="131" HEIGHT="46" WC="0.90" CONTENT="15,456"/><SP WIDTH="29" VPOS="673" HPOS="858"/>
							<String ID="string_83" HPOS="887" VPOS="673" WIDTH="140" HEIGHT="39" WC="0.96" CONTENT="kronor"/><SP WIDTH="28" VPOS="673" HPOS="1027"/>
							<String ID="string_84" HPOS="1055" VPOS="678" WIDTH="45" HEIGHT="35" WC="0.96" CONTENT="59"/><SP WIDTH="30" VPOS="678" HPOS="1100"/>
							<String ID="string_85" HPOS="1130" VPOS="682" WIDTH="75" HEIGHT="33" WC="0.96" CONTENT="öre."/>
						</TextLine>
					</TextBlock>
					<TextBlock ID="block_4" HPOS="207" VPOS="716" WIDTH="1607" HEIGHT="145">
						<TextLine ID="line_9" HPOS="310" VPOS="716" WIDTH="1504" HEIGHT="68">
							<String ID="string_86" HPOS="310" VPOS="716" WIDTH="242" HEIGHT="49" WC="0.92" CONTENT="Styrelserna"/><SP WIDTH="39" VPOS="716" HPOS="552"/>
							<String ID="string_87" HPOS="591" VPOS="720" WIDTH="59" HEIGHT="37" WC="0.93" CONTENT="för"/><SP WIDTH="36" VPOS="720" HPOS="650"/>
							<String ID="string_88" HPOS="686" VPOS="722" WIDTH="408" HEIGHT="51" WC="0.92" CONTENT="afdelningskontoren"/><SP WIDTH="27" VPOS="722" HPOS="1094"/>
							<String ID="string_89" HPOS="1121" VPOS="728" WIDTH="11" HEIGHT="36" WC="0.96" CONTENT="i"/><SP WIDTH="28" VPOS="728" HPOS="1132"/>
							<String ID="string_90" HPOS="1160" VPOS="729" WIDTH="117" HEIGHT="38" WC="0.95" CONTENT="Luleå"/><SP WIDTH="37" VPOS="729" HPOS="1277"/>
							<String ID="string_91" HPOS="1314" VPOS="732" WIDTH="71" HEIGHT="36" WC="0.96" CONTENT="och"/><SP WIDTH="27" VPOS="732" HPOS="1385"/>
							<String ID="string_92" HPOS="1412" VPOS="734" WIDTH="136" HEIGHT="50" WC="0.96" CONTENT="Wisby"/><SP WIDTH="28" VPOS="734" HPOS="1548"/>
							<String ID="string_93" HPOS="1576" VPOS="736" WIDTH="115" HEIGHT="38" WC="0.96" CONTENT="hafva"/><SP WIDTH="27" VPOS="736" HPOS="1691"/>
							<String ID="string_94" HPOS="1718" VPOS="739" WIDTH="96" HEIGHT="38" WC="0.96" CONTENT="hvar"/>
						</TextLine>
						<TextLine ID="line_10" HPOS="209" VPOS="766" WIDTH="1604" HEIGHT="63">
							<String ID="string_95" HPOS="209" VPOS="766" WIDTH="57" HEIGHT="36" WC="0.96" CONTENT="för"/><SP WIDTH="40" VPOS="766" HPOS="266"/>
							<String ID="string_96" HPOS="306" VPOS="767" WIDTH="62" HEIGHT="49" WC="0.95" CONTENT="sig"/><SP WIDTH="41" VPOS="767" HPOS="368"/>
							<String ID="string_97" HPOS="409" VPOS="770" WIDTH="154" HEIGHT="48" WC="0.96" CONTENT="anmält,"/><SP WIDTH="42" VPOS="770" HPOS="563"/>
							<String ID="string_98" HPOS="605" VPOS="778" WIDTH="54" HEIGHT="31" WC="0.96" CONTENT="att"/><SP WIDTH="34" VPOS="778" HPOS="659"/>
							<String ID="string_99" HPOS="693" VPOS="773" WIDTH="46" HEIGHT="37" WC="0.95" CONTENT="de"/><SP WIDTH="29" VPOS="773" HPOS="739"/>
							<String ID="string_100" HPOS="768" VPOS="774" WIDTH="83" HEIGHT="37" WC="0.95" CONTENT="icke"/><SP WIDTH="28" VPOS="774" HPOS="851"/>
							<String ID="string_101" HPOS="879" VPOS="776" WIDTH="10" HEIGHT="36" WC="0.95" CONTENT="i"/><SP WIDTH="30" VPOS="776" HPOS="889"/>
							<String ID="string_102" HPOS="919" VPOS="776" WIDTH="180" HEIGHT="40" WC="0.93" CONTENT="afseende"/><SP WIDTH="29" VPOS="776" HPOS="1099"/>
							<String ID="string_103" HPOS="1128" VPOS="782" WIDTH="19" HEIGHT="34" WC="0.80" CONTENT="å"/><SP WIDTH="29" VPOS="782" HPOS="1147"/>
							<String ID="string_104" HPOS="1176" VPOS="783" WIDTH="116" HEIGHT="46" WC="0.96" CONTENT="något"/><SP WIDTH="27" VPOS="783" HPOS="1292"/>
							<String ID="string_105" HPOS="1319" VPOS="783" WIDTH="59" HEIGHT="37" WC="0.96" CONTENT="lån"/><SP WIDTH="30" VPOS="783" HPOS="1378"/>
							<String ID="string_106" HPOS="1408" VPOS="785" WIDTH="125" HEIGHT="37" WC="0.96" CONTENT="funnit"/><SP WIDTH="27" VPOS="785" HPOS="1533"/>
							<String ID="string_107" HPOS="1560" VPOS="788" WIDTH="84" HEIGHT="37" WC="0.96" CONTENT="skäl"/><SP WIDTH="28" VPOS="788" HPOS="1644"/>
							<String ID="string_108" HPOS="1672" VPOS="789" WIDTH="141" HEIGHT="39" WC="0.96" CONTENT="föreslå"/>
						</TextLine>
						<TextLine ID="line_11" HPOS="207" VPOS="816" WIDTH="562" HEIGHT="45">
							<String ID="string_109" HPOS="207" VPOS="816" WIDTH="89" HEIGHT="38" WC="0.95" CONTENT="dess"/><SP WIDTH="28" VPOS="816" HPOS="296"/>
							<String ID="string_110" HPOS="324" VPOS="818" WIDTH="159" HEIGHT="38" WC="0.96" CONTENT="förande"/><SP WIDTH="27" VPOS="818" HPOS="483"/>
							<String ID="string_111" HPOS="510" VPOS="822" WIDTH="102" HEIGHT="36" WC="0.90" CONTENT="inom"/><SP WIDTH="29" VPOS="822" HPOS="612"/>
							<String ID="string_112" HPOS="641" VPOS="823" WIDTH="128" HEIGHT="38" WC="0.90" CONTENT="linien."/>
						</TextLine>
					</TextBlock>
				</ComposedBlock>
				<ComposedBlock ID="cblock_2" HPOS="955" VPOS="894" WIDTH="104" HEIGHT="48">
					<TextBlock ID="block_5" HPOS="955" VPOS="894" WIDTH="104" HEIGHT="48">
						<TextLine ID="line_12" HPOS="955" VPOS="894" WIDTH="104" HEIGHT="48">
							<String ID="string_113" HPOS="955" VPOS="894" WIDTH="17" HEIGHT="48" WC="0.87" CONTENT="$"/><SP WIDTH="30" VPOS="894" HPOS="972"/>
							<String ID="string_114" HPOS="1002" VPOS="899" WIDTH="57" HEIGHT="35" WC="0.93" CONTENT="28."/>
						</TextLine>
					</TextBlock>
				</ComposedBlock>
				<ComposedBlock ID="cblock_3" HPOS="189" VPOS="971" WIDTH="1619" HEIGHT="1028">
					<TextBlock ID="block_6" HPOS="199" VPOS="971" WIDTH="1609" HEIGHT="367">
						<TextLine ID="line_13" HPOS="304" VPOS="971" WIDTH="1504" HEIGHT="69">
							<String ID="string_115" HPOS="304" VPOS="971" WIDTH="56" HEIGHT="37" WC="0.94" CONTENT="De"/><SP WIDTH="40" VPOS="971" HPOS="360"/>
							<String ID="string_116" HPOS="400" VPOS="973" WIDTH="66" HEIGHT="36" WC="0.93" CONTENT="vid"/><SP WIDTH="40" VPOS="973" HPOS="466"/>
							<String ID="string_117" HPOS="506" VPOS="975" WIDTH="194" HEIGHT="38" WC="0.90" CONTENT="nästlidna"/><SP WIDTH="33" VPOS="975" HPOS="700"/>
							<String ID="string_118" HPOS="733" VPOS="980" WIDTH="59" HEIGHT="34" WC="0.96" CONTENT="års"/><SP WIDTH="30" VPOS="980" HPOS="792"/>
							<String ID="string_119" HPOS="822" VPOS="979" WIDTH="132" HEIGHT="49" WC="0.96" CONTENT="början"/><SP WIDTH="28" VPOS="979" HPOS="954"/>
							<String ID="string_120" HPOS="982" VPOS="983" WIDTH="180" HEIGHT="47" WC="0.93" CONTENT="gällande"/><SP WIDTH="27" VPOS="983" HPOS="1162"/>
							<String ID="string_121" HPOS="1189" VPOS="989" WIDTH="285" HEIGHT="37" WC="0.92" CONTENT="räntesatserna"/><SP WIDTH="27" VPOS="989" HPOS="1474"/>
							<String ID="string_122" HPOS="1501" VPOS="990" WIDTH="59" HEIGHT="37" WC="0.96" CONTENT="för"/><SP WIDTH="27" VPOS="990" HPOS="1560"/>
							<String ID="string_123" HPOS="1587" VPOS="993" WIDTH="137" HEIGHT="47" WC="0.93" CONTENT="medel,"/><SP WIDTH="28" VPOS="993" HPOS="1724"/>
							<String ID="string_124" HPOS="1752" VPOS="994" WIDTH="56" HEIGHT="37" WC="0.90" CONTENT="in-"/>
						</TextLine>
						<TextLine ID="line_14" HPOS="203" VPOS="1024" WIDTH="1604" HEIGHT="59">
							<String ID="string_125" HPOS="203" VPOS="1026" WIDTH="98" HEIGHT="31" WC="0.95" CONTENT="satta"/><SP WIDTH="30" VPOS="1026" HPOS="301"/>
							<String ID="string_126" HPOS="331" VPOS="1025" WIDTH="47" HEIGHT="46" WC="0.93" CONTENT="på"/><SP WIDTH="28" VPOS="1025" HPOS="378"/>
							<String ID="string_127" HPOS="406" VPOS="1024" WIDTH="406" HEIGHT="53" WC="0.92" CONTENT="depositionsräkning"/><SP WIDTH="19" VPOS="1024" HPOS="812"/>
							<String ID="string_128" HPOS="831" VPOS="1030" WIDTH="11" HEIGHT="35" WC="0.95" CONTENT="i"/><SP WIDTH="20" VPOS="1030" HPOS="842"/>
							<String ID="string_129" HPOS="862" VPOS="1031" WIDTH="259" HEIGHT="48" WC="0.93" CONTENT="Riksbanken,"/><SP WIDTH="29" VPOS="1031" HPOS="1121"/>
							<String ID="string_130" HPOS="1150" VPOS="1035" WIDTH="215" HEIGHT="39" WC="0.91" CONTENT="bibehöllos"/><SP WIDTH="21" VPOS="1035" HPOS="1365"/>
							<String ID="string_131" HPOS="1386" VPOS="1039" WIDTH="252" HEIGHT="41" WC="0.96" CONTENT="oförändrade"/><SP WIDTH="20" VPOS="1039" HPOS="1638"/>
							<String ID="string_132" HPOS="1658" VPOS="1044" WIDTH="58" HEIGHT="36" WC="0.96" CONTENT="till"/><SP WIDTH="20" VPOS="1044" HPOS="1716"/>
							<String ID="string_133" HPOS="1736" VPOS="1047" WIDTH="71" HEIGHT="36" WC="0.96" CONTENT="och"/>
						</TextLine>
						<TextLine ID="line_15" HPOS="203" VPOS="1073" WIDTH="1605" HEIGHT="69">
							<String ID="string_134" HPOS="203" VPOS="1073" WIDTH="87" HEIGHT="36" WC="0.95" CONTENT="med"/><SP WIDTH="37" VPOS="1073" HPOS="290"/>
							<String ID="string_135" HPOS="327" VPOS="1074" WIDTH="74" HEIGHT="36" WC="0.95" CONTENT="den"/><SP WIDTH="35" VPOS="1074" HPOS="401"/>
							<String ID="string_136" HPOS="436" VPOS="1077" WIDTH="45" HEIGHT="35" WC="0.95" CONTENT="14"/><SP WIDTH="32" VPOS="1077" HPOS="481"/>
							<String ID="string_137" HPOS="513" VPOS="1077" WIDTH="178" HEIGHT="48" WC="0.95" CONTENT="Augusti,"/><SP WIDTH="43" VPOS="1077" HPOS="691"/>
							<String ID="string_138" HPOS="734" VPOS="1080" WIDTH="47" HEIGHT="36" WC="0.96" CONTENT="då"/><SP WIDTH="41" VPOS="1080" HPOS="781"/>
							<String ID="string_139" HPOS="822" VPOS="1081" WIDTH="195" HEIGHT="39" WC="0.90" CONTENT="desamma"/><SP WIDTH="26" VPOS="1081" HPOS="1017"/>
							<String ID="string_140" HPOS="1043" VPOS="1085" WIDTH="196" HEIGHT="38" WC="0.90" CONTENT="nedsattes"/><SP WIDTH="30" VPOS="1085" HPOS="1239"/>
							<String ID="string_141" HPOS="1269" VPOS="1089" WIDTH="86" HEIGHT="36" WC="0.96" CONTENT="med"/><SP WIDTH="29" VPOS="1089" HPOS="1355"/>
							<String ID="string_142" HPOS="1384" VPOS="1103" WIDTH="47" HEIGHT="24" WC="0.96" CONTENT="en"/><SP WIDTH="27" VPOS="1103" HPOS="1431"/>
							<String ID="string_143" HPOS="1458" VPOS="1091" WIDTH="84" HEIGHT="37" WC="0.95" CONTENT="half"/><SP WIDTH="21" VPOS="1091" HPOS="1542"/>
							<String ID="string_144" HPOS="1563" VPOS="1101" WIDTH="159" HEIGHT="41" WC="0.96" CONTENT="procent"/><SP WIDTH="28" VPOS="1101" HPOS="1722"/>
							<String ID="string_145" HPOS="1750" VPOS="1096" WIDTH="58" HEIGHT="37" WC="0.96" CONTENT="för"/>
						</TextLine>
						<TextLine ID="line_16" HPOS="200" VPOS="1123" WIDTH="1606" HEIGHT="73">
							<String ID="string_146" HPOS="200" VPOS="1123" WIDTH="227" HEIGHT="51" WC="0.95" CONTENT="penningar,"/><SP WIDTH="44" VPOS="1123" HPOS="427"/>
							<String ID="string_147" HPOS="471" VPOS="1140" WIDTH="82" HEIGHT="24" WC="0.95" CONTENT="som"/><SP WIDTH="43" VPOS="1140" HPOS="553"/>
							<String ID="string_148" HPOS="596" VPOS="1129" WIDTH="159" HEIGHT="38" WC="0.95" CONTENT="insattes"/><SP WIDTH="41" VPOS="1129" HPOS="755"/>
							<String ID="string_149" HPOS="796" VPOS="1135" WIDTH="49" HEIGHT="45" WC="0.96" CONTENT="på"/><SP WIDTH="39" VPOS="1135" HPOS="845"/>
							<String ID="string_150" HPOS="884" VPOS="1136" WIDTH="23" HEIGHT="34" WC="0.96" CONTENT="4"/><SP WIDTH="36" VPOS="1136" HPOS="907"/>
							<String ID="string_151" HPOS="943" VPOS="1134" WIDTH="92" HEIGHT="37" WC="0.96" CONTENT="eller"/><SP WIDTH="37" VPOS="1134" HPOS="1035"/>
							<String ID="string_152" HPOS="1072" VPOS="1138" WIDTH="20" HEIGHT="34" WC="0.96" CONTENT="3"/><SP WIDTH="29" VPOS="1138" HPOS="1092"/>
							<String ID="string_153" HPOS="1121" VPOS="1139" WIDTH="201" HEIGHT="36" WC="0.95" CONTENT="månaders"/><SP WIDTH="29" VPOS="1139" HPOS="1322"/>
							<String ID="string_154" HPOS="1351" VPOS="1143" WIDTH="260" HEIGHT="50" WC="0.94" CONTENT="uppsägning."/><SP WIDTH="55" VPOS="1143" HPOS="1611"/>
							<String ID="string_155" HPOS="1666" VPOS="1146" WIDTH="13" HEIGHT="36" WC="0.94" CONTENT="I"/><SP WIDTH="32" VPOS="1146" HPOS="1679"/>
							<String ID="string_156" HPOS="1711" VPOS="1147" WIDTH="95" HEIGHT="49" WC="0.96" CONTENT="följd"/>
						</TextLine>
						<TextLine ID="line_17" HPOS="200" VPOS="1173" WIDTH="939" HEIGHT="52">
							<String ID="string_157" HPOS="200" VPOS="1173" WIDTH="113" HEIGHT="38" WC="0.96" CONTENT="häraf"/><SP WIDTH="23" VPOS="1173" HPOS="313"/>
							<String ID="string_158" HPOS="336" VPOS="1176" WIDTH="180" HEIGHT="49" WC="0.96" CONTENT="erlägges"/><SP WIDTH="29" VPOS="1176" HPOS="516"/>
							<String ID="string_159" HPOS="545" VPOS="1178" WIDTH="42" HEIGHT="37" WC="0.96" CONTENT="af"/><SP WIDTH="21" VPOS="1178" HPOS="587"/>
							<String ID="string_160" HPOS="608" VPOS="1180" WIDTH="249" HEIGHT="39" WC="0.96" CONTENT="Riksbanken"/><SP WIDTH="27" VPOS="1180" HPOS="857"/>
							<String ID="string_161" HPOS="884" VPOS="1184" WIDTH="78" HEIGHT="37" WC="0.96" CONTENT="tills"/><SP WIDTH="30" VPOS="1184" HPOS="962"/>
							<String ID="string_162" HPOS="992" VPOS="1186" WIDTH="147" HEIGHT="38" WC="0.96" CONTENT="vidare:"/>
						</TextLine>
						<TextLine ID="line_18" HPOS="199" VPOS="1224" WIDTH="1355" HEIGHT="64">
							<String ID="string_163" HPOS="199" VPOS="1224" WIDTH="58" HEIGHT="37" WC="0.96" CONTENT="för"/><SP WIDTH="28" VPOS="1224" HPOS="257"/>
							<String ID="string_164" HPOS="285" VPOS="1226" WIDTH="138" HEIGHT="50" WC="0.96" CONTENT="medel,"/><SP WIDTH="28" VPOS="1226" HPOS="423"/>
							<String ID="string_165" HPOS="451" VPOS="1228" WIDTH="140" HEIGHT="38" WC="0.96" CONTENT="insatta"/><SP WIDTH="27" VPOS="1228" HPOS="591"/>
							<String ID="string_166" HPOS="618" VPOS="1234" WIDTH="48" HEIGHT="46" WC="0.96" CONTENT="på"/><SP WIDTH="26" VPOS="1234" HPOS="666"/>
							<String ID="string_167" HPOS="692" VPOS="1234" WIDTH="24" HEIGHT="35" WC="0.96" CONTENT="4"/><SP WIDTH="27" VPOS="1234" HPOS="716"/>
							<String ID="string_168" HPOS="743" VPOS="1235" WIDTH="200" HEIGHT="37" WC="0.85" CONTENT="månaders"/><SP WIDTH="28" VPOS="1235" HPOS="943"/>
							<String ID="string_169" HPOS="971" VPOS="1239" WIDTH="251" HEIGHT="49" WC="0.28" CONTENT="UPPSÄGNING"/><SP WIDTH="39" VPOS="1239" HPOS="1222"/>
							<String ID="string_170" HPOS="1261" VPOS="1277" WIDTH="58" HEIGHT="5" WC="0.15" CONTENT="moss"/><SP WIDTH="19" VPOS="1277" HPOS="1319"/>
							<String ID="string_171" HPOS="1338" VPOS="1279" WIDTH="216" HEIGHT="7" WC="0.31" CONTENT="san"/>
						</TextLine>
						<TextLine ID="line_19" HPOS="216" VPOS="1284" WIDTH="1486" HEIGHT="54">
							<String ID="string_172" HPOS="216" VPOS="1285" WIDTH="18" HEIGHT="23" WC="0.90" CONTENT="»"/><SP WIDTH="103" VPOS="1285" HPOS="234"/>
							<String ID="string_173" HPOS="337" VPOS="1287" WIDTH="17" HEIGHT="23" WC="0.31" CONTENT="oo»"/><SP WIDTH="154" VPOS="1287" HPOS="354"/>
							<String ID="string_174" HPOS="508" VPOS="1290" WIDTH="17" HEIGHT="23" WC="0.61" CONTENT="&gt;»"/><SP WIDTH="104" VPOS="1290" HPOS="525"/>
							<String ID="string_175" HPOS="629" VPOS="1292" WIDTH="17" HEIGHT="23" WC="0.44" CONTENT="»"/><SP WIDTH="46" VPOS="1292" HPOS="646"/>
							<String ID="string_176" HPOS="692" VPOS="1284" WIDTH="134" HEIGHT="37" WC="0.75" CONTENT="3eller"/><SP WIDTH="20" VPOS="1284" HPOS="826"/>
							<String ID="string_177" HPOS="846" VPOS="1288" WIDTH="21" HEIGHT="34" WC="0.91" CONTENT="2"/><SP WIDTH="29" VPOS="1288" HPOS="867"/>
							<String ID="string_178" HPOS="896" VPOS="1296" WIDTH="17" HEIGHT="24" WC="0.91" CONTENT="»"/><SP WIDTH="161" VPOS="1296" HPOS="913"/>
							<String ID="string_179" HPOS="1074" VPOS="1299" WIDTH="480" HEIGHT="39" WC="0.15" CONTENT="rr"/><SP WIDTH="31" VPOS="1299" HPOS="1554"/>
							<String ID="string_180" HPOS="1585" VPOS="1295" WIDTH="72" HEIGHT="42" WC="0.15" CONTENT="3&quot;"/><SP WIDTH="28" VPOS="1295" HPOS="1657"/>
							<String ID="string_181" HPOS="1685" VPOS="1309" WIDTH="17" HEIGHT="24" WC="0.52" CONTENT="»"/>
						</TextLine>
					</TextBlock>
					<TextBlock ID="block_7" HPOS="193" VPOS="1328" WIDTH="1611" HEIGHT="166">
						<TextLine ID="line_20" HPOS="298" VPOS="1328" WIDTH="1506" HEIGHT="72">
							<String ID="string_182" HPOS="298" VPOS="1328" WIDTH="122" HEIGHT="38" WC="0.93" CONTENT="Ränta"/><SP WIDTH="28" VPOS="1328" HPOS="420"/>
							<String ID="string_183" HPOS="448" VPOS="1333" WIDTH="20" HEIGHT="33" WC="0.91" CONTENT="å"/><SP WIDTH="28" VPOS="1333" HPOS="468"/>
							<String ID="string_184" HPOS="496" VPOS="1332" WIDTH="137" HEIGHT="49" WC="0.96" CONTENT="medel,"/><SP WIDTH="29" VPOS="1332" HPOS="633"/>
							<String ID="string_185" HPOS="662" VPOS="1346" WIDTH="81" HEIGHT="25" WC="0.97" CONTENT="som"/><SP WIDTH="29" VPOS="1346" HPOS="743"/>
							<String ID="string_186" HPOS="772" VPOS="1339" WIDTH="48" HEIGHT="45" WC="0.92" CONTENT="på"/><SP WIDTH="26" VPOS="1339" HPOS="820"/>
							<String ID="string_187" HPOS="846" VPOS="1351" WIDTH="95" HEIGHT="35" WC="0.92" CONTENT="upp-"/><SP WIDTH="21" VPOS="1351" HPOS="941"/>
							<String ID="string_188" HPOS="962" VPOS="1339" WIDTH="70" HEIGHT="36" WC="0.96" CONTENT="och"/><SP WIDTH="20" VPOS="1339" HPOS="1032"/>
							<String ID="string_189" HPOS="1052" VPOS="1340" WIDTH="418" HEIGHT="54" WC="0.90" CONTENT="afskrifningsräkning"/><SP WIDTH="18" VPOS="1340" HPOS="1470"/>
							<String ID="string_190" HPOS="1488" VPOS="1347" WIDTH="174" HEIGHT="51" WC="0.96" CONTENT="insättas,"/><SP WIDTH="30" VPOS="1347" HPOS="1662"/>
							<String ID="string_191" HPOS="1692" VPOS="1355" WIDTH="112" HEIGHT="45" WC="0.96" CONTENT="utgår"/>
						</TextLine>
						<TextLine ID="line_21" HPOS="193" VPOS="1377" WIDTH="1608" HEIGHT="74">
							<String ID="string_192" HPOS="193" VPOS="1377" WIDTH="153" HEIGHT="48" WC="0.89" CONTENT="Jemlikt"/><SP WIDTH="40" VPOS="1377" HPOS="346"/>
							<String ID="string_193" HPOS="386" VPOS="1380" WIDTH="279" HEIGHT="52" WC="0.96" CONTENT="Fullmäktiges"/><SP WIDTH="42" VPOS="1380" HPOS="665"/>
							<String ID="string_194" HPOS="707" VPOS="1386" WIDTH="126" HEIGHT="37" WC="0.95" CONTENT="beslut"/><SP WIDTH="41" VPOS="1386" HPOS="833"/>
							<String ID="string_195" HPOS="874" VPOS="1388" WIDTH="73" HEIGHT="37" WC="0.96" CONTENT="den"/><SP WIDTH="45" VPOS="1388" HPOS="947"/>
							<String ID="string_196" HPOS="992" VPOS="1392" WIDTH="41" HEIGHT="35" WC="0.92" CONTENT="19"/><SP WIDTH="42" VPOS="1392" HPOS="1033"/>
							<String ID="string_197" HPOS="1075" VPOS="1392" WIDTH="192" HEIGHT="38" WC="0.82" CONTENT="nästlidne"/><SP WIDTH="39" VPOS="1392" HPOS="1267"/>
							<String ID="string_198" HPOS="1306" VPOS="1395" WIDTH="92" HEIGHT="38" WC="0.96" CONTENT="Juni"/><SP WIDTH="42" VPOS="1395" HPOS="1398"/>
							<String ID="string_199" HPOS="1440" VPOS="1398" WIDTH="58" HEIGHT="36" WC="0.96" CONTENT="för"/><SP WIDTH="31" VPOS="1398" HPOS="1498"/>
							<String ID="string_200" HPOS="1529" VPOS="1399" WIDTH="140" HEIGHT="52" WC="0.96" CONTENT="belopp"/><SP WIDTH="35" VPOS="1399" HPOS="1669"/>
							<String ID="string_201" HPOS="1704" VPOS="1402" WIDTH="97" HEIGHT="38" WC="0.95" CONTENT="intill"/>
						</TextLine>
						<TextLine ID="line_22" HPOS="198" VPOS="1430" WIDTH="1354" HEIGHT="64">
							<String ID="string_202" HPOS="198" VPOS="1430" WIDTH="133" HEIGHT="46" WC="0.90" CONTENT="25,000"/><SP WIDTH="29" VPOS="1430" HPOS="331"/>
							<String ID="string_203" HPOS="360" VPOS="1431" WIDTH="140" HEIGHT="38" WC="0.96" CONTENT="kronor"/><SP WIDTH="28" VPOS="1431" HPOS="500"/>
							<String ID="string_204" HPOS="528" VPOS="1435" WIDTH="86" HEIGHT="36" WC="0.96" CONTENT="med"/><SP WIDTH="30" VPOS="1435" HPOS="614"/>
							<String ID="string_205" HPOS="644" VPOS="1438" WIDTH="20" HEIGHT="34" WC="0.96" CONTENT="3"/><SP WIDTH="29" VPOS="1438" HPOS="664"/>
							<String ID="string_206" HPOS="693" VPOS="1435" WIDTH="28" HEIGHT="46" WC="0.90" CONTENT="4,"/><SP WIDTH="28" VPOS="1435" HPOS="721"/>
							<String ID="string_207" HPOS="749" VPOS="1439" WIDTH="71" HEIGHT="35" WC="0.96" CONTENT="och"/><SP WIDTH="28" VPOS="1439" HPOS="820"/>
							<String ID="string_208" HPOS="848" VPOS="1439" WIDTH="58" HEIGHT="36" WC="0.96" CONTENT="för"/><SP WIDTH="27" VPOS="1439" HPOS="906"/>
							<String ID="string_209" HPOS="933" VPOS="1440" WIDTH="139" HEIGHT="51" WC="0.91" CONTENT="belopp"/><SP WIDTH="31" VPOS="1440" HPOS="1072"/>
							<String ID="string_210" HPOS="1103" VPOS="1443" WIDTH="218" HEIGHT="39" WC="0.91" CONTENT="derutöfver"/><SP WIDTH="28" VPOS="1443" HPOS="1321"/>
							<String ID="string_211" HPOS="1349" VPOS="1448" WIDTH="86" HEIGHT="36" WC="0.96" CONTENT="med"/><SP WIDTH="29" VPOS="1448" HPOS="1435"/>
							<String ID="string_212" HPOS="1464" VPOS="1451" WIDTH="21" HEIGHT="33" WC="0.96" CONTENT="2"/><SP WIDTH="28" VPOS="1451" HPOS="1485"/>
							<String ID="string_213" HPOS="1513" VPOS="1449" WIDTH="39" HEIGHT="45" WC="0.25" CONTENT="4."/>
						</TextLine>
					</TextBlock>
					<TextBlock ID="block_8" HPOS="191" VPOS="1480" WIDTH="1609" HEIGHT="349">
						<TextLine ID="line_23" HPOS="296" VPOS="1480" WIDTH="1504" HEIGHT="74">
							<String ID="string_214" HPOS="296" VPOS="1480" WIDTH="131" HEIGHT="38" WC="0.96" CONTENT="Under"/><SP WIDTH="42" VPOS="1480" HPOS="427"/>
							<String ID="string_215" HPOS="469" VPOS="1485" WIDTH="73" HEIGHT="36" WC="0.96" CONTENT="den"/><SP WIDTH="35" VPOS="1485" HPOS="542"/>
							<String ID="string_216" HPOS="577" VPOS="1488" WIDTH="46" HEIGHT="35" WC="0.96" CONTENT="20"/><SP WIDTH="33" VPOS="1488" HPOS="623"/>
							<String ID="string_217" HPOS="656" VPOS="1487" WIDTH="214" HEIGHT="39" WC="0.92" CONTENT="December"/><SP WIDTH="27" VPOS="1487" HPOS="870"/>
							<String ID="string_218" HPOS="897" VPOS="1491" WIDTH="168" HEIGHT="38" WC="0.92" CONTENT="sistlidet"/><SP WIDTH="27" VPOS="1491" HPOS="1065"/>
							<String ID="string_219" HPOS="1092" VPOS="1497" WIDTH="40" HEIGHT="33" WC="0.96" CONTENT="år"/><SP WIDTH="27" VPOS="1497" HPOS="1132"/>
							<String ID="string_220" HPOS="1159" VPOS="1495" WIDTH="113" HEIGHT="38" WC="0.96" CONTENT="hafva"/><SP WIDTH="29" VPOS="1495" HPOS="1272"/>
							<String ID="string_221" HPOS="1301" VPOS="1498" WIDTH="212" HEIGHT="38" WC="0.96" CONTENT="emellertid"/><SP WIDTH="28" VPOS="1498" HPOS="1513"/>
							<String ID="string_222" HPOS="1541" VPOS="1502" WIDTH="259" HEIGHT="52" WC="0.94" CONTENT="Fullmäktige"/>
						</TextLine>
						<TextLine ID="line_24" HPOS="195" VPOS="1530" WIDTH="1605" HEIGHT="71">
							<String ID="string_223" HPOS="195" VPOS="1530" WIDTH="168" HEIGHT="39" WC="0.96" CONTENT="beslutat"/><SP WIDTH="28" VPOS="1530" HPOS="363"/>
							<String ID="string_224" HPOS="391" VPOS="1534" WIDTH="75" HEIGHT="37" WC="0.96" CONTENT="den"/><SP WIDTH="35" VPOS="1534" HPOS="466"/>
							<String ID="string_225" HPOS="501" VPOS="1536" WIDTH="226" HEIGHT="51" WC="0.96" CONTENT="förändring"/><SP WIDTH="22" VPOS="1536" HPOS="727"/>
							<String ID="string_226" HPOS="749" VPOS="1542" WIDTH="162" HEIGHT="36" WC="0.93" CONTENT="rörande"/><SP WIDTH="28" VPOS="1542" HPOS="911"/>
							<String ID="string_227" HPOS="939" VPOS="1548" WIDTH="282" HEIGHT="35" WC="0.58" CONTENT="räntesatsorna"/><SP WIDTH="27" VPOS="1548" HPOS="1221"/>
							<String ID="string_228" HPOS="1248" VPOS="1548" WIDTH="58" HEIGHT="36" WC="0.96" CONTENT="för"/><SP WIDTH="27" VPOS="1548" HPOS="1306"/>
							<String ID="string_229" HPOS="1333" VPOS="1549" WIDTH="164" HEIGHT="49" WC="0.93" CONTENT="löpande"/><SP WIDTH="28" VPOS="1549" HPOS="1497"/>
							<String ID="string_230" HPOS="1525" VPOS="1566" WIDTH="95" HEIGHT="35" WC="0.91" CONTENT="upp-"/><SP WIDTH="29" VPOS="1566" HPOS="1620"/>
							<String ID="string_231" HPOS="1649" VPOS="1556" WIDTH="71" HEIGHT="35" WC="0.93" CONTENT="och"/><SP WIDTH="28" VPOS="1556" HPOS="1720"/>
							<String ID="string_232" HPOS="1748" VPOS="1557" WIDTH="52" HEIGHT="35" WC="0.93" CONTENT="af-"/>
						</TextLine>
						<TextLine ID="line_25" HPOS="196" VPOS="1581" WIDTH="1602" HEIGHT="78">
							<String ID="string_233" HPOS="196" VPOS="1581" WIDTH="434" HEIGHT="54" WC="0.91" CONTENT="skrifningsräkningar,"/><SP WIDTH="30" VPOS="1581" HPOS="630"/>
							<String ID="string_234" HPOS="660" VPOS="1595" WIDTH="54" HEIGHT="31" WC="0.96" CONTENT="att"/><SP WIDTH="26" VPOS="1595" HPOS="714"/>
							<String ID="string_235" HPOS="740" VPOS="1596" WIDTH="57" HEIGHT="31" WC="0.96" CONTENT="tre"/><SP WIDTH="27" VPOS="1596" HPOS="797"/>
							<String ID="string_236" HPOS="824" VPOS="1600" WIDTH="159" HEIGHT="40" WC="0.96" CONTENT="procent"/><SP WIDTH="27" VPOS="1600" HPOS="983"/>
							<String ID="string_237" HPOS="1010" VPOS="1600" WIDTH="108" HEIGHT="32" WC="0.96" CONTENT="ränta"/><SP WIDTH="29" VPOS="1600" HPOS="1118"/>
							<String ID="string_238" HPOS="1147" VPOS="1598" WIDTH="136" HEIGHT="37" WC="0.93" CONTENT="endast"/><SP WIDTH="25" VPOS="1598" HPOS="1283"/>
							<String ID="string_239" HPOS="1308" VPOS="1599" WIDTH="143" HEIGHT="39" WC="0.92" CONTENT="lemnas"/><SP WIDTH="22" VPOS="1599" HPOS="1451"/>
							<String ID="string_240" HPOS="1473" VPOS="1605" WIDTH="19" HEIGHT="33" WC="0.55" CONTENT="å"/><SP WIDTH="20" VPOS="1605" HPOS="1492"/>
							<String ID="string_241" HPOS="1512" VPOS="1603" WIDTH="46" HEIGHT="36" WC="0.96" CONTENT="de"/><SP WIDTH="20" VPOS="1603" HPOS="1558"/>
							<String ID="string_242" HPOS="1578" VPOS="1600" WIDTH="220" HEIGHT="59" WC="0.96" CONTENT="räkningar,"/>
						</TextLine>
						<TextLine ID="line_26" HPOS="194" VPOS="1633" WIDTH="1605" HEIGHT="73">
							<String ID="string_243" HPOS="194" VPOS="1635" WIDTH="47" HEIGHT="45" WC="0.96" CONTENT="på"/><SP WIDTH="40" VPOS="1635" HPOS="241"/>
							<String ID="string_244" HPOS="281" VPOS="1633" WIDTH="132" HEIGHT="39" WC="0.96" CONTENT="hvilka"/><SP WIDTH="39" VPOS="1633" HPOS="413"/>
							<String ID="string_245" HPOS="452" VPOS="1642" WIDTH="108" HEIGHT="32" WC="0.96" CONTENT="ränta"/><SP WIDTH="41" VPOS="1642" HPOS="560"/>
							<String ID="string_246" HPOS="601" VPOS="1644" WIDTH="41" HEIGHT="31" WC="0.95" CONTENT="är"/><SP WIDTH="40" VPOS="1644" HPOS="642"/>
							<String ID="string_247" HPOS="682" VPOS="1641" WIDTH="168" HEIGHT="50" WC="0.96" CONTENT="beviljad"/><SP WIDTH="32" VPOS="1641" HPOS="850"/>
							<String ID="string_248" HPOS="882" VPOS="1643" WIDTH="57" HEIGHT="37" WC="0.96" CONTENT="för"/><SP WIDTH="32" VPOS="1643" HPOS="939"/>
							<String ID="string_249" HPOS="971" VPOS="1645" WIDTH="117" HEIGHT="49" WC="0.96" CONTENT="högst"/><SP WIDTH="27" VPOS="1645" HPOS="1088"/>
							<String ID="string_250" HPOS="1115" VPOS="1648" WIDTH="46" HEIGHT="35" WC="0.96" CONTENT="tio"/><SP WIDTH="29" VPOS="1648" HPOS="1161"/>
							<String ID="string_251" HPOS="1190" VPOS="1656" WIDTH="101" HEIGHT="29" WC="0.96" CONTENT="tusen"/><SP WIDTH="29" VPOS="1656" HPOS="1291"/>
							<String ID="string_252" HPOS="1320" VPOS="1651" WIDTH="150" HEIGHT="49" WC="0.96" CONTENT="kronor,"/><SP WIDTH="31" VPOS="1651" HPOS="1470"/>
							<String ID="string_253" HPOS="1501" VPOS="1660" WIDTH="98" HEIGHT="31" WC="0.92" CONTENT="samt"/><SP WIDTH="28" VPOS="1660" HPOS="1599"/>
							<String ID="string_254" HPOS="1627" VPOS="1659" WIDTH="20" HEIGHT="33" WC="0.92" CONTENT="å"/><SP WIDTH="28" VPOS="1659" HPOS="1647"/>
							<String ID="string_255" HPOS="1675" VPOS="1657" WIDTH="124" HEIGHT="49" WC="0.96" CONTENT="öfriga"/>
						</TextLine>
						<TextLine ID="line_27" HPOS="193" VPOS="1683" WIDTH="1605" HEIGHT="68">
							<String ID="string_256" HPOS="193" VPOS="1683" WIDTH="143" HEIGHT="37" WC="0.96" CONTENT="sådana"/><SP WIDTH="40" VPOS="1683" HPOS="336"/>
							<String ID="string_257" HPOS="376" VPOS="1687" WIDTH="209" HEIGHT="49" WC="0.96" CONTENT="räkningar"/><SP WIDTH="34" VPOS="1687" HPOS="585"/>
							<String ID="string_258" HPOS="619" VPOS="1694" WIDTH="63" HEIGHT="33" WC="0.96" CONTENT="två"/><SP WIDTH="33" VPOS="1694" HPOS="682"/>
							<String ID="string_259" HPOS="715" VPOS="1700" WIDTH="160" HEIGHT="41" WC="0.96" CONTENT="procent"/><SP WIDTH="26" VPOS="1700" HPOS="875"/>
							<String ID="string_260" HPOS="901" VPOS="1700" WIDTH="122" HEIGHT="41" WC="0.96" CONTENT="ränta;"/><SP WIDTH="34" VPOS="1700" HPOS="1023"/>
							<String ID="string_261" HPOS="1057" VPOS="1697" WIDTH="229" HEIGHT="40" WC="0.96" CONTENT="kommande"/><SP WIDTH="29" VPOS="1697" HPOS="1286"/>
							<String ID="string_262" HPOS="1315" VPOS="1701" WIDTH="109" HEIGHT="50" WC="0.96" CONTENT="dock,"/><SP WIDTH="30" VPOS="1701" HPOS="1424"/>
							<String ID="string_263" HPOS="1454" VPOS="1705" WIDTH="86" HEIGHT="36" WC="0.96" CONTENT="med"/><SP WIDTH="29" VPOS="1705" HPOS="1540"/>
							<String ID="string_264" HPOS="1569" VPOS="1705" WIDTH="180" HEIGHT="40" WC="0.91" CONTENT="afseende"/><SP WIDTH="29" VPOS="1705" HPOS="1749"/>
							<String ID="string_265" HPOS="1778" VPOS="1712" WIDTH="20" HEIGHT="33" WC="0.87" CONTENT="å"/>
						</TextLine>
						<TextLine ID="line_28" HPOS="193" VPOS="1735" WIDTH="1601" HEIGHT="63">
							<String ID="string_266" HPOS="193" VPOS="1735" WIDTH="205" HEIGHT="50" WC="0.96" CONTENT="årsskiftet,"/><SP WIDTH="43" VPOS="1735" HPOS="398"/>
							<String ID="string_267" HPOS="441" VPOS="1738" WIDTH="104" HEIGHT="38" WC="0.96" CONTENT="detta"/><SP WIDTH="40" VPOS="1738" HPOS="545"/>
							<String ID="string_268" HPOS="585" VPOS="1740" WIDTH="127" HEIGHT="39" WC="0.96" CONTENT="beslut"/><SP WIDTH="39" VPOS="1740" HPOS="712"/>
							<String ID="string_269" HPOS="751" VPOS="1744" WIDTH="84" HEIGHT="37" WC="0.96" CONTENT="icke"/><SP WIDTH="33" VPOS="1744" HPOS="835"/>
							<String ID="string_270" HPOS="868" VPOS="1751" WIDTH="55" HEIGHT="31" WC="0.96" CONTENT="att"/><SP WIDTH="30" VPOS="1751" HPOS="923"/>
							<String ID="string_271" HPOS="953" VPOS="1747" WIDTH="192" HEIGHT="51" WC="0.95" CONTENT="tillämpas"/><SP WIDTH="33" VPOS="1747" HPOS="1145"/>
							<String ID="string_272" HPOS="1178" VPOS="1750" WIDTH="129" HEIGHT="38" WC="0.95" CONTENT="förrän"/><SP WIDTH="30" VPOS="1750" HPOS="1307"/>
							<String ID="string_273" HPOS="1337" VPOS="1752" WIDTH="82" HEIGHT="38" WC="0.96" CONTENT="från"/><SP WIDTH="34" VPOS="1752" HPOS="1419"/>
							<String ID="string_274" HPOS="1453" VPOS="1755" WIDTH="71" HEIGHT="36" WC="0.96" CONTENT="och"/><SP WIDTH="33" VPOS="1755" HPOS="1524"/>
							<String ID="string_275" HPOS="1557" VPOS="1758" WIDTH="86" HEIGHT="36" WC="0.95" CONTENT="med"/><SP WIDTH="29" VPOS="1758" HPOS="1643"/>
							<String ID="string_276" HPOS="1672" VPOS="1758" WIDTH="75" HEIGHT="37" WC="0.96" CONTENT="den"/><SP WIDTH="30" VPOS="1758" HPOS="1747"/>
							<String ID="string_277" HPOS="1777" VPOS="1762" WIDTH="17" HEIGHT="34" WC="0.96" CONTENT="1"/>
						</TextLine>
						<TextLine ID="line_29" HPOS="191" VPOS="1786" WIDTH="540" HEIGHT="43">
							<String ID="string_278" HPOS="191" VPOS="1786" WIDTH="317" HEIGHT="40" WC="0.95" CONTENT="nästkommande"/><SP WIDTH="27" VPOS="1786" HPOS="508"/>
							<String ID="string_279" HPOS="535" VPOS="1792" WIDTH="196" HEIGHT="37" WC="0.96" CONTENT="Februari."/>
						</TextLine>
					</TextBlock>
					<TextBlock ID="block_9" HPOS="189" VPOS="1837" WIDTH="1606" HEIGHT="162">
						<TextLine ID="line_30" HPOS="291" VPOS="1837" WIDTH="1504" HEIGHT="63">
							<String ID="string_280" HPOS="291" VPOS="1837" WIDTH="299" HEIGHT="42" WC="0.92" CONTENT="Räntesatserna"/><SP WIDTH="28" VPOS="1837" HPOS="590"/>
							<String ID="string_281" HPOS="618" VPOS="1843" WIDTH="64" HEIGHT="37" WC="0.96" CONTENT="vid"/><SP WIDTH="28" VPOS="1843" HPOS="682"/>
							<String ID="string_282" HPOS="710" VPOS="1845" WIDTH="267" HEIGHT="39" WC="0.96" CONTENT="Riksbankens"/><SP WIDTH="29" VPOS="1845" HPOS="977"/>
							<String ID="string_283" HPOS="1006" VPOS="1850" WIDTH="342" HEIGHT="50" WC="0.91" CONTENT="utlåningsrörelse"/><SP WIDTH="29" VPOS="1850" HPOS="1348"/>
							<String ID="string_284" HPOS="1377" VPOS="1859" WIDTH="64" HEIGHT="33" WC="0.96" CONTENT="äro"/><SP WIDTH="29" VPOS="1859" HPOS="1441"/>
							<String ID="string_285" HPOS="1470" VPOS="1856" WIDTH="232" HEIGHT="41" WC="0.91" CONTENT="fortfarande"/><SP WIDTH="30" VPOS="1856" HPOS="1702"/>
							<String ID="string_286" HPOS="1732" VPOS="1861" WIDTH="63" HEIGHT="38" WC="0.91" CONTENT="de-"/>
						</TextLine>
						<TextLine ID="line_31" HPOS="191" VPOS="1893" WIDTH="1603" HEIGHT="67">
							<String ID="string_287" HPOS="191" VPOS="1899" WIDTH="156" HEIGHT="38" WC="0.95" CONTENT="samma,"/><SP WIDTH="42" VPOS="1899" HPOS="347"/>
							<String ID="string_288" HPOS="389" VPOS="1903" WIDTH="81" HEIGHT="24" WC="0.94" CONTENT="som"/><SP WIDTH="41" VPOS="1903" HPOS="470"/>
							<String ID="string_289" HPOS="511" VPOS="1893" WIDTH="122" HEIGHT="37" WC="0.93" CONTENT="finnas"/><SP WIDTH="38" VPOS="1893" HPOS="633"/>
							<String ID="string_290" HPOS="671" VPOS="1896" WIDTH="251" HEIGHT="39" WC="0.92" CONTENT="omförmälda"/><SP WIDTH="27" VPOS="1896" HPOS="922"/>
							<String ID="string_291" HPOS="949" VPOS="1900" WIDTH="11" HEIGHT="35" WC="0.96" CONTENT="i"/><SP WIDTH="29" VPOS="1900" HPOS="960"/>
							<String ID="string_292" HPOS="989" VPOS="1907" WIDTH="152" HEIGHT="31" WC="0.93" CONTENT="senaste"/><SP WIDTH="32" VPOS="1907" HPOS="1141"/>
							<String ID="string_293" HPOS="1173" VPOS="1903" WIDTH="397" HEIGHT="43" WC="0.91" CONTENT="revisionsberättelse"/><SP WIDTH="33" VPOS="1903" HPOS="1570"/>
							<String ID="string_294" HPOS="1603" VPOS="1908" WIDTH="17" HEIGHT="49" WC="0.89" CONTENT="$"/><SP WIDTH="31" VPOS="1908" HPOS="1620"/>
							<String ID="string_295" HPOS="1651" VPOS="1914" WIDTH="57" HEIGHT="46" WC="0.95" CONTENT="24,"/><SP WIDTH="29" VPOS="1914" HPOS="1708"/>
							<String ID="string_296" HPOS="1737" VPOS="1913" WIDTH="57" HEIGHT="36" WC="0.96" CONTENT="till"/>
						</TextLine>
						<TextLine ID="line_32" HPOS="189" VPOS="1937" WIDTH="1020" HEIGHT="62">
							<String ID="string_297" HPOS="189" VPOS="1937" WIDTH="158" HEIGHT="39" WC="0.96" CONTENT="hvilken"/><SP WIDTH="27" VPOS="1937" HPOS="347"/>
							<String ID="string_298" HPOS="374" VPOS="1941" WIDTH="259" HEIGHT="52" WC="0.96" CONTENT="Fullmäktige"/><SP WIDTH="30" VPOS="1941" HPOS="633"/>
							<String ID="string_299" HPOS="663" VPOS="1946" WIDTH="110" HEIGHT="38" WC="0.95" CONTENT="alltså"/><SP WIDTH="27" VPOS="1946" HPOS="773"/>
							<String ID="string_300" HPOS="800" VPOS="1948" WIDTH="121" HEIGHT="38" WC="0.96" CONTENT="tillåta"/><SP WIDTH="28" VPOS="1948" HPOS="921"/>
							<String ID="string_301" HPOS="949" VPOS="1950" WIDTH="61" HEIGHT="49" WC="0.95" CONTENT="sig"/><SP WIDTH="27" VPOS="1950" HPOS="1010"/>
							<String ID="string_302" HPOS="1037" VPOS="1952" WIDTH="172" HEIGHT="39" WC="0.95" CONTENT="hänvisa."/>
						</TextLine>
					</TextBlock>
				</ComposedBlock>
				<ComposedBlock ID="cblock_4" HPOS="937" VPOS="2066" WIDTH="105" HEIGHT="48">
					<TextBlock ID="block_10" HPOS="937" VPOS="2066" WIDTH="105" HEIGHT="48">
						<TextLine ID="line_33" HPOS="937" VPOS="2066" WIDTH="105" HEIGHT="48">
							<String ID="string_303" HPOS="937" VPOS="2066" WIDTH="18" HEIGHT="48" WC="0.93" CONTENT="$"/><SP WIDTH="29" VPOS="2066" HPOS="955"/>
							<String ID="string_304" HPOS="984" VPOS="2072" WIDTH="58" HEIGHT="34" WC="0.84" CONTENT="29."/>
						</TextLine>
					</TextBlock>
				</ComposedBlock>
				<ComposedBlock ID="cblock_5" HPOS="184" VPOS="2142" WIDTH="1606" HEIGHT="214">
					<TextBlock ID="block_11" HPOS="184" VPOS="2142" WIDTH="1606" HEIGHT="214">
						<TextLine ID="line_34" HPOS="287" VPOS="2142" WIDTH="1503" HEIGHT="75">
							<String ID="string_305" HPOS="287" VPOS="2142" WIDTH="87" HEIGHT="37" WC="0.94" CONTENT="Med"/><SP WIDTH="36" VPOS="2142" HPOS="374"/>
							<String ID="string_306" HPOS="410" VPOS="2145" WIDTH="161" HEIGHT="50" WC="0.88" CONTENT="ledning"/><SP WIDTH="32" VPOS="2145" HPOS="571"/>
							<String ID="string_307" HPOS="603" VPOS="2148" WIDTH="41" HEIGHT="36" WC="0.96" CONTENT="af"/><SP WIDTH="23" VPOS="2148" HPOS="644"/>
							<String ID="string_308" HPOS="667" VPOS="2150" WIDTH="169" HEIGHT="38" WC="0.95" CONTENT="erhållna"/><SP WIDTH="27" VPOS="2150" HPOS="836"/>
							<String ID="string_309" HPOS="863" VPOS="2154" WIDTH="196" HEIGHT="47" WC="0.93" CONTENT="uppgifter"/><SP WIDTH="28" VPOS="2154" HPOS="1059"/>
							<String ID="string_310" HPOS="1087" VPOS="2159" WIDTH="20" HEIGHT="33" WC="0.84" CONTENT="å"/><SP WIDTH="29" VPOS="2159" HPOS="1107"/>
							<String ID="string_311" HPOS="1136" VPOS="2157" WIDTH="46" HEIGHT="37" WC="0.95" CONTENT="de"/><SP WIDTH="41" VPOS="2157" HPOS="1182"/>
							<String ID="string_312" HPOS="1223" VPOS="2159" WIDTH="126" HEIGHT="49" WC="0.95" CONTENT="lägsta"/><SP WIDTH="40" VPOS="2159" HPOS="1349"/>
							<String ID="string_313" HPOS="1389" VPOS="2163" WIDTH="91" HEIGHT="48" WC="0.93" CONTENT="pris,"/><SP WIDTH="41" VPOS="2163" HPOS="1480"/>
							<String ID="string_314" HPOS="1521" VPOS="2165" WIDTH="154" HEIGHT="39" WC="0.92" CONTENT="hvartill"/><SP WIDTH="27" VPOS="2165" HPOS="1675"/>
							<String ID="string_315" HPOS="1702" VPOS="2169" WIDTH="88" HEIGHT="48" WC="0.93" CONTENT="jern"/>
						</TextLine>
						<TextLine ID="line_35" HPOS="187" VPOS="2192" WIDTH="1602" HEIGHT="71">
							<String ID="string_316" HPOS="187" VPOS="2192" WIDTH="71" HEIGHT="36" WC="0.96" CONTENT="och"/><SP WIDTH="28" VPOS="2192" HPOS="258"/>
							<String ID="string_317" HPOS="286" VPOS="2194" WIDTH="117" HEIGHT="37" WC="0.93" CONTENT="andra"/><SP WIDTH="27" VPOS="2194" HPOS="403"/>
							<String ID="string_318" HPOS="430" VPOS="2197" WIDTH="187" HEIGHT="48" WC="0.91" CONTENT="vågförda"/><SP WIDTH="29" VPOS="2197" HPOS="617"/>
							<String ID="string_319" HPOS="646" VPOS="2200" WIDTH="157" HEIGHT="38" WC="0.96" CONTENT="effekter"/><SP WIDTH="27" VPOS="2200" HPOS="803"/>
							<String ID="string_320" HPOS="830" VPOS="2202" WIDTH="126" HEIGHT="38" WC="0.96" CONTENT="blifvit"/><SP WIDTH="28" VPOS="2202" HPOS="956"/>
							<String ID="string_321" HPOS="984" VPOS="2208" WIDTH="47" HEIGHT="46" WC="0.96" CONTENT="på"/><SP WIDTH="28" VPOS="2208" HPOS="1031"/>
							<String ID="string_322" HPOS="1059" VPOS="2219" WIDTH="134" HEIGHT="26" WC="0.95" CONTENT="senare"/><SP WIDTH="27" VPOS="2219" HPOS="1193"/>
							<String ID="string_323" HPOS="1220" VPOS="2210" WIDTH="100" HEIGHT="37" WC="0.96" CONTENT="tider"/><SP WIDTH="26" VPOS="2210" HPOS="1320"/>
							<String ID="string_324" HPOS="1346" VPOS="2212" WIDTH="178" HEIGHT="51" WC="0.89" CONTENT="försålda,"/><SP WIDTH="29" VPOS="2212" HPOS="1524"/>
							<String ID="string_325" HPOS="1553" VPOS="2217" WIDTH="114" HEIGHT="38" WC="0.93" CONTENT="hafva"/><SP WIDTH="19" VPOS="2217" HPOS="1667"/>
							<String ID="string_326" HPOS="1686" VPOS="2219" WIDTH="103" HEIGHT="38" WC="0.92" CONTENT="Full-"/>
						</TextLine>
						<TextLine ID="line_36" HPOS="185" VPOS="2243" WIDTH="1602" HEIGHT="71">
							<String ID="string_327" HPOS="185" VPOS="2243" WIDTH="171" HEIGHT="49" WC="0.96" CONTENT="mäktige"/><SP WIDTH="40" VPOS="2243" HPOS="356"/>
							<String ID="string_328" HPOS="396" VPOS="2247" WIDTH="122" HEIGHT="37" WC="0.96" CONTENT="under"/><SP WIDTH="33" VPOS="2247" HPOS="518"/>
							<String ID="string_329" HPOS="551" VPOS="2249" WIDTH="73" HEIGHT="37" WC="0.96" CONTENT="den"/><SP WIDTH="36" VPOS="2249" HPOS="624"/>
							<String ID="string_330" HPOS="660" VPOS="2253" WIDTH="20" HEIGHT="34" WC="0.96" CONTENT="8"/><SP WIDTH="35" VPOS="2253" HPOS="680"/>
							<String ID="string_331" HPOS="715" VPOS="2252" WIDTH="257" HEIGHT="40" WC="0.96" CONTENT="innevarande"/><SP WIDTH="34" VPOS="2252" HPOS="972"/>
							<String ID="string_332" HPOS="1006" VPOS="2259" WIDTH="136" HEIGHT="36" WC="0.96" CONTENT="månad"/><SP WIDTH="28" VPOS="2259" HPOS="1142"/>
							<String ID="string_333" HPOS="1170" VPOS="2260" WIDTH="166" HEIGHT="39" WC="0.96" CONTENT="bestämt"/><SP WIDTH="27" VPOS="2260" HPOS="1336"/>
							<String ID="string_334" HPOS="1363" VPOS="2264" WIDTH="167" HEIGHT="50" WC="0.96" CONTENT="följande"/><SP WIDTH="29" VPOS="2264" HPOS="1530"/>
							<String ID="string_335" HPOS="1559" VPOS="2268" WIDTH="228" HEIGHT="40" WC="0.96" CONTENT="förändrade"/>
						</TextLine>
						<TextLine ID="line_37" HPOS="184" VPOS="2292" WIDTH="928" HEIGHT="64">
							<String ID="string_336" HPOS="184" VPOS="2292" WIDTH="284" HEIGHT="54" WC="0.92" CONTENT="belåningspris"/><SP WIDTH="30" VPOS="2292" HPOS="468"/>
							<String ID="string_337" HPOS="498" VPOS="2302" WIDTH="20" HEIGHT="33" WC="0.92" CONTENT="å"/><SP WIDTH="28" VPOS="2302" HPOS="518"/>
							<String ID="string_338" HPOS="546" VPOS="2300" WIDTH="131" HEIGHT="49" WC="0.96" CONTENT="dylika"/><SP WIDTH="28" VPOS="2300" HPOS="677"/>
							<String ID="string_339" HPOS="705" VPOS="2303" WIDTH="168" HEIGHT="50" WC="0.96" CONTENT="effekter,"/><SP WIDTH="29" VPOS="2303" HPOS="873"/>
							<String ID="string_340" HPOS="902" VPOS="2307" WIDTH="210" HEIGHT="49" WC="0.90" CONTENT="nemligen:"/>
						</TextLine>
					</TextBlock>
				</ComposedBlock>
			</PrintSpace>
		</Page>
	</Layout>
</alto>
