2212 2636
460 208 43 31 30
849 212 361 41 Bevillningsutskottets
1235 215 208 32 Betänkande
1466 215 61 32 N:o
1550 217 27 31 7.

547 290 62 37 vid
630 292 165 46 punkten
823 292 70 48 6:0)
923 305 41 23 a:

547 393 42 36 af
611 394 130 36 herrar
769 395 159 37 friherre
960 397 206 48 Barnekow,
1203 398 103 43 Fock,
1343 398 195 48 Almström,
1557 398 154 50 Cavalli,
1729 400 132 48 grefve
1878 401 131 48 Kling-

416 457 99 35 spor,
545 445 142 48 Nisser,
717 446 185 49 Stephens,
934 448 238 49 Treffenberg,
1202 451 48 44 af
1274 450 123 35 Burén
1426 451 71 36 och
1526 451 214 48 Söderberg:

547 497 257 49 »Visserligen
835 499 72 36 kan
938 499 74 36 den
1041 500 145 49 ökning
1215 501 12 35 i
1257 501 201 37 tullsatsen
1481 506 20 32 å
1524 502 303 47 sidenväfnader,
1845 516 80 23 som
1944 503 64 37 vid

417 546 167 38 sistlidet
612 551 59 33 års
700 549 157 48 lagtima
885 551 160 48 riksdag
1072 552 95 48 egde
1197 566 93 34 rum,
1313 553 182 49 möjligen
1518 568 114 34 synas
1653 554 182 37 innebära
1852 560 54 31 ett
1922 555 84 36 skäl

416 599 58 36 för
503 600 215 37 åsättandet
740 601 42 36 af
795 601 64 37 tull
884 595 129 62 jemväl
1031 606 20 33 å
1065 603 63 36 det
1143 603 58 37 för
1217 604 394 38 sidenfabrikationen
1632 606 176 37 använda
1824 609 180 33 råämnet.

415 650 107 37 Dock
552 651 69 37 bör
652 652 171 37 deremot
850 654 168 48 påpekas
1048 660 54 31 att
1130 655 106 37 såväl
1265 656 239 37 tullkomitén
1534 657 199 49 föreslagit
1762 671 77 23 som
1863 658 141 48 Kongl.

415 702 108 49 Maj:t
550 703 171 47 godkänt
750 717 46 23 en
826 704 222 50 förhöjning
1076 706 40 36 af
1139 707 120 36 tullen
1289 710 19 33 å
1335 708 174 36 helsiden
1538 708 57 36 till
1627 711 44 34 12
1693 709 67 37 och
1781 712 18 33 å
1816 709 190 37 halfsiden

415 753 56 36 till
510 757 23 33 4
563 755 139 36 kronor
731 769 67 35 per
826 756 187 49 kilogram
1045 763 88 30 utan
1163 765 56 30 att
1249 758 130 38 dervid
1408 760 116 36 hafva
1549 760 198 49 föreslagit
1776 764 126 45 någon
1930 761 75 36 för-

415 805 92 49 höjd
535 806 69 36 tull
633 809 20 33 å
679 808 151 36 råsilke.
886 808 153 37 Jemväl
1067 809 223 50 Riksdagen
1319 811 68 36 har
1415 814 42 34 så
1486 812 155 49 nyligen
1671 825 81 23 som
1782 812 164 37 sistlidet
1966 816 41 33 år

414 857 168 36 bestämt
610 871 44 23 en
684 859 152 37 tullsats
864 860 41 36 af
930 863 20 34 8
981 860 139 37 kronor
1148 875 67 35 per
1245 862 185 49 kilogram
1463 866 19 33 å
1512 864 189 36 helsiden-
1731 864 69 36 och
1822 867 20 33 3
1866 864 140 37 kronor

413 911 20 33 å
475 908 385 47 halfsidenväfnader,
898 917 91 31 utan
1019 917 54 31 att
1101 912 62 37 det
1191 919 147 31 ansetts
1369 914 184 49 behöfligt
1581 918 121 34 åsätta
1732 919 126 45 någon
1887 916 68 35 tull
1985 919 20 33 å

412 962 173 35 råämnet
625 961 58 37 för
712 962 421 50 sidentillverkningen.
1190 965 59 35 En
1283 979 124 23 annan
1437 967 299 47 omständighet,
1766 980 79 23 som
1876 967 33 48 ej
1940 970 65 46 på-

412 1011 142 46 aktats,
583 1017 51 43 är,
666 1019 68 41 att,
764 1027 58 23 om
853 1014 119 37 tullen
1001 1018 49 46 på
1077 1015 140 37 råsilke
1247 1017 95 36 skall
1372 1018 122 47 höjas,
1514 1018 131 48 jemväl
1663 1019 289 36 tullen
1801 1007 21 63 å
1841 1019 103 36 andra
1969 1019 40 35 af

413 1062 96 37 silke
539 1064 260 49 förfärdigade
829 1079 109 23 varor
966 1071 48 31 än
1044 1067 182 37 väfnader
1255 1068 60 37 väl
1343 1069 114 36 äfven
1487 1070 69 36 bör
1584 1070 120 49 höjas,
1721 1070 47 36 då
1783 1070 220 48 Riksdagen

411 1115 104 35 förra
551 1117 79 35 året
665 1119 100 34 åsatt
793 1117 68 36 tull
891 1121 19 33 å
940 1117 112 38 dessa
1082 1132 109 23 varor
1220 1120 119 37 under
1367 1121 287 49 förutsättning,
1685 1128 54 29 att
1756 1122 158 36 råsilket
1930 1122 74 36 för-

412 1166 126 37 blefve
566 1167 163 37 tullfritt.
786 1169 203 37 Dessutom
1022 1173 117 33 måste
1168 1173 358 47 uppmärksammas
1554 1173 46 36 de
1620 1178 165 43 säregna
1800 1173 203 36 förhållan-

412 1218 86 47 den,
541 1231 79 24 som
662 1232 71 35 ega
776 1234 80 22 rum
891 1220 62 37 vid
989 1221 399 38 sidenfabrikationen.
1446 1223 146 37 Genom
1623 1225 71 36 den
1725 1225 276 36 förberedande

412 1269 246 49 behandling,
702 1274 125 34 såsom
871 1272 207 49 tvättving,
1112 1273 197 50 blekning,
1343 1275 183 49 färgning
1560 1276 69 36 och
1657 1276 133 37 dervid
1820 1276 182 37 särskildt

411 1321 302 49 svartfärgning,
748 1336 80 23 som
863 1326 171 34 råämnet
1068 1325 264 45 underkastas,
1361 1327 254 48 uppkommer
1642 1328 195 48 nemligen
1867 1341 45 23 en
1943 1331 59 33 så-

411 1372 74 37 dan
528 1373 147 37 skilnad
718 1374 9 36 1
772 1374 84 49 vigt
896 1375 161 37 emellan
1099 1379 172 35 råämnet
1304 1379 70 36 och
1404 1378 218 49 fabrikatet,
1652 1385 65 42 att,
1749 1380 121 36 under
1897 1380 65 36 det
1991 1380 11 35 i

412 1424 105 36 vissa
552 1424 62 37 fall
645 1425 203 38 fabrikatet
877 1426 71 37 blir
977 1430 47 33 25
1054 1435 157 42 procent
1240 1429 134 37 lättare
1405 1434 46 32 än
1482 1430 127 37 derför
1638 1432 169 36 användt
1835 1434 166 44 råämne,

410 1476 206 37 fabrikatet
657 1477 172 37 deremot
868 1479 11 35 i
921 1479 118 36 andra
1083 1479 62 36 fall
1186 1484 150 46 uppgår
1377 1482 99 36 ända
1505 1482 57 35 till
1591 1485 73 34 200
1694 1489 158 42 procent
1880 1484 121 48 högre

410 1527 85 48 vigt
528 1532 47 32 än
609 1531 181 34 råämnet.
851 1530 66 35 Att
945 1530 122 36 under
1094 1531 142 37 sådana
1266 1533 262 36 förhållanden
1557 1533 62 36 vid
1649 1540 135 42 export
1813 1535 41 35 af
1878 1534 123 47 siden,

409 1578 159 37 hvilken
609 1585 146 44 export,
798 1583 123 34 såsom
963 1581 155 48 bekant,
1161 1587 41 32 är
1235 1583 41 36 af
1300 1589 139 31 största
1470 1584 195 48 betydelse
1694 1585 59 36 för
1781 1589 67 33 vår
1872 1586 127 37 siden-

410 1630 241 49 fabrikation,
694 1632 130 36 kunna
857 1632 351 38 tillfredsställande
1245 1634 167 38 beräkna
1441 1636 74 36 den
1544 1636 301 49 tullrestitution,
1877 1651 80 23 som
1989 1638 11 35 i

409 1682 173 48 enlighet
624 1684 84 36 med
752 1684 48 36 de
828 1684 10 36 i
881 1687 65 34 vår
978 1685 308 50 tullagstiftning
1314 1687 209 37 bestående
1551 1688 252 48 grundsatser
1833 1690 66 36 bör
1927 1689 75 37 till-

410 1734 152 37 komma
591 1740 228 44 exportören
849 1736 41 36 af
913 1737 121 46 siden,
1063 1737 224 37 tillverkadt
1315 1739 41 36 af
1367 1739 198 37 utländskt
1582 1743 163 44 råämne,
1763 1744 118 33 måste
1899 1746 103 31 möta

409 1784 45 36 de
498 1790 140 32 största
680 1787 242 48 svårigheter
955 1788 71 37 och
1056 1789 167 37 erfordra
1253 1803 47 23 en
1329 1791 163 36 särskild
1523 1792 178 46 kontroll,
1731 1792 167 48 hvilken,
1926 1792 75 37 för-

407 1842 106 31 utom
555 1843 55 31 att
651 1838 220 37 densamma
901 1839 124 50 aldrig
1053 1840 125 37 kunde
1209 1841 116 37 blifva
1354 1842 86 37 fullt
1468 1843 167 47 effektiv,
1666 1844 124 36 skulle
1821 1845 179 46 medtaga

409 1901 45 23 en
485 1893 81 32 stor
594 1889 59 37 del
681 1890 42 36 af
747 1890 72 37 den
848 1890 182 48 inkomst,
1060 1905 84 23 man
1172 1906 140 35 genom
1341 1894 72 36 den
1444 1894 218 49 föreslagna
1690 1895 119 36 tullen
1839 1895 65 37 vill
1925 1896 76 36 till-

408 1939 174 38 försäkra
611 1942 246 48 statsverket,
886 1943 100 36 helst
1015 1943 122 37 denna
1165 1944 181 48 inkomst,
1376 1945 124 50 enligt
1528 1946 99 37 hvad
1648 1946 42 37 af
1701 1947 158 37 anförda
1876 1947 126 37 siffror

408 1991 180 50 framgår,
618 1993 124 37 skulle
773 1993 114 38 blifva
909 1995 281 48 jemförelsevis
1220 1996 211 50 obetydlig.

538 2045 54 35 Af
615 2045 109 36 dessa
754 2045 83 37 skäl
865 2047 69 35 och
961 2046 121 37 under
1110 2047 164 48 erinran,
1303 2054 54 31 att
1385 2049 142 37 råsilke
1555 2050 111 49 ingår
1695 2053 125 34 såsom
1847 2054 154 33 råämne

402 2095 146 48 jemväl
576 2096 57 36 för
661 2109 127 23 annan
817 2097 229 37 fabrikation
1075 2103 45 31 än
1151 2099 289 50 ofvanberörda,
1471 2102 36 35 få
1535 2101 37 36 vi
1601 2100 200 38 hetnställa

936 2205 56 31 att
1020 2201 105 37 silke:
1151 2203 84 47 rätt,
1265 2204 170 49 ofärgadt
1465 2204 228 37 fortfarande
1724 2208 114 34 måtte
1859 2206 35 36 få
1913 2206 88 36 tull-

808 2250 81 38 fritt
917 2252 11 36 i
958 2252 101 36 riket
1087 2251 180 49 införas»;
