1878 2784
279 154 39 29 12
554 157 404 40 Bevillningsutskottets
982 160 219 32 betänkande
1224 172 43 20 nr
1288 163 42 30 60
1348 164 39 29 år
1411 164 84 30 1956

277 237 1503 20 RN

1659 276 61 24 Tull

1613 309 43 24 för
1668 308 50 27 100
1728 310 36 31 kg

1636 343 103 25 kronor

567 435 101 30 andra
684 436 77 38 slag:

298 473 62 31 942
608 477 213 40 mångtubiga
841 479 86 38 (med
948 489 69 21 mer
1035 483 43 27 än
1097 481 18 30 3
1134 481 109 39 tuber)
1263 483 74 29 med
1356 486 52 27 rör
1426 492 43 22 av
1488 485 97 39 högst

649 519 61 30 250
725 529 69 21 mm
810 520 157 31 diameter
983 522 60 30 och
1059 524 148 37 vägande
1223 532 57 30 per
1295 525 113 38 stycke
1424 526 96 38 högst

648 561 82 30 I000
746 562 42 38 kg
806 586 625 11 sosoeserererseerrr
1173 557 55 51 rss
1236 557 56 51 ere
1297 557 74 51 ser
1399 557 36 51 sa
1463 568 59 30 100
1537 568 45 31 kr.
1597 564 15 48 |
1646 569 46 30 12:
1707 587 43 5 —

683 687 81 24 Anm.
785 687 54 24 För
864 687 170 31 ångpannor,
1057 689 178 30 förvärmare,
1254 691 138 25 behållare
1410 693 52 23 och
1480 693 104 25 kokare

718 720 70 24 skall
806 721 86 24 tullen
909 722 8 23 i
934 722 78 30 varje
1029 723 48 23 fall
1095 725 150 28 motsvara,
1263 731 45 17 om
1321 725 33 24 de
1368 726 46 23 äro
1427 726 156 31 hänförliga

717 753 44 24 till
783 760 32 17 nr
836 752 60 31 941,
914 755 86 24 minst
1019 754 31 26 15
1065 755 30 32 Y4,
1113 757 60 29 och,
1191 764 44 17 om
1253 758 34 24 de
1304 759 46 23 äro
1367 759 155 32 hänförliga
1538 761 45 24 till

717 793 33 17 nr
767 785 148 32 943—944,
931 788 86 25 minst
1034 788 32 26 10
1080 789 30 31 2,
1126 797 35 17 av
1175 797 102 18 varans
1291 792 93 24 värde.

480 835 238 32 Kondensorer:

295 875 60 30 947
521 879 82 29 utan
617 878 97 31 tuber
729 879 76 30 eller
819 880 76 31 med
908 881 97 30 tuber
1020 890 43 21 av
1077 882 73 39 järn
1173 907 255 8 .............
1460 886 59 30 100
1534 886 46 31 kr.
1594 882 15 48 |
1643 887 46 30 12:
1705 905 41 4 -—

294 913 61 44 948
521 920 75 30 med
610 919 96 31 tuber
721 929 43 21 av
779 930 109 21 annan
904 923 111 30 metall
1033 947 395 10 ....................
1459 928 60 30 100
1533 928 47 31 kr.
1592 924 17 44 |
1642 929 47 29 12:
1704 947 42 4 —

556 970 81 23 Anm.
657 970 202 31 Kondensorer,
879 978 59 18 som
957 974 46 23 äro
1021 973 57 24 fast
1093 974 130 25 förenade
1236 975 63 24 med
1316 976 43 23 till
1377 976 62 24 dem
1458 978 123 25 hörande

588 1003 145 30 maskiner,
753 1004 85 30 draga
855 1004 52 25 tull
925 1012 59 18 som
1003 1006 79 25 dessa
1101 1013 102 19 senare.

478 1061 255 40 Förbrännings-
748 1063 61 30 och
824 1065 328 37 varmluftsmotorer,
1169 1068 149 39 vägande
1333 1077 57 30 per
1404 1070 124 38 stycke:

293 1143 61 31 950
519 1154 69 21 mer
602 1148 42 28 än
659 1146 61 31 500
735 1147 43 39 kg
794 1156 74 21 men
884 1148 27 39 ej
929 1158 69 21 mer
1012 1152 43 27 än
1073 1150 80 30 1500
1167 1151 43 39 kg
1232 1175 193 8 ..........
1456 1154 60 30 100
1531 1154 46 31 kr.|
1639 1155 47 30 12:
1702 1173 41 4 —

551 1237 81 25 ÅmM
650 1238 21 24 lhA
696 1251 880 12 OR

550 1271 81 24 Anm,
648 1272 22 23 2.
692 1271 54 24 För
764 1274 129 28 motorer,
913 1274 155 31 hänförliga
1086 1275 44 24 till
1149 1282 32 17 nr
1194 1274 60 31 951,
1268 1275 59 27 952:
1349 1276 7 26 2
1369 1278 51 24 och
1433 1277 60 30 953,
1508 1279 69 25 skall

584 1305 87 23 tullen
683 1305 8 23 i
703 1306 78 29 varje
793 1306 49 24 fall
853 1308 142 23 motsvara
1008 1308 86 24 minst
1108 1307 31 26 15
1154 1308 29 32 24
1196 1310 52 24 och
1259 1310 44 24 för
1319 1312 129 28 motorer,
1464 1312 113 25 hänför-

584 1338 54 30 liga
662 1338 42 24 till
725 1345 33 17 nr
778 1337 60 27 952:
852 1339 23 30 1,
896 1340 87 25 minst
1004 1340 33 26 10
1051 1341 30 31 2,
1103 1348 36 18 av
1157 1349 102 18 varans
1278 1345 93 24 värde,
1394 1345 182 25 Beträffande

583 1371 44 24 till
645 1378 34 17 nr
699 1370 59 27 952:
773 1371 23 30 1,
813 1371 88 27 952:2
925 1374 52 24 och
1001 1373 52 27 953
1073 1375 154 32 hänförliga
1243 1378 147 29 maskiner,
1403 1378 46 24 må
1463 1379 89 25 tullen
1567 1381 9 23 i

584 1404 71 25 intet
672 1405 49 24 fall
739 1406 68 30 utgå
821 1407 63 23 med
901 1407 75 31 lägre
994 1408 100 31 belopp
1109 1410 35 24 än
1158 1416 69 24 resp.
1243 1409 61 31 600,
1319 1410 51 26 600
1384 1412 52 24 och
1450 1411 70 27 2250
1533 1413 41 25 kr.

583 1444 49 24 per
649 1439 105 30 stycke.

471 1497 159 31 Valsverk
642 1498 50 30 för
704 1499 304 37 metallindustrien,
1022 1501 88 39 ång-,
1123 1502 78 30 luft-
1213 1503 60 30 och
1285 1499 287 48 fjäderhammare,

513 1539 110 39 hejare
641 1542 86 28 samt
746 1540 166 40 nitnings-,
932 1542 274 41 tråddragnings-,
1227 1545 95 39 spik-,
1342 1546 150 30 hästsko-
1510 1548 61 30 och

513 1581 293 37 smidesmaskiner;
828 1585 114 33 stans-,
964 1584 115 40 klipp-,
1102 1585 192 40 bocknings-
1315 1588 60 30 och
1395 1588 177 40 riktnings-

512 1622 173 37 maskiner;
706 1625 263 37 pressmaskiner,
990 1626 164 32 härunder
1172 1627 190 41 inbegripna
1382 1638 136 31 pressar,
1540 1631 28 39 ej

511 1664 132 31 särskilt
659 1666 154 36 nämnda;
833 1669 155 28 ävensom
1006 1668 211 40 plåtslageri-,
1235 1670 258 41 kopparslageri-
1509 1673 61 30 och

510 1705 384 41 bleckslagerimaskiner,
911 1709 27 39 ej
957 1709 60 31 här
1031 1710 89 31 förut
1135 1712 154 31 nämnda:

552 1790 112 36 andra,
681 1792 150 38 vägande
846 1801 57 30 per
917 1793 124 39 stycke:

594 1883 68 21 mer
676 1877 43 27 än
733 1874 84 32 5000
831 1876 43 38 kg
889 1876 61 31 och
966 1877 27 38 ej
1012 1877 181 40 hänförliga
1208 1879 50 30 till
1273 1888 39 21 nr
1325 1880 71 31 959:

281 1913 71 31 958:
370 1914 18 29 1
635 1916 167 39 nitnings-,
824 1918 275 40 tråddragnings-,
1123 1921 95 38 spik-,
1241 1921 150 31 hästsko-
1412 1923 60 30 och
1495 1923 76 30 smi-

676 1958 229 37 desmaskiner;
929 1962 116 34 stans-,
1069 1961 114 40 klipp-,
1204 1963 194 40 bocknings-
1413 1965 60 30 och
1489 1965 81 30 rikt-

675 2000 267 39 ningsmaskiner;
980 2004 262 37 pressmaskiner,
1279 2004 164 32 härunder
1481 2006 89 32 inbe-

673 2041 115 40 gripna
811 2051 134 31 pressar,
968 2043 29 40 ej
1022 2044 131 31 särskilt
1175 2047 143 30 nämnda.
1327 2071 89 7 ....
1448 2048 59 31 100
1521 2048 46 31 kr.
1581 2044 20 50 |
1629 2050 105 30 12:—

279 2080 72 31 958:
372 2083 15 27 2
632 2084 103 30 ANTA
757 2108 658 12 sorererererrserrsrorr
1199 2080 54 50 rss
1265 2080 51 50 ere
1324 2080 51 50 ers
1387 2080 32 50 rs
1447 2090 59 31 100
1521 2090 46 31 kr.
1580 2086 20 49 |
1629 2092 104 30 13:—

670 2133 82 25 ÅN
787 2147 26 4 —

278 2189 61 31 963
463 2190 173 39 Sågramar
651 2192 60 30 och
728 2193 89 30 delar
833 2194 108 30 därtill
964 2218 450 11 ......sssssssssss.ss
1365 2186 53 52 oss
1446 2199 60 31 100
1519 2199 47 32 kr.
1579 2195 17 50 |
1627 2201 105 31 10:—

463 2232 59 40 Sy-
537 2233 60 30 och
613 2234 316 39 nåtlingsmaskiner:

503 2274 177 32 bestående
709 2285 43 21 av
781 2277 76 30 med
886 2277 194 41 ställningar
1108 2279 66 31 fast
1203 2280 154 32 förenade
1387 2283 178 37 överdelar;

545 2319 155 28 ävensom
715 2319 178 35 överdelar,
909 2321 151 37 vägande
1075 2330 57 30 per
1146 2323 114 38 stycke
1274 2332 68 21 mer
1356 2326 43 28 än
1417 2324 37 31 15
1469 2325 53 38 kg:

276 2356 70 31 969:
368 2360 13 26 1
587 2359 202 39 symaskiner
804 2361 60 30 och
881 2362 169 31 överdelar
1065 2363 109 31 därtill
1196 2388 321 9 ................
1535 2367 31 32 N|
1625 2368 105 30 18:—
