1894 2778
399 163 406 41 Bevillningsutskottets
827 163 219 31 betänkande
1067 171 44 22 nr
1131 162 42 31 40
1194 161 40 31 år
1256 161 84 30 1963

796 352 144 43 Förslag

843 423 53 31 till

761 503 219 44 Förordning

180 594 61 21 om
262 581 150 44 ändring
433 580 13 33 i
467 578 431 46 taxeringsförordningen
919 578 68 33 den
1008 578 45 33 23
1074 576 190 34 november
1286 575 90 35 1956
1400 574 60 45 (nr
1482 575 85 44 623)

162 680 211 39 Härigenom
390 678 196 34 förordnas,
603 679 50 28 att
669 676 53 31 till
738 675 430 41 taxeringsförordningen
1186 674 68 30 den
1271 674 41 30 23
1329 673 189 30 november
1537 673 83 30 1956

118 722 90 31 skall
228 721 99 40 fogas
346 730 43 21 en
409 729 47 31 ny
474 719 174 40 paragraf,
668 719 176 30 benämnd
864 719 41 30 25
926 727 20 20 a
967 717 28 37 $,
1015 726 43 21 av
1077 717 114 29 nedan
1212 716 148 40 angiven
1379 716 130 39 lydelse
1531 717 90 28 samt

119 766 51 29 att
191 764 41 30 26
256 763 15 37 $
294 763 155 30 nämnda
471 761 206 40 förordning
698 761 90 30 skall
808 760 134 31 erhålla
962 759 134 30 ändrad
1118 759 130 40 lydelse
1269 758 45 40 på
1336 758 69 30 sätt
1426 758 115 30 nedan
1562 767 61 20 an-

118 807 104 40 gives.

292 888 226 38 (Nuvarande
538 887 147 41 lydelse)

1061 884 227 40 (Föreslagen
1308 883 149 41 lydelse)

1195 951 123 38 25a$.

933 1004 73 29 Har
1041 1003 57 31 vid
1132 1002 395 40 inkomstberäkningen
1562 1011 58 22 av-

886 1046 85 39 drag
994 1045 112 40 gjorts
1130 1044 58 41 för
1212 1044 190 31 kostnader
1426 1044 57 40 för
1508 1053 114 31 repre-

886 1088 175 30 sentation
1080 1087 65 30 och
1164 1087 165 30 liknande
1348 1086 166 31 ändamål
1531 1087 91 30 skall

887 1129 57 30 vid
985 1128 311 41 självdeklaration
1338 1128 102 40 fogas
1484 1128 138 41 uppgift

888 1171 107 40 enligt
1026 1171 171 40 fastställt
1230 1170 173 40 formulär
1438 1171 183 30 utvisande

889 1214 94 29 huru
1005 1212 237 31 kostnaderna
1263 1212 135 40 fördela
1420 1211 53 41 sig
1492 1212 44 40 på
1558 1212 66 40 föl-

886 1255 106 40 jande
1017 1255 291 40 huvudgrupper:

933 1298 36 34 1)
1001 1297 191 30 kostnader
1220 1297 56 40 för
1304 1298 83 35 mat,
1418 1297 119 39 dryck,
1568 1297 55 30 be-

890 1339 146 40 tjäning,
1095 1339 200 36 hotellrum,
1357 1338 264 40 teaterbiljetter

888 1390 29 21 o.
936 1381 68 40 dyl.
1031 1381 4 30 i
1052 1381 172 30 samband
1241 1381 81 30 med
1340 1380 284 40 affärsförhand-

888 1423 113 39 lingar
1026 1422 65 30 och
1118 1422 176 36 liknande,
1321 1422 81 31 med
1428 1422 194 40 angivande

890 1474 43 21 av
950 1464 94 30 huru
1061 1464 141 40 mycket
1220 1474 43 20 av
1280 1464 247 37 kostnaderna,
1546 1473 75 21 som

889 1506 138 40 belöper
1065 1506 21 30 å
1125 1506 276 40 representation
1444 1506 128 30 utövad
1612 1506 12 30 i

891 1549 66 29 den
987 1547 274 41 skattskyldiges
1290 1547 83 31 eller
1400 1547 65 31 hos
1493 1548 129 30 honom

889 1591 171 30 anställds
1084 1590 92 37 hem,
1505 1589 2 4 |

933 1632 37 34 2)
1006 1632 190 30 kostnader
1228 1641 75 21 som
1337 1632 59 30 vid
1428 1632 36 34 1)
1500 1632 80 40 sägs
1612 1633 12 30 i

888 1674 172 31 samband
1078 1674 81 30 med
1175 1674 172 40 jubileum
1367 1674 57 40 för
1442 1674 180 40 företaget,

889 1716 179 40 invigning
1086 1725 42 21 av
1145 1716 211 40 anläggning
1373 1716 57 39 för
1448 1716 176 30 verksam-

889 1759 114 36 heten,
1020 1758 303 40 stapelavlöpning
1340 1758 65 30 och
1422 1758 202 40 jämförliga

892 1800 195 36 händelser,
1121 1800 82 30 med
1234 1800 194 39 angivande
1460 1809 43 20 av
1532 1800 92 29 huru

888 1842 140 40 mycket
1049 1851 43 21 av
1114 1842 248 36 kostnaderna,
1385 1850 75 21 som
1487 1842 137 40 belöper

889 1884 20 29 å
933 1883 276 40 representation
1235 1883 130 30 utövad
1388 1883 12 30 i
1423 1883 67 30 den
1515 1883 110 31 skatt-

889 1925 176 40 skyldiges
1092 1925 84 30 eller
1202 1925 65 30 hos
1294 1925 130 30 honom
1454 1925 170 31 anställds

890 1967 91 36 hem,

934 2008 37 35 3)
998 2009 191 30 kostnader
1212 2009 12 30 i
1244 2008 92 40 form
1361 2017 43 21 av
1429 2008 194 37 underhåll,

890 2051 98 39 hyra,
1009 2051 96 29 löner
1124 2059 46 22 m.
1190 2060 46 20 m.
1257 2050 170 31 avseende
1446 2050 177 40 fastighet,

891 2092 128 40 våning
1043 2092 65 30 och
1134 2092 221 36 inventarier,
1381 2101 75 21 som
1483 2092 72 30 helt
1580 2093 46 29 el-

891 2134 49 30 ler
964 2134 280 40 huvudsakligen
1270 2134 135 40 nyttjas
1430 2133 57 41 för
1512 2143 114 31 repre-

890 2175 362 31 sentationsändamål
1274 2175 64 31 och
1362 2176 176 36 liknande,

936 2218 36 33 4)
1018 2217 191 30 kostnader
1250 2217 57 39 för
1349 2217 275 39 representation

890 2261 177 38 gentemot
1096 2258 175 31 anställda
1302 2259 12 30 i
1344 2259 173 30 samband
1546 2260 81 29 med

890 2300 283 40 personalfester,
1200 2300 367 40 informationsmöten
1595 2310 30 21 o.

892 2342 69 39 dyl.
986 2342 64 30 och
1074 2341 58 42 för
1155 2351 118 21 annan
1300 2342 53 30 till
1376 2342 251 39 personalvård

891 2383 177 41 hänförlig
1098 2383 288 41 representation,

937 2425 37 34 5)
1004 2425 191 31 kostnader
1220 2424 57 41 för
1302 2425 116 40 gåvor,
1447 2434 75 22 som
1550 2425 75 32 icke

892 2468 61 29 äro
976 2468 52 29 att
1050 2466 151 40 hänföra
1227 2466 52 31 till
1302 2467 132 30 reklam
1461 2467 63 30 och
1550 2476 74 21 som

155 2526 31 32 41
229 2524 112 30 Bihang
354 2524 46 23 till
411 2523 169 31 riksdagens
593 2523 149 31 protokoll
754 2524 102 24 1963.7
869 2524 83 24 saml.
963 2524 40 24 Nr
1022 2525 33 24 40
