2272 2770
730 259 227 35 Lag-Utskottets
982 258 146 28 Utlåtande
1152 257 56 27 N:o
1231 258 50 27 20.
1746 254 17 26 3

371 352 169 33 Distrikten
567 351 73 32 böra
667 349 127 34 sålunda
833 348 200 38 bestämmas,
1064 348 45 31 att
1136 346 36 32 de
1199 356 98 28 renar,
1327 354 66 23 som
1421 344 52 32 der
1500 344 72 31 söka
1600 343 78 36 bete,
1708 342 10 32 i
1746 342 57 32 all-

218 405 125 33 mänhet
369 405 56 32 och
453 404 75 33 efter
555 403 80 32 hvad
662 402 205 32 erfarenheten
895 410 50 23 om
973 400 87 33 deras
1087 409 94 22 vanor
1207 399 97 41 gifver
1331 397 50 32 vid
1407 396 129 38 handen,
1556 396 100 31 kunna
1676 395 128 39 antagas

218 457 123 33 komma
370 458 45 31 att
442 456 94 32 under
563 455 167 32 betestiden
758 454 131 31 hvarken
917 453 68 31 dela
1014 453 47 41 sig
1087 452 10 30 i
1125 451 134 41 ständigt
1285 450 65 32 från
1378 449 170 32 hvarandra
1576 447 98 32 skilda
1693 447 112 32 flockar

218 510 74 32 eller
319 509 33 32 af
376 519 75 31 egen
480 508 70 31 drift
577 507 120 41 öfvergå
723 507 49 31 till
799 507 93 30 annat
920 505 130 32 distrikt.

370 561 14 31 I
412 560 100 32 hvilka
538 560 115 31 trakter
680 557 276 40 distriktindelning
984 557 77 31 skall
1089 566 56 31 ega
1172 566 78 27 rum,
1279 556 88 31 beror
1392 553 38 42 på
1456 552 199 33 förordnande
1683 552 34 32 af
1740 551 64 33 Ko-

217 623 130 33 nungen.
402 613 69 33 Han
498 612 167 33 fastställer
692 611 55 32 ock
775 610 168 32 distriktets
971 612 134 40 gränser.

976 735 13 32 8
1020 732 31 30 7.

370 822 94 41 Lapp,
495 831 66 23 som
588 821 54 32 vill
669 820 70 33 med
765 829 88 23 renar
879 818 88 42 flytta
994 817 48 32 till
1069 826 98 22 annan
1195 815 108 32 socken
1322 815 9 31 i
1350 813 175 33 hemlandet
1544 816 36 28 än
1600 812 67 37 den,
1684 812 122 31 hvarest

217 875 59 32 han
316 875 56 33 har
412 874 54 32 sitt
507 874 140 38 hemvist,
673 864 84 41 eller
784 872 81 32 öfver
892 875 127 38 gränsen
1047 869 48 32 till
1123 868 51 32 det
1202 868 92 32 andra
1321 867 87 37 riket,
1439 866 115 42 åligger
1581 866 45 30 att
1653 865 44 31 för
1723 865 82 31 läns-

217 936 131 22 mannen
375 926 10 30 i
412 926 157 32 hemorten
597 925 143 41 uppgifva
767 925 53 31 sitt
847 925 68 39 eget
943 923 56 31 och
1026 921 202 40 medföljande
1256 920 135 31 husfolks
1410 929 102 27 namn,
1535 918 50 31 det
1603 917 202 41 uppsynings-

217 979 132 37 distrikt,
379 978 82 38 eller,
492 978 51 31 der
570 976 276 41 distriktindelning
873 975 25 41 ej
927 985 71 31 eger
1024 984 78 25 rum,
1133 973 55 31 den
1217 964 119 40 socken
1353 971 73 32 eller
1454 971 92 31 annat
1572 969 140 31 liknande
1740 978 66 22 om-

214 1030 84 39 råde,
341 1032 82 32 inom
463 1030 113 32 hvilket
615 1030 60 31 han
713 1036 88 25 ernar
839 1029 73 40 taga
941 1027 54 32 sitt
1020 1026 122 35 tillhåll,
1173 1025 155 31 äfvensom
1355 1023 115 32 antalet
1498 1023 32 31 af
1555 1021 35 32 de
1618 1031 98 27 renar,
1746 1020 60 32 han

217 1082 138 32 kommer
382 1083 45 31 att
454 1081 145 39 medföra,
630 1081 57 32 och
714 1081 104 31 dessas
846 1089 99 31 egare.
1001 1078 185 32 Verkställer
1212 1076 97 41 någon
1336 1075 190 41 flyttningen,
1555 1075 72 30 utan
1656 1074 46 30 att
1716 1073 92 31 hafva

216 1134 117 32 lemnat
360 1134 93 32 sådan
480 1134 127 40 uppgift,
637 1134 68 31 böte
742 1133 88 40 högst
858 1133 46 30 40
932 1130 160 32 Riksdaler
1119 1129 161 41 Riksmynt
1307 1128 74 31 eller
1411 1128 43 31 10
1485 1125 202 42 Speciedaler.
1741 1125 66 40 Lag

217 1196 121 23 samma
377 1196 80 25 vare,
501 1186 52 31 der
594 1186 49 31 det
683 1183 157 33 medförda
881 1183 170 32 renantalet
1078 1182 69 31 med
1176 1191 35 21 en
1238 1179 153 33 tiondedel
1418 1180 73 31 eller
1517 1188 85 22 mera
1629 1177 177 40 öfverstiger

217 1238 51 33 det
296 1239 33 31 af
351 1238 110 32 honom
490 1237 154 42 uppgifna.

369 1290 15 32 I
411 1289 162 33 hvartdera
599 1289 77 31 riket
703 1289 85 31 skola
817 1288 35 31 de
879 1287 129 40 Lappar,
1036 1286 103 31 hvilka
1166 1277 116 40 anmält
1310 1284 46 41 sig
1383 1283 74 41 vilja
1483 1284 74 40 taga
1584 1281 112 32 tillhåll
1724 1281 83 31 inom

217 1343 44 31 ett
302 1342 56 32 och
399 1351 119 23 samma
558 1340 317 42 uppsyningsdistrikt,
918 1339 81 31 inom
1036 1339 47 39 sig
1110 1337 76 32 inför
1213 1336 222 32 vederbörande
1462 1336 139 31 länsman
1628 1333 116 41 utvälja
1771 1342 36 22 en

218 1395 270 40 uppsyningsman.
542 1393 98 32 Sedan
681 1392 317 42 uppsyningsmannen
1026 1390 100 32 blifvit
1153 1389 81 37 vald,
1264 1389 54 30 har
1345 1387 251 41 landshöfdingen
1624 1386 73 31 eller
1725 1386 80 31 amt-

218 1456 131 22 mannen
390 1447 45 31 att
475 1445 139 32 meddela
655 1445 111 31 honom
799 1443 199 32 förordnande
1025 1441 17 32 å
1070 1442 74 31 hans
1172 1441 180 40 befattning,
1382 1439 168 41 hvarjemte
1578 1439 60 30 han
1666 1438 33 30 af
1722 1438 83 31 läns-

217 1508 130 22 mannen
374 1498 129 32 erhåller
528 1497 187 41 förteckning
742 1496 17 32 å
786 1496 61 32 alla
875 1496 36 31 de
929 1495 130 40 Lappar,
1089 1504 66 21 som
1182 1494 122 31 komma
1333 1493 45 31 att
1406 1491 47 32 stå
1480 1490 95 33 under
1593 1490 77 32 hans
1689 1489 115 41 tillsyn,

217 1550 193 41 upptagande
449 1550 100 32 tillika
583 1549 35 32 de
647 1550 34 31 af
704 1549 99 36 dessa,
834 1548 95 41 enligt
955 1546 177 41 föregående
1159 1546 145 37 moment,
1334 1545 49 31 till
1410 1545 198 31 länsmannen
1637 1541 168 32 aflemnade

218 1603 162 41 uppgifter.
434 1602 42 31 Af
514 1602 89 31 dessa
643 1601 223 40 förteckningar
902 1599 124 32 insände
1066 1599 198 31 länsmannen
1305 1597 155 31 dessutom
1500 1595 51 32 två
1579 1594 154 41 exemplar
1759 1594 49 31 till

216 1654 253 41 landshöfdingen
497 1654 73 31 eller
598 1654 206 36 amtmannen,
840 1662 76 27 som,
946 1652 10 31 i
983 1650 80 32 hvad
1091 1650 93 40 angår
1212 1650 35 31 de
1275 1649 129 40 Lappar,
1434 1648 102 31 hvilka
1562 1647 88 41 flytta
1677 1646 48 31 till
1753 1656 53 21 an-

219 1707 54 31 dra
301 1707 86 36 riket,
416 1706 154 32 försänder
599 1705 50 32 det
677 1715 56 22 ena
760 1704 184 40 exemplaret
971 1703 48 31 till
1048 1703 195 31 amtmannen
1271 1702 73 31 eller
1371 1700 250 39 landshöfdingen
1638 1698 166 37 derstädes,

214 1759 96 40 jemte
337 1758 118 41 uppgift
483 1758 16 31 å
526 1758 35 31 de
588 1757 125 32 utsedde
740 1756 327 41 uppsyningsmännen.
1111 1753 101 32 Skulle
1240 1752 187 33 sistnämnde
1455 1753 136 30 amtman
1612 1751 73 32 eller
1702 1750 105 32 lands-

218 1810 126 40 höfding
369 1810 81 31 finna
479 1810 45 31 att
551 1810 93 31 större
672 1810 83 30 antal
782 1818 88 22 renar
898 1811 32 28 är
956 1807 156 41 uppgifvet
1139 1806 44 31 för
1210 1806 91 41 något
1327 1805 76 31 visst
1430 1802 319 43 uppsyningsdistrikt,
1771 1806 37 27 än

221 1862 172 31 detsamma
434 1863 48 30 väl
515 1862 57 31 kan
600 1862 148 40 mottaga,
778 1861 55 30 har
860 1860 60 31 han
949 1861 44 30 att
1021 1859 125 31 hänvisa
1175 1858 50 31 det
1251 1856 241 41 öfverskjutande
1520 1856 116 31 antalet
1662 1855 48 31 till
1737 1858 69 28 när-

220 1915 98 31 maste
360 1913 130 38 distrikt,
533 1913 52 32 der
624 1914 152 39 ubrymme
817 1912 105 36 finnes,
966 1911 56 31 och
1051 1912 45 30 att
1123 1910 102 31 derom
1254 1910 174 31 underrätta
1455 1906 251 42 landshöfdingen
1734 1907 74 31 eller

220 1967 196 30 amtmannen
443 1966 10 31 i
480 1965 50 32 det
570 1965 72 37 rike,
686 1964 129 32 derifrån
855 1963 179 42 flyttningen
1076 1962 78 31 skall
1182 1962 60 37 ske,
1273 1961 33 32 så
1331 1961 92 40 tidigt
1450 1961 45 30 att
1522 1960 158 40 Lapparne
1708 1959 99 31 kunna

220 2018 30 31 få
276 2018 169 31 kännedom
474 2027 49 22 om
551 2016 56 32 den
634 2016 145 41 vidtagna
806 2015 154 42 åtgärden,
990 2016 90 30 innan
1108 2014 178 41 flyttningen
1316 2013 159 41 företages.

373 2069 58 31 Tid
472 2069 55 31 och
568 2070 61 30 sätt
668 2069 44 31 för
746 2067 171 41 afgifvande
946 2067 33 31 af
1003 2067 35 31 de
1066 2067 10 30 i
1104 2066 97 32 denna
1229 2070 13 31 $
1270 2065 177 32 föreskrifna
1473 2064 152 41 uppgifter
1652 2064 154 31 äfvensom

220 2122 45 31 för
292 2121 50 31 val
370 2121 33 31 af
427 2121 256 41 uppsyningsmän
711 2121 187 31 bestämmas
927 2120 33 30 af
983 2118 250 41 landshöfdingen
1262 2118 73 31 eller
1364 2118 205 35 amtmannen,
1590 2116 118 31 hvilken
1725 2115 80 41 jem-

220 2174 48 30 väl
297 2173 45 31 för
368 2173 100 44 öfrigt,
499 2173 9 31 i
535 2173 142 31 händelse
719 2173 87 31 dessa
834 2172 231 31 bestämmelser
1093 2171 95 31 skulle
1216 2170 64 31 visa
1309 2170 46 40 sig
1383 2169 201 40 otillräckliga
1612 2168 44 31 för
1683 2168 124 31 dermed

222 2225 124 33 afsedda
374 2225 151 39 ändamål,
557 2235 68 32 eger
653 2226 44 30 att
725 2225 81 44 gifva
839 2224 35 31 de
902 2224 175 44 ytterligare
1105 2223 193 38 föreskrifter,
1331 2232 63 22 som
1424 2222 98 33 kunna
1536 2221 95 35 finnas
1659 2220 121 45 nödiga,
