2311 2753
523 250 35 30 14
1011 250 227 35 Lag-Utskottets
1264 249 150 28 Utlåtande
1437 249 54 27 N:o
1514 250 51 27 20.

631 341 80 32 Thet
737 350 120 22 samma
886 344 33 28 är
947 340 55 32 ock
1029 340 33 31 at
1089 338 93 33 förstå
1209 348 50 22 om
1286 338 51 33 the
1363 339 122 40 Lappar
1512 337 70 33 med
1609 337 102 32 theras
1737 336 140 40 Famille,
1899 346 68 23 som
1986 336 92 32 hafva

477 397 31 32 et
547 394 153 41 gammalt
738 392 177 33 böxel-land
954 391 38 41 på
1032 391 116 32 Norske
1185 391 87 31 sidan
1313 391 34 31 af
1374 390 162 38 Gräntsen,
1566 389 207 33 hvarmedelst
1799 398 72 23 man
1897 388 180 33 hädanefter

477 449 59 31 kan
577 445 131 42 åtskilja,
744 444 121 33 hvilken
893 444 83 32 sidas
1003 443 159 33 undersåte
1189 443 60 32 han
1277 446 42 35 är,
1350 442 92 33 sedan
1470 442 88 40 ingen
1586 442 84 41 Lapp
1697 441 46 32 får
1770 445 58 37 äga
1856 440 120 33 Skatte-
2005 441 75 32 eller

477 498 178 34 böxel-land
696 497 36 42 på
773 498 97 40 begge
911 496 91 38 sidor,
1046 496 25 40 ej
1113 495 96 33 heller
1245 495 187 32 annorlunda
1473 495 99 31 kunna
1600 495 125 31 komma
1752 494 68 32 ther
1846 494 35 31 til
1909 496 36 29 än
1974 502 66 24 som
2069 493 10 32 i

477 552 114 32 thenna
617 550 186 33 Convention
830 548 182 34 föreskrifvit
1040 548 73 35 står.

1243 692 14 32 8
1287 688 32 32 8.

632 778 16 31 I
686 777 55 31 fall
780 775 98 41 någon
919 775 114 31 Svensk
1072 774 84 41 Lapp
1197 774 91 40 gifter
1324 773 47 39 sig
1398 773 71 31 med
1497 784 35 21 en
1560 774 100 31 Norsk
1689 773 221 40 Lappehustru,
1941 783 66 22 som
2036 774 45 31 uti

478 829 115 41 Norige
619 828 57 32 har
703 827 40 32 sit
770 827 63 41 egit
860 825 178 33 Skatteland
1065 826 73 31 eller
1164 825 73 32 flera
1264 825 100 32 Renar
1392 827 37 28 än
1457 824 71 38 han,
1558 824 89 33 hafve
1674 824 60 32 han
1759 824 100 38 frihet,
1895 825 73 31 utan
1987 824 94 41 något

478 881 108 32 hinder
626 881 74 31 eller
740 879 88 41 afgift
869 879 32 31 af
931 879 83 31 thess
1056 877 158 40 egendom,
1244 878 32 31 at
1302 877 95 32 blifva
1425 887 35 21 en
1489 877 100 32 Norsk
1615 877 95 40 Lapp,
1740 876 31 32 tå
1798 877 60 31 han
1886 877 47 40 sig
1959 877 119 31 therom

479 934 55 31 hos
563 932 134 32 Svenska
724 931 123 41 Fogden
875 931 145 37 anmäler,
1052 930 56 31 och
1143 929 130 41 bevislig
1300 928 66 42 gjör
1393 938 35 22 en
1457 928 95 32 sådan
1580 928 68 32 dess
1678 928 217 37 beskaffenhet,
1925 928 156 41 hvaruppå

479 985 123 41 Fogden
639 984 173 32 sedermera
844 983 55 31 har
941 984 31 30 at
1012 982 102 31 lämna
1150 981 111 32 honom
1289 981 83 31 thess
1401 981 169 41 skrifteliga
1597 980 125 32 tilstånd
1750 981 36 31 til
1813 980 265 42 öfverflyttningen

481 1037 57 32 och
573 1037 66 31 thet
675 1045 120 23 samma
831 1035 45 31 uti
917 1033 229 42 upbördsboken
1189 1034 45 31 att
1268 1033 140 38 antekna,
1439 1034 81 31 samt
1547 1033 111 31 honom
1687 1032 75 32 ifrån
1793 1031 133 33 Svenska
1956 1032 125 32 Skatten

481 1090 32 31 at
539 1089 146 32 utesluta.

634 1157 122 31 Således
784 1156 142 32 förhålles
954 1157 65 30 vice
1047 1165 87 22 versa
1161 1154 69 32 med
1259 1165 35 21 en
1322 1155 100 30 Norsk
1448 1155 83 40 Lapp
1560 1155 43 31 uti
1631 1155 62 31 lika
1720 1154 119 31 tilfälle.

633 1208 53 32 Uti
714 1208 95 32 andra
837 1208 263 42 omständigheter
1126 1206 70 41 följe
1224 1207 137 31 Hustrun
1388 1206 142 32 Mannen.

1247 1366 13 32 £
1291 1364 31 30 9.

635 1451 16 32 I
690 1451 69 32 Fall
799 1460 36 22 en
862 1451 84 40 Lapp
975 1450 41 33 vil
1043 1449 165 42 öfvergifva
1236 1449 41 31 sit
1304 1448 72 32 land
1404 1448 56 32 och
1488 1447 94 33 blifva
1609 1448 31 31 et
1667 1448 92 31 annat
1786 1447 91 31 Rikes
1905 1445 171 38 undersåte,

481 1501 143 33 förhålles
664 1503 70 32 med
773 1502 123 40 honom,
934 1512 66 22 som
1042 1502 69 32 med
1139 1502 91 31 andre
1259 1500 130 33 Svenske
1418 1500 55 32 och
1501 1500 117 31 Norske
1646 1498 196 32 undersåtare
1870 1498 44 32 uti
1941 1498 62 32 lika
2030 1498 52 32 til-

481 1554 103 38 fällen,
623 1555 163 40 nemligen,
824 1554 60 31 han
919 1555 100 31 betale
1046 1553 113 41 tijonde
1188 1553 57 32 och
1273 1554 88 31 siette
1390 1552 166 41 penningen
1586 1551 33 31 af
1643 1551 78 31 hvad
1750 1551 59 31 han
1838 1553 81 37 äger,
1949 1550 36 32 til
2013 1550 72 32 then

482 1605 99 39 sidan,
619 1606 151 32 hvarifrån
806 1606 60 31 han
902 1606 41 31 vil
979 1606 99 42 flytta,
1116 1606 82 31 samt
1232 1605 88 33 hafve
1360 1605 85 31 bevis
1486 1603 70 32 med
1584 1603 46 41 sig
1658 1603 37 32 til
1722 1602 72 32 then
1822 1602 88 31 sidan
1937 1602 61 32 thit
2024 1602 60 31 han

481 1657 90 41 flytta
598 1657 52 38 vil,
681 1659 32 30 at
741 1658 126 40 afgiften
893 1657 107 42 riktigt
1028 1661 32 28 är
1087 1656 104 42 erlagd
1220 1656 56 33 och
1304 1656 126 33 undfådt
1457 1654 127 33 tilstånd
1611 1655 36 31 til
1675 1654 225 41 afflyttningen.

1235 1817 13 31 $
1282 1814 55 31 10.

633 1898 207 34 Althenstund
868 1900 156 39 Lapparne
1052 1899 128 32 behöfva
1208 1899 96 41 begge
1332 1898 111 32 Rikens
1471 1897 82 37 land,
1584 1897 65 31 skal
1675 1897 66 31 thet
1772 1897 96 37 them,
1896 1895 75 33 efter
1994 1905 87 32 gam-

480 1953 64 31 mal
572 1952 143 36 sedvana,
746 1961 72 22 vara
845 1951 107 32 tillåtit
979 1951 78 32 Höst
1085 1951 56 31 och
1168 1951 61 31 Vår
1258 1952 31 30 at
1317 1951 87 40 flytta
1433 1950 69 32 med
1526 1949 102 32 theras
1660 1948 190 41 Renhjordar
1869 1949 82 31 öfver
1969 1947 111 33 Gränt-

481 2015 50 21 sen
569 2004 30 32 in
635 2004 45 32 uti
721 2004 30 31 et
792 2004 93 31 annat
911 2004 85 36 Rike,
1026 2003 57 31 och
1110 2002 187 38 hädanefter,
1328 2002 102 33 såsom
1457 2002 149 37 tilförene,
1636 2001 62 31 lika
1725 2001 70 31 med
1823 2000 120 32 landets
1970 1999 111 32 under-

480 2056 113 37 såtare,
630 2055 235 41 undantagande
892 2055 38 41 på
958 2055 115 33 sådana
1100 2055 119 35 ställen,
1249 2065 66 22 som
1343 2055 55 31 här
1425 2054 161 32 nedanföre
1615 2054 128 37 anföres,
1773 2052 31 32 få
1831 2052 119 40 betjena
1978 2051 48 40 sig
2054 2051 33 32 af

481 2108 73 32 land
590 2108 57 32 och
683 2108 103 32 strand
828 2108 36 31 til
900 2107 158 33 underhåll
1085 2107 45 31 för
1157 2107 103 31 theras
1290 2107 66 40 djur
1384 2106 56 32 och
1468 2106 48 41 sig
1543 2106 117 36 sielfva,
1690 2105 32 31 tå
1749 2105 51 31 the
1829 2105 139 40 vänligen
1997 2103 86 32 skola

482 2161 182 40 emottagas,
709 2160 172 40 beskyddas
923 2160 55 31 och
1019 2159 117 40 hjelpas
1178 2159 35 31 til
1249 2160 91 36 rätta,
1384 2158 83 31 äfven
1496 2158 45 31 uti
1569 2157 182 41 Krigstider,
1782 2157 102 31 hvilka
1911 2156 46 31 uti
1984 2156 100 40 Lapp-

482 2212 144 32 väsendet
663 2212 114 32 aldeles
813 2212 88 40 ingen
938 2211 173 40 förändring
1148 2211 83 31 skola
1268 2211 94 40 gjöra,
1401 2210 57 31 och
1492 2209 183 32 aldraminst
1703 2209 85 31 skola
1815 2208 51 32 the
1893 2207 193 32 främmande

480 2264 122 40 Lappar
638 2264 94 32 varda
769 2264 184 40 exponerade
990 2264 63 30 för”
1073 2262 160 41 plundring
1268 2262 75 31 eller
1372 2261 93 41 något
1492 2262 82 40 slags
1603 2260 92 42 tvång
1722 2260 74 32 eller
1823 2258 162 38 öfvervåld,
2016 2268 67 22 som

481 2315 201 41 krigstiderne
719 2316 191 40 medbringa,
946 2317 71 29 utan
1060 2314 76 31 altid
1163 2315 96 30 blifva
1287 2314 101 31 såsom
1417 2323 74 30 egne
1519 2312 198 32 undersåtare
1746 2312 131 32 ansedde
1906 2312 54 30 och
1989 2310 98 32 hand-

482 2367 115 39 terade,
627 2367 39 41 på
692 2367 120 33 hvilken
840 2367 67 32 sida
935 2367 51 32 the
1014 2366 30 32 tå
1073 2366 47 41 sig
1147 2365 102 33 såsom
1277 2365 190 32 främmande
1495 2363 172 42 uppehålla.
