<?xml version="1.0" encoding="UTF-8"?>
<alto xmlns="http://www.loc.gov/standards/alto/ns-v3#" xmlns:xlink="http://www.w3.org/1999/xlink" xmlns:xsi="http://www.w3.org/2001/XMLSchema-instance" xsi:schemaLocation="http://www.loc.gov/standards/alto/ns-v3# http://www.loc.gov/alto/v3/alto-3-0.xsd">
	<Description>
		<MeasurementUnit>pixel</MeasurementUnit>
		<sourceImageInformation>
			<fileName>/tmp/tess_y0dxut47_input.PNG</fileName>
		</sourceImageInformation>
		<OCRProcessing ID="OCR_0">
			<ocrProcessingStep>
				<processingSoftware>
					<softwareName>tesseract 5.3.0</softwareName>
				</processingSoftware>
			</ocrProcessingStep>
		</OCRProcessing>
	</Description>
	<Layout>
		<Page WIDTH="2288" HEIGHT="2726" PHYSICAL_IMG_NR="0" ID="page_0">
			<PrintSpace HPOS="0" VPOS="0" WIDTH="2288" HEIGHT="2726">
				<ComposedBlock ID="cblock_0" HPOS="737" VPOS="231" WIDTH="1033" HEIGHT="128">
					<TextBlock ID="block_0" HPOS="737" VPOS="231" WIDTH="1033" HEIGHT="128">
						<TextLine ID="line_0" HPOS="737" VPOS="231" WIDTH="1033" HEIGHT="40">
							<String ID="string_0" HPOS="737" VPOS="236" WIDTH="224" HEIGHT="35" WC="0.90" CONTENT="Lag-Utskottets"/><SP WIDTH="27" VPOS="236" HPOS="961"/>
							<String ID="string_1" HPOS="988" VPOS="235" WIDTH="148" HEIGHT="27" WC="0.96" CONTENT="Utlåtande"/><SP WIDTH="22" VPOS="235" HPOS="1136"/>
							<String ID="string_2" HPOS="1158" VPOS="234" WIDTH="56" HEIGHT="27" WC="0.96" CONTENT="N:o"/><SP WIDTH="23" VPOS="234" HPOS="1214"/>
							<String ID="string_3" HPOS="1237" VPOS="235" WIDTH="50" HEIGHT="26" WC="0.95" CONTENT="20."/><SP WIDTH="455" VPOS="235" HPOS="1287"/>
							<String ID="string_4" HPOS="1742" VPOS="231" WIDTH="28" HEIGHT="27" WC="0.85" CONTENT="1"/>
						</TextLine>
						<TextLine ID="line_1" HPOS="961" VPOS="324" WIDTH="103" HEIGHT="35">
							<String ID="string_5" HPOS="961" VPOS="327" WIDTH="15" HEIGHT="32" WC="0.39" CONTENT="&amp;"/><SP WIDTH="29" VPOS="327" HPOS="976"/>
							<String ID="string_6" HPOS="1005" VPOS="324" WIDTH="59" HEIGHT="31" WC="0.95" CONTENT="27."/>
						</TextLine>
					</TextBlock>
				</ComposedBlock>
				<ComposedBlock ID="cblock_1" HPOS="217" VPOS="407" WIDTH="1600" HEIGHT="203">
					<TextBlock ID="block_1" HPOS="217" VPOS="407" WIDTH="1600" HEIGHT="203">
						<TextLine ID="line_2" HPOS="370" VPOS="407" WIDTH="1444" HEIGHT="43">
							<String ID="string_7" HPOS="370" VPOS="414" WIDTH="45" HEIGHT="31" WC="0.96" CONTENT="De"/><SP WIDTH="37" VPOS="414" HPOS="415"/>
							<String ID="string_8" HPOS="452" VPOS="413" WIDTH="233" HEIGHT="31" WC="0.95" CONTENT="bestämmelser"/><SP WIDTH="24" VPOS="413" HPOS="685"/>
							<String ID="string_9" HPOS="709" VPOS="412" WIDTH="12" HEIGHT="31" WC="0.96" CONTENT="i"/><SP WIDTH="28" VPOS="412" HPOS="721"/>
							<String ID="string_10" HPOS="749" VPOS="411" WIDTH="97" HEIGHT="31" WC="0.96" CONTENT="denna"/><SP WIDTH="35" VPOS="411" HPOS="846"/>
							<String ID="string_11" HPOS="881" VPOS="410" WIDTH="185" HEIGHT="40" WC="0.96" CONTENT="förordning,"/><SP WIDTH="29" VPOS="410" HPOS="1066"/>
							<String ID="string_12" HPOS="1095" VPOS="409" WIDTH="104" HEIGHT="32" WC="0.96" CONTENT="hvilka"/><SP WIDTH="27" VPOS="409" HPOS="1199"/>
							<String ID="string_13" HPOS="1226" VPOS="408" WIDTH="94" HEIGHT="32" WC="0.96" CONTENT="ordna"/><SP WIDTH="26" VPOS="408" HPOS="1320"/>
							<String ID="string_14" HPOS="1346" VPOS="407" WIDTH="203" HEIGHT="32" WC="0.96" CONTENT="förhållandet"/><SP WIDTH="27" VPOS="407" HPOS="1549"/>
							<String ID="string_15" HPOS="1576" VPOS="407" WIDTH="130" HEIGHT="31" WC="0.93" CONTENT="emellan"/><SP WIDTH="28" VPOS="407" HPOS="1706"/>
							<String ID="string_16" HPOS="1734" VPOS="407" WIDTH="80" HEIGHT="39" WC="0.89" CONTENT="Lap-"/>
						</TextLine>
						<TextLine ID="line_3" HPOS="217" VPOS="457" WIDTH="1598" HEIGHT="50">
							<String ID="string_17" HPOS="217" VPOS="476" WIDTH="91" HEIGHT="31" WC="0.92" CONTENT="parne"/><SP WIDTH="41" VPOS="476" HPOS="308"/>
							<String ID="string_18" HPOS="349" VPOS="465" WIDTH="56" HEIGHT="32" WC="0.96" CONTENT="och"/><SP WIDTH="33" VPOS="465" HPOS="405"/>
							<String ID="string_19" HPOS="438" VPOS="464" WIDTH="56" HEIGHT="32" WC="0.96" CONTENT="den"/><SP WIDTH="24" VPOS="464" HPOS="494"/>
							<String ID="string_20" HPOS="518" VPOS="463" WIDTH="226" HEIGHT="42" WC="0.96" CONTENT="jordbrukande"/><SP WIDTH="27" VPOS="463" HPOS="744"/>
							<String ID="string_21" HPOS="771" VPOS="462" WIDTH="223" HEIGHT="41" WC="0.96" CONTENT="befolkningen,"/><SP WIDTH="30" VPOS="462" HPOS="994"/>
							<String ID="string_22" HPOS="1024" VPOS="462" WIDTH="82" HEIGHT="40" WC="0.96" CONTENT="gälla"/><SP WIDTH="27" VPOS="462" HPOS="1106"/>
							<String ID="string_23" HPOS="1133" VPOS="461" WIDTH="65" HEIGHT="31" WC="0.96" CONTENT="icke"/><SP WIDTH="28" VPOS="461" HPOS="1198"/>
							<String ID="string_24" HPOS="1226" VPOS="460" WIDTH="81" HEIGHT="31" WC="0.93" CONTENT="inom"/><SP WIDTH="29" VPOS="460" HPOS="1307"/>
							<String ID="string_25" HPOS="1336" VPOS="459" WIDTH="218" HEIGHT="32" WC="0.92" CONTENT="Finnmarkens"/><SP WIDTH="28" VPOS="459" HPOS="1554"/>
							<String ID="string_26" HPOS="1582" VPOS="459" WIDTH="75" HEIGHT="31" WC="0.96" CONTENT="amt."/><SP WIDTH="57" VPOS="459" HPOS="1657"/>
							<String ID="string_27" HPOS="1714" VPOS="457" WIDTH="101" HEIGHT="32" WC="0.69" CONTENT="Skulle"/>
						</TextLine>
						<TextLine ID="line_4" HPOS="218" VPOS="510" WIDTH="1599" HEIGHT="46">
							<String ID="string_28" HPOS="218" VPOS="517" WIDTH="113" HEIGHT="31" WC="0.96" CONTENT="Svensk"/><SP WIDTH="40" VPOS="517" HPOS="331"/>
							<String ID="string_29" HPOS="371" VPOS="517" WIDTH="84" HEIGHT="39" WC="0.95" CONTENT="Lapp"/><SP WIDTH="41" VPOS="517" HPOS="455"/>
							<String ID="string_30" HPOS="496" VPOS="516" WIDTH="72" HEIGHT="31" WC="0.96" CONTENT="söka"/><SP WIDTH="40" VPOS="516" HPOS="568"/>
							<String ID="string_31" HPOS="608" VPOS="515" WIDTH="205" HEIGHT="31" WC="0.96" CONTENT="sommarbete"/><SP WIDTH="28" VPOS="515" HPOS="813"/>
							<String ID="string_32" HPOS="841" VPOS="514" WIDTH="9" HEIGHT="31" WC="0.96" CONTENT="i"/><SP WIDTH="28" VPOS="514" HPOS="850"/>
							<String ID="string_33" HPOS="878" VPOS="513" WIDTH="130" HEIGHT="31" WC="0.96" CONTENT="nämnde"/><SP WIDTH="29" VPOS="513" HPOS="1008"/>
							<String ID="string_34" HPOS="1037" VPOS="514" WIDTH="64" HEIGHT="29" WC="0.96" CONTENT="amt"/><SP WIDTH="27" VPOS="514" HPOS="1101"/>
							<String ID="string_35" HPOS="1128" VPOS="513" WIDTH="44" HEIGHT="30" WC="0.96" CONTENT="för"/><SP WIDTH="29" VPOS="513" HPOS="1172"/>
							<String ID="string_36" HPOS="1201" VPOS="512" WIDTH="65" HEIGHT="31" WC="0.96" CONTENT="sina"/><SP WIDTH="27" VPOS="512" HPOS="1266"/>
							<String ID="string_37" HPOS="1293" VPOS="521" WIDTH="98" HEIGHT="27" WC="0.96" CONTENT="renar,"/><SP WIDTH="31" VPOS="521" HPOS="1391"/>
							<String ID="string_38" HPOS="1422" VPOS="511" WIDTH="123" HEIGHT="31" WC="0.96" CONTENT="komma"/><SP WIDTH="28" VPOS="511" HPOS="1545"/>
							<String ID="string_39" HPOS="1573" VPOS="510" WIDTH="36" HEIGHT="31" WC="0.94" CONTENT="de"/><SP WIDTH="26" VPOS="510" HPOS="1609"/>
							<String ID="string_40" HPOS="1635" VPOS="510" WIDTH="45" HEIGHT="31" WC="0.93" CONTENT="för"/><SP WIDTH="24" VPOS="510" HPOS="1680"/>
							<String ID="string_41" HPOS="1704" VPOS="510" WIDTH="113" HEIGHT="30" WC="0.90" CONTENT="amtets"/>
						</TextLine>
						<TextLine ID="line_5" HPOS="217" VPOS="561" WIDTH="1319" HEIGHT="49">
							<String ID="string_42" HPOS="217" VPOS="568" WIDTH="120" HEIGHT="34" WC="0.93" CONTENT="Norska"/><SP WIDTH="27" VPOS="568" HPOS="337"/>
							<String ID="string_43" HPOS="364" VPOS="568" WIDTH="121" HEIGHT="42" WC="0.92" CONTENT="Lappar"/><SP WIDTH="28" VPOS="568" HPOS="485"/>
							<String ID="string_44" HPOS="513" VPOS="566" WIDTH="145" HEIGHT="32" WC="0.96" CONTENT="särskildt"/><SP WIDTH="26" VPOS="566" HPOS="658"/>
							<String ID="string_45" HPOS="684" VPOS="565" WIDTH="143" HEIGHT="41" WC="0.96" CONTENT="gällande"/><SP WIDTH="28" VPOS="565" HPOS="827"/>
							<String ID="string_46" HPOS="855" VPOS="565" WIDTH="231" HEIGHT="32" WC="0.96" CONTENT="bestämmelser"/><SP WIDTH="28" VPOS="565" HPOS="1086"/>
							<String ID="string_47" HPOS="1114" VPOS="565" WIDTH="46" HEIGHT="30" WC="0.93" CONTENT="att"/><SP WIDTH="26" VPOS="565" HPOS="1160"/>
							<String ID="string_48" HPOS="1186" VPOS="563" WIDTH="17" HEIGHT="31" WC="0.92" CONTENT="å"/><SP WIDTH="27" VPOS="563" HPOS="1203"/>
							<String ID="string_49" HPOS="1230" VPOS="561" WIDTH="111" HEIGHT="35" WC="0.95" CONTENT="honom"/><SP WIDTH="27" VPOS="561" HPOS="1341"/>
							<String ID="string_50" HPOS="1368" VPOS="562" WIDTH="168" HEIGHT="41" WC="0.95" CONTENT="tillämpas."/>
						</TextLine>
					</TextBlock>
				</ComposedBlock>
				<ComposedBlock ID="cblock_2" HPOS="965" VPOS="687" WIDTH="102" HEIGHT="35">
					<TextBlock ID="block_2" HPOS="965" VPOS="687" WIDTH="102" HEIGHT="35">
						<TextLine ID="line_6" HPOS="965" VPOS="687" WIDTH="102" HEIGHT="35">
							<String ID="string_51" HPOS="965" VPOS="690" WIDTH="14" HEIGHT="32" WC="0.58" CONTENT="&amp;"/><SP WIDTH="30" VPOS="690" HPOS="979"/>
							<String ID="string_52" HPOS="1009" VPOS="687" WIDTH="58" HEIGHT="31" WC="0.95" CONTENT="28."/>
						</TextLine>
					</TextBlock>
				</ComposedBlock>
				<ComposedBlock ID="cblock_3" HPOS="217" VPOS="768" WIDTH="1600" HEIGHT="307">
					<TextBlock ID="block_3" HPOS="217" VPOS="768" WIDTH="1600" HEIGHT="307">
						<TextLine ID="line_7" HPOS="370" VPOS="768" WIDTH="1444" HEIGHT="47">
							<String ID="string_53" HPOS="370" VPOS="776" WIDTH="106" HEIGHT="32" WC="0.95" CONTENT="Denna"/><SP WIDTH="40" VPOS="776" HPOS="476"/>
							<String ID="string_54" HPOS="516" VPOS="774" WIDTH="176" HEIGHT="41" WC="0.95" CONTENT="förordning"/><SP WIDTH="39" VPOS="774" HPOS="692"/>
							<String ID="string_55" HPOS="731" VPOS="773" WIDTH="103" HEIGHT="32" WC="0.95" CONTENT="träder"/><SP WIDTH="35" VPOS="773" HPOS="834"/>
							<String ID="string_56" HPOS="869" VPOS="773" WIDTH="10" HEIGHT="31" WC="0.96" CONTENT="i"/><SP WIDTH="32" VPOS="773" HPOS="879"/>
							<String ID="string_57" HPOS="911" VPOS="773" WIDTH="80" HEIGHT="31" WC="0.96" CONTENT="kraft"/><SP WIDTH="26" VPOS="773" HPOS="991"/>
							<String ID="string_58" HPOS="1017" VPOS="771" WIDTH="94" HEIGHT="33" WC="0.95" CONTENT="under"/><SP WIDTH="26" VPOS="771" HPOS="1111"/>
							<String ID="string_59" HPOS="1137" VPOS="771" WIDTH="106" HEIGHT="37" WC="0.96" CONTENT="vilkor,"/><SP WIDTH="31" VPOS="771" HPOS="1243"/>
							<String ID="string_60" HPOS="1274" VPOS="771" WIDTH="46" HEIGHT="31" WC="0.96" CONTENT="att"/><SP WIDTH="26" VPOS="771" HPOS="1320"/>
							<String ID="string_61" HPOS="1346" VPOS="769" WIDTH="159" HEIGHT="33" WC="0.96" CONTENT="enahanda"/><SP WIDTH="28" VPOS="769" HPOS="1505"/>
							<String ID="string_62" HPOS="1533" VPOS="769" WIDTH="168" HEIGHT="41" WC="0.93" CONTENT="stadgande"/><SP WIDTH="28" VPOS="769" HPOS="1701"/>
							<String ID="string_63" HPOS="1729" VPOS="768" WIDTH="85" HEIGHT="32" WC="0.91" CONTENT="med-"/>
						</TextLine>
						<TextLine ID="line_8" HPOS="218" VPOS="819" WIDTH="1598" HEIGHT="50">
							<String ID="string_64" HPOS="218" VPOS="828" WIDTH="84" HEIGHT="32" WC="0.96" CONTENT="delas"/><SP WIDTH="36" VPOS="828" HPOS="302"/>
							<String ID="string_65" HPOS="338" VPOS="828" WIDTH="10" HEIGHT="32" WC="0.96" CONTENT="i"/><SP WIDTH="41" VPOS="828" HPOS="348"/>
							<String ID="string_66" HPOS="389" VPOS="828" WIDTH="113" HEIGHT="41" WC="0.93" CONTENT="Norge,"/><SP WIDTH="44" VPOS="828" HPOS="502"/>
							<String ID="string_67" HPOS="546" VPOS="827" WIDTH="57" HEIGHT="31" WC="0.96" CONTENT="och"/><SP WIDTH="36" VPOS="827" HPOS="603"/>
							<String ID="string_68" HPOS="639" VPOS="826" WIDTH="37" HEIGHT="31" WC="0.96" CONTENT="då"/><SP WIDTH="26" VPOS="826" HPOS="676"/>
							<String ID="string_69" HPOS="702" VPOS="825" WIDTH="66" HEIGHT="31" WC="0.96" CONTENT="från"/><SP WIDTH="28" VPOS="825" HPOS="768"/>
							<String ID="string_70" HPOS="796" VPOS="825" WIDTH="56" HEIGHT="32" WC="0.96" CONTENT="den"/><SP WIDTH="29" VPOS="825" HPOS="852"/>
							<String ID="string_71" HPOS="881" VPOS="824" WIDTH="68" HEIGHT="41" WC="0.96" CONTENT="dag,"/><SP WIDTH="29" VPOS="824" HPOS="949"/>
							<String ID="string_72" HPOS="978" VPOS="825" WIDTH="172" HEIGHT="39" WC="0.96" CONTENT="Konungen"/><SP WIDTH="27" VPOS="825" HPOS="1150"/>
							<String ID="string_73" HPOS="1177" VPOS="824" WIDTH="45" HEIGHT="30" WC="0.96" CONTENT="för"/><SP WIDTH="26" VPOS="824" HPOS="1222"/>
							<String ID="string_74" HPOS="1248" VPOS="822" WIDTH="80" HEIGHT="31" WC="0.96" CONTENT="båda"/><SP WIDTH="27" VPOS="822" HPOS="1328"/>
							<String ID="string_75" HPOS="1355" VPOS="822" WIDTH="104" HEIGHT="31" WC="0.96" CONTENT="rikena"/><SP WIDTH="28" VPOS="822" HPOS="1459"/>
							<String ID="string_76" HPOS="1487" VPOS="822" WIDTH="198" HEIGHT="31" WC="0.96" CONTENT="bestämmer."/><SP WIDTH="53" VPOS="822" HPOS="1685"/>
							<String ID="string_77" HPOS="1738" VPOS="819" WIDTH="78" HEIGHT="32" WC="0.81" CONTENT="Från"/>
						</TextLine>
						<TextLine ID="line_9" HPOS="217" VPOS="867" WIDTH="1600" HEIGHT="53">
							<String ID="string_78" HPOS="217" VPOS="889" WIDTH="119" HEIGHT="23" WC="0.96" CONTENT="samma"/><SP WIDTH="30" VPOS="889" HPOS="336"/>
							<String ID="string_79" HPOS="366" VPOS="879" WIDTH="60" HEIGHT="41" WC="0.95" CONTENT="dag"/><SP WIDTH="29" VPOS="879" HPOS="426"/>
							<String ID="string_80" HPOS="455" VPOS="879" WIDTH="113" HEIGHT="40" WC="0.96" CONTENT="upphör"/><SP WIDTH="26" VPOS="879" HPOS="568"/>
							<String ID="string_81" HPOS="594" VPOS="878" WIDTH="94" HEIGHT="31" WC="0.93" CONTENT="första"/><SP WIDTH="27" VPOS="878" HPOS="688"/>
							<String ID="string_82" HPOS="715" VPOS="877" WIDTH="147" HEIGHT="40" WC="0.92" CONTENT="bihanget"/><SP WIDTH="28" VPOS="877" HPOS="862"/>
							<String ID="string_83" HPOS="890" VPOS="877" WIDTH="72" HEIGHT="30" WC="0.93" CONTENT="eller"/><SP WIDTH="28" VPOS="877" HPOS="962"/>
							<String ID="string_84" HPOS="990" VPOS="875" WIDTH="158" HEIGHT="32" WC="0.92" CONTENT="codicillen"/><SP WIDTH="29" VPOS="875" HPOS="1148"/>
							<String ID="string_85" HPOS="1177" VPOS="875" WIDTH="48" HEIGHT="31" WC="0.93" CONTENT="till"/><SP WIDTH="28" VPOS="875" HPOS="1225"/>
							<String ID="string_86" HPOS="1253" VPOS="873" WIDTH="270" HEIGHT="32" WC="0.92" CONTENT="Gränsetraktaten"/><SP WIDTH="29" VPOS="873" HPOS="1523"/>
							<String ID="string_87" HPOS="1552" VPOS="872" WIDTH="33" HEIGHT="31" WC="0.96" CONTENT="af"/><SP WIDTH="26" VPOS="872" HPOS="1585"/>
							<String ID="string_88" HPOS="1611" VPOS="867" WIDTH="54" HEIGHT="41" WC="0.87" CONTENT="7/18"/><SP WIDTH="19" VPOS="867" HPOS="1665"/>
							<String ID="string_89" HPOS="1684" VPOS="871" WIDTH="133" HEIGHT="32" WC="0.95" CONTENT="Oktober"/>
						</TextLine>
						<TextLine ID="line_10" HPOS="222" VPOS="922" WIDTH="1594" HEIGHT="48">
							<String ID="string_90" HPOS="222" VPOS="933" WIDTH="92" HEIGHT="31" WC="0.96" CONTENT="1751"/><SP WIDTH="33" VPOS="933" HPOS="314"/>
							<String ID="string_91" HPOS="347" VPOS="932" WIDTH="45" HEIGHT="31" WC="0.96" CONTENT="att"/><SP WIDTH="28" VPOS="932" HPOS="392"/>
							<String ID="string_92" HPOS="420" VPOS="941" WIDTH="73" HEIGHT="21" WC="0.96" CONTENT="vara"/><SP WIDTH="27" VPOS="941" HPOS="493"/>
							<String ID="string_93" HPOS="520" VPOS="930" WIDTH="152" HEIGHT="40" WC="0.95" CONTENT="gällande."/><SP WIDTH="55" VPOS="930" HPOS="672"/>
							<String ID="string_94" HPOS="727" VPOS="928" WIDTH="106" HEIGHT="32" WC="0.95" CONTENT="Beslut"/><SP WIDTH="28" VPOS="928" HPOS="833"/>
							<String ID="string_95" HPOS="861" VPOS="937" WIDTH="50" HEIGHT="22" WC="0.93" CONTENT="om"/><SP WIDTH="27" VPOS="937" HPOS="911"/>
							<String ID="string_96" HPOS="938" VPOS="926" WIDTH="210" HEIGHT="42" WC="0.91" CONTENT="upphäfvande"/><SP WIDTH="30" VPOS="926" HPOS="1148"/>
							<String ID="string_97" HPOS="1178" VPOS="926" WIDTH="32" HEIGHT="31" WC="0.95" CONTENT="af"/><SP WIDTH="25" VPOS="926" HPOS="1210"/>
							<String ID="string_98" HPOS="1235" VPOS="926" WIDTH="73" HEIGHT="31" WC="0.95" CONTENT="eller"/><SP WIDTH="27" VPOS="926" HPOS="1308"/>
							<String ID="string_99" HPOS="1335" VPOS="925" WIDTH="174" HEIGHT="40" WC="0.96" CONTENT="förändring"/><SP WIDTH="27" VPOS="925" HPOS="1509"/>
							<String ID="string_100" HPOS="1536" VPOS="924" WIDTH="10" HEIGHT="30" WC="0.96" CONTENT="i"/><SP WIDTH="29" VPOS="924" HPOS="1546"/>
							<String ID="string_101" HPOS="1575" VPOS="923" WIDTH="96" HEIGHT="32" WC="0.92" CONTENT="denna"/><SP WIDTH="29" VPOS="923" HPOS="1671"/>
							<String ID="string_102" HPOS="1700" VPOS="922" WIDTH="116" HEIGHT="32" WC="0.92" CONTENT="förord-"/>
						</TextLine>
						<TextLine ID="line_11" HPOS="217" VPOS="975" WIDTH="1599" HEIGHT="49">
							<String ID="string_103" HPOS="217" VPOS="984" WIDTH="88" HEIGHT="40" WC="0.96" CONTENT="nings"/><SP WIDTH="29" VPOS="984" HPOS="305"/>
							<String ID="string_104" HPOS="334" VPOS="983" WIDTH="231" HEIGHT="32" WC="0.95" CONTENT="bestämmelser"/><SP WIDTH="27" VPOS="983" HPOS="565"/>
							<String ID="string_105" HPOS="592" VPOS="985" WIDTH="50" HEIGHT="28" WC="0.96" CONTENT="äro"/><SP WIDTH="30" VPOS="985" HPOS="642"/>
							<String ID="string_106" HPOS="672" VPOS="981" WIDTH="9" HEIGHT="31" WC="0.93" CONTENT="i"/><SP WIDTH="24" VPOS="981" HPOS="681"/>
							<String ID="string_107" HPOS="705" VPOS="980" WIDTH="162" HEIGHT="32" WC="0.91" CONTENT="hvartdera"/><SP WIDTH="27" VPOS="980" HPOS="867"/>
							<String ID="string_108" HPOS="894" VPOS="980" WIDTH="88" HEIGHT="37" WC="0.96" CONTENT="riket,"/><SP WIDTH="30" VPOS="980" HPOS="982"/>
							<String ID="string_109" HPOS="1012" VPOS="979" WIDTH="43" HEIGHT="31" WC="0.96" CONTENT="för"/><SP WIDTH="29" VPOS="979" HPOS="1055"/>
							<String ID="string_110" HPOS="1084" VPOS="979" WIDTH="33" HEIGHT="31" WC="0.96" CONTENT="så"/><SP WIDTH="28" VPOS="979" HPOS="1117"/>
							<String ID="string_111" HPOS="1145" VPOS="978" WIDTH="64" HEIGHT="31" WC="0.96" CONTENT="vidt"/><SP WIDTH="28" VPOS="978" HPOS="1209"/>
							<String ID="string_112" HPOS="1237" VPOS="977" WIDTH="93" HEIGHT="41" WC="0.96" CONTENT="angår"/><SP WIDTH="28" VPOS="977" HPOS="1330"/>
							<String ID="string_113" HPOS="1358" VPOS="977" WIDTH="94" HEIGHT="31" WC="0.96" CONTENT="andra"/><SP WIDTH="27" VPOS="977" HPOS="1452"/>
							<String ID="string_114" HPOS="1479" VPOS="976" WIDTH="77" HEIGHT="31" WC="0.96" CONTENT="riket"/><SP WIDTH="27" VPOS="976" HPOS="1556"/>
							<String ID="string_115" HPOS="1583" VPOS="976" WIDTH="72" HEIGHT="31" WC="0.96" CONTENT="eller"/><SP WIDTH="20" VPOS="976" HPOS="1655"/>
							<String ID="string_116" HPOS="1675" VPOS="975" WIDTH="67" HEIGHT="31" WC="0.93" CONTENT="dess"/><SP WIDTH="21" VPOS="975" HPOS="1742"/>
							<String ID="string_117" HPOS="1763" VPOS="984" WIDTH="53" HEIGHT="21" WC="0.93" CONTENT="un-"/>
						</TextLine>
						<TextLine ID="line_12" HPOS="217" VPOS="1026" WIDTH="1479" HEIGHT="49">
							<String ID="string_118" HPOS="217" VPOS="1035" WIDTH="145" HEIGHT="39" WC="0.91" CONTENT="dersåter,"/><SP WIDTH="30" VPOS="1035" HPOS="362"/>
							<String ID="string_119" HPOS="392" VPOS="1035" WIDTH="75" HEIGHT="32" WC="0.96" CONTENT="först"/><SP WIDTH="26" VPOS="1035" HPOS="467"/>
							<String ID="string_120" HPOS="493" VPOS="1033" WIDTH="154" HEIGHT="42" WC="0.95" CONTENT="gällande,"/><SP WIDTH="31" VPOS="1033" HPOS="647"/>
							<String ID="string_121" HPOS="678" VPOS="1036" WIDTH="53" HEIGHT="28" WC="0.96" CONTENT="när"/><SP WIDTH="28" VPOS="1036" HPOS="731"/>
							<String ID="string_122" HPOS="759" VPOS="1032" WIDTH="214" HEIGHT="32" WC="0.96" CONTENT="motsvarande"/><SP WIDTH="29" VPOS="1032" HPOS="973"/>
							<String ID="string_123" HPOS="1002" VPOS="1031" WIDTH="101" HEIGHT="31" WC="0.94" CONTENT="beslut"/><SP WIDTH="28" VPOS="1031" HPOS="1103"/>
							<String ID="string_124" HPOS="1131" VPOS="1033" WIDTH="32" HEIGHT="28" WC="0.92" CONTENT="är"/><SP WIDTH="26" VPOS="1033" HPOS="1163"/>
							<String ID="string_125" HPOS="1189" VPOS="1030" WIDTH="113" HEIGHT="31" WC="0.90" CONTENT="fattadt"/><SP WIDTH="27" VPOS="1030" HPOS="1302"/>
							<String ID="string_126" HPOS="1329" VPOS="1029" WIDTH="17" HEIGHT="31" WC="0.92" CONTENT="å"/><SP WIDTH="28" VPOS="1029" HPOS="1346"/>
							<String ID="string_127" HPOS="1374" VPOS="1029" WIDTH="56" HEIGHT="31" WC="0.96" CONTENT="den"/><SP WIDTH="28" VPOS="1029" HPOS="1430"/>
							<String ID="string_128" HPOS="1458" VPOS="1028" WIDTH="94" HEIGHT="31" WC="0.96" CONTENT="andra"/><SP WIDTH="28" VPOS="1028" HPOS="1552"/>
							<String ID="string_129" HPOS="1580" VPOS="1026" WIDTH="116" HEIGHT="32" WC="0.73" CONTENT="sidan.»"/>
						</TextLine>
					</TextBlock>
				</ComposedBlock>
				<ComposedBlock ID="cblock_4" HPOS="212" VPOS="1128" WIDTH="1605" HEIGHT="411">
					<TextBlock ID="block_4" HPOS="212" VPOS="1128" WIDTH="1605" HEIGHT="355">
						<TextLine ID="line_13" HPOS="371" VPOS="1128" WIDTH="1445" HEIGHT="50">
							<String ID="string_130" HPOS="371" VPOS="1138" WIDTH="155" HEIGHT="40" WC="0.92" CONTENT="Derjemte"/><SP WIDTH="41" VPOS="1138" HPOS="526"/>
							<String ID="string_131" HPOS="567" VPOS="1137" WIDTH="55" HEIGHT="31" WC="0.95" CONTENT="har"/><SP WIDTH="40" VPOS="1137" HPOS="622"/>
							<String ID="string_132" HPOS="662" VPOS="1136" WIDTH="156" HEIGHT="32" WC="0.96" CONTENT="Utskottet"/><SP WIDTH="32" VPOS="1136" HPOS="818"/>
							<String ID="string_133" HPOS="850" VPOS="1135" WIDTH="121" HEIGHT="32" WC="0.95" CONTENT="erhållit"/><SP WIDTH="27" VPOS="1135" HPOS="971"/>
							<String ID="string_134" HPOS="998" VPOS="1135" WIDTH="49" HEIGHT="31" WC="0.96" CONTENT="del"/><SP WIDTH="27" VPOS="1135" HPOS="1047"/>
							<String ID="string_135" HPOS="1074" VPOS="1134" WIDTH="34" HEIGHT="31" WC="0.96" CONTENT="af"/><SP WIDTH="23" VPOS="1134" HPOS="1108"/>
							<String ID="string_136" HPOS="1131" VPOS="1133" WIDTH="36" HEIGHT="32" WC="0.96" CONTENT="de"/><SP WIDTH="28" VPOS="1133" HPOS="1167"/>
							<String ID="string_137" HPOS="1195" VPOS="1133" WIDTH="49" HEIGHT="31" WC="0.96" CONTENT="vid"/><SP WIDTH="29" VPOS="1133" HPOS="1244"/>
							<String ID="string_138" HPOS="1273" VPOS="1132" WIDTH="138" HEIGHT="32" WC="0.96" CONTENT="ärendets"/><SP WIDTH="28" VPOS="1132" HPOS="1411"/>
							<String ID="string_139" HPOS="1439" VPOS="1130" WIDTH="212" HEIGHT="41" WC="0.95" CONTENT="föredragning"/><SP WIDTH="27" VPOS="1130" HPOS="1651"/>
							<String ID="string_140" HPOS="1678" VPOS="1130" WIDTH="10" HEIGHT="31" WC="0.93" CONTENT="i"/><SP WIDTH="27" VPOS="1130" HPOS="1688"/>
							<String ID="string_141" HPOS="1715" VPOS="1128" WIDTH="101" HEIGHT="32" WC="0.78" CONTENT="Stats-"/>
						</TextLine>
						<TextLine ID="line_14" HPOS="212" VPOS="1181" WIDTH="1605" HEIGHT="49">
							<String ID="string_142" HPOS="212" VPOS="1191" WIDTH="87" HEIGHT="32" WC="0.93" CONTENT="rådet"/><SP WIDTH="42" VPOS="1191" HPOS="299"/>
							<String ID="string_143" HPOS="341" VPOS="1190" WIDTH="56" HEIGHT="32" WC="0.95" CONTENT="och"/><SP WIDTH="41" VPOS="1190" HPOS="397"/>
							<String ID="string_144" HPOS="438" VPOS="1190" WIDTH="55" HEIGHT="31" WC="0.96" CONTENT="hos"/><SP WIDTH="43" VPOS="1190" HPOS="493"/>
							<String ID="string_145" HPOS="536" VPOS="1189" WIDTH="118" HEIGHT="41" WC="0.94" CONTENT="Högsta"/><SP WIDTH="43" VPOS="1189" HPOS="654"/>
							<String ID="string_146" HPOS="697" VPOS="1188" WIDTH="177" HEIGHT="31" WC="0.96" CONTENT="Domstolen"/><SP WIDTH="29" VPOS="1188" HPOS="874"/>
							<String ID="string_147" HPOS="903" VPOS="1186" WIDTH="85" HEIGHT="32" WC="0.96" CONTENT="förda"/><SP WIDTH="25" VPOS="1186" HPOS="988"/>
							<String ID="string_148" HPOS="1013" VPOS="1186" WIDTH="162" HEIGHT="40" WC="0.94" CONTENT="protokoll,"/><SP WIDTH="31" VPOS="1186" HPOS="1175"/>
							<String ID="string_149" HPOS="1206" VPOS="1185" WIDTH="81" HEIGHT="31" WC="0.96" CONTENT="samt"/><SP WIDTH="27" VPOS="1185" HPOS="1287"/>
							<String ID="string_150" HPOS="1314" VPOS="1184" WIDTH="57" HEIGHT="31" WC="0.96" CONTENT="fått"/><SP WIDTH="29" VPOS="1184" HPOS="1371"/>
							<String ID="string_151" HPOS="1400" VPOS="1184" WIDTH="46" HEIGHT="40" WC="0.92" CONTENT="sig"/><SP WIDTH="27" VPOS="1184" HPOS="1446"/>
							<String ID="string_152" HPOS="1473" VPOS="1181" WIDTH="160" HEIGHT="33" WC="0.92" CONTENT="tillställde"/><SP WIDTH="28" VPOS="1181" HPOS="1633"/>
							<String ID="string_153" HPOS="1661" VPOS="1181" WIDTH="156" HEIGHT="40" WC="0.96" CONTENT="åtskilliga"/>
						</TextLine>
						<TextLine ID="line_15" HPOS="214" VPOS="1232" WIDTH="1601" HEIGHT="48">
							<String ID="string_154" HPOS="214" VPOS="1242" WIDTH="106" HEIGHT="38" WC="0.96" CONTENT="andra,"/><SP WIDTH="31" VPOS="1242" HPOS="320"/>
							<String ID="string_155" HPOS="351" VPOS="1242" WIDTH="92" HEIGHT="31" WC="0.96" CONTENT="saken"/><SP WIDTH="28" VPOS="1242" HPOS="443"/>
							<String ID="string_156" HPOS="471" VPOS="1241" WIDTH="137" HEIGHT="36" WC="0.96" CONTENT="rörande,"/><SP WIDTH="30" VPOS="1241" HPOS="608"/>
							<String ID="string_157" HPOS="638" VPOS="1240" WIDTH="199" HEIGHT="40" WC="0.96" CONTENT="handlingar;"/><SP WIDTH="32" VPOS="1240" HPOS="837"/>
							<String ID="string_158" HPOS="869" VPOS="1239" WIDTH="56" HEIGHT="30" WC="0.96" CONTENT="och"/><SP WIDTH="29" VPOS="1239" HPOS="925"/>
							<String ID="string_159" HPOS="954" VPOS="1248" WIDTH="64" HEIGHT="21" WC="0.92" CONTENT="som"/><SP WIDTH="29" VPOS="1248" HPOS="1018"/>
							<String ID="string_160" HPOS="1047" VPOS="1237" WIDTH="270" HEIGHT="32" WC="0.89" CONTENT="Gränsetraktaten"/><SP WIDTH="28" VPOS="1237" HPOS="1317"/>
							<String ID="string_161" HPOS="1345" VPOS="1236" WIDTH="131" HEIGHT="31" WC="0.96" CONTENT="emellan"/><SP WIDTH="28" VPOS="1236" HPOS="1476"/>
							<String ID="string_162" HPOS="1504" VPOS="1233" WIDTH="123" HEIGHT="40" WC="0.96" CONTENT="Sverige"/><SP WIDTH="29" VPOS="1233" HPOS="1627"/>
							<String ID="string_163" HPOS="1656" VPOS="1232" WIDTH="56" HEIGHT="32" WC="0.93" CONTENT="och"/><SP WIDTH="19" VPOS="1232" HPOS="1712"/>
							<String ID="string_164" HPOS="1731" VPOS="1232" WIDTH="84" HEIGHT="31" WC="0.92" CONTENT="Dan-"/>
						</TextLine>
						<TextLine ID="line_16" HPOS="214" VPOS="1284" WIDTH="1601" HEIGHT="44">
							<String ID="string_165" HPOS="214" VPOS="1294" WIDTH="88" HEIGHT="32" WC="0.95" CONTENT="mark"/><SP WIDTH="37" VPOS="1294" HPOS="302"/>
							<String ID="string_166" HPOS="339" VPOS="1293" WIDTH="57" HEIGHT="32" WC="0.96" CONTENT="den"/><SP WIDTH="29" VPOS="1293" HPOS="396"/>
							<String ID="string_167" HPOS="425" VPOS="1288" WIDTH="53" HEIGHT="40" WC="0.5" CONTENT="7/18"/><SP WIDTH="30" VPOS="1288" HPOS="478"/>
							<String ID="string_168" HPOS="508" VPOS="1292" WIDTH="132" HEIGHT="31" WC="0.96" CONTENT="Oktober"/><SP WIDTH="33" VPOS="1292" HPOS="640"/>
							<String ID="string_169" HPOS="673" VPOS="1292" WIDTH="91" HEIGHT="30" WC="0.96" CONTENT="1751"/><SP WIDTH="34" VPOS="1292" HPOS="764"/>
							<String ID="string_170" HPOS="798" VPOS="1290" WIDTH="69" HEIGHT="31" WC="0.93" CONTENT="med"/><SP WIDTH="28" VPOS="1290" HPOS="867"/>
							<String ID="string_171" HPOS="895" VPOS="1290" WIDTH="100" HEIGHT="31" WC="0.91" CONTENT="dertill"/><SP WIDTH="28" VPOS="1290" HPOS="995"/>
							<String ID="string_172" HPOS="1023" VPOS="1289" WIDTH="132" HEIGHT="31" WC="0.96" CONTENT="hörande"/><SP WIDTH="28" VPOS="1289" HPOS="1155"/>
							<String ID="string_173" HPOS="1183" VPOS="1289" WIDTH="94" HEIGHT="30" WC="0.96" CONTENT="första"/><SP WIDTH="28" VPOS="1289" HPOS="1277"/>
							<String ID="string_174" HPOS="1305" VPOS="1288" WIDTH="114" HEIGHT="39" WC="0.96" CONTENT="bihang"/><SP WIDTH="28" VPOS="1288" HPOS="1419"/>
							<String ID="string_175" HPOS="1447" VPOS="1286" WIDTH="74" HEIGHT="31" WC="0.92" CONTENT="eller"/><SP WIDTH="28" VPOS="1286" HPOS="1521"/>
							<String ID="string_176" HPOS="1549" VPOS="1284" WIDTH="132" HEIGHT="36" WC="0.92" CONTENT="codicill,"/><SP WIDTH="31" VPOS="1284" HPOS="1681"/>
							<String ID="string_177" HPOS="1712" VPOS="1284" WIDTH="103" HEIGHT="31" WC="0.96" CONTENT="hvilka"/>
						</TextLine>
						<TextLine ID="line_17" HPOS="214" VPOS="1336" WIDTH="1600" HEIGHT="49">
							<String ID="string_178" HPOS="214" VPOS="1344" WIDTH="264" HEIGHT="41" WC="0.90" CONTENT="statshandlingar"/><SP WIDTH="39" VPOS="1344" HPOS="478"/>
							<String ID="string_179" HPOS="517" VPOS="1344" WIDTH="45" HEIGHT="31" WC="0.96" CONTENT="för"/><SP WIDTH="40" VPOS="1344" HPOS="562"/>
							<String ID="string_180" HPOS="602" VPOS="1342" WIDTH="187" HEIGHT="32" WC="0.93" CONTENT="närvarande"/><SP WIDTH="40" VPOS="1342" HPOS="789"/>
							<String ID="string_181" HPOS="829" VPOS="1342" WIDTH="119" HEIGHT="41" WC="0.91" CONTENT="reglera"/><SP WIDTH="33" VPOS="1342" HPOS="948"/>
							<String ID="string_182" HPOS="981" VPOS="1341" WIDTH="172" HEIGHT="40" WC="0.82" CONTENT="Lapparnes"/><SP WIDTH="30" VPOS="1341" HPOS="1153"/>
							<String ID="string_183" HPOS="1183" VPOS="1339" WIDTH="146" HEIGHT="41" WC="0.96" CONTENT="ställning"/><SP WIDTH="27" VPOS="1339" HPOS="1329"/>
							<String ID="string_184" HPOS="1356" VPOS="1339" WIDTH="81" HEIGHT="30" WC="0.96" CONTENT="inom"/><SP WIDTH="30" VPOS="1339" HPOS="1437"/>
							<String ID="string_185" HPOS="1467" VPOS="1337" WIDTH="122" HEIGHT="40" WC="0.95" CONTENT="Sverige"/><SP WIDTH="29" VPOS="1337" HPOS="1589"/>
							<String ID="string_186" HPOS="1618" VPOS="1336" WIDTH="56" HEIGHT="32" WC="0.96" CONTENT="och"/><SP WIDTH="28" VPOS="1336" HPOS="1674"/>
							<String ID="string_187" HPOS="1702" VPOS="1336" WIDTH="112" HEIGHT="40" WC="0.96" CONTENT="Norge,"/>
						</TextLine>
						<TextLine ID="line_18" HPOS="214" VPOS="1388" WIDTH="1602" HEIGHT="46">
							<String ID="string_188" HPOS="214" VPOS="1397" WIDTH="86" HEIGHT="32" WC="0.96" CONTENT="torde"/><SP WIDTH="42" VPOS="1397" HPOS="300"/>
							<String ID="string_189" HPOS="342" VPOS="1406" WIDTH="73" HEIGHT="21" WC="0.96" CONTENT="vara"/><SP WIDTH="40" VPOS="1406" HPOS="415"/>
							<String ID="string_190" HPOS="455" VPOS="1395" WIDTH="118" HEIGHT="32" WC="0.96" CONTENT="mindre"/><SP WIDTH="42" VPOS="1395" HPOS="573"/>
							<String ID="string_191" HPOS="615" VPOS="1395" WIDTH="128" HEIGHT="31" WC="0.93" CONTENT="allmänt"/><SP WIDTH="40" VPOS="1395" HPOS="743"/>
							<String ID="string_192" HPOS="783" VPOS="1393" WIDTH="203" HEIGHT="41" WC="0.93" CONTENT="tillgängliga,"/><SP WIDTH="35" VPOS="1393" HPOS="986"/>
							<String ID="string_193" HPOS="1021" VPOS="1402" WIDTH="68" HEIGHT="21" WC="0.96" CONTENT="men"/><SP WIDTH="29" VPOS="1402" HPOS="1089"/>
							<String ID="string_194" HPOS="1118" VPOS="1391" WIDTH="168" HEIGHT="32" WC="0.96" CONTENT="kännedom"/><SP WIDTH="30" VPOS="1391" HPOS="1286"/>
							<String ID="string_195" HPOS="1316" VPOS="1390" WIDTH="31" HEIGHT="31" WC="0.96" CONTENT="af"/><SP WIDTH="26" VPOS="1390" HPOS="1347"/>
							<String ID="string_196" HPOS="1373" VPOS="1390" WIDTH="159" HEIGHT="31" WC="0.95" CONTENT="desamma"/><SP WIDTH="28" VPOS="1390" HPOS="1532"/>
							<String ID="string_197" HPOS="1560" VPOS="1389" WIDTH="44" HEIGHT="30" WC="0.95" CONTENT="för"/><SP WIDTH="27" VPOS="1389" HPOS="1604"/>
							<String ID="string_198" HPOS="1631" VPOS="1398" WIDTH="40" HEIGHT="21" WC="0.91" CONTENT="nu"/><SP WIDTH="28" VPOS="1398" HPOS="1671"/>
							<String ID="string_199" HPOS="1699" VPOS="1388" WIDTH="117" HEIGHT="30" WC="0.90" CONTENT="föreva-"/>
						</TextLine>
						<TextLine ID="line_19" HPOS="214" VPOS="1440" WIDTH="1443" HEIGHT="43">
							<String ID="string_200" HPOS="214" VPOS="1448" WIDTH="95" HEIGHT="33" WC="0.92" CONTENT="rande"/><SP WIDTH="42" VPOS="1448" HPOS="309"/>
							<String ID="string_201" HPOS="351" VPOS="1447" WIDTH="126" HEIGHT="32" WC="0.92" CONTENT="ärendes"/><SP WIDTH="42" VPOS="1447" HPOS="477"/>
							<String ID="string_202" HPOS="519" VPOS="1446" WIDTH="187" HEIGHT="32" WC="0.96" CONTENT="bedömande"/><SP WIDTH="41" VPOS="1446" HPOS="706"/>
							<String ID="string_203" HPOS="747" VPOS="1445" WIDTH="163" HEIGHT="37" WC="0.94" CONTENT="erfordras,"/><SP WIDTH="38" VPOS="1445" HPOS="910"/>
							<String ID="string_204" HPOS="948" VPOS="1454" WIDTH="88" HEIGHT="22" WC="0.96" CONTENT="anser"/><SP WIDTH="35" VPOS="1454" HPOS="1036"/>
							<String ID="string_205" HPOS="1071" VPOS="1443" WIDTH="157" HEIGHT="32" WC="0.95" CONTENT="Utskottet"/><SP WIDTH="27" VPOS="1443" HPOS="1228"/>
							<String ID="string_206" HPOS="1255" VPOS="1443" WIDTH="47" HEIGHT="40" WC="0.96" CONTENT="sig"/><SP WIDTH="27" VPOS="1443" HPOS="1302"/>
							<String ID="string_207" HPOS="1329" VPOS="1443" WIDTH="72" HEIGHT="30" WC="0.96" CONTENT="böra"/><SP WIDTH="25" VPOS="1443" HPOS="1401"/>
							<String ID="string_208" HPOS="1426" VPOS="1441" WIDTH="65" HEIGHT="31" WC="0.93" CONTENT="låta"/><SP WIDTH="28" VPOS="1441" HPOS="1491"/>
							<String ID="string_209" HPOS="1519" VPOS="1440" WIDTH="138" HEIGHT="40" WC="0.91" CONTENT="aftrycka"/>
						</TextLine>
					</TextBlock>
					<TextBlock ID="block_5" HPOS="349" VPOS="1490" WIDTH="1466" HEIGHT="49">
						<TextLine ID="line_20" HPOS="349" VPOS="1490" WIDTH="1466" HEIGHT="49">
							<String ID="string_210" HPOS="349" VPOS="1500" WIDTH="67" HEIGHT="32" WC="0.96" CONTENT="dels"/><SP WIDTH="28" VPOS="1500" HPOS="416"/>
							<String ID="string_211" HPOS="444" VPOS="1499" WIDTH="36" HEIGHT="32" WC="0.96" CONTENT="de"/><SP WIDTH="28" VPOS="1499" HPOS="480"/>
							<String ID="string_212" HPOS="508" VPOS="1499" WIDTH="127" HEIGHT="31" WC="0.96" CONTENT="artiklar"/><SP WIDTH="27" VPOS="1499" HPOS="635"/>
							<String ID="string_213" HPOS="662" VPOS="1498" WIDTH="10" HEIGHT="32" WC="0.96" CONTENT="i"/><SP WIDTH="27" VPOS="1498" HPOS="672"/>
							<String ID="string_214" HPOS="699" VPOS="1497" WIDTH="107" HEIGHT="42" WC="0.96" CONTENT="sjelfva"/><SP WIDTH="26" VPOS="1497" HPOS="806"/>
							<String ID="string_215" HPOS="832" VPOS="1497" WIDTH="164" HEIGHT="36" WC="0.96" CONTENT="traktaten,"/><SP WIDTH="30" VPOS="1497" HPOS="996"/>
							<String ID="string_216" HPOS="1026" VPOS="1505" WIDTH="66" HEIGHT="22" WC="0.96" CONTENT="som"/><SP WIDTH="28" VPOS="1505" HPOS="1092"/>
							<String ID="string_217" HPOS="1120" VPOS="1496" WIDTH="100" HEIGHT="31" WC="0.96" CONTENT="kunna"/><SP WIDTH="27" VPOS="1496" HPOS="1220"/>
							<String ID="string_218" HPOS="1247" VPOS="1503" WIDTH="88" HEIGHT="23" WC="0.96" CONTENT="anses"/><SP WIDTH="27" VPOS="1503" HPOS="1335"/>
							<String ID="string_219" HPOS="1362" VPOS="1493" WIDTH="46" HEIGHT="31" WC="0.93" CONTENT="hit"/><SP WIDTH="27" VPOS="1493" HPOS="1408"/>
							<String ID="string_220" HPOS="1435" VPOS="1492" WIDTH="181" HEIGHT="42" WC="0.91" CONTENT="hänförliga,"/><SP WIDTH="30" VPOS="1492" HPOS="1616"/>
							<String ID="string_221" HPOS="1646" VPOS="1490" WIDTH="169" HEIGHT="40" WC="0.91" CONTENT="nemligen:"/>
						</TextLine>
					</TextBlock>
				</ComposedBlock>
				<ComposedBlock ID="cblock_5" HPOS="916" VPOS="1594" WIDTH="201" HEIGHT="42">
					<TextBlock ID="block_6" HPOS="916" VPOS="1594" WIDTH="201" HEIGHT="42">
						<TextLine ID="line_21" HPOS="916" VPOS="1594" WIDTH="201" HEIGHT="42">
							<String ID="string_222" HPOS="916" VPOS="1595" WIDTH="91" HEIGHT="41" WC="0.94" CONTENT="Art."/><SP WIDTH="29" VPOS="1595" HPOS="1007"/>
							<String ID="string_223" HPOS="1036" VPOS="1594" WIDTH="81" HEIGHT="40" WC="0.72" CONTENT="III."/>
						</TextLine>
					</TextBlock>
				</ComposedBlock>
				<ComposedBlock ID="cblock_6" HPOS="216" VPOS="1680" WIDTH="1603" HEIGHT="311">
					<TextBlock ID="block_7" HPOS="216" VPOS="1680" WIDTH="1603" HEIGHT="311">
						<TextLine ID="line_22" HPOS="370" VPOS="1680" WIDTH="1447" HEIGHT="51">
							<String ID="string_224" HPOS="370" VPOS="1689" WIDTH="200" HEIGHT="42" WC="0.92" CONTENT="»Ingenthera"/><SP WIDTH="28" VPOS="1689" HPOS="570"/>
							<String ID="string_225" HPOS="598" VPOS="1688" WIDTH="151" HEIGHT="32" WC="0.91" CONTENT="Cronorne"/><SP WIDTH="29" VPOS="1688" HPOS="749"/>
							<String ID="string_226" HPOS="778" VPOS="1688" WIDTH="65" HEIGHT="31" WC="0.96" CONTENT="skal"/><SP WIDTH="28" VPOS="1688" HPOS="843"/>
							<String ID="string_227" HPOS="871" VPOS="1697" WIDTH="40" HEIGHT="21" WC="0.96" CONTENT="nu"/><SP WIDTH="27" VPOS="1697" HPOS="911"/>
							<String ID="string_228" HPOS="938" VPOS="1687" WIDTH="74" HEIGHT="31" WC="0.92" CONTENT="eller"/><SP WIDTH="27" VPOS="1687" HPOS="1012"/>
							<String ID="string_229" HPOS="1039" VPOS="1685" WIDTH="164" HEIGHT="32" WC="0.91" CONTENT="framdeles"/><SP WIDTH="28" VPOS="1685" HPOS="1203"/>
							<String ID="string_230" HPOS="1231" VPOS="1684" WIDTH="117" HEIGHT="41" WC="0.92" CONTENT="tilägna"/><SP WIDTH="28" VPOS="1684" HPOS="1348"/>
							<String ID="string_231" HPOS="1376" VPOS="1683" WIDTH="48" HEIGHT="41" WC="0.96" CONTENT="sig"/><SP WIDTH="26" VPOS="1683" HPOS="1424"/>
							<String ID="string_232" HPOS="1450" VPOS="1682" WIDTH="98" HEIGHT="41" WC="0.96" CONTENT="någon"/><SP WIDTH="29" VPOS="1682" HPOS="1548"/>
							<String ID="string_233" HPOS="1577" VPOS="1681" WIDTH="81" HEIGHT="32" WC="0.95" CONTENT="skatt"/><SP WIDTH="28" VPOS="1681" HPOS="1658"/>
							<String ID="string_234" HPOS="1686" VPOS="1680" WIDTH="56" HEIGHT="32" WC="0.91" CONTENT="och"/><SP WIDTH="19" VPOS="1680" HPOS="1742"/>
							<String ID="string_235" HPOS="1761" VPOS="1690" WIDTH="56" HEIGHT="30" WC="0.91" CONTENT="up-"/>
						</TextLine>
						<TextLine ID="line_23" HPOS="216" VPOS="1732" WIDTH="1600" HEIGHT="49">
							<String ID="string_236" HPOS="216" VPOS="1742" WIDTH="75" HEIGHT="33" WC="0.96" CONTENT="börd"/><SP WIDTH="41" VPOS="1742" HPOS="291"/>
							<String ID="string_237" HPOS="332" VPOS="1743" WIDTH="74" HEIGHT="31" WC="0.96" CONTENT="eller"/><SP WIDTH="41" VPOS="1743" HPOS="406"/>
							<String ID="string_238" HPOS="447" VPOS="1751" WIDTH="97" HEIGHT="22" WC="0.96" CONTENT="annan"/><SP WIDTH="36" VPOS="1751" HPOS="544"/>
							<String ID="string_239" HPOS="580" VPOS="1740" WIDTH="156" HEIGHT="41" WC="0.90" CONTENT="rättighet,"/><SP WIDTH="37" VPOS="1740" HPOS="736"/>
							<String ID="string_240" HPOS="773" VPOS="1740" WIDTH="34" HEIGHT="31" WC="0.96" CONTENT="af"/><SP WIDTH="24" VPOS="1740" HPOS="807"/>
							<String ID="string_241" HPOS="831" VPOS="1739" WIDTH="80" HEIGHT="32" WC="0.96" CONTENT="hvad"/><SP WIDTH="28" VPOS="1739" HPOS="911"/>
							<String ID="string_242" HPOS="939" VPOS="1738" WIDTH="149" HEIGHT="42" WC="0.95" CONTENT="egenskap"/><SP WIDTH="28" VPOS="1738" HPOS="1088"/>
							<String ID="string_243" HPOS="1116" VPOS="1737" WIDTH="71" HEIGHT="31" WC="0.96" CONTENT="then"/><SP WIDTH="29" VPOS="1737" HPOS="1187"/>
							<String ID="string_244" HPOS="1216" VPOS="1737" WIDTH="56" HEIGHT="31" WC="0.96" CONTENT="och"/><SP WIDTH="28" VPOS="1737" HPOS="1272"/>
							<String ID="string_245" HPOS="1300" VPOS="1745" WIDTH="73" HEIGHT="22" WC="0.96" CONTENT="vara"/><SP WIDTH="27" VPOS="1745" HPOS="1373"/>
							<String ID="string_246" HPOS="1400" VPOS="1734" WIDTH="60" HEIGHT="38" WC="0.96" CONTENT="må,"/><SP WIDTH="30" VPOS="1734" HPOS="1460"/>
							<String ID="string_247" HPOS="1490" VPOS="1734" WIDTH="29" HEIGHT="31" WC="0.96" CONTENT="in"/><SP WIDTH="28" VPOS="1734" HPOS="1519"/>
							<String ID="string_248" HPOS="1547" VPOS="1734" WIDTH="81" HEIGHT="31" WC="0.93" CONTENT="öfver"/><SP WIDTH="27" VPOS="1734" HPOS="1628"/>
							<String ID="string_249" HPOS="1655" VPOS="1732" WIDTH="161" HEIGHT="36" WC="0.90" CONTENT="Gräntsen,"/>
						</TextLine>
						<TextLine ID="line_24" HPOS="216" VPOS="1785" WIDTH="1603" HEIGHT="49">
							<String ID="string_250" HPOS="216" VPOS="1794" WIDTH="134" HEIGHT="32" WC="0.92" CONTENT="hvarken"/><SP WIDTH="40" VPOS="1794" HPOS="350"/>
							<String ID="string_251" HPOS="390" VPOS="1794" WIDTH="10" HEIGHT="31" WC="0.95" CONTENT="i"/><SP WIDTH="35" VPOS="1794" HPOS="400"/>
							<String ID="string_252" HPOS="435" VPOS="1793" WIDTH="70" HEIGHT="41" WC="0.95" CONTENT="följe"/><SP WIDTH="42" VPOS="1793" HPOS="505"/>
							<String ID="string_253" HPOS="547" VPOS="1793" WIDTH="33" HEIGHT="31" WC="0.92" CONTENT="af"/><SP WIDTH="32" VPOS="1793" HPOS="580"/>
							<String ID="string_254" HPOS="612" VPOS="1792" WIDTH="164" HEIGHT="32" WC="0.55" CONTENT="Stettinske"/><SP WIDTH="27" VPOS="1792" HPOS="776"/>
							<String ID="string_255" HPOS="803" VPOS="1791" WIDTH="164" HEIGHT="39" WC="0.93" CONTENT="fördraget,"/><SP WIDTH="31" VPOS="1791" HPOS="967"/>
							<String ID="string_256" HPOS="998" VPOS="1790" WIDTH="73" HEIGHT="32" WC="0.93" CONTENT="eller"/><SP WIDTH="27" VPOS="1790" HPOS="1071"/>
							<String ID="string_257" HPOS="1098" VPOS="1789" WIDTH="91" HEIGHT="42" WC="0.91" CONTENT="någre"/><SP WIDTH="28" VPOS="1789" HPOS="1189"/>
							<String ID="string_258" HPOS="1217" VPOS="1788" WIDTH="93" HEIGHT="32" WC="0.96" CONTENT="andra"/><SP WIDTH="26" VPOS="1788" HPOS="1310"/>
							<String ID="string_259" HPOS="1336" VPOS="1788" WIDTH="45" HEIGHT="31" WC="0.92" CONTENT="för"/><SP WIDTH="27" VPOS="1788" HPOS="1381"/>
							<String ID="string_260" HPOS="1408" VPOS="1787" WIDTH="99" HEIGHT="31" WC="0.92" CONTENT="thetta"/><SP WIDTH="26" VPOS="1787" HPOS="1507"/>
							<String ID="string_261" HPOS="1533" VPOS="1785" WIDTH="106" HEIGHT="41" WC="0.93" CONTENT="gjorde"/><SP WIDTH="28" VPOS="1785" HPOS="1639"/>
							<String ID="string_262" HPOS="1667" VPOS="1785" WIDTH="152" HEIGHT="31" WC="0.91" CONTENT="öfverens-"/>
						</TextLine>
						<TextLine ID="line_25" HPOS="216" VPOS="1836" WIDTH="1601" HEIGHT="47">
							<String ID="string_263" HPOS="216" VPOS="1846" WIDTH="194" HEIGHT="37" WC="0.91" CONTENT="kommelser,"/><SP WIDTH="31" VPOS="1846" HPOS="410"/>
							<String ID="string_264" HPOS="441" VPOS="1855" WIDTH="68" HEIGHT="21" WC="0.96" CONTENT="men"/><SP WIDTH="29" VPOS="1855" HPOS="509"/>
							<String ID="string_265" HPOS="538" VPOS="1854" WIDTH="66" HEIGHT="22" WC="0.95" CONTENT="som"/><SP WIDTH="28" VPOS="1854" HPOS="604"/>
							<String ID="string_266" HPOS="632" VPOS="1847" WIDTH="82" HEIGHT="28" WC="0.95" CONTENT="ömse"/><SP WIDTH="29" VPOS="1847" HPOS="714"/>
							<String ID="string_267" HPOS="743" VPOS="1843" WIDTH="98" HEIGHT="32" WC="0.93" CONTENT="sidors"/><SP WIDTH="28" VPOS="1843" HPOS="841"/>
							<String ID="string_268" HPOS="869" VPOS="1843" WIDTH="120" HEIGHT="40" WC="0.91" CONTENT="Lappar"/><SP WIDTH="26" VPOS="1843" HPOS="989"/>
							<String ID="string_269" HPOS="1015" VPOS="1841" WIDTH="129" HEIGHT="32" WC="0.91" CONTENT="behöfva"/><SP WIDTH="27" VPOS="1841" HPOS="1144"/>
							<String ID="string_270" HPOS="1171" VPOS="1841" WIDTH="96" HEIGHT="40" WC="0.93" CONTENT="begge"/><SP WIDTH="28" VPOS="1841" HPOS="1267"/>
							<String ID="string_271" HPOS="1295" VPOS="1839" WIDTH="111" HEIGHT="32" WC="0.72" CONTENT="Rikens"/><SP WIDTH="27" VPOS="1839" HPOS="1406"/>
							<String ID="string_272" HPOS="1433" VPOS="1837" WIDTH="86" HEIGHT="32" WC="0.95" CONTENT="Land"/><SP WIDTH="28" VPOS="1837" HPOS="1519"/>
							<String ID="string_273" HPOS="1547" VPOS="1838" WIDTH="36" HEIGHT="31" WC="0.93" CONTENT="til"/><SP WIDTH="32" VPOS="1838" HPOS="1583"/>
							<String ID="string_274" HPOS="1615" VPOS="1837" WIDTH="102" HEIGHT="31" WC="0.92" CONTENT="theras"/><SP WIDTH="20" VPOS="1837" HPOS="1717"/>
							<String ID="string_275" HPOS="1737" VPOS="1836" WIDTH="80" HEIGHT="31" WC="0.90" CONTENT="Ren-"/>
						</TextLine>
						<TextLine ID="line_26" HPOS="218" VPOS="1888" WIDTH="1600" HEIGHT="50">
							<String ID="string_276" HPOS="218" VPOS="1898" WIDTH="82" HEIGHT="40" WC="0.96" CONTENT="djurs"/><SP WIDTH="40" VPOS="1898" HPOS="300"/>
							<String ID="string_277" HPOS="340" VPOS="1897" WIDTH="176" HEIGHT="41" WC="0.96" CONTENT="uppehälle;"/><SP WIDTH="43" VPOS="1897" HPOS="516"/>
							<String ID="string_278" HPOS="559" VPOS="1896" WIDTH="33" HEIGHT="31" WC="0.96" CONTENT="så"/><SP WIDTH="34" VPOS="1896" HPOS="592"/>
							<String ID="string_279" HPOS="626" VPOS="1896" WIDTH="54" HEIGHT="31" WC="0.96" CONTENT="har"/><SP WIDTH="27" VPOS="1896" HPOS="680"/>
							<String ID="string_280" HPOS="707" VPOS="1906" WIDTH="72" HEIGHT="20" WC="0.96" CONTENT="man"/><SP WIDTH="28" VPOS="1906" HPOS="779"/>
							<String ID="string_281" HPOS="807" VPOS="1895" WIDTH="10" HEIGHT="31" WC="0.96" CONTENT="i"/><SP WIDTH="29" VPOS="1895" HPOS="817"/>
							<String ID="string_282" HPOS="846" VPOS="1894" WIDTH="148" HEIGHT="32" WC="0.96" CONTENT="anseende"/><SP WIDTH="28" VPOS="1894" HPOS="994"/>
							<String ID="string_283" HPOS="1022" VPOS="1894" WIDTH="35" HEIGHT="31" WC="0.96" CONTENT="til"/><SP WIDTH="28" VPOS="1894" HPOS="1057"/>
							<String ID="string_284" HPOS="1085" VPOS="1893" WIDTH="84" HEIGHT="31" WC="0.92" CONTENT="them"/><SP WIDTH="28" VPOS="1893" HPOS="1169"/>
							<String ID="string_285" HPOS="1197" VPOS="1890" WIDTH="267" HEIGHT="33" WC="0.90" CONTENT="öfverenskommit"/><SP WIDTH="28" VPOS="1890" HPOS="1464"/>
							<String ID="string_286" HPOS="1492" VPOS="1899" WIDTH="49" HEIGHT="22" WC="0.85" CONTENT="om"/><SP WIDTH="29" VPOS="1899" HPOS="1541"/>
							<String ID="string_287" HPOS="1570" VPOS="1889" WIDTH="111" HEIGHT="31" WC="0.85" CONTENT="sådane"/><SP WIDTH="28" VPOS="1889" HPOS="1681"/>
							<String ID="string_288" HPOS="1709" VPOS="1888" WIDTH="109" HEIGHT="32" WC="0.91" CONTENT="inrätt-"/>
						</TextLine>
						<TextLine ID="line_27" HPOS="217" VPOS="1940" WIDTH="1517" HEIGHT="51">
							<String ID="string_289" HPOS="217" VPOS="1950" WIDTH="119" HEIGHT="41" WC="0.96" CONTENT="ningar,"/><SP WIDTH="32" VPOS="1950" HPOS="336"/>
							<String ID="string_290" HPOS="368" VPOS="1959" WIDTH="66" HEIGHT="21" WC="0.96" CONTENT="som"/><SP WIDTH="28" VPOS="1959" HPOS="434"/>
							<String ID="string_291" HPOS="462" VPOS="1949" WIDTH="42" HEIGHT="31" WC="0.93" CONTENT="uti"/><SP WIDTH="30" VPOS="1949" HPOS="504"/>
							<String ID="string_292" HPOS="534" VPOS="1948" WIDTH="112" HEIGHT="32" WC="0.91" CONTENT="thenna"/><SP WIDTH="28" VPOS="1948" HPOS="646"/>
							<String ID="string_293" HPOS="674" VPOS="1946" WIDTH="293" HEIGHT="34" WC="0.91" CONTENT="Gräntse-Tractats"/><SP WIDTH="27" VPOS="1946" HPOS="967"/>
							<String ID="string_294" HPOS="994" VPOS="1945" WIDTH="105" HEIGHT="32" WC="0.93" CONTENT="Förste"/><SP WIDTH="28" VPOS="1945" HPOS="1099"/>
							<String ID="string_295" HPOS="1127" VPOS="1944" WIDTH="121" HEIGHT="40" WC="0.91" CONTENT="Bihang"/><SP WIDTH="27" VPOS="1944" HPOS="1248"/>
							<String ID="string_296" HPOS="1275" VPOS="1944" WIDTH="73" HEIGHT="31" WC="0.93" CONTENT="eller"/><SP WIDTH="28" VPOS="1944" HPOS="1348"/>
							<String ID="string_297" HPOS="1376" VPOS="1941" WIDTH="135" HEIGHT="32" WC="0.92" CONTENT="Codecill"/><SP WIDTH="27" VPOS="1941" HPOS="1511"/>
							<String ID="string_298" HPOS="1538" VPOS="1940" WIDTH="196" HEIGHT="32" WC="0.91" CONTENT="innehålles.»"/>
						</TextLine>
					</TextBlock>
				</ComposedBlock>
				<ComposedBlock ID="cblock_7" HPOS="899" VPOS="2043" WIDTH="238" HEIGHT="42">
					<TextBlock ID="block_8" HPOS="899" VPOS="2043" WIDTH="238" HEIGHT="42">
						<TextLine ID="line_28" HPOS="899" VPOS="2043" WIDTH="238" HEIGHT="42">
							<String ID="string_299" HPOS="899" VPOS="2045" WIDTH="92" HEIGHT="40" WC="0.92" CONTENT="Art."/><SP WIDTH="30" VPOS="2045" HPOS="991"/>
							<String ID="string_300" HPOS="1021" VPOS="2043" WIDTH="116" HEIGHT="41" WC="0.77" CONTENT="VIIL"/>
						</TextLine>
					</TextBlock>
				</ComposedBlock>
				<ComposedBlock ID="cblock_8" HPOS="219" VPOS="2130" WIDTH="1600" HEIGHT="257">
					<TextBlock ID="block_9" HPOS="219" VPOS="2130" WIDTH="1600" HEIGHT="257">
						<TextLine ID="line_29" HPOS="371" VPOS="2130" WIDTH="1448" HEIGHT="51">
							<String ID="string_301" HPOS="371" VPOS="2140" WIDTH="208" HEIGHT="41" WC="0.86" CONTENT="»Föregående"/><SP WIDTH="41" VPOS="2140" HPOS="579"/>
							<String ID="string_302" HPOS="620" VPOS="2138" WIDTH="286" HEIGHT="36" WC="0.89" CONTENT="Gräntse-Tractat,"/><SP WIDTH="43" VPOS="2138" HPOS="906"/>
							<String ID="string_303" HPOS="949" VPOS="2137" WIDTH="100" HEIGHT="31" WC="0.96" CONTENT="tillika"/><SP WIDTH="29" VPOS="2137" HPOS="1049"/>
							<String ID="string_304" HPOS="1078" VPOS="2136" WIDTH="68" HEIGHT="31" WC="0.93" CONTENT="med"/><SP WIDTH="25" VPOS="2136" HPOS="1146"/>
							<String ID="string_305" HPOS="1171" VPOS="2135" WIDTH="83" HEIGHT="31" WC="0.91" CONTENT="thess"/><SP WIDTH="28" VPOS="2135" HPOS="1254"/>
							<String ID="string_306" HPOS="1282" VPOS="2133" WIDTH="171" HEIGHT="32" WC="0.92" CONTENT="tilhörande"/><SP WIDTH="27" VPOS="2133" HPOS="1453"/>
							<String ID="string_307" HPOS="1480" VPOS="2132" WIDTH="116" HEIGHT="40" WC="0.85" CONTENT="bihang"/><SP WIDTH="27" VPOS="2132" HPOS="1596"/>
							<String ID="string_308" HPOS="1623" VPOS="2132" WIDTH="73" HEIGHT="31" WC="0.93" CONTENT="eller"/><SP WIDTH="27" VPOS="2132" HPOS="1696"/>
							<String ID="string_309" HPOS="1723" VPOS="2130" WIDTH="96" HEIGHT="32" WC="0.90" CONTENT="Code-"/>
						</TextLine>
						<TextLine ID="line_30" HPOS="220" VPOS="2182" WIDTH="1599" HEIGHT="47">
							<String ID="string_310" HPOS="220" VPOS="2193" WIDTH="95" HEIGHT="36" WC="0.91" CONTENT="ciller,"/><SP WIDTH="44" VPOS="2193" HPOS="315"/>
							<String ID="string_311" HPOS="359" VPOS="2192" WIDTH="102" HEIGHT="31" WC="0.96" CONTENT="hvilka"/><SP WIDTH="43" VPOS="2192" HPOS="461"/>
							<String ID="string_312" HPOS="504" VPOS="2195" WIDTH="50" HEIGHT="28" WC="0.96" CONTENT="äro"/><SP WIDTH="42" VPOS="2195" HPOS="554"/>
							<String ID="string_313" HPOS="596" VPOS="2192" WIDTH="33" HEIGHT="30" WC="0.96" CONTENT="af"/><SP WIDTH="31" VPOS="2192" HPOS="629"/>
							<String ID="string_314" HPOS="660" VPOS="2191" WIDTH="62" HEIGHT="31" WC="0.95" CONTENT="lika"/><SP WIDTH="28" VPOS="2191" HPOS="722"/>
							<String ID="string_315" HPOS="750" VPOS="2191" WIDTH="88" HEIGHT="35" WC="0.96" CONTENT="kraft,"/><SP WIDTH="31" VPOS="2191" HPOS="838"/>
							<String ID="string_316" HPOS="869" VPOS="2199" WIDTH="64" HEIGHT="22" WC="0.96" CONTENT="som"/><SP WIDTH="29" VPOS="2199" HPOS="933"/>
							<String ID="string_317" HPOS="962" VPOS="2189" WIDTH="51" HEIGHT="31" WC="0.95" CONTENT="the"/><SP WIDTH="31" VPOS="2189" HPOS="1013"/>
							<String ID="string_318" HPOS="1044" VPOS="2188" WIDTH="41" HEIGHT="31" WC="0.93" CONTENT="uti"/><SP WIDTH="28" VPOS="2188" HPOS="1085"/>
							<String ID="string_319" HPOS="1113" VPOS="2189" WIDTH="110" HEIGHT="30" WC="0.93" CONTENT="thenna"/><SP WIDTH="30" VPOS="2189" HPOS="1223"/>
							<String ID="string_320" HPOS="1253" VPOS="2186" WIDTH="128" HEIGHT="31" WC="0.92" CONTENT="Tractat"/><SP WIDTH="28" VPOS="2186" HPOS="1381"/>
							<String ID="string_321" HPOS="1409" VPOS="2185" WIDTH="52" HEIGHT="31" WC="0.96" CONTENT="ord"/><SP WIDTH="28" VPOS="2185" HPOS="1461"/>
							<String ID="string_322" HPOS="1489" VPOS="2184" WIDTH="75" HEIGHT="31" WC="0.96" CONTENT="ifrån"/><SP WIDTH="29" VPOS="2184" HPOS="1564"/>
							<String ID="string_323" HPOS="1593" VPOS="2183" WIDTH="53" HEIGHT="32" WC="0.96" CONTENT="ord"/><SP WIDTH="28" VPOS="2183" HPOS="1646"/>
							<String ID="string_324" HPOS="1674" VPOS="2192" WIDTH="70" HEIGHT="22" WC="0.90" CONTENT="vore"/><SP WIDTH="28" VPOS="2192" HPOS="1744"/>
							<String ID="string_325" HPOS="1772" VPOS="2182" WIDTH="47" HEIGHT="31" WC="0.89" CONTENT="in-"/>
						</TextLine>
						<TextLine ID="line_31" HPOS="219" VPOS="2236" WIDTH="1597" HEIGHT="47">
							<String ID="string_326" HPOS="219" VPOS="2244" WIDTH="93" HEIGHT="35" WC="0.96" CONTENT="förde,"/><SP WIDTH="32" VPOS="2244" HPOS="312"/>
							<String ID="string_327" HPOS="344" VPOS="2244" WIDTH="66" HEIGHT="31" WC="0.96" CONTENT="skal"/><SP WIDTH="28" VPOS="2244" HPOS="410"/>
							<String ID="string_328" HPOS="438" VPOS="2244" WIDTH="32" HEIGHT="30" WC="0.93" CONTENT="af"/><SP WIDTH="24" VPOS="2244" HPOS="470"/>
							<String ID="string_329" HPOS="494" VPOS="2243" WIDTH="115" HEIGHT="31" WC="0.92" CONTENT="Theras"/><SP WIDTH="27" VPOS="2243" HPOS="609"/>
							<String ID="string_330" HPOS="636" VPOS="2242" WIDTH="115" HEIGHT="41" WC="0.94" CONTENT="Kongl."/><SP WIDTH="31" VPOS="2242" HPOS="751"/>
							<String ID="string_331" HPOS="782" VPOS="2242" WIDTH="99" HEIGHT="39" WC="0.96" CONTENT="Maj:t,"/><SP WIDTH="31" VPOS="2242" HPOS="881"/>
							<String ID="string_332" HPOS="912" VPOS="2241" WIDTH="112" HEIGHT="40" WC="0.95" CONTENT="Kongl."/><SP WIDTH="29" VPOS="2241" HPOS="1024"/>
							<String ID="string_333" HPOS="1053" VPOS="2240" WIDTH="101" HEIGHT="39" WC="0.66" CONTENT="Maj:t,"/><SP WIDTH="30" VPOS="2240" HPOS="1154"/>
							<String ID="string_334" HPOS="1184" VPOS="2238" WIDTH="180" HEIGHT="36" WC="0.96" CONTENT="ratificeras,"/><SP WIDTH="31" VPOS="2238" HPOS="1364"/>
							<String ID="string_335" HPOS="1395" VPOS="2238" WIDTH="54" HEIGHT="31" WC="0.96" CONTENT="och"/><SP WIDTH="31" VPOS="2238" HPOS="1449"/>
							<String ID="string_336" HPOS="1480" VPOS="2236" WIDTH="266" HEIGHT="31" WC="0.91" CONTENT="Ratificationerne"/><SP WIDTH="21" VPOS="2236" HPOS="1746"/>
							<String ID="string_337" HPOS="1767" VPOS="2244" WIDTH="49" HEIGHT="21" WC="0.91" CONTENT="ve-"/>
						</TextLine>
						<TextLine ID="line_32" HPOS="220" VPOS="2286" WIDTH="1599" HEIGHT="50">
							<String ID="string_338" HPOS="220" VPOS="2295" WIDTH="191" HEIGHT="41" WC="0.91" CONTENT="derbörligen"/><SP WIDTH="28" VPOS="2295" HPOS="411"/>
							<String ID="string_339" HPOS="439" VPOS="2295" WIDTH="55" HEIGHT="31" WC="0.96" CONTENT="här"/><SP WIDTH="28" VPOS="2295" HPOS="494"/>
							<String ID="string_340" HPOS="522" VPOS="2295" WIDTH="10" HEIGHT="31" WC="0.96" CONTENT="i"/><SP WIDTH="28" VPOS="2295" HPOS="532"/>
							<String ID="string_341" HPOS="560" VPOS="2294" WIDTH="171" HEIGHT="32" WC="0.95" CONTENT="Strömstad"/><SP WIDTH="28" VPOS="2294" HPOS="731"/>
							<String ID="string_342" HPOS="759" VPOS="2294" WIDTH="138" HEIGHT="31" WC="0.96" CONTENT="utväxlas"/><SP WIDTH="28" VPOS="2294" HPOS="897"/>
							<String ID="string_343" HPOS="925" VPOS="2293" WIDTH="102" HEIGHT="32" WC="0.96" CONTENT="innom"/><SP WIDTH="28" VPOS="2293" HPOS="1027"/>
							<String ID="string_344" HPOS="1055" VPOS="2292" WIDTH="66" HEIGHT="43" WC="0.95" CONTENT="fyra"/><SP WIDTH="28" VPOS="2292" HPOS="1121"/>
							<String ID="string_345" HPOS="1149" VPOS="2291" WIDTH="116" HEIGHT="36" WC="0.96" CONTENT="veckor,"/><SP WIDTH="31" VPOS="2291" HPOS="1265"/>
							<String ID="string_346" HPOS="1296" VPOS="2289" WIDTH="131" HEIGHT="33" WC="0.95" CONTENT="räknade"/><SP WIDTH="27" VPOS="2289" HPOS="1427"/>
							<String ID="string_347" HPOS="1454" VPOS="2288" WIDTH="64" HEIGHT="32" WC="0.93" CONTENT="från"/><SP WIDTH="29" VPOS="2288" HPOS="1518"/>
							<String ID="string_348" HPOS="1547" VPOS="2286" WIDTH="272" HEIGHT="44" WC="0.90" CONTENT="undertekningens"/>
						</TextLine>
						<TextLine ID="line_33" HPOS="221" VPOS="2346" WIDTH="628" HEIGHT="41">
							<String ID="string_349" HPOS="221" VPOS="2347" WIDTH="82" HEIGHT="38" WC="0.96" CONTENT="dato,"/><SP WIDTH="30" VPOS="2347" HPOS="303"/>
							<String ID="string_350" HPOS="333" VPOS="2348" WIDTH="72" HEIGHT="31" WC="0.96" CONTENT="eller"/><SP WIDTH="28" VPOS="2348" HPOS="405"/>
							<String ID="string_351" HPOS="433" VPOS="2347" WIDTH="71" HEIGHT="37" WC="0.96" CONTENT="förr,"/><SP WIDTH="30" VPOS="2347" HPOS="504"/>
							<String ID="string_352" HPOS="534" VPOS="2356" WIDTH="50" HEIGHT="22" WC="0.89" CONTENT="om"/><SP WIDTH="29" VPOS="2356" HPOS="584"/>
							<String ID="string_353" HPOS="613" VPOS="2346" WIDTH="148" HEIGHT="41" WC="0.89" CONTENT="möjeligit"/><SP WIDTH="28" VPOS="2346" HPOS="761"/>
							<String ID="string_354" HPOS="789" VPOS="2349" WIDTH="60" HEIGHT="28" WC="0.94" CONTENT="är.»"/>
						</TextLine>
					</TextBlock>
				</ComposedBlock>
			</PrintSpace>
		</Page>
	</Layout>
</alto>
