1864 2776
283 135 41 30 10
633 136 324 37 Bankoutskottets
975 141 183 35 memorial
1176 155 42 22 nr
1237 147 16 30 1
1277 145 39 33 år
1335 147 89 32 1957

1292 223 54 32 we
1415 226 232 29 Centralkassorna
1669 230 38 25 för

850 280 13 4 —
936 239 229 32 Postsparbanken
1446 263 226 31 jordbrukskredit

845 282 102 32 Ökning
966 283 61 26 eller
1046 285 147 32 minskning
1212 295 42 16 av:
1291 294 53 35 FJ
1352 295 103 35 Ökning
1474 299 60 25 eller
1553 301 148 32 minskning
1720 311 42 16 av:

857 336 119 32 Inlåning
1139 339 125 33 Utlåning
1390 342 120 33 Inlåning
1629 342 125 41 Utlåning

283 372 220 45 1/1—30/11
535 379 87 31 1949
666 405 119 7 ......
877 384 38 37 +
933 384 63 31 143
1150 387 38 38 +
1207 387 63 31 100
1389 390 38 37 +
1466 391 43 30 55
1651 394 38 38 +
1705 394 42 30 44

283 425 220 45 1/1—30/11
534 432 88 32 1950
666 458 119 7 ......
877 437 38 38 +
954 438 42 31 56
1150 441 38 38 +
1227 442 42 30 89
1388 444 38 38 +
1465 445 43 30 42
1651 448 38 37 +
1705 448 42 31 56

282 479 220 45 1/1—30/11
533 486 84 31 1951
664 512 120 7 ......
876 491 37 38 +
931 492 64 30 140
1149 495 37 38 +
1205 495 63 31 172
1387 498 38 38 +
1465 499 39 30 51
1650 502 38 38 +
1704 502 42 30 34

281 533 220 44 1/1-—30/11
532 540 88 31 1952
664 565 118 8 ......
874 545 38 37 +
928 546 66 30 265
1148 548 37 38 +
1202 549 66 31 380
1387 551 37 38 +
1443 552 63 31 106
1649 556 38 37 +
1704 556 39 30 51

280 586 220 45 1/1—30/11
531 593 88 32 1953
663 619 119 8 ......
874 598 38 38 +
930 599 63 31 156
1148 603 37 37 +
1202 603 65 30 253
1386 605 38 38 +
1464 606 43 31 68
1648 609 38 38 +
1703 610 42 30 80

279 640 220 45 1/1—30/11
530 647 87 31 1934
662 673 120 8 ......
873 652 38 38 +
950 653 43 30 99
1146 656 38 38 +
1202 656 64 31 148
1385 660 38 37 +
1463 660 42 31 96
1647 663 38 37 +
1702 663 41 30 82

279 693 220 45 1/1—30/11
530 701 87 31 1955
661 727 119 7 ......
873 706 38 37 +
949 707 42 31 86
1145 710 38 37 +
1199 710 63 30 341
1384 714 38 37 +
1461 714 43 30 80
1646 717 38 38 +
1701 718 42 29 60

278 747 220 45 1/1—30/11
529 755 87 31 1956
660 780 119 8 ......
871 760 39 38 +
949 761 42 30 99
1145 763 38 38 +
1222 764 39 30 71
1384 767 37 37 +
1461 768 43 30 70
1646 771 37 38 +
1700 772 42 30 38

272 872 153 35 tabellen
447 875 179 36 redovisas
647 898 45 5 —
713 880 80 33 med
816 881 184 44 undantag
1021 883 54 34 för
1098 883 287 38 förekommande
1408 890 356 45 räntekrediteringar

273 925 60 35 vid
354 927 297 38 halvårsskiftena
668 952 46 5 —
733 932 291 46 förändringarna
1044 937 11 33 i
1076 937 200 45 inlåningen
1297 941 88 34 exkl.
1406 943 206 43 gottgjorda
1632 949 130 32 räntor.

269 979 307 45 Förändringarna
598 984 10 33 i
629 985 205 44 utlåningen
856 1000 82 22 avse
959 989 11 33 i
992 991 164 42 samtliga
1176 992 60 34 fall
1258 993 43 34 de
1323 994 230 43 disponerade
1575 998 183 44 beloppen.

728 1141 441 43 Obligationsmarknaden
1186 1160 46 21 m.
1250 1160 48 22 m.

313 1228 79 34 Den
423 1231 228 34 avvaktande
679 1232 158 44 hållning
865 1235 80 33 med
975 1235 100 43 ringa
1103 1237 229 42 köpintresse,
1362 1251 74 22 som
1467 1240 290 36 kännetecknade

267 1281 430 43 obligationsmarknaden
724 1286 112 34 under
861 1287 42 34 de
930 1288 86 34 sista
1040 1290 218 35 månaderna
1285 1295 98 37 19535,
1409 1293 91 34 hade
1526 1295 53 33 till
1606 1296 70 33 viss
1702 1296 55 34 del

266 1335 53 33 sin
346 1335 191 45 förklaring
561 1338 11 33 i
599 1350 43 22 en
668 1338 191 36 förväntan
885 1353 57 22 om
969 1342 92 34 ökad
1090 1344 169 34 aktivitet
1283 1346 47 42 på
1356 1346 400 37 emissionsmarknaden

264 1388 91 34 efter
379 1390 192 35 årsskiftet.
598 1391 100 35 Flera
724 1393 201 35 emissioner
950 1396 243 42 genomfördes
1220 1399 107 34 också
1353 1400 10 33 i
1391 1401 112 33 snabb
1530 1401 89 43 följd
1646 1403 111 34 under

264 1441 139 42 Januari
418 1445 80 33 med
514 1450 81 37 gott
610 1447 147 34 resultat
771 1448 66 33 och
853 1448 10 33 i
880 1448 93 34 vissa
987 1449 61 35 fall
1063 1451 81 33 med
1160 1452 188 35 reduktion
1365 1466 45 21 av
1427 1456 172 34 tecknade
1616 1453 138 51 belopp.

264 1495 55 34 En
340 1497 207 43 tilltagande
568 1500 222 41 spekulation
810 1501 11 34 i
841 1513 41 22 en
903 1503 143 34 relativt
1066 1516 82 22 snar
1166 1508 278 43 räntesänkning
1462 1509 181 35 medförde
1664 1523 90 22 sam-

263 1549 106 43 tidigt
394 1563 42 21 en
461 1552 134 43 kraftig
620 1553 171 44 dragning
816 1556 114 42 uppåt
955 1557 111 33 under
1092 1559 175 34 månaden
1294 1572 44 21 av
1365 1562 180 43 kursläget
1571 1563 53 34 för
1650 1565 104 43 långa

262 1604 240 40 guldkantade
519 1606 242 43 obligationer.
779 1608 129 35 Denna
924 1611 204 43 utveckling
1144 1612 97 35 bröts
1258 1625 126 31 genom
1402 1615 289 45 utförsäljningar
1707 1620 46 41 på

262 1656 125 35 börsen
409 1670 45 22 av
475 1658 127 36 främst
623 1664 20 30 3
658 1660 40 41 14
720 1674 81 21 men
824 1666 89 30 även
935 1668 19 30 3
968 1663 39 40 Z,
1029 1665 232 43 obligationer
1281 1680 42 21 ur
1343 1668 230 36 riksbankens
1594 1667 157 52 portfölj.

260 1709 310 45 Försäljningarna
590 1714 150 43 pågingo
761 1716 79 34 hela
860 1716 153 35 februari
1033 1731 81 21 men
1136 1725 129 38 avtogo
1286 1722 112 34 under
1417 1724 193 34 månadens
1632 1738 119 22 senare

260 1763 56 35 del
341 1764 53 34 för
419 1770 55 30 att
500 1767 61 34 vid
587 1769 274 35 månadsskiftet
885 1770 293 37 februari—mars
1204 1774 73 34 helt
1303 1772 171 51 upphöra.

304 1820 68 34 Vid
391 1821 181 35 årsskiftet
593 1822 154 44 1953/56
766 1824 259 42 köpnoterades
1044 1831 135 30 statens
1198 1831 19 31 3
1232 1828 38 39 Y,
1288 1828 59 35 lån
1368 1833 178 32 1945—46
1565 1831 11 34 i
1594 1836 43 29 82
1653 1833 40 40 15
1707 1832 38 40 I

258 1875 251 33 motsvarande
528 1887 44 22 en
591 1875 148 35 effektiv
758 1878 214 43 avkastning
991 1891 45 21 av
1055 1880 95 34 cirka
1171 1885 158 38 3,90—4,0
1342 1882 50 41 Z,,
1412 1884 66 33 och
1498 1888 19 30 3
1533 1884 40 41 12
1587 1885 39 40 ZY,
1647 1887 102 33 lånen

260 1929 177 32 1941—44
459 1928 11 33 i
492 1932 43 30 89
550 1928 42 41 15
607 1929 38 39 Jo
666 1931 81 33 med
768 1943 43 21 en
833 1932 95 33 cirka
950 1937 47 35 0,1
1011 1932 38 39 7
1072 1934 105 43 högre
1199 1935 231 45 förräntning.
1453 1937 142 36 Statens
1618 1944 19 29 4
1654 1940 39 40 13
1708 1940 38 39 Y,

256 1980 59 33 lån
340 1984 85 31 1953
448 1983 188 34 noterades
658 1984 51 33 till
731 1985 87 41 pari,
842 1985 257 45 Utvecklingen
1122 1989 111 33 under
1253 1989 139 42 januari
1415 1992 147 34 innebar
1583 2005 42 22 en
1649 1995 97 33 kurs-

254 2033 148 44 höjning
424 2035 54 34 för
500 2039 19 31 3
534 2035 39 40 Yo
597 2037 230 42 obligationer
849 2040 80 33 med
952 2041 162 43 omkring
1138 2045 15 30 1
1172 2042 39 40 45
1227 2042 38 39 I,
1289 2044 52 33 till
1365 2048 42 30 84
1422 2044 50 43 Z,,
1495 2048 251 34 motsvarande

254 2087 98 34 cirka
372 2092 174 38 3,80—3,90
559 2089 39 40 70
620 2090 148 35 effektiv
789 2092 232 45 förräntning,
1041 2095 66 33 och
1129 2095 54 34 för
1204 2100 19 30 3
1239 2096 40 41 14
1295 2097 37 39 9,
1354 2099 58 33 lån
1433 2111 43 21 en
1498 2100 147 44 höjning
1665 2102 79 34 med

253 2140 106 44 drygt
384 2146 15 29 1
417 2142 49 41 Jo,
489 2145 251 34 motsvarande
763 2158 43 22 en
831 2147 174 44 sänkning
1028 2161 45 21 av
1097 2149 68 34 den
1188 2150 171 36 effektiva
1383 2153 257 44 avkastningen
1664 2156 80 34 med

253 2198 157 37 0,05—0,1
422 2196 40 39 70
488 2210 63 30 per
577 2199 48 34 år.
651 2199 254 43 Nyssnämnda
930 2205 20 29 4
966 2201 40 41 15
1022 2201 38 40 YZ,
1087 2203 59 33 lån
1172 2205 184 34 noterades
1384 2206 60 34 vid
1470 2208 274 35 månadsskiftet

250 2247 341 42 januari-—-februari
615 2252 10 33 i
650 2252 40 41 JA
705 2252 38 40 Yo
768 2254 178 41 överkurs,
970 2257 251 34 motsvarande
1246 2258 115 40 4,47
1334 2254 36 55 79
1384 2260 47 42 på
1455 2260 287 45 bindningstiden

253 2302 75 40 912
351 2304 48 33 år.
419 2304 68 34 Vid
508 2304 154 35 februari
682 2307 149 34 månads
852 2309 133 42 utgång
1005 2322 63 21 var
1089 2311 178 43 kursläget
1288 2311 54 34 för
1362 2317 35 29 3-
1419 2315 65 33 och
1506 2319 19 30 3
1541 2314 40 41 14
1597 2315 38 40 Z,
1656 2317 85 33 obli-

250 2355 159 42 gationer
432 2359 283 43 genomsnittligt
740 2360 40 41 12
806 2362 21 33 å
853 2361 73 41 114
941 2362 38 39 I,
1004 2363 105 43 lägre.

295 2409 121 35 Under
434 2411 167 42 perioden
620 2415 211 42 mars—maj
853 2416 190 43 undergick
1062 2417 178 44 kursläget
1259 2431 44 22 en
1322 2422 173 33 successiv
1515 2422 226 44 försvagning

249 2463 111 34 under
380 2465 181 42 påverkan
583 2479 46 21 av
649 2467 84 34 flera
755 2468 167 41 faktorer,
943 2470 108 34 bland
1074 2472 94 33 vilka
1190 2473 59 33 må
1269 2476 148 32 nämnas
1439 2475 68 33 den
1529 2475 210 37 inträdande
