2188 2626
385 173 18 30 2
843 171 248 32 Statsutskottets
1116 171 161 30 memorial
1302 171 50 30 Nr
1376 172 71 30 243.

343 251 161 48 redning
533 251 143 35 kunnat
707 250 202 46 föranleda,
941 249 68 36 och
1040 249 72 36 den
1142 249 116 36 andra
1289 262 45 22 av
1362 249 86 36 herr
1480 252 37 32 C.
1548 250 34 34 J.
1613 249 172 45 Asplund
1814 263 42 22 m.
1882 253 57 42 fl.,

357 302 67 36 vari
454 302 222 46 hemställts,
708 308 51 30 att
789 301 202 48 riksdagen
1021 304 115 33 måtte
1167 303 45 46 på
1241 303 40 33 så
1311 306 73 30 sätt
1412 301 129 36 bifalla
1570 301 129 35 herrar
1719 300 41 37 O.
1784 300 157 37 Olssons

343 354 69 36 och
456 353 148 37 Möllers
647 368 46 21 m.
740 354 34 35 Hf.
816 353 289 48 ifrågavarande
1146 352 157 47 motion,
1342 358 55 31 att
1425 352 201 48 riksdagen
1659 352 129 36 ställer
1816 352 58 36 för
1902 355 40 33 år

347 408 95 33 1919
485 406 57 35 till
584 406 138 47 Kungl.
769 405 123 47 Maj:ts
935 404 223 48 förfogande
1204 405 162 46 100,000
1406 405 138 35 kronor
1582 409 52 32 att
1663 404 193 36 användas
1885 404 56 36 till

344 457 179 36 räntefria
552 458 61 35 lån
643 459 58 34 för
728 457 288 36 underlättande
1045 470 45 22 av
1120 456 417 48 studiemöjligheterna
1566 457 57 36 för
1642 455 193 49 begåvade
1856 469 86 22 men

345 508 136 50 fattiga
517 509 200 49 lärjungar
761 509 60 36 vid
863 508 195 49 offentliga
1099 508 262 36 läroanstalter
1403 522 46 22 av
1482 507 120 37 skilda
1630 484 96 72 slag,
1757 507 94 37 efter
1880 507 63 36 det

345 561 141 48 Kungl.
529 561 106 48 Maj:t
679 561 176 36 fastställt
896 561 233 47 reglemente
1172 560 57 36 för
1259 560 110 37 dessa
1398 560 141 36 medels
1566 559 203 37 utdelande
1797 560 11 35 i
1837 564 106 31 över-

347 613 284 36 ensstämmelse
661 613 84 36 med
775 613 10 35 i
814 613 163 35 nämnda
1007 612 142 36 motion
1178 612 212 49 framlagda
1417 612 219 48 grunddrag

476 664 133 49 Enligt
632 665 187 36 utskottet
848 665 80 35 från
959 664 116 36 andra
1104 664 220 36 kammaren
1352 664 351 36 tillhandakommet
1722 663 223 50 protokolls-

346 717 137 48 utdrag
511 717 66 35 har
607 717 216 36 kammaren
853 716 135 37 bifallit
1018 716 71 36 den
1109 730 46 22 av
1176 716 85 36 herr
1281 716 167 49 Asplund
1471 730 47 22 m.
1540 716 35 35 fl.
1598 716 163 48 avgivna
1780 729 165 23 reserva-

346 769 138 36 tionen.

476 820 133 37 Första
640 821 217 35 kammaren
887 821 67 36 har
983 827 99 30 ännu
1111 821 81 36 icke
1222 821 113 36 fattat
1363 821 121 36 beslut
1511 821 9 34 i
1551 820 165 37 ärendet.

480 872 69 48 1:0)
578 873 129 36 Under
736 873 274 49 förutsättning
1039 879 52 30 att
1111 873 232 36 sistnämnda
1363 873 190 35 kammare
1573 872 148 36 bifaller
1743 872 202 36 utskottets

349 925 235 46 hemställan,
627 925 57 35 får
711 925 185 36 utskottet
925 925 58 36 för
1011 925 154 49 frågans
1194 925 215 45 avgörande
1437 925 158 36 medelst
1623 937 216 36 gemensam
1869 936 78 23 om-

348 976 173 49 röstning
549 977 138 36 föreslå
717 977 165 48 följande
911 977 445 49 voteringsproposition:

478 1081 82 36 Den
589 1094 79 23 som
700 1082 10 34 i
739 1081 118 36 likhet
886 1081 83 36 med
999 1082 116 36 första
1145 1081 219 36 kammaren
1392 1081 64 36 vill
1477 1087 55 30 att
1552 1081 128 36 herrar
1702 1081 155 36 Olssons
1878 1080 70 35 och

350 1133 149 35 Möllers
541 1146 47 22 m.
632 1133 33 35 fl.
711 1133 289 47 ifrågavarande
1041 1134 186 35 motioner
1264 1133 83 35 icke
1385 1136 58 32 må
1481 1146 45 22 av
1555 1132 204 49 riksdagen
1787 1132 161 46 bifallas,

350 1189 120 31 röstar

1117 1254 64 45 Ja;

481 1341 79 36 Den
593 1341 61 36 det
683 1341 32 48 ej
748 1341 63 36 vill
841 1346 119 31 röstar

484 1549 143 36 Vinner
654 1549 84 48 Nej,
769 1550 67 35 har
862 1549 215 47 riksdagen,
1106 1549 11 35 1
1146 1549 118 35 likhet
1293 1549 84 35 med
1402 1548 117 36 andra
1538 1548 232 48 kammaren,
1791 1548 162 36 beslutat

354 1606 56 32 att
437 1604 47 55 på
512 1603 40 34 så
581 1605 74 32 sätt
683 1600 129 37 bifalla
841 1601 129 36 herrar
991 1578 50 58 'O.
1069 1578 158 58 Olssons
1257 1600 70 36 och
1355 1600 151 36 Möllers
1535 1614 48 21 m.
1609 1600 34 35 fl.
1666 1600 288 48 ifrågavarande

356 1654 154 46 motion,
553 1658 50 30 att
647 1653 204 48 riksdagen
881 1653 128 36 ställer
1038 1653 57 35 för
1123 1655 40 33 år
1196 1654 95 34 1919
1322 1652 55 36 till
1405 1652 139 49 Kungl.
1575 1652 126 49 Maj:ts
1731 1651 227 49 förfogande

359 1706 161 47 100,000
549 1705 138 35 kronor
716 1710 55 31 att
800 1704 192 37 användas
1017 1704 55 36 till
1091 1704 181 36 räntefria
1293 1704 59 35 lån
1373 1705 59 35 för
1451 1704 286 36 underlättande
1757 1718 44 22 av
1822 1704 132 36 studie-

356 1757 289 49 möjligheterna
687 1757 59 35 för
788 1756 191 49 begåvade
1016 1769 85 23 men
1138 1756 137 48 fattiga
1312 1756 194 49 lärjungar
1542 1756 62 36 vid
1638 1755 194 49 offentliga
1859 1756 96 36 läro-

358 1809 177 36 anstalter
564 1822 46 22 av
638 1808 121 36 skilda
788 1788 92 68 slag,
911 1809 95 35 efter
1034 1808 63 35 det
1129 1782 138 79 Kungl.
1298 1808 107 48 Maj:t
1433 1807 177 37 fastställt
1637 1808 234 57 reglemente
1901 1808 56 35 för

358 1861 107 36 dessa
494 1834 150 62 medela
682 1860 198 37 utdelande
909 1861 10 35 i
948 1837 379 59 överensstämmelse
1357 1860 84 36 med
1469 1860 11 35 i
1501 1859 161 37 nämnda
1683 1860 144 36 motion
1846 1859 111 36 fram-

358 1913 114 48 lagda
500 1912 233 49 grunddrag.

489 1963 71 49 2:o0)
594 1963 127 38 Under
752 1965 272 48 förutsättning
1053 1970 54 30 att
1135 1964 116 36 första
1280 1963 216 37 kammaren
1524 1964 150 36 bifaller
1703 1964 72 36 den
1804 1977 45 22 av
1873 1964 85 35 herr

359 2016 246 36 Kvarnzelius
648 2030 47 21 m.
739 2016 35 36 £.
814 2015 163 49 avgivna
1013 2016 279 37 reservationen
1322 2017 55 35 får
1404 2016 196 47 utskottet,
1629 2016 58 36 för
1715 2016 152 48 frågans
1896 2028 61 23 av-

359 2068 169 49 görande
570 2068 154 37 medelst
766 2081 219 36 gemensam
1028 2068 237 48 omröstning
1308 2067 134 37 föreslå
1480 2068 165 48 följande
1677 2068 281 49 voteringspro-

360 2120 179 50 position:

490 2225 81 36 Den
612 2238 79 24 som
723 2225 11 36 i
763 2224 118 37 likhet
920 2225 84 36 med
1043 2225 117 36 första
1188 2224 218 37 kammaren
1434 2224 66 36 vill
1529 2229 52 31 att
1609 2224 218 48 riksdagen,
1855 2224 11 35 i
1894 2237 65 23 an-

362 2277 156 48 ledning
548 2290 44 23 av
620 2277 129 36 herrar
780 2276 42 37 O.
854 2276 156 37 Olssons
1039 2277 70 36 och
1140 2276 149 37 Möllers
1320 2291 45 23 m.
1396 2276 33 36 fl.
1460 2276 285 49 ifrågavarande
1765 2276 194 47 motioner,
