1900 2796
507 119 390 37 Bevillningsutskottets
921 120 218 32 betänkande
1158 130 42 21 nr
1225 119 50 31 36.
1632 118 15 28 17

773 242 241 30 Närvarande:

188 300 80 29 från
304 300 148 30 första
487 300 223 30 kammaren:
740 300 122 30 herrar
889 301 88 30 Elon
1005 301 211 34 Andersson,
1244 301 220 34 Wahlmark,
1494 301 155 40 Sjödahl,

144 343 147 34 Ekman,
318 343 182 34 Velander,
528 343 227 39 Björnsson”,
782 343 171 34 Heman,
980 343 174 39 Wehtje”,
1182 344 159 29 Franzon
1368 344 65 29 och
1459 344 189 30 Niklasson

145 387 89 28 samt

188 444 79 30 från
310 445 154 30 andra
505 445 223 30 kammaren:
762 446 122 30 herrar
921 446 126 30 Olsson
1079 447 11 29 i
1123 446 113 35 Gävle,
1271 447 159 39 Hagberg
1462 447 11 29 i
1506 446 140 33 Malmö,

143 487 207 39 Björklund,
372 487 268 34 Hammarlund,
663 488 210 38 Sandberg”,
895 488 146 39 Orgård,
1063 489 152 29 Jonsson
1237 489 10 29 i
1270 488 211 39 Skedsbygd,
1506 488 109 30 Olson
1637 488 11 29 i

144 529 201 40 Göteborg”,
370 530 208 30 Sundström
601 530 65 29 och
690 530 180 39 Forsberg.

183 601 13 13 +
216 600 61 23 Icke
294 600 124 23 närvarit
436 600 48 24 vid
501 600 132 29 justering
652 607 34 17 av
705 601 195 23 betänkandet.

721 842 350 34 Reservation

187 945 42 21 av
246 936 121 29 herrar
388 935 180 37 Velander,
590 935 149 40 Wehtje,
757 936 162 39 Hagberg
942 936 6 29 i
965 936 130 30 Malmö
1113 936 65 30 och
1198 936 107 29 Olson
1323 937 12 28 i
1354 936 180 39 Göteborg,
1553 936 95 30 vilka

143 987 124 33 ansett,
292 988 49 28 att
364 986 181 34 utskottet,
569 986 11 29 i
604 986 205 39 anslutning
834 986 53 30 till
911 986 41 30 de
976 986 224 39 likalydande
1224 986 221 30 motionerna
1469 986 29 29 I:
1517 986 61 29 116
1604 995 42 21 av

142 1038 81 29 herr
244 1037 112 30 Domö
378 1047 46 19 m.
445 1037 37 29 fl.
505 1037 66 29 och
593 1037 46 29 II:
658 1037 60 30 195
741 1047 43 20 av
804 1037 82 29 herr
908 1037 98 30 Falla
1027 1046 45 21 m.
1095 1037 48 34 fl.,
1166 1037 78 30 bort
1266 1037 196 34 hemställa,
1486 1039 50 28 att
1559 1037 89 29 riks-

142 1088 111 38 dagen
269 1088 108 29 måtte
393 1088 11 28 i
422 1087 166 30 skrivelse
606 1087 54 30 till
680 1087 126 39 Kungl.
824 1087 106 39 Maj:t
947 1087 152 35 anhålla,
1117 1089 50 28 att
1185 1087 125 39 Kungl.
1328 1087 106 39 Maj:t
1451 1086 80 31 ville
1548 1087 100 29 verk-

144 1138 102 29 ställa
266 1138 187 39 utredning
473 1138 150 29 rörande
644 1138 57 29 det
722 1137 160 40 gällande
903 1138 302 38 skattesystemets
1225 1137 211 39 verkningar
1457 1138 12 29 i
1490 1137 42 30 de
1554 1145 95 21 avse-

142 1189 123 33 enden,
291 1198 74 20 som
388 1188 11 29 i
422 1188 222 30 motionerna
667 1188 145 34 berörts,
837 1189 166 28 ävensom
1027 1188 178 39 förelägga
1228 1188 187 39 riksdagen
1439 1188 41 30 de
1504 1187 143 38 förslag,

143 1248 74 21 som
232 1248 43 21 av
289 1239 232 39 utredningen
539 1239 124 29 kunna
679 1238 212 30 föranledas.
