1906 2837
268 154 18 29 2
444 153 188 30 Allmänna
659 152 397 40 beredningsutskottets
1084 151 177 31 utlåtande
1287 161 43 20 nr
1355 152 42 29 29
1423 152 39 30 år
1489 152 84 30 1969

265 236 126 30 svensk
408 236 98 29 frukt
523 236 77 29 icke
617 235 105 30 borde
739 235 273 30 vidmakthållas
1030 243 123 31 genom
1172 234 241 39 stödåtgärder
1430 234 80 30 från
1528 234 56 29 det
1603 233 145 30 allmän-

264 300 63 20 nas
343 291 84 30 sida.
443 290 501 30 Yrkesfruktodlarförbundet
961 290 87 29 fann
1064 289 56 30 det
1137 289 178 40 angeläget
1332 290 49 29 att
1399 289 180 30 stimulera
1594 288 154 30 tillverk-

263 345 85 40 ning
363 345 65 30 och
444 345 227 30 konsumtion
689 354 42 21 av
748 345 148 30 svenska
913 344 258 40 fruktdrycker.
1190 344 175 30 Utskottet
1383 343 122 30 delade
1521 342 227 30 motionärer-

263 409 62 21 nas
345 399 227 40 uppfattning
590 401 49 28 att
658 399 56 30 det
735 399 77 30 från
832 399 127 40 många
978 399 217 39 synpunkter
1214 407 80 21 vore
1313 398 176 34 önskvärt,
1510 407 56 20 om
1586 397 162 30 förbruk-

262 454 128 40 ningen
414 463 43 21 av
481 454 149 29 svenska
654 453 249 40 fruktdrycker
927 453 119 29 kunde
1069 453 85 30 ökas
1179 462 81 20 men
1284 452 159 30 erinrade
1467 461 57 21 om
1549 454 49 27 att
1624 451 123 39 frågan

262 508 116 40 ingick
397 509 11 29 i
427 508 585 40 trädgårdsnäringsutredningens
1030 507 167 40 uppdrag.
1219 507 175 30 Utskottet
1415 506 189 30 hänvisade
1624 506 53 29 till
1697 507 49 28 att

262 563 231 40 utredningen
515 563 95 29 inom
632 572 43 20 en
698 572 81 20 snar
801 562 143 30 framtid
968 562 112 30 skulle
1102 564 109 37 uppta
1232 561 125 39 frågan
1377 570 56 21 om
1456 560 228 31 konsumtion
1706 570 41 20 av

262 618 149 29 svenska
441 617 248 39 fruktdrycker
718 617 65 29 och
813 617 179 38 avstyrkte
1021 616 79 30 med
1129 616 212 39 hänvisning
1369 615 119 30 härtill
1518 615 228 29 motionerna.

263 671 198 40 Riksdagen
478 671 181 40 godkände
677 671 206 30 utlåtandet.

304 726 77 30 Den
405 726 38 30 år
470 725 82 30 1958
577 726 193 29 tillkallade
797 724 561 40 trädgårdsnäringsutredningen
1384 732 109 32 avgav
1516 724 12 29 i
1554 724 193 39 september

264 780 81 30 1965
364 780 235 30 betänkandet
619 780 163 40 »Förslag
799 780 52 29 till
869 780 93 29 vissa
980 779 162 40 åtgärder
1157 779 45 40 på
1218 778 363 40 trädgårdsområdet»>
1607 778 139 35 (stencil

260 836 42 30 Jo
327 835 98 31 1965:
442 835 50 34 7).
515 836 99 29 Efter
635 845 42 20 en
698 835 217 40 redogörelse
937 835 55 31 för
1014 834 184 40 forskning
1219 835 66 30 och
1306 833 363 32 försöksverksamhet
1691 833 56 30 be-

262 888 178 29 träffande
465 888 209 29 fruktsafter
698 889 11 28 i
735 888 92 29 vissa
853 888 110 28 andra
987 888 121 29 länder
1134 889 65 27 och
1225 888 53 28 för
1305 887 294 38 arbetsuppgifter
1624 887 54 28 för
1704 895 42 20 en

261 943 127 29 svensk
415 941 217 41 forsknings-
661 942 64 29 och
754 940 362 31 försöksverksamhet
1145 941 44 40 på
1218 939 329 31 fruktsaftområdet
1576 939 171 30 framlade

263 997 229 39 utredningen
511 997 59 28 sitt
586 997 132 38 förslag
733 996 52 29 till
801 996 170 39 åtgärder.
988 995 238 39 Utredningen
1242 995 186 30 förordade
1445 997 49 28 att
1511 994 56 30 det
1584 994 163 30 fortsatta

260 1051 218 39 forsknings-
503 1051 65 29 och
595 1050 350 39 utvecklingsarbetet
972 1049 43 40 på
1043 1048 330 31 fruktsaftområdet
1402 1049 111 29 skulle
1541 1047 207 30 omhänder-

259 1107 97 38 tagas
379 1115 42 20 av
442 1107 46 28 ett
511 1104 184 40 ifrågasatt
717 1104 355 30 livsmedelstekniskt
1095 1102 508 40 branschforskningsinstitut,
1626 1111 121 21 varom

260 1159 188 40 utredning
470 1159 126 39 pågick
618 1166 123 32 genom
765 1168 42 20 en
832 1158 141 29 särskilt
996 1158 173 29 tillkallad
1194 1157 299 39 utredningsman,
1518 1158 11 28 i
1554 1157 194 29 samarbete

260 1213 79 29 med
361 1213 174 30 institutet
560 1213 56 29 för
635 1212 258 40 växtförädling
917 1222 43 19 av
982 1211 97 30 frukt
1103 1212 64 29 och
1189 1212 63 29 bär
1274 1211 11 29 i
1308 1210 177 40 Balsgård.
1510 1210 234 40 Utredningen

261 1267 86 29 fann
365 1267 73 29 inte
453 1267 212 39 tillräckliga
682 1267 74 29 skäl
777 1266 165 39 föreligga
961 1268 49 28 att
1029 1265 141 30 förorda
1188 1265 201 30 införandet
1407 1274 42 20 av
1467 1265 114 39 någon
1599 1273 48 31 ny
1665 1266 83 28 stat-

260 1322 46 38 lig
323 1321 253 39 kreditgaranti
594 1322 23 28 t.
632 1330 49 20 ex.
701 1320 54 30 för
773 1322 49 28 att
840 1320 192 30 finansiera
1049 1320 108 39 inköp
1175 1329 42 20 av
1234 1319 108 30 frukt.
1361 1319 237 39 Utredningen
1617 1319 130 29 erinra-

261 1374 42 30 de
319 1383 56 21 om
394 1375 42 29 de
453 1374 221 40 möjligheter
690 1374 52 29 till
762 1374 75 29 stöd
857 1374 8 29 i
885 1374 90 29 form
994 1383 43 19 av
1054 1374 117 38 statlig
1188 1373 216 39 lånegaranti
1424 1382 73 20 som
1515 1373 110 29 redan
1641 1373 107 28 fanns

260 1429 66 29 och
340 1428 186 30 förutsatte
542 1430 50 27 att
607 1428 244 39 utvecklingen
865 1428 11 28 i
891 1427 100 39 fråga
1005 1436 56 20 om
1077 1426 345 30 musteriindustrins
1435 1427 111 29 behov
1561 1436 42 20 av
1618 1426 129 29 kredit-

260 1483 77 29 stöd
364 1482 127 39 följdes
519 1492 43 19 av
587 1482 366 38 lantbruksstyrelsen.
983 1481 168 39 Slutligen
1178 1480 151 40 föreslog
1355 1480 231 40 utredningen
1613 1482 50 28 att
1690 1480 56 29 det

262 1537 139 40 statliga
417 1537 157 39 bidraget
592 1536 53 31 till
663 1536 219 40 Föreningen
898 1535 262 40 Fruktdrycker
1180 1535 112 31 skulle
1311 1535 101 40 höjas
1432 1535 81 30 från
1532 1534 39 31 25
1586 1534 63 31 000
1668 1535 78 29 kro-

262 1600 63 20 nor
341 1600 60 30 per
417 1591 38 29 år
470 1591 53 29 till
540 1590 40 30 50
595 1590 62 30 000
675 1590 129 29 kronor
821 1599 60 31 per
897 1590 48 30 år.

303 1645 238 39 Utredningen
560 1644 223 29 redovisades
801 1644 10 29 i
832 1643 454 39 statsverkspropositionen
1307 1644 39 29 år
1368 1643 83 29 1966
1471 1644 120 39 Bilaga
1613 1644 49 29 11.
1683 1644 65 28 De-

259 1698 343 39 partementschefen
621 1698 155 29 uttalade
802 1698 79 31 (sid.
902 1698 59 29 46)
986 1699 50 28 att
1056 1698 66 29 den
1143 1707 42 20 av
1205 1697 231 39 utredningen
1455 1697 147 30 berörda
1622 1697 125 39 frågan

260 1762 56 19 om
341 1752 184 39 forskning
549 1752 44 39 på
617 1751 274 30 fruktsafternas
916 1751 141 30 område
1081 1751 105 30 borde
1211 1752 125 38 prövas
1359 1751 10 29 i
1395 1751 169 29 samband
1588 1751 80 29 med
1691 1751 56 29 be-

259 1806 212 39 handlingen
501 1816 43 20 av
572 1806 130 39 förslag
732 1805 79 30 från
840 1805 230 39 utredningen
1099 1805 149 30 rörande
1277 1805 213 30 inrättandet
1519 1814 42 21 av
1591 1806 47 28 ett
1667 1805 80 29 livs-

259 1860 289 29 medelstekniskt
563 1859 509 39 branschforskningsinstitut.

305 1913 84 30 1964
406 1913 56 30 års
482 1912 186 40 utredning
686 1913 168 29 avseende
874 1912 356 30 livsmedelstekniskt
1250 1912 497 39 branschforskningsinstitut

260 1976 107 31 avgav
384 1968 11 28 i
414 1968 186 29 november
622 1967 82 29 1966
723 1977 41 19 en
784 1967 233 39 promemoria
1034 1968 11 28 i
1065 1967 98 39 fråga
1182 1976 56 20 om
1258 1966 355 30 livsmedelstekniskt
1633 1966 113 30 forsk-

260 2023 212 39 ningsorgan
499 2021 140 36 (stencil
660 2022 42 30 Jo
726 2021 187 34 1966:17).
936 2021 367 40 Utredningsmannen
1325 2021 150 40 föreslog
1497 2023 50 28 att
1569 2031 42 20 en
1634 2022 112 29 forsk-

258 2075 207 40 ningsenhet
494 2075 55 29 för
578 2075 181 39 tillämpad
787 2074 341 30 livsmedelsteknisk
1158 2074 185 40 forskning
1372 2074 111 29 skulle
1511 2075 149 29 inrättas
1689 2074 56 30 vid

259 2130 164 30 tekniska
439 2130 194 39 högskolan
649 2130 11 29 i
677 2129 111 30 Lund.
806 2130 75 29 Den
898 2139 69 30 nya
984 2130 354 38 forskningsenheten
1355 2129 125 40 ansågs
1497 2130 86 29 böra
1600 2130 36 29 få
1652 2129 93 30 befo-

260 2184 124 39 genhet
400 2185 50 27 att
465 2185 37 27 ta
517 2192 72 30 upp
604 2183 382 39 forskningsuppgifter
1001 2183 95 29 inom
1112 2182 96 30 olika
1222 2183 95 29 delar
1334 2192 43 19 av
1392 2182 352 30 livsmedelssektorn.

259 2237 240 39 Utredningen
516 2236 155 30 uttalade
690 2239 49 27 att
758 2236 56 30 det
834 2246 60 20 var
914 2237 195 39 uppenbart
1128 2236 190 30 realistiskt
1339 2238 49 28 att
1408 2236 83 40 utgå
1510 2236 79 30 från
1609 2238 49 28 att
1678 2236 66 30 den

260 2291 111 30 skulle
395 2291 35 30 få
451 2290 269 40 tyngdpunkten
742 2291 10 29 i
777 2291 52 29 sin
851 2289 222 31 verksamhet
1097 2290 44 40 på
1164 2290 332 30 animalieområdet.
1520 2290 224 39 Utrednings-

259 2345 165 39 förslaget
446 2345 66 29 har
533 2344 236 30 överlämnats
789 2345 52 28 till
864 2344 494 39 utbildningsdepartementet
1381 2344 62 29 där
1465 2344 57 29 det
1544 2344 88 29 varit
1656 2344 90 29 före-

259 2399 69 29 mål
349 2398 55 30 för
422 2398 340 29 remissförfarande.
783 2398 109 38 Något
913 2398 130 39 förslag
1063 2398 78 29 med
1162 2398 187 39 anledning
1369 2407 43 21 av
1430 2398 230 39 utredningen
1680 2398 65 29 har

261 2453 94 29 ännu
371 2453 74 29 inte
460 2452 193 39 framlagts.

303 2506 112 30 Sedan
441 2505 81 30 1955
547 2506 103 39 utgår
672 2505 131 40 statligt
827 2506 120 39 anslag
970 2506 52 29 till
1046 2505 218 40 Föreningen
1286 2505 276 39 Fruktdrycker;
1589 2507 155 38 anslaget

260 2560 134 40 uppgår
410 2560 53 29 till
482 2560 39 29 25
536 2559 63 30 000
616 2560 139 28 kronor.
774 2559 13 29 I
805 2559 170 29 motioner
992 2559 58 29 vid
1067 2559 92 30 årets
1177 2559 142 39 riksdag
1336 2559 167 39 föreslogs
1521 2561 50 28 att
1588 2560 156 39 anslaget
