<?xml version="1.0" encoding="UTF-8"?>
<alto xmlns="http://www.loc.gov/standards/alto/ns-v3#" xmlns:xlink="http://www.w3.org/1999/xlink" xmlns:xsi="http://www.w3.org/2001/XMLSchema-instance" xsi:schemaLocation="http://www.loc.gov/standards/alto/ns-v3# http://www.loc.gov/alto/v3/alto-3-0.xsd">
	<Description>
		<MeasurementUnit>pixel</MeasurementUnit>
		<sourceImageInformation>
			<fileName>/tmp/tess_w12btas8_input.PNG</fileName>
		</sourceImageInformation>
		<OCRProcessing ID="OCR_0">
			<ocrProcessingStep>
				<processingSoftware>
					<softwareName>tesseract 5.3.0</softwareName>
				</processingSoftware>
			</ocrProcessingStep>
		</OCRProcessing>
	</Description>
	<Layout>
		<Page WIDTH="2366" HEIGHT="2722" PHYSICAL_IMG_NR="0" ID="page_0">
			<PrintSpace HPOS="0" VPOS="0" WIDTH="2366" HEIGHT="2722">
				<ComposedBlock ID="cblock_0" HPOS="400" VPOS="184" WIDTH="1389" HEIGHT="42">
					<TextBlock ID="block_0" HPOS="400" VPOS="184" WIDTH="1389" HEIGHT="42">
						<TextLine ID="line_0" HPOS="400" VPOS="184" WIDTH="1389" HEIGHT="42">
							<String ID="string_0" HPOS="400" VPOS="186" WIDTH="119" HEIGHT="32" WC="0.95" CONTENT="Första"/><SP WIDTH="23" VPOS="186" HPOS="519"/>
							<String ID="string_1" HPOS="542" VPOS="185" WIDTH="215" HEIGHT="32" WC="0.38" CONTENT="Kammarens"/><SP WIDTH="30" VPOS="185" HPOS="757"/>
							<String ID="string_2" HPOS="787" VPOS="184" WIDTH="183" HEIGHT="42" WC="0.93" CONTENT="Tillfälliga"/><SP WIDTH="32" VPOS="184" HPOS="970"/>
							<String ID="string_3" HPOS="1002" VPOS="184" WIDTH="140" HEIGHT="33" WC="0.87" CONTENT="Utskotts"/><SP WIDTH="27" VPOS="184" HPOS="1142"/>
							<String ID="string_4" HPOS="1169" VPOS="184" WIDTH="64" HEIGHT="33" WC="0.96" CONTENT="N:o"/><SP WIDTH="28" VPOS="184" HPOS="1233"/>
							<String ID="string_5" HPOS="1261" VPOS="188" WIDTH="24" HEIGHT="30" WC="0.95" CONTENT="2"/><SP WIDTH="35" VPOS="188" HPOS="1285"/>
							<String ID="string_6" HPOS="1320" VPOS="184" WIDTH="171" HEIGHT="34" WC="0.96" CONTENT="Utlåtande"/><SP WIDTH="27" VPOS="184" HPOS="1491"/>
							<String ID="string_7" HPOS="1518" VPOS="185" WIDTH="65" HEIGHT="32" WC="0.95" CONTENT="N:o"/><SP WIDTH="25" VPOS="185" HPOS="1583"/>
							<String ID="string_8" HPOS="1608" VPOS="189" WIDTH="31" HEIGHT="29" WC="0.96" CONTENT="6."/><SP WIDTH="132" VPOS="189" HPOS="1639"/>
							<String ID="string_9" HPOS="1771" VPOS="189" WIDTH="18" HEIGHT="29" WC="0.96" CONTENT="3"/>
						</TextLine>
					</TextBlock>
				</ComposedBlock>
				<ComposedBlock ID="cblock_1" HPOS="223" VPOS="270" WIDTH="1615" HEIGHT="2034">
					<TextBlock ID="block_1" HPOS="230" VPOS="270" WIDTH="1608" HEIGHT="199">
						<TextLine ID="line_1" HPOS="233" VPOS="270" WIDTH="1605" HEIGHT="44">
							<String ID="string_10" HPOS="233" VPOS="272" WIDTH="129" HEIGHT="40" WC="0.96" CONTENT="landen,"/><SP WIDTH="29" VPOS="272" HPOS="362"/>
							<String ID="string_11" HPOS="391" VPOS="283" WIDTH="67" HEIGHT="21" WC="0.96" CONTENT="som"/><SP WIDTH="29" VPOS="283" HPOS="458"/>
							<String ID="string_12" HPOS="487" VPOS="272" WIDTH="49" HEIGHT="31" WC="0.93" CONTENT="väl"/><SP WIDTH="29" VPOS="272" HPOS="536"/>
							<String ID="string_13" HPOS="565" VPOS="271" WIDTH="139" HEIGHT="42" WC="0.91" CONTENT="förtjena"/><SP WIDTH="27" VPOS="271" HPOS="704"/>
							<String ID="string_14" HPOS="731" VPOS="273" WIDTH="48" HEIGHT="30" WC="0.96" CONTENT="att"/><SP WIDTH="27" VPOS="273" HPOS="779"/>
							<String ID="string_15" HPOS="806" VPOS="270" WIDTH="111" HEIGHT="33" WC="0.96" CONTENT="härvid"/><SP WIDTH="28" VPOS="270" HPOS="917"/>
							<String ID="string_16" HPOS="945" VPOS="273" WIDTH="90" HEIGHT="38" WC="0.95" CONTENT="tagas"/><SP WIDTH="27" VPOS="273" HPOS="1035"/>
							<String ID="string_17" HPOS="1062" VPOS="271" WIDTH="11" HEIGHT="31" WC="0.92" CONTENT="i"/><SP WIDTH="28" VPOS="271" HPOS="1073"/>
							<String ID="string_18" HPOS="1101" VPOS="270" WIDTH="244" HEIGHT="42" WC="0.90" CONTENT="öfvervägande,"/><SP WIDTH="24" VPOS="270" HPOS="1345"/>
							<String ID="string_19" HPOS="1369" VPOS="271" WIDTH="58" HEIGHT="32" WC="0.96" CONTENT="och"/><SP WIDTH="17" VPOS="271" HPOS="1427"/>
							<String ID="string_20" HPOS="1444" VPOS="282" WIDTH="113" HEIGHT="29" WC="0.95" CONTENT="genom"/><SP WIDTH="17" VPOS="282" HPOS="1557"/>
							<String ID="string_21" HPOS="1574" VPOS="271" WIDTH="125" HEIGHT="32" WC="0.93" CONTENT="hvilkas"/><SP WIDTH="14" VPOS="271" HPOS="1699"/>
							<String ID="string_22" HPOS="1713" VPOS="271" WIDTH="125" HEIGHT="43" WC="0.74" CONTENT="behjer-"/>
						</TextLine>
						<TextLine ID="line_2" HPOS="235" VPOS="322" WIDTH="1602" HEIGHT="43">
							<String ID="string_23" HPOS="235" VPOS="324" WIDTH="98" HEIGHT="32" WC="0.96" CONTENT="tande"/><SP WIDTH="28" VPOS="324" HPOS="333"/>
							<String ID="string_24" HPOS="361" VPOS="323" WIDTH="177" HEIGHT="41" WC="0.96" CONTENT="väsentliga"/><SP WIDTH="27" VPOS="323" HPOS="538"/>
							<String ID="string_25" HPOS="565" VPOS="323" WIDTH="141" HEIGHT="32" WC="0.96" CONTENT="fördelar"/><SP WIDTH="25" VPOS="323" HPOS="706"/>
							<String ID="string_26" HPOS="731" VPOS="333" WIDTH="95" HEIGHT="32" WC="0.96" CONTENT="synas"/><SP WIDTH="28" VPOS="333" HPOS="826"/>
							<String ID="string_27" HPOS="854" VPOS="323" WIDTH="107" HEIGHT="30" WC="0.95" CONTENT="kunna"/><SP WIDTH="30" VPOS="323" HPOS="961"/>
							<String ID="string_28" HPOS="991" VPOS="323" WIDTH="120" HEIGHT="38" WC="0.96" CONTENT="vinnas,"/><SP WIDTH="30" VPOS="323" HPOS="1111"/>
							<String ID="string_29" HPOS="1141" VPOS="325" WIDTH="75" HEIGHT="29" WC="0.96" CONTENT="utan"/><SP WIDTH="30" VPOS="325" HPOS="1216"/>
							<String ID="string_30" HPOS="1246" VPOS="325" WIDTH="49" HEIGHT="29" WC="0.96" CONTENT="att"/><SP WIDTH="27" VPOS="325" HPOS="1295"/>
							<String ID="string_31" HPOS="1322" VPOS="322" WIDTH="60" HEIGHT="32" WC="0.96" CONTENT="den"/><SP WIDTH="17" VPOS="322" HPOS="1382"/>
							<String ID="string_32" HPOS="1399" VPOS="323" WIDTH="83" HEIGHT="41" WC="0.95" CONTENT="höga"/><SP WIDTH="15" VPOS="323" HPOS="1482"/>
							<String ID="string_33" HPOS="1497" VPOS="323" WIDTH="201" HEIGHT="41" WC="0.92" CONTENT="ståndpunkt"/><SP WIDTH="14" VPOS="323" HPOS="1698"/>
							<String ID="string_34" HPOS="1712" VPOS="323" WIDTH="125" HEIGHT="33" WC="0.92" CONTENT="läkare-"/>
						</TextLine>
						<TextLine ID="line_3" HPOS="231" VPOS="373" WIDTH="1606" HEIGHT="43">
							<String ID="string_35" HPOS="231" VPOS="375" WIDTH="187" HEIGHT="41" WC="0.96" CONTENT="bildningen"/><SP WIDTH="41" VPOS="375" HPOS="418"/>
							<String ID="string_36" HPOS="459" VPOS="375" WIDTH="58" HEIGHT="32" WC="0.96" CONTENT="hos"/><SP WIDTH="40" VPOS="375" HPOS="517"/>
							<String ID="string_37" HPOS="557" VPOS="385" WIDTH="51" HEIGHT="22" WC="0.96" CONTENT="oss"/><SP WIDTH="41" VPOS="385" HPOS="608"/>
							<String ID="string_38" HPOS="649" VPOS="376" WIDTH="138" HEIGHT="40" WC="0.91" CONTENT="uppnått"/><SP WIDTH="41" VPOS="376" HPOS="787"/>
							<String ID="string_39" HPOS="828" VPOS="374" WIDTH="182" HEIGHT="40" WC="0.91" CONTENT="derigenom"/><SP WIDTH="41" VPOS="374" HPOS="1010"/>
							<String ID="string_40" HPOS="1051" VPOS="373" WIDTH="59" HEIGHT="33" WC="0.96" CONTENT="bör"/><SP WIDTH="35" VPOS="373" HPOS="1110"/>
							<String ID="string_41" HPOS="1145" VPOS="374" WIDTH="11" HEIGHT="32" WC="0.93" CONTENT="i"/><SP WIDTH="40" VPOS="374" HPOS="1156"/>
							<String ID="string_42" HPOS="1196" VPOS="375" WIDTH="141" HEIGHT="40" WC="0.91" CONTENT="ringaste"/><SP WIDTH="34" VPOS="375" HPOS="1337"/>
							<String ID="string_43" HPOS="1371" VPOS="376" WIDTH="74" HEIGHT="31" WC="0.96" CONTENT="mån"/><SP WIDTH="27" VPOS="376" HPOS="1445"/>
							<String ID="string_44" HPOS="1472" VPOS="374" WIDTH="109" HEIGHT="32" WC="0.96" CONTENT="kunna"/><SP WIDTH="28" VPOS="374" HPOS="1581"/>
							<String ID="string_45" HPOS="1609" VPOS="386" WIDTH="94" HEIGHT="21" WC="0.93" CONTENT="anses"/><SP WIDTH="26" VPOS="386" HPOS="1703"/>
							<String ID="string_46" HPOS="1729" VPOS="375" WIDTH="108" HEIGHT="32" WC="0.25" CONTENT="äfven-"/>
						</TextLine>
						<TextLine ID="line_4" HPOS="230" VPOS="427" WIDTH="101" HEIGHT="42">
							<String ID="string_47" HPOS="230" VPOS="427" WIDTH="101" HEIGHT="42" WC="0.91" CONTENT="tyrad."/>
						</TextLine>
					</TextBlock>
					<TextBlock ID="block_2" HPOS="226" VPOS="476" WIDTH="1612" HEIGHT="1121">
						<TextLine ID="line_5" HPOS="378" VPOS="476" WIDTH="1460" HEIGHT="42">
							<String ID="string_48" HPOS="378" VPOS="479" WIDTH="69" HEIGHT="31" WC="0.95" CONTENT="Mer"/><SP WIDTH="27" VPOS="479" HPOS="447"/>
							<String ID="string_49" HPOS="474" VPOS="482" WIDTH="41" HEIGHT="28" WC="0.96" CONTENT="än"/><SP WIDTH="28" VPOS="482" HPOS="515"/>
							<String ID="string_50" HPOS="543" VPOS="488" WIDTH="40" HEIGHT="21" WC="0.96" CONTENT="en"/><SP WIDTH="27" VPOS="488" HPOS="583"/>
							<String ID="string_51" HPOS="610" VPOS="479" WIDTH="83" HEIGHT="39" WC="0.96" CONTENT="gång"/><SP WIDTH="24" VPOS="479" HPOS="693"/>
							<String ID="string_52" HPOS="717" VPOS="478" WIDTH="59" HEIGHT="31" WC="0.96" CONTENT="har"/><SP WIDTH="27" VPOS="478" HPOS="776"/>
							<String ID="string_53" HPOS="803" VPOS="477" WIDTH="59" HEIGHT="31" WC="0.96" CONTENT="den"/><SP WIDTH="30" VPOS="477" HPOS="862"/>
							<String ID="string_54" HPOS="892" VPOS="477" WIDTH="254" HEIGHT="40" WC="0.96" CONTENT="anmärkningen"/><SP WIDTH="28" VPOS="477" HPOS="1146"/>
							<String ID="string_55" HPOS="1174" VPOS="477" WIDTH="104" HEIGHT="32" WC="0.93" CONTENT="blifvit"/><SP WIDTH="26" VPOS="477" HPOS="1278"/>
							<String ID="string_56" HPOS="1304" VPOS="476" WIDTH="179" HEIGHT="39" WC="0.92" CONTENT="framstäld,"/><SP WIDTH="31" VPOS="476" HPOS="1483"/>
							<String ID="string_57" HPOS="1514" VPOS="479" WIDTH="48" HEIGHT="29" WC="0.96" CONTENT="att"/><SP WIDTH="26" VPOS="479" HPOS="1562"/>
							<String ID="string_58" HPOS="1588" VPOS="476" WIDTH="149" HEIGHT="32" WC="0.93" CONTENT="läkarens"/><SP WIDTH="34" VPOS="476" HPOS="1737"/>
							<String ID="string_59" HPOS="1771" VPOS="480" WIDTH="67" HEIGHT="29" WC="0.93" CONTENT="stu-"/>
						</TextLine>
						<TextLine ID="line_6" HPOS="229" VPOS="527" WIDTH="1608" HEIGHT="43">
							<String ID="string_60" HPOS="229" VPOS="531" WIDTH="69" HEIGHT="30" WC="0.91" CONTENT="dier"/><SP WIDTH="40" VPOS="531" HPOS="298"/>
							<String ID="string_61" HPOS="338" VPOS="533" WIDTH="143" HEIGHT="37" WC="0.92" CONTENT="upptaga"/><SP WIDTH="40" VPOS="533" HPOS="481"/>
							<String ID="string_62" HPOS="521" VPOS="529" WIDTH="58" HEIGHT="31" WC="0.95" CONTENT="allt"/><SP WIDTH="39" VPOS="529" HPOS="579"/>
							<String ID="string_63" HPOS="618" VPOS="529" WIDTH="50" HEIGHT="31" WC="0.95" CONTENT="för"/><SP WIDTH="41" VPOS="529" HPOS="668"/>
							<String ID="string_64" HPOS="709" VPOS="529" WIDTH="75" HEIGHT="39" WC="0.96" CONTENT="lång"/><SP WIDTH="40" VPOS="529" HPOS="784"/>
							<String ID="string_65" HPOS="824" VPOS="528" WIDTH="59" HEIGHT="39" WC="0.96" CONTENT="tid,"/><SP WIDTH="42" VPOS="528" HPOS="883"/>
							<String ID="string_66" HPOS="925" VPOS="530" WIDTH="35" HEIGHT="29" WC="0.96" CONTENT="så"/><SP WIDTH="39" VPOS="530" HPOS="960"/>
							<String ID="string_67" HPOS="999" VPOS="531" WIDTH="49" HEIGHT="29" WC="0.96" CONTENT="att"/><SP WIDTH="44" VPOS="531" HPOS="1048"/>
							<String ID="string_68" HPOS="1092" VPOS="529" WIDTH="74" HEIGHT="38" WC="0.95" CONTENT="han,"/><SP WIDTH="43" VPOS="529" HPOS="1166"/>
							<String ID="string_69" HPOS="1209" VPOS="528" WIDTH="41" HEIGHT="32" WC="0.96" CONTENT="då"/><SP WIDTH="39" VPOS="528" HPOS="1250"/>
							<String ID="string_70" HPOS="1289" VPOS="528" WIDTH="64" HEIGHT="31" WC="0.96" CONTENT="han"/><SP WIDTH="28" VPOS="528" HPOS="1353"/>
							<String ID="string_71" HPOS="1381" VPOS="528" WIDTH="139" HEIGHT="31" WC="0.96" CONTENT="omsider"/><SP WIDTH="26" VPOS="528" HPOS="1520"/>
							<String ID="string_72" HPOS="1546" VPOS="527" WIDTH="62" HEIGHT="31" WC="0.92" CONTENT="kan"/><SP WIDTH="29" VPOS="527" HPOS="1608"/>
							<String ID="string_73" HPOS="1637" VPOS="527" WIDTH="124" HEIGHT="41" WC="0.91" CONTENT="aflägga"/><SP WIDTH="28" VPOS="527" HPOS="1761"/>
							<String ID="string_74" HPOS="1789" VPOS="528" WIDTH="48" HEIGHT="32" WC="0.96" CONTENT="sin"/>
						</TextLine>
						<TextLine ID="line_7" HPOS="226" VPOS="578" WIDTH="1611" HEIGHT="43">
							<String ID="string_75" HPOS="226" VPOS="581" WIDTH="298" HEIGHT="38" WC="0.96" CONTENT="licentiatexamen,"/><SP WIDTH="30" VPOS="581" HPOS="524"/>
							<String ID="string_76" HPOS="554" VPOS="579" WIDTH="97" HEIGHT="32" WC="0.96" CONTENT="redan"/><SP WIDTH="30" VPOS="579" HPOS="651"/>
							<String ID="string_77" HPOS="681" VPOS="581" WIDTH="139" HEIGHT="40" WC="0.96" CONTENT="uppnått"/><SP WIDTH="27" VPOS="581" HPOS="820"/>
							<String ID="string_78" HPOS="847" VPOS="579" WIDTH="60" HEIGHT="32" WC="0.96" CONTENT="den"/><SP WIDTH="30" VPOS="579" HPOS="907"/>
							<String ID="string_79" HPOS="937" VPOS="579" WIDTH="98" HEIGHT="40" WC="0.96" CONTENT="ålder,"/><SP WIDTH="29" VPOS="579" HPOS="1035"/>
							<String ID="string_80" HPOS="1064" VPOS="579" WIDTH="41" HEIGHT="33" WC="0.96" CONTENT="då"/><SP WIDTH="26" VPOS="579" HPOS="1105"/>
							<String ID="string_81" HPOS="1131" VPOS="578" WIDTH="76" HEIGHT="33" WC="0.96" CONTENT="flere"/><SP WIDTH="28" VPOS="578" HPOS="1207"/>
							<String ID="string_82" HPOS="1235" VPOS="579" WIDTH="34" HEIGHT="32" WC="0.96" CONTENT="af"/><SP WIDTH="26" VPOS="579" HPOS="1269"/>
							<String ID="string_83" HPOS="1295" VPOS="579" WIDTH="80" HEIGHT="31" WC="0.96" CONTENT="hans"/><SP WIDTH="28" VPOS="579" HPOS="1375"/>
							<String ID="string_84" HPOS="1403" VPOS="579" WIDTH="92" HEIGHT="32" WC="0.96" CONTENT="bästa"/><SP WIDTH="28" VPOS="579" HPOS="1495"/>
							<String ID="string_85" HPOS="1523" VPOS="580" WIDTH="36" HEIGHT="30" WC="0.96" CONTENT="år"/><SP WIDTH="26" VPOS="580" HPOS="1559"/>
							<String ID="string_86" HPOS="1585" VPOS="580" WIDTH="69" HEIGHT="39" WC="0.96" CONTENT="gått"/><SP WIDTH="26" VPOS="580" HPOS="1654"/>
							<String ID="string_87" HPOS="1680" VPOS="579" WIDTH="50" HEIGHT="32" WC="0.97" CONTENT="för"/><SP WIDTH="27" VPOS="579" HPOS="1730"/>
							<String ID="string_88" HPOS="1757" VPOS="579" WIDTH="80" HEIGHT="32" WC="0.96" CONTENT="hans"/>
						</TextLine>
						<TextLine ID="line_8" HPOS="227" VPOS="630" WIDTH="1610" HEIGHT="44">
							<String ID="string_89" HPOS="227" VPOS="632" WIDTH="167" HEIGHT="42" WC="0.95" CONTENT="praktiska"/><SP WIDTH="39" VPOS="632" HPOS="394"/>
							<String ID="string_90" HPOS="433" VPOS="632" WIDTH="206" HEIGHT="32" WC="0.96" CONTENT="verksamhet"/><SP WIDTH="27" VPOS="632" HPOS="639"/>
							<String ID="string_91" HPOS="666" VPOS="632" WIDTH="60" HEIGHT="31" WC="0.96" CONTENT="och"/><SP WIDTH="36" VPOS="632" HPOS="726"/>
							<String ID="string_92" HPOS="762" VPOS="631" WIDTH="49" HEIGHT="32" WC="0.96" CONTENT="för"/><SP WIDTH="27" VPOS="631" HPOS="811"/>
							<String ID="string_93" HPOS="838" VPOS="631" WIDTH="170" HEIGHT="32" WC="0.96" CONTENT="samhället"/><SP WIDTH="27" VPOS="631" HPOS="1008"/>
							<String ID="string_94" HPOS="1035" VPOS="630" WIDTH="171" HEIGHT="33" WC="0.95" CONTENT="förlorade."/><SP WIDTH="51" VPOS="630" HPOS="1206"/>
							<String ID="string_95" HPOS="1257" VPOS="630" WIDTH="165" HEIGHT="33" WC="0.95" CONTENT="Utskottet"/><SP WIDTH="26" VPOS="630" HPOS="1422"/>
							<String ID="string_96" HPOS="1448" VPOS="630" WIDTH="59" HEIGHT="32" WC="0.96" CONTENT="har"/><SP WIDTH="26" VPOS="630" HPOS="1507"/>
							<String ID="string_97" HPOS="1533" VPOS="630" WIDTH="10" HEIGHT="31" WC="0.96" CONTENT="i"/><SP WIDTH="28" VPOS="630" HPOS="1543"/>
							<String ID="string_98" HPOS="1571" VPOS="630" WIDTH="88" HEIGHT="32" WC="0.96" CONTENT="detta"/><SP WIDTH="27" VPOS="630" HPOS="1659"/>
							<String ID="string_99" HPOS="1686" VPOS="631" WIDTH="151" HEIGHT="32" WC="0.96" CONTENT="afseende"/>
						</TextLine>
						<TextLine ID="line_9" HPOS="228" VPOS="682" WIDTH="1606" HEIGHT="42">
							<String ID="string_100" HPOS="228" VPOS="684" WIDTH="74" HEIGHT="31" WC="0.96" CONTENT="sökt"/><SP WIDTH="39" VPOS="684" HPOS="302"/>
							<String ID="string_101" HPOS="341" VPOS="683" WIDTH="104" HEIGHT="32" WC="0.96" CONTENT="skaffa"/><SP WIDTH="40" VPOS="683" HPOS="445"/>
							<String ID="string_102" HPOS="485" VPOS="684" WIDTH="48" HEIGHT="40" WC="0.94" CONTENT="sig"/><SP WIDTH="38" VPOS="684" HPOS="533"/>
							<String ID="string_103" HPOS="571" VPOS="683" WIDTH="205" HEIGHT="40" WC="0.94" CONTENT="tillförlitliga"/><SP WIDTH="35" VPOS="683" HPOS="776"/>
							<String ID="string_104" HPOS="811" VPOS="683" WIDTH="231" HEIGHT="40" WC="0.96" CONTENT="upplysningar"/><SP WIDTH="28" VPOS="683" HPOS="1042"/>
							<String ID="string_105" HPOS="1070" VPOS="682" WIDTH="59" HEIGHT="32" WC="0.93" CONTENT="och"/><SP WIDTH="29" VPOS="682" HPOS="1129"/>
							<String ID="string_106" HPOS="1158" VPOS="682" WIDTH="109" HEIGHT="32" WC="0.91" CONTENT="dervid"/><SP WIDTH="27" VPOS="682" HPOS="1267"/>
							<String ID="string_107" HPOS="1294" VPOS="682" WIDTH="169" HEIGHT="39" WC="0.91" CONTENT="inhemtat,"/><SP WIDTH="30" VPOS="682" HPOS="1463"/>
							<String ID="string_108" HPOS="1493" VPOS="684" WIDTH="48" HEIGHT="29" WC="0.96" CONTENT="att"/><SP WIDTH="26" VPOS="684" HPOS="1541"/>
							<String ID="string_109" HPOS="1567" VPOS="682" WIDTH="35" HEIGHT="31" WC="0.96" CONTENT="af"/><SP WIDTH="26" VPOS="682" HPOS="1602"/>
							<String ID="string_110" HPOS="1628" VPOS="684" WIDTH="58" HEIGHT="29" WC="0.95" CONTENT="155"/><SP WIDTH="28" VPOS="684" HPOS="1686"/>
							<String ID="string_111" HPOS="1714" VPOS="682" WIDTH="120" HEIGHT="40" WC="0.96" CONTENT="läkare,"/>
						</TextLine>
						<TextLine ID="line_10" HPOS="227" VPOS="733" WIDTH="1610" HEIGHT="42">
							<String ID="string_112" HPOS="227" VPOS="746" WIDTH="69" HEIGHT="21" WC="0.96" CONTENT="som"/><SP WIDTH="28" VPOS="746" HPOS="296"/>
							<String ID="string_113" HPOS="324" VPOS="735" WIDTH="104" HEIGHT="31" WC="0.96" CONTENT="under"/><SP WIDTH="29" VPOS="735" HPOS="428"/>
							<String ID="string_114" HPOS="457" VPOS="734" WIDTH="37" HEIGHT="32" WC="0.96" CONTENT="de"/><SP WIDTH="29" VPOS="734" HPOS="494"/>
							<String ID="string_115" HPOS="523" VPOS="744" WIDTH="55" HEIGHT="22" WC="0.96" CONTENT="sex"/><SP WIDTH="27" VPOS="744" HPOS="578"/>
							<String ID="string_116" HPOS="605" VPOS="736" WIDTH="78" HEIGHT="30" WC="0.93" CONTENT="åren"/><SP WIDTH="30" VPOS="736" HPOS="683"/>
							<String ID="string_117" HPOS="713" VPOS="735" WIDTH="210" HEIGHT="31" WC="0.81" CONTENT="1866—1871"/><SP WIDTH="32" VPOS="735" HPOS="923"/>
							<String ID="string_118" HPOS="955" VPOS="734" WIDTH="193" HEIGHT="40" WC="0.95" CONTENT="legitimerat"/><SP WIDTH="26" VPOS="734" HPOS="1148"/>
							<String ID="string_119" HPOS="1174" VPOS="734" WIDTH="48" HEIGHT="41" WC="0.96" CONTENT="sig"/><SP WIDTH="26" VPOS="734" HPOS="1222"/>
							<String ID="string_120" HPOS="1248" VPOS="734" WIDTH="11" HEIGHT="31" WC="0.93" CONTENT="i"/><SP WIDTH="27" VPOS="734" HPOS="1259"/>
							<String ID="string_121" HPOS="1286" VPOS="733" WIDTH="348" HEIGHT="40" WC="0.89" CONTENT="Sundhetskollegium,"/><SP WIDTH="30" VPOS="733" HPOS="1634"/>
							<String ID="string_122" HPOS="1664" VPOS="733" WIDTH="115" HEIGHT="32" WC="0.96" CONTENT="endast"/><SP WIDTH="21" VPOS="733" HPOS="1779"/>
							<String ID="string_123" HPOS="1800" VPOS="736" WIDTH="37" HEIGHT="30" WC="0.96" CONTENT="13"/>
						</TextLine>
						<TextLine ID="line_11" HPOS="229" VPOS="784" WIDTH="1606" HEIGHT="43">
							<String ID="string_124" HPOS="229" VPOS="787" WIDTH="79" HEIGHT="31" WC="0.95" CONTENT="eller"/><SP WIDTH="40" VPOS="787" HPOS="308"/>
							<String ID="string_125" HPOS="348" VPOS="788" WIDTH="53" HEIGHT="37" WC="0.96" CONTENT="8,4"/><SP WIDTH="36" VPOS="788" HPOS="401"/>
							<String ID="string_126" HPOS="437" VPOS="788" WIDTH="134" HEIGHT="39" WC="0.93" CONTENT="procent"/><SP WIDTH="37" VPOS="788" HPOS="571"/>
							<String ID="string_127" HPOS="608" VPOS="785" WIDTH="98" HEIGHT="41" WC="0.91" CONTENT="aflagt"/><SP WIDTH="37" VPOS="785" HPOS="706"/>
							<String ID="string_128" HPOS="743" VPOS="786" WIDTH="282" HEIGHT="31" WC="0.96" CONTENT="licentiatexamen"/><SP WIDTH="40" VPOS="786" HPOS="1025"/>
							<String ID="string_129" HPOS="1065" VPOS="785" WIDTH="52" HEIGHT="31" WC="0.96" CONTENT="vid"/><SP WIDTH="40" VPOS="785" HPOS="1117"/>
							<String ID="string_130" HPOS="1157" VPOS="787" WIDTH="39" HEIGHT="30" WC="0.96" CONTENT="26"/><SP WIDTH="28" VPOS="787" HPOS="1196"/>
							<String ID="string_131" HPOS="1224" VPOS="787" WIDTH="36" HEIGHT="30" WC="0.96" CONTENT="år"/><SP WIDTH="27" VPOS="787" HPOS="1260"/>
							<String ID="string_132" HPOS="1287" VPOS="785" WIDTH="78" HEIGHT="31" WC="0.93" CONTENT="eller"/><SP WIDTH="27" VPOS="785" HPOS="1365"/>
							<String ID="string_133" HPOS="1392" VPOS="784" WIDTH="171" HEIGHT="39" WC="0.92" CONTENT="derunder,"/><SP WIDTH="31" VPOS="784" HPOS="1563"/>
							<String ID="string_134" HPOS="1594" VPOS="785" WIDTH="164" HEIGHT="31" WC="0.96" CONTENT="hvaremot"/><SP WIDTH="26" VPOS="785" HPOS="1758"/>
							<String ID="string_135" HPOS="1784" VPOS="788" WIDTH="51" HEIGHT="36" WC="0.96" CONTENT="44,"/>
						</TextLine>
						<TextLine ID="line_12" HPOS="231" VPOS="836" WIDTH="1606" HEIGHT="42">
							<String ID="string_136" HPOS="231" VPOS="838" WIDTH="78" HEIGHT="31" WC="0.96" CONTENT="eller"/><SP WIDTH="41" VPOS="838" HPOS="309"/>
							<String ID="string_137" HPOS="350" VPOS="838" WIDTH="73" HEIGHT="38" WC="0.95" CONTENT="28,4"/><SP WIDTH="31" VPOS="838" HPOS="423"/>
							<String ID="string_138" HPOS="454" VPOS="840" WIDTH="135" HEIGHT="38" WC="0.93" CONTENT="procent"/><SP WIDTH="27" VPOS="840" HPOS="589"/>
							<String ID="string_139" HPOS="616" VPOS="837" WIDTH="107" HEIGHT="31" WC="0.92" CONTENT="dervid"/><SP WIDTH="30" VPOS="837" HPOS="723"/>
							<String ID="string_140" HPOS="753" VPOS="839" WIDTH="137" HEIGHT="39" WC="0.96" CONTENT="uppnått"/><SP WIDTH="23" VPOS="839" HPOS="890"/>
							<String ID="string_141" HPOS="913" VPOS="840" WIDTH="38" HEIGHT="29" WC="0.96" CONTENT="27"/><SP WIDTH="29" VPOS="840" HPOS="951"/>
							<String ID="string_142" HPOS="980" VPOS="837" WIDTH="47" HEIGHT="31" WC="0.96" CONTENT="till"/><SP WIDTH="28" VPOS="837" HPOS="1027"/>
							<String ID="string_143" HPOS="1055" VPOS="839" WIDTH="39" HEIGHT="30" WC="0.96" CONTENT="29"/><SP WIDTH="28" VPOS="839" HPOS="1094"/>
							<String ID="string_144" HPOS="1122" VPOS="838" WIDTH="47" HEIGHT="38" WC="0.95" CONTENT="år,"/><SP WIDTH="30" VPOS="838" HPOS="1169"/>
							<String ID="string_145" HPOS="1199" VPOS="839" WIDTH="34" HEIGHT="29" WC="0.96" CONTENT="51"/><SP WIDTH="33" VPOS="839" HPOS="1233"/>
							<String ID="string_146" HPOS="1266" VPOS="836" WIDTH="76" HEIGHT="32" WC="0.96" CONTENT="eller"/><SP WIDTH="29" VPOS="836" HPOS="1342"/>
							<String ID="string_147" HPOS="1371" VPOS="838" WIDTH="38" HEIGHT="30" WC="0.95" CONTENT="33"/><SP WIDTH="29" VPOS="838" HPOS="1409"/>
							<String ID="string_148" HPOS="1438" VPOS="847" WIDTH="87" HEIGHT="31" WC="0.96" CONTENT="proc."/><SP WIDTH="29" VPOS="847" HPOS="1525"/>
							<String ID="string_149" HPOS="1554" VPOS="846" WIDTH="38" HEIGHT="21" WC="0.96" CONTENT="en"/><SP WIDTH="29" VPOS="846" HPOS="1592"/>
							<String ID="string_150" HPOS="1621" VPOS="836" WIDTH="90" HEIGHT="32" WC="0.96" CONTENT="ålder"/><SP WIDTH="27" VPOS="836" HPOS="1711"/>
							<String ID="string_151" HPOS="1738" VPOS="836" WIDTH="34" HEIGHT="32" WC="0.96" CONTENT="af"/><SP WIDTH="25" VPOS="836" HPOS="1772"/>
							<String ID="string_152" HPOS="1797" VPOS="840" WIDTH="40" HEIGHT="28" WC="0.94" CONTENT="30"/>
						</TextLine>
						<TextLine ID="line_13" HPOS="233" VPOS="887" WIDTH="1601" HEIGHT="42">
							<String ID="string_153" HPOS="233" VPOS="889" WIDTH="47" HEIGHT="31" WC="0.96" CONTENT="till"/><SP WIDTH="30" VPOS="889" HPOS="280"/>
							<String ID="string_154" HPOS="310" VPOS="891" WIDTH="38" HEIGHT="29" WC="0.96" CONTENT="32"/><SP WIDTH="28" VPOS="891" HPOS="348"/>
							<String ID="string_155" HPOS="376" VPOS="890" WIDTH="46" HEIGHT="37" WC="0.95" CONTENT="år,"/><SP WIDTH="31" VPOS="890" HPOS="422"/>
							<String ID="string_156" HPOS="453" VPOS="891" WIDTH="38" HEIGHT="29" WC="0.95" CONTENT="33"/><SP WIDTH="30" VPOS="891" HPOS="491"/>
							<String ID="string_157" HPOS="521" VPOS="888" WIDTH="77" HEIGHT="32" WC="0.96" CONTENT="eller"/><SP WIDTH="26" VPOS="888" HPOS="598"/>
							<String ID="string_158" HPOS="624" VPOS="889" WIDTH="73" HEIGHT="38" WC="0.96" CONTENT="20,6"/><SP WIDTH="25" VPOS="889" HPOS="697"/>
							<String ID="string_159" HPOS="722" VPOS="899" WIDTH="86" HEIGHT="30" WC="0.94" CONTENT="proc,"/><SP WIDTH="31" VPOS="899" HPOS="808"/>
							<String ID="string_160" HPOS="839" VPOS="889" WIDTH="34" HEIGHT="30" WC="0.95" CONTENT="af"/><SP WIDTH="21" VPOS="889" HPOS="873"/>
							<String ID="string_161" HPOS="894" VPOS="891" WIDTH="38" HEIGHT="28" WC="0.95" CONTENT="33"/><SP WIDTH="29" VPOS="891" HPOS="932"/>
							<String ID="string_162" HPOS="961" VPOS="888" WIDTH="46" HEIGHT="31" WC="0.96" CONTENT="till"/><SP WIDTH="30" VPOS="888" HPOS="1007"/>
							<String ID="string_163" HPOS="1037" VPOS="890" WIDTH="38" HEIGHT="29" WC="0.96" CONTENT="35"/><SP WIDTH="28" VPOS="890" HPOS="1075"/>
							<String ID="string_164" HPOS="1103" VPOS="890" WIDTH="45" HEIGHT="37" WC="0.96" CONTENT="år,"/><SP WIDTH="18" VPOS="890" HPOS="1148"/>
							<String ID="string_165" HPOS="1166" VPOS="888" WIDTH="59" HEIGHT="31" WC="0.96" CONTENT="och"/><SP WIDTH="31" VPOS="888" HPOS="1225"/>
							<String ID="string_166" HPOS="1256" VPOS="891" WIDTH="37" HEIGHT="28" WC="0.96" CONTENT="14"/><SP WIDTH="28" VPOS="891" HPOS="1293"/>
							<String ID="string_167" HPOS="1321" VPOS="887" WIDTH="77" HEIGHT="32" WC="0.96" CONTENT="eller"/><SP WIDTH="20" VPOS="887" HPOS="1398"/>
							<String ID="string_168" HPOS="1418" VPOS="890" WIDTH="18" HEIGHT="29" WC="0.96" CONTENT="9"/><SP WIDTH="28" VPOS="890" HPOS="1436"/>
							<String ID="string_169" HPOS="1464" VPOS="898" WIDTH="86" HEIGHT="30" WC="0.96" CONTENT="proc."/><SP WIDTH="29" VPOS="898" HPOS="1550"/>
							<String ID="string_170" HPOS="1579" VPOS="887" WIDTH="35" HEIGHT="31" WC="0.96" CONTENT="af"/><SP WIDTH="26" VPOS="887" HPOS="1614"/>
							<String ID="string_171" HPOS="1640" VPOS="889" WIDTH="38" HEIGHT="29" WC="0.95" CONTENT="36"/><SP WIDTH="29" VPOS="889" HPOS="1678"/>
							<String ID="string_172" HPOS="1707" VPOS="888" WIDTH="49" HEIGHT="31" WC="0.96" CONTENT="till"/><SP WIDTH="27" VPOS="888" HPOS="1756"/>
							<String ID="string_173" HPOS="1783" VPOS="891" WIDTH="51" HEIGHT="29" WC="0.96" CONTENT="42."/>
						</TextLine>
						<TextLine ID="line_14" HPOS="233" VPOS="937" WIDTH="1603" HEIGHT="43">
							<String ID="string_174" HPOS="233" VPOS="939" WIDTH="183" HEIGHT="32" WC="0.95" CONTENT="Orsakerna"/><SP WIDTH="27" VPOS="939" HPOS="416"/>
							<String ID="string_175" HPOS="443" VPOS="940" WIDTH="50" HEIGHT="31" WC="0.96" CONTENT="till"/><SP WIDTH="28" VPOS="940" HPOS="493"/>
							<String ID="string_176" HPOS="521" VPOS="939" WIDTH="89" HEIGHT="32" WC="0.96" CONTENT="detta"/><SP WIDTH="27" VPOS="939" HPOS="610"/>
							<String ID="string_177" HPOS="637" VPOS="939" WIDTH="168" HEIGHT="40" WC="0.95" CONTENT="onekligen"/><SP WIDTH="30" VPOS="939" HPOS="805"/>
							<String ID="string_178" HPOS="835" VPOS="939" WIDTH="140" HEIGHT="32" WC="0.92" CONTENT="särdeles"/><SP WIDTH="28" VPOS="939" HPOS="975"/>
							<String ID="string_179" HPOS="1003" VPOS="939" WIDTH="186" HEIGHT="41" WC="0.92" CONTENT="betänkliga"/><SP WIDTH="26" VPOS="939" HPOS="1189"/>
							<String ID="string_180" HPOS="1215" VPOS="938" WIDTH="202" HEIGHT="33" WC="0.96" CONTENT="förhållande"/><SP WIDTH="27" VPOS="938" HPOS="1417"/>
							<String ID="string_181" HPOS="1444" VPOS="942" WIDTH="56" HEIGHT="29" WC="0.96" CONTENT="äro"/><SP WIDTH="27" VPOS="942" HPOS="1500"/>
							<String ID="string_182" HPOS="1527" VPOS="937" WIDTH="88" HEIGHT="33" WC="0.93" CONTENT="flera."/><SP WIDTH="43" VPOS="937" HPOS="1615"/>
							<String ID="string_183" HPOS="1658" VPOS="939" WIDTH="178" HEIGHT="32" WC="0.84" CONTENT="Deribland"/>
						</TextLine>
						<TextLine ID="line_15" HPOS="230" VPOS="989" WIDTH="1605" HEIGHT="42">
							<String ID="string_184" HPOS="230" VPOS="993" WIDTH="102" HEIGHT="30" WC="0.96" CONTENT="måste"/><SP WIDTH="28" VPOS="993" HPOS="332"/>
							<String ID="string_185" HPOS="360" VPOS="991" WIDTH="117" HEIGHT="32" WC="0.96" CONTENT="räknas"/><SP WIDTH="29" VPOS="991" HPOS="477"/>
							<String ID="string_186" HPOS="506" VPOS="991" WIDTH="61" HEIGHT="31" WC="0.96" CONTENT="den"/><SP WIDTH="28" VPOS="991" HPOS="567"/>
							<String ID="string_187" HPOS="595" VPOS="990" WIDTH="291" HEIGHT="41" WC="0.96" CONTENT="omständigheten,"/><SP WIDTH="29" VPOS="990" HPOS="886"/>
							<String ID="string_188" HPOS="915" VPOS="993" WIDTH="49" HEIGHT="30" WC="0.96" CONTENT="att"/><SP WIDTH="27" VPOS="993" HPOS="964"/>
							<String ID="string_189" HPOS="991" VPOS="1001" WIDTH="73" HEIGHT="21" WC="0.96" CONTENT="man"/><SP WIDTH="23" VPOS="1001" HPOS="1064"/>
							<String ID="string_190" HPOS="1087" VPOS="991" WIDTH="11" HEIGHT="31" WC="0.96" CONTENT="i"/><SP WIDTH="26" VPOS="991" HPOS="1098"/>
							<String ID="string_191" HPOS="1124" VPOS="992" WIDTH="72" HEIGHT="30" WC="0.96" CONTENT="vårt"/><SP WIDTH="26" VPOS="992" HPOS="1196"/>
							<String ID="string_192" HPOS="1222" VPOS="990" WIDTH="88" HEIGHT="39" WC="0.96" CONTENT="land,"/><SP WIDTH="29" VPOS="990" HPOS="1310"/>
							<String ID="string_193" HPOS="1339" VPOS="990" WIDTH="55" HEIGHT="31" WC="0.96" CONTENT="der"/><SP WIDTH="28" VPOS="990" HPOS="1394"/>
							<String ID="string_194" HPOS="1422" VPOS="990" WIDTH="114" HEIGHT="32" WC="0.96" CONTENT="endast"/><SP WIDTH="18" VPOS="990" HPOS="1536"/>
							<String ID="string_195" HPOS="1554" VPOS="1000" WIDTH="38" HEIGHT="21" WC="0.93" CONTENT="en"/><SP WIDTH="22" VPOS="1000" HPOS="1592"/>
							<String ID="string_196" HPOS="1614" VPOS="989" WIDTH="221" HEIGHT="42" WC="0.91" CONTENT="lärdomsgrad"/>
						</TextLine>
						<TextLine ID="line_16" HPOS="230" VPOS="1041" WIDTH="1605" HEIGHT="42">
							<String ID="string_197" HPOS="230" VPOS="1044" WIDTH="104" HEIGHT="30" WC="0.96" CONTENT="såsom"/><SP WIDTH="32" VPOS="1044" HPOS="334"/>
							<String ID="string_198" HPOS="366" VPOS="1042" WIDTH="46" HEIGHT="31" WC="0.93" CONTENT="till"/><SP WIDTH="29" VPOS="1042" HPOS="412"/>
							<String ID="string_199" HPOS="441" VPOS="1042" WIDTH="174" HEIGHT="32" WC="0.91" CONTENT="utöfvande"/><SP WIDTH="28" VPOS="1042" HPOS="615"/>
							<String ID="string_200" HPOS="643" VPOS="1042" WIDTH="35" HEIGHT="31" WC="0.96" CONTENT="af"/><SP WIDTH="24" VPOS="1042" HPOS="678"/>
							<String ID="string_201" HPOS="702" VPOS="1041" WIDTH="148" HEIGHT="33" WC="0.96" CONTENT="läkarens"/><SP WIDTH="18" VPOS="1041" HPOS="850"/>
							<String ID="string_202" HPOS="868" VPOS="1042" WIDTH="77" HEIGHT="41" WC="0.96" CONTENT="yrke"/><SP WIDTH="28" VPOS="1042" HPOS="945"/>
							<String ID="string_203" HPOS="973" VPOS="1041" WIDTH="225" HEIGHT="41" WC="0.93" CONTENT="berättigande"/><SP WIDTH="24" VPOS="1041" HPOS="1198"/>
							<String ID="string_204" HPOS="1222" VPOS="1041" WIDTH="169" HEIGHT="39" WC="0.92" CONTENT="erkännes,"/><SP WIDTH="30" VPOS="1041" HPOS="1391"/>
							<String ID="string_205" HPOS="1421" VPOS="1042" WIDTH="102" HEIGHT="31" WC="0.96" CONTENT="måste"/><SP WIDTH="28" VPOS="1042" HPOS="1523"/>
							<String ID="string_206" HPOS="1551" VPOS="1041" WIDTH="95" HEIGHT="31" WC="0.96" CONTENT="ställa"/><SP WIDTH="16" VPOS="1041" HPOS="1646"/>
							<String ID="string_207" HPOS="1662" VPOS="1044" WIDTH="40" HEIGHT="37" WC="0.96" CONTENT="på"/><SP WIDTH="15" VPOS="1044" HPOS="1702"/>
							<String ID="string_208" HPOS="1717" VPOS="1042" WIDTH="118" HEIGHT="31" WC="0.96" CONTENT="honom"/>
						</TextLine>
						<TextLine ID="line_17" HPOS="229" VPOS="1091" WIDTH="1607" HEIGHT="44">
							<String ID="string_209" HPOS="229" VPOS="1093" WIDTH="70" HEIGHT="32" WC="0.49" CONTENT="icke"/><SP WIDTH="41" VPOS="1093" HPOS="299"/>
							<String ID="string_210" HPOS="340" VPOS="1093" WIDTH="177" HEIGHT="42" WC="0.96" CONTENT="obetydligt"/><SP WIDTH="39" VPOS="1093" HPOS="517"/>
							<String ID="string_211" HPOS="556" VPOS="1096" WIDTH="103" HEIGHT="29" WC="0.96" CONTENT="större"/><SP WIDTH="35" VPOS="1096" HPOS="659"/>
							<String ID="string_212" HPOS="694" VPOS="1093" WIDTH="183" HEIGHT="40" WC="0.91" CONTENT="fordringar"/><SP WIDTH="36" VPOS="1093" HPOS="877"/>
							<String ID="string_213" HPOS="913" VPOS="1094" WIDTH="19" HEIGHT="31" WC="0.91" CONTENT="å"/><SP WIDTH="27" VPOS="1094" HPOS="932"/>
							<String ID="string_214" HPOS="959" VPOS="1093" WIDTH="134" HEIGHT="41" WC="0.90" CONTENT="insigter"/><SP WIDTH="27" VPOS="1093" HPOS="1093"/>
							<String ID="string_215" HPOS="1120" VPOS="1093" WIDTH="10" HEIGHT="31" WC="0.96" CONTENT="i"/><SP WIDTH="28" VPOS="1093" HPOS="1130"/>
							<String ID="string_216" HPOS="1158" VPOS="1095" WIDTH="88" HEIGHT="29" WC="0.93" CONTENT="snart"/><SP WIDTH="27" VPOS="1095" HPOS="1246"/>
							<String ID="string_217" HPOS="1273" VPOS="1092" WIDTH="93" HEIGHT="41" WC="0.92" CONTENT="sagdt"/><SP WIDTH="26" VPOS="1092" HPOS="1366"/>
							<String ID="string_218" HPOS="1392" VPOS="1092" WIDTH="63" HEIGHT="32" WC="0.93" CONTENT="alla"/><SP WIDTH="27" VPOS="1092" HPOS="1455"/>
							<String ID="string_219" HPOS="1482" VPOS="1091" WIDTH="265" HEIGHT="33" WC="0.92" CONTENT="läkarekonstens"/><SP WIDTH="18" VPOS="1091" HPOS="1747"/>
							<String ID="string_220" HPOS="1765" VPOS="1103" WIDTH="71" HEIGHT="30" WC="0.92" CONTENT="gre-"/>
						</TextLine>
						<TextLine ID="line_18" HPOS="230" VPOS="1143" WIDTH="1606" HEIGHT="43">
							<String ID="string_221" HPOS="230" VPOS="1156" WIDTH="68" HEIGHT="27" WC="0.88" CONTENT="nar,"/><SP WIDTH="29" VPOS="1156" HPOS="298"/>
							<String ID="string_222" HPOS="327" VPOS="1148" WIDTH="40" HEIGHT="28" WC="0.96" CONTENT="än"/><SP WIDTH="28" VPOS="1148" HPOS="367"/>
							<String ID="string_223" HPOS="395" VPOS="1145" WIDTH="8" HEIGHT="31" WC="0.86" CONTENT="1"/><SP WIDTH="30" VPOS="1145" HPOS="403"/>
							<String ID="string_224" HPOS="433" VPOS="1148" WIDTH="104" HEIGHT="28" WC="0.95" CONTENT="tätare"/><SP WIDTH="29" VPOS="1148" HPOS="537"/>
							<String ID="string_225" HPOS="566" VPOS="1144" WIDTH="169" HEIGHT="33" WC="0.96" CONTENT="befolkade"/><SP WIDTH="29" VPOS="1144" HPOS="735"/>
							<String ID="string_226" HPOS="764" VPOS="1144" WIDTH="123" HEIGHT="39" WC="0.96" CONTENT="länder,"/><SP WIDTH="31" VPOS="1144" HPOS="887"/>
							<String ID="string_227" HPOS="918" VPOS="1145" WIDTH="56" HEIGHT="31" WC="0.96" CONTENT="der"/><SP WIDTH="23" VPOS="1145" HPOS="974"/>
							<String ID="string_228" HPOS="997" VPOS="1144" WIDTH="38" HEIGHT="31" WC="0.93" CONTENT="de"/><SP WIDTH="29" VPOS="1144" HPOS="1035"/>
							<String ID="string_229" HPOS="1064" VPOS="1144" WIDTH="139" HEIGHT="42" WC="0.91" CONTENT="speciela"/><SP WIDTH="20" VPOS="1144" HPOS="1203"/>
							<String ID="string_230" HPOS="1223" VPOS="1143" WIDTH="198" HEIGHT="32" WC="0.93" CONTENT="medicinska"/><SP WIDTH="17" VPOS="1143" HPOS="1421"/>
							<String ID="string_231" HPOS="1438" VPOS="1143" WIDTH="273" HEIGHT="41" WC="0.89" CONTENT="skickligheterna"/><SP WIDTH="14" VPOS="1143" HPOS="1711"/>
							<String ID="string_232" HPOS="1725" VPOS="1144" WIDTH="111" HEIGHT="32" WC="0.95" CONTENT="kunna"/>
						</TextLine>
						<TextLine ID="line_19" HPOS="230" VPOS="1195" WIDTH="1607" HEIGHT="42">
							<String ID="string_233" HPOS="230" VPOS="1196" WIDTH="139" HEIGHT="32" WC="0.96" CONTENT="fördelas"/><SP WIDTH="41" VPOS="1196" HPOS="369"/>
							<String ID="string_234" HPOS="410" VPOS="1198" WIDTH="40" HEIGHT="39" WC="0.96" CONTENT="på"/><SP WIDTH="37" VPOS="1198" HPOS="450"/>
							<String ID="string_235" HPOS="487" VPOS="1196" WIDTH="87" HEIGHT="32" WC="0.96" CONTENT="olika"/><SP WIDTH="40" VPOS="1196" HPOS="574"/>
							<String ID="string_236" HPOS="614" VPOS="1206" WIDTH="162" HEIGHT="31" WC="0.90" CONTENT="personer."/><SP WIDTH="56" VPOS="1206" HPOS="776"/>
							<String ID="string_237" HPOS="832" VPOS="1196" WIDTH="98" HEIGHT="31" WC="0.95" CONTENT="Detta"/><SP WIDTH="26" VPOS="1196" HPOS="930"/>
							<String ID="string_238" HPOS="956" VPOS="1195" WIDTH="201" HEIGHT="33" WC="0.96" CONTENT="förhållande"/><SP WIDTH="27" VPOS="1195" HPOS="1157"/>
							<String ID="string_239" HPOS="1184" VPOS="1195" WIDTH="85" HEIGHT="32" WC="0.96" CONTENT="lärer"/><SP WIDTH="27" VPOS="1195" HPOS="1269"/>
							<String ID="string_240" HPOS="1296" VPOS="1199" WIDTH="86" HEIGHT="28" WC="0.96" CONTENT="ännu"/><SP WIDTH="27" VPOS="1199" HPOS="1382"/>
							<String ID="string_241" HPOS="1409" VPOS="1195" WIDTH="156" HEIGHT="41" WC="0.95" CONTENT="svårligen"/><SP WIDTH="28" VPOS="1195" HPOS="1565"/>
							<String ID="string_242" HPOS="1593" VPOS="1195" WIDTH="109" HEIGHT="32" WC="0.96" CONTENT="kunna"/><SP WIDTH="28" VPOS="1195" HPOS="1702"/>
							<String ID="string_243" HPOS="1730" VPOS="1196" WIDTH="10" HEIGHT="30" WC="0.57" CONTENT="1"/><SP WIDTH="27" VPOS="1196" HPOS="1740"/>
							<String ID="string_244" HPOS="1767" VPOS="1197" WIDTH="70" HEIGHT="30" WC="0.96" CONTENT="vårt"/>
						</TextLine>
						<TextLine ID="line_20" HPOS="231" VPOS="1246" WIDTH="1602" HEIGHT="42">
							<String ID="string_245" HPOS="231" VPOS="1247" WIDTH="195" HEIGHT="32" WC="0.96" CONTENT="vidsträckta"/><SP WIDTH="40" VPOS="1247" HPOS="426"/>
							<String ID="string_246" HPOS="466" VPOS="1247" WIDTH="87" HEIGHT="40" WC="0.90" CONTENT="land,"/><SP WIDTH="42" VPOS="1247" HPOS="553"/>
							<String ID="string_247" HPOS="595" VPOS="1247" WIDTH="73" HEIGHT="31" WC="0.96" CONTENT="med"/><SP WIDTH="40" VPOS="1247" HPOS="668"/>
							<String ID="string_248" HPOS="708" VPOS="1247" WIDTH="72" HEIGHT="31" WC="0.94" CONTENT="dess"/><SP WIDTH="39" VPOS="1247" HPOS="780"/>
							<String ID="string_249" HPOS="819" VPOS="1248" WIDTH="42" HEIGHT="40" WC="0.96" CONTENT="på"/><SP WIDTH="34" VPOS="1248" HPOS="861"/>
							<String ID="string_250" HPOS="895" VPOS="1250" WIDTH="87" HEIGHT="29" WC="0.93" CONTENT="stora"/><SP WIDTH="27" VPOS="1250" HPOS="982"/>
							<String ID="string_251" HPOS="1009" VPOS="1247" WIDTH="128" HEIGHT="32" WC="0.91" CONTENT="afstånd"/><SP WIDTH="27" VPOS="1247" HPOS="1137"/>
							<String ID="string_252" HPOS="1164" VPOS="1247" WIDTH="70" HEIGHT="32" WC="0.96" CONTENT="från"/><SP WIDTH="28" VPOS="1247" HPOS="1234"/>
							<String ID="string_253" HPOS="1262" VPOS="1247" WIDTH="181" HEIGHT="32" WC="0.96" CONTENT="hvarandra"/><SP WIDTH="26" VPOS="1247" HPOS="1443"/>
							<String ID="string_254" HPOS="1469" VPOS="1246" WIDTH="126" HEIGHT="33" WC="0.93" CONTENT="boende"/><SP WIDTH="41" VPOS="1246" HPOS="1595"/>
							<String ID="string_255" HPOS="1636" VPOS="1246" WIDTH="197" HEIGHT="41" WC="0.87" CONTENT="befolkning,"/>
						</TextLine>
						<TextLine ID="line_21" HPOS="230" VPOS="1297" WIDTH="1606" HEIGHT="43">
							<String ID="string_256" HPOS="230" VPOS="1299" WIDTH="68" HEIGHT="31" WC="0.94" CONTENT="helt"/><SP WIDTH="27" VPOS="1299" HPOS="298"/>
							<String ID="string_257" HPOS="325" VPOS="1299" WIDTH="59" HEIGHT="32" WC="0.96" CONTENT="och"/><SP WIDTH="29" VPOS="1299" HPOS="384"/>
							<String ID="string_258" HPOS="413" VPOS="1299" WIDTH="101" HEIGHT="31" WC="0.93" CONTENT="hållet"/><SP WIDTH="27" VPOS="1299" HPOS="514"/>
							<String ID="string_259" HPOS="541" VPOS="1298" WIDTH="229" HEIGHT="42" WC="0.91" CONTENT="undanrödjas."/><SP WIDTH="52" VPOS="1298" HPOS="770"/>
							<String ID="string_260" HPOS="822" VPOS="1299" WIDTH="49" HEIGHT="31" WC="0.86" CONTENT="En"/><SP WIDTH="28" VPOS="1299" HPOS="871"/>
							<String ID="string_261" HPOS="899" VPOS="1309" WIDTH="106" HEIGHT="21" WC="0.96" CONTENT="annan"/><SP WIDTH="29" VPOS="1309" HPOS="1005"/>
							<String ID="string_262" HPOS="1034" VPOS="1298" WIDTH="105" HEIGHT="39" WC="0.96" CONTENT="orsak,"/><SP WIDTH="29" VPOS="1298" HPOS="1139"/>
							<String ID="string_263" HPOS="1168" VPOS="1309" WIDTH="67" HEIGHT="21" WC="0.96" CONTENT="som"/><SP WIDTH="28" VPOS="1309" HPOS="1235"/>
							<String ID="string_264" HPOS="1263" VPOS="1298" WIDTH="157" HEIGHT="41" WC="0.96" CONTENT="fördröjer"/><SP WIDTH="28" VPOS="1298" HPOS="1420"/>
							<String ID="string_265" HPOS="1448" VPOS="1298" WIDTH="60" HEIGHT="31" WC="0.96" CONTENT="den"/><SP WIDTH="29" VPOS="1298" HPOS="1508"/>
							<String ID="string_266" HPOS="1537" VPOS="1297" WIDTH="196" HEIGHT="33" WC="0.93" CONTENT="medicinska"/><SP WIDTH="27" VPOS="1297" HPOS="1733"/>
							<String ID="string_267" HPOS="1760" VPOS="1298" WIDTH="76" HEIGHT="32" WC="0.93" CONTENT="kur-"/>
						</TextLine>
						<TextLine ID="line_22" HPOS="228" VPOS="1349" WIDTH="1609" HEIGHT="40">
							<String ID="string_268" HPOS="228" VPOS="1361" WIDTH="73" HEIGHT="21" WC="0.92" CONTENT="sens"/><SP WIDTH="40" VPOS="1361" HPOS="301"/>
							<String ID="string_269" HPOS="341" VPOS="1350" WIDTH="194" HEIGHT="39" WC="0.91" CONTENT="afslutande,"/><SP WIDTH="40" VPOS="1350" HPOS="535"/>
							<String ID="string_270" HPOS="575" VPOS="1353" WIDTH="36" HEIGHT="29" WC="0.96" CONTENT="är"/><SP WIDTH="40" VPOS="1353" HPOS="611"/>
							<String ID="string_271" HPOS="651" VPOS="1353" WIDTH="47" HEIGHT="28" WC="0.96" CONTENT="att"/><SP WIDTH="27" VPOS="1353" HPOS="698"/>
							<String ID="string_272" HPOS="725" VPOS="1350" WIDTH="77" HEIGHT="31" WC="0.93" CONTENT="söka"/><SP WIDTH="27" VPOS="1350" HPOS="802"/>
							<String ID="string_273" HPOS="829" VPOS="1349" WIDTH="116" HEIGHT="40" WC="0.92" CONTENT="deruti,"/><SP WIDTH="29" VPOS="1349" HPOS="945"/>
							<String ID="string_274" HPOS="974" VPOS="1353" WIDTH="48" HEIGHT="29" WC="0.96" CONTENT="att"/><SP WIDTH="28" VPOS="1353" HPOS="1022"/>
							<String ID="string_275" HPOS="1050" VPOS="1350" WIDTH="157" HEIGHT="31" WC="0.96" CONTENT="medicine"/><SP WIDTH="27" VPOS="1350" HPOS="1207"/>
							<String ID="string_276" HPOS="1234" VPOS="1350" WIDTH="191" HEIGHT="32" WC="0.96" CONTENT="kandidater"/><SP WIDTH="27" VPOS="1350" HPOS="1425"/>
							<String ID="string_277" HPOS="1452" VPOS="1349" WIDTH="67" HEIGHT="32" WC="0.96" CONTENT="ofta"/><SP WIDTH="26" VPOS="1349" HPOS="1519"/>
							<String ID="string_278" HPOS="1545" VPOS="1349" WIDTH="162" HEIGHT="32" WC="0.96" CONTENT="användas"/><SP WIDTH="28" VPOS="1349" HPOS="1707"/>
							<String ID="string_279" HPOS="1735" VPOS="1350" WIDTH="10" HEIGHT="31" WC="0.91" CONTENT="i"/><SP WIDTH="28" VPOS="1350" HPOS="1745"/>
							<String ID="string_280" HPOS="1773" VPOS="1350" WIDTH="64" HEIGHT="31" WC="0.89" CONTENT="till-"/>
						</TextLine>
						<TextLine ID="line_23" HPOS="228" VPOS="1400" WIDTH="1608" HEIGHT="43">
							<String ID="string_281" HPOS="228" VPOS="1402" WIDTH="111" HEIGHT="39" WC="0.92" CONTENT="fälliga"/><SP WIDTH="27" VPOS="1402" HPOS="339"/>
							<String ID="string_282" HPOS="366" VPOS="1401" WIDTH="270" HEIGHT="42" WC="0.90" CONTENT="läkareuppdrag,"/><SP WIDTH="29" VPOS="1401" HPOS="636"/>
							<String ID="string_283" HPOS="665" VPOS="1401" WIDTH="206" HEIGHT="40" WC="0.96" CONTENT="hvarigenom"/><SP WIDTH="29" VPOS="1401" HPOS="871"/>
							<String ID="string_284" HPOS="900" VPOS="1401" WIDTH="39" HEIGHT="31" WC="0.96" CONTENT="de"/><SP WIDTH="26" VPOS="1401" HPOS="939"/>
							<String ID="string_285" HPOS="965" VPOS="1404" WIDTH="42" HEIGHT="39" WC="0.96" CONTENT="på"/><SP WIDTH="27" VPOS="1404" HPOS="1007"/>
							<String ID="string_286" HPOS="1034" VPOS="1412" WIDTH="122" HEIGHT="21" WC="0.96" CONTENT="samma"/><SP WIDTH="26" VPOS="1412" HPOS="1156"/>
							<String ID="string_287" HPOS="1182" VPOS="1402" WIDTH="84" HEIGHT="40" WC="0.94" CONTENT="gång"/><SP WIDTH="26" VPOS="1402" HPOS="1266"/>
							<String ID="string_288" HPOS="1292" VPOS="1401" WIDTH="99" HEIGHT="32" WC="0.94" CONTENT="blifva"/><SP WIDTH="27" VPOS="1401" HPOS="1391"/>
							<String ID="string_289" HPOS="1418" VPOS="1402" WIDTH="10" HEIGHT="30" WC="0.95" CONTENT="i"/><SP WIDTH="26" VPOS="1402" HPOS="1428"/>
							<String ID="string_290" HPOS="1454" VPOS="1400" WIDTH="127" HEIGHT="32" WC="0.96" CONTENT="tillfälle"/><SP WIDTH="28" VPOS="1400" HPOS="1581"/>
							<String ID="string_291" HPOS="1609" VPOS="1404" WIDTH="48" HEIGHT="28" WC="0.93" CONTENT="att"/><SP WIDTH="26" VPOS="1404" HPOS="1657"/>
							<String ID="string_292" HPOS="1683" VPOS="1400" WIDTH="153" HEIGHT="33" WC="0.90" CONTENT="förskaffa"/>
						</TextLine>
						<TextLine ID="line_24" HPOS="229" VPOS="1451" WIDTH="1607" HEIGHT="43">
							<String ID="string_293" HPOS="229" VPOS="1453" WIDTH="46" HEIGHT="39" WC="0.96" CONTENT="sig"/><SP WIDTH="41" VPOS="1453" HPOS="275"/>
							<String ID="string_294" HPOS="316" VPOS="1456" WIDTH="47" HEIGHT="28" WC="0.96" CONTENT="ett"/><SP WIDTH="39" VPOS="1456" HPOS="363"/>
							<String ID="string_295" HPOS="402" VPOS="1453" WIDTH="148" HEIGHT="40" WC="0.95" CONTENT="vanligen"/><SP WIDTH="27" VPOS="1453" HPOS="550"/>
							<String ID="string_296" HPOS="577" VPOS="1453" WIDTH="50" HEIGHT="31" WC="0.93" CONTENT="väl"/><SP WIDTH="28" VPOS="1453" HPOS="627"/>
							<String ID="string_297" HPOS="655" VPOS="1451" WIDTH="157" HEIGHT="41" WC="0.90" CONTENT="behöfligt"/><SP WIDTH="26" VPOS="1451" HPOS="812"/>
							<String ID="string_298" HPOS="838" VPOS="1452" WIDTH="114" HEIGHT="41" WC="0.96" CONTENT="bidrag"/><SP WIDTH="27" VPOS="1452" HPOS="952"/>
							<String ID="string_299" HPOS="979" VPOS="1453" WIDTH="49" HEIGHT="32" WC="0.96" CONTENT="till"/><SP WIDTH="27" VPOS="1453" HPOS="1028"/>
							<String ID="string_300" HPOS="1055" VPOS="1452" WIDTH="215" HEIGHT="32" WC="0.96" CONTENT="fortsättande"/><SP WIDTH="27" VPOS="1452" HPOS="1270"/>
							<String ID="string_301" HPOS="1297" VPOS="1453" WIDTH="35" HEIGHT="32" WC="0.96" CONTENT="af"/><SP WIDTH="24" VPOS="1453" HPOS="1332"/>
							<String ID="string_302" HPOS="1356" VPOS="1453" WIDTH="70" HEIGHT="31" WC="0.95" CONTENT="sina"/><SP WIDTH="27" VPOS="1453" HPOS="1426"/>
							<String ID="string_303" HPOS="1453" VPOS="1452" WIDTH="123" HEIGHT="32" WC="0.96" CONTENT="studier"/><SP WIDTH="27" VPOS="1452" HPOS="1576"/>
							<String ID="string_304" HPOS="1603" VPOS="1452" WIDTH="59" HEIGHT="31" WC="0.96" CONTENT="och"/><SP WIDTH="24" VPOS="1452" HPOS="1662"/>
							<String ID="string_305" HPOS="1686" VPOS="1452" WIDTH="75" HEIGHT="42" WC="0.96" CONTENT="fylla"/><SP WIDTH="28" VPOS="1452" HPOS="1761"/>
							<String ID="string_306" HPOS="1789" VPOS="1456" WIDTH="47" HEIGHT="28" WC="0.96" CONTENT="ett"/>
						</TextLine>
						<TextLine ID="line_25" HPOS="228" VPOS="1503" WIDTH="1607" HEIGHT="42">
							<String ID="string_307" HPOS="228" VPOS="1504" WIDTH="50" HEIGHT="31" WC="0.95" CONTENT="för"/><SP WIDTH="40" VPOS="1504" HPOS="278"/>
							<String ID="string_308" HPOS="318" VPOS="1506" WIDTH="104" HEIGHT="29" WC="0.96" CONTENT="staten"/><SP WIDTH="42" VPOS="1506" HPOS="422"/>
							<String ID="string_309" HPOS="464" VPOS="1504" WIDTH="67" HEIGHT="32" WC="0.95" CONTENT="ofta"/><SP WIDTH="27" VPOS="1504" HPOS="531"/>
							<String ID="string_310" HPOS="558" VPOS="1503" WIDTH="121" HEIGHT="41" WC="0.93" CONTENT="ganska"/><SP WIDTH="26" VPOS="1503" HPOS="679"/>
							<String ID="string_311" HPOS="705" VPOS="1503" WIDTH="140" HEIGHT="32" WC="0.92" CONTENT="känbart"/><SP WIDTH="27" VPOS="1503" HPOS="845"/>
							<String ID="string_312" HPOS="872" VPOS="1504" WIDTH="106" HEIGHT="31" WC="0.91" CONTENT="behof."/><SP WIDTH="46" VPOS="1504" HPOS="978"/>
							<String ID="string_313" HPOS="1024" VPOS="1504" WIDTH="111" HEIGHT="41" WC="0.95" CONTENT="Någon"/><SP WIDTH="28" VPOS="1504" HPOS="1135"/>
							<String ID="string_314" HPOS="1163" VPOS="1504" WIDTH="157" HEIGHT="40" WC="0.96" CONTENT="väsentlig"/><SP WIDTH="27" VPOS="1504" HPOS="1320"/>
							<String ID="string_315" HPOS="1347" VPOS="1503" WIDTH="187" HEIGHT="41" WC="0.95" CONTENT="förändring"/><SP WIDTH="27" VPOS="1503" HPOS="1534"/>
							<String ID="string_316" HPOS="1561" VPOS="1504" WIDTH="10" HEIGHT="31" WC="0.72" CONTENT="i"/><SP WIDTH="28" VPOS="1504" HPOS="1571"/>
							<String ID="string_317" HPOS="1599" VPOS="1503" WIDTH="88" HEIGHT="32" WC="0.93" CONTENT="detta"/><SP WIDTH="27" VPOS="1503" HPOS="1687"/>
							<String ID="string_318" HPOS="1714" VPOS="1504" WIDTH="121" HEIGHT="31" WC="0.91" CONTENT="förhål-"/>
						</TextLine>
						<TextLine ID="line_26" HPOS="227" VPOS="1555" WIDTH="1264" HEIGHT="42">
							<String ID="string_319" HPOS="227" VPOS="1555" WIDTH="95" HEIGHT="31" WC="0.96" CONTENT="lande"/><SP WIDTH="28" VPOS="1555" HPOS="322"/>
							<String ID="string_320" HPOS="350" VPOS="1555" WIDTH="87" HEIGHT="31" WC="0.96" CONTENT="lärer"/><SP WIDTH="26" VPOS="1555" HPOS="437"/>
							<String ID="string_321" HPOS="463" VPOS="1555" WIDTH="27" HEIGHT="42" WC="0.95" CONTENT="ej"/><SP WIDTH="30" VPOS="1555" HPOS="490"/>
							<String ID="string_322" HPOS="520" VPOS="1555" WIDTH="101" HEIGHT="32" WC="0.96" CONTENT="heller"/><SP WIDTH="26" VPOS="1555" HPOS="621"/>
							<String ID="string_323" HPOS="647" VPOS="1565" WIDTH="76" HEIGHT="22" WC="0.96" CONTENT="vara"/><SP WIDTH="27" VPOS="1565" HPOS="723"/>
							<String ID="string_324" HPOS="750" VPOS="1558" WIDTH="48" HEIGHT="29" WC="0.96" CONTENT="att"/><SP WIDTH="26" VPOS="1558" HPOS="798"/>
							<String ID="string_325" HPOS="824" VPOS="1555" WIDTH="50" HEIGHT="31" WC="0.96" CONTENT="för"/><SP WIDTH="27" VPOS="1555" HPOS="874"/>
							<String ID="string_326" HPOS="901" VPOS="1555" WIDTH="60" HEIGHT="31" WC="0.96" CONTENT="den"/><SP WIDTH="29" VPOS="1555" HPOS="961"/>
							<String ID="string_327" HPOS="990" VPOS="1558" WIDTH="161" HEIGHT="29" WC="0.96" CONTENT="närmaste"/><SP WIDTH="28" VPOS="1558" HPOS="1151"/>
							<String ID="string_328" HPOS="1179" VPOS="1555" WIDTH="173" HEIGHT="32" WC="0.93" CONTENT="framtiden"/><SP WIDTH="28" VPOS="1555" HPOS="1352"/>
							<String ID="string_329" HPOS="1380" VPOS="1558" WIDTH="111" HEIGHT="29" WC="0.91" CONTENT="motse."/>
						</TextLine>
					</TextBlock>
					<TextBlock ID="block_3" HPOS="223" VPOS="1605" WIDTH="1613" HEIGHT="699">
						<TextLine ID="line_27" HPOS="369" VPOS="1605" WIDTH="1464" HEIGHT="41">
							<String ID="string_330" HPOS="369" VPOS="1607" WIDTH="154" HEIGHT="31" WC="0.91" CONTENT="Deremot"/><SP WIDTH="39" VPOS="1607" HPOS="523"/>
							<String ID="string_331" HPOS="562" VPOS="1606" WIDTH="104" HEIGHT="32" WC="0.95" CONTENT="finnes"/><SP WIDTH="28" VPOS="1606" HPOS="666"/>
							<String ID="string_332" HPOS="694" VPOS="1607" WIDTH="54" HEIGHT="31" WC="0.96" CONTENT="det"/><SP WIDTH="27" VPOS="1607" HPOS="748"/>
							<String ID="string_333" HPOS="775" VPOS="1607" WIDTH="101" HEIGHT="31" WC="0.96" CONTENT="andra"/><SP WIDTH="27" VPOS="1607" HPOS="876"/>
							<String ID="string_334" HPOS="903" VPOS="1607" WIDTH="132" HEIGHT="31" WC="0.96" CONTENT="orsaker"/><SP WIDTH="27" VPOS="1607" HPOS="1035"/>
							<String ID="string_335" HPOS="1062" VPOS="1607" WIDTH="49" HEIGHT="31" WC="0.96" CONTENT="till"/><SP WIDTH="28" VPOS="1607" HPOS="1111"/>
							<String ID="string_336" HPOS="1139" VPOS="1607" WIDTH="60" HEIGHT="31" WC="0.96" CONTENT="den"/><SP WIDTH="29" VPOS="1607" HPOS="1199"/>
							<String ID="string_337" HPOS="1228" VPOS="1606" WIDTH="196" HEIGHT="32" WC="0.96" CONTENT="medicinska"/><SP WIDTH="27" VPOS="1606" HPOS="1424"/>
							<String ID="string_338" HPOS="1451" VPOS="1606" WIDTH="135" HEIGHT="31" WC="0.92" CONTENT="kursens"/><SP WIDTH="24" VPOS="1606" HPOS="1586"/>
							<String ID="string_339" HPOS="1610" VPOS="1605" WIDTH="223" HEIGHT="41" WC="0.92" CONTENT="förlängande,"/>
						</TextLine>
						<TextLine ID="line_28" HPOS="226" VPOS="1657" WIDTH="1609" HEIGHT="42">
							<String ID="string_340" HPOS="226" VPOS="1668" WIDTH="68" HEIGHT="21" WC="0.96" CONTENT="som"/><SP WIDTH="28" VPOS="1668" HPOS="294"/>
							<String ID="string_341" HPOS="322" VPOS="1657" WIDTH="81" HEIGHT="31" WC="0.96" CONTENT="efter"/><SP WIDTH="27" VPOS="1657" HPOS="403"/>
							<String ID="string_342" HPOS="430" VPOS="1657" WIDTH="182" HEIGHT="32" WC="0.95" CONTENT="Utskottets"/><SP WIDTH="27" VPOS="1657" HPOS="612"/>
							<String ID="string_343" HPOS="639" VPOS="1657" WIDTH="97" HEIGHT="32" WC="0.96" CONTENT="tanke"/><SP WIDTH="28" VPOS="1657" HPOS="736"/>
							<String ID="string_344" HPOS="764" VPOS="1657" WIDTH="82" HEIGHT="32" WC="0.96" CONTENT="både"/><SP WIDTH="30" VPOS="1657" HPOS="846"/>
							<String ID="string_345" HPOS="876" VPOS="1657" WIDTH="78" HEIGHT="32" WC="0.96" CONTENT="böra"/><SP WIDTH="27" VPOS="1657" HPOS="954"/>
							<String ID="string_346" HPOS="981" VPOS="1658" WIDTH="61" HEIGHT="31" WC="0.96" CONTENT="och"/><SP WIDTH="27" VPOS="1658" HPOS="1042"/>
							<String ID="string_347" HPOS="1069" VPOS="1658" WIDTH="109" HEIGHT="31" WC="0.93" CONTENT="kunna"/><SP WIDTH="27" VPOS="1658" HPOS="1178"/>
							<String ID="string_348" HPOS="1205" VPOS="1658" WIDTH="168" HEIGHT="41" WC="0.88" CONTENT="afhjelpas."/><SP WIDTH="54" VPOS="1658" HPOS="1373"/>
							<String ID="string_349" HPOS="1427" VPOS="1658" WIDTH="49" HEIGHT="30" WC="0.79" CONTENT="En"/><SP WIDTH="28" VPOS="1658" HPOS="1476"/>
							<String ID="string_350" HPOS="1504" VPOS="1657" WIDTH="32" HEIGHT="31" WC="0.95" CONTENT="af"/><SP WIDTH="15" VPOS="1657" HPOS="1536"/>
							<String ID="string_351" HPOS="1551" VPOS="1657" WIDTH="70" HEIGHT="31" WC="0.96" CONTENT="dem"/><SP WIDTH="16" VPOS="1657" HPOS="1621"/>
							<String ID="string_352" HPOS="1637" VPOS="1660" WIDTH="56" HEIGHT="29" WC="0.96" CONTENT="äro"/><SP WIDTH="21" VPOS="1660" HPOS="1693"/>
							<String ID="string_353" HPOS="1714" VPOS="1657" WIDTH="39" HEIGHT="31" WC="0.96" CONTENT="de"/><SP WIDTH="20" VPOS="1657" HPOS="1753"/>
							<String ID="string_354" HPOS="1773" VPOS="1668" WIDTH="62" HEIGHT="29" WC="0.96" CONTENT="nog"/>
						</TextLine>
						<TextLine ID="line_29" HPOS="227" VPOS="1707" WIDTH="1608" HEIGHT="42">
							<String ID="string_355" HPOS="227" VPOS="1707" WIDTH="197" HEIGHT="33" WC="0.91" CONTENT="vidsträckta"/><SP WIDTH="41" VPOS="1707" HPOS="424"/>
							<String ID="string_356" HPOS="465" VPOS="1708" WIDTH="225" HEIGHT="41" WC="0.91" CONTENT="fordringarne"/><SP WIDTH="27" VPOS="1708" HPOS="690"/>
							<String ID="string_357" HPOS="717" VPOS="1710" WIDTH="10" HEIGHT="30" WC="0.96" CONTENT="i"/><SP WIDTH="29" VPOS="1710" HPOS="727"/>
							<String ID="string_358" HPOS="756" VPOS="1709" WIDTH="61" HEIGHT="31" WC="0.93" CONTENT="den"/><SP WIDTH="40" VPOS="1709" HPOS="817"/>
							<String ID="string_359" HPOS="857" VPOS="1708" WIDTH="234" HEIGHT="33" WC="0.93" CONTENT="förberedande"/><SP WIDTH="29" VPOS="1708" HPOS="1091"/>
							<String ID="string_360" HPOS="1120" VPOS="1709" WIDTH="78" HEIGHT="31" WC="0.93" CONTENT="eller"/><SP WIDTH="27" VPOS="1709" HPOS="1198"/>
							<String ID="string_361" HPOS="1225" VPOS="1708" WIDTH="315" HEIGHT="33" WC="0.91" CONTENT="medico-filosofiska"/><SP WIDTH="26" VPOS="1708" HPOS="1540"/>
							<String ID="string_362" HPOS="1566" VPOS="1719" WIDTH="144" HEIGHT="28" WC="0.96" CONTENT="examen,"/><SP WIDTH="30" VPOS="1719" HPOS="1710"/>
							<String ID="string_363" HPOS="1740" VPOS="1708" WIDTH="95" HEIGHT="32" WC="0.96" CONTENT="hvars"/>
						</TextLine>
						<TextLine ID="line_30" HPOS="227" VPOS="1758" WIDTH="1607" HEIGHT="42">
							<String ID="string_364" HPOS="227" VPOS="1758" WIDTH="187" HEIGHT="42" WC="0.90" CONTENT="afläggande"/><SP WIDTH="41" VPOS="1758" HPOS="414"/>
							<String ID="string_365" HPOS="455" VPOS="1760" WIDTH="195" HEIGHT="31" WC="0.95" CONTENT="åtminstone"/><SP WIDTH="40" VPOS="1760" HPOS="650"/>
							<String ID="string_366" HPOS="690" VPOS="1760" WIDTH="51" HEIGHT="31" WC="0.96" CONTENT="vid"/><SP WIDTH="40" VPOS="1760" HPOS="741"/>
							<String ID="string_367" HPOS="781" VPOS="1760" WIDTH="54" HEIGHT="31" WC="0.96" CONTENT="det"/><SP WIDTH="37" VPOS="1760" HPOS="835"/>
							<String ID="string_368" HPOS="872" VPOS="1771" WIDTH="61" HEIGHT="20" WC="0.96" CONTENT="ena"/><SP WIDTH="34" VPOS="1771" HPOS="933"/>
							<String ID="string_369" HPOS="967" VPOS="1760" WIDTH="35" HEIGHT="32" WC="0.96" CONTENT="af"/><SP WIDTH="24" VPOS="1760" HPOS="1002"/>
							<String ID="string_370" HPOS="1026" VPOS="1761" WIDTH="231" HEIGHT="31" WC="0.96" CONTENT="universiteten"/><SP WIDTH="27" VPOS="1761" HPOS="1257"/>
							<String ID="string_371" HPOS="1284" VPOS="1770" WIDTH="93" HEIGHT="22" WC="0.96" CONTENT="anses"/><SP WIDTH="30" VPOS="1770" HPOS="1377"/>
							<String ID="string_372" HPOS="1407" VPOS="1759" WIDTH="146" HEIGHT="40" WC="0.96" CONTENT="medtaga"/><SP WIDTH="26" VPOS="1759" HPOS="1553"/>
							<String ID="string_373" HPOS="1579" VPOS="1761" WIDTH="64" HEIGHT="37" WC="0.95" CONTENT="två,"/><SP WIDTH="30" VPOS="1761" HPOS="1643"/>
							<String ID="string_374" HPOS="1673" VPOS="1759" WIDTH="85" HEIGHT="32" WC="0.96" CONTENT="ända"/><SP WIDTH="27" VPOS="1759" HPOS="1758"/>
							<String ID="string_375" HPOS="1785" VPOS="1759" WIDTH="49" HEIGHT="32" WC="0.96" CONTENT="till"/>
						</TextLine>
						<TextLine ID="line_31" HPOS="226" VPOS="1809" WIDTH="1608" HEIGHT="43">
							<String ID="string_376" HPOS="226" VPOS="1813" WIDTH="49" HEIGHT="29" WC="0.96" CONTENT="tre"/><SP WIDTH="41" VPOS="1813" HPOS="275"/>
							<String ID="string_377" HPOS="316" VPOS="1811" WIDTH="45" HEIGHT="31" WC="0.95" CONTENT="år."/><SP WIDTH="56" VPOS="1811" HPOS="361"/>
							<String ID="string_378" HPOS="417" VPOS="1809" WIDTH="165" HEIGHT="33" WC="0.93" CONTENT="Utskottet"/><SP WIDTH="39" VPOS="1809" HPOS="582"/>
							<String ID="string_379" HPOS="621" VPOS="1810" WIDTH="138" HEIGHT="33" WC="0.92" CONTENT="förbiser"/><SP WIDTH="32" VPOS="1810" HPOS="759"/>
							<String ID="string_380" HPOS="791" VPOS="1811" WIDTH="71" HEIGHT="32" WC="0.88" CONTENT="icke"/><SP WIDTH="39" VPOS="1811" HPOS="862"/>
							<String ID="string_381" HPOS="901" VPOS="1812" WIDTH="107" HEIGHT="40" WC="0.86" CONTENT="vigten"/><SP WIDTH="28" VPOS="1812" HPOS="1008"/>
							<String ID="string_382" HPOS="1036" VPOS="1811" WIDTH="101" HEIGHT="35" WC="0.95" CONTENT="deraf,"/><SP WIDTH="30" VPOS="1811" HPOS="1137"/>
							<String ID="string_383" HPOS="1167" VPOS="1814" WIDTH="48" HEIGHT="29" WC="0.96" CONTENT="att"/><SP WIDTH="27" VPOS="1814" HPOS="1215"/>
							<String ID="string_384" HPOS="1242" VPOS="1812" WIDTH="61" HEIGHT="31" WC="0.92" CONTENT="den"/><SP WIDTH="28" VPOS="1812" HPOS="1303"/>
							<String ID="string_385" HPOS="1331" VPOS="1811" WIDTH="160" HEIGHT="32" WC="0.92" CONTENT="blifvande"/><SP WIDTH="29" VPOS="1811" HPOS="1491"/>
							<String ID="string_386" HPOS="1520" VPOS="1810" WIDTH="132" HEIGHT="32" WC="0.96" CONTENT="läkaren"/><SP WIDTH="28" VPOS="1810" HPOS="1652"/>
							<String ID="string_387" HPOS="1680" VPOS="1814" WIDTH="36" HEIGHT="28" WC="0.96" CONTENT="är"/><SP WIDTH="26" VPOS="1814" HPOS="1716"/>
							<String ID="string_388" HPOS="1742" VPOS="1811" WIDTH="11" HEIGHT="31" WC="0.93" CONTENT="i"/><SP WIDTH="27" VPOS="1811" HPOS="1753"/>
							<String ID="string_389" HPOS="1780" VPOS="1810" WIDTH="54" HEIGHT="32" WC="0.93" CONTENT="be-"/>
						</TextLine>
						<TextLine ID="line_32" HPOS="226" VPOS="1862" WIDTH="1608" HEIGHT="41">
							<String ID="string_390" HPOS="226" VPOS="1862" WIDTH="137" HEIGHT="40" WC="0.96" CONTENT="sittning"/><SP WIDTH="39" VPOS="1862" HPOS="363"/>
							<String ID="string_391" HPOS="402" VPOS="1862" WIDTH="35" HEIGHT="31" WC="0.96" CONTENT="af"/><SP WIDTH="37" VPOS="1862" HPOS="437"/>
							<String ID="string_392" HPOS="474" VPOS="1873" WIDTH="39" HEIGHT="21" WC="0.96" CONTENT="en"/><SP WIDTH="29" VPOS="1873" HPOS="513"/>
							<String ID="string_393" HPOS="542" VPOS="1862" WIDTH="61" HEIGHT="40" WC="0.96" CONTENT="god"/><SP WIDTH="34" VPOS="1862" HPOS="603"/>
							<String ID="string_394" HPOS="637" VPOS="1862" WIDTH="60" HEIGHT="32" WC="0.96" CONTENT="och"/><SP WIDTH="28" VPOS="1862" HPOS="697"/>
							<String ID="string_395" HPOS="725" VPOS="1862" WIDTH="71" HEIGHT="32" WC="0.96" CONTENT="icke"/><SP WIDTH="27" VPOS="1862" HPOS="796"/>
							<String ID="string_396" HPOS="823" VPOS="1862" WIDTH="110" HEIGHT="32" WC="0.96" CONTENT="alltför"/><SP WIDTH="27" VPOS="1862" HPOS="933"/>
							<String ID="string_397" HPOS="960" VPOS="1864" WIDTH="109" HEIGHT="39" WC="0.96" CONTENT="trångt"/><SP WIDTH="27" VPOS="1864" HPOS="1069"/>
							<String ID="string_398" HPOS="1096" VPOS="1863" WIDTH="150" HEIGHT="32" WC="0.96" CONTENT="utstakad"/><SP WIDTH="29" VPOS="1863" HPOS="1246"/>
							<String ID="string_399" HPOS="1275" VPOS="1863" WIDTH="118" HEIGHT="31" WC="0.93" CONTENT="allmän"/><SP WIDTH="28" VPOS="1863" HPOS="1393"/>
							<String ID="string_400" HPOS="1421" VPOS="1862" WIDTH="335" HEIGHT="40" WC="0.91" CONTENT="elementarbildning,"/><SP WIDTH="29" VPOS="1862" HPOS="1756"/>
							<String ID="string_401" HPOS="1785" VPOS="1862" WIDTH="49" HEIGHT="31" WC="0.92" CONTENT="in-"/>
						</TextLine>
						<TextLine ID="line_33" HPOS="226" VPOS="1913" WIDTH="1610" HEIGHT="42">
							<String ID="string_402" HPOS="226" VPOS="1923" WIDTH="61" HEIGHT="21" WC="0.92" CONTENT="nan"/><SP WIDTH="44" VPOS="1923" HPOS="287"/>
							<String ID="string_403" HPOS="331" VPOS="1913" WIDTH="56" HEIGHT="31" WC="0.93" CONTENT="det"/><SP WIDTH="26" VPOS="1913" HPOS="387"/>
							<String ID="string_404" HPOS="413" VPOS="1913" WIDTH="120" HEIGHT="32" WC="0.91" CONTENT="tillåtes"/><SP WIDTH="28" VPOS="1913" HPOS="533"/>
							<String ID="string_405" HPOS="561" VPOS="1914" WIDTH="117" HEIGHT="31" WC="0.96" CONTENT="honom"/><SP WIDTH="29" VPOS="1914" HPOS="678"/>
							<String ID="string_406" HPOS="707" VPOS="1917" WIDTH="48" HEIGHT="28" WC="0.96" CONTENT="att"/><SP WIDTH="26" VPOS="1917" HPOS="755"/>
							<String ID="string_407" HPOS="781" VPOS="1914" WIDTH="92" HEIGHT="41" WC="0.96" CONTENT="börja"/><SP WIDTH="27" VPOS="1914" HPOS="873"/>
							<String ID="string_408" HPOS="900" VPOS="1914" WIDTH="71" HEIGHT="31" WC="0.96" CONTENT="sina"/><SP WIDTH="28" VPOS="1914" HPOS="971"/>
							<String ID="string_409" HPOS="999" VPOS="1914" WIDTH="159" HEIGHT="40" WC="0.92" CONTENT="egentliga"/><SP WIDTH="27" VPOS="1914" HPOS="1158"/>
							<String ID="string_410" HPOS="1185" VPOS="1914" WIDTH="208" HEIGHT="39" WC="0.92" CONTENT="fackstudier,"/><SP WIDTH="30" VPOS="1914" HPOS="1393"/>
							<String ID="string_411" HPOS="1423" VPOS="1925" WIDTH="71" HEIGHT="20" WC="0.96" CONTENT="men"/><SP WIDTH="29" VPOS="1925" HPOS="1494"/>
							<String ID="string_412" HPOS="1523" VPOS="1913" WIDTH="55" HEIGHT="31" WC="0.96" CONTENT="det"/><SP WIDTH="22" VPOS="1913" HPOS="1578"/>
							<String ID="string_413" HPOS="1600" VPOS="1913" WIDTH="176" HEIGHT="39" WC="0.96" CONTENT="väsentliga"/><SP WIDTH="27" VPOS="1913" HPOS="1776"/>
							<String ID="string_414" HPOS="1803" VPOS="1913" WIDTH="33" HEIGHT="31" WC="0.96" CONTENT="af"/>
						</TextLine>
						<TextLine ID="line_34" HPOS="225" VPOS="1963" WIDTH="1610" HEIGHT="42">
							<String ID="string_415" HPOS="225" VPOS="1964" WIDTH="106" HEIGHT="31" WC="0.96" CONTENT="denna"/><SP WIDTH="27" VPOS="1964" HPOS="331"/>
							<String ID="string_416" HPOS="358" VPOS="1964" WIDTH="149" HEIGHT="41" WC="0.96" CONTENT="bildning"/><SP WIDTH="27" VPOS="1964" HPOS="507"/>
							<String ID="string_417" HPOS="534" VPOS="1964" WIDTH="60" HEIGHT="32" WC="0.96" CONTENT="bör"/><SP WIDTH="26" VPOS="1964" HPOS="594"/>
							<String ID="string_418" HPOS="620" VPOS="1975" WIDTH="76" HEIGHT="21" WC="0.93" CONTENT="vara"/><SP WIDTH="27" VPOS="1975" HPOS="696"/>
							<String ID="string_419" HPOS="723" VPOS="1965" WIDTH="183" HEIGHT="31" WC="0.90" CONTENT="inhemtadt"/><SP WIDTH="27" VPOS="1965" HPOS="906"/>
							<String ID="string_420" HPOS="933" VPOS="1965" WIDTH="51" HEIGHT="31" WC="0.91" CONTENT="vid"/><SP WIDTH="40" VPOS="1965" HPOS="984"/>
							<String ID="string_421" HPOS="1024" VPOS="1965" WIDTH="377" HEIGHT="38" WC="0.91" CONTENT="elementarläroverken,"/><SP WIDTH="41" VPOS="1965" HPOS="1401"/>
							<String ID="string_422" HPOS="1442" VPOS="1966" WIDTH="35" HEIGHT="30" WC="0.96" CONTENT="så"/><SP WIDTH="38" VPOS="1966" HPOS="1477"/>
							<String ID="string_423" HPOS="1515" VPOS="1968" WIDTH="49" HEIGHT="28" WC="0.96" CONTENT="att"/><SP WIDTH="39" VPOS="1968" HPOS="1564"/>
							<String ID="string_424" HPOS="1603" VPOS="1964" WIDTH="61" HEIGHT="32" WC="0.96" CONTENT="den"/><SP WIDTH="28" VPOS="1964" HPOS="1664"/>
							<String ID="string_425" HPOS="1692" VPOS="1963" WIDTH="143" HEIGHT="33" WC="0.96" CONTENT="inträdet"/>
						</TextLine>
						<TextLine ID="line_35" HPOS="224" VPOS="2015" WIDTH="1610" HEIGHT="43">
							<String ID="string_426" HPOS="224" VPOS="2015" WIDTH="11" HEIGHT="32" WC="0.94" CONTENT="i"/><SP WIDTH="41" VPOS="2015" HPOS="235"/>
							<String ID="string_427" HPOS="276" VPOS="2015" WIDTH="199" HEIGHT="32" WC="0.94" CONTENT="medicinska"/><SP WIDTH="39" VPOS="2015" HPOS="475"/>
							<String ID="string_428" HPOS="514" VPOS="2015" WIDTH="179" HEIGHT="32" WC="0.94" CONTENT="fakulteten"/><SP WIDTH="34" VPOS="2015" HPOS="693"/>
							<String ID="string_429" HPOS="727" VPOS="2016" WIDTH="192" HEIGHT="40" WC="0.92" CONTENT="föregående"/><SP WIDTH="36" VPOS="2016" HPOS="919"/>
							<String ID="string_430" HPOS="955" VPOS="2016" WIDTH="191" HEIGHT="42" WC="0.89" CONTENT="pröfningen"/><SP WIDTH="34" VPOS="2016" HPOS="1146"/>
							<String ID="string_431" HPOS="1180" VPOS="2017" WIDTH="85" HEIGHT="31" WC="0.95" CONTENT="inför"/><SP WIDTH="27" VPOS="2017" HPOS="1265"/>
							<String ID="string_432" HPOS="1292" VPOS="2017" WIDTH="59" HEIGHT="31" WC="0.96" CONTENT="den"/><SP WIDTH="29" VPOS="2017" HPOS="1351"/>
							<String ID="string_433" HPOS="1380" VPOS="2015" WIDTH="174" HEIGHT="33" WC="0.95" CONTENT="filosofiska"/><SP WIDTH="27" VPOS="2015" HPOS="1554"/>
							<String ID="string_434" HPOS="1581" VPOS="2026" WIDTH="134" HEIGHT="21" WC="0.96" CONTENT="numera"/><SP WIDTH="26" VPOS="2026" HPOS="1715"/>
							<String ID="string_435" HPOS="1741" VPOS="2026" WIDTH="93" HEIGHT="31" WC="0.96" CONTENT="synes"/>
						</TextLine>
						<TextLine ID="line_36" HPOS="225" VPOS="2066" WIDTH="1609" HEIGHT="44">
							<String ID="string_436" HPOS="225" VPOS="2066" WIDTH="109" HEIGHT="32" WC="0.93" CONTENT="kunna"/><SP WIDTH="27" VPOS="2066" HPOS="334"/>
							<String ID="string_437" HPOS="361" VPOS="2067" WIDTH="194" HEIGHT="32" WC="0.90" CONTENT="inskränkas"/><SP WIDTH="28" VPOS="2067" HPOS="555"/>
							<String ID="string_438" HPOS="583" VPOS="2067" WIDTH="50" HEIGHT="32" WC="0.96" CONTENT="till"/><SP WIDTH="29" VPOS="2067" HPOS="633"/>
							<String ID="string_439" HPOS="662" VPOS="2067" WIDTH="37" HEIGHT="32" WC="0.93" CONTENT="de"/><SP WIDTH="28" VPOS="2067" HPOS="699"/>
							<String ID="string_440" HPOS="727" VPOS="2067" WIDTH="199" HEIGHT="39" WC="0.36" CONTENT="läroämmen,"/><SP WIDTH="29" VPOS="2067" HPOS="926"/>
							<String ID="string_441" HPOS="955" VPOS="2069" WIDTH="10" HEIGHT="30" WC="0.96" CONTENT="i"/><SP WIDTH="28" VPOS="2069" HPOS="965"/>
							<String ID="string_442" HPOS="993" VPOS="2068" WIDTH="107" HEIGHT="31" WC="0.96" CONTENT="hvilka"/><SP WIDTH="27" VPOS="2068" HPOS="1100"/>
							<String ID="string_443" HPOS="1127" VPOS="2068" WIDTH="38" HEIGHT="32" WC="0.96" CONTENT="de"/><SP WIDTH="28" VPOS="2068" HPOS="1165"/>
							<String ID="string_444" HPOS="1193" VPOS="2068" WIDTH="135" HEIGHT="42" WC="0.96" CONTENT="specielt"/><SP WIDTH="19" VPOS="2068" HPOS="1328"/>
							<String ID="string_445" HPOS="1347" VPOS="2068" WIDTH="197" HEIGHT="31" WC="0.96" CONTENT="medicinska"/><SP WIDTH="15" VPOS="2068" HPOS="1544"/>
							<String ID="string_446" HPOS="1559" VPOS="2067" WIDTH="167" HEIGHT="32" WC="0.96" CONTENT="studierna"/><SP WIDTH="14" VPOS="2067" HPOS="1726"/>
							<String ID="string_447" HPOS="1740" VPOS="2067" WIDTH="94" HEIGHT="31" WC="0.96" CONTENT="hafva"/>
						</TextLine>
						<TextLine ID="line_37" HPOS="225" VPOS="2118" WIDTH="1606" HEIGHT="42">
							<String ID="string_448" HPOS="225" VPOS="2119" WIDTH="48" HEIGHT="30" WC="0.95" CONTENT="sin"/><SP WIDTH="40" VPOS="2119" HPOS="273"/>
							<String ID="string_449" HPOS="313" VPOS="2118" WIDTH="243" HEIGHT="41" WC="0.96" CONTENT="vetenskapliga"/><SP WIDTH="40" VPOS="2118" HPOS="556"/>
							<String ID="string_450" HPOS="596" VPOS="2118" WIDTH="268" HEIGHT="41" WC="0.93" CONTENT="grundläggning."/><SP WIDTH="47" VPOS="2118" HPOS="864"/>
							<String ID="string_451" HPOS="911" VPOS="2119" WIDTH="237" HEIGHT="41" WC="0.92" CONTENT="Fordringarne"/><SP WIDTH="40" VPOS="2119" HPOS="1148"/>
							<String ID="string_452" HPOS="1188" VPOS="2120" WIDTH="50" HEIGHT="31" WC="0.96" CONTENT="för"/><SP WIDTH="39" VPOS="2120" HPOS="1238"/>
							<String ID="string_453" HPOS="1277" VPOS="2119" WIDTH="106" HEIGHT="32" WC="0.96" CONTENT="denna"/><SP WIDTH="30" VPOS="2119" HPOS="1383"/>
							<String ID="string_454" HPOS="1413" VPOS="2130" WIDTH="134" HEIGHT="20" WC="0.96" CONTENT="examen"/><SP WIDTH="27" VPOS="2130" HPOS="1547"/>
							<String ID="string_455" HPOS="1574" VPOS="2118" WIDTH="91" HEIGHT="32" WC="0.93" CONTENT="torde"/><SP WIDTH="29" VPOS="2118" HPOS="1665"/>
							<String ID="string_456" HPOS="1694" VPOS="2118" WIDTH="137" HEIGHT="39" WC="0.92" CONTENT="derföre,"/>
						</TextLine>
						<TextLine ID="line_38" HPOS="225" VPOS="2169" WIDTH="1609" HEIGHT="42">
							<String ID="string_457" HPOS="225" VPOS="2172" WIDTH="79" HEIGHT="28" WC="0.96" CONTENT="utan"/><SP WIDTH="28" VPOS="2172" HPOS="304"/>
							<String ID="string_458" HPOS="332" VPOS="2180" WIDTH="73" HEIGHT="21" WC="0.96" CONTENT="men"/><SP WIDTH="26" VPOS="2180" HPOS="405"/>
							<String ID="string_459" HPOS="431" VPOS="2169" WIDTH="50" HEIGHT="32" WC="0.96" CONTENT="för"/><SP WIDTH="28" VPOS="2169" HPOS="481"/>
							<String ID="string_460" HPOS="509" VPOS="2170" WIDTH="61" HEIGHT="31" WC="0.96" CONTENT="den"/><SP WIDTH="28" VPOS="2170" HPOS="570"/>
							<String ID="string_461" HPOS="598" VPOS="2169" WIDTH="237" HEIGHT="33" WC="0.93" CONTENT="förberedande"/><SP WIDTH="29" VPOS="2169" HPOS="835"/>
							<String ID="string_462" HPOS="864" VPOS="2170" WIDTH="311" HEIGHT="41" WC="0.91" CONTENT="läkarebildningen,"/><SP WIDTH="15" VPOS="2170" HPOS="1175"/>
							<String ID="string_463" HPOS="1190" VPOS="2170" WIDTH="70" HEIGHT="32" WC="0.93" CONTENT="icke"/><SP WIDTH="28" VPOS="2170" HPOS="1260"/>
							<String ID="string_464" HPOS="1288" VPOS="2170" WIDTH="138" HEIGHT="32" WC="0.92" CONTENT="behöfva"/><SP WIDTH="27" VPOS="2170" HPOS="1426"/>
							<String ID="string_465" HPOS="1453" VPOS="2170" WIDTH="111" HEIGHT="32" WC="0.96" CONTENT="ställas"/><SP WIDTH="28" VPOS="2170" HPOS="1564"/>
							<String ID="string_466" HPOS="1592" VPOS="2170" WIDTH="98" HEIGHT="41" WC="0.96" CONTENT="högre"/><SP WIDTH="27" VPOS="2170" HPOS="1690"/>
							<String ID="string_467" HPOS="1717" VPOS="2173" WIDTH="41" HEIGHT="28" WC="0.96" CONTENT="än"/><SP WIDTH="28" VPOS="2173" HPOS="1758"/>
							<String ID="string_468" HPOS="1786" VPOS="2172" WIDTH="48" HEIGHT="29" WC="0.96" CONTENT="att"/>
						</TextLine>
						<TextLine ID="line_39" HPOS="223" VPOS="2220" WIDTH="1611" HEIGHT="46">
							<String ID="string_469" HPOS="223" VPOS="2220" WIDTH="107" HEIGHT="32" WC="0.95" CONTENT="denna"/><SP WIDTH="39" VPOS="2220" HPOS="330"/>
							<String ID="string_470" HPOS="369" VPOS="2231" WIDTH="132" HEIGHT="21" WC="0.96" CONTENT="examen"/><SP WIDTH="39" VPOS="2231" HPOS="501"/>
							<String ID="string_471" HPOS="540" VPOS="2222" WIDTH="52" HEIGHT="31" WC="0.95" CONTENT="må"/><SP WIDTH="40" VPOS="2222" HPOS="592"/>
							<String ID="string_472" HPOS="632" VPOS="2221" WIDTH="109" HEIGHT="32" WC="0.95" CONTENT="kunna"/><SP WIDTH="41" VPOS="2221" HPOS="741"/>
							<String ID="string_473" HPOS="782" VPOS="2221" WIDTH="69" HEIGHT="32" WC="0.93" CONTENT="med"/><SP WIDTH="28" VPOS="2221" HPOS="851"/>
							<String ID="string_474" HPOS="879" VPOS="2222" WIDTH="86" HEIGHT="43" WC="0.93" CONTENT="jemn"/><SP WIDTH="28" VPOS="2222" HPOS="965"/>
							<String ID="string_475" HPOS="993" VPOS="2221" WIDTH="49" HEIGHT="33" WC="0.93" CONTENT="fit"/><SP WIDTH="27" VPOS="2221" HPOS="1042"/>
							<String ID="string_476" HPOS="1069" VPOS="2221" WIDTH="140" HEIGHT="44" WC="0.92" CONTENT="afläggas"/><SP WIDTH="28" VPOS="2221" HPOS="1209"/>
							<String ID="string_477" HPOS="1237" VPOS="2224" WIDTH="41" HEIGHT="41" WC="0.96" CONTENT="på"/><SP WIDTH="30" VPOS="2224" HPOS="1278"/>
							<String ID="string_478" HPOS="1308" VPOS="2221" WIDTH="33" HEIGHT="42" WC="0.79" CONTENT="13"/><SP WIDTH="23" VPOS="2221" HPOS="1341"/>
							<String ID="string_479" HPOS="1364" VPOS="2222" WIDTH="93" HEIGHT="44" WC="0.96" CONTENT="högst"/><SP WIDTH="27" VPOS="2222" HPOS="1457"/>
							<String ID="string_480" HPOS="1484" VPOS="2224" WIDTH="18" HEIGHT="30" WC="0.96" CONTENT="2"/><SP WIDTH="29" VPOS="2224" HPOS="1502"/>
							<String ID="string_481" HPOS="1531" VPOS="2223" WIDTH="35" HEIGHT="33" WC="0.96" CONTENT="år"/><SP WIDTH="27" VPOS="2223" HPOS="1566"/>
							<String ID="string_482" HPOS="1593" VPOS="2222" WIDTH="71" HEIGHT="33" WC="0.96" CONTENT="från"/><SP WIDTH="27" VPOS="2222" HPOS="1664"/>
							<String ID="string_483" HPOS="1691" VPOS="2221" WIDTH="143" HEIGHT="33" WC="0.96" CONTENT="inträdet"/>
						</TextLine>
						<TextLine ID="line_40" HPOS="223" VPOS="2271" WIDTH="310" HEIGHT="33">
							<String ID="string_484" HPOS="223" VPOS="2271" WIDTH="52" HEIGHT="33" WC="0.96" CONTENT="vid"/><SP WIDTH="28" VPOS="2271" HPOS="275"/>
							<String ID="string_485" HPOS="303" VPOS="2272" WIDTH="230" HEIGHT="32" WC="0.96" CONTENT="universitetet."/>
						</TextLine>
					</TextBlock>
				</ComposedBlock>
			</PrintSpace>
		</Page>
	</Layout>
</alto>
