2214 2626
734 146 273 31 bBankoutskottets
1032 148 161 31 utlatande
1217 149 50 29 Nr
1292 150 49 29 53.
1775 151 18 27 aM

242 221 101 39 punkt
380 221 156 39 utgjorde,
572 228 107 26 såsom
717 223 6 30 i
760 223 178 32 skrivelsen
974 225 213 39 meddelades,
1224 226 124 31 antalet
1377 229 91 29 extra
1498 227 143 34 hiträden
1669 227 167 41 tjugofem,

240 263 99 31 därav
364 265 72 30 älta
460 265 142 40 manliga
626 267 58 31 och
710 267 124 39 sjutton
857 267 178 41 kvinnliga.
1072 268 105 32 Sedan
1201 269 73 31 dess
1298 269 59 32 har
1381 271 119 31 antalet
1529 271 194 40 ytterligare
1744 270 94 41 stigit

240 306 58 31 och
336 308 96 39 utgör
465 319 41 21 nu
541 309 176 40 tjugnåtta,
753 310 100 31 därav
886 313 71 29 åtta
992 311 143 40 manliga
1166 312 60 31 och
1250 313 93 40 tjugu
1367 313 178 40 kvinnliga,
1570 314 90 31 vilka
1683 315 153 38 samtliga

241 350 83 31 hava
355 351 254 38 sladigvarande
645 353 252 40 sysselsättning
932 354 9 31 i
978 355 325 40 riksgäldskontoret.
1355 357 164 41 Därjämte
1556 362 56 26 äro
1647 358 51 31 för
1726 358 111 31 arbete

241 393 255 41 Invudsakligen
521 396 70 31 med
617 396 55 31 det
696 404 36 24 är
761 398 78 30 1918
856 397 193 32 emitterade
1064 398 412 41 premieobligationslånet
1493 401 162 31 anställda
1672 401 165 40 tillfälliga

241 436 143 33 biträden
420 438 50 31 till
504 440 50 30 ett
589 440 100 37 antal,
725 450 67 21 som
827 440 51 32 för
912 441 203 31 närvarande
1139 445 124 37 uppgår
1286 442 48 31 till
1361 443 102 40 tjugu,
1489 444 101 30 därav
1613 445 59 30 två
1694 444 140 39 manliga

239 481 59 31 och
323 481 135 31 aderton
481 481 179 40 kvinnliga.
707 482 62 31 Till
790 483 189 40 jämförelse
1002 486 54 29 må
1080 489 144 34 nämnas,
1249 487 51 30 alt
1323 486 38 31 de
1386 486 149 32 ordinare
1558 488 279 39 tjänstemännens

238 524 60 31 och
332 524 168 40 kvinnliga
537 525 188 32 biträdenas
760 527 88 31 antal
883 531 37 27 är
943 528 218 39 sammanlagt
1184 531 126 29 sexton.
1357 529 229 32 Kostnaderna
1610 530 50 31 för
1685 530 152 40 avlöning

238 579 38 19 av
302 569 95 30 extra
421 568 150 40 personal
596 569 100 31 under
711 571 76 30 ären
811 571 96 30 1916—
932 572 85 30 1917
1044 572 103 31 finnas
1171 572 143 40 angivna
1337 573 11 30 i
1365 583 84 21 ovan
1466 573 182 41 åberopade
1667 573 168 38 skrivelse,

238 622 40 20 av
313 611 61 31 den
409 612 41 30 39
484 613 64 39 maj
587 613 92 31 1918.
727 613 63 31 För
822 619 36 26 är
895 615 82 30 1918
1012 614 86 32 hava
1133 626 124 21 samma
1280 616 178 32 kostnader
1482 618 139 40 uppgått
1644 617 51 31 till
1720 617 116 38 76,776

239 656 117 30 kronor
391 657 40 29 23
467 660 63 27 öre.
581 656 7 30 I
627 657 92 31 detta
752 657 125 41 belopp,
909 657 117 33 liksom
1050 658 8 31 i
1084 658 39 32 de
1146 659 52 31 för
1221 660 76 31 åren
1325 661 81 31 1916
1431 661 60 30 och
1520 662 77 29 1917
1615 660 161 41 'angivna,
1801 665 36 27 är

237 698 199 32 medräknad
461 699 154 40 avlöning
638 700 51 31 till
712 703 95 29 extra
830 701 235 39 vaktmästare,
1090 713 74 21 men
1187 703 148 32 däremot
1359 704 28 40 ej
1417 704 61 32 den
1501 704 73 31 med
1598 703 174 41 anledning
1795 715 41 20 av

238 741 209 42 premielånet
482 743 162 32 anställda
679 745 94 30 extra
807 744 167 41 tillfälliga
1008 747 210 40 personalens
1248 747 162 41 avlöning,
1435 747 110 32 vilken
1569 748 51 31 till
1643 758 40 21 en
1707 748 50 31 del
1781 748 55 31 be-

235 785 118 32 strides
388 796 40 20 av
463 785 182 42 inflytande
679 787 143 41 avgifter
845 788 51 32 för
919 789 171 41 förvaring
1113 801 41 20 av
1177 790 341 41 premieobligationer
1542 791 60 31 och
1627 791 10 31 i
1662 791 110 40 övrigt
1795 802 41 20 av

236 828 290 40 förslagsanslaget
560 830 48 31 till
644 831 306 41 kontorsexpenser,
987 832 384 42 inlösningsprovisioner
1395 834 60 31 och
1480 834 101 31 andra
1605 835 231 32 omkostnader

236 873 50 29 för
309 872 233 32 statsskulden.

365 915 14 31 I
402 915 104 33 likhet
528 917 73 31 med
636 917 272 33 bankoutskottet
931 919 86 31 finna
1040 919 205 41 fullmäktige
1269 920 72 31 skäl
1370 920 160 41 föreligga
1555 922 48 30 att
1627 921 136 40 vidiaga
1786 922 49 30 åt-

234 959 116 40 gärder
374 959 51 32 för
448 960 241 42 undanröjande
724 972 41 20 av
792 961 55 33 det
870 962 292 39 missförhållande,
1187 974 68 21 som
1279 965 42 40 på
1343 964 105 40 grund
1472 975 41 21 av
1537 965 145 31 arbetets
1704 964 132 41 hastiga

234 1002 121 41 ökning
388 1003 139 33 kommit
562 1005 50 31 att
645 1004 88 33 bliva
771 1005 141 32 rådande
934 1005 11 34 i
968 1006 94 40 fråga
1097 1017 52 21 om
1185 1007 123 32 antalet
1344 1019 41 21 av
1409 1008 61 32 den
1493 1010 96 30 extra
1611 1008 223 41 personalen
1814 998 22 55 i

233 1046 317 41 riksgäldskontoret
572 1047 12 32 i
606 1048 202 33 förhållande
842 1049 51 32 till
916 1049 39 32 de
978 1050 161 33 ordinarie
1168 1051 358 41 befattningshavarna.
1572 1052 118 41 Någon
1712 1052 122 32 minsk-

233 1090 78 41 ning
334 1101 42 21 av
399 1090 61 32 den
483 1091 254 41 stadigvarande
761 1093 160 32 anställda
944 1096 96 30 extra
1062 1095 192 41 personalen
1269 1095 66 32 kan
1351 1095 103 41 enligt
1469 1096 224 40 fullmäktiges
1705 1095 130 41 mening

201 1134 103 42 icke
328 1134 248 41 ifrågakomma.
623 1135 65 32 För
722 1137 143 32 arbetets
885 1137 112 41 jämna
1019 1139 88 40 gång
1128 1139 104 32 skulle
1256 1139 54 32 det
1333 1141 144 30 tvärtom
1499 1150 82 21 vara
1605 1140 157 31 önskvärt
1786 1141 51 31 att

232 1178 192 41 ytterligare
456 1180 100 39 något
590 1179 64 32 öka
688 1180 104 32 denna
824 1182 167 40 personals
1014 1182 133 39 storlek,
1172 1182 101 32 ehuru
1297 1183 91 32 detta
1411 1183 73 32 med
1507 1183 127 41 hänsyn
1657 1183 51 32 till
1730 1183 104 32 lokal-

232 1221 245 33 förhållandena
510 1222 52 32 för
595 1224 203 32 närvarande
831 1225 164 41 knappast
1030 1226 84 31 låter
1148 1226 51 40 sig
1232 1231 89 36 göra.
1377 1227 71 32 Den
1479 1227 74 32 med
1588 1227 172 40 anledning
1794 1237 41 23 av

231 1265 212 41 premielånet
465 1266 161 41 tillfälligt
649 1268 161 32 anställda
832 1269 192 40 personalen
1046 1270 93 31 torde
1162 1270 147 32 däremot
1332 1270 85 32 efter
1431 1271 86 31 hand
1533 1271 109 31 kunna
1657 1270 179 40 väsentligt

231 1309 204 40 nedbringas.
481 1310 65 31 Vid
569 1311 226 32 ovannämnda
817 1311 203 33 förhållande
1043 1313 66 31 kan
1132 1323 39 21 en
1194 1314 109 31 bättre
1326 1314 190 41 proportion
1539 1314 119 38 mellan
1674 1314 161 32 ordinarie

231 1352 61 31 och
315 1354 97 30 extra
435 1353 240 32 arbetskrafter
697 1354 29 41 ej
752 1354 240 41 åvägabringas
1014 1357 42 39 på
1080 1358 101 30 annat
1203 1358 68 31 sätt
1294 1361 41 27 än
1358 1367 116 30 genom
1503 1358 202 41 uppförande
1729 1368 41 21 av
1786 1359 49 30 ett

232 1396 88 31 antal
342 1406 67 30 nya
431 1396 141 41 tjänster
595 1397 19 31 å
637 1397 335 41 riksgäldskontorets
1005 1401 77 31 stat.
1130 1400 113 32 Såsom
1271 1401 106 31 nedan
1399 1401 147 34 kommer
1570 1403 50 30 att
1643 1401 99 38 visas,
1765 1401 69 32 tala

230 1444 82 27 även
335 1440 115 32 starka
472 1440 128 41 sakliga
622 1441 74 32 skäl
718 1441 51 33 för
792 1452 39 22 en
854 1442 225 42 förstärkning
1102 1454 42 22 av
1166 1443 335 41 riksgäldskontorets
1524 1444 161 33 ordinarie
1709 1445 124 32 arbets-

230 1483 126 32 krafter
378 1484 65 31 vad
465 1484 162 32 beträffar
650 1486 92 31 såväl
764 1486 142 32 kansliet
929 1497 70 22 som
1023 1487 251 42 kameralbyrån
1297 1488 61 32 och
1382 1489 273 41 revisionsbyrån.

360 1571 218 41 Fullmäktige
603 1574 122 39 övergå
748 1573 41 31 då
811 1574 85 31 först
918 1574 52 32 till
993 1576 51 30 att
1066 1575 160 32 behandla
1249 1575 247 33 förhållandena
1519 1577 19 31 å
1560 1576 151 32 kansliet.

360 1615 14 30 I
396 1614 51 32 sin
470 1615 88 32 förut
581 1616 215 33 omförmälda
819 1617 159 33 skrivelse
1002 1629 42 21 av
1060 1618 61 32 den
1148 1620 13 30 1
1187 1619 142 32 februari
1357 1620 80 31 1917
1463 1620 145 32 uttalade
1624 1620 208 41 fullmäktige

228 1657 205 34 beträffande
455 1658 151 40 kansliet,
631 1661 52 31 att
705 1660 162 41 ökningen
890 1672 42 21 av
954 1662 74 33 dess
1051 1662 111 34 arbete
1185 1662 192 41 visserligen
1400 1663 88 33 varit
1511 1663 147 42 betydlig
1680 1664 61 32 och
1764 1664 67 32 för-

229 1701 103 34 anlett
355 1702 203 33 anställande
581 1713 43 21 av
647 1714 39 21 en
709 1704 147 41 kvinnlig
878 1705 259 42 korrespondent
1159 1706 60 32 och
1239 1706 158 42 juridiskt
1419 1707 109 33 bildad
1552 1718 186 28 amanuens,
1759 1718 73 24 men

229 1747 50 31 att
315 1745 207 42 fullmäktige
559 1746 104 33 likväl
696 1747 30 42 ej
759 1748 51 32 för
843 1749 56 32 det
933 1749 185 34 dåvarande
1141 1750 98 32 funne
1261 1751 108 40 någon
1398 1762 44 30 ny
1465 1751 161 34 ordinarie
1649 1751 185 41 befattning

228 1789 170 33 därstädes
420 1800 80 21 vara
523 1790 201 42 erforderlig.
771 1791 259 34 Förhållandena
1063 1793 86 32 hava
1171 1793 180 33 emellertid
1375 1794 101 33 under
1499 1795 62 33 den
1584 1795 58 38 tid,
1667 1806 69 21 som
1760 1795 72 35 där-

227 1833 84 33 efter
334 1833 154 39 förflutit,
512 1835 38 31 så
572 1834 196 40 förändrats,
793 1837 50 32 att
866 1838 49 30 ett
938 1837 230 33 förstärkande
1185 1848 41 21 av
1241 1838 159 32 kansliets
1418 1838 161 32 ordinarie
1595 1839 238 33 arbetskrafter

227 1887 41 22 nu
292 1877 107 42 måste
423 1888 95 21 anses
542 1878 244 42 oundgängligt.

359 1920 169 42 Ökningen
563 1933 41 21 av
633 1922 318 42 kanslipersonalens
975 1925 111 32 arbete
1109 1925 60 32 har
1193 1925 10 32 i
1226 1926 140 31 främsta
1389 1928 140 30 rummet
1552 1926 133 32 hänfört
1708 1925 52 42 sig
1781 1926 51 34 till

226 1964 39 33 de
287 1964 157 41 göromål,
479 1975 70 22 som
584 1966 111 40 åligga
725 1967 400 41 riksgäldssekreteraren.
1172 1968 129 33 Dennes
1334 1969 180 41 viktigaste
1537 1970 147 40 göromål
1706 1970 94 34 bestå
1822 1970 10 31 i

227 2007 195 34 beredandet
444 2008 50 32 till
516 2009 233 42 föredragning
771 2021 42 21 av
835 2010 230 34 inkommande
1087 2012 150 40 ärenden,
1261 2013 235 41 uppsättandet
1519 2024 43 21 av
1577 2013 176 33 skrivelser
1772 2013 60 34 och

226 2051 203 39 utlåtanden,
452 2052 244 34 verkställande
720 2065 41 21 av
785 2055 211 41 utredningar
1018 2057 87 31 samt
1127 2056 151 33 förandet
1301 2067 42 21 av
1361 2057 163 41 protokoll
1539 2057 56 32 vid
1610 2057 223 41 fullmäktiges

225 2096 294 34 sammankomster
556 2107 42 22 m.
634 2108 41 21 m.
722 2097 252 35 Nedanstående
1009 2100 305 41 sammanställning
1349 2101 138 32 rörande
1525 2100 177 36 sidantalet
1732 2100 11 32 i
1778 2101 55 34 det

225 2139 192 33 renskrivna
451 2140 204 42 exemplaret
689 2151 41 22 av
764 2141 334 42 riksgäldskontorets
1122 2143 164 35 allmänna
1309 2144 61 34 och
1394 2144 241 42 låneprotokoll
1654 2145 106 41 jämte
1780 2144 51 34 till

225 2183 55 34 det
302 2183 89 36 förra
413 2183 144 35 hörande
580 2184 196 42 registratur
798 2186 101 35 under
922 2186 39 34 de
983 2189 131 33 senaste
1137 2187 46 33 tio
1208 2189 78 33 åren
1309 2188 93 33 torde
1425 2188 77 38 giva
1526 2199 40 22 en
1589 2189 63 40 god
1668 2188 163 33 föreställ-

224 2226 77 41 ning
325 2237 52 22 om
401 2227 161 41 ökningen
587 2239 42 22 av
653 2228 408 42 riksgäldssekreterarens
1085 2231 220 33 arbetsbörda.

1852 1594 197 31 Iiiksgäldskon-

1862 1630 75 23 'arets
1955 1629 92 24 kansli.
