<?xml version="1.0" encoding="UTF-8"?>
<alto xmlns="http://www.loc.gov/standards/alto/ns-v3#" xmlns:xlink="http://www.w3.org/1999/xlink" xmlns:xsi="http://www.w3.org/2001/XMLSchema-instance" xsi:schemaLocation="http://www.loc.gov/standards/alto/ns-v3# http://www.loc.gov/alto/v3/alto-3-0.xsd">
	<Description>
		<MeasurementUnit>pixel</MeasurementUnit>
		<sourceImageInformation>
			<fileName>/tmp/tess_h3mobga1_input.PNG</fileName>
		</sourceImageInformation>
		<OCRProcessing ID="OCR_0">
			<ocrProcessingStep>
				<processingSoftware>
					<softwareName>tesseract 5.3.0</softwareName>
				</processingSoftware>
			</ocrProcessingStep>
		</OCRProcessing>
	</Description>
	<Layout>
		<Page WIDTH="1882" HEIGHT="2802" PHYSICAL_IMG_NR="0" ID="page_0">
			<PrintSpace HPOS="0" VPOS="0" WIDTH="1882" HEIGHT="2802">
				<ComposedBlock ID="cblock_0" HPOS="265" VPOS="130" WIDTH="1115" HEIGHT="40">
					<TextBlock ID="block_0" HPOS="265" VPOS="130" WIDTH="1115" HEIGHT="40">
						<TextLine ID="line_0" HPOS="265" VPOS="130" WIDTH="1115" HEIGHT="40">
							<String ID="string_0" HPOS="265" VPOS="130" WIDTH="18" HEIGHT="28" WC="0.96" CONTENT="4"/><SP WIDTH="378" VPOS="130" HPOS="283"/>
							<String ID="string_1" HPOS="661" VPOS="133" WIDTH="117" HEIGHT="30" WC="0.92" CONTENT="Andra"/><SP WIDTH="24" VPOS="133" HPOS="778"/>
							<String ID="string_2" HPOS="802" VPOS="133" WIDTH="238" HEIGHT="37" WC="0.90" CONTENT="lagutskottets"/><SP WIDTH="24" VPOS="133" HPOS="1040"/>
							<String ID="string_3" HPOS="1064" VPOS="134" WIDTH="174" HEIGHT="30" WC="0.95" CONTENT="utlåtande"/><SP WIDTH="26" VPOS="134" HPOS="1238"/>
							<String ID="string_4" HPOS="1264" VPOS="144" WIDTH="42" HEIGHT="20" WC="0.95" CONTENT="nr"/><SP WIDTH="28" VPOS="144" HPOS="1306"/>
							<String ID="string_5" HPOS="1334" VPOS="136" WIDTH="46" HEIGHT="29" WC="0.53" CONTENT="18."/>
						</TextLine>
					</TextBlock>
				</ComposedBlock>
				<ComposedBlock ID="cblock_1" HPOS="266" VPOS="217" WIDTH="1508" HEIGHT="1821">
					<TextBlock ID="block_1" HPOS="268" VPOS="217" WIDTH="1505" HEIGHT="444">
						<TextLine ID="line_1" HPOS="272" VPOS="217" WIDTH="1501" HEIGHT="41">
							<String ID="string_6" HPOS="272" VPOS="217" WIDTH="80" HEIGHT="30" WC="0.95" CONTENT="Med"/><SP WIDTH="19" VPOS="217" HPOS="352"/>
							<String ID="string_7" HPOS="371" VPOS="217" WIDTH="77" HEIGHT="30" WC="0.96" CONTENT="stöd"/><SP WIDTH="20" VPOS="217" HPOS="448"/>
							<String ID="string_8" HPOS="468" VPOS="227" WIDTH="42" HEIGHT="20" WC="0.95" CONTENT="av"/><SP WIDTH="24" VPOS="227" HPOS="510"/>
							<String ID="string_9" HPOS="534" VPOS="227" WIDTH="134" HEIGHT="21" WC="0.96" CONTENT="samma"/><SP WIDTH="22" VPOS="227" HPOS="668"/>
							<String ID="string_10" HPOS="690" VPOS="218" WIDTH="277" HEIGHT="36" WC="0.95" CONTENT="bemyndigande"/><SP WIDTH="21" VPOS="218" HPOS="967"/>
							<String ID="string_11" HPOS="988" VPOS="218" WIDTH="228" HEIGHT="31" WC="0.95" CONTENT="förordnades"/><SP WIDTH="23" VPOS="218" HPOS="1216"/>
							<String ID="string_12" HPOS="1239" VPOS="218" WIDTH="172" HEIGHT="36" WC="0.96" CONTENT="därjämte"/><SP WIDTH="22" VPOS="218" HPOS="1411"/>
							<String ID="string_13" HPOS="1433" VPOS="219" WIDTH="67" HEIGHT="30" WC="0.96" CONTENT="den"/><SP WIDTH="24" VPOS="219" HPOS="1500"/>
							<String ID="string_14" HPOS="1524" VPOS="221" WIDTH="39" HEIGHT="28" WC="0.96" CONTENT="27"/><SP WIDTH="26" VPOS="221" HPOS="1563"/>
							<String ID="string_15" HPOS="1589" VPOS="220" WIDTH="75" HEIGHT="38" WC="0.96" CONTENT="juni"/><SP WIDTH="25" VPOS="220" HPOS="1664"/>
							<String ID="string_16" HPOS="1689" VPOS="221" WIDTH="84" HEIGHT="29" WC="0.96" CONTENT="1939"/>
						</TextLine>
						<TextLine ID="line_2" HPOS="268" VPOS="268" WIDTH="1502" HEIGHT="38">
							<String ID="string_17" HPOS="268" VPOS="268" WIDTH="234" HEIGHT="30" WC="0.96" CONTENT="ledamöterna"/><SP WIDTH="22" VPOS="268" HPOS="502"/>
							<String ID="string_18" HPOS="524" VPOS="277" WIDTH="43" HEIGHT="21" WC="0.96" CONTENT="av"/><SP WIDTH="24" VPOS="277" HPOS="567"/>
							<String ID="string_19" HPOS="591" VPOS="269" WIDTH="200" HEIGHT="36" WC="0.96" CONTENT="riksdagens"/><SP WIDTH="24" VPOS="269" HPOS="791"/>
							<String ID="string_20" HPOS="815" VPOS="269" WIDTH="108" HEIGHT="30" WC="0.96" CONTENT="andra"/><SP WIDTH="24" VPOS="269" HPOS="923"/>
							<String ID="string_21" HPOS="947" VPOS="270" WIDTH="180" HEIGHT="30" WC="0.93" CONTENT="kammare"/><SP WIDTH="21" VPOS="270" HPOS="1127"/>
							<String ID="string_22" HPOS="1148" VPOS="270" WIDTH="39" HEIGHT="30" WC="0.92" CONTENT="O."/><SP WIDTH="24" VPOS="270" HPOS="1187"/>
							<String ID="string_23" HPOS="1211" VPOS="270" WIDTH="54" HEIGHT="30" WC="0.91" CONTENT="W."/><SP WIDTH="25" VPOS="270" HPOS="1265"/>
							<String ID="string_24" HPOS="1290" VPOS="270" WIDTH="154" HEIGHT="36" WC="0.96" CONTENT="Lövgren"/><SP WIDTH="24" VPOS="270" HPOS="1444"/>
							<String ID="string_25" HPOS="1468" VPOS="270" WIDTH="9" HEIGHT="30" WC="0.96" CONTENT="i"/><SP WIDTH="24" VPOS="270" HPOS="1477"/>
							<String ID="string_26" HPOS="1501" VPOS="270" WIDTH="118" HEIGHT="30" WC="0.96" CONTENT="Boden"/><SP WIDTH="22" VPOS="270" HPOS="1619"/>
							<String ID="string_27" HPOS="1641" VPOS="271" WIDTH="68" HEIGHT="30" WC="0.93" CONTENT="och"/><SP WIDTH="23" VPOS="271" HPOS="1709"/>
							<String ID="string_28" HPOS="1732" VPOS="270" WIDTH="38" HEIGHT="30" WC="0.92" CONTENT="U."/>
						</TextLine>
						<TextLine ID="line_3" HPOS="272" VPOS="318" WIDTH="1499" HEIGHT="39">
							<String ID="string_29" HPOS="272" VPOS="318" WIDTH="37" HEIGHT="30" WC="0.91" CONTENT="R."/><SP WIDTH="22" VPOS="318" HPOS="309"/>
							<String ID="string_30" HPOS="331" VPOS="318" WIDTH="170" HEIGHT="30" WC="0.96" CONTENT="Jacobson"/><SP WIDTH="23" VPOS="318" HPOS="501"/>
							<String ID="string_31" HPOS="524" VPOS="319" WIDTH="12" HEIGHT="29" WC="0.96" CONTENT="i"/><SP WIDTH="24" VPOS="319" HPOS="536"/>
							<String ID="string_32" HPOS="560" VPOS="318" WIDTH="207" HEIGHT="31" WC="0.96" CONTENT="Vilhelmina"/><SP WIDTH="22" VPOS="318" HPOS="767"/>
							<String ID="string_33" HPOS="789" VPOS="321" WIDTH="89" HEIGHT="28" WC="0.92" CONTENT="samt"/><SP WIDTH="22" VPOS="321" HPOS="878"/>
							<String ID="string_34" HPOS="900" VPOS="322" WIDTH="21" HEIGHT="27" WC="0.89" CONTENT="t."/><SP WIDTH="22" VPOS="322" HPOS="921"/>
							<String ID="string_35" HPOS="943" VPOS="319" WIDTH="24" HEIGHT="29" WC="0.91" CONTENT="f."/><SP WIDTH="23" VPOS="319" HPOS="967"/>
							<String ID="string_36" HPOS="990" VPOS="319" WIDTH="213" HEIGHT="36" WC="0.92" CONTENT="lappfogden"/><SP WIDTH="22" VPOS="319" HPOS="1203"/>
							<String ID="string_37" HPOS="1225" VPOS="320" WIDTH="39" HEIGHT="29" WC="0.91" CONTENT="K."/><SP WIDTH="24" VPOS="320" HPOS="1264"/>
							<String ID="string_38" HPOS="1288" VPOS="320" WIDTH="38" HEIGHT="29" WC="0.91" CONTENT="E."/><SP WIDTH="24" VPOS="320" HPOS="1326"/>
							<String ID="string_39" HPOS="1350" VPOS="320" WIDTH="136" HEIGHT="36" WC="0.96" CONTENT="Kangas"/><SP WIDTH="22" VPOS="320" HPOS="1486"/>
							<String ID="string_40" HPOS="1508" VPOS="321" WIDTH="10" HEIGHT="30" WC="0.96" CONTENT="i"/><SP WIDTH="23" VPOS="321" HPOS="1518"/>
							<String ID="string_41" HPOS="1541" VPOS="320" WIDTH="115" HEIGHT="37" WC="0.93" CONTENT="Luleå,"/><SP WIDTH="22" VPOS="320" HPOS="1656"/>
							<String ID="string_42" HPOS="1678" VPOS="320" WIDTH="93" HEIGHT="37" WC="0.90" CONTENT="jord-"/>
						</TextLine>
						<TextLine ID="line_4" HPOS="270" VPOS="369" WIDTH="1502" HEIGHT="38">
							<String ID="string_43" HPOS="270" VPOS="369" WIDTH="339" HEIGHT="30" WC="0.91" CONTENT="brukskonsulenten"/><SP WIDTH="19" VPOS="369" HPOS="609"/>
							<String ID="string_44" HPOS="628" VPOS="369" WIDTH="52" HEIGHT="31" WC="0.91" CONTENT="W."/><SP WIDTH="19" VPOS="369" HPOS="680"/>
							<String ID="string_45" HPOS="699" VPOS="369" WIDTH="36" HEIGHT="30" WC="0.91" CONTENT="L."/><SP WIDTH="21" VPOS="369" HPOS="735"/>
							<String ID="string_46" HPOS="756" VPOS="369" WIDTH="219" HEIGHT="31" WC="0.91" CONTENT="Wanhainen"/><SP WIDTH="18" VPOS="369" HPOS="975"/>
							<String ID="string_47" HPOS="993" VPOS="371" WIDTH="10" HEIGHT="29" WC="0.96" CONTENT="i"/><SP WIDTH="22" VPOS="371" HPOS="1003"/>
							<String ID="string_48" HPOS="1025" VPOS="369" WIDTH="115" HEIGHT="37" WC="0.96" CONTENT="Luleå,"/><SP WIDTH="23" VPOS="369" HPOS="1140"/>
							<String ID="string_49" HPOS="1163" VPOS="371" WIDTH="243" HEIGHT="36" WC="0.93" CONTENT="kyrkoherden"/><SP WIDTH="20" VPOS="371" HPOS="1406"/>
							<String ID="string_50" HPOS="1426" VPOS="371" WIDTH="36" HEIGHT="30" WC="0.91" CONTENT="G."/><SP WIDTH="20" VPOS="371" HPOS="1462"/>
							<String ID="string_51" HPOS="1482" VPOS="371" WIDTH="37" HEIGHT="30" WC="0.92" CONTENT="L."/><SP WIDTH="19" VPOS="371" HPOS="1519"/>
							<String ID="string_52" HPOS="1538" VPOS="372" WIDTH="91" HEIGHT="29" WC="0.96" CONTENT="Park"/><SP WIDTH="18" VPOS="372" HPOS="1629"/>
							<String ID="string_53" HPOS="1647" VPOS="373" WIDTH="11" HEIGHT="29" WC="0.93" CONTENT="i"/><SP WIDTH="21" VPOS="373" HPOS="1658"/>
							<String ID="string_54" HPOS="1679" VPOS="371" WIDTH="93" HEIGHT="31" WC="0.93" CONTENT="Sten-"/>
						</TextLine>
						<TextLine ID="line_5" HPOS="272" VPOS="420" WIDTH="1500" HEIGHT="38">
							<String ID="string_55" HPOS="272" VPOS="420" WIDTH="67" HEIGHT="30" WC="0.96" CONTENT="sele"/><SP WIDTH="20" VPOS="420" HPOS="339"/>
							<String ID="string_56" HPOS="359" VPOS="420" WIDTH="64" HEIGHT="30" WC="0.93" CONTENT="och"/><SP WIDTH="21" VPOS="420" HPOS="423"/>
							<String ID="string_57" HPOS="444" VPOS="420" WIDTH="237" HEIGHT="36" WC="0.91" CONTENT="lappmannen"/><SP WIDTH="19" VPOS="420" HPOS="681"/>
							<String ID="string_58" HPOS="700" VPOS="420" WIDTH="35" HEIGHT="30" WC="0.90" CONTENT="P."/><SP WIDTH="22" VPOS="420" HPOS="735"/>
							<String ID="string_59" HPOS="757" VPOS="420" WIDTH="36" HEIGHT="30" WC="0.88" CONTENT="L."/><SP WIDTH="23" VPOS="420" HPOS="793"/>
							<String ID="string_60" HPOS="816" VPOS="420" WIDTH="321" HEIGHT="31" WC="0.92" CONTENT="Andersson-Juuso"/><SP WIDTH="20" VPOS="420" HPOS="1137"/>
							<String ID="string_61" HPOS="1157" VPOS="421" WIDTH="11" HEIGHT="30" WC="0.93" CONTENT="i"/><SP WIDTH="19" VPOS="421" HPOS="1168"/>
							<String ID="string_62" HPOS="1187" VPOS="421" WIDTH="136" HEIGHT="31" WC="0.92" CONTENT="Luokta"/><SP WIDTH="23" VPOS="421" HPOS="1323"/>
							<String ID="string_63" HPOS="1346" VPOS="420" WIDTH="130" HEIGHT="38" WC="0.96" CONTENT="lappby"/><SP WIDTH="20" VPOS="420" HPOS="1476"/>
							<String ID="string_64" HPOS="1496" VPOS="425" WIDTH="50" HEIGHT="27" WC="0.96" CONTENT="att"/><SP WIDTH="22" VPOS="425" HPOS="1546"/>
							<String ID="string_65" HPOS="1568" VPOS="421" WIDTH="114" HEIGHT="32" WC="0.93" CONTENT="såsom"/><SP WIDTH="20" VPOS="421" HPOS="1682"/>
							<String ID="string_66" HPOS="1702" VPOS="424" WIDTH="70" HEIGHT="29" WC="0.91" CONTENT="sär-"/>
						</TextLine>
						<TextLine ID="line_6" HPOS="270" VPOS="470" WIDTH="1501" HEIGHT="39">
							<String ID="string_67" HPOS="270" VPOS="470" WIDTH="114" HEIGHT="30" WC="0.96" CONTENT="skilda"/><SP WIDTH="29" VPOS="470" HPOS="384"/>
							<String ID="string_68" HPOS="413" VPOS="475" WIDTH="158" HEIGHT="32" WC="0.96" CONTENT="experter"/><SP WIDTH="27" VPOS="475" HPOS="571"/>
							<String ID="string_69" HPOS="598" VPOS="472" WIDTH="78" HEIGHT="30" WC="0.93" CONTENT="med"/><SP WIDTH="29" VPOS="472" HPOS="676"/>
							<String ID="string_70" HPOS="705" VPOS="471" WIDTH="359" HEIGHT="37" WC="0.86" CONTENT="utredningsmannen"/><SP WIDTH="30" VPOS="471" HPOS="1064"/>
							<String ID="string_71" HPOS="1094" VPOS="472" WIDTH="133" HEIGHT="36" WC="0.96" CONTENT="deltaga"/><SP WIDTH="27" VPOS="472" HPOS="1227"/>
							<String ID="string_72" HPOS="1254" VPOS="473" WIDTH="11" HEIGHT="29" WC="0.96" CONTENT="i"/><SP WIDTH="30" VPOS="473" HPOS="1265"/>
							<String ID="string_73" HPOS="1295" VPOS="473" WIDTH="283" HEIGHT="36" WC="0.95" CONTENT="överläggningar"/><SP WIDTH="28" VPOS="473" HPOS="1578"/>
							<String ID="string_74" HPOS="1606" VPOS="474" WIDTH="11" HEIGHT="30" WC="0.96" CONTENT="i"/><SP WIDTH="29" VPOS="474" HPOS="1617"/>
							<String ID="string_75" HPOS="1646" VPOS="474" WIDTH="125" HEIGHT="30" WC="0.95" CONTENT="ämnet."/>
						</TextLine>
						<TextLine ID="line_7" HPOS="272" VPOS="521" WIDTH="1501" HEIGHT="38">
							<String ID="string_76" HPOS="272" VPOS="521" WIDTH="98" HEIGHT="30" WC="0.96" CONTENT="Efter"/><SP WIDTH="20" VPOS="521" HPOS="370"/>
							<String ID="string_77" HPOS="390" VPOS="522" WIDTH="55" HEIGHT="29" WC="0.93" CONTENT="det"/><SP WIDTH="19" VPOS="522" HPOS="445"/>
							<String ID="string_78" HPOS="464" VPOS="522" WIDTH="341" HEIGHT="36" WC="0.92" CONTENT="expeditionschefen"/><SP WIDTH="25" VPOS="522" HPOS="805"/>
							<String ID="string_79" HPOS="830" VPOS="522" WIDTH="84" HEIGHT="30" WC="0.95" CONTENT="Falk"/><SP WIDTH="23" VPOS="522" HPOS="914"/>
							<String ID="string_80" HPOS="937" VPOS="523" WIDTH="129" HEIGHT="36" WC="0.96" CONTENT="avlidit,"/><SP WIDTH="22" VPOS="523" HPOS="1066"/>
							<String ID="string_81" HPOS="1088" VPOS="523" WIDTH="228" HEIGHT="30" WC="0.96" CONTENT="förordnades"/><SP WIDTH="21" VPOS="523" HPOS="1316"/>
							<String ID="string_82" HPOS="1337" VPOS="524" WIDTH="64" HEIGHT="29" WC="0.96" CONTENT="den"/><SP WIDTH="24" VPOS="524" HPOS="1401"/>
							<String ID="string_83" HPOS="1425" VPOS="524" WIDTH="39" HEIGHT="29" WC="0.96" CONTENT="14"/><SP WIDTH="21" VPOS="524" HPOS="1464"/>
							<String ID="string_84" HPOS="1485" VPOS="525" WIDTH="182" HEIGHT="29" WC="0.96" CONTENT="december"/><SP WIDTH="23" VPOS="525" HPOS="1667"/>
							<String ID="string_85" HPOS="1690" VPOS="525" WIDTH="83" HEIGHT="29" WC="0.96" CONTENT="1939"/>
						</TextLine>
						<TextLine ID="line_8" HPOS="270" VPOS="572" WIDTH="1502" HEIGHT="38">
							<String ID="string_86" HPOS="270" VPOS="572" WIDTH="336" HEIGHT="36" WC="0.92" CONTENT="generaldirektören"/><SP WIDTH="23" VPOS="572" HPOS="606"/>
							<String ID="string_87" HPOS="629" VPOS="573" WIDTH="37" HEIGHT="30" WC="0.91" CONTENT="L."/><SP WIDTH="22" VPOS="573" HPOS="666"/>
							<String ID="string_88" HPOS="688" VPOS="573" WIDTH="141" HEIGHT="36" WC="0.92" CONTENT="Berglöf"/><SP WIDTH="22" VPOS="573" HPOS="829"/>
							<String ID="string_89" HPOS="851" VPOS="576" WIDTH="47" HEIGHT="29" WC="0.96" CONTENT="att"/><SP WIDTH="23" VPOS="576" HPOS="898"/>
							<String ID="string_90" HPOS="921" VPOS="573" WIDTH="113" HEIGHT="31" WC="0.95" CONTENT="såsom"/><SP WIDTH="25" VPOS="573" HPOS="1034"/>
							<String ID="string_91" HPOS="1059" VPOS="574" WIDTH="197" HEIGHT="36" WC="0.96" CONTENT="sakkunnig"/><SP WIDTH="24" VPOS="574" HPOS="1256"/>
							<String ID="string_92" HPOS="1280" VPOS="575" WIDTH="93" HEIGHT="30" WC="0.96" CONTENT="inom"/><SP WIDTH="24" VPOS="575" HPOS="1373"/>
							<String ID="string_93" HPOS="1397" VPOS="575" WIDTH="273" HEIGHT="35" WC="0.90" CONTENT="departementet"/><SP WIDTH="23" VPOS="575" HPOS="1670"/>
							<String ID="string_94" HPOS="1693" VPOS="575" WIDTH="79" HEIGHT="30" WC="0.90" CONTENT="full-"/>
						</TextLine>
						<TextLine ID="line_9" HPOS="272" VPOS="623" WIDTH="596" HEIGHT="38">
							<String ID="string_95" HPOS="272" VPOS="623" WIDTH="86" HEIGHT="36" WC="0.96" CONTENT="följa"/><SP WIDTH="28" VPOS="623" HPOS="358"/>
							<String ID="string_96" HPOS="386" VPOS="623" WIDTH="265" HEIGHT="37" WC="0.95" CONTENT="ifrågavarande"/><SP WIDTH="24" VPOS="623" HPOS="651"/>
							<String ID="string_97" HPOS="675" VPOS="625" WIDTH="193" HEIGHT="36" WC="0.96" CONTENT="utredning."/>
						</TextLine>
					</TextBlock>
					<TextBlock ID="block_2" HPOS="267" VPOS="675" WIDTH="1507" HEIGHT="1006">
						<TextLine ID="line_10" HPOS="317" VPOS="675" WIDTH="1453" HEIGHT="38">
							<String ID="string_98" HPOS="317" VPOS="675" WIDTH="82" HEIGHT="30" WC="0.95" CONTENT="1930"/><SP WIDTH="28" VPOS="675" HPOS="399"/>
							<String ID="string_99" HPOS="427" VPOS="675" WIDTH="55" HEIGHT="31" WC="0.93" CONTENT="års"/><SP WIDTH="28" VPOS="675" HPOS="482"/>
							<String ID="string_100" HPOS="510" VPOS="675" WIDTH="269" HEIGHT="37" WC="0.90" CONTENT="lapputredning"/><SP WIDTH="28" VPOS="675" HPOS="779"/>
							<String ID="string_101" HPOS="807" VPOS="676" WIDTH="299" HEIGHT="30" WC="0.91" CONTENT="omhänderhades"/><SP WIDTH="29" VPOS="676" HPOS="1106"/>
							<String ID="string_102" HPOS="1135" VPOS="676" WIDTH="44" HEIGHT="36" WC="0.96" CONTENT="på"/><SP WIDTH="25" VPOS="676" HPOS="1179"/>
							<String ID="string_103" HPOS="1204" VPOS="678" WIDTH="114" HEIGHT="35" WC="0.96" CONTENT="grund"/><SP WIDTH="29" VPOS="678" HPOS="1318"/>
							<String ID="string_104" HPOS="1347" VPOS="687" WIDTH="41" HEIGHT="20" WC="0.96" CONTENT="av"/><SP WIDTH="29" VPOS="687" HPOS="1388"/>
							<String ID="string_105" HPOS="1417" VPOS="677" WIDTH="122" HEIGHT="35" WC="0.81" CONTENT="Kungl."/><SP WIDTH="29" VPOS="677" HPOS="1539"/>
							<String ID="string_106" HPOS="1568" VPOS="677" WIDTH="119" HEIGHT="36" WC="0.93" CONTENT="Maj:ts"/><SP WIDTH="28" VPOS="677" HPOS="1687"/>
							<String ID="string_107" HPOS="1715" VPOS="678" WIDTH="55" HEIGHT="29" WC="0.92" CONTENT="be-"/>
						</TextLine>
						<TextLine ID="line_11" HPOS="271" VPOS="726" WIDTH="1501" HEIGHT="37">
							<String ID="string_108" HPOS="271" VPOS="726" WIDTH="69" HEIGHT="29" WC="0.96" CONTENT="slut"/><SP WIDTH="20" VPOS="726" HPOS="340"/>
							<String ID="string_109" HPOS="360" VPOS="726" WIDTH="65" HEIGHT="30" WC="0.96" CONTENT="den"/><SP WIDTH="20" VPOS="726" HPOS="425"/>
							<String ID="string_110" HPOS="445" VPOS="727" WIDTH="41" HEIGHT="29" WC="0.96" CONTENT="30"/><SP WIDTH="21" VPOS="727" HPOS="486"/>
							<String ID="string_111" HPOS="507" VPOS="726" WIDTH="72" HEIGHT="36" WC="0.96" CONTENT="maj"/><SP WIDTH="25" VPOS="726" HPOS="579"/>
							<String ID="string_112" HPOS="604" VPOS="727" WIDTH="82" HEIGHT="29" WC="0.94" CONTENT="1930"/><SP WIDTH="21" VPOS="727" HPOS="686"/>
							<String ID="string_113" HPOS="707" VPOS="736" WIDTH="41" HEIGHT="20" WC="0.96" CONTENT="av"/><SP WIDTH="23" VPOS="736" HPOS="748"/>
							<String ID="string_114" HPOS="771" VPOS="727" WIDTH="241" HEIGHT="36" WC="0.96" CONTENT="länsstyrelsen"/><SP WIDTH="21" VPOS="727" HPOS="1012"/>
							<String ID="string_115" HPOS="1033" VPOS="727" WIDTH="11" HEIGHT="29" WC="0.96" CONTENT="i"/><SP WIDTH="24" VPOS="727" HPOS="1044"/>
							<String ID="string_116" HPOS="1068" VPOS="727" WIDTH="224" HEIGHT="31" WC="0.96" CONTENT="Norrbottens"/><SP WIDTH="21" VPOS="727" HPOS="1292"/>
							<String ID="string_117" HPOS="1313" VPOS="728" WIDTH="57" HEIGHT="29" WC="0.96" CONTENT="län"/><SP WIDTH="20" VPOS="728" HPOS="1370"/>
							<String ID="string_118" HPOS="1390" VPOS="727" WIDTH="108" HEIGHT="36" WC="0.96" CONTENT="jämte"/><SP WIDTH="24" VPOS="727" HPOS="1498"/>
							<String ID="string_119" HPOS="1522" VPOS="728" WIDTH="89" HEIGHT="30" WC="0.96" CONTENT="vissa"/><SP WIDTH="23" VPOS="728" HPOS="1611"/>
							<String ID="string_120" HPOS="1634" VPOS="728" WIDTH="138" HEIGHT="33" WC="0.96" CONTENT="särskilt"/>
						</TextLine>
						<TextLine ID="line_12" HPOS="272" VPOS="776" WIDTH="1500" HEIGHT="38">
							<String ID="string_121" HPOS="272" VPOS="777" WIDTH="188" HEIGHT="30" WC="0.95" CONTENT="tillkallade"/><SP WIDTH="19" VPOS="777" HPOS="460"/>
							<String ID="string_122" HPOS="479" VPOS="786" WIDTH="165" HEIGHT="27" WC="0.96" CONTENT="personer"/><SP WIDTH="21" VPOS="786" HPOS="644"/>
							<String ID="string_123" HPOS="665" VPOS="778" WIDTH="66" HEIGHT="29" WC="0.96" CONTENT="och"/><SP WIDTH="22" VPOS="778" HPOS="731"/>
							<String ID="string_124" HPOS="753" VPOS="776" WIDTH="105" HEIGHT="38" WC="0.95" CONTENT="avsåg"/><SP WIDTH="20" VPOS="776" HPOS="858"/>
							<String ID="string_125" HPOS="878" VPOS="778" WIDTH="258" HEIGHT="36" WC="0.96" CONTENT="undersökning"/><SP WIDTH="21" VPOS="778" HPOS="1136"/>
							<String ID="string_126" HPOS="1157" VPOS="788" WIDTH="41" HEIGHT="20" WC="0.96" CONTENT="av"/><SP WIDTH="22" VPOS="788" HPOS="1198"/>
							<String ID="string_127" HPOS="1220" VPOS="779" WIDTH="42" HEIGHT="30" WC="0.96" CONTENT="de"/><SP WIDTH="22" VPOS="779" HPOS="1262"/>
							<String ID="string_128" HPOS="1284" VPOS="777" WIDTH="167" HEIGHT="37" WC="0.96" CONTENT="åtgärder,"/><SP WIDTH="24" VPOS="777" HPOS="1451"/>
							<String ID="string_129" HPOS="1475" VPOS="788" WIDTH="74" HEIGHT="20" WC="0.96" CONTENT="som"/><SP WIDTH="22" VPOS="788" HPOS="1549"/>
							<String ID="string_130" HPOS="1571" VPOS="779" WIDTH="107" HEIGHT="30" WC="0.92" CONTENT="borde"/><SP WIDTH="24" VPOS="779" HPOS="1678"/>
							<String ID="string_131" HPOS="1702" VPOS="779" WIDTH="70" HEIGHT="30" WC="0.92" CONTENT="vid-"/>
						</TextLine>
						<TextLine ID="line_13" HPOS="271" VPOS="827" WIDTH="1501" HEIGHT="38">
							<String ID="string_132" HPOS="271" VPOS="831" WIDTH="96" HEIGHT="33" WC="0.96" CONTENT="tagas"/><SP WIDTH="21" VPOS="831" HPOS="367"/>
							<String ID="string_133" HPOS="388" VPOS="827" WIDTH="54" HEIGHT="31" WC="0.96" CONTENT="för"/><SP WIDTH="22" VPOS="827" HPOS="442"/>
							<String ID="string_134" HPOS="464" VPOS="828" WIDTH="236" HEIGHT="36" WC="0.95" CONTENT="avhjälpande"/><SP WIDTH="19" VPOS="828" HPOS="700"/>
							<String ID="string_135" HPOS="719" VPOS="837" WIDTH="43" HEIGHT="21" WC="0.95" CONTENT="av"/><SP WIDTH="23" VPOS="837" HPOS="762"/>
							<String ID="string_136" HPOS="785" VPOS="829" WIDTH="42" HEIGHT="30" WC="0.96" CONTENT="de"/><SP WIDTH="20" VPOS="829" HPOS="827"/>
							<String ID="string_137" HPOS="847" VPOS="829" WIDTH="94" HEIGHT="30" WC="0.96" CONTENT="inom"/><SP WIDTH="20" VPOS="829" HPOS="941"/>
							<String ID="string_138" HPOS="961" VPOS="828" WIDTH="92" HEIGHT="31" WC="0.95" CONTENT="vissa"/><SP WIDTH="21" VPOS="828" HPOS="1053"/>
							<String ID="string_139" HPOS="1074" VPOS="829" WIDTH="94" HEIGHT="30" WC="0.96" CONTENT="delar"/><SP WIDTH="22" VPOS="829" HPOS="1168"/>
							<String ID="string_140" HPOS="1190" VPOS="839" WIDTH="41" HEIGHT="20" WC="0.96" CONTENT="av"/><SP WIDTH="23" VPOS="839" HPOS="1231"/>
							<String ID="string_141" HPOS="1254" VPOS="829" WIDTH="228" HEIGHT="36" WC="0.95" CONTENT="lappmarken"/><SP WIDTH="24" VPOS="829" HPOS="1482"/>
							<String ID="string_142" HPOS="1506" VPOS="831" WIDTH="10" HEIGHT="29" WC="0.95" CONTENT="i"/><SP WIDTH="23" VPOS="831" HPOS="1516"/>
							<String ID="string_143" HPOS="1539" VPOS="830" WIDTH="153" HEIGHT="30" WC="0.96" CONTENT="nämnda"/><SP WIDTH="23" VPOS="830" HPOS="1692"/>
							<String ID="string_144" HPOS="1715" VPOS="830" WIDTH="57" HEIGHT="30" WC="0.91" CONTENT="län"/>
						</TextLine>
						<TextLine ID="line_14" HPOS="272" VPOS="878" WIDTH="1502" HEIGHT="39">
							<String ID="string_145" HPOS="272" VPOS="879" WIDTH="137" HEIGHT="36" WC="0.92" CONTENT="yppade"/><SP WIDTH="27" VPOS="879" HPOS="409"/>
							<String ID="string_146" HPOS="436" VPOS="878" WIDTH="361" HEIGHT="36" WC="0.89" CONTENT="missförhållandena,"/><SP WIDTH="33" VPOS="878" HPOS="797"/>
							<String ID="string_147" HPOS="830" VPOS="883" WIDTH="87" HEIGHT="28" WC="0.96" CONTENT="samt"/><SP WIDTH="30" VPOS="883" HPOS="917"/>
							<String ID="string_148" HPOS="947" VPOS="880" WIDTH="150" HEIGHT="30" WC="0.95" CONTENT="rörande"/><SP WIDTH="27" VPOS="880" HPOS="1097"/>
							<String ID="string_149" HPOS="1124" VPOS="881" WIDTH="42" HEIGHT="30" WC="0.96" CONTENT="de"/><SP WIDTH="28" VPOS="881" HPOS="1166"/>
							<String ID="string_150" HPOS="1194" VPOS="880" WIDTH="195" HEIGHT="37" WC="0.96" CONTENT="kostnader,"/><SP WIDTH="30" VPOS="880" HPOS="1389"/>
							<String ID="string_151" HPOS="1419" VPOS="890" WIDTH="74" HEIGHT="21" WC="0.96" CONTENT="som"/><SP WIDTH="30" VPOS="890" HPOS="1493"/>
							<String ID="string_152" HPOS="1523" VPOS="880" WIDTH="106" HEIGHT="31" WC="0.96" CONTENT="därav"/><SP WIDTH="28" VPOS="880" HPOS="1629"/>
							<String ID="string_153" HPOS="1657" VPOS="881" WIDTH="117" HEIGHT="29" WC="0.96" CONTENT="kunde"/>
						</TextLine>
						<TextLine ID="line_15" HPOS="271" VPOS="929" WIDTH="1503" HEIGHT="40">
							<String ID="string_154" HPOS="271" VPOS="929" WIDTH="207" HEIGHT="31" WC="0.91" CONTENT="föranledas."/><SP WIDTH="23" VPOS="929" HPOS="478"/>
							<String ID="string_155" HPOS="501" VPOS="930" WIDTH="242" HEIGHT="36" WC="0.95" CONTENT="Utredningen,"/><SP WIDTH="22" VPOS="930" HPOS="743"/>
							<String ID="string_156" HPOS="765" VPOS="940" WIDTH="75" HEIGHT="21" WC="0.96" CONTENT="som"/><SP WIDTH="19" VPOS="940" HPOS="840"/>
							<String ID="string_157" HPOS="859" VPOS="931" WIDTH="11" HEIGHT="30" WC="0.95" CONTENT="i"/><SP WIDTH="19" VPOS="931" HPOS="870"/>
							<String ID="string_158" HPOS="889" VPOS="931" WIDTH="55" HEIGHT="29" WC="0.95" CONTENT="det"/><SP WIDTH="19" VPOS="931" HPOS="944"/>
							<String ID="string_159" HPOS="963" VPOS="930" WIDTH="156" HEIGHT="39" WC="0.96" CONTENT="följande"/><SP WIDTH="20" VPOS="930" HPOS="1119"/>
							<String ID="string_160" HPOS="1139" VPOS="931" WIDTH="190" HEIGHT="31" WC="0.93" CONTENT="benämnes"/><SP WIDTH="19" VPOS="931" HPOS="1329"/>
							<String ID="string_161" HPOS="1348" VPOS="931" WIDTH="426" HEIGHT="37" WC="0.91" CONTENT="Norrbottensutredning-"/>
						</TextLine>
						<TextLine ID="line_16" HPOS="271" VPOS="981" WIDTH="1501" HEIGHT="37">
							<String ID="string_162" HPOS="271" VPOS="990" WIDTH="53" HEIGHT="28" WC="0.95" CONTENT="en,"/><SP WIDTH="28" VPOS="990" HPOS="324"/>
							<String ID="string_163" HPOS="352" VPOS="989" WIDTH="107" HEIGHT="28" WC="0.96" CONTENT="avgav"/><SP WIDTH="27" VPOS="989" HPOS="459"/>
							<String ID="string_164" HPOS="486" VPOS="982" WIDTH="67" HEIGHT="29" WC="0.96" CONTENT="den"/><SP WIDTH="28" VPOS="982" HPOS="553"/>
							<String ID="string_165" HPOS="581" VPOS="982" WIDTH="41" HEIGHT="29" WC="0.96" CONTENT="29"/><SP WIDTH="28" VPOS="982" HPOS="622"/>
							<String ID="string_166" HPOS="650" VPOS="981" WIDTH="180" HEIGHT="31" WC="0.95" CONTENT="december"/><SP WIDTH="32" VPOS="981" HPOS="830"/>
							<String ID="string_167" HPOS="862" VPOS="982" WIDTH="81" HEIGHT="29" WC="0.95" CONTENT="1935"/><SP WIDTH="25" VPOS="982" HPOS="943"/>
							<String ID="string_168" HPOS="968" VPOS="982" WIDTH="221" HEIGHT="30" WC="0.96" CONTENT="betänkande"/><SP WIDTH="27" VPOS="982" HPOS="1189"/>
							<String ID="string_169" HPOS="1216" VPOS="983" WIDTH="10" HEIGHT="29" WC="0.96" CONTENT="i"/><SP WIDTH="29" VPOS="983" HPOS="1226"/>
							<String ID="string_170" HPOS="1255" VPOS="983" WIDTH="126" HEIGHT="29" WC="0.95" CONTENT="ämnet."/><SP WIDTH="29" VPOS="983" HPOS="1381"/>
							<String ID="string_171" HPOS="1410" VPOS="982" WIDTH="181" HEIGHT="36" WC="0.96" CONTENT="Samtidigt"/><SP WIDTH="27" VPOS="982" HPOS="1591"/>
							<String ID="string_172" HPOS="1618" VPOS="983" WIDTH="79" HEIGHT="30" WC="0.96" CONTENT="med"/><SP WIDTH="28" VPOS="983" HPOS="1697"/>
							<String ID="string_173" HPOS="1725" VPOS="985" WIDTH="47" HEIGHT="27" WC="0.96" CONTENT="ati"/>
						</TextLine>
						<TextLine ID="line_17" HPOS="271" VPOS="1032" WIDTH="1501" HEIGHT="37">
							<String ID="string_174" HPOS="271" VPOS="1032" WIDTH="123" HEIGHT="36" WC="0.95" CONTENT="Kungl."/><SP WIDTH="26" VPOS="1032" HPOS="394"/>
							<String ID="string_175" HPOS="420" VPOS="1032" WIDTH="100" HEIGHT="36" WC="0.96" CONTENT="Maj:t"/><SP WIDTH="21" VPOS="1032" HPOS="520"/>
							<String ID="string_176" HPOS="541" VPOS="1040" WIDTH="66" HEIGHT="29" WC="0.96" CONTENT="gav"/><SP WIDTH="20" VPOS="1040" HPOS="607"/>
							<String ID="string_177" HPOS="627" VPOS="1033" WIDTH="148" HEIGHT="30" WC="0.96" CONTENT="berörda"/><SP WIDTH="23" VPOS="1033" HPOS="775"/>
							<String ID="string_178" HPOS="798" VPOS="1032" WIDTH="158" HEIGHT="37" WC="0.96" CONTENT="uppdrag"/><SP WIDTH="23" VPOS="1032" HPOS="956"/>
							<String ID="string_179" HPOS="979" VPOS="1032" WIDTH="35" HEIGHT="31" WC="0.96" CONTENT="åt"/><SP WIDTH="19" VPOS="1032" HPOS="1014"/>
							<String ID="string_180" HPOS="1033" VPOS="1033" WIDTH="244" HEIGHT="36" WC="0.96" CONTENT="länsstyrelsen"/><SP WIDTH="22" VPOS="1033" HPOS="1277"/>
							<String ID="string_181" HPOS="1299" VPOS="1034" WIDTH="10" HEIGHT="29" WC="0.96" CONTENT="i"/><SP WIDTH="24" VPOS="1034" HPOS="1309"/>
							<String ID="string_182" HPOS="1333" VPOS="1033" WIDTH="224" HEIGHT="31" WC="0.96" CONTENT="Norrbottens"/><SP WIDTH="21" VPOS="1033" HPOS="1557"/>
							<String ID="string_183" HPOS="1578" VPOS="1033" WIDTH="68" HEIGHT="36" WC="0.93" CONTENT="län,"/><SP WIDTH="22" VPOS="1033" HPOS="1646"/>
							<String ID="string_184" HPOS="1668" VPOS="1034" WIDTH="104" HEIGHT="30" WC="0.92" CONTENT="anbe-"/>
						</TextLine>
						<TextLine ID="line_18" HPOS="270" VPOS="1083" WIDTH="1503" HEIGHT="37">
							<String ID="string_185" HPOS="270" VPOS="1083" WIDTH="123" HEIGHT="31" WC="0.91" CONTENT="falldes"/><SP WIDTH="21" VPOS="1083" HPOS="393"/>
							<String ID="string_186" HPOS="414" VPOS="1083" WIDTH="282" HEIGHT="37" WC="0.96" CONTENT="länsstyrelserna"/><SP WIDTH="19" VPOS="1083" HPOS="696"/>
							<String ID="string_187" HPOS="715" VPOS="1083" WIDTH="11" HEIGHT="30" WC="0.96" CONTENT="i"/><SP WIDTH="20" VPOS="1083" HPOS="726"/>
							<String ID="string_188" HPOS="746" VPOS="1083" WIDTH="256" HEIGHT="32" WC="0.96" CONTENT="Västerbottens"/><SP WIDTH="20" VPOS="1083" HPOS="1002"/>
							<String ID="string_189" HPOS="1022" VPOS="1084" WIDTH="66" HEIGHT="30" WC="0.96" CONTENT="och"/><SP WIDTH="22" VPOS="1084" HPOS="1088"/>
							<String ID="string_190" HPOS="1110" VPOS="1084" WIDTH="195" HEIGHT="30" WC="0.96" CONTENT="Jämtlands"/><SP WIDTH="18" VPOS="1084" HPOS="1305"/>
							<String ID="string_191" HPOS="1323" VPOS="1084" WIDTH="58" HEIGHT="30" WC="0.96" CONTENT="län"/><SP WIDTH="22" VPOS="1084" HPOS="1381"/>
							<String ID="string_192" HPOS="1403" VPOS="1093" WIDTH="61" HEIGHT="21" WC="0.96" CONTENT="var"/><SP WIDTH="18" VPOS="1093" HPOS="1464"/>
							<String ID="string_193" HPOS="1482" VPOS="1083" WIDTH="57" HEIGHT="30" WC="0.96" CONTENT="för"/><SP WIDTH="16" VPOS="1083" HPOS="1539"/>
							<String ID="string_194" HPOS="1555" VPOS="1084" WIDTH="53" HEIGHT="36" WC="0.96" CONTENT="sig"/><SP WIDTH="17" VPOS="1084" HPOS="1608"/>
							<String ID="string_195" HPOS="1625" VPOS="1087" WIDTH="49" HEIGHT="27" WC="0.96" CONTENT="att"/><SP WIDTH="19" VPOS="1087" HPOS="1674"/>
							<String ID="string_196" HPOS="1693" VPOS="1084" WIDTH="10" HEIGHT="30" WC="0.93" CONTENT="i"/><SP WIDTH="19" VPOS="1084" HPOS="1703"/>
							<String ID="string_197" HPOS="1722" VPOS="1093" WIDTH="51" HEIGHT="21" WC="0.91" CONTENT="er-"/>
						</TextLine>
						<TextLine ID="line_19" HPOS="270" VPOS="1134" WIDTH="1503" HEIGHT="37">
							<String ID="string_198" HPOS="270" VPOS="1134" WIDTH="165" HEIGHT="36" WC="0.92" CONTENT="forderlig"/><SP WIDTH="29" VPOS="1134" HPOS="435"/>
							<String ID="string_199" HPOS="464" VPOS="1134" WIDTH="210" HEIGHT="37" WC="0.96" CONTENT="omfattning"/><SP WIDTH="29" VPOS="1134" HPOS="674"/>
							<String ID="string_200" HPOS="703" VPOS="1135" WIDTH="187" HEIGHT="30" WC="0.96" CONTENT="verkställa"/><SP WIDTH="28" VPOS="1135" HPOS="890"/>
							<String ID="string_201" HPOS="918" VPOS="1135" WIDTH="184" HEIGHT="36" WC="0.96" CONTENT="utredning"/><SP WIDTH="29" VPOS="1135" HPOS="1102"/>
							<String ID="string_202" HPOS="1131" VPOS="1134" WIDTH="179" HEIGHT="37" WC="0.95" CONTENT="angående"/><SP WIDTH="29" VPOS="1134" HPOS="1310"/>
							<String ID="string_203" HPOS="1339" VPOS="1136" WIDTH="43" HEIGHT="29" WC="0.93" CONTENT="de"/><SP WIDTH="29" VPOS="1136" HPOS="1382"/>
							<String ID="string_204" HPOS="1411" VPOS="1134" WIDTH="168" HEIGHT="37" WC="0.3" CONTENT="å:gärder,"/><SP WIDTH="32" VPOS="1134" HPOS="1579"/>
							<String ID="string_205" HPOS="1611" VPOS="1144" WIDTH="75" HEIGHT="21" WC="0.96" CONTENT="som"/><SP WIDTH="31" VPOS="1144" HPOS="1686"/>
							<String ID="string_206" HPOS="1717" VPOS="1135" WIDTH="56" HEIGHT="30" WC="0.95" CONTENT="för"/>
						</TextLine>
						<TextLine ID="line_20" HPOS="270" VPOS="1185" WIDTH="1502" HEIGHT="37">
							<String ID="string_207" HPOS="270" VPOS="1185" WIDTH="217" HEIGHT="37" WC="0.95" CONTENT="överskådlig"/><SP WIDTH="35" VPOS="1185" HPOS="487"/>
							<String ID="string_208" HPOS="522" VPOS="1186" WIDTH="51" HEIGHT="32" WC="0.95" CONTENT="tid"/><SP WIDTH="36" VPOS="1186" HPOS="573"/>
							<String ID="string_209" HPOS="609" VPOS="1186" WIDTH="116" HEIGHT="30" WC="0.96" CONTENT="kunde"/><SP WIDTH="34" VPOS="1186" HPOS="725"/>
							<String ID="string_210" HPOS="759" VPOS="1186" WIDTH="136" HEIGHT="31" WC="0.96" CONTENT="behöva"/><SP WIDTH="34" VPOS="1186" HPOS="895"/>
							<String ID="string_211" HPOS="929" VPOS="1185" WIDTH="155" HEIGHT="37" WC="0.96" CONTENT="vidtagas"/><SP WIDTH="36" VPOS="1185" HPOS="1084"/>
							<String ID="string_212" HPOS="1120" VPOS="1186" WIDTH="51" HEIGHT="30" WC="0.93" CONTENT="till"/><SP WIDTH="34" VPOS="1186" HPOS="1171"/>
							<String ID="string_213" HPOS="1205" VPOS="1186" WIDTH="233" HEIGHT="30" WC="0.90" CONTENT="renskötselns"/><SP WIDTH="39" VPOS="1186" HPOS="1438"/>
							<String ID="string_214" HPOS="1477" VPOS="1185" WIDTH="295" HEIGHT="37" WC="0.95" CONTENT="ändamålsenliga"/>
						</TextLine>
						<TextLine ID="line_21" HPOS="269" VPOS="1236" WIDTH="1504" HEIGHT="36">
							<String ID="string_215" HPOS="269" VPOS="1236" WIDTH="239" HEIGHT="31" WC="0.91" CONTENT="bedrivande"/><SP WIDTH="-15" VPOS="1236" HPOS="508"/>
							<String ID="string_216" HPOS="493" VPOS="1232" WIDTH="20" HEIGHT="44" WC="0.96" CONTENT="i"/><SP WIDTH="17" VPOS="1232" HPOS="513"/>
							<String ID="string_217" HPOS="530" VPOS="1236" WIDTH="258" HEIGHT="31" WC="0.96" CONTENT="vederbörande"/><SP WIDTH="19" VPOS="1236" HPOS="788"/>
							<String ID="string_218" HPOS="807" VPOS="1237" WIDTH="68" HEIGHT="35" WC="0.96" CONTENT="län,"/><SP WIDTH="24" VPOS="1237" HPOS="875"/>
							<String ID="string_219" HPOS="899" VPOS="1237" WIDTH="64" HEIGHT="30" WC="0.96" CONTENT="och"/><SP WIDTH="20" VPOS="1237" HPOS="963"/>
							<String ID="string_220" HPOS="983" VPOS="1237" WIDTH="149" HEIGHT="30" WC="0.96" CONTENT="rörande"/><SP WIDTH="21" VPOS="1237" HPOS="1132"/>
							<String ID="string_221" HPOS="1153" VPOS="1236" WIDTH="41" HEIGHT="31" WC="0.96" CONTENT="de"/><SP WIDTH="21" VPOS="1236" HPOS="1194"/>
							<String ID="string_222" HPOS="1215" VPOS="1237" WIDTH="196" HEIGHT="35" WC="0.96" CONTENT="kostnader,"/><SP WIDTH="20" VPOS="1237" HPOS="1411"/>
							<String ID="string_223" HPOS="1431" VPOS="1246" WIDTH="75" HEIGHT="21" WC="0.96" CONTENT="som"/><SP WIDTH="22" VPOS="1246" HPOS="1506"/>
							<String ID="string_224" HPOS="1528" VPOS="1237" WIDTH="107" HEIGHT="30" WC="0.96" CONTENT="därav"/><SP WIDTH="22" VPOS="1237" HPOS="1635"/>
							<String ID="string_225" HPOS="1657" VPOS="1237" WIDTH="116" HEIGHT="30" WC="0.96" CONTENT="kunde"/>
						</TextLine>
						<TextLine ID="line_22" HPOS="269" VPOS="1287" WIDTH="1502" HEIGHT="37">
							<String ID="string_226" HPOS="269" VPOS="1287" WIDTH="207" HEIGHT="31" WC="0.91" CONTENT="föranledas."/><SP WIDTH="23" VPOS="1287" HPOS="476"/>
							<String ID="string_227" HPOS="499" VPOS="1287" WIDTH="80" HEIGHT="32" WC="0.96" CONTENT="Med"/><SP WIDTH="21" VPOS="1287" HPOS="579"/>
							<String ID="string_228" HPOS="600" VPOS="1287" WIDTH="186" HEIGHT="37" WC="0.96" CONTENT="anledning"/><SP WIDTH="20" VPOS="1287" HPOS="786"/>
							<String ID="string_229" HPOS="806" VPOS="1288" WIDTH="107" HEIGHT="29" WC="0.96" CONTENT="härav"/><SP WIDTH="20" VPOS="1288" HPOS="913"/>
							<String ID="string_230" HPOS="933" VPOS="1288" WIDTH="46" HEIGHT="30" WC="0.96" CONTENT="ha"/><SP WIDTH="21" VPOS="1288" HPOS="979"/>
							<String ID="string_231" HPOS="1000" VPOS="1297" WIDTH="42" HEIGHT="20" WC="0.96" CONTENT="av"/><SP WIDTH="21" VPOS="1297" HPOS="1042"/>
							<String ID="string_232" HPOS="1063" VPOS="1288" WIDTH="244" HEIGHT="35" WC="0.96" CONTENT="länsstyrelsen"/><SP WIDTH="20" VPOS="1288" HPOS="1307"/>
							<String ID="string_233" HPOS="1327" VPOS="1288" WIDTH="11" HEIGHT="30" WC="0.96" CONTENT="i"/><SP WIDTH="20" VPOS="1288" HPOS="1338"/>
							<String ID="string_234" HPOS="1358" VPOS="1287" WIDTH="257" HEIGHT="32" WC="0.96" CONTENT="Västerbottens"/><SP WIDTH="20" VPOS="1287" HPOS="1615"/>
							<String ID="string_235" HPOS="1635" VPOS="1288" WIDTH="59" HEIGHT="30" WC="0.93" CONTENT="län"/><SP WIDTH="22" VPOS="1288" HPOS="1694"/>
							<String ID="string_236" HPOS="1716" VPOS="1297" WIDTH="55" HEIGHT="21" WC="0.91" CONTENT="av-"/>
						</TextLine>
						<TextLine ID="line_23" HPOS="267" VPOS="1337" WIDTH="1504" HEIGHT="37">
							<String ID="string_237" HPOS="267" VPOS="1338" WIDTH="101" HEIGHT="36" WC="0.96" CONTENT="givits"/><SP WIDTH="21" VPOS="1338" HPOS="368"/>
							<String ID="string_238" HPOS="389" VPOS="1338" WIDTH="56" HEIGHT="31" WC="0.96" CONTENT="två"/><SP WIDTH="20" VPOS="1338" HPOS="445"/>
							<String ID="string_239" HPOS="465" VPOS="1339" WIDTH="171" HEIGHT="30" WC="0.96" CONTENT="särskilda"/><SP WIDTH="18" VPOS="1339" HPOS="636"/>
							<String ID="string_240" HPOS="654" VPOS="1339" WIDTH="66" HEIGHT="30" WC="0.96" CONTENT="den"/><SP WIDTH="22" VPOS="1339" HPOS="720"/>
							<String ID="string_241" HPOS="742" VPOS="1339" WIDTH="42" HEIGHT="29" WC="0.96" CONTENT="26"/><SP WIDTH="21" VPOS="1339" HPOS="784"/>
							<String ID="string_242" HPOS="805" VPOS="1338" WIDTH="71" HEIGHT="36" WC="0.96" CONTENT="maj"/><SP WIDTH="25" VPOS="1338" HPOS="876"/>
							<String ID="string_243" HPOS="901" VPOS="1338" WIDTH="81" HEIGHT="30" WC="0.91" CONTENT="1939"/><SP WIDTH="21" VPOS="1338" HPOS="982"/>
							<String ID="string_244" HPOS="1003" VPOS="1338" WIDTH="236" HEIGHT="36" WC="0.91" CONTENT="dagtecknade"/><SP WIDTH="19" VPOS="1338" HPOS="1239"/>
							<String ID="string_245" HPOS="1258" VPOS="1337" WIDTH="202" HEIGHT="31" WC="0.93" CONTENT="utlåtanden"/><SP WIDTH="21" VPOS="1337" HPOS="1460"/>
							<String ID="string_246" HPOS="1481" VPOS="1337" WIDTH="290" HEIGHT="37" WC="0.92" CONTENT="(Västerbottens-"/>
						</TextLine>
						<TextLine ID="line_24" HPOS="269" VPOS="1389" WIDTH="1502" HEIGHT="38">
							<String ID="string_247" HPOS="269" VPOS="1389" WIDTH="253" HEIGHT="37" WC="0.95" CONTENT="utredningen)."/><SP WIDTH="30" VPOS="1389" HPOS="522"/>
							<String ID="string_248" HPOS="552" VPOS="1389" WIDTH="261" HEIGHT="37" WC="0.95" CONTENT="Länsstyrelsen"/><SP WIDTH="22" VPOS="1389" HPOS="813"/>
							<String ID="string_249" HPOS="835" VPOS="1389" WIDTH="13" HEIGHT="32" WC="0.96" CONTENT="i"/><SP WIDTH="26" VPOS="1389" HPOS="848"/>
							<String ID="string_250" HPOS="874" VPOS="1389" WIDTH="192" HEIGHT="30" WC="0.96" CONTENT="Jämtlands"/><SP WIDTH="25" VPOS="1389" HPOS="1066"/>
							<String ID="string_251" HPOS="1091" VPOS="1389" WIDTH="67" HEIGHT="35" WC="0.96" CONTENT="län,"/><SP WIDTH="27" VPOS="1389" HPOS="1158"/>
							<String ID="string_252" HPOS="1185" VPOS="1398" WIDTH="75" HEIGHT="21" WC="0.96" CONTENT="som"/><SP WIDTH="26" VPOS="1398" HPOS="1260"/>
							<String ID="string_253" HPOS="1286" VPOS="1399" WIDTH="42" HEIGHT="20" WC="0.96" CONTENT="av"/><SP WIDTH="26" VPOS="1399" HPOS="1328"/>
							<String ID="string_254" HPOS="1354" VPOS="1389" WIDTH="121" HEIGHT="36" WC="0.95" CONTENT="Kungl."/><SP WIDTH="29" VPOS="1389" HPOS="1475"/>
							<String ID="string_255" HPOS="1504" VPOS="1389" WIDTH="102" HEIGHT="38" WC="0.93" CONTENT="Maj:t"/><SP WIDTH="23" VPOS="1389" HPOS="1606"/>
							<String ID="string_256" HPOS="1629" VPOS="1390" WIDTH="142" HEIGHT="36" WC="0.91" CONTENT="bemyn-"/>
						</TextLine>
						<TextLine ID="line_25" HPOS="268" VPOS="1439" WIDTH="1504" HEIGHT="38">
							<String ID="string_257" HPOS="268" VPOS="1440" WIDTH="111" HEIGHT="37" WC="0.91" CONTENT="digats"/><SP WIDTH="20" VPOS="1440" HPOS="379"/>
							<String ID="string_258" HPOS="399" VPOS="1440" WIDTH="145" HEIGHT="31" WC="0.96" CONTENT="tillkalla"/><SP WIDTH="23" VPOS="1440" HPOS="544"/>
							<String ID="string_259" HPOS="567" VPOS="1440" WIDTH="148" HEIGHT="31" WC="0.96" CONTENT="särskild"/><SP WIDTH="19" VPOS="1440" HPOS="715"/>
							<String ID="string_260" HPOS="734" VPOS="1439" WIDTH="198" HEIGHT="37" WC="0.96" CONTENT="sakkunnig"/><SP WIDTH="21" VPOS="1439" HPOS="932"/>
							<String ID="string_261" HPOS="953" VPOS="1443" WIDTH="48" HEIGHT="27" WC="0.96" CONTENT="att"/><SP WIDTH="23" VPOS="1443" HPOS="1001"/>
							<String ID="string_262" HPOS="1024" VPOS="1440" WIDTH="134" HEIGHT="36" WC="0.96" CONTENT="deltaga"/><SP WIDTH="21" VPOS="1440" HPOS="1158"/>
							<String ID="string_263" HPOS="1179" VPOS="1441" WIDTH="10" HEIGHT="29" WC="0.96" CONTENT="i"/><SP WIDTH="21" VPOS="1441" HPOS="1189"/>
							<String ID="string_264" HPOS="1210" VPOS="1440" WIDTH="261" HEIGHT="36" WC="0.96" CONTENT="länsstyrelsens"/><SP WIDTH="22" VPOS="1440" HPOS="1471"/>
							<String ID="string_265" HPOS="1493" VPOS="1440" WIDTH="192" HEIGHT="37" WC="0.96" CONTENT="utredning,"/><SP WIDTH="22" VPOS="1440" HPOS="1685"/>
							<String ID="string_266" HPOS="1707" VPOS="1440" WIDTH="65" HEIGHT="30" WC="0.96" CONTENT="har"/>
						</TextLine>
						<TextLine ID="line_26" HPOS="269" VPOS="1490" WIDTH="1502" HEIGHT="38">
							<String ID="string_267" HPOS="269" VPOS="1492" WIDTH="9" HEIGHT="31" WC="0.96" CONTENT="i"/><SP WIDTH="24" VPOS="1492" HPOS="278"/>
							<String ID="string_268" HPOS="302" VPOS="1492" WIDTH="162" HEIGHT="32" WC="0.96" CONTENT="skrivelse"/><SP WIDTH="21" VPOS="1492" HPOS="464"/>
							<String ID="string_269" HPOS="485" VPOS="1493" WIDTH="68" HEIGHT="30" WC="0.96" CONTENT="den"/><SP WIDTH="23" VPOS="1493" HPOS="553"/>
							<String ID="string_270" HPOS="576" VPOS="1492" WIDTH="38" HEIGHT="30" WC="0.96" CONTENT="15"/><SP WIDTH="21" VPOS="1492" HPOS="614"/>
							<String ID="string_271" HPOS="635" VPOS="1491" WIDTH="76" HEIGHT="37" WC="0.96" CONTENT="juni"/><SP WIDTH="24" VPOS="1491" HPOS="711"/>
							<String ID="string_272" HPOS="735" VPOS="1491" WIDTH="85" HEIGHT="30" WC="0.95" CONTENT="1940"/><SP WIDTH="24" VPOS="1491" HPOS="820"/>
							<String ID="string_273" HPOS="844" VPOS="1491" WIDTH="162" HEIGHT="35" WC="0.96" CONTENT="framlagt"/><SP WIDTH="18" VPOS="1491" HPOS="1006"/>
							<String ID="string_274" HPOS="1024" VPOS="1491" WIDTH="176" HEIGHT="30" WC="0.96" CONTENT="resultatet"/><SP WIDTH="22" VPOS="1491" HPOS="1200"/>
							<String ID="string_275" HPOS="1222" VPOS="1500" WIDTH="43" HEIGHT="21" WC="0.96" CONTENT="av"/><SP WIDTH="22" VPOS="1500" HPOS="1265"/>
							<String ID="string_276" HPOS="1287" VPOS="1490" WIDTH="57" HEIGHT="31" WC="0.96" CONTENT="sitt"/><SP WIDTH="21" VPOS="1490" HPOS="1344"/>
							<String ID="string_277" HPOS="1365" VPOS="1491" WIDTH="117" HEIGHT="30" WC="0.93" CONTENT="arbete"/><SP WIDTH="21" VPOS="1491" HPOS="1482"/>
							<String ID="string_278" HPOS="1503" VPOS="1490" WIDTH="268" HEIGHT="37" WC="0.92" CONTENT="(Jämtlandsut-"/>
						</TextLine>
						<TextLine ID="line_27" HPOS="268" VPOS="1541" WIDTH="1503" HEIGHT="40">
							<String ID="string_279" HPOS="268" VPOS="1543" WIDTH="214" HEIGHT="38" WC="0.91" CONTENT="redningen)."/><SP WIDTH="31" VPOS="1543" HPOS="482"/>
							<String ID="string_280" HPOS="513" VPOS="1544" WIDTH="5" HEIGHT="29" WC="0.96" CONTENT="I"/><SP WIDTH="23" VPOS="1544" HPOS="518"/>
							<String ID="string_281" HPOS="541" VPOS="1543" WIDTH="42" HEIGHT="30" WC="0.96" CONTENT="de"/><SP WIDTH="20" VPOS="1543" HPOS="583"/>
							<String ID="string_282" HPOS="603" VPOS="1543" WIDTH="153" HEIGHT="30" WC="0.96" CONTENT="nämnda"/><SP WIDTH="20" VPOS="1543" HPOS="756"/>
							<String ID="string_283" HPOS="776" VPOS="1542" WIDTH="270" HEIGHT="36" WC="0.96" CONTENT="utredningarna"/><SP WIDTH="20" VPOS="1542" HPOS="1046"/>
							<String ID="string_284" HPOS="1066" VPOS="1542" WIDTH="191" HEIGHT="30" WC="0.96" CONTENT="avhandlas"/><SP WIDTH="20" VPOS="1542" HPOS="1257"/>
							<String ID="string_285" HPOS="1277" VPOS="1551" WIDTH="43" HEIGHT="20" WC="0.96" CONTENT="en"/><SP WIDTH="22" VPOS="1551" HPOS="1320"/>
							<String ID="string_286" HPOS="1342" VPOS="1541" WIDTH="181" HEIGHT="37" WC="0.96" CONTENT="mångfald"/><SP WIDTH="22" VPOS="1541" HPOS="1523"/>
							<String ID="string_287" HPOS="1545" VPOS="1541" WIDTH="127" HEIGHT="37" WC="0.96" CONTENT="frågor,"/><SP WIDTH="24" VPOS="1541" HPOS="1672"/>
							<String ID="string_288" HPOS="1696" VPOS="1551" WIDTH="75" HEIGHT="22" WC="0.96" CONTENT="som"/>
						</TextLine>
						<TextLine ID="line_28" HPOS="267" VPOS="1592" WIDTH="1504" HEIGHT="37">
							<String ID="string_289" HPOS="267" VPOS="1596" WIDTH="124" HEIGHT="30" WC="0.96" CONTENT="beröra"/><SP WIDTH="28" VPOS="1596" HPOS="391"/>
							<String ID="string_290" HPOS="419" VPOS="1595" WIDTH="42" HEIGHT="30" WC="0.96" CONTENT="de"/><SP WIDTH="27" VPOS="1595" HPOS="461"/>
							<String ID="string_291" HPOS="488" VPOS="1594" WIDTH="234" HEIGHT="30" WC="0.96" CONTENT="renskötande"/><SP WIDTH="25" VPOS="1594" HPOS="722"/>
							<String ID="string_292" HPOS="747" VPOS="1593" WIDTH="170" HEIGHT="36" WC="0.96" CONTENT="lapparna"/><SP WIDTH="29" VPOS="1593" HPOS="917"/>
							<String ID="string_293" HPOS="946" VPOS="1593" WIDTH="66" HEIGHT="30" WC="0.96" CONTENT="och"/><SP WIDTH="29" VPOS="1593" HPOS="1012"/>
							<String ID="string_294" HPOS="1041" VPOS="1592" WIDTH="98" HEIGHT="31" WC="0.95" CONTENT="deras"/><SP WIDTH="28" VPOS="1592" HPOS="1139"/>
							<String ID="string_295" HPOS="1167" VPOS="1593" WIDTH="134" HEIGHT="35" WC="0.96" CONTENT="näring,"/><SP WIDTH="29" VPOS="1593" HPOS="1301"/>
							<String ID="string_296" HPOS="1330" VPOS="1593" WIDTH="163" HEIGHT="30" WC="0.95" CONTENT="ävensom"/><SP WIDTH="29" VPOS="1593" HPOS="1493"/>
							<String ID="string_297" HPOS="1522" VPOS="1592" WIDTH="249" HEIGHT="31" WC="0.96" CONTENT="förutvarande"/>
						</TextLine>
						<TextLine ID="line_29" HPOS="268" VPOS="1643" WIDTH="671" HEIGHT="38">
							<String ID="string_298" HPOS="268" VPOS="1646" WIDTH="231" HEIGHT="31" WC="0.93" CONTENT="renskötande"/><SP WIDTH="21" VPOS="1646" HPOS="499"/>
							<String ID="string_299" HPOS="520" VPOS="1646" WIDTH="141" HEIGHT="35" WC="0.90" CONTENT="lappars"/><SP WIDTH="24" VPOS="1646" HPOS="661"/>
							<String ID="string_300" HPOS="685" VPOS="1643" WIDTH="254" HEIGHT="31" WC="0.96" CONTENT="förhållanden."/>
						</TextLine>
					</TextBlock>
					<TextBlock ID="block_3" HPOS="266" VPOS="1694" WIDTH="1505" HEIGHT="344">
						<TextLine ID="line_30" HPOS="314" VPOS="1694" WIDTH="1455" HEIGHT="36">
							<String ID="string_301" HPOS="314" VPOS="1697" WIDTH="74" HEIGHT="31" WC="0.95" CONTENT="Den"/><SP WIDTH="22" VPOS="1697" HPOS="388"/>
							<String ID="string_302" HPOS="410" VPOS="1699" WIDTH="116" HEIGHT="29" WC="0.96" CONTENT="senast"/><SP WIDTH="22" VPOS="1699" HPOS="526"/>
							<String ID="string_303" HPOS="548" VPOS="1695" WIDTH="190" HEIGHT="31" WC="0.93" CONTENT="tillkallade"/><SP WIDTH="23" VPOS="1695" HPOS="738"/>
							<String ID="string_304" HPOS="761" VPOS="1694" WIDTH="354" HEIGHT="36" WC="0.92" CONTENT="utredningsmannen"/><SP WIDTH="24" VPOS="1694" HPOS="1115"/>
							<String ID="string_305" HPOS="1139" VPOS="1695" WIDTH="64" HEIGHT="29" WC="0.96" CONTENT="har"/><SP WIDTH="23" VPOS="1695" HPOS="1203"/>
							<String ID="string_306" HPOS="1226" VPOS="1695" WIDTH="66" HEIGHT="30" WC="0.96" CONTENT="den"/><SP WIDTH="27" VPOS="1695" HPOS="1292"/>
							<String ID="string_307" HPOS="1319" VPOS="1695" WIDTH="40" HEIGHT="29" WC="0.96" CONTENT="30"/><SP WIDTH="27" VPOS="1695" HPOS="1359"/>
							<String ID="string_308" HPOS="1386" VPOS="1695" WIDTH="194" HEIGHT="35" WC="0.96" CONTENT="september"/><SP WIDTH="26" VPOS="1695" HPOS="1580"/>
							<String ID="string_309" HPOS="1606" VPOS="1695" WIDTH="82" HEIGHT="29" WC="0.93" CONTENT="1942"/><SP WIDTH="24" VPOS="1695" HPOS="1688"/>
							<String ID="string_310" HPOS="1712" VPOS="1704" WIDTH="57" HEIGHT="20" WC="0.92" CONTENT="av-"/>
						</TextLine>
						<TextLine ID="line_31" HPOS="267" VPOS="1739" WIDTH="1504" HEIGHT="46">
							<String ID="string_311" HPOS="267" VPOS="1749" WIDTH="83" HEIGHT="36" WC="0.96" CONTENT="givit"/><SP WIDTH="25" VPOS="1749" HPOS="350"/>
							<String ID="string_312" HPOS="375" VPOS="1747" WIDTH="220" HEIGHT="32" WC="0.96" CONTENT="betänkande"/><SP WIDTH="28" VPOS="1747" HPOS="595"/>
							<String ID="string_313" HPOS="623" VPOS="1745" WIDTH="176" HEIGHT="37" WC="0.96" CONTENT="angående"/><SP WIDTH="27" VPOS="1745" HPOS="799"/>
							<String ID="string_314" HPOS="826" VPOS="1744" WIDTH="158" HEIGHT="37" WC="0.96" CONTENT="åtgärder"/><SP WIDTH="26" VPOS="1744" HPOS="984"/>
							<String ID="string_315" HPOS="1010" VPOS="1745" WIDTH="51" HEIGHT="30" WC="0.96" CONTENT="till"/><SP WIDTH="29" VPOS="1745" HPOS="1061"/>
							<String ID="string_316" HPOS="1090" VPOS="1745" WIDTH="75" HEIGHT="30" WC="0.96" CONTENT="stöd"/><SP WIDTH="26" VPOS="1745" HPOS="1165"/>
							<String ID="string_317" HPOS="1191" VPOS="1739" WIDTH="57" HEIGHT="36" WC="0.96" CONTENT="för"/><SP WIDTH="27" VPOS="1739" HPOS="1248"/>
							<String ID="string_318" HPOS="1275" VPOS="1745" WIDTH="42" HEIGHT="30" WC="0.96" CONTENT="de"/><SP WIDTH="27" VPOS="1745" HPOS="1317"/>
							<String ID="string_319" HPOS="1344" VPOS="1745" WIDTH="231" HEIGHT="30" WC="0.96" CONTENT="renskötande"/><SP WIDTH="27" VPOS="1745" HPOS="1575"/>
							<String ID="string_320" HPOS="1602" VPOS="1745" WIDTH="169" HEIGHT="36" WC="0.95" CONTENT="lapparna"/>
						</TextLine>
						<TextLine ID="line_32" HPOS="269" VPOS="1795" WIDTH="1502" HEIGHT="44">
							<String ID="string_321" HPOS="269" VPOS="1811" WIDTH="45" HEIGHT="21" WC="0.87" CONTENT="m."/><SP WIDTH="34" VPOS="1811" HPOS="314"/>
							<String ID="string_322" HPOS="348" VPOS="1810" WIDTH="45" HEIGHT="20" WC="0.91" CONTENT="m."/><SP WIDTH="41" VPOS="1810" HPOS="393"/>
							<String ID="string_323" HPOS="434" VPOS="1799" WIDTH="98" HEIGHT="40" WC="0.93" CONTENT="(SOU"/><SP WIDTH="25" VPOS="1799" HPOS="532"/>
							<String ID="string_324" HPOS="557" VPOS="1795" WIDTH="180" HEIGHT="39" WC="0.90" CONTENT="1942:41),"/><SP WIDTH="36" VPOS="1795" HPOS="737"/>
							<String ID="string_325" HPOS="773" VPOS="1797" WIDTH="219" HEIGHT="36" WC="0.96" CONTENT="upptagande"/><SP WIDTH="33" VPOS="1797" HPOS="992"/>
							<String ID="string_326" HPOS="1025" VPOS="1797" WIDTH="45" HEIGHT="31" WC="0.91" CONTENT="bl."/><SP WIDTH="25" VPOS="1797" HPOS="1070"/>
							<String ID="string_327" HPOS="1095" VPOS="1807" WIDTH="29" HEIGHT="22" WC="0.92" CONTENT="a."/><SP WIDTH="36" VPOS="1807" HPOS="1124"/>
							<String ID="string_328" HPOS="1160" VPOS="1796" WIDTH="130" HEIGHT="36" WC="0.96" CONTENT="förslag"/><SP WIDTH="33" VPOS="1796" HPOS="1290"/>
							<String ID="string_329" HPOS="1323" VPOS="1797" WIDTH="50" HEIGHT="29" WC="0.95" CONTENT="till"/><SP WIDTH="34" VPOS="1797" HPOS="1373"/>
							<String ID="string_330" HPOS="1407" VPOS="1797" WIDTH="188" HEIGHT="35" WC="0.96" CONTENT="ändringar"/><SP WIDTH="33" VPOS="1797" HPOS="1595"/>
							<String ID="string_331" HPOS="1628" VPOS="1797" WIDTH="11" HEIGHT="29" WC="0.96" CONTENT="i"/><SP WIDTH="33" VPOS="1797" HPOS="1639"/>
							<String ID="string_332" HPOS="1672" VPOS="1797" WIDTH="99" HEIGHT="35" WC="0.96" CONTENT="lagen"/>
						</TextLine>
						<TextLine ID="line_33" HPOS="270" VPOS="1847" WIDTH="1500" HEIGHT="37">
							<String ID="string_333" HPOS="270" VPOS="1861" WIDTH="58" HEIGHT="19" WC="0.95" CONTENT="om"/><SP WIDTH="23" VPOS="1861" HPOS="328"/>
							<String ID="string_334" HPOS="351" VPOS="1851" WIDTH="40" HEIGHT="29" WC="0.96" CONTENT="de"/><SP WIDTH="23" VPOS="1851" HPOS="391"/>
							<String ID="string_335" HPOS="414" VPOS="1850" WIDTH="147" HEIGHT="30" WC="0.93" CONTENT="svenska"/><SP WIDTH="22" VPOS="1850" HPOS="561"/>
							<String ID="string_336" HPOS="583" VPOS="1849" WIDTH="186" HEIGHT="35" WC="0.91" CONTENT="lapparnas"/><SP WIDTH="23" VPOS="1849" HPOS="769"/>
							<String ID="string_337" HPOS="792" VPOS="1849" WIDTH="69" HEIGHT="29" WC="0.96" CONTENT="rätt"/><SP WIDTH="20" VPOS="1849" HPOS="861"/>
							<String ID="string_338" HPOS="881" VPOS="1847" WIDTH="50" HEIGHT="30" WC="0.92" CONTENT="till"/><SP WIDTH="21" VPOS="1847" HPOS="931"/>
							<String ID="string_339" HPOS="952" VPOS="1847" WIDTH="139" HEIGHT="30" WC="0.92" CONTENT="renbete"/><SP WIDTH="23" VPOS="1847" HPOS="1091"/>
							<String ID="string_340" HPOS="1114" VPOS="1847" WIDTH="11" HEIGHT="29" WC="0.95" CONTENT="i"/><SP WIDTH="23" VPOS="1847" HPOS="1125"/>
							<String ID="string_341" HPOS="1148" VPOS="1847" WIDTH="145" HEIGHT="36" WC="0.96" CONTENT="Sverige."/><SP WIDTH="25" VPOS="1847" HPOS="1293"/>
							<String ID="string_342" HPOS="1318" VPOS="1847" WIDTH="124" HEIGHT="30" WC="0.96" CONTENT="Vidare"/><SP WIDTH="25" VPOS="1847" HPOS="1442"/>
							<String ID="string_343" HPOS="1467" VPOS="1848" WIDTH="65" HEIGHT="29" WC="0.93" CONTENT="har"/><SP WIDTH="23" VPOS="1848" HPOS="1532"/>
							<String ID="string_344" HPOS="1555" VPOS="1847" WIDTH="215" HEIGHT="36" WC="0.90" CONTENT="utrednings-"/>
						</TextLine>
						<TextLine ID="line_34" HPOS="268" VPOS="1897" WIDTH="1499" HEIGHT="36">
							<String ID="string_345" HPOS="268" VPOS="1909" WIDTH="150" HEIGHT="21" WC="0.96" CONTENT="mannen"/><SP WIDTH="24" VPOS="1909" HPOS="418"/>
							<String ID="string_346" HPOS="442" VPOS="1899" WIDTH="79" HEIGHT="30" WC="0.96" CONTENT="med"/><SP WIDTH="24" VPOS="1899" HPOS="521"/>
							<String ID="string_347" HPOS="545" VPOS="1898" WIDTH="161" HEIGHT="31" WC="0.96" CONTENT="skrivelse"/><SP WIDTH="24" VPOS="1898" HPOS="706"/>
							<String ID="string_348" HPOS="730" VPOS="1899" WIDTH="66" HEIGHT="29" WC="0.96" CONTENT="den"/><SP WIDTH="26" VPOS="1899" HPOS="796"/>
							<String ID="string_349" HPOS="822" VPOS="1898" WIDTH="38" HEIGHT="29" WC="0.95" CONTENT="27"/><SP WIDTH="28" VPOS="1898" HPOS="860"/>
							<String ID="string_350" HPOS="888" VPOS="1897" WIDTH="145" HEIGHT="30" WC="0.95" CONTENT="oktober"/><SP WIDTH="25" VPOS="1897" HPOS="1033"/>
							<String ID="string_351" HPOS="1058" VPOS="1897" WIDTH="82" HEIGHT="29" WC="0.96" CONTENT="1943"/><SP WIDTH="24" VPOS="1897" HPOS="1140"/>
							<String ID="string_352" HPOS="1164" VPOS="1897" WIDTH="215" HEIGHT="30" WC="0.96" CONTENT="överlämnat"/><SP WIDTH="22" VPOS="1897" HPOS="1379"/>
							<String ID="string_353" HPOS="1401" VPOS="1897" WIDTH="184" HEIGHT="36" WC="0.96" CONTENT="utredning"/><SP WIDTH="25" VPOS="1897" HPOS="1585"/>
							<String ID="string_354" HPOS="1610" VPOS="1897" WIDTH="65" HEIGHT="30" WC="0.93" CONTENT="och"/><SP WIDTH="24" VPOS="1897" HPOS="1675"/>
							<String ID="string_355" HPOS="1699" VPOS="1897" WIDTH="68" HEIGHT="30" WC="0.92" CONTENT="för-"/>
						</TextLine>
						<TextLine ID="line_35" HPOS="266" VPOS="1946" WIDTH="1505" HEIGHT="41">
							<String ID="string_356" HPOS="266" VPOS="1952" WIDTH="73" HEIGHT="35" WC="0.95" CONTENT="slag"/><SP WIDTH="24" VPOS="1952" HPOS="339"/>
							<String ID="string_357" HPOS="363" VPOS="1950" WIDTH="221" HEIGHT="31" WC="0.96" CONTENT="beträffande"/><SP WIDTH="26" VPOS="1950" HPOS="584"/>
							<String ID="string_358" HPOS="610" VPOS="1949" WIDTH="89" HEIGHT="30" WC="0.96" CONTENT="vissa"/><SP WIDTH="26" VPOS="1949" HPOS="699"/>
							<String ID="string_359" HPOS="725" VPOS="1948" WIDTH="80" HEIGHT="30" WC="0.92" CONTENT="med"/><SP WIDTH="26" VPOS="1948" HPOS="805"/>
							<String ID="string_360" HPOS="831" VPOS="1947" WIDTH="263" HEIGHT="36" WC="0.89" CONTENT="lappväsendets"/><SP WIDTH="26" VPOS="1947" HPOS="1094"/>
							<String ID="string_361" HPOS="1120" VPOS="1946" WIDTH="279" HEIGHT="31" WC="0.96" CONTENT="administration"/><SP WIDTH="26" VPOS="1946" HPOS="1399"/>
							<String ID="string_362" HPOS="1425" VPOS="1948" WIDTH="346" HEIGHT="35" WC="0.96" CONTENT="sammanhängande"/>
						</TextLine>
						<TextLine ID="line_36" HPOS="269" VPOS="1998" WIDTH="1278" HEIGHT="40">
							<String ID="string_363" HPOS="269" VPOS="2001" WIDTH="178" HEIGHT="37" WC="0.96" CONTENT="spörsmål,"/><SP WIDTH="24" VPOS="2001" HPOS="447"/>
							<String ID="string_364" HPOS="471" VPOS="2000" WIDTH="168" HEIGHT="31" WC="0.95" CONTENT="avseende"/><SP WIDTH="23" VPOS="2000" HPOS="639"/>
							<String ID="string_365" HPOS="662" VPOS="2000" WIDTH="44" HEIGHT="29" WC="0.95" CONTENT="bl."/><SP WIDTH="28" VPOS="2000" HPOS="706"/>
							<String ID="string_366" HPOS="734" VPOS="2009" WIDTH="29" HEIGHT="21" WC="0.95" CONTENT="a."/><SP WIDTH="25" VPOS="2009" HPOS="763"/>
							<String ID="string_367" HPOS="788" VPOS="1998" WIDTH="195" HEIGHT="37" WC="0.95" CONTENT="ytterligare"/><SP WIDTH="26" VPOS="1998" HPOS="983"/>
							<String ID="string_368" HPOS="1009" VPOS="2008" WIDTH="42" HEIGHT="21" WC="0.96" CONTENT="en"/><SP WIDTH="26" VPOS="2008" HPOS="1051"/>
							<String ID="string_369" HPOS="1077" VPOS="1999" WIDTH="146" HEIGHT="35" WC="0.96" CONTENT="ändring"/><SP WIDTH="24" VPOS="1999" HPOS="1223"/>
							<String ID="string_370" HPOS="1247" VPOS="1999" WIDTH="10" HEIGHT="30" WC="0.91" CONTENT="i"/><SP WIDTH="25" VPOS="1999" HPOS="1257"/>
							<String ID="string_371" HPOS="1282" VPOS="1999" WIDTH="265" HEIGHT="35" WC="0.91" CONTENT="renbeteslagen."/>
						</TextLine>
					</TextBlock>
				</ComposedBlock>
				<ComposedBlock ID="cblock_2" HPOS="745" VPOS="2138" WIDTH="530" HEIGHT="35">
					<TextBlock ID="block_4" HPOS="745" VPOS="2138" WIDTH="530" HEIGHT="35">
						<TextLine ID="line_37" HPOS="745" VPOS="2138" WIDTH="530" HEIGHT="35">
							<String ID="string_372" HPOS="745" VPOS="2138" WIDTH="191" HEIGHT="35" WC="0.95" CONTENT="Gällande"/><SP WIDTH="24" VPOS="2138" HPOS="936"/>
							<String ID="string_373" HPOS="960" VPOS="2138" WIDTH="315" HEIGHT="34" WC="0.96" CONTENT="bestämmelser."/>
						</TextLine>
					</TextBlock>
				</ComposedBlock>
				<ComposedBlock ID="cblock_3" HPOS="268" VPOS="2228" WIDTH="1503" HEIGHT="244">
					<TextBlock ID="block_5" HPOS="268" VPOS="2228" WIDTH="1503" HEIGHT="244">
						<TextLine ID="line_38" HPOS="314" VPOS="2228" WIDTH="1455" HEIGHT="40">
							<String ID="string_374" HPOS="314" VPOS="2233" WIDTH="201" HEIGHT="35" WC="0.91" CONTENT="Lapparnas"/><SP WIDTH="22" VPOS="2233" HPOS="515"/>
							<String ID="string_375" HPOS="537" VPOS="2230" WIDTH="214" HEIGHT="37" WC="0.95" CONTENT="privilegium"/><SP WIDTH="23" VPOS="2230" HPOS="751"/>
							<String ID="string_376" HPOS="774" VPOS="2232" WIDTH="49" HEIGHT="29" WC="0.91" CONTENT="att"/><SP WIDTH="20" VPOS="2232" HPOS="823"/>
							<String ID="string_377" HPOS="843" VPOS="2229" WIDTH="19" HEIGHT="30" WC="0.91" CONTENT="å"/><SP WIDTH="22" VPOS="2229" HPOS="862"/>
							<String ID="string_378" HPOS="884" VPOS="2230" WIDTH="89" HEIGHT="30" WC="0.96" CONTENT="vissa"/><SP WIDTH="20" VPOS="2230" HPOS="973"/>
							<String ID="string_379" HPOS="993" VPOS="2228" WIDTH="166" HEIGHT="31" WC="0.96" CONTENT="områden"/><SP WIDTH="22" VPOS="2228" HPOS="1159"/>
							<String ID="string_380" HPOS="1181" VPOS="2228" WIDTH="97" HEIGHT="31" WC="0.96" CONTENT="driva"/><SP WIDTH="20" VPOS="2228" HPOS="1278"/>
							<String ID="string_381" HPOS="1298" VPOS="2228" WIDTH="190" HEIGHT="31" WC="0.95" CONTENT="renskötsel"/><SP WIDTH="24" VPOS="2228" HPOS="1488"/>
							<String ID="string_382" HPOS="1512" VPOS="2232" WIDTH="89" HEIGHT="27" WC="0.95" CONTENT="samt"/><SP WIDTH="21" VPOS="2232" HPOS="1601"/>
							<String ID="string_383" HPOS="1622" VPOS="2232" WIDTH="50" HEIGHT="27" WC="0.93" CONTENT="att"/><SP WIDTH="21" VPOS="2232" HPOS="1672"/>
							<String ID="string_384" HPOS="1693" VPOS="2229" WIDTH="76" HEIGHT="30" WC="0.92" CONTENT="där-"/>
						</TextLine>
						<TextLine ID="line_39" HPOS="268" VPOS="2280" WIDTH="1500" HEIGHT="37">
							<String ID="string_385" HPOS="268" VPOS="2284" WIDTH="59" HEIGHT="30" WC="0.96" CONTENT="vid"/><SP WIDTH="19" VPOS="2284" HPOS="327"/>
							<String ID="string_386" HPOS="346" VPOS="2284" WIDTH="49" HEIGHT="30" WC="0.95" CONTENT="till"/><SP WIDTH="19" VPOS="2284" HPOS="395"/>
							<String ID="string_387" HPOS="414" VPOS="2281" WIDTH="184" HEIGHT="32" WC="0.95" CONTENT="underhåll"/><SP WIDTH="20" VPOS="2281" HPOS="598"/>
							<String ID="string_388" HPOS="618" VPOS="2292" WIDTH="41" HEIGHT="21" WC="0.96" CONTENT="av"/><SP WIDTH="20" VPOS="2292" HPOS="659"/>
							<String ID="string_389" HPOS="679" VPOS="2281" WIDTH="51" HEIGHT="36" WC="0.96" CONTENT="sig"/><SP WIDTH="18" VPOS="2281" HPOS="730"/>
							<String ID="string_390" HPOS="748" VPOS="2281" WIDTH="67" HEIGHT="30" WC="0.96" CONTENT="och"/><SP WIDTH="21" VPOS="2281" HPOS="815"/>
							<String ID="string_391" HPOS="836" VPOS="2289" WIDTH="146" HEIGHT="21" WC="0.96" CONTENT="renarna"/><SP WIDTH="19" VPOS="2289" HPOS="982"/>
							<String ID="string_392" HPOS="1001" VPOS="2281" WIDTH="154" HEIGHT="35" WC="0.96" CONTENT="begagna"/><SP WIDTH="20" VPOS="2281" HPOS="1155"/>
							<String ID="string_393" HPOS="1175" VPOS="2280" WIDTH="49" HEIGHT="35" WC="0.96" CONTENT="sig"/><SP WIDTH="20" VPOS="2280" HPOS="1224"/>
							<String ID="string_394" HPOS="1244" VPOS="2289" WIDTH="42" HEIGHT="20" WC="0.96" CONTENT="av"/><SP WIDTH="20" VPOS="2289" HPOS="1286"/>
							<String ID="string_395" HPOS="1306" VPOS="2280" WIDTH="80" HEIGHT="31" WC="0.96" CONTENT="land"/><SP WIDTH="21" VPOS="2280" HPOS="1386"/>
							<String ID="string_396" HPOS="1407" VPOS="2280" WIDTH="65" HEIGHT="30" WC="0.96" CONTENT="och"/><SP WIDTH="23" VPOS="2280" HPOS="1472"/>
							<String ID="string_397" HPOS="1495" VPOS="2282" WIDTH="116" HEIGHT="28" WC="0.96" CONTENT="vatten"/><SP WIDTH="23" VPOS="2282" HPOS="1611"/>
							<String ID="string_398" HPOS="1634" VPOS="2281" WIDTH="40" HEIGHT="29" WC="0.93" CONTENT="är"/><SP WIDTH="17" VPOS="2281" HPOS="1674"/>
							<String ID="string_399" HPOS="1691" VPOS="2280" WIDTH="77" HEIGHT="30" WC="0.91" CONTENT="när-"/>
						</TextLine>
						<TextLine ID="line_40" HPOS="268" VPOS="2330" WIDTH="1501" HEIGHT="40">
							<String ID="string_400" HPOS="268" VPOS="2344" WIDTH="97" HEIGHT="22" WC="0.96" CONTENT="mare"/><SP WIDTH="25" VPOS="2344" HPOS="365"/>
							<String ID="string_401" HPOS="390" VPOS="2335" WIDTH="147" HEIGHT="30" WC="0.95" CONTENT="bestämt"/><SP WIDTH="24" VPOS="2335" HPOS="537"/>
							<String ID="string_402" HPOS="561" VPOS="2342" WIDTH="123" HEIGHT="28" WC="0.93" CONTENT="genom"/><SP WIDTH="23" VPOS="2342" HPOS="684"/>
							<String ID="string_403" HPOS="707" VPOS="2332" WIDTH="266" HEIGHT="35" WC="0.90" CONTENT="renbeteslagen."/><SP WIDTH="26" VPOS="2332" HPOS="973"/>
							<String ID="string_404" HPOS="999" VPOS="2331" WIDTH="117" HEIGHT="36" WC="0.96" CONTENT="Lagen"/><SP WIDTH="24" VPOS="2331" HPOS="1116"/>
							<String ID="string_405" HPOS="1140" VPOS="2331" WIDTH="210" HEIGHT="30" WC="0.96" CONTENT="bestämmer"/><SP WIDTH="24" VPOS="2331" HPOS="1350"/>
							<String ID="string_406" HPOS="1374" VPOS="2331" WIDTH="45" HEIGHT="29" WC="0.95" CONTENT="bl."/><SP WIDTH="26" VPOS="2331" HPOS="1419"/>
							<String ID="string_407" HPOS="1445" VPOS="2341" WIDTH="28" HEIGHT="20" WC="0.95" CONTENT="a."/><SP WIDTH="27" VPOS="2341" HPOS="1473"/>
							<String ID="string_408" HPOS="1500" VPOS="2331" WIDTH="42" HEIGHT="30" WC="0.96" CONTENT="de"/><SP WIDTH="24" VPOS="2331" HPOS="1542"/>
							<String ID="string_409" HPOS="1566" VPOS="2330" WIDTH="167" HEIGHT="31" WC="0.96" CONTENT="områden"/><SP WIDTH="26" VPOS="2330" HPOS="1733"/>
							<String ID="string_410" HPOS="1759" VPOS="2331" WIDTH="10" HEIGHT="29" WC="0.96" CONTENT="i"/>
						</TextLine>
						<TextLine ID="line_41" HPOS="269" VPOS="2382" WIDTH="1502" HEIGHT="41">
							<String ID="string_411" HPOS="269" VPOS="2388" WIDTH="98" HEIGHT="35" WC="0.96" CONTENT="riket,"/><SP WIDTH="20" VPOS="2388" HPOS="367"/>
							<String ID="string_412" HPOS="387" VPOS="2387" WIDTH="95" HEIGHT="30" WC="0.96" CONTENT="inom"/><SP WIDTH="20" VPOS="2387" HPOS="482"/>
							<String ID="string_413" HPOS="502" VPOS="2386" WIDTH="94" HEIGHT="30" WC="0.96" CONTENT="vilka"/><SP WIDTH="19" VPOS="2386" HPOS="596"/>
							<String ID="string_414" HPOS="615" VPOS="2386" WIDTH="41" HEIGHT="29" WC="0.96" CONTENT="de"/><SP WIDTH="19" VPOS="2386" HPOS="656"/>
							<String ID="string_415" HPOS="675" VPOS="2384" WIDTH="231" HEIGHT="30" WC="0.96" CONTENT="renskötande"/><SP WIDTH="18" VPOS="2384" HPOS="906"/>
							<String ID="string_416" HPOS="924" VPOS="2384" WIDTH="170" HEIGHT="34" WC="0.96" CONTENT="lapparna"/><SP WIDTH="20" VPOS="2384" HPOS="1094"/>
							<String ID="string_417" HPOS="1114" VPOS="2383" WIDTH="63" HEIGHT="35" WC="0.96" CONTENT="äga"/><SP WIDTH="19" VPOS="2383" HPOS="1177"/>
							<String ID="string_418" HPOS="1196" VPOS="2382" WIDTH="78" HEIGHT="30" WC="0.96" CONTENT="föra"/><SP WIDTH="20" VPOS="2382" HPOS="1274"/>
							<String ID="string_419" HPOS="1294" VPOS="2382" WIDTH="75" HEIGHT="30" WC="0.96" CONTENT="sina"/><SP WIDTH="19" VPOS="2382" HPOS="1369"/>
							<String ID="string_420" HPOS="1388" VPOS="2392" WIDTH="101" HEIGHT="20" WC="0.96" CONTENT="renar"/><SP WIDTH="20" VPOS="2392" HPOS="1489"/>
							<String ID="string_421" HPOS="1509" VPOS="2382" WIDTH="45" HEIGHT="36" WC="0.96" CONTENT="på"/><SP WIDTH="20" VPOS="2382" HPOS="1554"/>
							<String ID="string_422" HPOS="1574" VPOS="2382" WIDTH="86" HEIGHT="38" WC="0.95" CONTENT="bete,"/><SP WIDTH="21" VPOS="2382" HPOS="1660"/>
							<String ID="string_423" HPOS="1681" VPOS="2387" WIDTH="90" HEIGHT="26" WC="0.96" CONTENT="samt"/>
						</TextLine>
						<TextLine ID="line_42" HPOS="269" VPOS="2432" WIDTH="1500" HEIGHT="40">
							<String ID="string_424" HPOS="269" VPOS="2438" WIDTH="43" HEIGHT="29" WC="0.96" CONTENT="de"/><SP WIDTH="21" VPOS="2438" HPOS="312"/>
							<String ID="string_425" HPOS="333" VPOS="2436" WIDTH="88" HEIGHT="30" WC="0.96" CONTENT="tider"/><SP WIDTH="22" VPOS="2436" HPOS="421"/>
							<String ID="string_426" HPOS="443" VPOS="2446" WIDTH="41" HEIGHT="20" WC="0.96" CONTENT="av"/><SP WIDTH="25" VPOS="2446" HPOS="484"/>
							<String ID="string_427" HPOS="509" VPOS="2435" WIDTH="82" HEIGHT="37" WC="0.96" CONTENT="året,"/><SP WIDTH="25" VPOS="2435" HPOS="591"/>
							<String ID="string_428" HPOS="616" VPOS="2434" WIDTH="43" HEIGHT="32" WC="0.96" CONTENT="då"/><SP WIDTH="22" VPOS="2434" HPOS="659"/>
							<String ID="string_429" HPOS="681" VPOS="2434" WIDTH="141" HEIGHT="35" WC="0.95" CONTENT="betning"/><SP WIDTH="25" VPOS="2434" HPOS="822"/>
							<String ID="string_430" HPOS="847" VPOS="2443" WIDTH="41" HEIGHT="20" WC="0.96" CONTENT="av"/><SP WIDTH="22" VPOS="2443" HPOS="888"/>
							<String ID="string_431" HPOS="910" VPOS="2442" WIDTH="103" HEIGHT="21" WC="0.96" CONTENT="renar"/><SP WIDTH="22" VPOS="2442" HPOS="1013"/>
							<String ID="string_432" HPOS="1035" VPOS="2434" WIDTH="93" HEIGHT="29" WC="0.96" CONTENT="inom"/><SP WIDTH="25" VPOS="2434" HPOS="1128"/>
							<String ID="string_433" HPOS="1153" VPOS="2434" WIDTH="40" HEIGHT="29" WC="0.96" CONTENT="de"/><SP WIDTH="27" VPOS="2434" HPOS="1193"/>
							<String ID="string_434" HPOS="1220" VPOS="2433" WIDTH="170" HEIGHT="31" WC="0.96" CONTENT="särskilda"/><SP WIDTH="26" VPOS="2433" HPOS="1390"/>
							<String ID="string_435" HPOS="1416" VPOS="2432" WIDTH="188" HEIGHT="31" WC="0.96" CONTENT="områdena"/><SP WIDTH="24" VPOS="2432" HPOS="1604"/>
							<String ID="string_436" HPOS="1628" VPOS="2432" WIDTH="55" HEIGHT="32" WC="0.96" CONTENT="får"/><SP WIDTH="22" VPOS="2432" HPOS="1683"/>
							<String ID="string_437" HPOS="1705" VPOS="2434" WIDTH="64" HEIGHT="35" WC="0.96" CONTENT="äga"/>
						</TextLine>
					</TextBlock>
				</ComposedBlock>
			</PrintSpace>
		</Page>
	</Layout>
</alto>
