1910 2812
535 156 290 35 Statsutskottets
848 155 183 37 utlåtande
1054 169 42 23 nr
1115 162 75 31 100.
1596 164 14 30 1

773 415 68 41 Nr
867 415 93 43 100.

676 579 104 25 Ankom
799 579 41 25 till
859 579 153 32 riksdagens
1031 580 85 25 kansli
1135 580 52 26 den
1207 583 33 23 27
1261 581 66 32 april
1348 584 67 24 1945
1435 582 35 25 kl.
1492 585 32 22 12
1543 592 34 16 m.

353 718 189 35 Utlåtande
567 720 12 33 i
603 719 188 44 anledning
816 733 45 21 av
885 721 134 41 Kungl.
1043 721 128 43 Maj:ts
1194 722 220 43 proposition
1438 723 177 42 angående

575 774 197 34 samarbete
792 775 81 33 med
893 774 223 35 Stockholms
1135 777 83 33 stad
1237 776 55 41 för
1311 776 219 43 uppförande
1551 776 65 35 och

575 826 87 43 drift
685 839 46 22 av
756 839 44 23 en
824 827 245 36 kvinnoklinik
1092 828 63 36 vid
1177 829 256 44 Sabbatsbergs
1456 830 160 43 sjukhus.

1381 894 71 42 (2:a
1472 894 94 43 avd.)

167 986 19 33 I
211 986 264 43 propositionen
500 1000 42 21 nr
569 992 64 30 102
659 988 64 34 har
747 988 132 44 Kungl.
905 989 122 43 Maj:t,
1051 990 112 34 under
1187 990 223 43 åberopande
1436 1004 45 21 av
1507 991 108 43 bilagt

121 1040 129 43 utdrag
274 1053 45 21 av
343 1041 384 42 statsrådsprotokollet
750 1045 83 31 över
856 1042 372 35 ecklesiastikärenden
1251 1043 54 34 för
1329 1044 67 34 den
1420 1048 19 30 9
1464 1044 151 34 februari

124 1096 100 38 1945,
245 1093 175 44 föreslagit
442 1094 185 43 riksdagen
650 1100 56 29 att
729 1095 72 35 dels
824 1096 188 42 godkänna
1034 1109 46 22 av
1103 1097 384 43 departementschefen
1509 1097 108 34 föror-

123 1147 91 34 dade
237 1147 151 43 grunder
410 1147 53 35 för
487 1149 197 34 samarbete
708 1150 80 34 med
812 1149 220 35 Stockholms
1057 1152 80 33 stad
1160 1151 11 33 i
1194 1150 98 43 fråga
1316 1163 59 22 om
1399 1151 218 43 uppförande

119 1201 69 34 och
208 1200 86 35 drift
312 1214 46 21 av
377 1213 43 22 en
438 1201 245 35 kvinnoklinik
701 1203 62 33 vid
782 1202 252 44 Sabbatsbergs
1055 1203 160 43 sjukhus,
1235 1204 71 34 dels
1327 1204 66 34 ock
1411 1204 53 35 till
1483 1204 133 43 Bidrag

122 1254 54 34 till
195 1254 218 43 uppförande
432 1267 46 22 av
496 1267 43 22 en
557 1255 248 35 kvinnoklinik
822 1256 62 34 vid
901 1256 254 44 Sabbatsbergs
1174 1257 148 43 sjukhus
1340 1257 54 35 för
1411 1258 206 43 budgetåret

122 1308 156 43 1945/46
297 1309 19 32 å
336 1308 264 44 driftbudgeten
618 1309 112 34 under
747 1310 145 35 åttonde
909 1310 229 34 huvudtiteln
1157 1311 122 34 anvisa
1298 1316 53 30 ett
1370 1311 245 35 reservations-

118 1362 126 42 anslag
262 1374 46 21 av
327 1365 65 31 250
407 1366 66 30 000
493 1362 138 35 kronor.

168 1460 80 33 Den
272 1472 45 21 av
342 1459 133 43 Kungl.
500 1459 111 43 Maj:t
635 1460 151 34 tillsatta
810 1460 271 35 kommissionen
1106 1461 54 41 för
1184 1461 262 43 förhandlingar
1469 1461 147 34 rörande

122 1512 200 34 karolinska
339 1512 202 43 sjukhusets
558 1513 229 43 utbyggande
805 1519 93 29 samt
915 1513 178 35 allmänna
1113 1514 314 35 barnbördshusets
1444 1515 64 34 och
1527 1527 89 22 sera-

121 1564 301 43 fimerlasarettets
439 1565 164 44 ställning
621 1579 48 21 m.
686 1579 49 21 m.
751 1567 64 34 har
832 1567 11 34 i
860 1572 54 30 ett
931 1567 68 34 den
1018 1571 41 30 15
1079 1568 198 43 september
1297 1571 86 31 1944
1403 1569 214 42 dagtecknat

120 1619 225 35 betänkande
365 1619 165 43 framlagt
552 1625 53 29 ett
624 1621 81 34 med
726 1620 202 43 delegerade
947 1620 53 34 för
1020 1620 222 35 Stockholms
1263 1622 78 34 stad
1362 1621 169 43 uppgjort
1550 1621 65 34 för-

117 1673 80 42 slag
217 1673 54 33 till
292 1674 96 33 avtal
409 1673 12 34 i
441 1672 230 36 förevarande
693 1677 114 31 ämne.
840 1674 290 43 Avtalsförslaget
1151 1675 63 34 har
1235 1674 154 43 följande
1409 1675 142 43 lydelse.

168 1734 136 35 Mellan
323 1735 149 34 svenska
491 1740 116 29 staten
627 1736 66 34 och
712 1735 223 35 Stockholms
953 1737 78 34 stad
1049 1739 38 31 är
1104 1757 47 5 —
1168 1737 112 34 under
1298 1736 255 44 förutsättning
1571 1749 46 22 av

122 1779 134 43 Kungl.
278 1780 128 42 Maj:ts
428 1780 65 34 och
515 1780 223 34 Stockholms
761 1780 334 43 stadsfullmäktiges
1118 1781 259 43 godkännande
1397 1802 46 4 —
1463 1781 154 42 följande

122 1825 99 33 avtal
238 1824 124 34 träffat
380 1824 179 43 angående
577 1825 197 34 samarbete
792 1824 53 35 för
862 1825 218 43 uppförande
1099 1826 65 33 och
1184 1825 86 35 drift
1288 1838 45 21 av
1353 1838 42 22 en
1414 1826 202 34 obstetrisk-

122 1869 252 42 gynekologisk
391 1869 113 33 klinik
520 1870 62 34 vid
599 1869 253 43 Sabbatsbergs
870 1870 158 42 sjukhus.

171 1916 31 31 1.
238 1913 132 34 Staden
408 1913 87 34 skall
532 1913 61 34 vid
630 1913 255 43 Sabbatsbergs
922 1913 147 43 sjukhus
1107 1913 150 43 uppföra
1294 1914 66 34 och
1398 1919 139 29 utrusta
1575 1927 42 21 en

122 1957 457 43 obstetrisk-gynekologisk
611 1958 188 43 avdelning
831 1962 92 29 samt
953 1958 54 34 till
1036 1958 200 34 karolinska
1267 1959 350 43 mediko-kirurgiska

123 2002 181 34 institutet
324 2002 148 43 upplåta
495 2002 203 34 densamma
720 2003 115 33 såsom
856 2014 44 22 en
921 2002 195 35 institutets
1138 2003 479 43 obstetrisk-gynekologiska

123 2047 124 33 klinik.

169 2095 32 30 2.
237 2091 167 34 Kliniken
421 2091 86 34 skall
523 2091 187 43 inrymma,
727 2091 73 35 dels
815 2104 43 22 en
873 2091 190 34 obstetrisk
1078 2092 200 43 avdelning,
1292 2091 220 36 omfattande
1529 2096 89 31 90—

123 2139 43 31 96
184 2136 176 34 allmänna
375 2136 230 42 vårdplatser,
621 2136 74 34 dels
711 2148 43 22 en
769 2136 248 42 gynekologisk
1031 2136 199 43 avdelning,
1246 2136 220 35 omfattande
1483 2140 133 31 56—62

124 2181 179 33 allmänna
326 2181 229 42 vårdplatser,
578 2181 74 33 dels
674 2181 157 33 enskilda
855 2181 226 42 avdelningar
1105 2194 58 20 om
1186 2181 148 42 tillhopa
1358 2185 134 30 22—27
1516 2182 101 33 vård-

123 2225 140 42 platser,
287 2225 73 34 dels
384 2226 65 32 ock
473 2237 42 21 en
538 2225 196 42 poliklinik,
758 2225 241 34 innefattande
1022 2226 132 42 jämväl
1178 2238 43 21 en
1244 2225 373 34 mödravårdscentral.

169 2270 57 32 Av
242 2269 174 33 klinikens
433 2269 177 34 allmänna
627 2269 220 42 vårdplatser
865 2270 97 33 skola
980 2273 43 30 20
1042 2281 100 22 avses
1160 2269 53 34 för
1230 2270 102 41 sjuka
1347 2269 79 34 från
1444 2275 56 28 ort
1516 2274 101 29 utom

124 2313 218 40 Stockholm,
358 2326 26 21 s.
400 2314 36 33 k.
453 2313 213 42 riksplatser.

170 2357 130 34 Staden
317 2361 78 38 äger
411 2362 66 35 att,
494 2359 115 32 därest
625 2358 112 33 under
753 2357 281 42 byggnadstiden
1051 2358 80 33 eller
1148 2357 195 34 sedermera
1359 2370 118 21 annan
1493 2357 124 34 fördel-

123 2401 85 44 ning
229 2414 45 21 av
295 2402 141 34 stadens
457 2402 177 33 allmänna
656 2402 217 42 vårdplatser
893 2402 137 39 önskas,
1050 2402 189 33 verkställa
1258 2401 183 43 jämkning
1462 2402 10 33 i
1493 2401 123 34 fördel-

124 2447 128 41 ningen
267 2459 45 21 av
328 2448 179 33 desamma
523 2447 111 33 under
648 2446 254 43 förutsättning
917 2451 54 29 att
986 2446 123 33 hinder
1124 2445 118 34 härför
1258 2446 29 42 ej
1306 2448 113 31 möter
1435 2458 40 21 ur
1492 2446 124 33 under-

125 2491 199 42 visningens
339 2491 192 43 synpunkt.

165 2554 100 30 Bihang
284 2554 36 24 till
339 2554 147 30 riksdagens
503 2554 127 31 protokoll
652 2556 68 26 1945.
755 2558 15 20 6
790 2555 73 24 saml.
903 2554 39 24 Nr
966 2557 54 21 100.
1566 2556 10 22 1
