1892 2828
311 183 20 30 6
760 185 275 28 Bankoutskottets
1055 186 157 28 utlåtande
1232 187 44 27 Nr
1297 188 46 26 60.

310 262 161 40 framlagt
488 263 132 40 förslag
636 274 56 21 om
710 265 154 31 ändrade
881 266 258 31 bestämmelser
1156 268 148 30 rörande
1323 268 271 39 tjänstepension
1612 279 44 20 m.
1677 280 44 20 m.
1742 270 55 31 för

310 315 129 32 sådana
456 316 211 39 tjänstemän
686 318 64 30 och
771 319 154 30 arbetare
943 319 57 31 vid
1021 322 127 29 statens
1166 321 194 39 järnvägar,
1381 322 93 31 vilka
1492 323 60 30 äro
1572 324 223 39 undantagna

309 368 77 31 från
413 370 177 31 allmänna
616 370 537 41 tjänstepensionsreglementets,
1181 375 192 38 respektive
1398 375 396 41 tjänstepensionsregle-

309 425 143 29 mentets
479 423 56 31 för
560 424 154 31 arbetare
739 425 229 40 tillämpning.

353 475 66 31 För
440 476 182 40 förslagets
644 478 170 31 innebörd
836 480 95 30 torde
954 479 37 31 få
1012 481 134 31 lämnas
1171 481 157 39 följande
1350 483 224 38 redogörelse.

353 538 106 32 Såvitt
480 539 111 40 angår
612 540 219 39 tjänstemän,
854 552 78 21 avse
952 543 306 32 bestämmelserna
1281 548 48 27 att
1352 547 123 29 ersätta
1501 547 262 32 föreskrifterna
1786 549 9 29 i

308 584 228 38 kungörelsen
559 595 42 20 nr
626 582 163 34 146/1935
814 588 70 30 dels
906 588 221 31 beträffande
1150 590 41 30 de
1214 590 10 29 i
1249 590 229 38 kungörelsen
1503 593 211 30 omedelbart
1739 603 55 21 av-

309 629 103 36 sedda
432 629 220 39 tjänstemän,
675 641 74 20 som
770 631 152 39 övergått
943 633 10 29 i
974 635 128 29 statens
1123 634 203 39 järnvägars
1347 635 105 38 tjänst
1472 636 58 30 vid
1552 639 127 29 statens
1700 639 94 29 över-

307 674 146 37 tagande
470 684 43 21 av
530 675 135 31 enskild
682 675 147 40 järnväg
846 678 78 29 eller
940 678 136 36 bandel,
1097 680 70 30 dels
1185 680 65 29 ock
1268 680 220 31 beträffande
1507 680 130 33 sådana
1654 682 139 38 tjänste-

307 719 90 35 män,
420 728 74 21 som
514 719 154 39 övergått
688 721 9 29 i
720 723 129 29 statens
870 722 201 39 järnvägars
1092 723 105 38 tjänst
1224 725 4 29 i
1252 726 168 30 samband
1440 727 80 29 med
1542 726 149 39 företags
1713 729 80 29 ned-

306 763 176 38 läggande.
504 763 311 34 Bestämmelserna
836 767 45 30 ha
902 766 135 32 erhållit
1060 767 107 32 sådan
1188 769 225 39 utformning,
1437 773 49 28 att
1508 772 176 30 desamma
1707 773 86 29 även

306 807 60 30 äro
387 807 205 40 tillämpliga
615 808 19 31 å
655 811 170 36 personal,
849 821 72 20 som
943 813 184 37 övertagits
1149 813 79 31 från
1252 815 297 39 omnibusföretag
1571 817 81 29 eller
1672 817 120 38 dylikt.

306 851 15 30 I
341 851 97 39 fråga
458 862 58 21 om
537 855 168 37 personal,
728 865 76 20 som
825 856 140 38 övergår
985 857 10 30 i
1019 859 127 29 statens
1166 858 203 39 järnvägars
1390 859 107 39 tjänst
1518 863 85 28 utan
1625 862 167 30 samband

306 897 78 30 med
405 900 47 27 att
473 898 57 30 det
552 898 132 39 företag
704 900 41 29 de
767 900 131 31 tillhört
917 902 176 38 övertages
1114 912 40 21 av
1176 906 112 28 staten
1311 905 80 29 eller
1411 906 193 37 nedlägges,
1628 906 44 31 ha
1694 916 98 20 even-

306 941 95 30 tuellt
424 942 183 39 behövliga
632 944 170 31 särskilda
827 946 422 37 pensionsbestämmelser
1273 952 127 27 ansetts
1426 949 35 30 få
1486 951 176 30 meddelas
1687 951 105 30 fram-

305 985 100 30 deles.
441 986 13 29 I
478 988 169 30 samband
670 990 79 29 med
773 990 253 37 godkännande
1049 1002 42 20 av
1112 1001 47 21 nu
1182 992 195 39 föreslagna
1400 994 260 32 bestämmelser
1683 996 110 30 skulle

305 1030 104 30 likväl
434 1030 176 33 inhämtas
638 1033 202 39 riksdagens
866 1035 226 38 medgivande
1118 1037 50 30 till
1193 1040 49 27 att
1270 1038 42 30 de
1337 1038 10 30 i
1375 1039 177 30 desamma
1580 1040 213 31 innefattade

306 1075 193 37 grunderna
520 1075 58 32 må
598 1078 63 37 äga
680 1078 220 39 tillämpning
919 1080 10 29 i
950 1079 132 32 sådana
1104 1081 68 36 fall,
1196 1082 9 29 i
1227 1082 93 31 vilka
1344 1083 81 30 1935
1447 1082 55 32 års
1523 1084 204 38 kungörelse
1747 1084 45 39 på

305 1120 110 36 grund
435 1130 42 20 av
497 1121 140 31 särskilt
656 1122 111 31 beslut
788 1124 87 30 varit
895 1125 191 38 tillämplig.

349 1163 49 31 De
417 1174 67 28 nya
506 1165 307 34 bestämmelserna
834 1168 141 32 föreslås
996 1170 93 31 bliva
1109 1171 204 38 tillämpliga
1335 1173 85 29 även
1442 1172 19 31 å
1483 1170 307 46 arbetarpersonal.

304 1207 337 41 Järnvägsstyrelsen
664 1212 64 30 har
751 1212 124 31 härom
899 1214 125 35 anfört,
1051 1218 48 27 att
1122 1216 56 29 vid
1203 1216 225 31 statsförvärv
1453 1227 42 20 av
1520 1219 155 30 enskilda
1699 1219 91 38 järn-

304 1253 104 37 vägar
432 1255 112 29 under
569 1265 118 21 senare
713 1255 38 31 år
777 1258 87 29 även
889 1259 183 37 övertagits
1098 1260 155 30 arbetare
1279 1262 78 29 med
1383 1262 211 38 delaktighet
1619 1264 10 29 i
1656 1264 134 30 enskild

303 1298 354 39 pensionsinrättning
678 1304 89 27 samt
788 1304 58 33 att,
868 1303 112 30 därest
1002 1304 99 30 dessa
1122 1305 156 30 arbetare
1300 1305 74 30 icke
1396 1307 139 29 komme
1555 1308 9 29 i
1587 1307 204 39 åtnjutande

303 1351 43 20 av
373 1342 307 39 fyllnadspension,
710 1346 178 31 desamma
914 1347 97 30 bleve
1041 1348 143 32 försatta
1212 1352 10 29 i
1254 1351 111 29 sämre
1395 1352 163 38 ställning
1587 1353 43 29 än
1660 1352 130 32 sådana

302 1387 184 38 övertagna
511 1388 164 36 arbetare,
702 1399 74 21 som
802 1391 31 37 ej
858 1391 85 31 varit
968 1393 159 37 delägare
1151 1394 9 29 i
1186 1394 136 31 enskild
1347 1396 354 40 pensionsinrättning
1725 1399 63 29 och

303 1431 118 30 därför
440 1432 135 31 kunnat
597 1432 36 31 få
655 1433 511 41 tjänstepensionsreglementet
1189 1438 55 30 för
1267 1440 154 30 arbetare
1442 1440 44 39 på
1510 1441 50 38 sig
1583 1438 205 47 tillämpligt.

303 1475 113 39 Enligt
435 1476 164 39 förslaget
619 1478 108 30 skulle
747 1480 43 29 de
810 1480 9 29 i
840 1481 520 40 arbetarpensionsreglementet
1380 1486 197 37 uppställda
1597 1487 129 30 kraven
1745 1486 43 40 på

302 1520 151 31 väntetid
472 1531 45 20 m.
538 1531 45 21 m.
607 1523 86 37 gälla
713 1524 88 30 även
822 1525 8 29 i
853 1524 95 39 fråga
968 1536 57 19 om
1046 1528 184 37 övertagna
1251 1529 164 31 arbetare.
1437 1530 64 30 Det
1522 1530 58 31 må
1600 1532 187 30 emellertid

301 1564 129 32 erinras
451 1575 57 20 om
529 1569 50 28 att
600 1567 10 29 i
632 1568 221 37 reglementet
874 1571 173 37 upptagits
1067 1572 259 31 bestämmelser
1346 1584 55 19 om
1423 1577 49 28 att
1494 1576 57 29 vid
1574 1576 214 32 väntetidens

300 1608 191 40 beräkning
518 1611 88 30 skall
633 1613 77 29 med
737 1614 209 38 anställning
971 1615 9 29 i
1009 1618 127 29 statens
1163 1617 107 38 tjänst
1296 1618 166 31 likställas
1489 1621 211 38 anställning
1724 1622 64 30 hos

301 1653 67 30 den
391 1653 207 40 föregående
621 1657 264 38 arbetsgivaren.

345 1697 113 39 Enligt
484 1699 164 39 förslaget
673 1702 97 30 skola
796 1703 41 30 de
862 1703 215 32 föreskrifter
1102 1706 219 31 beträffande
1348 1707 348 41 avgångsskyldighet
1722 1711 64 30 och

300 1743 247 38 entledigande,
575 1754 72 21 som
672 1746 89 37 gälla
787 1747 55 30 för
865 1748 209 38 tjänstemän
1098 1751 254 31 underkastade
1377 1754 176 31 allmänna
1578 1755 208 39 tjänstepen-

300 1786 315 40 sionsreglementet
634 1791 63 29 och
718 1792 156 31 arbetare
893 1794 254 31 underkastade
1167 1796 532 40 arbetarpensionsreglementet,
1721 1800 64 29 till-

300 1832 132 36 lämpas
453 1833 131 38 jämväl
605 1835 10 29 i
637 1835 64 30 här
721 1837 151 31 avsedda
894 1837 69 36 fall,
994 1838 2 30 i
1020 1839 67 30 den
1108 1839 81 31 mån
1213 1841 31 37 ej
1267 1841 303 33 bestämmelserna
1592 1844 9 29 i
1624 1846 161 29 vederbö-

300 1877 105 29 rande
426 1878 372 41 pensionsinrättnings
821 1883 204 37 reglemente
1048 1885 80 29 eller
1149 1886 139 37 stadgar
1310 1886 49 30 till
1381 1891 106 27 annat
1510 1888 188 31 föranleda.

344 1920 122 32 Vidare
488 1923 147 38 stadgas,
658 1927 48 28 att
728 1925 77 36 den,
831 1936 72 20 som
924 1928 159 30 kvarstår
1104 1929 9 29 i
1134 1928 114 39 någon
1270 1940 42 21 av
1334 1933 126 29 statens
1484 1932 185 39 järnvägar
1691 1936 93 28 Över-

299 1967 99 36 tagen
419 1967 364 40 pensionsinrättning,
808 1971 57 30 vid
887 1972 309 39 avskedstagandet
1218 1975 81 37 äger
1322 1976 139 31 komma
1483 1977 9 29 i
1517 1977 204 38 åtnjutande
1743 1989 42 20 av

299 2009 271 39 tjänstepension
592 2012 78 31 från
692 2016 129 29 statens
842 2015 184 39 järnvägar
1048 2018 103 38 enligt
1174 2020 195 36 grunderna
1392 2021 9 29 i
1424 2022 257 31 vederbörande
1704 2033 79 28 pen-

299 2054 301 40 sionsinrättnings
620 2058 206 37 reglemente
845 2061 79 30 eller
941 2062 148 37 stadgar.

342 2099 14 29 I
373 2098 97 40 fråga
487 2111 58 20 om
563 2101 299 40 fyllnadspension
879 2105 144 31 innebär
1041 2107 170 38 förslaget,
1231 2110 121 29 utöver
1370 2120 40 20 en
1428 2111 209 39 precisering
1655 2123 41 20 av
1716 2113 67 30 för-

298 2144 277 39 utsättningarna
597 2147 54 30 för
672 2146 109 32 sådan
804 2149 153 32 förmåns
980 2151 178 38 utgående,
1182 2163 42 19 en
1247 2155 227 38 omreglering
1496 2157 72 29 dels
1590 2157 10 29 i
1625 2157 87 38 syfte
1736 2161 47 27 att

296 2187 123 32 bereda
441 2189 266 39 ifrågavarande
727 2195 273 39 personalgrupp
1022 2205 43 21 en
1086 2198 369 40 pensionsförbättring
1477 2201 9 29 i
1512 2202 199 38 anslutning
1733 2203 50 30 till

297 2233 74 35 den,
399 2243 72 21 som
496 2235 187 32 innefattas
709 2237 9 30 i
744 2238 42 30 de
813 2248 66 28 nya
903 2240 426 39 pensionsreglementena,
1357 2245 69 29 dels
1452 2246 64 29 ock
1543 2247 77 29 med
1647 2247 135 38 hänsyn

296 2277 50 30 till
368 2278 302 40 dyrtidstilläggets
690 2282 232 32 bortfallande
941 2285 65 29 och
1028 2287 194 30 ersättande
1242 2289 79 29 med
1343 2291 45 28 ett
1409 2290 118 37 rörligt
1549 2291 125 38 tillägg.
1709 2292 74 29 Den

296 2321 194 40 föreslagna
513 2324 387 34 huvudbestämmelsen
925 2329 154 37 innebär,
1106 2334 48 27 att
1177 2332 298 39 fyllnadspension
1500 2334 100 39 utgår
1623 2337 78 29 med
1727 2338 55 28 det

295 2366 132 39 belopp,
452 2370 142 30 varmed
616 2371 188 35 pensionen
827 2372 77 31 från
925 2375 66 29 den
1014 2376 155 31 enskilda
1192 2377 399 40 pensionsinrättningen
1613 2381 80 29 eller
1716 2382 66 29 den

296 2411 154 31 däremot
478 2415 170 30 svarande
675 2415 316 40 tjänstepensionen
1021 2419 79 31 från
1129 2423 127 28 statens
1285 2422 185 39 järnvägar
1498 2423 57 31 må
1584 2426 196 38 understiga

295 2455 67 30 den
386 2456 281 40 tjänstepension,
695 2470 74 21 som
796 2462 110 31 skulle
930 2463 45 31 ha
1002 2463 119 39 utgått,
1149 2475 56 20 om
1231 2467 256 31 vederbörande
1513 2466 267 47 pensionsregle-

295 2503 112 29 mente
428 2502 88 31 varit
539 2503 205 40 tillämpligt.
781 2506 52 31 Då
856 2507 214 33 sistnämnda
1092 2510 143 38 pension
1259 2512 86 29 även
1367 2512 188 31 innefattar
1577 2514 117 38 rörligt
1716 2514 64 30 till-
