2204 2606
666 153 343 31 Jordbruksutskottets
1034 152 162 30 utlåtunde
1220 151 51 30 Nr
1301 151 66 30 107.
1770 149 18 28 3

237 234 169 47 bidraget
443 234 115 36 under
586 233 73 35 alla
688 231 324 47 omständigheter
1040 230 68 36 bör
1137 230 97 35 hava
1264 227 241 37 underställts
1539 226 138 47 Kungl.
1709 225 125 48 Maj:ts

234 285 243 47 bedömande,
508 285 115 35 innan
643 284 217 36 densamma
880 283 188 47 företages
1088 281 56 37 till
1165 279 218 49 avgörande
1403 292 46 22 av
1468 277 217 48 riksdagen,
1706 279 40 32 så
1766 276 69 35 har

234 337 185 36 utskottet
447 337 81 36 icke
557 336 124 35 funnit
710 336 60 47 sig
797 335 128 35 kunna
945 334 136 46 frångå
1101 333 57 36 sin
1178 333 11 35 i
1209 330 260 38 ovanberörda
1488 329 192 36 utlåtande
1699 327 132 49 gjorda

235 388 234 37 hemställan.
488 388 134 35 Därest
633 386 205 37 emellertid
854 384 290 48 ifrågavarande
1160 383 147 45 anstalt,
1324 395 81 23 som
1417 381 94 48 själv
1531 385 83 43 äger
1637 380 193 35 bestämmn

238 441 206 35 lönestaten
470 440 57 35 för
557 439 81 35 sina
667 439 239 47 tjänstemän,
937 435 121 37 skulle
1086 436 102 36 finna
1216 434 60 48 sig
1304 446 44 23 ur
1376 432 108 36 stånd
1516 437 53 30 att
1596 434 48 46 på
1672 436 54 30 ett
1754 430 81 48 nöj-

237 491 123 47 aktigt
403 495 76 31 sätt
521 490 204 47 tillgodose
762 488 236 47 berättigade
1029 487 91 35 krav
1148 496 45 38 på
1223 484 231 37 förbättrade
1483 484 116 44 löner,
1629 482 105 35 torde
1762 481 71 36 den

235 541 250 48 möjligheten
524 540 104 36 alltid
668 540 200 36 förefinnas
911 543 55 30 att
995 538 68 35 hos
1093 537 140 46 Kungl.
1271 535 107 47 Maj:t
1407 540 93 42 göra
1530 534 73 35 den
1632 531 202 37 framställ-

235 592 94 48 ning
365 592 12 35 i
414 597 137 38 ämnet,
596 591 121 36 vartill
760 589 375 47 omständigheterna
1176 589 11 33 i
1230 587 63 35 det
1335 585 186 36 särskilda
1562 585 104 34 fallet
1707 584 124 34 kunna

235 644 203 36 föranleda.

367 747 127 36 Under
523 746 237 48 åberopande
789 757 43 23 av
862 744 61 36 det
953 743 156 36 anförda
1139 742 55 36 får
1222 742 183 36 utskottet
1435 751 97 38 änvo
1562 738 211 45 hemställa,

767 854 52 30 att
848 847 205 48 riksdagen
1083 848 57 33 må
1172 855 122 26 såsom
1325 844 136 48 bidrag
1488 843 56 36 till
1573 842 196 37 underhåll
1790 855 45 22 av

638 898 470 48 kemisk-växtbiologiska
1137 897 186 35 anstalten
1351 896 101 35 inom
1481 894 255 36 Norrbottens
1773 894 61 34 län

637 973 49 4 —
715 951 118 36 under
860 949 137 37 villkor
1026 954 54 30 att
1108 948 82 36 från
1217 947 122 37 länets
1360 946 197 47 landsting
1577 945 71 36 och
1668 944 165 36 hushåll-

638 1002 282 49 ningssällskap
949 1000 88 36 eller
1065 1000 108 47 eljest
1201 999 136 48 bidrag
1365 999 144 34 lämnas
1540 996 53 36 till
1624 995 209 37 anstaltens

638 1054 194 37 underhåll
875 1052 85 36 med
1004 1051 252 48 sammanlagt
1298 1050 116 36 minst
1454 1050 137 46 10,950
1621 1048 136 35 kronor
1785 1068 50 5 —

639 1111 20 31 å
688 1111 104 31 extra
834 1111 72 30 stat
947 1104 58 36 för
1046 1106 39 33 år
1129 1104 96 35 1919
1269 1102 131 36 anvisa
1434 1106 54 31 ett
1522 1099 311 49 förslagsanslag,

638 1159 111 47 högst
783 1158 135 41 18,200
947 1156 150 35 kronor.

998 1322 69 34 2:0.

366 1416 128 37 Under
522 1416 122 49 punkt
672 1416 46 35 35
748 1415 13 35 i
789 1415 164 35 nämnda
981 1414 214 35 huvudtitel
1224 1413 95 35 hade
1348 1411 142 48 Kungl.
1512 1410 107 48 Maj:t
1639 1409 195 48 föreslagit

236 1468 204 49 riksdagen
482 1473 54 31 att
578 1467 56 36 till
675 1466 205 36 understöd
922 1468 37 33 åt
1000 1465 161 36 svenska
1197 1462 456 48 mosskulturföreningen
1682 1464 20 32 å
1730 1467 105 29 extra

237 1526 72 30 stat
339 1520 59 36 för
427 1522 39 33 år
496 1521 96 34 1919
623 1519 130 35 anvisa
782 1523 54 31 ett
865 1517 310 48 förslagsanslag,
1205 1516 115 48 högst
1351 1516 136 43 70,000
1516 1514 148 35 kronor.

365 1572 17 35 I
411 1570 412 49 statsrådsprotokollet
850 1569 96 36 hade
976 1567 413 50 departementschefen
1419 1566 94 36 efter
1541 1570 55 31 att
1624 1565 95 35 först
1738 1563 97 37 hava

236 1624 140 36 erinrat
417 1636 62 23 om
516 1625 64 33 två
609 1636 46 22 av
683 1621 164 37 svenska
874 1620 457 48 mosskulturföreningen
1360 1618 12 35 1
1401 1622 125 31 ämnet
1559 1617 135 48 gjorda
1723 1616 112 36 fram-

237 1676 237 47 ställningar,
504 1675 79 35 vari
611 1673 113 37 bland
754 1678 114 31 annat
897 1672 201 37 beräknats
1119 1677 52 31 ett
1191 1671 136 48 belopp
1349 1683 46 22 av
1417 1671 110 45 6,720
1547 1669 140 35 kronor
1710 1669 125 34 såsom

237 1727 285 48 dyrtidstillägg
551 1729 37 33 åt
616 1726 244 47 föreningens
888 1725 228 48 tjänstemän
1151 1723 69 36 och
1254 1727 89 32 över
1376 1720 375 48 framställningarna
1789 1733 47 22 av

238 1778 280 37 vederbörande
547 1776 263 50 myndigheter
839 1777 163 47 avgivna
1035 1774 231 47 utlåtanden,
1287 1774 125 36 anfört
1430 1772 113 37 bland
1565 1778 127 40 annat,
1713 1776 55 30 att
1788 1770 46 36 då

238 1830 146 49 frågan,
413 1829 189 36 huruvida
630 1834 123 31 staten
781 1828 115 36 borde
925 1827 160 48 bidraga
1104 1826 56 36 till
1180 1825 325 48 krigstidstillägg
1525 1826 37 33 åt
1582 1823 253 48 befattnings-

237 1882 138 35 havare
413 1881 63 36 vid
514 1880 222 48 föreningar
764 1880 70 36 och
863 1879 114 36 andra
1006 1878 267 47 institutioner,
1304 1877 55 36 till
1388 1877 101 35 vilka
1518 1875 232 47 statsbidrag
1777 1880 58 30 ut-

237 1934 129 49 ginge,
411 1933 113 36 borde
565 1937 138 44 prövas
731 1931 12 36 i
772 1937 53 31 ett
866 1930 288 48 sammanhang,
1184 1929 74 36 han
1286 1929 82 36 icke
1395 1927 125 37 kunde
1549 1926 201 49 tillstyrka,
1780 1931 55 31 att

236 1985 64 36 vid
332 1984 282 49 behandlingen
643 1997 46 22 av
717 1997 50 23 nu
796 1983 243 36 förevarande
1068 1981 264 49 anslagsfråga
1360 1983 117 46 något
1506 1978 186 37 avseende
1720 1977 114 37 fästes

237 2037 63 36 vid
329 2037 245 47 föreningens
603 2035 323 48 framställningar
955 2035 140 35 därom.
1151 2033 150 48 Frågan
1331 2046 60 22 om
1421 2031 122 49 dylikt
1561 2030 139 48 bidrag
1718 2030 58 36 för
1795 2032 41 33 år

241 2090 96 34 1919
367 2093 129 44 syntes
524 2088 12 35 i
564 2088 104 48 varje
696 2087 63 36 fall
787 2100 88 22 vara
905 2086 57 36 för
989 2085 116 49 tidigt
1132 2084 121 37 väckt.
1309 2084 74 36 Det
1402 2083 123 36 härtill
1543 2082 11 36 i
1575 2081 260 48 statförslaget

237 2144 199 44 upptagna
475 2139 178 49 beloppet
686 2152 46 23 av
761 2140 112 46 6,720
901 2138 140 36 kronor
1068 2137 116 36 borde
1213 2136 129 36 därför
1369 2137 91 46 utgå
1488 2147 44 23 ur
1560 2132 274 49 beräkningen.

367 2191 141 48 Kungl.
540 2191 126 48 Maj:ts
694 2188 282 50 framställning
1005 2188 207 37 avfattades
1243 2188 9 35 i
1273 2185 375 38 överensstämmelse
1667 2184 166 37 härmed.

1854 1412 111 23 Svenska
1982 1419 76 16 moss-

1877 1447 157 30 kulturfore-

1906 1482 96 31 ningen
