1880 2796
593 109 263 29 Statsutskottets
878 107 168 29 utlåtande
1068 116 39 18 nr
1123 107 28 27 4.
1581 99 40 31 29

170 184 237 32 Förevarande
441 183 120 42 anslag
594 185 37 29 är
663 183 52 31 för
747 180 232 33 innevarande
1011 180 169 41 budgetår
1212 178 142 42 uppfört
1387 177 79 31 med
1489 177 62 31 800
1562 176 62 31 000

118 236 135 32 kronor.

171 286 248 41 Belastningen
449 285 110 31 under
581 284 156 41 anslaget
758 283 53 32 för
832 282 206 41 budgetåret
1063 281 134 38 1946/47
1220 279 63 31 har
1305 279 131 41 utgjort
1459 278 91 31 1165
1562 277 63 32 000

118 337 135 32 kronor.
281 337 83 31 Med
380 337 134 40 hänsyn
531 335 53 32 till
600 346 40 20 av
656 333 377 43 departementschefen
1049 331 162 32 förordad
1227 329 199 41 minskning
1441 340 40 20 av
1497 328 129 31 antalet

119 387 355 42 tjänstgöringsdagar
495 387 54 31 för
571 385 228 42 värnpliktiga
821 384 62 31 har
905 384 155 40 anslaget
1083 383 132 31 ansetts
1238 381 85 31 böra
1344 380 211 32 bestämmas
1571 378 54 31 till

119 450 130 20 samma
270 438 128 41 belopp
422 448 74 21 som
519 437 53 31 för
593 435 231 32 innevarande
846 434 178 42 budgetår.

182 533 156 32 Utskottet
370 531 189 42 tillstyrker
592 530 125 41 Kungl.
742 529 117 41 Maj:ts
881 528 129 40 förslag
1033 527 54 31 till
1110 524 316 41 medelsanvisning
1449 523 63 32 och
1535 523 90 31 hem-

120 583 118 32 ställer
260 583 110 38 alltså,

442 642 51 30 att
515 639 183 41 riksdagen
722 641 54 29 må
799 638 53 32 till
874 638 176 31 Marinen:
1073 635 258 41 Familjebidrag
1354 634 53 31 för
1422 634 205 40 budgetåret

393 690 137 33 1948/49
553 690 119 32 anvisa
694 691 49 30 ett
765 688 269 41 förslagsanslag
1057 698 40 20 av
1122 686 165 32 1000000
1309 685 136 31 kronor.

789 795 169 46 Sjukvård.

178 879 85 42 52:0)
309 880 148 31 Marinen:
482 876 159 41 Sjukvård.
686 876 127 41 Kungl.
836 875 99 41 Maj:t
958 875 62 31 har
1041 872 178 42 föreslagit
1240 871 184 42 riksdagen
1440 870 121 42 (punkt
1577 870 49 38 80,

122 942 26 20 s.
184 931 40 31 70
258 930 64 31 och
356 929 50 42 71)
439 931 50 29 att
511 929 54 31 till
587 926 256 43 ifrågavarande
866 925 158 32 ändamål
1047 925 53 31 för
1122 924 204 41 budgetåret
1350 922 137 32 1948/49
1510 920 119 32 anvisa

122 983 49 30 ett
192 980 269 42 förslagsanslag
484 991 40 20 av
547 979 63 31 250
621 979 62 31 000
705 978 135 31 kronor.

174 1073 238 33 Förevarande
445 1073 120 40 anslag
598 1074 36 29 är
667 1072 52 31 för
751 1070 231 32 innevarande
1016 1068 169 42 budgetår
1219 1067 140 42 uppfört
1391 1065 79 32 med
1493 1065 136 32 235000

122 1125 135 31 kronor.

178 1175 202 32 Försvarets
403 1172 390 43 sjukvårdsförvaltning
815 1172 61 30 har
899 1171 79 31 med
999 1169 261 42 utgångspunkt
1282 1168 83 37 från,
1389 1167 107 32 bland
1515 1168 113 36 annat,

126 1226 199 32 oförändrat
358 1224 383 42 dagskostnadsbelopp
776 1224 88 30 samt
897 1221 168 32 2185370
1088 1218 355 43 tjänstgöringsdagar
1465 1217 165 32 beräknat

126 1276 281 33 medelsbehovet
429 1275 108 32 under
560 1275 156 40 anslaget
737 1274 53 31 för
813 1274 100 30 nästa
934 1271 170 42 budgetår
1126 1271 53 31 till
1202 1271 59 31 261
1275 1270 63 32 000
1359 1269 135 31 kronor.

176 1326 399 42 Departementschefen,
600 1336 74 20 som
697 1324 120 31 räknat
839 1323 78 31 med
941 1324 49 30 ett
1013 1322 132 31 mindre
1169 1321 93 31 antal
1278 1318 353 43 tjänstgöringsdagar

124 1380 44 29 än
200 1378 67 31 vad
300 1376 251 32 ämbetsverket
582 1376 99 41 gjort,
705 1375 62 31 har
788 1373 203 42 uppskattat
1014 1372 155 41 anslaget
1191 1372 52 31 för
1266 1372 99 30 nästa
1388 1369 168 42 budgetår
1578 1369 53 31 till

124 1429 61 31 250
196 1429 63 31 000
281 1428 134 31 kronor.

185 1521 156 33 Utskottet
374 1520 190 41 tillstyrker
597 1519 126 41 Kungl.
747 1518 117 41 Maj:ts
887 1517 130 40 förslag
1039 1516 54 31 till
1116 1514 315 41 medelsanvisning
1454 1513 63 32 och
1541 1513 90 31 hem-

124 1572 118 32 ställer
265 1571 110 39 alltså,

446 1623 50 30 att
512 1620 184 42 riksdagen
713 1621 53 30 må
782 1619 54 31 till
848 1618 175 32 Marinen:
1037 1617 164 40 Sjukvård
1212 1616 53 31 för
1276 1615 205 41 budgetåret
1495 1614 136 38 1948/49

396 1672 118 31 anvisa
537 1673 50 30 ett
608 1669 268 42 förslagsanslag
899 1680 40 20 av
963 1668 62 32 250
1036 1668 63 31 000
1121 1667 135 31 kronor.

176 1783 85 42 53:0)
308 1784 147 30 Marinen:
490 1779 317 42 Sjukvårdsmateriel.
856 1778 127 42 Kungl.
1018 1778 99 40 Maj:t
1150 1777 60 31 har
1243 1775 176 42 föreslagit
1448 1775 184 41 riksdagen

124 1833 124 42 (punkt
271 1835 49 36 81,
345 1844 25 20 s.
395 1833 49 40 71)
468 1834 50 29 att
540 1832 53 31 till
616 1830 255 42 ifrågavarande
896 1828 158 32 ändamål
1074 1828 52 31 för
1141 1827 203 41 budgetåret
1362 1826 137 32 1948/49
1515 1825 118 32 anvisa

124 1886 50 30 ett
195 1883 352 40 reservationsanslag
570 1893 39 20 av
633 1881 113 31 85000
768 1881 135 30 kronor.

180 1967 237 32 Förevarande
434 1967 119 40 anslag
568 1968 37 29 är
620 1966 53 31 för
687 1964 230 32 innevarande
934 1963 169 40 budgetår
1118 1962 141 41 uppfört
1275 1961 78 31 med
1369 1961 40 30 75
1421 1961 63 30 000
1495 1960 136 31 kronor.

180 2017 442 42 Sjukvårdsförvaltningen
645 2016 62 31 har
729 2016 52 31 för
797 2016 98 30 nästa
910 2014 170 41 budgetår
1094 2012 166 32 beräknat
1275 2010 358 41 medelsanvisningen

128 2069 109 31 under
260 2069 153 40 anslaget
436 2068 53 30 till
514 2068 60 31 100
585 2067 63 31 000
669 2067 135 30 kronor.

181 2118 399 41 Departementschefen,
616 2128 73 20 som
721 2116 120 31 räknat
875 2115 78 31 med
987 2114 132 31 mindre
1154 2113 92 31 antal
1280 2111 354 42 tjänstgöringsdagar

129 2171 41 29 än
204 2169 65 31 vad
303 2168 252 31 ämbetsverket
588 2167 11 30 i
633 2167 75 31 sina
735 2165 227 40 beräkningar
985 2166 112 39 utgått
1119 2164 83 37 från,
1226 2163 61 31 har
1310 2164 113 29 ansett
1446 2161 188 31 medelsan-

127 2219 182 40 visningen
343 2218 198 41 härigenom
565 2218 115 30 kunna
703 2216 152 31 minskas
878 2215 79 31 med
979 2215 94 31 9000
1096 2214 134 30 kronor.
1276 2213 48 30 På
1347 2212 111 39 grund
1481 2223 40 19 av
1544 2211 90 31 kost-

128 2268 371 41 nadsöverflyttningar
521 2267 145 31 föreslås
690 2278 41 19 en
754 2266 197 41 ytterligare
975 2264 197 40 minskning
1195 2263 77 31 med
1297 2264 17 29 6
1327 2263 63 30 000
1412 2262 135 30 kronor.

189 2354 150 32 Utskottet
373 2351 188 42 tillstyrker
594 2351 126 40 Kungl.
753 2350 117 40 Maj:ts
894 2349 127 39 förslag
1044 2348 53 30 till
1120 2346 315 40 medelsanvisning
1458 2345 63 31 och
1545 2345 89 31 hem-

130 2404 116 32 ställer
269 2403 108 37 alltså,
