1884 2796
597 131 262 30 Statsutskottets
883 129 165 29 utlåtande
1071 138 37 17 nr
1133 134 26 21 4.
1199 144 3 4 -
1613 120 19 29 9

134 210 206 41 nämningen
365 207 266 43 byråintendent
654 206 124 31 ändras
802 205 53 31 till
878 205 106 30 förste
1008 201 277 43 byråintendent,
1310 201 50 29 att
1384 197 249 39 benämningen

134 262 51 31 för
219 258 319 44 ingenjörpersonal
572 257 10 31 i
617 258 39 30 29
690 255 208 41 lönegraden
933 254 123 31 ändras
1090 253 72 30 från
1187 249 243 42 byråingenjör
1453 247 53 31 till
1529 247 106 30 förste

134 311 240 43 byråingenjör
398 311 87 30 samt
509 310 50 29 att
583 319 41 20 en
648 318 39 20 av
711 306 42 31 de
775 305 180 40 befintliga
978 306 70 29 åtta
1070 301 278 40 befattningarna
1370 300 52 30 för
1437 297 199 42 byråingen-

133 363 52 40 jör
207 362 11 31 i
243 361 45 32 Ce
301 362 49 37 27,
375 359 128 32 avsedd
526 359 51 31 för
600 356 278 42 industribyråns
901 352 358 43 beredskapssektion,
1278 350 185 41 nedflyttas
1480 348 52 31 till
1548 348 89 30 löne-

135 413 126 42 graden
286 412 46 31 Ce
346 413 49 36 24,
420 410 112 31 vilken
564 408 229 41 nedflyttning
821 407 88 31 dock
932 406 73 31 icke
1029 405 62 31 bör
1115 404 58 31 ske
1197 403 113 31 förrän
1335 401 9 31 i
1370 399 167 33 samband
1561 398 77 31 med

136 466 49 29 att
208 464 65 31 den
297 461 196 33 nuvarande
517 460 229 31 innehavaren
771 469 39 20 av
833 456 237 41 befattningen
1095 456 107 39 avgår.
1235 453 131 40 Frågan
1384 462 54 20 om
1456 449 183 41 ändringar

137 526 38 20 av
210 512 374 43 tjänstebenämningar
618 510 64 32 och
716 507 399 43 lönegradsplaceringar
1142 506 51 30 för
1217 505 63 30 den
1307 503 56 31 vid
1387 500 252 33 ämbetsverket

137 565 169 32 anställda
339 562 259 33 icke-ordinarie
632 561 205 42 personalen
872 560 10 30 i
918 558 110 41 övrigt
1053 557 60 31 har
1137 558 97 40 synts
1258 551 380 44 departementschefen

137 617 83 31 böra
243 617 153 30 närmare
420 616 123 40 prövas
568 625 38 19 av
630 612 125 41 Kungl.
781 611 97 40 Maj:t
902 609 78 32 med
1005 607 188 33 beaktande
1217 617 39 20 av
1280 605 42 31 de
1346 603 181 42 godkända
1544 613 96 30 grun-

138 668 105 31 derna
265 667 52 31 för
340 662 571 45 tjänsteförteckningsrevisionen.
936 657 389 44 Departementschefen
1350 656 60 30 har
1426 655 120 31 räknat
1564 652 76 32 med

138 730 42 20 en
204 717 131 32 mindre
359 715 285 42 anslagshöjning
666 714 10 30 i
701 713 186 40 anledning
909 723 39 19 av
973 709 322 43 omplaceringarna.

192 769 67 31 Vid
292 766 369 42 krigsmaterielverket
685 765 153 30 kvarstår
861 760 242 43 övergångsvis
1126 759 106 32 bland
1255 758 106 31 andra
1385 768 41 20 en
1450 755 193 40 befattning

140 821 52 31 för
214 819 165 42 ingenjör,
415 829 73 20 som
524 816 144 41 tidigare
703 815 134 31 tillhört
871 813 143 31 MEo24
1048 823 77 19 men
1157 811 72 30 från
1260 808 64 32 och
1347 808 78 31 med
1449 807 66 31 den
1542 807 12 29 1
1579 805 64 42 juli

143 871 77 31 1947
245 871 169 40 placerats
438 868 10 31 i
473 868 46 31 Ce
536 868 48 30 27.
620 867 123 30 Denna
766 864 193 41 befattning
982 863 60 31 har
1064 860 195 42 föreslagits
1283 871 46 19 nu
1354 859 96 31 skola
1472 857 129 31 införas
1625 858 16 28 å

141 922 134 31 verkets
298 918 376 44 personalförteckning
708 916 108 31 under
843 914 252 40 benämningen
1118 913 22 31 b
1155 910 213 42 yråingenjör,
1393 908 116 32 varvid
1534 907 108 32 skulle

142 972 187 37 anmärkas,
354 972 50 30 att
428 969 235 41 befattningen
687 968 73 31 icke
784 968 54 29 må
862 965 226 32 återbesättas
1111 963 57 31 vid
1191 962 136 31 vakans.

194 1022 143 32 Jämlikt
360 1021 194 42 grunderna
576 1020 52 30 för
651 1019 65 30 den
740 1017 175 42 reglerade
938 1014 349 41 befordringsgången
1308 1012 52 30 för
1376 1010 269 41 biträdesperso-

142 1075 56 31 nal
230 1073 168 33 beräknas
432 1072 197 42 ytterligare
666 1071 37 30 13
726 1068 337 41 befattningshavare
1086 1065 57 32 vid
1166 1062 368 43 krigsmaterielverket
1556 1060 91 31 bliva

142 1124 212 42 berättigade
378 1124 53 30 till
455 1122 171 32 ordinarie
649 1117 541 40 kontorsbiträdesbefattningar.

196 1176 17 31 I
239 1175 109 31 likhet
382 1174 77 31 med
493 1173 64 31 vad
590 1171 125 32 hittills
749 1170 87 31 varit
863 1169 96 31 fallet
981 1169 61 30 har
1064 1167 58 31 det
1146 1168 97 39 synts
1268 1161 379 44 departementschefen

144 1226 163 42 lämpligt,
326 1227 49 29 att
391 1224 125 41 Kungl.
530 1223 98 41 Maj:t
649 1222 124 41 jämväl
797 1221 51 31 för
871 1222 99 29 nästa
992 1219 167 41 budgetår
1181 1217 62 31 bör
1260 1218 62 39 äga
1345 1216 50 30 att
1418 1214 52 31 för
1493 1212 155 41 tillgodo-

146 1277 140 33 seendet
318 1288 39 20 av
381 1273 386 44 krigsmaterielverkets
790 1272 113 31 behov
926 1282 40 20 av
989 1272 94 29 extra
1105 1267 205 33 arbetskraft
1334 1266 52 31 för
1410 1264 170 41 tillfälliga
1603 1274 46 19 ar-

146 1327 254 42 betsuppgifter
435 1325 196 32 överskrida
665 1323 264 40 anslagsposten
954 1321 52 31 till
1029 1319 198 41 avlöningar
1261 1317 52 31 till
1348 1316 95 41 övrig
1477 1313 172 32 icke-ordi-

146 1379 93 32 narie
263 1377 170 43 personal.
469 1374 380 43 Krigsmaterielverket
876 1373 62 30 har
960 1371 165 32 beräknat
1157 1369 115 32 50000
1294 1368 126 30 kronor
1447 1366 52 31 för
1523 1365 128 31 sådana

146 1429 194 37 kostnader,
365 1427 170 40 nämligen
559 1426 52 31 för
634 1424 190 32 avlönande
848 1434 38 20 av
911 1423 66 31 den
994 1421 195 42 ytterligare
1206 1418 169 42 personal,
1390 1428 73 20 som
1481 1415 170 32 erfordras

146 1482 51 30 för
223 1482 49 29 att
306 1478 198 42 genomföra
537 1474 372 40 materielanskaffning
943 1472 106 41 enligt
1088 1472 80 30 1942
1200 1472 54 29 års
1285 1467 268 33 försvarsbeslut
1588 1465 63 32 och

146 1532 52 31 för
239 1532 49 29 att
326 1529 147 41 fullgöra
500 1527 134 31 verkets
659 1524 291 42 arbetsuppgifter
973 1522 77 32 med
1074 1520 215 41 anskaffning
1313 1531 39 19 av
1375 1516 277 33 kontorsmöbler

147 1582 63 31 och
243 1578 411 34 kontorsförnödenheter
680 1577 52 30 för
759 1574 359 40 statsförvaltningens
1141 1571 151 40 räkning.
1339 1569 74 31 Vad
1438 1567 215 32 sistnämnda

150 1631 274 43 personalbehov
458 1628 160 32 beträffar
653 1628 60 30 har
747 1624 379 44 departementschefen
1162 1622 135 36 erinrat,
1333 1623 49 28 att
1416 1619 58 31 det
1509 1618 144 41 tidigare

147 1684 190 36 förutsatts,
374 1683 50 29 att
457 1680 135 31 verkets
626 1677 193 41 befattning
854 1676 78 31 med
966 1674 215 40 anskaffning
1216 1684 38 19 av
1289 1670 277 33 kontorsmöbler
1590 1668 63 31 och

150 1732 411 34 kontorsförnödenheter
584 1730 74 31 icke
683 1729 109 31 skulle
815 1727 177 32 föranleda
1009 1725 167 32 särskilda
1192 1721 357 44 personalkostnader.
1591 1720 64 30 En-

150 1786 62 40 ligt
234 1784 63 32 vad
322 1794 74 21 som
420 1782 109 31 under
552 1780 91 32 hand
667 1780 187 31 inhämtats
877 1779 74 30 från
975 1774 366 44 krigsmaterielverket
1367 1775 35 29 är
1426 1771 229 40 anledningen

152 1836 52 31 till
239 1835 57 31 det
319 1845 46 20 nu
389 1832 157 32 anmälda
570 1830 311 43 personalbehovet
905 1828 75 37 den,
1005 1829 49 29 att
1077 1826 115 31 verket
1215 1825 73 31 icke
1324 1826 112 29 såsom
1474 1832 182 30 ursprung-

150 1886 90 41 ligen
270 1886 129 30 avsetts
424 1883 121 31 endast
569 1883 62 29 fått
655 1882 49 29 att
731 1879 131 32 fördela
886 1878 184 40 övertaliga
1094 1876 130 31 möbler
1248 1886 40 19 m.
1314 1885 41 20 m.
1381 1874 73 30 från
1478 1872 178 40 krisorgan

152 1938 90 35 utan,
277 1935 11 31 i
324 1934 89 31 brist
448 1934 42 40 på
524 1932 143 40 tillgång
696 1931 51 30 till
772 1929 115 42 dylika
911 1928 140 37 möbler,
1076 1927 146 39 nödgats
1246 1924 194 40 ombesörja
1475 1923 105 41 själva
1604 1933 55 19 an-

154 1986 212 40 skaffningen
391 1995 39 19 av
455 1983 176 31 möblerna
655 1981 72 31 från
752 1979 204 32 industrien.
981 1979 60 30 Ett
1065 1978 153 30 avsevärt
1242 1975 190 31 merarbete
1457 1975 120 29 utöver
1593 1971 64 31 vad

153 2048 74 20 som
263 2036 142 40 tidigare
430 2035 129 30 kunnat
583 2033 149 31 förutses
756 2031 87 31 hade
868 2030 197 40 därigenom
1091 2028 132 41 pålagts
1247 2026 125 31 verket.
1419 2024 82 31 Med
1524 2024 133 40 hänsyn

154 2088 51 31 till
229 2087 63 30 vad
317 2085 145 32 sålunda
486 2084 159 41 upplysts
663 2082 106 36 torde,
787 2081 196 31 framhåller
999 2077 387 43 departementschefen,
1404 2073 254 42 ifrågavarande

153 2135 350 45 personalkostnader
526 2135 32 30 få
582 2145 101 19 anses
708 2131 257 41 ofrånkomliga.
1011 2127 389 43 Departementschefen
1424 2126 62 30 har
1510 2124 148 31 emeller-

155 2189 49 31 tid
229 2187 194 37 framhållit,
449 2188 49 28 att
522 2185 90 30 inom
638 2184 116 30 verket
778 2182 198 31 förberedas
1000 2181 91 31 vissa
1114 2179 155 40 åtgärder
1293 2178 51 30 för
1368 2179 44 28 att
1434 2175 151 31 förenkla
1599 2175 60 30 för-

156 2238 154 31 farandet
334 2237 10 30 i
369 2235 166 32 samband
560 2234 77 31 med
660 2234 61 30 här
745 2232 149 32 avsedda
917 2231 262 39 anskaffningar.

218 2314 162 30 Utskottet.
406 2312 49 29 Av
473 2309 378 42 departementschefen
870 2308 10 30 i
898 2305 419 43 personalförteckningen
1333 2303 52 30 för
1402 2301 260 41 krigsmateriel-

159 2364 115 31 verket
308 2362 193 39 föreslagna
535 2360 194 39 iändringar,
754 2359 89 30 vilka
875 2360 52 28 stå
950 2357 10 30 i
985 2354 342 33 överensstämmelse
1352 2353 76 30 med
1453 2352 41 30 de
1519 2363 39 18 av
1582 2351 80 30 riks-

160 2415 108 38 dagen
293 2413 182 40 godkända
498 2410 195 40 grunderna
718 2411 49 28 för
791 2405 513 44 tjänsteförteckningsrevision
1330 2405 51 29 för
1397 2403 266 30 försvarsväsen-

162 2465 66 37 det,
253 2474 103 31 synas
381 2463 83 30 böra
488 2462 226 40 genomföras,
739 2460 112 30 varför
875 2458 170 40 förslagen
1070 2457 9 30 i
1104 2458 92 38 fråga
1221 2455 199 40 tillstyrkas.
