1882 2790
265 132 40 31 28
732 140 261 30 Statsutskottets
1016 143 167 30 utlåtande
1205 153 39 20 nr
1267 146 28 27 4.

585 211 34 42 b)
644 212 51 32 till
729 214 137 32 Armén:
899 216 177 41 Frivilliga
1109 218 272 41 djursjukvården
1415 221 14 31 i
1451 222 74 41 krig
1549 224 49 30 ett
1620 234 148 22 reserva-

531 261 215 44 tionsanslag
768 276 40 20 av
832 267 112 31 11000
966 267 140 39 kronor;

584 312 28 41 ec)
646 314 52 31 till
735 315 138 32 Armén:
920 317 178 41 Frivilliga
1139 321 270 39 skytteväsendets
1451 322 222 42 befrämjande
1716 327 49 30 ett

530 365 352 43 reservationsanslag
904 378 39 21 av
969 369 91 31 1440
1072 369 63 32 000
1156 370 141 38 kronor;

583 414 33 41 d)
639 414 52 32 till
714 416 138 32 Armén:
906 418 161 33 Understöd
1090 421 35 30 åt
1145 421 86 31 vissa
1246 421 198 42 föreningar
1466 435 39 20 m.
1523 435 39 21 m.
1581 427 49 29 ett
1646 426 119 41 anslag

530 475 41 20 av
594 465 40 30 22
647 466 62 31 000
731 466 140 39 kronor;

582 515 29 41 e)
644 516 53 31 till
730 517 137 32 Armén:
899 519 130 41 Bidrag
1065 520 50 32 till
1141 521 170 42 frivilliga
1334 523 358 40 tjänstehundväsendet
1714 529 50 30 ett

530 566 121 41 anslag
673 577 40 21 av
736 568 93 31 3000
851 568 135 33 kronor.

925 691 170 35 Marinen.

591 770 196 43 Avlöningar
810 781 37 25 m.
873 782 38 24 m.
935 774 48 33 till
1006 774 70 34 fast
1098 776 139 33 anställd
1263 779 164 39 personal.

309 834 86 42 48:0)
420 836 149 32 Marinen:
604 839 182 39 Avlöningar
807 841 45 30 till
870 843 142 37 personal
1030 841 18 33 å
1065 842 245 41 övergångsstat.
1334 846 19 31 I
1368 846 152 42 enlighet
1536 848 79 32 med
1631 849 129 41 Kungl.

255 884 117 41 Maj:ts
395 886 128 42 förslag
545 887 122 41 (punkt
690 890 48 37 72,
763 901 26 21 s.
813 890 60 42 68),
896 892 106 31 vilket
1024 893 12 31 i
1059 893 215 33 förhållande
1297 896 55 31 till
1375 899 244 31 motsvarande
1640 900 119 42 anslag

255 934 53 31 för
330 935 148 42 löpande
512 937 169 42 budgetår
707 939 145 33 innebär
874 952 42 21 en
939 942 198 43 minskning
1160 945 79 31 med
1263 946 62 31 120
1336 947 62 31 000
1421 947 137 40 kronor,
1583 949 176 33 beroende

255 987 44 39 på
322 985 150 33 minskat
494 988 94 31 antal
611 989 363 43 beställningshavare,
998 993 200 33 hemställer
1219 996 182 39 utskottet,

576 1066 51 30 att
659 1066 182 42 riksdagen
876 1070 52 29 må
963 1068 53 32 till
1049 1070 175 33 Marinen:
1248 1072 203 41 Avlöningar
1485 1074 51 32 till
1561 1077 154 38 personal
1736 1079 20 30 å

522 1117 239 40 övergångsstat
793 1118 53 31 för
878 1118 205 42 budgetåret
1114 1121 137 33 1948/49
1274 1123 118 32 anvisa
1415 1126 50 30 ett
1487 1125 271 44 förslagsanslag

524 1176 41 20 av
588 1167 62 31 200
662 1168 62 31 000
743 1168 136 32 kronor.

303 1266 86 40 49:o)
413 1268 150 31 Marinen:
598 1270 182 38 Avlöningar
807 1272 44 30 till
877 1273 142 37 personal
1044 1271 18 33 å
1086 1277 178 30 reservstat.
1312 1278 148 31 Marinen:
1494 1280 184 39 Avlöningar
1711 1282 46 30 till

251 1318 144 36 personal
425 1318 6 30 i
460 1319 154 31 marinens
645 1328 149 24 reserver.
841 1323 149 31 Marinen:
1019 1324 394 40 Rekryteringskostnader.
1458 1328 19 31 I
1500 1329 154 41 enlighet
1676 1331 79 31 med

250 1365 128 42 Kungl.
402 1368 116 41 Maj:ts
549 1369 128 42 förslag
698 1370 203 41 (punkterna
925 1373 132 38 73—75,
1083 1385 25 21 s.
1133 1376 39 31 68
1196 1376 64 31 och
1283 1377 60 41 69),
1367 1378 91 32 vilka
1480 1379 166 33 innebära
1669 1382 89 31 oför-

253 1417 151 32 ändrade
427 1419 363 43 medelsanvisningar,
814 1422 199 33 hemställer
1035 1425 180 39 utskottet,

574 1498 51 30 att
648 1497 181 42 riksdagen
852 1502 54 29 må
928 1500 52 31 för
1002 1501 205 41 budgetåret
1231 1503 137 33 1948/49
1392 1505 119 32 anvisa

572 1547 30 40 a)
625 1548 53 31 till
701 1549 174 32 Marinen:
909 1550 202 42 Avlöningar
1139 1553 51 31 till
1206 1555 155 38 personal
1384 1557 20 29 å
1426 1560 172 29 reservstat
1621 1560 49 29 ett
1692 1558 64 32 för-

519 1597 214 42 slagsanslag
755 1611 40 19 av
818 1601 41 31 60
870 1601 62 31 000
954 1602 140 39 kronor;

571 1648 33 40 b)
628 1649 53 30 till
703 1650 171 32 Marinen:
907 1651 203 42 Avlöningar
1144 1654 49 32 till
1214 1657 154 38 personal
1389 1657 14 31 i
1425 1658 166 32 marinens
1613 1670 140 21 reserver

519 1699 49 30 ett
590 1699 268 43 förslagsanslag
880 1713 40 19 av
945 1704 14 29 1
977 1703 133 32 180000
1132 1704 143 39 kronor;

572 1749 28 40 ce)
623 1750 52 30 till
701 1750 174 33 Marinen:
909 1753 405 41 Rekryteringskostnader
1348 1759 49 29 ett
1419 1758 269 43 förslagsanslag
1710 1771 40 21 av

518 1800 40 30 75
570 1800 63 32 000
655 1800 134 33 kronor.

299 1899 85 41 50:0)
408 1901 150 32 Marinen:
584 1903 400 41 Ekiperingsersättningar.
1036 1906 19 31 I
1088 1907 152 42 enlighet
1273 1909 79 31 med
1385 1909 127 43 Kungl.
1548 1911 117 42 Maj:ts
1688 1912 65 32 för-

248 1949 73 42 slag
354 1950 121 41 (punkt
498 1953 48 37 76,
572 1963 26 21 s.
623 1954 40 31 69
697 1954 63 31 och
796 1954 59 42 70),
878 1956 107 31 vilket
1017 1957 146 32 innebär
1192 1969 41 21 en
1268 1960 79 31 med
1381 1960 135 42 hänsyn
1552 1962 54 31 till
1629 1962 122 32 belast-

244 2000 128 41 ningen
406 2003 19 29 å
458 2003 155 40 anslaget
635 2004 179 32 föranledd
837 2006 198 42 minskning
1058 2008 78 31 med
1161 2009 134 32 100000
1317 2010 136 39 kronor,
1478 2012 202 32 hemställer
1703 2016 49 29 ut-

247 2050 140 39 skottet,

566 2097 51 30 att
650 2096 181 43 riksdagen
866 2100 54 30 må
953 2099 52 31 till
1036 2100 175 33 Marinen:
1250 2102 424 44 Ekiperingsersättningar
1697 2106 53 31 för

511 2145 205 43 budgetåret
740 2149 137 31 1948/49
901 2150 117 31 anvisa
1042 2153 49 29 ett
1113 2151 269 43 förslagsanslag
1405 2165 40 20 av
1462 2155 61 31 700
1534 2155 63 32 000
1613 2156 135 33 kronor.

673 2266 194 43 Avlöningar
890 2277 39 24 m.
954 2277 40 24 m.
1017 2269 50 33 till
1091 2271 228 42 värnpliktiga.

296 2338 85 42 51:0)
428 2341 151 32 Marinen:
604 2343 243 39 Familjebidrag.
871 2344 126 41 Kungl.
1022 2345 98 42 Maj:t
1143 2346 61 31 har
1227 2347 177 42 föreslagit
1426 2349 184 41 riksdagen
1627 2349 121 42 (punkt

242 2388 48 39 79,
326 2401 25 20 s.
388 2390 49 42 70)
470 2393 50 29 att
553 2392 54 31 till
633 2392 256 41 ifrågavarande
912 2395 159 32 ändamål
1093 2397 53 31 för
1168 2397 204 42 budgetåret
1397 2400 137 40 1948/49
1557 2400 119 32 anvisa
1699 2402 49 30 ett

240 2438 269 45 förslagsanslag
532 2454 41 20 av
598 2443 91 31 1000
701 2444 62 31 000
784 2444 135 32 kronor.
