1880 2838
100 1480 127 25 Utskottet.

274 129 40 31 22
705 135 308 33 Bankoutskottets
1037 137 177 32 utlåtande
1238 138 50 31 Nr
1311 141 50 29 44.

276 220 131 29 statens
434 217 187 40 järnvägar
651 219 114 32 såsom
795 220 85 31 ban-
911 222 64 30 och
1005 221 337 38 byggnadsarbetare
1373 227 89 28 samt
1490 225 116 31 såsom
1634 225 151 38 tillfällig

276 268 164 37 banvakt,
470 269 122 32 därvid
620 270 87 31 hans
735 272 263 37 sammanlagda
1025 273 132 37 styrkta
1184 273 278 38 anställningstid
1489 276 145 36 uppgått
1661 276 52 31 till
1745 277 39 31 14

275 317 40 33 år
337 320 15 30 1
374 319 128 32 månad
523 321 40 31 12
583 321 119 37 dagar;

324 372 51 28 att
396 370 71 31 han
490 371 107 37 enligt
620 375 49 27 ett
692 371 55 32 för
771 373 133 31 honom
926 373 68 31 den
1019 374 42 30 20
1087 375 186 30 november
1302 375 83 31 1934
1411 376 156 32 utfärdat
1591 377 196 38 läkarintyg

278 428 136 23 samma
440 421 67 37 dag
533 422 102 37 tagits
662 423 111 30 under
798 423 313 38 läkarbehandling
1137 425 55 31 för
1220 426 298 37 lungtuberkulos,
1548 428 121 30 varvid
1697 429 89 31 hans

277 470 276 39 arbetsförmåga
574 472 178 32 befunnits
777 474 137 31 nedsatt
936 475 80 31 med
1039 476 40 30 75
1103 479 156 34 procent;

323 526 90 27 samt
437 525 49 28 att
509 523 72 31 han
605 522 45 39 på
675 524 113 36 grund
812 534 43 21 av
881 526 154 30 nämnda
1059 526 163 37 sjukdom
1246 528 40 29 är
1310 527 204 38 oförmögen
1538 529 51 30 till
1613 529 173 31 förvärvs-

275 572 127 33 arbete.

323 660 91 36 Över
436 666 68 31 den
532 666 236 38 föreliggande
794 669 178 30 motionen
999 670 65 30 har
1089 671 166 30 utskottet
1279 671 13 30 i
1320 671 216 38 vederbörlig
1561 672 148 38 ordning
1736 673 49 30 in-

276 715 137 32 hämtat
430 715 179 34 utlåtande
629 728 42 20 av
691 719 255 37 statskontoret,
968 729 76 22 som
1064 721 79 31 hört
1162 721 343 38 järnvägsstyrelsen.

321 767 340 39 Järnvägsstyrelsen
680 769 66 30 har
763 770 150 37 upplyst,
936 774 48 28 att
1006 771 162 37 Nyström
1187 772 64 31 hos
1271 773 168 37 styrelsen
1460 772 147 32 anhållit
1628 783 57 21 om
1704 783 82 28 pen-

276 817 77 32 sion
374 818 83 31 eller
477 819 191 31 understöd
689 829 79 21 men
788 823 50 28 att
861 822 165 36 styrelsen
1048 822 132 31 lämnat
1202 823 240 37 ansökningen
1462 826 86 28 utan
1569 824 110 37 bifall,
1703 826 84 29 enär

276 868 180 36 Nyströms
480 870 259 37 vederbörligen
762 872 134 36 styrkta
919 872 278 37 anställningstid
1219 873 11 30 i
1255 873 195 37 statstjänst
1473 875 146 31 allenast
1641 874 146 39 uppgått

273 919 55 31 till
351 921 39 29 14
412 919 38 32 år
473 921 14 30 1
509 919 132 33 månad
664 922 38 30 12
725 922 108 36 dagar
854 926 90 27 samt
963 923 94 37 förty
1078 924 89 30 varit
1187 934 43 20 av
1252 924 57 31 för
1327 925 79 30 kort
1428 925 210 37 omfattning
1659 926 56 31 för
1737 929 49 28 att

275 970 169 37 berättiga
461 971 51 31 till
531 972 145 37 pension
694 973 82 30 eller
794 973 239 36 gratifikation
1050 974 138 38 jämlikt
1205 974 266 32 föreskrifterna
1495 976 5 30 i
1521 976 124 37 Kungl.
1666 976 119 37 Maj:ts

274 1020 86 31 brev
383 1022 67 30 den
475 1023 39 30 18
538 1022 183 31 december
747 1024 95 30 1925.
891 1024 66 31 Vid
979 1024 151 37 förnyad
1153 1025 262 38 undersökning
1438 1026 91 31 hade
1554 1027 80 36 inga
1657 1027 128 37 ytterli-

274 1079 82 29 gare
378 1072 175 38 uppgifter
574 1074 149 30 rörande
746 1074 181 37 Nyströms
949 1075 279 37 anställningstid
1250 1077 137 30 kunnat
1409 1077 145 36 styrkas.
1601 1077 183 38 Järnvägs-

275 1123 168 37 styrelsen
468 1122 128 39 ansåge
620 1124 52 37 sig
699 1124 120 31 därför
846 1126 87 30 böra
958 1127 164 36 avstyrka
1147 1126 100 31 bifall
1275 1127 51 31 till
1355 1127 67 31 den
1449 1127 236 38 föreliggande
1712 1138 72 21 mo-

274 1173 129 31 tionen.

320 1223 252 33 Statskontoret
593 1226 65 30 har
679 1226 126 36 anfört,
827 1230 50 27 att
899 1227 179 36 Nyströms
1099 1228 266 36 sammanlagda
1385 1228 280 41 anställningstid
1687 1229 10 31 i
1718 1232 66 28 sta-

274 1277 76 29 tens
373 1275 107 38 tjänst
499 1276 108 37 enligt
627 1277 271 30 ämbetsverkets
919 1277 139 38 mening
1080 1287 81 22 vore
1183 1278 56 31 för
1261 1279 79 31 kort
1362 1278 56 31 för
1439 1282 49 28 att
1512 1280 145 37 pension
1677 1281 108 30 borde

273 1326 156 37 beviljas.
473 1322 261 36 Ämbetsverket
754 1327 111 31 funne
884 1327 131 38 därför,
1036 1331 49 29 att
1107 1328 229 32 förevarande
1356 1330 132 30 motion
1509 1330 76 31 icke
1605 1331 108 31 borde
1734 1331 52 31 till

275 1375 115 39 någon
410 1376 121 38 åtgärd
551 1377 191 32 föranleda.

321 1477 117 32 Under
453 1477 222 39 åberopande
692 1488 43 21 av
753 1479 68 30 vad
839 1479 332 38 järnvägsstyrelsen
1190 1481 65 30 och
1275 1481 247 31 statskontoret
1545 1482 5 30 i
1569 1483 214 30 ovannämn-

274 1528 45 31 da
343 1527 203 33 utlåtanden
571 1529 118 31 anfört
712 1528 55 32 får
787 1531 167 30 utskottet
977 1531 163 37 avstyrka
1163 1531 100 31 bifall
1287 1532 51 30 till
1359 1532 68 30 den
1450 1532 235 37 föreliggande
1711 1543 71 21 mo-

273 1579 129 32 tionen.

320 1630 171 32 Utskottet
518 1632 202 31 hemställer
749 1630 111 38 alltså,

629 1719 50 28 att
703 1716 231 31 förevarande
958 1716 131 31 motion
1119 1717 100 31 II:90
1246 1717 75 31 icke
1345 1716 60 32 må
1431 1717 51 31 till
1509 1717 114 38 någon
1650 1718 132 32 riksda-

584 1775 81 29 gens
688 1765 121 39 åtgärd
834 1767 192 31 föranleda.

630 1956 44 34 II.
720 1956 157 35 Statens
901 1957 350 34 vattenfallsverks
1276 1958 144 34 medel.

983 2066 87 30 12:0.

317 2138 425 38 Anläggningsarbetaren
762 2140 119 31 Johan
899 2141 132 36 August
1050 2141 169 31 Karlsson
1237 2142 104 30 Roth.
1385 2142 14 30 I
1418 2142 135 31 motion
1569 2142 45 31 II:
1628 2143 41 30 87
1689 2143 91 31 hava

271 2189 124 32 herrar
419 2190 124 32 Olsson
566 2191 12 31 i
603 2191 168 31 Mellerud
796 2192 66 30 och
888 2192 85 30 Hult
996 2193 186 36 hemställt,
1213 2196 69 28 »att
1305 2193 185 37 riksdagen
1515 2192 106 32 måtte
1646 2194 135 32 besluta

271 2241 123 37 medge
421 2242 410 37 anläggningsarbetaren
857 2243 115 30 Johan
998 2243 132 37 August
1158 2244 166 30 Karlsson
1352 2243 100 37 Roth,
1479 2244 228 38 Vänersborg,
1733 2247 48 29 ett

271 2289 103 40 årligt
397 2293 189 31 understöd
610 2293 79 31 med
713 2293 136 37 belopp,
873 2303 75 22 som
972 2293 87 32 efter
1082 2294 170 37 prövning
1276 2295 71 30 kan
1369 2294 161 32 befinnas
1557 2295 155 37 skäligt».

316 2385 51 30 Av
387 2385 257 37 handlingarna
667 2386 11 31 i
699 2386 143 35 ärendet
863 2386 185 37 inhämtas,

316 2439 51 28 att
386 2436 89 32 Roth
495 2437 40 31 är
553 2436 88 32 född
661 2437 65 31 den
747 2438 19 29 4
788 2437 72 38 maj
883 2438 81 30 1867
986 2438 66 30 och
1073 2436 100 33 alltså
1193 2439 86 30 nära
1300 2439 41 30 70
1360 2437 39 32 år
1418 2440 165 35 gammal;
