1904 2780
374 158 168 26 Allmänna
565 157 363 34 beredningsutskottets
952 156 162 27 utlåtande
1137 164 39 18 nr
1198 156 38 27 22
1258 156 36 27 år
1318 155 74 27 1956
1614 157 20 30 9

196 237 215 30 Kommittén
442 237 205 30 framhåller
677 237 118 30 vidare
825 238 50 28 att
906 237 210 39 tillgängligt
1146 236 190 30 statistiskt
1366 235 160 30 material
1556 235 77 29 icke

140 299 59 32 ger
220 291 104 39 något
344 291 165 39 egentligt
528 291 88 29 mått
637 291 44 39 på
701 290 425 40 ungdomsasocialiteten.
1159 289 52 29 En
1233 289 71 29 viss
1326 288 227 40 uppfattning
1575 296 57 21 om

141 346 132 29 dennas
297 345 211 39 utbredning
532 344 70 30 kan
627 344 89 30 dock
740 344 150 29 erhållas
915 352 125 31 genom
1063 342 458 31 barnavårdsnämndernas
1546 350 87 31 upp-

141 398 102 40 gifter
264 399 51 29 till
337 399 67 29 den
425 398 167 30 officiella
615 398 209 29 statistiken.
858 398 110 29 Dessa
989 396 178 41 uppgifter
1189 397 93 28 visar
1304 396 44 29 bl.
1372 405 29 20 a.
1424 383 115 42 att
1496 379 39 61 en
1562 395 70 29 för-

141 452 186 39 skjutning
350 452 44 39 på
418 461 121 20 senare
564 452 38 29 år
627 453 56 38 ägt
707 460 78 21 rum
811 451 95 29 inom
931 450 469 40 ungdomsvårdsskolornas
1425 449 144 29 klientel
1595 449 37 29 så

141 507 50 28 att
211 505 216 40 efterfrågan
447 505 44 41 på
511 506 131 39 platser
663 505 155 30 minskat
840 505 54 29 för
916 504 166 30 skolbarn
1104 513 81 20 men
1207 504 82 30 ökat
1312 503 53 30 för
1388 503 95 30 äldre
1505 502 127 40 pojkar

142 560 64 29 och
227 559 87 30 visst
335 560 154 33 klientel,
512 568 75 20 som
611 560 37 28 är
670 559 10 29 i
702 559 110 29 behov
835 567 41 21 av
900 558 354 40 specialbehandling.
1291 556 216 30 Kommittén
1530 556 103 29 anför

141 614 9 28 i
175 614 113 29 denna
312 612 100 40 fråga
434 613 134 29 vidare:

198 684 245 39 Långtgående
471 684 183 29 slutsatser
680 684 70 29 kan
776 684 71 28 inte
875 683 125 39 dragas
1028 692 41 20 av
1096 683 95 29 detta
1218 682 150 33 faktum,
1397 681 167 29 eftersom
1590 689 44 20 en

142 729 104 39 något
272 730 135 29 ändrad
433 729 213 38 bedömning
672 737 41 21 av
739 728 382 39 intagningsärendena
1148 727 88 29 även
1263 726 93 39 gjort
1384 726 50 39 sig
1462 725 170 40 gällande.

141 774 203 29 Emellertid
364 783 102 30 synes
484 774 57 29 det
559 773 80 29 från
658 773 113 29 skilda
788 773 71 29 håll
878 771 211 31 anskaffade
1108 771 300 30 siffermaterialet
1428 770 116 29 såsom
1562 770 72 28 hel-

141 820 59 28 het
225 819 177 29 betraktat
428 820 138 28 snarast
593 826 39 31 ge
660 818 57 39 fog
743 817 54 30 för
824 816 285 41 uppfattningen,
1137 818 52 27 att
1216 815 261 39 svårigheterna
1503 814 130 30 beträf-

142 864 105 29 fande
273 864 219 38 ungdomens
519 862 386 39 samhällsanpassning
931 862 76 29 icke
1035 861 112 29 skulle
1173 861 82 29 bero
1282 860 44 39 på
1352 869 42 20 en
1421 858 213 40 försämring

142 918 42 20 av
207 909 219 38 ungdomens
449 908 166 29 beteende
638 907 11 29 i
673 915 122 31 gemen
819 908 86 28 utan
930 906 44 39 på
998 914 144 31 gravare
1167 904 305 40 missanpassning
1496 904 64 29 hos
1586 905 47 27 ett

141 953 137 29 relativt
304 952 96 30 fåtal.
438 951 306 40 Sammanhangen
769 952 38 29 är
832 951 89 29 dock
946 949 118 31 alltför
1090 949 247 39 ofullständigt
1361 949 117 29 kända
1503 948 54 29 för
1583 949 50 28 att

143 997 108 40 några
276 998 183 29 slutsatser
485 997 89 29 skall
599 996 122 29 kunna
746 996 135 39 dragas.
919 995 90 29 Intet
1034 996 163 28 närmare
1223 995 38 28 är
1287 993 108 29 heller
1421 993 130 29 bekant
1576 1001 57 21 om

142 1043 42 29 de
209 1042 96 34 barn,
332 1050 74 21 som
430 1041 66 30 blir
522 1040 147 30 föremål
694 1040 54 30 för
773 1039 347 39 omhändertagande
1145 1048 42 20 av
1211 1037 352 30 barnavårdsnämnd
1589 1036 45 40 på

143 1087 112 40 grund
277 1096 42 20 av
339 1088 124 28 vanart
485 1095 80 20 men
587 1085 76 30 icke
684 1085 134 39 intages
851 1084 9 29 å
883 1083 393 40 ungdomsvårdsskola.
1311 1082 101 29 Ännu
1435 1082 138 29 mindre
1596 1082 38 29 är

141 1131 178 30 utforskat
339 1140 57 20 om
415 1131 89 29 barn
523 1131 64 28 och
608 1130 206 39 ungdomar,
836 1137 75 21 som
931 1129 66 29 blir
1019 1127 148 31 föremål
1188 1127 55 30 för
1263 1126 370 30 barnavårdsnämnds

143 1176 257 39 förebyggande
422 1175 160 39 åtgärder
605 1174 81 29 eller
709 1182 74 21 som
804 1173 11 30 i
837 1182 119 21 annan
978 1172 92 30 form
1092 1171 55 30 får
1169 1172 100 39 hjälp
1292 1171 64 30 och
1380 1171 76 29 stöd
1479 1180 42 20 av
1544 1179 90 21 sam-

142 1221 116 30 hället.

198 1309 94 30 Även
313 1308 281 39 socialstyrelsen
616 1316 58 31 ger
696 1307 141 40 uttryck
860 1306 35 30 åt
917 1306 275 41 uppfattningen
1214 1307 51 28 att
1288 1304 208 40 tillgängligt
1520 1303 116 30 statis-

144 1363 86 30 tiskt
248 1362 161 30 material
430 1363 136 29 lämnar
586 1363 48 28 ett
654 1361 140 40 mycket
813 1360 141 30 osäkert
973 1359 90 30 mått
1081 1359 45 40 på
1146 1358 398 40 ungdomsproblemens
1565 1366 72 20 om-

143 1416 162 39 fattning.
341 1415 223 30 Härutinnan
589 1414 102 30 anför
714 1414 171 39 styrelsen
908 1413 231 40 synpunkter,
1162 1411 369 31 överensstämmande
1555 1410 80 30 med

143 1471 78 29 dem
243 1468 429 31 barnavårdskommittén
696 1467 174 34 framfört,
894 1467 65 29 och
981 1466 146 29 uttalar:

200 1540 279 40 Uppfattningen
505 1541 50 28 att
581 1537 443 41 ungdomsbrottsligheten
1051 1536 96 40 stigit
1172 1536 128 40 bygger
1326 1536 11 29 i
1365 1537 70 28 stor
1463 1534 174 30 utsträck-

144 1586 83 38 ning
246 1585 43 40 på
308 1584 270 39 redovisningen
598 1593 41 20 av
659 1583 131 30 antalet
808 1583 103 33 brott,
932 1581 149 30 framför
1102 1581 63 29 allt
1183 1580 44 40 på
1247 1580 131 30 antalet
1399 1580 117 28 stulna
1535 1578 100 30 bilar.

145 1631 51 28 Av
214 1631 110 28 större
342 1629 175 39 betydelse
535 1637 82 20 vore
636 1628 192 29 emellertid
847 1629 50 27 att
915 1628 78 28 veta
1012 1626 132 29 antalet
1163 1633 93 31 unga
1274 1624 227 39 brottslingar
1520 1623 11 30 i
1551 1623 87 29 rela-

145 1675 73 30 tion
239 1675 51 29 till
312 1675 132 29 antalet
464 1674 196 38 ungdomar
681 1673 10 29 i
713 1672 247 29 motsvarande
981 1671 280 39 åldersgrupper.
1294 1669 118 39 Enligt
1433 1678 43 20 en
1497 1667 140 41 uppgift

145 1719 111 30 under
282 1719 95 29 hand
404 1718 80 30 från
510 1717 221 31 Stockholms
757 1717 96 29 stads
879 1714 353 31 barnavårdsnämnd
1258 1715 38 28 är
1323 1714 58 29 det
1406 1713 145 29 relativa
1577 1721 60 21 an-

145 1764 83 30 talet
251 1771 93 31 unga
366 1762 227 39 brottslingar
617 1761 54 30 för
694 1761 221 30 Stockholms
938 1760 55 30 del
1017 1759 167 39 tämligen
1207 1759 169 28 konstant
1399 1757 84 30 åren
1508 1756 130 30 1951—

145 1807 94 30 1954.
270 1808 127 29 Vidare
418 1816 102 30 synes
541 1806 202 40 problemen
764 1806 110 29 ändra
895 1804 168 30 karaktär
1083 1804 173 29 beroende
1277 1802 44 40 på
1342 1802 294 30 ålderssamman-

144 1853 201 38 sättningen
375 1852 64 29 hos
470 1850 251 40 befolkningen
753 1850 10 29 i
796 1849 93 29 olika
923 1848 205 30 stadsdelar.
1164 1847 152 30 Sålunda
1351 1847 50 29 lär
1436 1846 198 30 stadsdelen

144 1897 245 38 Hökarängen,
412 1904 74 21 som
509 1895 23 29 f.
555 1904 33 20 n.
610 1895 133 28 brottas
765 1894 79 29 med
867 1894 95 28 stora
984 1891 344 40 ungdomsproblem,
1352 1899 82 21 vara
1457 1891 68 28 den
1548 1891 55 28 ort
1624 1890 10 28 i

144 1942 77 28 hela
240 1941 119 29 landet
379 1949 73 20 som
472 1939 63 29 har
555 1940 42 28 de
617 1939 101 29 flesta
739 1938 251 39 tonåringarna
1009 1936 11 29 i
1040 1936 147 29 relation
1210 1935 50 29 till
1282 1936 118 28 ortens
1419 1934 216 39 befolkning.

202 2037 355 30 Läroverkslärarnas
579 2036 230 40 riksförbund
832 2036 102 30 anför
956 2035 224 30 beträffande
1203 2036 190 29 orsakerna
1416 2035 52 30 till
1490 2036 68 29 den
1581 2044 58 20 en-

145 2093 61 38 ligt
227 2091 207 30 förbundets
455 2091 142 38 mening
619 2090 110 30 under
750 2090 41 29 de
814 2090 137 29 senaste
972 2089 83 29 åren
1078 2088 168 41 påtagligt
1269 2089 158 39 stegrade
1449 2089 189 39 ungdoms-

144 2145 267 39 brottsligheten
434 2144 172 39 följande:

203 2215 200 29 Orsakerna
429 2216 37 28 är
492 2214 275 39 uppenbarligen
793 2214 124 29 endast
944 2214 50 28 till
1021 2222 42 20 en
1090 2213 135 29 mindre
1253 2213 54 29 del
1334 2215 49 27 att
1409 2213 151 29 hänföra
1587 2212 50 29 till

148 2261 124 29 tidlösa
290 2258 506 40 generationsmotsättningar.
827 2258 74 28 Den
921 2257 178 33 situation,
1118 2257 31 28 vi
1172 2257 109 28 möter
1301 2257 9 28 i
1331 2257 66 37 dag
1415 2256 223 29 beträffande

145 2303 453 40 ungdomsbrottsligheten,
636 2303 38 28 är
711 2302 101 29 alltså
849 2302 109 28 delvis
996 2310 45 29 ny
1068 2301 63 29 och
1159 2300 111 29 måste
1297 2300 119 29 därför
1443 2300 193 29 behandlas

148 2349 133 30 utifrån
303 2348 76 29 sina
400 2356 86 30 egna
508 2347 304 37 förutsättningar.
845 2345 352 39 Pubertetsperioden
1219 2345 63 28 har
1304 2344 9 29 i
1337 2345 65 28 den
1425 2353 96 20 mera
1542 2344 98 29 kom-

146 2394 172 39 plicerade
341 2392 168 32 livsform,
533 2400 74 20 som
630 2390 301 30 industrialismen
955 2389 136 39 skapat,
1113 2388 98 29 blivit
1235 2389 118 36 längre
1376 2388 63 29 och
1463 2388 174 38 svårighe-

149 2440 96 27 terna
263 2438 54 29 för
335 2437 66 29 den
419 2436 95 30 äldre
532 2435 246 39 generationen
797 2436 48 27 att
865 2433 109 30 förstå
993 2434 199 38 ungdomen
1213 2434 119 28 större.
1364 2433 9 28 I
1395 2433 56 28 det
1470 2433 166 28 moderna

147 2483 184 28 samhället
365 2481 76 29 med
477 2480 217 37 ungdomens
727 2479 98 37 tidigt
850 2478 207 29 inträdande
1081 2477 299 40 pubertetsperiod
1405 2477 63 28 har
1492 2476 145 30 tonåren
