1900 2778
253 155 39 29 14
486 154 168 26 Allmänna
677 154 362 35 beredningsutskottets
1063 156 162 27 utlåtande
1247 165 39 18 nr
1308 157 37 26 22
1368 157 36 27 år
1428 158 74 26 1956

252 234 110 37 gande
382 234 146 29 resultat
548 234 124 29 endast
691 234 42 39 på
753 235 168 39 tämligen
942 235 79 40 lång
1042 236 80 29 sikt.
1155 236 175 39 Styrelsen
1352 237 116 29 finner
1490 239 179 39 angeläget
1690 240 48 28 att

252 295 81 20 man
355 287 87 29 även
462 287 116 29 finner
599 288 144 39 utvägar
764 297 74 20 som
859 288 65 29 har
946 289 169 29 snabbare
1136 289 111 30 effekt
1267 290 65 30 och
1354 290 113 34 anför,
1488 292 78 29 med
1589 292 149 29 särskild

252 340 221 39 anknytning
497 341 51 28 till
573 341 237 34 bilstölderna,
835 341 119 30 vidare
979 342 138 30 härom:

307 402 66 29 Om
414 403 226 29 bilstölderna
680 404 116 29 kunde
836 404 162 29 effektivt
1037 406 142 38 trängas
1208 406 156 34 tillbaka,
1393 408 37 28 är
1459 407 56 28 det
1544 407 116 39 troligt
1689 409 49 28 att

251 447 441 39 ungdomsbrottsligheten
713 449 144 29 därmed
880 449 112 29 skulle
1013 450 186 38 väsentligt
1222 450 140 39 sjunka.
1396 451 59 28 Att
1476 451 180 29 motverka
1677 452 62 29 bil-

252 492 177 29 stölderna
451 492 65 29 blir
539 492 119 30 därför
680 493 10 28 i
713 494 203 29 nuvarande
940 494 73 38 läge
1036 503 43 20 en
1102 503 41 20 av
1167 495 40 29 de
1231 497 89 27 mest
1343 496 192 38 angelägna
1557 495 182 31 kriminal-

251 536 165 38 politiska
437 537 234 39 uppgifterna.
703 537 131 30 Härvid
857 547 103 29 synes
981 539 56 28 det
1058 539 176 38 praktiskt
1256 540 50 28 att
1327 539 10 29 i
1360 539 110 29 första
1492 540 95 29 hand
1606 540 132 29 inrikta

252 581 50 38 sig
324 580 44 40 på
391 580 160 39 åtgärder
574 591 42 19 av
638 590 94 21 mera
755 582 143 29 teknisk
921 584 113 28 natur.

306 625 305 30 Motorfordonens
636 626 203 39 skyddande
864 629 73 27 mot
960 636 153 31 angrepp
1137 637 42 19 av
1204 628 116 38 tjuvar
1344 629 37 28 är
1406 630 94 28 ännu
1525 628 212 40 bristfälligt.

252 670 64 28 Det
336 670 178 29 förefaller
536 679 74 20 som
632 679 56 20 om
710 680 41 19 en
773 672 130 37 mängd
924 671 250 39 fordonsägare
1197 672 111 29 skulle
1331 682 83 20 anse
1437 675 51 27 att
1509 673 57 29 det
1588 674 38 28 är
1649 682 89 20 sam-

251 714 125 29 hällets
398 715 62 28 sak
481 716 49 27 att
552 724 35 19 se
609 715 62 33 till,
693 717 49 27 att
762 715 180 30 bilstölder
964 716 70 29 inte
1056 717 80 38 äger
1159 725 88 20 rum.
1281 716 183 29 Gentemot
1486 717 93 30 detta
1601 717 138 30 betrak-

252 759 156 29 telsesätt
431 759 110 29 måste
564 760 131 28 hävdas
719 760 66 29 den
809 760 283 39 uppfattningen,
1117 762 50 27 att
1191 761 57 29 det
1271 762 37 28 är
1333 770 42 20 en
1399 761 89 40 plikt
1512 761 54 30 för
1590 762 67 29 den
1680 771 58 20 en-

253 803 110 29 skilde
389 804 252 38 medborgaren
667 806 49 27 att
742 806 78 36 taga
846 804 86 30 vård
958 813 56 20 om
1041 805 59 28 sitt
1127 805 126 29 fordon
1280 813 125 31 genom
1432 807 49 28 att
1508 806 73 29 låsa
1608 807 67 33 det,
1702 807 31 38 ej

251 848 205 29 kvarlämna
479 849 212 38 startnyckel
714 858 28 20 o.
766 858 25 19 s.
814 858 30 20 v.
878 849 178 29 Effektiva
1078 850 123 29 rattlås
1224 850 64 29 och
1311 850 167 30 liknande
1502 850 236 40 anordningar

251 893 118 38 börjar
397 893 47 29 bli
473 894 61 28 allt
561 893 190 38 vanligare;
783 894 120 29 värdet
932 903 41 20 av
1002 894 131 29 sådana
1163 895 162 29 tekniska
1354 895 186 29 motmedel
1569 896 73 28 mot
1671 896 67 28 till-

251 945 106 31 grepp
381 937 109 29 måste
516 947 102 19 anses
644 938 36 29 så
704 938 196 38 väsentligt,
926 940 49 27 att
1000 938 114 39 någon
1139 940 104 38 utväg
1269 939 111 29 måste
1406 940 103 28 sökas
1535 940 54 29 för
1615 941 49 28 att
1689 942 48 27 ett

250 982 215 39 tillförlitligt
489 982 123 29 rattlås
638 982 88 30 skall
749 982 47 29 bli
822 985 47 26 ett
896 983 242 38 obligatoriskt
1164 984 160 29 tillbehör
1351 984 51 29 till
1429 984 308 39 bilutrustningen.

250 1027 62 28 Det
335 1027 61 28 bör
419 1026 63 30 här
504 1027 199 33 anmärkas,
726 1029 49 27 att
801 1027 83 30 1953
907 1027 57 29 års
986 1027 485 40 trafiksäkerhetsutredning
1492 1029 11 28 i
1526 1030 48 27 ett
1597 1029 139 39 nyligen

250 1071 134 38 avgivet
402 1072 162 38 yttrande
585 1072 50 28 till
657 1071 122 29 chefen
800 1072 54 29 för
875 1072 607 40 kommunikationsdepartementet
1503 1075 70 27 rest
1592 1073 146 30 invänd-

250 1116 124 38 ningar
412 1118 71 26 mot
520 1125 42 19 en
600 1116 219 39 lagstiftning
857 1125 57 20 om
940 1116 122 30 rattlås
1089 1126 29 20 o.
1146 1117 68 39 dyl.
1252 1116 95 30 även
1374 1116 361 40 fångvårdsstyrelsen

250 1160 115 29 finner
387 1161 57 29 det
463 1160 169 30 önskvärt
652 1162 50 27 att
722 1170 40 19 en
786 1161 220 39 lagstiftning
1028 1161 70 29 kan
1119 1162 189 33 undvikas;
1334 1162 94 29 detta
1451 1161 177 30 förefaller
1649 1162 89 39 möj-

250 1205 60 38 ligt
335 1213 124 30 genom
485 1214 42 20 en
553 1206 207 28 samverkan
786 1205 44 39 på
856 1205 142 40 frivillig
1023 1207 64 38 väg
1113 1207 129 28 mellan
1268 1206 332 39 försäkringsbolag,
1626 1206 111 29 bilfir-

249 1258 75 20 mor
349 1249 65 29 och
439 1250 163 38 bilägare.

303 1294 53 28 En
377 1303 117 20 annan
516 1294 122 38 åtgärd
660 1295 51 28 till
733 1295 288 30 förekommande
1043 1306 42 19 av
1105 1296 180 30 bilstölder
1308 1299 38 28 är
1368 1307 42 19 en
1433 1298 240 40 förstärkning
1695 1308 42 21 av

249 1339 143 38 polisen.
424 1339 52 28 En
497 1339 132 38 ökning
649 1348 40 20 av
710 1340 131 28 antalet
861 1340 54 29 för
937 1340 199 30 ändamålet
1156 1342 183 29 utrustade
1361 1343 65 28 och
1447 1343 165 29 avdelade
1633 1344 104 38 polis-

249 1384 82 28 män
388 1401 7 2 ---
416 1384 57 28 det
494 1384 106 38 gäller
622 1384 64 29 här
707 1384 149 29 framför
879 1385 61 28 allt
962 1385 40 29 de
1025 1386 110 28 större
1159 1386 163 29 städerna
1343 1404 45 3 —
1410 1387 112 29 skulle
1545 1387 126 39 betyda
1693 1397 42 20 en

248 1427 111 30 bättre
396 1428 197 39 bevakning
629 1428 64 29 och
729 1429 145 29 därmed
899 1431 48 27 ett
972 1429 212 30 hämmande
1210 1430 197 39 inflytande
1433 1431 43 39 på
1503 1431 232 39 biltjuvarnas

248 1472 232 29 verksamhet.
513 1472 126 30 Vidare
660 1473 111 29 skulle
791 1473 182 39 begångna
992 1474 180 30 bilstölder
1194 1475 170 29 snabbare
1385 1476 192 38 uppklaras
1598 1476 65 29 och
1684 1478 52 28 ut-

248 1517 111 28 redas.
388 1516 150 30 Givetvis
556 1517 113 29 skulle
686 1526 40 20 en
745 1517 110 30 sådan
872 1518 142 39 polisiär
1032 1519 236 39 upprustning
1286 1519 45 29 ha
1349 1529 41 19 en
1411 1520 195 30 hindrande
1625 1520 109 30 effekt

248 1562 86 28 även
354 1561 44 39 på
418 1562 109 29 andra
547 1562 93 28 brott
660 1562 141 29 särskilt
822 1562 106 30 bland
948 1564 164 38 ungdom.
1145 1563 116 39 Enligt
1281 1564 65 29 vad
1369 1573 142 30 pressen
1534 1564 43 40 på
1599 1567 136 27 senaste

248 1606 49 29 tid
320 1605 77 30 haft
422 1607 50 28 att
495 1607 169 32 meddela,
690 1606 88 29 lärer
803 1607 96 29 inom
923 1607 412 40 inrikesdepartementet
1360 1617 42 20 en
1428 1609 241 39 förstärkning
1694 1619 41 20 av

248 1650 233 39 polismakten
505 1651 8 28 i
539 1650 146 30 berörda
710 1651 88 38 syfte
822 1660 84 20 vara
931 1652 110 29 under
1065 1653 248 38 övervägande.

301 1738 431 30 Barnavårdskommittén
749 1740 103 29 anför
869 1740 156 39 följande
1041 1741 223 29 beträffande
1282 1741 59 29 sitt
1358 1741 211 30 kommande
1587 1741 145 40 förslag:

303 1800 12 28 I
333 1801 344 29 huvudbetänkande
695 1802 77 29 med
792 1802 132 38 förslag
943 1802 50 29 till
1013 1812 45 29 ny
1077 1803 273 40 barnavårdslag
1369 1804 64 28 har
1452 1804 209 29 kommittén
1680 1804 54 30 för

246 1845 114 28 avsikt
382 1847 50 27 att
453 1848 152 37 upptaga
627 1846 274 34 bestämmelser,
925 1856 74 20 som
1021 1848 89 28 skall
1133 1848 82 38 göra
1237 1848 56 29 det
1315 1848 139 39 möjligt
1476 1850 50 27 att
1548 1848 110 29 under
1682 1850 53 27 ut-

246 1890 147 38 redning
419 1890 229 30 omhänderta
675 1891 63 29 och
763 1891 9 28 i
801 1891 289 39 utredningshem
1117 1892 137 39 placera
1281 1892 106 29 också
1414 1892 172 39 allvarligt
1613 1893 121 29 socialt

249 1934 283 39 missanpassade
562 1934 219 40 underåriga,
810 1935 95 29 vilka
933 1936 75 29 icke
1038 1937 38 28 är
1106 1936 146 29 föremål
1282 1936 54 29 för
1366 1936 311 39 brottsutredning.
1719 1937 12 28 I

246 1978 359 30 huvudbetänkandet
640 1980 157 28 kommer
833 1980 106 29 också
974 1982 49 27 att
1059 1980 212 39 framläggas
1296 1981 131 38 förslag
1452 1989 57 20 om
1533 1981 93 29 vissa
1650 1982 84 29 änd-

245 2023 117 38 ringar
384 2033 42 19 av
447 2023 340 39 förutsättningarna
809 2024 54 29 för
885 2025 344 39 omhändertagande
1250 2025 10 29 i
1284 2025 91 39 syfte
1397 2027 50 27 att
1470 2024 34 30 få
1526 2025 208 30 omhänder-

245 2068 173 38 taganden
444 2068 51 29 till
522 2069 101 28 stånd
649 2069 43 38 på
716 2070 48 27 ett
790 2069 146 38 tidigare
962 2069 162 34 stadium,
1151 2070 107 28 innan
1284 2069 356 30 missförhållandena
1666 2070 65 28 fått

246 2112 37 29 så
312 2113 157 38 allvarlig
499 2114 166 28 karaktär
696 2116 48 26 att
774 2113 210 40 förbättring
1015 2114 172 39 svårligen
1216 2115 69 28 kan
1314 2114 274 30 åstadkommas.
1629 2115 103 29 Kom-

245 2157 123 29 mittén
400 2157 147 29 föreslår
581 2159 86 28 även
698 2159 196 38 betydande
927 2159 206 39 utvidgning
1166 2160 64 29 och
1253 2159 242 39 förstärkning
1517 2169 41 20 av
1580 2160 41 29 de
1644 2160 89 30 före-

244 2201 180 39 byggande
449 2202 217 39 åtgärderna,
692 2202 94 30 såväl
810 2203 133 29 sådana
967 2212 74 20 som
1066 2205 37 28 är
1128 2204 146 29 allmänt
1299 2204 257 39 förebyggande
1581 2213 75 20 som
1681 2204 52 30 så-

244 2246 90 29 dana
361 2247 94 28 vilka
481 2247 149 29 inriktas
657 2247 43 39 på
726 2248 182 29 bestämda
933 2248 183 29 individer.
1156 2248 185 39 Meningen
1369 2250 38 28 är
1434 2250 50 27 att
1512 2249 219 29 sistnämnda

244 2291 161 38 åtgärder
440 2291 88 29 skall
563 2292 141 29 komma
739 2294 48 27 att
823 2293 179 29 användas
1026 2293 10 28 i
1061 2294 48 27 ett
1134 2293 114 33 skede,
1273 2293 43 29 då
1340 2293 304 39 missanpassning
1668 2293 63 29 hos

243 2335 133 29 barnen
397 2336 64 28 och
483 2337 241 37 ungdomarna
745 2337 87 28 blott
854 2337 101 29 hotar
977 2338 81 28 eller
1081 2338 123 28 endast
1226 2337 148 29 kommit
1397 2338 51 28 till
1471 2338 99 38 ringa
1592 2337 140 29 utveck-

244 2380 79 38 ling.

297 2424 185 39 Fullföljes
507 2425 227 30 kommitténs
757 2426 213 29 intentioner
994 2427 10 29 i
1029 2427 99 39 fråga
1152 2437 56 20 om
1234 2428 106 39 tidiga
1365 2429 242 39 ingripanden,
1633 2430 97 29 torde

242 2469 149 29 utsikter
414 2470 126 33 finnas,
564 2472 48 26 att
637 2471 254 37 utbredningen
913 2481 41 19 av
976 2471 228 30 kriminalitet
1228 2473 63 29 och
1315 2473 192 29 asocialitet
1530 2474 9 28 i
1561 2474 41 29 de
1623 2481 106 31 yngre
