1876 2840
566 141 232 33 Statsutskottets
819 143 151 28 utlåtande
992 143 46 28 Nr
1059 142 29 30 Å.
1542 139 41 31 49

131 217 55 31 Då
217 217 124 41 Kungl.
376 217 120 41 Maj:ts
530 217 129 41 förslag
681 216 107 32 under
811 217 222 31 förevarande
1056 217 109 42 punkt
1188 217 72 32 icke
1284 217 163 32 föranlett
1469 219 112 39 någon

78 267 137 32 erinran
235 268 74 31 från
328 267 186 32 utskottets
535 267 84 38 sida,
640 267 196 32 hemställer
856 267 176 38 utskottet,

368 336 50 30 att
438 334 182 42 riksdagen
640 336 54 29 må

368 386 31 41 a)
428 386 205 41 bemyndiga
665 385 126 42 Kungl.
826 385 102 42 Maj:t
951 388 49 29 att
1022 386 170 31 fastställa
1215 388 67 29 stat
1303 386 54 31 för
1379 385 202 42 budgetåret

334 436 137 32 1939/40
494 437 54 30 för
570 436 172 32 marinens
765 439 196 35 reservstat;

374 487 35 41 b)
437 486 55 32 till
523 486 222 32 bestridande
777 498 40 20 av
850 487 229 32 kostnaderna
1111 488 54 31 för
1197 486 170 33 marinens
1400 489 183 29 reservstat

331 538 53 31 för
399 537 203 42 budgetåret
621 537 137 32 1939/40
775 537 117 32 anvisa
910 540 49 29 ett
976 538 266 41 förslagsanslag
1259 549 40 20 av
1315 538 115 38 60,000
1447 538 132 31 kronor.

132 622 85 42 84:0)
235 623 153 31 Marinens
406 623 263 38 reservpersonal.
712 622 125 41 Kungl.
852 622 103 42 Maj:t
970 622 86 32 hade
1071 622 177 42 föreslagit
1262 622 182 42 riksdagen
1463 622 121 42 (punkt

78 673 50 37 94,
154 673 64 31 sid.
245 673 70 41 144)
345 675 50 29 att
420 673 55 31 till
499 673 171 31 marinens
696 673 275 41 reservpersonal
997 673 52 31 för
1073 673 203 42 budgetåret
1302 673 137 32 1939/40
1465 673 116 32 anvisa

79 725 50 30 ett
147 723 268 42 förslagsanslag
433 734 40 21 av
491 724 135 37 290,000
645 723 133 32 kronor.

134 799 200 32 Sedermera
359 799 62 31 har
448 798 126 42 Kungl.
603 798 102 41 Maj:t
733 799 11 30 i
772 798 235 32 ovannämnda
1035 799 216 41 proposition
1279 810 40 19 nar
1346 798 62 32 232
1435 818 43 4 —
1504 799 77 32 med

81 850 146 41 ändring
245 861 39 20 av
302 850 200 31 förberörda
521 849 130 42 förslag
667 868 42 4 —
728 849 177 42 föreslagit
924 849 181 42 riksdagen
1124 852 49 29 att
1192 850 52 31 för
1263 861 45 20 nu
1326 850 257 42 ifrågavarande

79 901 157 31 ändamål
258 901 53 31 för
332 902 100 30 nästa
454 900 167 41 budgetår
643 900 118 31 anvisa
783 900 136 38 315,000
942 900 132 31 kronor.

131 976 318 42 Förslagsanslaget
475 976 54 31 till
556 976 171 31 marinens
754 976 275 42 reservpersonal
1056 978 36 30 är
1118 977 12 30 i
1157 976 183 32 riksstaten
1368 977 54 31 för
1448 977 132 31 inneva-

78 1027 105 31 rande
202 1026 166 42 budgetår
388 1027 141 41 uppfört
548 1027 78 31 med
646 1026 134 38 265,000
799 1026 135 32 kronor.

131 1077 83 31 Med
238 1077 131 41 hänsyn
395 1078 54 30 till
474 1079 49 29 att
548 1077 155 41 anslaget
727 1076 144 42 tidigare
898 1077 223 32 överskridits
1148 1077 63 32 och
1236 1077 54 31 till
1316 1078 66 31 den
1408 1077 171 38 inverkan,

78 1139 74 20 som
176 1128 42 31 de
241 1139 65 30 nya
329 1128 483 41 avlöningsbestämmelserna
837 1128 53 31 för
914 1128 126 31 militär
1064 1128 160 42 personal
1247 1128 134 31 komma
1405 1130 50 29 att
1479 1129 34 30 få
1537 1130 44 40 på

78 1178 239 42 belastningen
346 1190 41 20 av
415 1179 163 41 anslaget,
609 1180 106 40 ansåg
743 1179 52 41 sig
825 1179 376 41 departementschefen
1230 1179 57 31 vid
1318 1179 263 42 statsverkspro-

78 1229 215 41 positionens
320 1229 253 42 framläggande
601 1229 84 31 böra
712 1229 103 32 räkna
842 1230 78 31 med
948 1231 48 30 ett
1023 1229 242 32 medelsbehov
1293 1229 53 31 för
1374 1231 98 30 nästa
1499 1229 81 32 bud-

78 1281 96 40 getår
194 1290 40 21 av
254 1280 133 38 290,000
407 1280 133 31 kronor.

128 1329 70 33 Det
222 1330 11 31 i
258 1330 261 42 propositionen
544 1342 40 19 nr
609 1331 62 31 232
697 1330 186 42 framlagda
908 1330 164 42 förslaget
1098 1331 144 31 rörande
1269 1331 172 41 anslagets
1467 1330 114 32 beräk-

78 1380 84 42 ning
182 1381 280 41 sammanhänger
483 1381 77 31 med
581 1381 120 41 frågan
723 1392 53 20 om
799 1381 232 42 förstärkning
1052 1392 41 20 av
1116 1382 67 31 den
1204 1381 194 42 personella
1421 1381 159 32 försvars-

78 1430 244 42 beredskapen.

131 1506 120 31 Under
270 1506 133 31 erinran
425 1508 49 30 att
494 1506 182 41 riksdagen
696 1517 138 21 numera
853 1506 130 32 bifallit
1004 1506 184 32 utskottets
1209 1507 176 31 utlåtande
1407 1507 173 41 angående

81 1556 204 42 vidtagande
314 1568 40 20 av
384 1557 92 31 vissa
505 1557 158 41 åtgärder
690 1557 54 31 för
772 1557 236 31 förstärkande
1037 1568 41 20 av
1107 1557 65 31 den
1200 1558 193 40 personella
1422 1558 160 31 försvars-

80 1607 244 41 beredskapen,
345 1607 52 31 får
416 1607 175 37 utskottet,
613 1618 74 20 som
706 1607 73 31 icke
798 1607 115 31 funnit
933 1607 185 41 anledning
1137 1607 53 31 till
1211 1607 133 32 erinran
1364 1610 71 29 mot
1455 1608 126 41 Kungl.

80 1657 120 42 Maj:ts
219 1657 128 42 förslag
364 1657 144 32 rörande
527 1657 357 42 medelsanvisningen
902 1658 54 31 för
972 1669 46 20 nu
1036 1657 256 42 ifrågavarande
1310 1658 166 38 ändamål,
1495 1658 88 31 hem-

81 1708 110 37 ställa,

373 1753 50 29 att
460 1750 181 41 riksdagen
680 1752 54 29 må
770 1749 54 32 till
862 1750 171 31 marinens
1059 1751 275 40 reservpersonal
1362 1751 54 31 för
1442 1750 139 42 budget-

330 1803 73 29 året
429 1801 135 31 1939/40
588 1800 119 32 anvisa
732 1802 48 30 ett
804 1801 267 41 förslagsanslag
1095 1812 40 20 av
1160 1800 133 38 315,000
1318 1801 134 31 kronor.

131 1886 84 42 85:0)
261 1887 90 31 Rese-
386 1888 58 30 och
481 1887 386 38 traktamentspenningar.
924 1887 348 38 Flyttningsersättning.
1323 1887 259 38 Resestipendier.

78 1938 18 30 I
119 1937 152 41 enlighet
293 1937 77 31 med
392 1937 127 41 Kungl.
544 1936 120 41 Maj:ts
688 1937 128 40 förslag
843 1936 204 41 (punkterna
1071 1936 134 38 95—97,
1230 1936 62 32 sid.
1320 1937 60 30 144
1405 1937 62 31 och
1494 1937 86 40 145),

78 1988 92 31 vilka
204 1988 11 31 i
249 1987 213 31 förhållande
487 1987 53 31 till
564 1987 42 31 de
631 1987 54 31 för
708 1987 257 40 ifrågavarande
990 1987 156 31 ändamål
1171 1987 53 31 för
1247 1987 228 31 innevarande
1500 1987 81 31 bud-

78 2040 96 40 getår
196 2038 160 31 anvisade
381 2038 163 41 anslagen
568 2038 164 31 innebära
754 2038 216 31 beträffande
996 2038 57 31 det
1076 2038 113 31 nedan
1214 2037 107 32 under
1346 2038 31 41 a)
1408 2040 174 39 upptagna

79 2089 155 41 anslaget
254 2100 41 20 en
315 2089 77 31 med
412 2089 133 40 hänsyn
565 2089 54 30 till
641 2088 66 31 den
728 2088 105 42 enligt
856 2089 81 31 1936
958 2090 53 30 års
1033 2088 265 32 försvarsbeslut
1320 2088 147 32 utökade
1491 2099 90 31 orga-

78 2139 196 32 nisationen
295 2139 180 31 föranledd
498 2139 145 41 höjning
665 2139 76 31 med
763 2139 92 38 2,000
877 2139 125 31 kronor
1025 2139 61 31 och
1110 2140 11 30 i
1145 2139 110 41 övrigt
1278 2139 226 31 oförändrade
1527 2150 53 20 an-

79 2189 229 42 slagsbelopp,
330 2190 198 31 hemställer
547 2190 178 37 utskottet,

369 2260 49 29 att
443 2258 181 40 riksdagen
649 2259 54 29 må
727 2258 52 30 för
802 2258 203 41 budgetåret
1030 2258 137 31 1939/40
1191 2258 117 31 anvisa

375 2308 31 41 a)
435 2308 53 31 till
518 2318 85 20 rese-
634 2308 62 30 och
727 2307 411 40 tralktamentspenningar
1168 2310 48 28 ett
1245 2307 267 42 förslagsanslag
1541 2318 40 20 av

331 2358 114 37 74,000
468 2357 135 37 kronor;

375 2408 35 41 b)
438 2409 54 30 till
510 2407 376 42 flytlningsersättning
904 2410 49 29 ett
971 2408 266 41 förslagsanslag
1254 2419 40 20 av
1312 2408 115 37 55,000
1444 2408 135 37 kronor;

375 2459 28 37 ec)
432 2459 54 31 till
510 2458 266 41 resestipendier
800 2460 49 30 ett
874 2458 347 41 reservationsanslag
1245 2469 39 20 av
1310 2459 113 37 14,000
1447 2458 132 31 kronor.

136 2521 117 36 Bihang
276 2521 45 28 till
343 2521 169 36 riksdagens
533 2520 143 37 protokoll
694 2520 88 28 1939.
829 2521 18 27 6
863 2520 83 29 saml.
985 2520 45 28 Nr
1052 2519 28 29 4.
1385 2527 92 19 118139
1521 2521 17 26 4

1639 1518 129 24 Utskottet.
