1886 2834
552 153 265 31 Statsutskottets
836 152 166 29 utlåtande
1022 152 45 28 Nr
1086 151 28 28 4.
1557 144 41 32 23

390 229 29 42 e)
448 229 78 32 med
547 227 100 33 bifall
669 227 53 31 till
745 226 214 32 motionerna
980 225 29 31 I:
1024 225 39 31 63
1087 224 63 31 och
1172 223 48 31 IT:
1236 223 70 37 130,
1330 222 11 31 i
1364 221 65 32 vad
1452 220 42 32 de
1518 230 79 21 avse

348 279 190 33 förbättrad
562 278 227 42 dagavlöning
812 277 54 30 till
890 275 228 42 värnpliktiga
1141 275 12 30 i
1177 273 193 38 allmänhet,
1395 272 12 31 i
1432 271 167 32 skrivelse

348 331 53 31 till
424 330 127 42 Kungl.
576 329 102 41 Maj:t
700 327 145 38 anhålla,
871 329 48 29 att
942 322 127 76 Kungl.
1095 324 99 42 Maj:t
1217 324 82 31 ville
1323 323 68 32 låta
1414 321 185 33 verkställa

349 381 182 42 utredning
558 380 12 31 i
597 380 120 31 sådant
743 377 208 38 hänseende;

391 432 24 42 f)
444 432 76 32 med
543 431 100 32 bifall
666 430 54 32 till
743 429 212 32 motionerna
979 428 28 31 I:
1022 428 40 31 63
1086 427 63 32 och
1171 426 49 32 IT:
1236 426 69 37 130,
1330 426 11 30 i
1364 425 65 31 vad
1453 425 41 31 de
1518 434 80 21 avse

349 483 64 32 fria
437 494 95 21 resor
557 483 53 30 för
635 481 41 32 de
700 480 238 42 värnpliktiga,
963 479 12 31 i
1000 478 164 33 skrivelse
1189 478 53 31 till
1267 477 126 42 Kungl.
1420 476 102 42 Maj:t
1547 487 53 20 an-

348 534 99 38 hålla,
470 536 50 29 att
541 533 127 41 Kungl.
691 532 102 41 Maj:t
815 531 81 32 ville
920 531 68 31 låta
1010 529 182 33 verkställa
1215 540 42 20 en
1280 527 319 42 förutsättningslös

349 585 183 42 utredning
553 585 11 31 i
587 585 94 41 fråga
703 595 55 20 om
779 582 164 42 utvidgad
965 583 67 30 rätt
1054 580 54 33 till
1131 580 114 43 dylika
1267 590 103 21 resor.

147 679 83 42 27:0)
255 680 170 31 Understöd
460 677 32 33 åt
525 679 83 30 vissa
630 677 220 39 värnpliktigas
871 676 142 38 familjer.
1048 674 125 42 Kungl.
1191 673 98 42 Maj:t
1312 673 87 32 hade
1421 672 179 42 föreslagit

98 730 180 41 riksdagen
302 729 121 42 (punkt
441 729 49 38 29,
510 729 64 31 sid.
594 728 52 40 54)
670 730 50 29 att
738 727 55 32 till
812 726 189 32 understöd
1020 728 35 30 åt
1074 726 91 31 vissa
1184 724 247 42 värnpliktigas
1451 723 150 41 familjer

97 782 54 30 för
167 781 203 41 budgetåret
389 779 136 32 1939/40
544 779 117 32 anvisa
680 780 48 30 ett
748 777 268 41 förslagsanslag
1034 787 41 21 av
1096 776 132 38 105,000
1247 775 134 31 kronor.

151 865 200 32 Sedermera
368 865 60 31 har
445 864 127 41 Kungl.
592 863 101 41 Maj:t
717 863 5 31 i
742 861 234 33 ovannämnda
995 860 215 42 proposition
1229 871 41 20 nr
1288 860 61 31 232
1366 878 43 5 —
1426 858 78 32 med
1523 857 78 33 änd-

99 916 75 41 ring
198 927 40 20 av
264 915 199 32 förberörda
489 914 130 41 förslag
641 933 42 4 —
707 912 179 42 föreslagit
911 911 182 42 riksdagen
1118 913 50 29 att
1192 911 55 31 för
1271 921 46 20 nu
1342 908 258 43 ifrågavarande

96 966 157 31 ändamål
276 966 55 31 för
352 967 97 30 nästa
470 965 168 41 budgetår
659 963 119 32 anvisa
799 965 51 29 ett
871 962 268 42 förslagsanslag
1160 972 41 21 av
1224 961 133 38 120,000
1380 960 134 31 kronor.

151 1050 18 31 I
190 1050 94 31 detta
305 1049 242 41 sammanhang
566 1048 62 31 har
648 1048 168 31 utskottet
838 1047 54 32 till
913 1046 210 41 behandling
1144 1045 150 32 förehaft
1316 1056 42 21 en
1380 1045 93 31 inom
1495 1044 107 32 andra

97 1101 192 31 kammaren
303 1111 41 20 av
359 1100 77 31 herr
450 1100 32 31 J.
499 1099 45 31 H.
560 1099 186 39 Brädefors
761 1108 43 21 m.
820 1098 37 39 fl.
873 1097 98 32 väckt
986 1097 132 31 motion
1137 1096 53 40 (nr
1206 1096 87 40 127),
1309 1095 72 32 vari
1396 1094 203 38 hemställts,

96 1153 51 30 att
164 1151 183 41 riksdagen
364 1152 102 30 måtte
485 1149 135 32 besluta
638 1151 49 29 att
704 1148 106 32 andra
828 1147 132 41 stycket
980 1146 57 42 18
1055 1159 41 21 av
1113 1146 126 42 Kungl.
1259 1146 120 41 Maj:ts
1398 1145 204 41 förordning

96 1213 56 20 om
173 1201 188 32 understöd
381 1201 12 30 i
413 1200 92 32 vissa
526 1198 61 33 fall
608 1201 34 30 åt
662 1198 226 42 värnpliktigs
909 1198 123 32 hustru
1054 1197 62 32 och
1137 1197 84 31 barn
1248 1195 347 43 (familjeunderstöd)

96 1264 43 19 av
155 1252 66 31 den
239 1252 39 30 12
295 1251 75 42 juni
388 1251 89 37 1931,
496 1262 41 19 nr
554 1250 70 38 257,
643 1251 105 30 måtte
766 1251 90 38 utgå.

150 1303 19 30 I
188 1303 94 40 fråga
302 1313 55 20 om
377 1301 41 32 de
438 1301 82 38 skäl,
540 1300 252 32 motionärerna
811 1299 114 32 anfört
945 1299 53 32 till
1019 1298 79 32 stöd
1117 1298 54 31 för
1190 1297 55 32 sin
1265 1296 262 41 framställning,
1549 1296 52 32 får

98 1353 167 31 utskottet
282 1352 143 32 hänvisa
442 1352 54 31 till
514 1351 183 31 motionen.

150 1436 236 32 Förevarande
424 1436 119 41 anslag
581 1437 36 29 är
654 1435 53 31 för
744 1433 229 32 innevarande
1000 1433 167 41 budgetår
1193 1432 142 42 uppfört
1361 1431 78 32 med
1467 1431 134 38 100,000

98 1487 132 31 kronor.

151 1537 75 31 Den
245 1536 195 42 föreslagna
457 1536 172 40 ökningen
647 1537 36 29 är
700 1534 181 32 föranledd
900 1534 73 32 dels
992 1545 41 20 av
1050 1532 239 43 belastningen
1307 1535 19 29 å
1344 1532 163 42 anslaget,
1527 1532 74 31 dels

99 1587 62 32 ock
183 1598 40 20 av
247 1587 58 31 det
328 1587 12 31 i
364 1586 233 32 ovanberörda
619 1585 261 42 propositionen
902 1596 41 20 nr
965 1585 61 31 232
1050 1583 186 42 framlagda
1259 1583 173 42 förslaget.

149 1671 271 31 Vidkommande
441 1671 58 31 det
519 1670 203 32 motionsvis
743 1669 121 42 gjorda
884 1668 166 42 yrkandet
1071 1668 60 32 vill
1152 1668 168 32 utskottet
1341 1667 111 33 erinra
1474 1667 127 38 därom,

99 1724 50 30 att
165 1722 118 42 frågan
302 1733 55 20 om
373 1721 194 41 revidering
583 1732 40 20 av
640 1720 157 42 gällande
814 1719 258 32 bestämmelser
1088 1718 173 42 angående
1280 1716 321 43 familjeunderstöd

100 1773 12 31 i
149 1772 92 32 vissa
278 1772 62 32 fall
377 1774 35 29 åt
447 1771 218 42 värnpliktig,
703 1782 75 20 som
815 1770 127 41 fullgör
978 1769 230 42 tjänstgöring
1245 1769 54 31 till
1326 1769 105 31 rikets
1459 1768 142 37 försvar,

98 1824 227 31 överlämnats
349 1823 53 31 till
426 1823 169 32 särskilda
617 1822 92 31 inom
732 1822 423 41 försvarsdepartementet
1177 1820 189 32 tillkallade
1390 1820 213 41 sakkunniga

99 1875 55 31 för
189 1874 192 41 utredning.
418 1874 54 31 Då
507 1873 167 32 utskottet
710 1884 101 20 anser
846 1873 53 41 sig
933 1872 116 31 kunna
1084 1872 191 37 förutsätta,
1313 1873 50 29 att
1398 1871 58 32 det
1480 1871 12 31 i
1518 1871 84 31 före-

100 1925 158 41 liggande
283 1925 130 31 motion
438 1924 146 32 berörda
610 1923 203 41 spörsmålet
838 1924 12 30 i
876 1923 164 31 samband
1066 1922 137 32 därmed
1228 1922 151 31 kommer
1403 1922 110 31 under
1539 1932 65 21 om-

100 1975 177 42 prövning,
295 1975 113 31 finner
424 1975 53 40 sig
493 1974 167 31 utskottet
675 1973 83 32 böra
775 1973 159 40 avstyrka
950 1973 184 31 motionen.

155 2026 116 31 Under
293 2025 135 31 erinran
450 2027 50 29 att
523 2024 181 41 riksdagen
727 2035 140 20 numera
889 2023 128 32 bifallit
1040 2034 41 20 av
1103 2023 167 31 utskottet
1294 2022 158 41 framlagt
1475 2021 130 42 förslag

100 2076 173 41 angående
302 2076 92 31 vissa
421 2075 157 41 åtgärder
606 2075 53 31 för
686 2074 237 32 förstärkande
952 2085 40 20 av
1021 2073 65 32 den
1114 2073 195 41 personella
1336 2072 269 32 försvarsbered-

100 2127 137 40 skapen,
267 2127 53 30 får
347 2126 175 37 utskottet,
552 2137 73 20 som
654 2125 189 40 tillstyrker
871 2125 57 31 det
956 2124 109 32 under
1093 2124 220 32 förevarande
1342 2123 108 41 punkt
1478 2123 125 31 äskade

101 2176 310 42 anslagsbeloppet,
435 2175 189 38 hemställa,

397 2246 49 28 att
465 2243 181 40 riksdagen
665 2244 53 29 må

396 2294 30 39 a)
455 2293 94 31 avslå
567 2292 173 31 motionen
760 2292 49 30 IT:
825 2292 58 30 127
903 2291 174 41 angående
1095 2290 144 42 ändring
1256 2291 12 30 i
1287 2290 245 41 förordningen
1551 2301 54 20 om

355 2342 331 42 familjeunderstöd;

397 2393 34 40 b)
460 2393 54 31 till
541 2392 189 31 understöd
757 2393 33 30 åt
818 2392 92 30 vissa
937 2391 245 40 värnpliktigas
1209 2390 150 41 familjer
1386 2391 53 31 för
1466 2391 140 41 budget-

355 2445 71 29 året
447 2442 136 32 1939/40
603 2442 116 32 anvisa
739 2444 48 29 ett
808 2441 267 41 förslagsanslag
1094 2452 40 20 av
1156 2441 133 38 120,000
1308 2441 134 31 kronor.

1658 1670 133 25 Utskottet.
