1876 2832
551 149 264 32 Statsutskottets
834 149 167 30 utlåtande
1020 149 44 29 Nr
1084 148 27 29 Å.
1540 142 39 32 93

135 227 202 33 Sedermera
369 227 61 32 har
464 226 125 41 Kungl.
624 225 99 41 Maj:t
755 225 12 31 i
794 223 237 33 ovannämnda
1053 221 219 44 proposition
1295 232 40 21 nr
1358 221 61 31 232
1442 238 40 5 —
1505 219 77 32 med

82 279 145 41 ändring
260 290 40 20 av
333 277 200 33 förberörda
567 277 128 40 förslag
728 294 40 4 —
801 274 177 42 föreslagit
1004 273 182 41 riksdagen
1210 274 49 30 att
1281 272 52 31 för
1355 283 47 20 nu
1425 271 158 41 ifrågava-

82 330 104 31 rande
210 329 156 32 ändamål
390 328 53 32 för
465 329 98 30 nästa
585 327 169 41 budgetår
777 326 117 31 anvisa
917 327 49 29 ett
988 322 351 41 reservationsanslag
1361 333 41 20 av
1417 321 168 38 4,835,000

82 380 135 32 kronor.

136 484 19 31 I
188 483 95 32 detta
317 481 245 42 sammanhang
589 480 61 32 har
673 480 169 31 utskottet
865 478 53 32 till
941 477 210 42 behandling
1174 475 148 33 förehaft
1344 474 150 43 följande
1517 485 68 21 mo-

85 534 122 38 tioner,
231 533 170 42 nämligen

136 585 67 32 dels
226 596 42 21 en
291 584 92 32 inom
407 584 108 31 första
537 583 195 31 kammaren
756 592 39 21 av
819 581 78 32 herr
920 580 39 32 R.
984 579 187 32 Lindström
1198 578 98 31 väckt
1312 577 131 32 motion
1459 575 51 42 (nr
1525 575 60 42 55),

84 636 72 32 vari
179 635 205 38 hemställts,
407 633 106 33 bland
536 635 112 37 annat,
672 635 51 29 att
745 632 183 41 riksdagen
952 633 105 29 måtte
1079 630 137 31 besluta
1238 630 50 30 att
1310 628 11 31 i
1342 627 152 41 enlighet
1510 626 77 31 med

85 686 341 43 flygförvaltningens
464 684 128 41 förslag
629 685 151 40 upptaga
813 682 155 41 anslaget
1002 681 53 32 till
1086 680 215 42 flygvapnets
1337 678 165 41 övningar
1535 677 52 31 till

86 738 170 39 4,580,000
278 737 138 37 kronor,

138 789 67 32 dels
228 788 54 32 ock
305 789 55 30 två
382 786 218 42 likalydande
624 785 181 38 motioner,
827 784 129 37 väckta,
981 783 65 31 den
1070 793 64 20 ena
1155 782 94 31 inom
1271 781 108 31 första
1394 780 193 31 kammaren

87 851 39 21 av
160 840 79 31 herr
265 839 38 31 F.
338 838 105 32 Domö
472 849 40 20 m.
540 838 37 40 fl.
611 836 52 42 (nr
687 836 71 39 125)
782 835 64 32 och
870 834 67 32 den
960 834 105 31 andra
1086 833 94 31 inom
1204 831 105 32 andra
1331 831 195 31 kammaren
1550 840 39 21 av

87 891 79 32 herr
201 890 38 32 G.
276 890 109 40 Bagge
417 900 40 20 m.
475 889 38 40 f.
537 887 51 42 (nr
613 886 78 42 195),
716 885 70 32 vari
820 885 204 38 hemställts,
1058 883 107 33 bland
1198 884 112 35 annat,
1335 883 50 30 att
1407 880 182 41 riksdagen

88 943 105 30 måtte
227 940 80 41 höja
340 940 58 31 det
420 939 11 31 i
455 936 455 43 statsverkspropositionen
934 936 52 31 för
1008 935 205 41 budgetåret
1238 931 136 34 1939/40
1397 931 194 41 föreslagna

88 992 155 41 anslaget
276 991 52 31 till
354 991 215 41 flygvapnets
593 988 166 41 övningar
781 987 77 31 med
884 986 134 38 180,000
1040 985 126 32 kronor
1189 984 52 32 till
1263 983 169 39 4,580,000
1455 982 133 31 kronor.

140 1043 19 31 I
181 1043 95 41 fråga
299 1052 54 21 om
378 1041 41 31 de
444 1040 74 32 skäl
540 1039 255 32 motionärerna
817 1037 113 32 anfört
953 1036 52 32 till
1029 1036 78 32 stöd
1130 1036 53 31 för
1199 1034 75 32 sina
1289 1033 300 41 framställningar,

88 1094 51 31 får
162 1093 169 32 utskottet
353 1091 144 32 hänvisa
521 1090 53 32 till
596 1089 217 32 motionerna
835 1088 82 32 I:55
941 1087 63 32 och
1026 1087 27 31 I:
1071 1087 67 31 125.

142 1195 236 33 Förevarande
413 1193 120 42 anslag
565 1194 36 30 är
631 1193 53 31 för
717 1191 231 32 innevarande
970 1189 168 41 budgetår
1160 1188 141 42 uppfört
1324 1186 79 33 med
1425 1186 167 39 3,150,000

91 1248 136 31 kronor.

143 1295 390 44 Departementschefen
566 1294 62 31 har
661 1294 11 31 i
696 1292 264 43 propositionen
994 1302 41 20 nr
1059 1290 58 32 113
1153 1309 41 3 —
1228 1289 78 32 med
1339 1288 179 38 förmälan,
1542 1289 52 30 att

90 1347 322 44 flygförvaltningen
446 1346 12 31 i
493 1345 164 32 skrivelse
692 1344 66 32 den
794 1343 38 31 18
858 1342 150 32 februari
1034 1342 79 31 1939
1138 1341 52 32 till
1214 1340 119 31 chefen
1357 1340 53 31 för
1431 1339 161 31 försvars-

92 1400 273 41 departementet
388 1399 44 40 på
455 1396 142 32 anförda
620 1395 73 32 skäl
716 1394 185 36 hemstiällt,
927 1395 50 30 att
999 1392 156 42 åtgärder
1178 1392 105 31 måtte
1305 1390 157 41 vidtagas
1478 1390 52 31 för
1545 1390 50 31 att

92 1450 58 32 det
184 1461 40 20 av
247 1448 124 42 Kungl.
397 1448 98 40 Maj:t
517 1447 52 31 för
591 1448 100 29 nästa
713 1445 169 41 budgetår
905 1443 125 32 äskade
1054 1443 155 41 anslaget
1231 1442 53 31 till
1306 1441 213 41 flygvapnets
1542 1441 54 30 öv-

92 1501 122 41 ningar
247 1501 104 30 måtte
385 1498 99 42 höjas
519 1497 51 32 till
603 1496 170 38 4,600,000
794 1495 127 32 kronor
945 1512 38 5 —
1008 1494 125 31 erinrat
1157 1493 127 37 därom,
1309 1494 49 29 att
1381 1491 60 32 det
1462 1491 12 31 i
1497 1492 97 30 stats-

93 1550 366 43 verkspropositionen
493 1548 108 31 under
635 1547 95 32 detta
757 1546 118 41 anslag
897 1546 54 31 för
973 1543 283 33 nästkommande
1278 1542 169 42 budgetår
1469 1541 126 32 äskade

93 1602 175 42 beloppet,
296 1600 169 39 4,400,000
487 1599 136 38 kronor,
647 1597 79 32 med
749 1596 73 32 icke
845 1595 134 32 mindre
1002 1597 42 29 än
1069 1594 167 39 1,250,000
1258 1593 127 32 kronor
1408 1592 188 41 överstiger

94 1654 58 31 det
185 1653 12 31 i
230 1652 186 32 riksstaten
449 1650 53 31 för
534 1648 229 33 innevarande
797 1647 168 41 budgetår
998 1646 108 31 under
1129 1656 129 21 samma
1281 1644 119 41 anslag
1422 1645 175 39 upptagna

95 1705 165 41 beloppet
287 1703 63 31 och
373 1701 79 32 med
477 1700 133 36 700,000
632 1700 129 31 kronor
784 1698 188 41 överstiger
995 1697 58 31 det
1074 1697 128 41 belopp
1227 1695 100 32 som
1306 1690 19 60 i
1352 1695 82 31 1936
1457 1696 54 30 års
1534 1694 62 32 för-

95 1754 213 33 svarsbeslut
340 1753 52 31 för
426 1751 190 33 ändamålet
650 1749 184 33 beräknats
867 1749 53 31 för
952 1747 284 32 nästkommande
1262 1746 176 41 budgetår.
1484 1744 112 32 Bland

95 1807 104 31 annat
222 1816 41 20 av
286 1804 100 32 dessa
410 1802 147 38 orsaker,
581 1800 196 32 framhåller
800 1798 388 43 departementschefen,
1212 1796 166 32 framstod
1402 1796 58 31 det
1483 1798 113 29 såsom

95 1856 138 41 befogat
268 1857 48 29 att
348 1854 58 31 vid
440 1851 353 43 anslagsäskandenas
828 1849 251 42 framläggande
1110 1849 11 30 i
1145 1846 452 43 statsverkspropositionen

96 1907 110 31 under
240 1904 303 42 övningsanslaget
574 1902 152 32 beräkna
760 1903 48 30 ett
840 1903 105 38 något
978 1900 91 41 lägre
1103 1898 267 41 anslagsbelopp
1394 1900 42 29 än
1461 1908 73 20 som
1558 1908 39 20 av

95 1956 321 43 flygförvaltningen
441 1955 11 30 i
476 1954 79 31 dess
574 1953 165 31 skrivelse
752 1951 175 41 angående
944 1950 212 41 flygvapnets
1172 1948 244 32 medelsbehov
1432 1948 53 31 för
1500 1949 98 29 nästa

96 2008 169 41 budgetår
298 2006 182 32 beräknats
505 2005 82 31 eller
608 2003 170 39 4,580,000
800 2002 134 31 kronor.
980 2001 51 30 Av
1054 2000 64 32 vad
1140 1999 322 42 flygförvaltningen
1485 1998 11 31 i
1519 1997 80 32 dess

97 2071 47 19 nu
167 2057 221 33 förevarande
416 2055 165 32 skrivelse
605 2055 113 30 anfört
741 2054 145 40 framgår
909 2051 201 38 emellertid,
1134 2051 177 31 fortsätter
1334 2049 266 42 departements-

98 2110 131 37 chefen,
253 2110 49 29 att
325 2108 65 31 den
414 2105 231 44 nyssberörda
668 2103 232 42 beräkningen
924 2102 173 32 såtillvida
1119 2103 58 40 ägt
1191 2112 74 20 rum
1283 2101 72 31 från
1373 2099 227 32 missvisande

98 2159 306 42 utgångspunkter,
431 2159 50 30 att
504 2159 166 38 åtgången
694 2167 40 19 av
758 2153 187 33 drivmedel
968 2153 11 31 i
1004 2153 105 41 själva
1131 2152 118 32 verket
1272 2154 36 28 är
1331 2153 110 29 större
1465 2161 60 30 per
1548 2161 52 20 en-

99 2211 59 31 het
181 2210 120 31 räknat
324 2211 42 29 än
390 2219 75 20 som
489 2207 144 41 tidigare
657 2205 132 32 funnits
813 2203 187 41 anledning
1022 2205 49 29 att
1094 2203 104 31 räkna
1221 2202 91 38 med;
1336 2201 67 33 den
1427 2212 40 20 av
1490 2200 112 32 denna

100 2260 187 40 anledning
320 2257 277 43 uppkommande
621 2255 265 32 merkostnaden
910 2253 168 32 beriiknas
1101 2253 52 31 för
1175 2254 99 29 nästa
1296 2252 169 41 budgetår
1488 2253 114 39 uppgå

100 2311 53 31 till
176 2310 136 38 200,000
335 2309 135 31 kronor.
519 2306 67 32 Vid
610 2307 124 30 sådant
756 2304 213 32 förhållande
991 2304 62 30 har
1082 2302 377 42 departementschefen
1489 2301 114 31 funnit

102 2361 61 40 sig,
198 2361 52 30 för
284 2361 48 29 att
355 2359 74 30 icke
453 2357 221 41 möjligheten
699 2358 50 29 att
771 2355 10 31 i
805 2355 60 31 full
891 2353 236 41 utsträckning
1150 2352 141 32 bedriva
1314 2351 184 42 planerade
1522 2351 81 31 eller

102 2412 100 40 eljest
235 2409 222 40 erforderliga
480 2407 164 40 övningar
667 2406 87 31 skall
777 2405 10 31 i
811 2407 111 39 någon
947 2406 76 29 mån
1047 2405 190 39 äventyras,
1260 2402 83 32 böra
1367 2401 172 42 tillstyrka
1561 2412 42 20 en

102 2460 207 33 hemställan
342 2460 65 31 hos
438 2458 192 41 riksdagen,
658 2458 50 30 att
741 2456 58 31 det
832 2455 10 31 i
877 2453 452 43 statsverkspropositionen
1360 2452 52 32 för
1435 2451 168 32 nästkom-
