2245 2686
426 193 118 31 Andra
566 192 221 32 Kammarens
812 189 184 41 Tillfälliga
1026 188 142 33 Utskotts
1191 187 79 44 (N:o
1293 188 39 42 2)
1362 186 176 33 Utlåtande
1561 185 64 32 N:o
1650 187 27 30 6.
1785 184 19 31 3

253 281 100 48 färg,
396 281 129 37 derför
567 280 74 37 den
683 293 29 23 s.
743 279 35 36 k.
821 277 334 48 mellanrikslagen
1197 275 98 37 dock
1333 277 164 46 ansåges
1528 273 116 50 lägga
1671 272 175 37 hinder
1825 268 25 65 i

255 339 142 43 vägen;
426 334 12 36 i
468 332 276 48 sammanhang
771 330 183 38 hvarmed
983 328 209 48 framhölls,
1222 333 66 42 att,
1318 327 117 37 sedan
1464 326 142 48 Kongl.
1637 325 107 49 Maj:t
1772 325 74 37 den

258 388 44 34 19
333 386 153 49 augusti
514 385 181 37 nästlidet
723 387 39 34 år
790 383 199 37 förordnat
1014 396 61 23 om
1095 381 301 48 förhandlingar,
1417 379 203 49 åsyftande
1640 378 207 49 ändringar

255 438 12 36 i
295 438 349 48 mellanrikslagen,
674 437 63 36 det
764 449 92 23 vore
885 440 55 31 att
968 435 187 46 förvänta,
1185 439 55 31 att
1267 433 113 36 dessa
1409 431 288 48 förhandlingar
1726 430 121 36 skulle

255 490 87 36 leda
370 490 156 48 derhän,
556 495 54 31 att
636 489 161 37 berörde
826 487 134 36 hinder
988 487 150 35 komme
1169 491 54 30 att
1250 483 269 49 undanrödjas,
1546 482 207 48 hvarefter,
1775 482 71 36 och

258 542 119 36 sedan
419 543 71 36 fria
524 542 145 37 händer
696 541 12 36 i
737 541 104 36 detta
868 538 219 37 hänseende
1116 537 157 37 sålunda
1300 535 165 48 vunnits,
1496 535 134 49 frågan
1660 548 61 23 om
1749 547 98 24 mar-

256 594 172 49 garlnets
458 595 85 49 färg
570 594 126 37 kunde
724 592 58 37 till
808 606 52 35 ny
887 590 233 49 behandling
1147 595 201 43 upptagas.

360 647 68 48 Då,
471 647 86 37 med
590 645 181 38 afseende
801 647 20 34 å
847 644 99 36 hvad
977 643 156 36 sålunda
1159 641 126 37 blifvit
1311 640 168 50 upplyst,
1508 639 136 37 hinder
1672 639 61 36 för
1760 643 86 31 när-

257 699 165 37 varande
464 699 109 37 torde
616 699 38 36 få
695 710 112 24 anses
850 701 101 31 möta
980 695 59 36 för
1066 693 249 38 meddelande
1345 692 41 37 af
1412 705 46 23 en
1488 691 116 37 sådan
1632 690 214 48 föreskrift,

259 764 82 23 som
384 752 73 36 den
500 752 41 36 af
580 750 238 37 motionären
852 747 186 50 åsyftade,
1067 747 122 36 finner
1216 746 200 46 utskottet,
1446 757 81 23 som
1557 743 213 37 emellertid
1798 765 47 3 —

259 803 58 37 för
346 804 74 36 den
448 804 183 37 händelse
662 808 54 31 att
742 801 171 47 införsel,
948 799 247 48 tillverkning
1233 798 70 37 och
1331 796 229 49 försäljning
1588 796 43 36 af
1653 794 192 50 margarin

258 856 239 37 fortfarande
541 856 119 36 skulle
701 855 153 35 komma
888 858 55 31 att
970 852 12 36 i
1009 852 100 36 riket
1136 851 140 36 tillåtas
1307 873 47 3 —
1383 862 112 24 anser
1523 849 214 49 synnerligt
1764 847 83 48 vig-

258 909 86 48 tigt,
387 914 54 31 att
470 907 242 38 föreskrifter
740 905 195 37 meddelas
965 903 196 50 angående
1192 903 72 36 den
1293 902 98 48 färg,
1419 901 120 37 under
1565 900 156 37 hvilken
1750 912 97 24 mar-

258 961 152 48 garinet
438 960 56 37 får
521 960 13 37 i
561 959 166 38 handeln
756 958 248 46 förekomma,
1036 955 138 49 skäligt
1203 954 213 48 hemställa,

760 1016 55 31 att
855 1010 194 36 motionen
1085 1008 84 37 icke
1197 1008 60 36 för
1285 1006 236 37 närvarande
1549 1008 60 34 må
1637 1005 56 36 till
1720 1007 127 46 någon

656 1063 242 48 Riksdagens
927 1061 134 49 åtgärd
1090 1060 206 37 föranleda.

364 1152 222 37 Stockholm
617 1151 74 37 den
720 1152 47 35 24
797 1149 166 37 februari
994 1150 109 35 1890.

812 1271 53 37 På
892 1271 208 36 utskottets
1129 1274 161 44 vägnar:

863 1374 199 38 GUSTAF
1092 1372 148 38 BERG.

362 1621 80 37 Här
483 1620 97 37 skall
623 1619 219 47 antecknas,
878 1623 55 31 att
960 1618 131 35 herrar
1123 1616 37 38 C.
1189 1618 43 34 A.
1263 1616 204 36 Andersson
1496 1613 84 37 från
1609 1612 139 36 Malmö
1778 1611 72 36 och

259 1675 107 36 Folke
405 1675 206 35 Andersson
652 1671 84 37 icke
770 1670 98 37 varit
894 1668 236 38 närvarande
1158 1667 64 37 vid
1251 1667 155 49 frågans
1435 1665 154 49 slutliga
1616 1663 235 49 behandling

259 1726 103 37 inom
390 1726 198 36 utskottet.
