1858 2788
246 147 43 30 64
696 144 253 28 Statsutskottets
973 144 161 28 utlåtande
1157 152 39 19 nr
1220 144 64 27 153.

247 234 108 20 nerna
374 225 228 39 preliminära
621 225 123 34 beslut,
765 233 120 21 varom
905 224 65 30 här
991 226 37 28 är
1048 224 108 39 fråga,
1178 224 54 30 för
1254 225 101 28 nästa
1375 223 169 40 budgetår
1565 223 58 30 må
1642 224 94 29 med-

247 279 94 28 delas
363 278 92 29 intill
478 279 49 28 ett
547 279 124 38 belopp
694 287 41 20 av
759 278 60 29 100
834 277 63 30 000
912 277 63 29 000
998 278 129 28 kronor
1150 277 65 30 och
1238 278 50 28 att
1310 276 120 31 därför

303 331 72 29 dels
399 332 58 29 det
480 332 118 38 stycke
621 332 11 28 i
655 331 188 29 utskottets
866 331 163 39 yttrande
1053 330 44 40 på
1119 340 26 20 s.
1169 329 52 35 44,
1245 339 75 20 som
1343 329 120 40 börjar
1486 330 80 29 med
1591 329 72 30 »Då
1686 331 52 28 ut-

247 384 147 29 skottet>
419 384 65 29 och
507 385 109 28 slutar
639 385 78 29 med
741 384 146 38 »Kungl.
911 384 124 39 Maj:ts
1058 384 163 38 förslag»,
1243 384 77 29 bort
1342 384 45 29 ha
1409 383 158 39 följande
1590 383 145 39 lydelse:

305 437 72 30 »Då
402 437 182 35 utskottet,
612 446 75 21 som
714 437 155 39 framgår
896 446 42 21 av
965 438 57 29 det
1049 436 218 40 föregående,
1295 436 194 39 tillstyrker
1517 436 220 30 sistnämnda

247 491 166 38 yrkande,
437 491 148 29 föreslår
609 491 171 29 utskottet
803 492 51 28 att
875 490 268 39 ifrågavarande
1167 490 279 39 bemyndigande
1472 490 89 29 skall
1586 498 79 21 avse
1690 491 48 28 ett

228 544 144 39 "belopp
394 553 42 20 av
461 544 62 29 100
538 543 62 30 000
615 543 62 30 000
700 544 160 29 kronor.»

305 597 72 30 dels
409 597 65 29 ock
504 598 271 29 nedannämnda
804 598 157 28 moment
990 597 11 29 i
1031 597 189 29 utskottets
1251 597 211 28 hemställan
1493 596 77 29 bort
1600 596 45 29 ha
1675 596 64 29 föl-

247 650 105 39 jande
378 651 146 38 lydelse:

560 703 154 30 »XXXII.
738 703 12 29 i
779 703 189 39 anledning
998 712 42 20 av
1068 702 125 40 Kungl.
1224 702 124 40 Maj:ts
1377 702 132 39 förslag
1539 704 91 28 samt
1658 703 80 29 med

513 757 99 29 bifall
634 756 53 30 till
709 757 221 29 motionerna
954 756 28 29 1:
998 756 64 29 416
1085 756 64 30 och
1172 756 46 29 II:
1234 755 74 35 530,
1333 755 104 30 såvitt
1460 764 48 21 nu
1533 756 38 29 är
1593 755 12 30 i
1628 755 109 40 fråga,

513 810 169 39 medgiva,
704 811 50 28 att
775 809 227 40 preliminära
1022 809 114 30 beslut
1157 808 179 40 angående
1358 808 68 35 lån,
1448 817 76 21 som
1546 808 90 30 skall
1657 808 82 40 utgå

515 863 80 29 från
626 863 157 39 anslaget
813 863 53 29 till
897 862 199 40 tilläggslån
1126 862 53 30 till
1211 862 71 29 viss
1312 862 427 39 bostadsbyggnadsverk-

515 916 145 33 samhet,
683 916 58 29 må
762 916 55 29 för
838 915 206 39 budgetåret
1068 915 141 31 1953/54
1231 916 178 28 meddelas
1431 915 92 29 intill
1546 916 48 28 ett
1615 915 124 39 belopp

515 978 42 20 av
582 969 60 29 100
657 968 62 30 000
735 968 62 30 000
821 969 168 34 kronor;>»

304 1048 36 33 b)
370 1057 42 20 av
435 1048 123 29 herrar
583 1048 124 37 Ohlon,
730 1047 194 40 Malmborg
947 1048 10 29 i
983 1048 144 34 Skövde,
1150 1047 110 37 Ståhl,
1286 1047 131 30 Wedén
1441 1047 66 30 och
1530 1047 208 39 Gustafsson

248 1102 11 28 i
285 1101 196 34 Skellefteå,
507 1102 94 29 vilka
624 1102 112 29 under
761 1101 254 40 förutsättning
1039 1110 42 21 av
1104 1101 100 30 bifall
1229 1101 53 29 till
1307 1101 67 29 den
1399 1101 80 29 med
1505 1100 68 34 1b)
1603 1100 137 30 beteck-

250 1155 87 29 nade
360 1155 262 29 reservationen
645 1156 115 28 ansett
782 1155 51 29 att
856 1154 228 39 preliminära
1106 1154 125 34 beslut,
1255 1162 121 21 varom
1399 1154 65 29 här
1488 1155 38 28 är
1551 1153 109 40 fråga,
1685 1154 54 30 för

250 1208 100 29 nästa
370 1207 171 39 budgetår
562 1207 57 30 må
640 1207 178 30 meddelas
839 1207 93 29 intill
953 1209 48 27 ett
1022 1207 124 40 belopp
1168 1216 42 21 av
1231 1206 41 30 95
1287 1206 63 30 000
1365 1206 62 30 000
1450 1207 131 29 kronor
1603 1207 65 29 och
1690 1208 50 29 att

250 1260 118 30 därför

306 1313 72 30 dels
401 1314 58 29 det
483 1314 119 38 stycke
623 1314 11 28 i
657 1313 188 30 utskottets
867 1313 164 39 yttrande
1055 1312 43 41 på
1121 1322 26 21 s.
1170 1312 53 35 44,
1247 1321 75 21 som
1345 1313 120 39 börjar
1488 1314 80 29 med
1592 1313 73 30 »Då
1687 1314 54 29 ut-

251 1367 147 29 skottet>
422 1367 66 29 och
512 1368 109 28 slutar
643 1367 80 29 med
746 1366 145 39 »Kungl.
915 1366 124 39 Maj:ts
1062 1366 162 39 förslag»,
1246 1366 78 29 bort
1344 1366 45 30 ha
1412 1366 158 39 följande
1592 1367 145 38 lydelse:

306 1420 71 29 »Då
401 1420 182 33 utskottet,
608 1429 74 19 som
707 1420 154 38 framgår
886 1429 42 20 av
953 1421 56 28 det
1034 1419 218 39 föregående,
1278 1420 119 28 funnit
1421 1421 51 28 att
1497 1420 243 39 tilläggslånen

251 1475 116 28 senast
387 1473 42 29 fr.
452 1482 29 20 o.
503 1483 45 19 m.
569 1475 66 28 den
658 1475 13 27 1
695 1474 140 38 januari
859 1473 84 29 1954
963 1474 61 29 bör
1045 1474 147 29 ersättas
1214 1474 79 28 med
1314 1474 149 38 löpande
1483 1473 132 39 bidrag,
1638 1482 101 20 anser

250 1528 169 28 utskottet
462 1529 51 27 att
554 1528 267 38 ifrågavarande
863 1527 279 39 bemyndigande
1186 1527 89 29 skall
1318 1536 79 20 avse
1441 1528 48 28 ett
1531 1527 125 39 belopp
1699 1536 42 20 av

250 1581 40 29 95
306 1580 61 30 000
382 1581 63 29 000
471 1581 160 29 kronor.»

307 1634 72 30 dels
409 1634 65 30 ock
505 1635 271 29 nedannämnda
806 1636 156 27 moment
991 1634 11 29 i
1034 1634 187 29 utskottets
1252 1634 211 29 hemställan
1493 1634 78 29 bort
1601 1634 46 29 ha
1677 1634 63 30 föl-

249 1688 105 39 jande
380 1689 146 38 lydelse:

562 1741 152 29 »XXXII.
740 1742 10 28 i
775 1742 189 38 anledning
987 1751 42 20 av
1052 1741 124 39 Kungl.
1201 1741 124 39 Maj:ts
1349 1741 132 39 förslag
1505 1743 90 27 samt
1619 1741 122 29 motio-

519 1804 108 20 nerna
654 1795 28 29 1:
699 1795 63 29 416
790 1795 64 29 och
882 1795 45 28 II:
944 1794 74 34 530,
1047 1794 103 30 såvitt
1177 1804 47 20 nu
1253 1795 37 29 är
1317 1795 10 29 i
1355 1794 110 39 fråga,
1492 1794 170 39 medgiva,
1690 1796 51 28 att

518 1849 226 39 preliminära
777 1848 114 29 beslut
926 1848 178 39 angående
1140 1848 69 34 lån,
1246 1857 74 20 som
1357 1848 89 29 skall
1471 1848 83 39 utgå
1578 1848 81 29 från
1683 1858 59 20 an-

517 1903 108 38 slaget
648 1903 51 28 till
722 1901 198 40 tilläggslån
944 1902 52 29 till
1018 1902 70 29 viss
1109 1901 552 39 bostadsbyggnadsverksamhet
1684 1901 57 29 må

518 1957 54 28 för
589 1955 204 40 budgetåret
813 1955 141 30 1953/54
972 1955 176 29 meddelas
1166 1955 92 29 intill
1276 1957 48 27 ett
1341 1955 125 39 belopp
1485 1965 42 20 av
1545 1955 40 29 95
1601 1954 62 30 000
1678 1954 62 30 000

516 2010 166 34 kronor;>»

1285 2454 74 19 Sthlm
1368 2453 59 20 1953.
1441 2454 27 19 K.
1478 2454 24 18 L.
1513 2454 127 18 Beckmans
1648 2454 79 18 Boktr.
