1864 2790
580 155 252 28 Statsutskottets
857 156 163 27 utlåtande
1042 164 39 18 nr
1104 156 66 27 153.
1581 159 42 30 53

134 235 105 38 sagda
265 235 75 29 icke
367 244 100 20 avser
493 237 50 27 att
568 244 47 20 nu
642 237 79 37 taga
748 235 166 39 ställning
942 235 54 29 för
1023 245 41 19 en
1092 235 188 29 reduktion
1307 245 41 20 av
1375 236 64 29 här
1467 237 154 29 nämnda

132 288 82 29 eller
245 288 110 29 andra
386 289 267 33 standardkrav,
685 289 192 38 tillstyrker
909 288 171 30 utskottet
1111 290 51 28 att
1192 288 188 40 riksdagen
1411 289 10 29 i
1454 290 167 29 skrivelse

132 342 52 29 till
210 342 125 39 Kungl.
362 342 106 39 Maj:t
494 341 157 30 anhåller
677 351 56 20 om
760 342 160 39 uppdrag
946 342 34 29 åt
1006 342 317 39 bostadsstyrelsen
1350 345 50 27 att
1427 343 194 40 framlägga

131 404 43 20 en
202 395 220 39 överskådlig
450 396 223 39 redovisning
702 395 54 30 för
783 396 66 29 vad
879 405 76 20 som
983 396 71 29 kan
1081 396 126 30 vinnas
1235 396 113 39 ifråga
1376 406 57 19 om
1462 399 48 27 ett
1538 397 83 30 ökat

132 450 95 28 antal
259 449 201 39 lägenheter
492 448 123 40 genom
646 449 228 40 jämkningar
908 459 41 20 av
982 450 56 29 det
1071 450 74 39 slag
1177 450 171 29 utskottet
1380 450 64 30 här
1477 451 141 39 angivit.

130 503 101 29 Först
250 503 204 39 därigenom
474 503 70 29 kan
564 512 42 20 en
627 503 326 30 tillfredsställande
974 504 113 38 grund
1108 503 55 30 för
1185 504 362 39 ställningstaganden
1568 505 50 29 till

130 556 124 39 frågan
280 565 57 20 om
364 558 194 28 eventuella
584 557 162 39 åtgärder
772 556 162 30 erhållas.
962 558 64 28 Det
1054 566 103 30 synes
1185 558 85 29 även
1298 558 159 39 lämpligt
1485 560 50 27 att
1561 558 58 29 bo-

129 611 271 38 stadsstyrelsen
419 610 178 39 samtidigt
615 610 148 30 erhåller
782 611 160 39 uppdrag
961 612 50 28 att
1029 611 200 30 undersöka
1248 620 56 20 om
1323 611 295 40 förutsättningar

131 664 116 29 finnes
271 664 53 29 för
348 665 51 28 att
422 665 49 28 ett
494 664 194 29 samarbete
712 665 78 29 med
815 665 41 29 de
880 664 221 34 kommuner,
1127 665 63 29 där
1214 665 233 30 bostadsbrist
1470 665 112 34 råder,
1607 665 11 30 i

131 717 90 39 syfte
251 719 49 27 att
330 725 124 31 genom
485 726 42 20 en
555 718 220 39 inventering
805 727 41 20 av
875 717 336 40 bostadstillgången
1241 718 10 29 i
1283 719 335 38 grannkommuner,

130 771 374 39 förbätlringsarbeten
529 771 44 40 på
597 772 95 29 äldre
719 771 210 39 lägenheter,
955 771 187 40 inredning
1168 781 42 20 av
1234 772 307 39 vindsutrymmen
1567 773 52 29 till

130 824 165 40 lämpliga
324 825 346 39 bostadslägenheter
700 825 64 29 och
795 825 167 29 liknande
993 825 161 39 åtgärder
1187 826 88 29 skall
1306 826 121 30 kunna
1458 827 77 29 leda
1567 827 50 29 till

128 888 42 19 en
196 878 131 39 ökning
353 888 42 20 av
420 879 57 29 det
502 879 214 39 tillgängliga
741 878 359 30 bostadsbeståndet.>

185 940 72 29 dels
277 940 64 30 ock
360 942 271 29 nedannämnda
652 944 155 27 moment
826 942 11 28 i
857 942 190 29 utskottets
1067 942 211 29 hemställan
1297 942 78 30 bort
1395 943 45 29 ha
1459 942 159 39 följande

127 994 145 39 lydelse:

442 1057 75 29 »IV.
549 1057 222 30 beträffande
802 1057 361 39 bostadsbyggandets
1196 1058 212 39 omfattning
1440 1067 45 20 m.
1518 1067 56 25 m.,
1606 1058 12 29 i

394 1111 188 38 anledning
602 1120 42 20 av
663 1111 178 29 motionen
862 1111 45 29 II:
925 1111 62 29 303
1009 1113 90 28 samt
1119 1112 80 29 med
1219 1112 118 39 avslag
1356 1111 20 30 å
1396 1112 222 29 motionerna

395 1164 28 28 I:
442 1163 58 30 121
525 1165 64 28 och
611 1164 46 29 II:
673 1164 73 34 313,
768 1164 11 29 i
802 1164 167 30 skrivelse
992 1165 52 29 till
1066 1165 126 39 Kungl.
1216 1165 105 39 Maj:t
1344 1165 76 40 giva
1444 1165 173 30 tillkänna

390 1218 67 29 vad
482 1218 170 29 utskottet
678 1218 154 34 anfört;»

183 1332 36 34 5)
248 1333 224 30 beträffande
501 1335 57 28 det
587 1334 237 39 provisoriska
855 1334 254 39 tilläggslånets
1140 1335 130 29 storlek

181 1412 36 34 a)
247 1422 42 21 av
310 1414 123 29 herrar
455 1414 122 39 Bergh,
600 1414 206 39 Lundqvist,
830 1414 128 39 Kyling
982 1415 63 29 och
1067 1414 115 36 Birke,
1205 1415 94 29 vilka
1322 1417 115 27 ansett
1459 1417 51 28 att

182 1466 72 30 dels
278 1467 57 30 det
358 1467 120 39 stycke
500 1467 11 29 i
534 1467 189 29 utskottets
745 1468 174 38 yttrande,
944 1476 75 20 som
1041 1467 45 40 på
1110 1477 25 20 s.
1160 1467 40 30 35
1224 1468 119 39 börjar
1367 1469 78 29 med
1471 1469 146 39 »Kungl.

125 1520 143 39 Maj:ts>
293 1520 65 30 och
379 1521 45 39 på
446 1529 26 21 s.
495 1521 40 29 36
558 1521 110 29 slutar
691 1521 79 29 med
793 1520 85 30 »har
899 1520 200 35 bedrivits»,
1122 1521 78 29 bort
1221 1521 46 30 ha
1289 1521 158 40 följande
1470 1522 144 39 lydelse:

185 1582 137 30 »Under
346 1582 212 39 hänvisning
582 1582 52 29 till
658 1582 189 30 utskottets
871 1583 11 28 i
907 1582 58 30 det
989 1582 209 39 föregående
1224 1583 149 39 angivna
1398 1583 220 40 principiella

129 1635 219 40 ståndpunkt
364 1636 11 28 i
394 1635 354 40 subventionsfrågan
766 1635 193 40 tillstyrker
977 1636 172 29 utskottet
1167 1637 56 28 det
1240 1637 11 28 i
1269 1636 221 30 motionerna
1509 1637 28 29 1:
1554 1636 63 30 416

127 1689 65 30 och
222 1689 44 29 II:
285 1689 61 30 530
377 1689 221 30 framställda
626 1690 174 39 yrkandet
830 1691 50 28 att
911 1690 41 29 de
983 1690 237 39 provisoriska
1252 1690 244 39 tilläggslånen
1527 1691 89 29 skall

126 1743 129 30 sänkas
278 1743 52 29 till
353 1744 49 28 ett
424 1744 260 39 kapitalbelopp
707 1744 247 29 motsvarande
978 1745 48 28 ett
1046 1744 123 39 bidrag
1193 1753 40 20 av
1256 1744 18 29 2
1298 1744 130 29 kronor
1451 1753 61 31 per
1535 1744 82 30 kvm

128 1796 250 39 lägenhetsyta.
406 1797 176 29 Utskottet
609 1806 113 25 anser,
750 1799 49 27 att
826 1797 57 29 det
910 1797 212 29 reducerade
1150 1797 93 29 lånet
1269 1797 63 30 bör
1359 1797 83 40 utgå
1469 1798 52 29 till
1550 1798 68 30 alla

128 1850 144 38 företag,
292 1858 75 21 som
387 1850 160 29 slutförts
567 1850 87 29 efter
674 1850 38 29 år
733 1850 94 34 1953,
848 1851 64 28 och
933 1851 70 28 kan
1024 1850 102 30 alltså
1145 1850 76 30 icke
1241 1852 147 37 godtaga
1409 1852 57 28 det
1485 1851 132 39 förslag

127 1903 52 29 till
201 1903 189 39 undantag,
414 1912 75 20 som
511 1903 62 29 har
597 1903 176 30 förordats
794 1904 10 28 i
828 1904 180 29 motionen
1031 1904 45 28 II:
1093 1903 74 29 527.
1191 1904 178 29 Avseende
1394 1905 97 29 torde
1514 1904 102 29 alltså

127 1956 10 29 i
162 1957 93 28 detta
279 1956 256 39 sammanhang
558 1957 76 29 icke
659 1957 188 39 lämpligen
871 1957 85 29 böra
981 1957 110 30 fästas
1115 1957 58 29 vid
1197 1957 173 30 huruvida
1395 1958 221 39 preliminärt

127 2008 114 30 beslut
265 2010 193 29 meddelats
484 2010 73 30 före
582 2011 67 28 den
677 2010 12 29 1
717 2010 66 39 juli
811 2010 83 29 1953
920 2011 83 28 eller
1028 2010 76 30 icke
1130 2012 84 27 utan
1241 2011 123 29 enbart
1388 2011 58 30 vid
1472 2011 67 29 den
1564 2011 51 30 tid

127 2064 111 28 under
261 2063 118 29 vilken
405 2064 40 29 de
471 2064 92 29 olika
587 2063 180 40 företagen
792 2064 64 29 har
880 2064 198 30 bedrivits.»

182 2125 72 29 dels
274 2125 64 29 ock
358 2126 271 29 nedannämnda
649 2128 156 27 moment
824 2126 9 29 i
855 2126 190 29 utskottets
1065 2127 210 29 hemställan
1296 2127 77 29 bort
1394 2127 45 29 ha
1459 2127 157 39 följande

128 2179 143 38 lydelse:

437 2241 59 29 »V.
521 2241 9 29 i
554 2241 98 38 fråga
673 2250 56 20 om
752 2242 56 29 det
830 2241 238 39 provisoriska
1090 2241 251 39 tilläggslånets
1365 2242 140 33 storlek,
1526 2242 10 29 i
1558 2251 60 20 an-

394 2293 141 39 ledning
558 2302 42 20 av
623 2294 125 38 Kungl.
773 2294 125 38 Maj:ts
922 2294 131 38 förslag
1078 2296 91 27 samt
1192 2295 78 28 med
1295 2294 98 29 bifall
1418 2295 52 28 till
1495 2295 123 28 motio-

394 2355 109 20 nerna
530 2347 27 28 1:
574 2345 63 30 416
664 2347 64 29 och
756 2346 124 29 II:530
909 2348 165 28 ävensom
1101 2347 78 29 med
1207 2347 117 39 avslag
1351 2347 20 29 å
1397 2348 219 29 motionerna

394 2399 28 29 I:
444 2398 56 30 415
527 2400 64 28 och
620 2400 44 28 II:
681 2400 63 29 526
773 2402 90 27 samt
891 2400 45 28 11:
953 2400 74 33 527,
1056 2400 161 38 samtliga
1244 2400 172 29 motioner
1445 2400 103 30 såvitt
1576 2401 41 29 de

392 2452 100 29 berör
513 2453 113 29 denna
649 2452 108 39 fråga,
779 2453 186 39 godkänna
988 2454 64 29 vad
1076 2453 169 29 utskottet
1266 2454 218 38 föreslagit;»
