2232 2636
227 282 141 28 Utskottet.

400 206 21 30 6
894 210 292 31 Bankoutskottets
1209 209 176 33 utlåtande
1408 212 51 30 Nr
1483 214 28 29 5.

508 287 291 47 Ifrågavarande
846 288 126 37 arbete
1014 291 68 34 har
1123 291 199 36 utkommit
1365 293 120 34 under
1527 295 81 33 vart
1651 294 68 34 och
1753 296 54 33 ett
1836 306 45 23 av
1910 296 88 33 åren

404 342 274 43 1906—1913,
725 341 114 37 därav
882 343 45 35 de
967 343 58 48 sju
1055 346 147 34 senaste
1232 347 89 34 åren
1350 346 84 35 med
1463 346 204 35 understöd
1697 358 45 25 av
1771 347 226 36 statsmedel.

402 393 124 36 Såsom
572 406 46 25 av
646 394 190 37 motionen
864 396 197 46 inhämtas,
1091 398 68 35 har
1186 398 156 37 berörda
1365 400 204 35 understöd
1597 400 57 35 för
1682 402 88 34 åren
1802 403 100 33 1912
1928 401 69 36 och

404 449 99 33 1913
534 450 124 44 utgått
687 449 84 35 med
801 452 53 33 ett
881 449 135 48 belopp
1047 463 44 24 av
1124 454 115 42 1,600
1269 453 146 35 kronor.
1474 453 236 36 Motionären
1738 455 68 34 har
1835 455 164 35 emeller-

398 499 55 36 tid
487 512 51 23 nu
571 503 48 44 på
652 502 154 35 anförda
835 502 82 36 skäl
945 504 201 45 hemställt,
1177 508 54 33 att
1260 505 170 48 anslaget
1457 506 57 35 för
1541 506 253 37 innevarande
1825 510 40 33 år
1892 507 104 49 höjes

398 553 58 35 till
486 555 115 43 2,000
631 554 147 37 kronor.

505 607 317 38 Bankoutskottet
861 609 67 36 har
961 610 56 36 för
1045 610 58 37 sin
1133 612 59 35 del
1220 612 84 36 icke
1328 614 115 46 något
1471 615 54 35 att
1553 613 122 37 erinra
1703 617 78 33 mot
1809 616 54 34 att
1891 617 106 34 stats-

398 661 205 37 understöd
646 667 94 32 även
780 662 56 37 för
877 663 254 38 innevarande
1174 668 40 33 år
1246 666 157 49 beviljas
1431 667 57 36 för
1509 668 286 48 ifrågavarande
1825 669 172 35 ändamål

398 715 69 35 och
506 715 121 36 finner
669 717 230 36 motionären
942 719 96 34 hava
1073 719 122 36 anfört
1223 719 203 48 fullgiltiga
1455 721 81 35 skäl
1565 722 56 35 för
1650 725 54 32 att
1734 722 100 35 detta
1863 723 131 35 under-

398 769 83 34 stöd
524 771 58 33 må
621 772 90 44 utgå
753 771 85 34 med
880 774 53 32 ett
960 771 57 35 till
1049 774 114 42 2,000
1193 772 137 36 kronor
1349 774 137 47 förhöjt
1515 775 144 47 belopp.
1716 774 151 36 Liksom
1897 776 99 35 förut

398 833 111 35 synes
551 823 244 35 understödet
835 823 90 36 böra
962 827 90 44 utgå
1093 838 45 23 av
1172 826 330 48 förslagsanslaget
1535 828 57 35 till
1621 828 376 47 riksdagskostnader

398 875 68 35 och
508 876 105 35 torde
654 877 57 34 för
753 877 187 47 anslagets
974 878 211 49 beviljande
1214 879 89 36 böra
1331 880 224 37 föreskrivas
1585 894 139 23 samma
1753 881 137 36 villkor
1917 894 77 24 som

399 928 62 36 vid
507 931 98 33 1913
650 932 58 33 års
750 930 154 47 riksdag
945 935 100 32 utom
1081 933 230 35 beträffande
1339 934 116 36 tiden.
1511 935 19 35 I
1559 936 101 35 detta
1690 936 183 35 avseende
1901 937 96 34 lärer

398 982 190 47 nämligen
631 984 83 34 med
756 984 146 47 hänsyn
946 985 122 35 därtill
1103 988 54 33 att
1192 986 143 36 arbetet
1364 988 122 34 denna
1515 991 100 44 gång
1644 988 167 36 kommer
1840 992 54 32 att
1923 1001 72 24 om-

397 1035 93 35 fatta
536 1038 63 33 två
641 1036 153 47 lagtima
836 1037 196 48 riksdagar
1072 1038 84 36 icke
1198 1039 89 36 böra
1320 1040 143 36 lämnas
1493 1053 124 24 annan
1645 1041 191 36 föreskrift
1865 1047 47 30 än
1941 1045 54 33 att

396 1088 124 36 boken
548 1089 302 37 tillhandahålles
878 1091 362 48 riksgäldskontoret
1268 1096 146 34 snarast
1442 1094 144 49 möjligt
1615 1095 93 36 efter
1735 1108 52 23 nu
1802 1097 193 46 pågående

396 1141 171 49 riksdags
598 1143 230 37 avslutande.
888 1145 125 36 Såsom
1045 1147 230 36 motionären
1303 1148 224 45 framhåller,
1558 1150 105 35 torde
1693 1161 85 24 man
1803 1149 56 36 för
1875 1149 120 47 övrigt

396 1195 129 36 kunna
572 1209 87 23 vara
700 1198 195 44 förvissad,
940 1202 54 32 att
1035 1200 196 47 utgivaren
1273 1200 98 36 skall
1402 1202 74 35 låta
1511 1202 57 47 sig
1598 1203 198 46 angeläget
1825 1215 87 24 vara
1942 1206 53 33 att

396 1248 111 44 tillse,
539 1252 54 33 att
620 1250 123 36 boken
771 1250 210 37 utkommer
1008 1255 92 33 utan
1130 1253 137 47 onödig
1295 1254 239 37 tidsutdräkt.

503 1302 193 37 Utskottet
723 1304 56 35 får
808 1305 108 35 alltså
945 1305 207 45 hemställa,

930 1397 54 33 att
1007 1394 214 48 riksdagen,
1252 1397 83 35 med
1364 1396 105 36 bifall
1498 1397 56 35 till
1582 1397 243 37 förevarande
1843 1398 150 44 motion,

822 1449 58 33 må
922 1447 56 36 för
1019 1449 204 46 utgivande
1252 1462 46 22 av
1328 1462 46 22 en
1403 1450 254 47 uppslagsbok
1687 1456 87 31 över
1805 1454 100 33 1914
1937 1455 58 32 års

823 1500 152 46 lagtima
1022 1502 215 46 riksdagars
1285 1503 249 44 verksamhet,
1579 1504 127 36 vilken
1748 1504 75 36 bok
1859 1505 135 36 skall
1975 1496 23 58 i

824 1553 240 37 bokhandeln
1094 1556 118 35 hållas
1241 1555 215 49 tillgänglig
1483 1557 57 36 för
1568 1561 54 33 ett
1649 1558 76 48 pris
1741 1571 46 24 av
1802 1571 46 23 en
1864 1559 129 44 krona,

822 1607 137 49 bevilja
987 1609 113 36 förste
1130 1609 170 36 notarien
1329 1611 67 35 hos
1426 1609 115 37 andra
1571 1611 214 37 kammaren
1815 1612 63 37 vid
1893 1612 102 36 inne-

822 1663 162 34 varande
1011 1665 58 33 års
1111 1663 154 47 riksdag
1309 1665 92 35 Tore
1442 1665 154 35 Hedrén
1635 1668 53 33 ett
1716 1667 203 35 understöd
1949 1679 45 23 av

820 1717 62 33 två
922 1718 109 33 tusen
1060 1716 148 45 kronor,
1239 1720 54 32 att
1320 1717 185 36 utbetalas
1535 1719 40 34 af
1599 1719 235 46 fullmäktige
1862 1719 13 35 i
1903 1719 90 36 riks-

821 1768 282 46 gäldskontoret
1144 1770 82 35 från
1267 1770 330 48 förslagsanslaget
1637 1771 59 36 till
1722 1772 272 47 riksdagskost-

823 1822 125 44 nader,
979 1823 119 35 under
1127 1823 136 36 villkor
1283 1826 53 33 att
1352 1827 76 32 400
1445 1825 191 47 exemplar
1649 1838 46 24 av
1709 1825 123 37 boken
1850 1830 145 32 snarast

825 1875 145 48 möjligt
989 1877 94 35 efter
1097 1889 51 23 nu
1164 1878 193 46 pågående
1377 1878 172 47 riksdags
1566 1880 219 35 avslutande
1801 1879 192 36 kostnads-

822 1928 79 36 fritt
948 1930 231 35 överlämnas
1207 1930 58 35 till
1292 1930 363 48 riksgäldskontoret
1692 1933 57 36 för
1784 1934 211 35 omedelbar

823 1982 200 47 utdelning
1051 1983 114 35 bland
1194 1983 221 48 riksdagens
1439 1985 218 40 ledamöter.

502 2050 214 37 Stockholm
748 2053 73 34 den
854 2055 46 33 18
926 2053 86 49 juni
1043 2056 112 34 1914.

897 2125 52 35 På
979 2125 327 37 bankoutskottets
1336 2132 157 43 vägnar:

930 2205 29 35 I.
992 2216 82 25 von
1104 2205 354 39 STAPELMOHR.
