1903 2825
228 183 43 30 40

274 263 54 30 En
343 263 151 29 tänkbar
508 262 138 39 lösning
661 262 38 29 är
715 264 51 27 att
782 261 68 30 alla
867 262 212 29 sekreterare
1096 261 65 29 och
1177 261 109 29 andra
1302 260 253 40 föredragande
1571 260 145 39 tjänste-

230 309 83 29 män
327 308 73 30 förs
417 317 160 20 samman
591 308 53 29 till
659 309 48 28 ett
722 307 89 30 enda
825 306 373 35 utskottssekretariat,
1215 315 43 21 en
1273 315 118 20 annan
1407 306 37 29 är
1460 307 50 28 att
1526 306 41 29 de
1582 305 134 30 indelas

228 354 12 29 i
258 353 59 30 två
335 354 83 29 eller
435 355 53 28 tre
508 353 215 34 sekretariat,
744 354 23 27 t.
782 361 51 21 ex.
854 353 47 28 ett
920 352 142 39 budget-
1082 351 65 30 och
1166 351 466 40 organisationssekretariat
1652 350 65 30 och

230 401 47 28 ett
302 398 298 30 rättssekretariat
625 398 65 30 och
713 397 169 39 möjligen
907 398 178 29 dessutom
1111 398 48 28 ett
1185 396 393 30 samhällsekonomiskt
1604 396 113 29 sekre-

230 444 105 29 tariat
366 444 27 34 (i
418 444 67 29 den
509 443 157 39 följande
692 442 306 40 framställningen
1023 443 88 28 talas
1136 442 55 29 för
1217 441 224 30 enkelhetens
1468 441 93 30 skull
1587 450 56 21 om
1669 442 48 28 ett

228 489 89 30 enda
338 488 238 34 sekretariat).

274 535 53 30 En
342 533 260 40 omständighet
617 543 74 21 som
708 534 89 29 talar
813 533 55 30 för
884 542 43 21 en
942 532 70 30 viss
1029 532 226 40 samordning
1271 541 42 21 av
1329 531 388 40 sekreteraruppgifter-

230 589 46 21 na
296 580 38 29 är
353 581 50 28 att
423 579 68 30 alla
510 579 180 30 utskotten
709 579 10 29 i
740 578 105 40 högre
866 578 83 40 grad
969 578 45 29 än
1032 587 48 20 nu
1100 577 149 30 behöver
1268 577 46 30 ha
1333 577 144 40 tillgång
1496 577 54 29 till
1569 576 149 40 lagstift-

230 626 261 38 ningsexperter
509 633 80 21 men
607 626 50 28 att
675 624 57 30 det
749 624 20 30 å
787 624 110 30 andra
914 624 100 29 sidan
1033 623 195 39 säkerligen
1247 623 111 29 skulle
1376 623 169 29 innebära
1563 631 42 20 en
1623 622 95 29 över-

230 670 239 40 organisation
493 672 51 27 att
567 670 133 29 tilldela
724 669 181 30 utskotten
928 678 62 21 var
1015 669 53 29 sin
1095 668 109 30 sådan
1229 670 128 38 expert.
1384 668 64 29 Det
1474 668 37 29 är
1536 667 182 38 härvidlag

229 716 71 29 inte
320 715 70 35 KU,
410 715 319 40 justitieutskottet,
751 715 329 39 civillagsutskottet
1100 714 82 29 eller
1204 713 287 30 skatteutskottet
1513 722 74 20 som
1608 712 110 30 vållar

227 761 166 40 problem,
432 761 175 40 knappast
643 760 109 30 heller
789 760 279 29 socialutskottet
1104 759 64 30 och
1206 758 511 39 socialförsäkringsutskottet.

229 807 110 29 Dessa
363 806 136 30 utskott
525 807 72 28 kan
622 808 145 37 antagas
792 805 134 30 behöva
951 805 109 29 minst
1086 814 43 21 en
1154 804 361 39 lagstiftningsexpert
1540 813 71 20 var.
1638 803 80 29 Men

229 852 89 29 flera
340 861 42 19 av
403 852 41 28 de
467 851 111 29 andra
599 851 190 33 utskotten,
814 859 75 20 som
912 850 135 29 kanske
1067 850 73 28 inte
1163 850 159 28 kommer
1345 850 51 28 att
1418 849 134 29 behöva
1572 848 146 38 jurister

229 895 45 39 på
295 895 118 34 heltid,
436 895 159 29 kommer
617 894 91 30 ändå
728 895 73 28 inte
823 894 112 29 sällan
957 895 50 28 att
1028 893 133 30 behöva
1182 896 36 26 ta
1239 893 166 39 ställning
1426 893 11 28 i
1460 892 258 39 komplicerade

227 939 369 41 lagstiftningsfrågor.
622 939 43 31 Så
689 939 71 30 kan
783 939 48 30 bli
855 939 98 30 fallet
977 939 79 30 med
1080 938 392 34 samfärdselutskottet,
1497 936 221 40 miljövårds-

229 986 65 29 och
310 985 375 39 jordbruksutskottet,
704 985 325 39 näringsutskottet,
1048 984 307 29 inrikesutskottet
1372 984 65 29 och
1455 983 262 29 civilutskottet.

230 1030 49 30 På
295 1030 247 30 motsvarande
560 1030 69 29 sätt
647 1030 71 29 kan
735 1030 94 29 vissa
845 1030 136 29 utskott
1000 1038 74 21 som
1091 1029 73 29 inte
1181 1028 11 30 i
1211 1028 112 30 första
1340 1028 95 29 hand
1453 1028 64 29 har
1537 1027 182 30 samhälls-

230 1076 222 29 ekonomiskt
475 1075 164 40 präglade
663 1074 295 40 arbetsuppgifter
981 1074 127 30 tänkas
1131 1074 134 29 behöva
1287 1073 135 30 biträde
1446 1082 42 20 av
1512 1072 207 30 ekonomisk

228 1121 160 39 expertis.

274 1166 53 28 En
348 1174 117 20 annan
486 1165 259 39 omständighet
766 1174 74 20 som
860 1165 90 29 talar
970 1164 55 30 för
1047 1164 227 39 samordning
1294 1164 37 29 är
1353 1165 50 28 att
1424 1165 48 28 ett
1492 1163 136 29 utskott
1649 1163 70 29 kan

230 1210 37 30 få
286 1210 96 30 hand
403 1219 56 21 om
480 1210 154 30 ärenden
654 1219 75 21 som
750 1210 108 29 delvis
880 1210 106 39 ligger
1006 1209 96 30 inom
1124 1211 48 28 ett
1193 1210 108 28 annat
1322 1209 153 29 utskotts
1496 1208 223 39 berednings-

235 1255 141 29 område
401 1255 99 34 (GLB
518 1255 148 29 föreslår
685 1257 50 27 all
754 1255 152 29 ärenden
925 1263 74 20 som
1018 1255 91 37 regel
1127 1255 72 28 inte
1219 1253 88 29 skall
1326 1253 36 29 få
1380 1253 122 38 klyvas
1521 1252 129 29 mellan
1669 1253 53 27 ut-

233 1299 126 35 skott).
382 1300 65 30 Det
469 1300 71 29 kan
562 1300 11 29 i
596 1299 133 30 sådana
750 1299 64 30 fall
835 1308 85 21 vara
941 1299 177 40 praktiskt
1141 1301 51 27 att
1215 1299 54 29 för
1293 1298 153 30 tillfället
1468 1298 53 30 till
1544 1298 57 30 det
1624 1297 97 30 förra

232 1346 170 28 utskottet
421 1345 110 39 knyta
549 1354 43 19 en
611 1345 253 38 föredragande
884 1344 225 39 tjänsteman,
1131 1352 75 21 som
1226 1343 100 39 eljest
1344 1344 12 28 i
1376 1343 187 29 huvudsak
1583 1343 137 28 arbetar

231 1390 55 29 för
303 1389 57 30 det
379 1398 131 21 senare.
529 1389 49 30 På
596 1389 166 30 liknande
781 1390 68 29 sätt
866 1389 111 29 måste
995 1389 57 29 det
1071 1389 74 29 ofta
1161 1397 84 21 vara
1264 1388 300 39 ändamålsenligt,
1584 1396 56 21 om
1659 1386 60 30 KU

230 1435 10 29 i
261 1435 60 29 sitt
342 1434 362 39 granskningsarbete,
727 1443 74 21 som
821 1434 41 39 ju
883 1434 70 29 kan
974 1434 123 29 beröra
1118 1433 68 30 alla
1207 1433 393 39 statsdepartementens
1621 1432 98 29 verk-

236 1479 334 34 samhetsområden,
590 1480 69 28 kan
678 1479 81 29 låna
777 1479 216 36 ljänstemän
1012 1479 78 28 med
1111 1477 325 40 specialinriktning
1455 1477 44 39 på
1519 1476 113 30 skilda
1651 1484 71 20 om-

228 1524 118 30 råden.

275 1568 229 30 Beträffande
529 1568 61 30 KU
615 1568 64 30 har
704 1568 147 39 tidigare
877 1570 93 37 sagts
997 1569 50 28 att
1073 1568 133 29 arbetet
1232 1567 117 30 ställer
1377 1567 161 39 speciella
1564 1567 85 29 krav
1675 1566 45 40 på

232 1614 192 29 oberoende
446 1614 12 29 i
481 1614 358 39 tjänsteutövningen.
863 1613 110 29 Dessa
996 1613 87 29 krav
1105 1613 98 29 torde
1227 1613 122 29 kunna
1372 1612 199 39 tillgodoses
1597 1620 123 30 genom

231 1660 50 28 att
306 1668 43 20 en
373 1667 42 21 av
439 1659 287 39 tjänstemännen
749 1658 98 30 inom
871 1657 400 31 utskottssekretariatet
1294 1658 157 39 placeras
1476 1657 59 30 vid
1560 1657 59 29 KU
1646 1666 74 20 som

233 1704 213 29 sekreterare
466 1704 55 29 för
541 1713 43 20 en
603 1703 143 39 riksdag
765 1703 12 29 i
795 1705 103 37 taget.
918 1703 54 29 En
992 1703 149 38 ordning
1160 1702 79 30 med
1260 1711 43 20 en
1322 1702 217 39 tjänsteman
1559 1702 70 29 fast
1649 1702 72 39 pla-

232 1748 102 29 cerad
353 1748 57 30 vid
429 1750 77 28 vart
526 1748 65 30 och
610 1750 48 27 ett
677 1757 42 20 av
738 1748 181 29 utskotten
938 1748 98 29 torde
1055 1747 123 30 kunna
1197 1747 187 39 övervägas
1404 1747 86 29 även
1510 1746 81 30 från
1612 1746 109 29 andra

234 1793 229 39 synpunkter.
489 1793 65 30 Det
579 1793 71 29 kan
674 1802 85 20 vara
783 1793 215 39 nödvändigt
1023 1793 56 29 för
1103 1792 99 39 varje
1229 1793 135 29 utskott
1390 1793 50 28 att
1466 1792 186 39 disponera
1679 1801 42 19 en

233 1838 226 39 tjänsteman,
484 1847 75 20 som
581 1838 95 29 inför
698 1838 172 29 utskottet
893 1846 120 21 svarar
1036 1837 56 30 för
1114 1837 228 40 planeringen
1365 1837 65 29 och
1453 1836 203 30 utförandet
1680 1845 42 20 av

233 1883 260 29 kansliarbetet.
513 1883 78 29 Med
612 1883 67 29 den
699 1892 42 20 av
760 1882 83 30 GLB
864 1882 125 30 tänkta
1009 1883 283 38 organisationen
1311 1882 80 29 med
1414 1882 38 29 16
1474 1882 92 29 fasta
1586 1881 135 29 utskott

233 1928 112 29 skulle
365 1927 102 30 alltså
488 1927 38 30 16
546 1937 42 20 av
606 1928 41 29 de
666 1927 253 39 föredragande
938 1927 287 39 tjänstemännen
1242 1927 96 29 inom
1358 1926 363 30 utskottssekretaria-

232 1974 48 27 tet
302 1973 156 38 placeras
481 1981 74 20 som
579 1973 214 28 sekreterare
814 1972 64 29 hos
901 1972 41 29 de
964 1972 93 29 fasta
1078 1972 191 29 utskotten.
1292 1972 82 28 Man
1396 1972 70 28 kan
1488 1971 161 29 förmoda
1672 1972 49 28 att

232 2017 132 30 inemot
379 2017 136 30 hälften
531 2026 42 21 av
588 2017 102 30 dessa
706 2017 112 29 skulle
833 2017 134 29 behöva
981 2026 84 20 vara
1080 2016 399 40 lagstiftningsexperter
1496 2016 64 29 och
1577 2016 41 29 de
1634 2015 87 30 åter-

232 2061 143 30 stående
394 2063 157 38 experter
569 2061 46 40 på
633 2062 173 34 ekonomi,
825 2062 129 39 budget
974 2062 65 29 och
1059 2061 247 40 organisation.
1328 2061 139 29 Antalet
1487 2061 152 29 ärenden
1659 2060 62 30 hos

232 2107 188 38 riksdagen
436 2107 171 39 påverkas
625 2107 71 29 inte
714 2116 42 20 av
773 2107 384 29 enkammarreformen
1175 2106 65 30 och
1256 2107 73 28 inte
1346 2106 108 29 heller
1473 2115 42 20 av
1532 2115 42 20 en
1591 2106 128 28 reform

232 2160 42 21 av
290 2151 450 39 utskottsorganisationen.
756 2151 69 30 För
840 2151 219 30 närvarande
1075 2151 97 29 finns
1189 2151 56 29 det
1263 2151 40 30 22
1321 2151 175 30 ordinarie
1514 2150 207 30 sekreterar-

234 2196 147 39 tjänster
399 2195 65 31 hos
484 2197 190 33 utskotten,
696 2196 65 29 och
781 2196 179 29 dessutom
979 2196 132 29 brukar
1133 2194 127 30 11—13
1281 2195 207 30 biträdande
1509 2196 212 28 sekreterare

234 2241 117 29 finnas
376 2241 174 30 anställda
574 2243 73 27 mot
672 2241 126 29 arvode
828 2240 138 34 (utöver
991 2241 95 30 UU:s
1111 2240 58 30 två
1194 2241 223 33 sekreterare,
1444 2249 74 20 som
1543 2240 90 29 båda
1658 2240 63 28 har

233 2286 77 29 sina
327 2286 177 39 uppgifter
523 2295 73 20 som
615 2286 182 39 bisysslor;
819 2295 35 20 se
871 2286 163 29 närmare
1050 2286 115 38 bilaga
1185 2285 15 29 1
1220 2285 53 29 till
1291 2284 96 31 OU:s
1406 2284 100 34 bet.).
1524 2285 82 29 Man
1624 2284 97 30 torde

233 2331 175 38 knappast
432 2331 46 29 ha
503 2331 188 38 anledning
715 2333 51 26 att
789 2331 112 28 räkna
925 2331 80 29 med
1030 2332 50 27 att
1104 2330 108 29 totala
1237 2330 130 29 antalet
1393 2330 214 29 sekreterare
1633 2329 88 29 skall

233 2375 133 30 behöva
380 2375 95 30 ökas.
490 2376 68 29 Till
572 2385 43 20 en
628 2375 127 39 början
769 2384 103 31 synes
887 2376 57 29 det
957 2385 84 20 vara
1055 2375 169 39 naturligt
1239 2376 50 28 att
1304 2375 41 29 de
1359 2374 203 30 nuvarande
1580 2374 141 39 tjänste-

233 2421 153 29 männen
403 2420 65 30 hos
488 2421 135 29 utskott
640 2420 12 30 i
671 2421 66 29 den
756 2420 82 30 mån
858 2421 41 29 de
919 2420 38 30 så
975 2421 129 29 önskar
1124 2419 148 30 erhåller
1291 2419 238 30 förordnande
1547 2419 11 29 i
1578 2419 56 29 det
1654 2428 68 30 nya

234 2465 408 30 utskottssekretariatet.
662 2465 65 29 Det
745 2466 63 29 bör
827 2466 107 28 sedan
952 2474 84 20 vara
1055 2465 138 38 möjligt
1212 2466 50 28 att
1281 2465 87 39 fylla
1387 2465 194 29 eventuella
1600 2464 122 29 luckor

233 2510 10 29 i
262 2510 242 29 sekretariatet
521 2510 80 29 med
619 2510 195 29 beaktande
833 2519 42 20 av
893 2510 41 29 de
954 2510 174 29 särskilda
1145 2509 87 30 krav
1249 2509 45 40 på
1314 2509 228 39 sakkunskap
1563 2518 73 20 som
1656 2509 66 29 den

234 2563 68 30 nya
320 2554 282 39 organisationen
621 2555 70 29 kan
709 2555 126 29 tänkas
855 2555 111 29 ställa.
986 2554 166 40 Möjligen
1170 2554 112 30 måste
1300 2563 84 20 man
1401 2554 123 29 härvid
1544 2554 88 38 ägna
1652 2554 70 28 sär-
