1908 2821
1626 184 40 29 29

180 254 50 28 att
247 261 188 32 arrangera
452 254 108 30 sådan
578 255 391 42 fyllnadstjänstgöring
987 259 44 29 än
1049 258 41 30 de
1109 260 173 30 särskilda
1299 261 198 30 enheterna.
1517 262 150 31 Givetvis

180 306 55 30 får
255 316 83 20 man
358 308 108 29 tänka
487 308 50 40 sig
558 311 49 28 att
628 309 390 43 fyllnadstjänstgöring
1038 314 97 29 utom
1155 314 188 40 riksdagen
1363 324 75 20 som
1459 317 90 38 regel
1570 317 97 29 kom-

179 370 74 20 mer
277 361 52 30 till
353 361 102 30 stånd
478 363 123 30 endast
624 364 79 30 med
726 366 177 39 samtycke
927 376 41 20 av
990 366 297 37 tjänstemannen.
1311 369 214 40 Principiellt
1548 371 38 29 är
1610 371 57 30 det

180 414 89 30 dock
297 416 455 41 statstjänstemannalagen
778 419 64 29 och
869 420 67 29 den
963 429 82 31 nyss
1073 422 155 30 nämnda
1253 422 414 42 tjänstemannastadgan

180 477 75 21 som
277 470 105 39 avgör
403 470 11 29 i
435 470 67 30 vad
525 471 82 30 mån
629 471 216 38 tjänsteman
867 474 70 29 kan
959 475 165 31 beordras
1146 478 50 28 att
1220 477 104 30 utöva
1348 487 116 20 annan
1488 478 110 37 tjänst
1622 480 44 28 än

180 523 67 29 den
263 533 74 20 som
351 524 70 30 han
436 525 158 30 innehar.

222 577 405 42 Fyllnadstjänstgöring
651 581 69 29 kan
745 582 10 28 i
779 582 151 39 enlighet
953 583 80 29 med
1057 584 57 29 det
1138 585 106 38 sagda
1268 585 45 29 ha
1336 595 42 20 en
1403 586 262 40 fortbildnings-

179 631 175 30 funktion.
373 632 93 29 även
484 633 124 29 kurser
626 634 64 29 och
707 643 117 21 annan
843 635 108 30 sådan
968 636 319 42 vidareutbildning
1305 639 62 29 bör
1385 639 121 30 kunna
1523 641 142 29 komma

179 685 10 29 i
206 685 99 40 fråga
322 695 73 21 som
412 687 178 39 uppgifter
607 688 55 29 för
678 687 206 41 riksdagens
900 690 216 36 tjänstemän
1133 692 128 29 mellan
1280 693 228 30 sessionerna.
1528 694 137 30 Statens

179 741 524 40 personalutbildningsnämnd,
731 744 250 30 statskontoret
1006 745 64 29 och
1093 746 93 29 vissa
1211 747 110 29 andra
1346 747 138 40 statliga
1508 749 157 39 myndig-

177 794 97 30 heter
295 803 206 31 arrangerar
521 796 124 30 kurser
666 796 54 30 för
741 797 216 36 tjänstemän
976 799 45 39 på
1041 799 93 30 olika
1156 800 138 30 stadier.
1316 801 64 30 Det
1401 801 63 30 har
1484 802 72 30 inte
1576 803 88 29 varit

178 849 153 39 ovanligt
353 850 50 28 att
425 849 215 37 tjänstemän
662 851 63 29 hos
746 851 188 40 riksdagen
955 853 64 29 har
1040 853 143 40 deltagit
1205 854 10 29 i
1239 854 131 30 sådana
1392 856 133 30 kurser.
1549 857 116 39 Enligt

179 903 250 39 utredningens
450 904 142 39 mening
613 905 62 29 bör
697 905 56 29 det
776 906 154 30 centrala
952 906 377 42 förvallningsorganet
1350 910 106 29 verka
1479 910 54 30 för
1556 912 49 28 att
1628 912 37 29 så

179 956 79 30 sker
281 957 86 30 även
390 958 197 30 framdeles.
612 959 93 29 även
729 960 402 40 sekreterarpersonalen
1153 962 63 30 hos
1239 963 180 30 kammare
1443 964 64 29 och
1530 965 133 29 utskott

179 1010 63 30 bör
256 1011 122 30 kunna
392 1013 37 28 ta
443 1011 55 30 del
512 1012 12 29 i
539 1012 109 30 sådan
663 1013 230 41 fortbildning
909 1023 75 21 som
999 1016 48 28 ett
1061 1015 56 30 led
1131 1015 12 30 i
1158 1016 54 30 sin
1226 1016 245 41 tjänstgöring.

222 1065 75 29 Den
319 1066 161 38 personal
504 1075 74 20 som
601 1067 137 30 arbetar
761 1068 79 29 med
863 1069 319 39 snabbprotokollet
1206 1071 38 29 är
1266 1071 52 29 till
1342 1073 71 27 stor
1436 1072 54 29 del
1514 1073 150 29 anställd

177 1118 45 39 på
244 1118 107 30 deltid
374 1120 64 28 och
461 1122 73 27 mot
556 1121 135 29 arvode.
716 1121 43 30 Så
781 1122 38 29 är
841 1122 97 29 fallet
960 1124 78 29 med
1062 1123 68 30 alla
1151 1124 326 31 maskinskrivarna
1499 1127 64 28 och
1586 1127 78 29 med

177 1181 75 21 mer
269 1173 44 29 än
329 1173 135 30 hälften
483 1183 42 20 av
542 1175 271 39 stenograferna.
831 1176 68 29 För
916 1176 41 30 de
976 1177 217 31 återstående
1213 1179 263 38 stenograferna
1494 1180 170 39 uppkom-

178 1235 74 21 mer
267 1227 93 30 vissa
376 1228 157 38 problem
550 1229 79 29 med
646 1229 116 29 arbete
778 1230 111 29 under
907 1230 66 30 den
989 1231 52 29 tid
1058 1240 74 21 som
1147 1232 72 29 inte
1236 1232 60 39 går
1314 1232 34 30 åt
1365 1233 54 29 för
1436 1234 132 29 arbetet
1584 1235 79 28 med

178 1281 217 39 upptagning
420 1282 64 28 och
510 1282 194 40 redigering
731 1293 42 19 av
797 1284 228 39 protokollen.
1051 1285 48 29 De
1124 1285 216 37 tjänstemän
1368 1296 73 20 som
1467 1288 64 28 har
1555 1290 108 37 yttrat

179 1335 50 39 sig
247 1335 111 30 under
376 1336 508 41 organisationsutredningens
903 1339 116 29 arbete
1037 1339 64 29 har
1119 1339 82 40 givit
1220 1340 185 40 anvisning
1422 1340 45 40 på
1483 1342 93 29 vissa
1594 1352 69 19 me-

177 1389 99 30 toder
297 1391 49 28 att
366 1390 75 29 lösa
461 1390 101 30 dessa
582 1391 166 39 problem.
773 1392 153 30 Sålunda
946 1393 64 29 har
1033 1393 238 31 sekreteraren
1293 1393 10 29 i
1326 1394 111 30 första
1459 1396 204 30 kammaren

176 1460 44 4 —
241 1452 74 20 som
336 1444 151 39 föreslog
508 1445 142 29 heltids-
671 1446 64 28 och
756 1445 331 41 helårsanställning
1109 1447 54 30 för
1185 1448 66 30 alla
1276 1449 215 38 stenografer
1518 1450 145 39 (redige-

177 1497 95 34 rare)
293 1516 45 3 —
354 1500 117 27 menat
489 1500 50 28 att
557 1508 82 20 man
656 1499 106 30 borde
780 1500 122 30 kunna
919 1501 157 39 utnyttja
1094 1502 100 29 deras
1213 1502 218 30 återstående
1451 1504 211 29 arbetskraft

176 1551 44 30 bl.
236 1561 29 20 a.
282 1552 96 29 inom
393 1553 390 39 upplysningstjänsten
800 1555 64 28 och
880 1555 95 29 inom
993 1556 399 39 utskottsberedningen,
1411 1558 157 29 närmast
1584 1558 79 29 med

178 1607 329 39 sammanställning
532 1617 42 19 av
598 1608 123 28 reciter
747 1617 42 20 av
814 1608 219 35 utlåtanden;
1063 1609 70 29 han
1160 1610 63 29 har
1248 1613 118 26 menat
1391 1612 49 28 att
1468 1611 55 29 det
1551 1612 111 30 skulle

176 1660 91 39 ligga
283 1661 48 29 ett
345 1660 105 30 värde
466 1661 11 29 i
493 1662 49 28 att
561 1662 262 38 stenograferna
845 1662 255 40 (redigerarna)
1121 1663 117 30 kunde
1256 1664 88 37 följa
1361 1665 174 30 ärendena
1552 1666 110 29 under

176 1714 245 40 beredningen.
446 1715 119 29 Andra
588 1716 225 29 kammarens
839 1717 212 31 sekreterare
1076 1717 63 29 har
1163 1718 104 39 pekat
1292 1718 44 39 på
1360 1719 228 39 möjligheten
1613 1722 49 27 att

178 1768 81 29 låna
281 1770 39 27 ut
344 1768 215 39 stenografer
583 1769 55 29 för
661 1769 115 30 arbete
800 1769 35 30 åt
859 1770 374 39 statsdepartementen
1256 1772 65 29 och
1344 1772 95 30 inom
1463 1773 198 29 kommitté-

176 1821 176 30 väsendet.

220 1875 94 30 Även
329 1875 232 40 utredningen
576 1886 121 20 menar
713 1878 49 28 att
778 1886 82 20 man
874 1878 63 29 bör
953 1878 67 29 öka
1036 1879 341 40 ansträngningarna
1393 1882 49 27 att
1459 1880 109 30 ordna
1584 1881 78 39 fyll-

177 1929 324 40 nadstjänstgöring
529 1930 54 29 för
613 1931 272 38 stenograferna.
913 1932 430 31 Kammarsekreterarnas
1371 1934 148 39 uppslag
1546 1935 38 28 är
1611 1934 52 29 in-

176 1984 176 28 tressanta
367 1984 64 28 och
446 1984 62 29 bör
525 1984 121 29 kunna
661 1985 126 39 prövas
802 1984 11 28 i
830 1985 197 39 praktiken.
1045 1986 130 30 Genom
1193 1988 49 28 att
1258 1987 197 39 tjänstgöra
1472 1988 62 29 hos
1553 1988 109 30 andra

176 2037 271 40 riksdagsorgan
470 2038 112 30 skulle
605 2039 263 39 stenograferna
889 2039 122 30 kunna
1031 2040 204 30 kvalificera
1258 2041 51 39 sig
1330 2041 55 30 för
1407 2041 110 30 andra
1538 2042 125 30 betfatt-

176 2091 125 39 ningar
318 2092 95 28 inom
432 2092 187 39 riksdagen
637 2093 65 29 och
720 2093 103 29 alltså
840 2093 11 29 i
871 2093 105 39 högre
995 2094 84 39 grad
1099 2094 44 29 än
1163 2103 74 21 som
1257 2095 63 29 har
1338 2095 89 29 varit
1445 2096 133 39 vanligt
1596 2096 66 29 hit-

176 2145 72 30 tills
263 2145 167 30 inordnas
445 2146 11 29 i
470 2146 205 40 riksdagens
689 2146 412 37 tjänstemannakarriär.

220 2199 64 30 Det
305 2200 164 29 tekniska
490 2208 105 32 grepp
619 2210 75 20 som
715 2200 112 30 första
847 2201 224 30 kammarens
1095 2202 212 31 sekreterare
1330 2203 332 30 rekommenderade

175 2263 61 19 var
255 2255 50 27 att
326 2254 109 39 skapa
454 2263 42 20 en
515 2254 330 36 tjänstemannakår
866 2263 199 31 gemensam
1085 2256 54 29 för
1160 2256 214 35 kammaren,
1397 2258 180 29 utskotlen
1598 2259 64 28 och

176 2308 400 39 upplysningstjänsten.
606 2309 52 28 En
688 2308 108 30 sådan
825 2309 63 29 kår
917 2309 158 30 kommer
1102 2310 72 29 inte
1200 2310 53 29 till
1283 2311 102 29 stånd
1412 2310 106 40 enligt
1549 2311 113 30 utred-

174 2361 148 39 ningens
342 2361 140 40 förslag,
503 2362 11 29 i
533 2362 97 37 varje
651 2362 61 29 fall
732 2362 71 31 inte
822 2362 11 30 i
853 2362 66 30 den
939 2363 92 29 form
1051 2372 74 21 som
1146 2363 515 32 förstakammarsekreteraren

174 2415 121 29 tänkte
322 2415 60 39 sig.
411 2415 268 39 Stenograferna
706 2416 87 29 skall
818 2417 11 28 i
855 2417 186 29 huvudsak
1065 2417 142 30 tillhöra
1232 2418 323 30 kammarkansliet.
1582 2420 79 28 Men

175 2468 233 40 utredningen
434 2469 60 30 vill
522 2469 141 30 förorda
691 2472 51 27 att
768 2470 221 39 placeringen
1017 2471 62 29 där
1108 2471 88 29 skall
1225 2472 91 39 gälla
1343 2472 84 30 bara
1455 2473 206 39 protokolls-

175 2523 141 29 arbetet.
339 2523 13 29 I
374 2523 111 39 övrigt
504 2523 62 30 bör
588 2523 263 40 stenograferna
872 2524 54 30 stå
944 2524 53 30 till
1019 2524 57 30 det
1097 2525 154 30 centrala
1272 2528 161 37 organets
1455 2526 206 40 förfogande
