1897 2818
1612 176 42 32 31

169 371 23 36 6
489 370 438 49 Personalorganisation
945 370 105 35 inom
1069 370 193 35 utskotten
1282 368 116 49 enligt
1417 368 97 36 1969
1533 369 61 35 års

490 425 121 36 beslut

220 1013 200 37 Riksdagen
440 1013 70 29 kan
531 1012 89 31 först
639 1013 12 29 i
669 1012 127 37 början
816 1020 41 21 av
880 1011 80 30 1971
983 1011 58 30 års
1061 1011 143 36 riksdag
1223 1010 90 30 fatta
1331 1010 115 30 beslut
1466 1018 58 21 om
1544 1011 50 29 att
1616 1009 41 37 gå

174 1068 82 29 över
272 1068 54 30 till
344 1067 68 30 den
429 1076 41 20 av
488 1066 83 30 GLB
590 1066 198 36 föreslagna
805 1064 449 38 utskottsorganisationen.
1273 1064 70 29 När
1362 1063 297 30 enkammarriks-

176 1122 111 36 dagen
307 1121 128 29 samlas
453 1120 12 29 i
482 1120 141 37 januari
644 1119 94 35 1971,
759 1119 106 37 gäller
884 1118 103 30 alltså
1006 1119 94 29 ännu
1120 1118 57 30 det
1195 1117 115 31 beslut
1329 1126 57 21 om
1404 1117 254 36 utskottsorga-

175 1175 163 34 nisation,
357 1183 75 21 som
450 1173 151 30 fattades
617 1173 11 30 i
647 1173 169 30 samband
833 1172 80 30 med
930 1171 349 30 kammarreformen.
1299 1171 115 37 Enligt
1433 1171 95 29 detta
1544 1170 114 30 beslut

177 1229 112 29 skulle
306 1228 181 29 utskotten
502 1227 98 30 bestå
615 1227 13 30 i
645 1228 87 28 stort
750 1229 67 27 sett
834 1235 75 21 som
925 1226 135 30 hittills.
1078 1225 140 30 Antalet
1236 1225 190 30 ledamöter
1445 1225 112 30 skulle
1575 1225 84 29 änd-

176 1291 66 26 ras,
260 1282 65 29 och
340 1283 49 28 ett
404 1281 115 37 fjärde
534 1280 192 37 lagutskott
744 1280 112 30 skulle
872 1279 207 30 tillkomma.

221 1336 65 29 Det
300 1344 102 28 synes
414 1344 85 20 vara
512 1334 213 36 nödvändigt
739 1336 51 28 att
802 1333 187 37 riksdagen
1003 1332 199 31 förbereder
1217 1332 51 37 sig
1281 1332 55 30 för
1350 1332 67 30 den
1431 1332 228 37 möjligheten

177 1391 51 28 att
250 1388 82 30 1969
352 1388 57 30 års
428 1388 114 30 beslut
562 1397 57 20 om
638 1388 181 29 utskotten
838 1387 160 29 kommer
1017 1388 51 28 att
1086 1386 98 30 bestå
1204 1386 55 29 för
1277 1386 140 29 kortare
1438 1386 82 29 eller
1540 1386 119 36 längre

175 1443 61 29 tid.
261 1442 108 30 Såvitt
391 1442 233 36 utredningen
646 1441 70 29 kan
740 1441 109 34 finna,
872 1440 126 30 kräver
1020 1440 95 30 detta
1137 1439 193 30 emellertid
1353 1439 175 37 knappast
1552 1439 108 37 några

176 1505 97 21 mera
289 1496 218 30 omfattande
523 1495 171 37 åtgärder.

222 1550 74 30 Vad
313 1549 88 30 först
418 1548 171 31 beträffar
607 1549 241 29 sekreterarna
865 1547 59 30 vill
941 1547 233 37 utredningen
1190 1547 128 29 liksom
1335 1547 12 29 i
1366 1546 83 30 1969
1467 1546 57 30 års
1540 1547 120 29 betän-

176 1604 116 29 kande
313 1603 96 29 hålla
430 1602 74 30 före
527 1604 51 28 att
600 1611 42 21 en
664 1602 71 30 viss
758 1601 211 30 cirkulation
991 1600 129 30 mellan
1143 1600 94 30 olika
1260 1600 136 30 utskott
1420 1601 38 29 är
1481 1600 104 37 något
1609 1602 50 28 att

179 1658 116 29 sträva
315 1657 88 29 efter
424 1657 87 29 även
530 1656 97 29 inom
648 1658 47 27 ett
716 1655 288 37 utskottssystem
1025 1654 125 30 sådant
1172 1663 75 21 som
1269 1655 56 29 det
1347 1654 212 30 nuvarande.
1582 1654 78 29 Med

177 1711 96 30 detta
286 1710 282 30 betraktelsesätt
582 1709 71 29 kan
668 1710 57 29 det
738 1709 72 30 inte
824 1717 85 21 vara
922 1708 115 37 någon
1053 1708 191 37 olägenhet,
1261 1717 57 20 om
1335 1708 242 29 sekreterarna
1591 1707 70 30 för-

178 1765 128 29 ordnas
324 1764 53 29 till
395 1764 152 36 tjänster
567 1763 116 29 >inom
701 1762 471 36 utskottsorganisationen»>,
1192 1762 71 29 inte
1282 1761 54 30 till
1354 1761 151 37 tjänster
1523 1761 58 30 vid
1601 1770 59 20 an-

178 1819 103 35 givna
295 1817 145 30 utskott.
457 1816 238 37 Utredningen
710 1816 135 29 erinrar
860 1824 57 20 om
933 1817 50 28 att
999 1815 56 30 det
1072 1815 105 36 enligt
1194 1814 132 38 förslag
1340 1815 11 29 i
1370 1814 83 30 1969
1469 1814 57 30 års
1542 1815 119 29 betän-

177 1872 114 29 kande
312 1871 88 29 skall
421 1871 189 29 ankomma
629 1869 44 38 på
694 1870 170 37 styrelsen
882 1869 64 30 hos
967 1868 88 30 RFK
1075 1870 50 28 att
1144 1868 198 37 handlägga
1361 1868 300 37 tillsättningsfrå-

178 1932 117 30 gorna,
322 1925 87 29 även
433 1933 56 20 om
517 1923 83 30 1969
626 1923 57 30 års
707 1923 114 30 beslut
847 1923 178 37 angående
1049 1923 182 29 utskotten
1257 1922 89 30 skall
1372 1922 187 37 tillämpas.
1587 1922 74 30 Den

180 1978 154 30 formellt
356 1978 129 39 riktiga
507 1977 194 39 ordningen
722 1976 100 30 torde
843 1985 84 21 vara
950 1978 49 27 att
1024 1976 169 39 styrelsen
1215 1975 162 30 utfärdar
1399 1975 263 30 förordnanden

180 2032 80 29 med
276 2032 42 29 de
333 2030 413 40 anställningsförmåner
762 2039 74 20 som
851 2030 46 39 på
912 2030 112 39 grund
1040 2039 41 20 av
1096 2029 93 30 avtal
1204 2030 82 28 eller
1301 2029 277 39 riksdagsbeslut
1593 2029 70 40 gäl-

180 2086 50 29 ler
247 2086 105 39 enligt
367 2085 68 29 den
449 2085 108 29 redan
571 2084 181 30 beslutade
767 2083 292 39 organisationen.
1075 2083 103 29 Detta
1192 2082 99 30 torde
1305 2082 190 30 förutsätta
1509 2083 50 29 att
1573 2082 90 29 riks-

181 2139 111 39 dagen
312 2138 228 39 bemyndigar
562 2138 169 39 styrelsen
752 2139 50 27 att
823 2138 86 28 utan
928 2137 126 29 hinder
1075 2146 42 19 av
1136 2136 67 29 vad
1225 2145 75 20 som
1320 2136 102 39 eljest
1442 2135 222 30 föreskrivits

178 2193 144 30 utfärda
336 2192 262 30 förordnanden
613 2191 115 30 såsom
744 2191 213 30 sekreterare
971 2191 97 29 inom
1082 2189 448 37 utskottsorganisationen.
1546 2189 116 29 Place-

179 2246 258 37 ringsbesluten
453 2246 71 29 kan
540 2244 179 30 innehålla
735 2244 58 30 två
809 2243 194 35 alternativ,
1022 2245 48 28 ett
1087 2242 55 31 för
1159 2243 67 29 den
1244 2242 115 38 gamla
1375 2242 65 30 och
1458 2244 49 28 ett
1523 2242 56 30 för
1595 2242 68 30 den

179 2309 70 28 nya
265 2299 293 37 organisationen.

224 2353 227 30 Beträffande
466 2359 154 30 organen
634 2351 55 31 för
704 2351 277 30 kontorsservice
995 2350 60 30 vill
1070 2350 233 37 utredningen
1317 2350 116 30 hävda
1448 2352 50 28 att
1512 2350 94 30 vissa
1622 2358 42 21 av

180 2408 41 30 de
238 2407 66 29 här
322 2406 196 30 framförda
535 2405 176 37 förslagen
727 2405 63 30 bör
808 2404 221 38 genomföras
1048 2404 86 29 även
1152 2412 58 21 om
1228 2404 68 29 den
1313 2412 43 21 av
1373 2403 291 37 grundlagbered-

180 2462 131 36 ningen
329 2460 198 37 föreslagna
546 2458 440 38 utskottsorganisationen
1004 2458 73 29 inte
1096 2457 192 30 realiseras.
1311 2457 43 30 Så
1374 2458 39 28 är
1433 2457 149 30 framför
1602 2457 61 29 allt

181 2515 98 30 fallet
294 2514 79 30 med
390 2514 166 36 förslaget
571 2522 58 21 om
644 2515 51 28 att
709 2514 37 28 ta
760 2513 77 29 bort
855 2512 197 29 skillnaden
1068 2511 129 30 mellan
1211 2511 233 30 vaktmästar-
1461 2511 64 29 och
1542 2511 122 29 konto-
