1886 2812
469 158 392 37 Bevillningsutskottets
887 158 218 31 betänkande
1130 159 49 31 Nr
1207 159 48 30 29.
1576 154 39 31 15

783 238 159 30 Finland.

728 299 117 23 Huvud-
932 294 100 34 Övriga
1137 299 99 23 Lands-
1352 299 71 23 Hela

736 332 94 24 staden
934 333 89 23 städer
1127 333 106 29 bygden
1337 332 96 24 landet

313 373 77 29 1931
412 397 318 8 ................
762 374 57 28 100
960 373 58 30 100
1159 373 58 30 100
1355 374 59 29 100

313 415 80 29 1932
412 440 319 7 oo.o.............
780 415 39 29 89
960 415 55 29 101
1177 416 40 29 83
1374 416 40 29 92

313 457 80 30 19383
412 482 318 7 ................
779 458 40 28 96
960 458 57 29 132
1159 459 57 28 114
1356 459 59 29 116

314 500 80 29 1934
412 524 318 7 oosssssee
600 496 30 46 ss
637 524 93 7 sees
762 500 57 29 110
960 501 56 29 157
1159 500 58 30 135
1357 501 57 29 137

313 542 79 29 1930
412 566 318 7 soc...
576 538 53 46 ers
639 538 30 46 rr
679 538 53 46 err
780 539 38 44 172
959 543 59 29 134
1158 543 55 29 121
1357 543 59 29 113

311 584 80 29 1936
411 608 318 7 ................
778 584 40 29 86
959 585 58 29 139
1157 585 56 29 131
1354 586 58 28 122

312 626 78 29 1937
411 650 193 7 oooesesess
619 651 110 6 esse
778 627 40 29 80
958 627 59 29 149
1158 627 58 29 169
1354 628 59 29 135

312 668 81 29 1938
412 692 318 7 ................
779 669 40 29 80
959 670 58 28 146
1157 669 59 29 164
1355 670 59 29 132

312 710 81 30 1939.
412 734 318 7 ................
781 712 36 28 71
960 712 58 28 113
1158 712 59 28 116
1357 712 58 29 102

154 796 50 32 De
229 797 147 31 anförda
402 798 167 36 lägetalen
596 798 78 36 giva
699 799 56 30 vid
780 799 151 35 handen,
959 801 48 28 att
1033 799 56 30 för
1116 799 152 36 Sveriges
1295 800 54 30 del
1375 799 240 37 utvecklingen

107 838 178 31 förefaller
306 843 50 28 att
378 849 83 21 vara
482 842 271 35 gynnsammast.
776 840 116 31 Under
914 841 163 37 perioden
1100 842 91 30 hava
1215 841 291 37 förändringarna
1529 842 88 31 varit

108 880 253 37 Jämförelsevis
383 881 84 37 små,
490 883 65 30 och
577 883 67 30 den
665 883 121 36 högsta
808 883 194 36 stegringen
1024 885 38 28 är
1085 885 17 28 7
1132 880 46 37 Z.
1201 883 180 31 Danmark
1403 894 100 27 synes
1525 885 91 30 hava

108 924 78 31 haft
206 925 66 29 den
292 927 304 34 ogynnsammaste
616 925 240 36 utvecklingen
877 926 81 29 eller
977 935 43 21 en
1040 926 188 36 tämlingen
1248 925 99 38 jämn
1367 928 149 35 stegring
1537 926 79 31 från

112 966 61 31 100
197 966 38 31 år
260 967 80 29 1931
365 967 51 31 till
442 967 60 30 140
526 967 37 30 år
589 968 96 35 1938;
711 967 150 30 därefter
884 967 143 37 sjunker
1051 969 159 35 lägetalet
1231 968 99 37 ånyo.
1356 968 198 37 Stegringen
1579 970 38 29 är

109 1008 101 36 högst
231 1009 40 30 40
299 1006 28 36 Z
355 1009 66 30 och
444 1009 54 30 för
522 1010 82 29 1939
626 1011 40 28 27
689 1006 51 34 9/0.
763 1010 111 36 Norge
895 1011 65 29 har
980 1019 42 21 en
1043 1010 151 36 stegring
1214 1010 77 31 från
1317 1011 61 30 100
1400 1010 38 30 år
1462 1012 80 29 1931
1566 1012 50 29 till

110 1052 59 29 121
187 1051 38 31 år
243 1052 92 29 1939.
353 1051 198 37 Stegringen
567 1053 100 35 utgör
683 1053 38 29 21
740 1049 51 33 /o.
809 1052 246 36 Utvecklingen
1073 1053 10 30 i
1100 1052 147 31 Finland
1264 1055 38 28 är
1319 1063 95 20 mera
1431 1054 184 36 oenhetlig;

110 1093 67 30 den
200 1092 253 37 jämförelsevis
476 1093 76 37 låga
575 1094 128 30 siffran
728 1095 59 29 102
812 1094 55 30 för
894 1095 83 30 1939
1001 1095 97 30 torde
1122 1095 37 30 få
1183 1096 104 30 sättas
1316 1095 5 30 i
1344 1097 170 29 samband
1538 1097 79 29 med

110 1135 43 30 de
180 1135 261 30 inskränkande
468 1135 168 38 åtgärder,
665 1146 74 21 som
766 1136 156 37 vidtogos
950 1138 10 29 i
988 1137 101 29 slutet
1116 1146 43 21 av
1191 1138 82 30 1939
1301 1138 10 29 i
1340 1138 170 30 samband
1538 1138 79 30 med

110 1176 215 37 finsk-ryska
348 1177 127 37 krigets
497 1178 141 31 utbrott.

156 1219 13 30 I
187 1218 98 37 fråga
302 1229 57 21 om
378 1221 129 30 antalet
523 1220 295 37 fylleriförseelser
836 1221 10 30 i
863 1220 347 37 ungdomsåldrarna,
1229 1221 49 30 till
1296 1222 93 30 vilka
1407 1222 111 30 bruka
1531 1223 85 29 hän-

109 1263 95 30 föras
228 1272 163 27 personer
413 1263 11 29 i
445 1263 81 30 eller
548 1263 110 30 under
682 1262 245 36 25-årsåldern,
952 1263 57 30 må
1031 1264 131 30 erinras
1187 1273 56 21 om
1267 1264 166 35 följande.
1458 1264 160 31 Nämnda

110 1305 95 29 antal
229 1313 60 21 var
311 1306 9 29 i
344 1304 137 37 Sverige
503 1304 38 31 år
567 1305 83 31 1940
675 1306 95 34 7,308
801 1304 213 37 (preliminär
1039 1305 113 38 siffra)
1183 1307 80 29 eller
1287 1307 71 30 23.6
1382 1302 44 34 9/0
1447 1317 42 20 av
1513 1310 103 27 samt-

110 1345 68 36 liga
197 1355 132 22 samma
348 1346 39 31 år
405 1347 173 30 avdömda
596 1347 190 30 förseelser.
806 1348 244 30 Motsvarande
1068 1347 39 31 år
1129 1349 82 29 1939
1229 1348 179 37 begångna
1428 1349 189 35 förseelser,

110 1387 94 32 vilka
225 1389 109 30 under
357 1389 107 35 sagda
485 1388 37 31 år
543 1389 82 29 eller
647 1390 86 30 först
755 1398 119 21 senare
896 1391 168 34 avdömts,
1089 1399 85 21 voro
1196 1391 94 35 7,438
1314 1392 82 29 eller
1419 1392 70 29 23.4
1510 1387 43 34 ?/o
1575 1401 42 20 av

109 1430 111 29 under
242 1429 72 32 året
335 1430 181 36 begångna
537 1431 190 30 förseelser.
752 1431 64 30 Det
839 1432 122 35 högsta
985 1432 130 29 antalet
1137 1433 354 35 ungdomsförseelser
1514 1433 103 36 regis-

110 1472 153 30 trerades
283 1472 38 30 år
344 1473 83 29 1930
447 1473 79 29 med
547 1473 95 35 7,977
663 1474 66 30 och
749 1473 56 30 det
825 1474 109 35 lägsta
955 1473 38 30 år
1018 1474 80 29 1937
1121 1475 80 29 med
1222 1475 106 34 6,957.
1350 1474 268 31 Relationstalen

111 1514 91 30 hava
226 1515 115 29 växlat
364 1514 128 30 mellan
515 1515 70 29 25.8
608 1511 43 33 "/o
675 1514 38 31 år
739 1515 82 30 1930
846 1516 66 29 och
937 1516 70 29 22.7
1031 1511 42 34 "/o
1097 1515 39 30 år
1163 1516 92 30 1938.
1280 1516 116 30 Under
1419 1517 42 29 de
1484 1520 134 28 senaste

115 1556 37 29 11
182 1555 81 31 åren
291 1556 91 30 hava
410 1556 100 30 alltså
537 1556 225 36 växlingarna
790 1558 10 29 i
828 1557 242 31 rikssiffrorna
1098 1558 56 29 för
1182 1558 321 37 ungdomsfylleriet
1530 1559 89 30 varit

111 1598 132 35 ganska
267 1596 85 31 små.
380 1597 246 37 Utvecklingen
651 1599 10 29 i
686 1598 98 37 fråga
808 1609 58 20 om
888 1599 323 38 ungdomsfylleriet
1236 1601 63 29 har
1324 1601 89 30 varit
1439 1601 180 36 väsentligt

111 1647 268 27 gynnsammare
400 1639 20 31 å
441 1640 237 37 landsbygden
699 1642 64 29 och
785 1642 9 29 i
815 1642 42 29 de
877 1640 91 31 båda
989 1642 124 30 största
1135 1642 160 31 städerna
1316 1644 45 29 än
1381 1643 11 29 i
1414 1643 116 36 övriga
1551 1644 66 31 stä-

112 1682 71 36 der,
205 1682 153 31 räknade
380 1683 11 30 i
412 1685 55 33 ett,
489 1686 89 27 samt
598 1683 112 30 bättre
730 1684 10 30 i
761 1692 103 22 norra
885 1684 65 30 och
971 1684 180 36 sydvästra
1172 1683 135 38 Sverige
1327 1686 45 29 än
1393 1685 11 29 i
1425 1685 117 36 övriga
1562 1686 55 29 de-

111 1724 52 29 lar
188 1734 43 20 av
255 1724 97 30 riket.

157 1765 49 30 De
229 1766 60 30 sist
311 1766 149 31 anförda
483 1766 223 37 uppgifterna
727 1767 117 31 lämna
867 1768 174 36 knappast
1064 1767 104 37 något
1190 1769 75 29 stöd
1286 1768 34 31 åt
1343 1769 275 31 motionärernas

113 1806 188 37 påstående
328 1817 58 20 om
419 1811 65 28 »ett
512 1808 164 37 påtagligt
705 1809 81 30 ökat
814 1810 66 29 och
910 1810 152 30 oroande
1091 1810 319 37 ungdomsfylleri».
1440 1811 73 30 Vad
1544 1821 75 20 som

111 1847 165 38 möjligen
297 1850 70 30 kan
390 1860 82 20 vara
494 1850 326 36 anmärkningsvärt
842 1852 10 29 i
875 1850 98 37 fråga
996 1861 56 20 om
1074 1852 322 37 ungdomsfyleriet
1419 1854 47 35 är,
1490 1856 49 27 att
1559 1863 59 20 an-

112 1892 82 29 talet
218 1891 184 37 fyllerister
426 1892 9 29 i
460 1891 162 31 åldrarna
650 1893 126 29 15—25
800 1892 39 30 år
864 1892 70 30 står
960 1894 8 29 i
994 1893 146 35 ungefär
1165 1902 133 22 samma
1324 1893 219 32 förhållande
1568 1896 51 29 till

114 1932 78 31 hela
216 1933 128 30 antalet
368 1942 163 28 personer
553 1934 10 29 i
588 1934 106 35 sagda
718 1933 114 31 åldrar
858 1944 75 20 som
957 1935 129 30 antalet
1110 1935 183 37 fyllerister
1317 1936 9 29 i
1351 1935 163 31 åldrarna
1539 1938 81 28 över

113 1975 41 29 25
177 1974 38 30 år
237 1975 9 29 i
269 1974 219 32 förhållande
509 1976 49 29 till
581 1976 78 30 hela
682 1976 128 30 antalet
832 1985 163 27 personer
1017 1977 9 30 i
1049 1977 100 29 dessa
1170 1976 124 31 åldrar.
1317 1977 82 30 Man
1421 1979 89 29 hade
1532 1979 86 29 kun-

111 2020 61 27 nat
195 2017 111 35 vänta,
330 2019 50 28 att
402 2017 258 36 benägenheten
682 2017 54 30 för
758 2027 41 21 en
823 2027 95 21 mera
941 2017 150 31 cxcessiv
1112 2019 374 37 alkoholförbrukning
1509 2021 110 29 skulle

112 2057 192 32 framträda
331 2059 56 29 vid
412 2068 41 21 en
479 2059 102 36 något
605 2060 106 35 högre
735 2059 104 31 ålder.
865 2060 75 30 Den
965 2060 307 36 omständigheten,
1298 2064 50 27 att
1373 2063 245 35 proportionen

114 2100 183 35 fyllerister
326 2100 9 29 i
365 2100 336 36 ungdomsåldrarna
730 2103 37 28 är
798 2102 172 36 praktiskt
998 2105 91 33 taget
1116 2103 71 30 lika
1216 2106 69 27 stor
1314 2112 75 21 som
1419 2104 9 29 i
1456 2103 163 31 åldrarna

112 2142 81 29 över
216 2143 40 29 25
278 2142 47 35 år,
350 2143 97 29 torde
468 2143 84 30 böra
575 2144 180 29 föranleda
778 2144 273 36 överväganden,
1075 2144 172 31 huruvida
1270 2145 75 30 icke
1368 2146 56 29 det
1447 2146 172 30 excessiva

113 2184 268 30 alkoholbruket
405 2185 10 28 i
440 2184 334 36 ungdomsåldrarna
799 2186 70 29 kan
894 2186 196 35 begränsas.

158 2224 73 31 Vad
256 2225 138 30 särskilt
418 2227 56 28 det
499 2226 150 30 militära
675 2226 146 37 fylleriet
846 2227 169 30 beträffar
1040 2227 58 30 må
1122 2228 130 30 erinras
1278 2238 67 25 om,
1372 2231 49 27 att
1444 2229 176 36 uppgifter

113 2275 57 20 om
194 2267 109 35 dylikt
328 2268 113 35 fylleri
464 2267 30 36 ej
520 2268 165 35 föreligga
709 2269 118 29 förrän
851 2269 111 29 under
986 2269 42 29 de
1051 2269 83 30 sista
1158 2269 213 30 månaderna
1394 2280 42 20 av
1460 2270 38 30 år
1525 2272 93 29 1938.

114 2306 129 31 Genom
264 2309 228 34 kungörelsen
513 2310 64 29 den
601 2311 37 28 17
660 2309 73 36 juni
756 2311 83 28 1938
864 2309 53 37 (nr
936 2309 74 37 408)
1036 2309 177 36 angående
1233 2311 194 36 skyldighet
1449 2312 53 29 för
1523 2313 95 29 dom-

113 2350 106 29 stolar
242 2359 43 21 m.
312 2350 35 30 fl.
371 2353 48 27 att
442 2351 156 30 meddela
621 2351 174 36 uppgifter
821 2351 46 30 till
892 2351 136 36 ledning
1052 2352 54 29 för
1130 2353 292 35 systembolagens
1445 2354 173 29 verksam-

114 2392 57 28 het
191 2393 37 28 är
247 2392 55 30 det
321 2392 147 29 bestämt
487 2393 9 29 i
517 2394 17 28 2
554 2393 28 35 $,
603 2395 46 27 att
672 2403 56 19 om
748 2392 111 36 någon
880 2394 157 34 belägges
1057 2393 138 36 jämlikt
1214 2395 203 35 strafflagen
1439 2396 53 29 för
1511 2396 107 35 krigs-

114 2433 140 29 makten
278 2434 78 29 med
382 2433 266 36 disciplinstraff
672 2435 54 29 för
750 2435 55 30 det
830 2436 70 29 han
925 2435 86 30 varit
1036 2436 193 29 överlastad
1255 2446 41 20 av
1320 2437 117 29 starka
1462 2438 156 35 drycker,

114 2474 87 30 skall
227 2475 74 36 den,
327 2485 73 20 som
426 2475 135 36 ålägger
585 2476 146 37 straffet,
755 2477 94 29 inom
875 2476 131 36 fjorton
1030 2478 107 34 dagar
1160 2478 152 30 avsända
1337 2479 137 36 uppgift
1497 2480 121 29 därom
