2215 2694
380 235 22 30 4
845 236 358 30 Konstitutionsutskoltets
1225 235 156 31 Memorial
1402 236 60 31 N:o
1486 237 52 29 16.

536 316 13 12 Oo

381 318 111 36 derna
533 330 21 23 å
596 315 128 48 målet;
766 330 85 23 men
891 317 209 37 förklarade
1144 316 136 50 Kungl.
1309 316 102 50 Maj:t
1438 317 55 49 sig
1521 329 133 37 genom
1683 318 118 48 utslag
1829 317 70 37 den
1931 319 46 36 16

378 370 168 39 februari
580 373 97 37 1906
707 372 32 50 ej
769 373 97 36 finna
894 372 79 37 skäl
1001 374 55 35 att
1083 378 89 44 göra
1199 372 155 50 ändring
1381 372 13 36 i
1422 371 204 38 hofrättens
1657 372 131 50 utslag.

487 480 65 38 Uti
579 493 45 25 en
651 481 58 36 till
736 480 137 50 Kungl.
890 481 107 50 Maj:t
1023 480 165 51 ingifven
1207 481 108 37 skrift
1333 479 37 38 af
1388 481 70 36 den
1488 482 49 37 28
1562 481 148 49 januari
1735 483 97 37 1907
1854 482 126 37 anhöll

378 540 261 44 ryttmästaren
658 536 210 49 Henriques
895 541 53 32 att
976 535 57 38 för
1060 536 77 36 sina
1164 535 22 37 å
1213 535 269 37 ofvannämnda
1512 537 192 48 rättegång
1745 535 111 38 hafda
1884 537 96 36 kost-

378 591 115 36 nader
534 590 62 37 vid
623 589 327 47 rådstufvurätten,
977 591 14 35 i
1018 589 186 38 hofrätten
1231 591 68 36 och
1327 591 66 36 hos
1425 589 137 49 Kungl.
1593 590 104 50 Maj:t
1723 592 39 35 af
1789 591 192 36 allmänna

379 645 120 36 medel
528 644 240 38 utbekomma
786 646 204 49 ersättning
1017 645 85 36 med
1130 649 54 33 ett
1211 645 274 49 sammanlagdt
1513 645 135 49 belopp
1676 644 41 37 af
1740 647 75 36 209
1845 646 135 36 kronor

381 700 48 37 38
460 703 69 33 öre.
585 700 75 36 Till
689 699 80 37 stöd
796 700 59 36 för
883 700 119 36 denna
1030 700 54 36 sin
1116 699 252 48 underdåniga
1396 698 172 37 anhållan
1602 698 150 38 anförde
1780 700 196 45 sökanden,

378 757 56 31 att
461 753 70 36 den
559 753 180 45 förseelse,
770 753 153 36 hvartill
952 753 70 36 han
1050 753 122 36 skulle
1192 753 109 36 hafva
1322 754 99 48 gjort
1448 753 54 49 sig
1530 752 158 50 skyldig,
1710 758 164 31 närmast
1891 766 88 24 vore

378 809 56 34 att
474 807 170 37 betrakta
683 806 117 38 såsom
842 821 44 23 en
927 808 170 36 förseelse
1139 807 117 37 under
1292 808 175 48 tjänstens
1495 807 181 49 utöfning.
1745 807 71 37 Det
1855 813 124 44 syntes

378 861 206 37 emellertid
624 874 87 24 vara
752 861 133 37 tvifvel
924 862 275 45 underkastadt,
1240 862 188 36 huruvida
1467 862 62 36 det
1556 862 123 35 kunde
1707 874 101 24 anses
1836 862 144 49 olofligt

378 918 56 34 att
460 914 22 38 å
508 928 44 24 en
582 921 87 44 gata
696 921 88 44 göra
811 916 80 36 halt
918 916 85 37 med
1032 929 44 24 en
1104 921 114 44 trupp
1248 938 50 5 —
1328 917 67 36 och
1428 928 77 24 som
1529 916 67 36 här
1614 916 97 37 varit
1729 915 119 46 fallet,
1866 916 12 36 i
1899 916 79 37 dess

377 970 172 37 smalaste
577 970 198 37 formation
803 971 69 36 och
900 976 90 31 utan
1031 971 257 36 förorsakande
1321 972 39 35 af
1387 970 242 36 trafikhinder
1657 992 51 5 —
1736 969 58 38 för
1821 973 56 34 att
1904 971 74 37 låta

378 1024 215 37 densamma
620 1025 116 36 ordna
764 1026 66 48 sig.
886 1024 153 38 Snarare
1068 1025 94 37 hade
1191 1025 61 36 det
1280 1026 96 35 varit
1404 1025 167 47 olagligt,
1599 1038 61 23 om
1688 1025 185 36 sökanden
1895 1024 84 37 låtit

378 1084 173 44 truppen,
580 1092 77 24 som
685 1080 62 36 till
774 1080 94 49 följd
896 1079 41 37 af
963 1081 69 36 den
1060 1079 104 37 svåra
1192 1081 200 48 uppfarten
1420 1077 82 38 från
1527 1078 233 38 Ume-älfven
1789 1080 189 36 kommit
1952 1073 27 60 i

377 1132 239 50 långrotning
657 1134 69 36 och
765 1133 143 37 mindre
937 1134 73 49 god
1038 1134 195 49 ordning,i
1261 1133 129 37 sådant
1417 1132 165 38 tillstånd
1610 1135 206 35 marschera
1843 1146 134 36 genom

378 1188 138 35 staden.
573 1187 81 37 Den
682 1188 94 36 hade
805 1189 187 47 nämligen
1020 1188 46 36 då
1091 1189 174 48 möjligen
1293 1189 142 35 kunnat
1462 1187 98 36 vålla
1587 1188 254 44 trafikhinder,
1856 1188 121 35 därest

377 1240 121 50 någon
544 1242 204 36 nämnvärd
794 1242 111 35 trafik
946 1241 47 50 på
1034 1247 111 44 gatan
1187 1242 61 36 vid
1290 1240 166 38 tillfället
1497 1241 191 49 verkligen
1729 1240 248 37 förekommit.

377 1294 130 50 Någon
551 1296 203 49 olaglighet
782 1296 132 48 ansåge
942 1297 55 48 sig
1024 1296 184 36 sökanden
1236 1297 78 36 icke
1343 1294 111 37 hafva
1482 1294 138 50 begått,
1645 1296 68 35 och
1741 1295 120 37 denna
1887 1297 91 34 hans

377 1350 236 48 uppfattning
642 1350 206 49 bestyrktes
871 1351 142 47 jämväl
1041 1349 116 46 däraf,
1185 1356 54 31 att
1267 1350 205 49 åklagaren,
1499 1349 107 36 sedan
1626 1349 205 37 hofrättens
1855 1350 123 49 utslag

375 1403 13 35 i
416 1402 114 38 målet
557 1404 108 44 fallit,
687 1404 81 36 icke
796 1405 103 35 aktat
927 1404 129 49 nödigt
1085 1403 149 49 angifva
1263 1404 185 36 sökanden
1476 1404 60 35 till
1564 1402 76 37 åtal
1668 1403 98 37 inför
1789 1404 185 48 krigsrätt.

376 1458 58 35 Då
474 1457 216 37 åtalsrätten
730 1471 153 23 numera
911 1471 85 23 vore
1024 1458 256 49 preskriberad
1309 1458 67 36 och
1405 1457 196 44 sökanden,
1630 1471 79 23 som
1737 1458 80 36 icke
1845 1460 132 46 ansåge

377 1511 55 49 sig
473 1511 205 49 berättigad
721 1514 55 34 att
817 1511 42 37 af
897 1513 183 35 allmänne
1110 1511 197 51 åklagaren
1336 1513 94 49 yrka
1459 1512 201 48 ersättning
1692 1511 60 37 för
1779 1512 95 35 hvad
1903 1512 73 35 han

375 1566 59 35 för
461 1566 55 36 sin
553 1567 121 35 talans
714 1566 215 36 bevakande
956 1566 157 49 nödgats
1140 1565 155 50 utgifva,
1323 1566 137 36 således
1488 1566 159 36 saknade
1689 1566 192 48 möjlighet
1921 1569 55 33 att

376 1618 46 50 på
449 1623 114 33 annat
590 1625 72 31 sätt
690 1626 88 43 göra
807 1621 78 36 sina
914 1620 158 49 anspråk
1088 1620 181 50 gällande,
1299 1619 114 37 funne
1440 1620 73 36 han
1542 1619 56 50 sig
1625 1620 90 36 böra
1753 1620 223 36 underställa

375 1673 110 37 saken
514 1674 136 49 Kungl.
679 1674 121 49 Maj:ts
828 1673 182 51 pröfning.

481 1745 122 37 Jämte
631 1746 275 36 verifikationer
933 1745 104 38 öfver
1064 1747 13 35 i
1105 1747 113 35 målet
1244 1745 114 44 hafda
1386 1746 194 36 kostnader
1600 1746 172 49 bifogade
1792 1746 183 36 sökanden

375 1804 52 31 ett
467 1800 38 36 af
545 1800 274 36 vederbörande
860 1800 355 49 regementsauditör
1248 1800 69 36 den
1352 1802 44 36 31
1431 1800 193 36 december
1654 1801 100 36 1906
1786 1799 189 37 utfärdadt

373 1854 119 48 intyg,
532 1854 191 36 utvisande
755 1857 53 34 att
836 1854 186 36 sökanden
1049 1854 80 36 icke
1157 1855 98 35 varit
1273 1853 96 37 inför
1387 1852 201 38 Norrlands
1607 1854 369 48 dragonregementes

375 1908 177 47 krigsrätt
579 1908 111 36 ställd
719 1908 117 36 under
863 1908 74 36 åtal
965 1907 56 37 för
1048 1908 170 36 vållande
1247 1907 40 37 af
1313 1908 242 36 trafikhinder
1582 1907 21 36 å
1631 1915 84 42 gata
1741 1908 5 34 i
1765 1909 118 35 Umeå
1902 1908 70 36 den

376 1963 49 36 28
448 1962 146 47 januari
625 1963 100 36 1903
754 1962 89 36 eller
871 1962 54 36 för
953 1962 123 50 dylikt
1104 1962 76 36 åtal
1207 1962 62 36 vid
1298 1962 224 48 krigsrätten
1551 1961 156 36 anmäld.

481 2033 80 36 Den
590 2032 249 51 underdåniga
867 2034 248 49 ansökningen
1144 2034 219 48 tillstyrktes
1391 2032 42 37 af
1457 2033 274 36 vederbörande
1755 2039 220 44 regements-

375 2088 67 35 och
469 2086 465 50 arméfördelningschefer.

481 2159 71 36 Till
581 2158 93 50 följd
702 2158 41 37 af
767 2159 112 49 nådig
906 2160 127 36 remiss
1061 2158 105 51 afgaf
1190 2158 377 49 arméförvaltningen
1596 2160 68 35 den
1695 2161 17 34 1
1745 2171 100 24 mars
1872 2160 99 37 1907

373 2212 246 51 underdånigt
631 2212 189 38 utlåtande
835 2214 12 35 i
862 2214 150 37 ärendet
1024 2213 69 37 och
1105 2212 151 37 anförde
1270 2212 140 45 därvid,
1423 2218 66 39 att,
1501 2226 77 23 som
1593 2213 183 36 sökanden
1789 2213 80 36 icke
1885 2226 89 24 vore

370 2267 166 49 lagligen
564 2267 208 49 berättigad
801 2272 56 31 att
884 2267 41 36 af
950 2268 188 36 allmänna
1156 2268 122 35 medel
1297 2266 116 37 undfå
1431 2267 229 49 godtgörelse
1679 2266 58 37 för
1751 2268 77 35 sina
1846 2266 128 50 ifråga-

373 2321 159 36 varande
560 2322 157 47 utgifter
744 2327 94 31 samt
865 2321 96 37 hvad
990 2322 12 35 i
1030 2322 149 36 ärendet
1206 2320 237 38 förekommit
1471 2321 80 36 icke
1579 2323 122 47 syntes
1720 2320 255 38 arméförvalt-
