1888 2834
432 191 118 30 Andra
576 191 243 41 lagutskottets
846 193 178 30 utlåtande
1049 203 43 20 nr
1116 194 19 29 9
1159 194 39 30 år
1225 194 82 30 1969
1591 198 18 31 3

130 271 196 31 framförda
348 274 265 38 synpunkterna
635 274 44 39 på
702 275 40 29 de
764 276 345 30 vuxenstuderandes
1132 279 70 28 rätt
1226 279 49 28 att
1299 277 131 30 erhålla
1454 277 154 40 tjänstle-

130 325 117 40 dighet
263 325 55 31 för
332 326 320 42 vidareutbildning
669 330 312 29 överensstämmer
999 331 79 29 med
1096 331 66 29 den
1181 332 180 39 grundsyn
1379 331 44 40 på
1440 332 169 29 vuxenut-

129 379 157 40 bildning
308 390 74 25 som
404 381 85 31 TCO
511 382 73 30 har.
609 383 11 28 I
643 383 56 29 det
722 383 155 39 följande
900 385 107 38 pekar
1029 384 85 31 TCO
1137 385 45 39 på
1203 385 306 39 omständigheter,
1534 395 74 21 som

128 433 63 30 bör
211 434 144 30 beaktas
376 435 58 29 vid
457 445 43 20 en
522 436 220 40 lagstiftning
765 437 44 39 på
832 438 166 29 området.
1024 438 138 30 Således
1187 438 205 31 framhålles
1415 440 41 29 de
1482 439 126 39 svårig-

129 487 106 36 heter,
252 498 74 20 som
341 489 71 29 kan
428 490 128 39 uppstå
570 490 45 40 på
631 499 42 21 en
690 491 206 40 arbetsplats
913 492 56 29 vid
988 494 47 28 ett
1053 493 112 29 starkt
1182 493 225 39 utnyttjande
1426 503 40 20 av
1484 493 125 40 tjänst-

128 542 296 39 ledighetsrätten,
455 543 95 30 vilka
581 544 211 40 svårigheter
823 545 167 40 möjligen
1021 547 71 28 kan
1123 546 92 30 lösas
1249 554 123 32 genom
1405 548 49 29 att
1488 548 121 39 stadga

127 596 71 30 viss
216 597 165 30 varseltid
401 597 54 30 för
475 598 67 29 den
561 598 180 30 anställde.
762 599 125 30 Vidare
908 600 105 38 pekas
1035 600 43 39 på
1099 602 49 28 att
1168 601 57 29 vid
1245 611 42 19 en
1308 601 219 39 lagstiftning
1547 602 62 29 bör

127 650 270 39 möjligheterna
420 651 52 30 till
497 651 245 31 deltidsarbete
768 653 328 39 uppmärksammas
1124 654 38 29 så
1188 656 49 28 att
1264 655 65 28 den
1356 654 171 31 anställde
1554 654 55 30 får

129 703 135 31 tillfälle
291 704 81 40 göra
399 705 299 40 ändamålsenliga
725 707 234 39 avvägningar
986 707 128 30 mellan
1143 708 131 29 studier
1302 709 65 29 och
1395 708 213 31 förvärvsar-

127 758 86 29 bete.
238 758 85 31 TCO
349 759 171 34 förordar,
548 761 49 28 att
623 759 124 40 frågan
773 769 56 20 om
856 761 203 39 lagstadgad
1086 763 69 28 rätt
1181 762 52 28 till
1262 762 264 39 tjänstledighet
1553 763 55 29 för

127 812 175 39 deltagare
317 812 9 29 i
341 813 315 40 vuxenutbildning
671 814 67 29 blir
751 814 146 30 föremål
913 814 54 30 för
982 815 196 39 utredning.

170 865 153 30 Svenska
354 866 440 41 arbetsgivareföreningen
831 868 115 34 (SAF)
983 868 204 30 framhåller
1219 869 251 40 inledningsvis
1502 871 104 29 bland

127 922 107 28 annat
258 922 50 27 att
330 919 179 41 företagen
532 922 98 29 torde
653 921 168 40 välvilligt
844 922 173 30 behandla
1041 922 117 40 frågor
1183 931 56 21 om
1264 923 264 40 tjänstledighet
1553 924 55 30 för

126 973 328 41 vidareutbildning,
476 984 75 21 som
571 975 70 29 kan
659 984 83 21 vara
763 985 40 20 av
823 976 104 30 värde
949 976 54 30 för
1023 977 266 29 verksamheten
1313 978 93 28 inom
1428 974 178 48 företaget.

127 1027 162 31 Härefter
303 1027 139 31 anföres
457 1028 10 29 i
481 1030 178 38 yttrandet
675 1029 166 39 följande.

170 1099 125 30 Annan
317 1100 319 40 vidareutbildning
659 1101 54 30 får
736 1102 157 30 däremot
918 1112 100 21 anses
1041 1113 83 20 vara
1149 1105 211 32 samhällets,
1385 1106 71 29 inte
1480 1106 126 29 företa-

126 1145 72 38 gets
219 1144 64 30 sak
303 1147 49 27 att
374 1145 125 39 stödja.
521 1145 66 30 Om
609 1145 168 41 företaget
797 1147 132 30 varken
950 1148 132 31 lämnat
1104 1149 221 30 ekonomiskt
1348 1150 76 30 stöd
1447 1151 82 29 eller
1551 1151 55 29 be-

125 1188 100 40 viljat
243 1189 265 40 tjänstledighet
528 1190 70 30 kan
618 1200 83 20 man
721 1191 83 40 utgå
824 1191 80 31 från
924 1194 51 28 att
995 1193 364 41 vidareutbildningen
1380 1195 71 30 inte
1474 1197 132 29 ansetts

125 1234 45 29 ha
192 1234 174 39 betydelse
390 1234 55 30 för
467 1235 189 40 företagets
678 1236 233 30 verksamhet.
936 1238 12 28 I
973 1238 90 39 regel
1088 1239 98 29 torde
1210 1238 105 31 också
1340 1240 66 29 den
1431 1240 174 29 enskildes

126 1278 90 39 syfte
238 1279 80 29 med
340 1279 319 40 vidareutbildning
682 1281 10 28 i
717 1281 132 30 sådana
872 1281 61 30 fall
957 1291 83 21 vara
1064 1285 50 27 att
1139 1283 125 39 övergå
1287 1283 53 30 till
1365 1293 117 20 annan
1506 1285 65 29 och
1595 1286 9 28 i

125 1323 90 39 regel
237 1332 74 21 mer
333 1323 229 31 kvalificerad
583 1325 223 31 verksamhet
829 1326 143 30 utanför
995 1327 179 40 företaget.
1199 1328 150 30 Givetvis
1373 1330 70 28 kan
1467 1330 71 29 han
1561 1330 45 29 ha

126 1368 179 30 önskemål
327 1378 58 20 om
407 1371 49 27 att
476 1369 236 31 tillförsäkras
734 1380 43 20 en
798 1372 217 39 reträttplats
1037 1372 95 30 inom
1156 1373 179 39 företaget.
1359 1374 102 29 Detta
1484 1374 122 30 önske-

125 1413 70 29 mål
221 1413 111 30 måste
358 1414 193 29 emellertid
575 1415 105 39 vägas
707 1417 72 28 mot
806 1415 95 30 såväl
928 1416 118 40 övriga
1073 1418 192 30 anställdas
1292 1418 147 30 intresse
1468 1428 41 20 av
1536 1419 70 30 fast

125 1457 215 41 anställning
353 1467 75 21 som
443 1458 187 40 företagets
644 1460 112 29 behov
769 1468 43 21 av
826 1460 188 41 långsiktig
1029 1461 191 40 planering.

169 1547 126 30 Vidare
315 1547 139 31 anföres
474 1548 12 30 i
504 1548 116 30 SAF:s
639 1550 171 38 yttrande,
831 1552 50 27 att
900 1553 48 27 ett
968 1551 272 39 genomförande
1261 1562 41 19 av
1322 1553 67 29 den
1409 1552 197 40 föreslagna

125 1600 265 41 lagstiftningen
410 1602 118 30 kunde
548 1602 78 30 leda
644 1603 52 29 till
718 1605 49 27 att
788 1613 42 20 en
852 1605 71 28 stor
944 1604 53 30 del
1020 1614 41 20 av
1082 1605 197 40 företagens
1301 1606 160 39 personal
1484 1607 122 29 endast

125 1654 117 30 kunde
261 1656 168 29 anställas
448 1665 74 20 som
541 1658 168 28 ersättare
728 1657 10 29 i
757 1658 172 29 avvaktan
950 1658 44 39 på
1012 1661 50 27 att
1081 1659 41 30 de
1143 1669 74 19 som
1238 1660 107 29 sedan
1364 1660 140 30 kortare
1524 1660 82 30 eller

125 1709 118 39 längre
260 1709 51 30 tid
328 1709 159 30 befinner
506 1710 51 39 sig
574 1710 111 30 under
702 1711 319 40 vidareutbildning
1041 1713 186 30 eventuellt
1247 1713 111 30 skulle
1378 1714 226 31 återkomma.

125 1762 209 40 Företagens
358 1763 222 40 möjligheter
605 1766 48 27 att
679 1764 145 39 erbjuda
851 1765 69 29 fast
946 1766 212 39 anställning
1184 1766 112 30 skulle
1322 1767 168 34 minskas,
1518 1777 87 20 sam-

125 1816 101 40 tidigt
241 1825 74 21 som
330 1817 392 40 personalplaneringen
738 1818 230 30 försvårades.

169 1869 162 31 Härefter
346 1870 102 30 anför
463 1870 91 31 SAF.

169 1942 53 30 En
236 1942 196 40 ovillkorlig
448 1944 69 29 rätt
533 1944 51 29 att
600 1943 118 40 återgå
734 1944 52 30 till
804 1944 249 30 förutvarande
1070 1945 331 41 arbetsanställning
1420 1947 111 30 skulle
1548 1948 58 29 vid

124 1987 368 40 personalminskning
513 2005 45 4 —
580 1987 182 31 föranledd
786 1998 41 20 av
850 1990 85 28 t.ex.
961 1989 363 41 driftsinskränkning
1349 1991 82 29 eller
1456 1992 150 29 rationa-

124 2031 142 40 lisering
285 2049 45 4 —
349 2032 132 30 drabba
502 2033 85 29 även
609 2041 118 21 annan
748 2033 223 30 arbetskraft.
994 2034 192 40 Företagen
1207 2036 71 28 kan
1300 2036 131 39 nödgas
1455 2037 151 30 avskeda

124 2085 164 30 personer
307 2077 80 29 med
405 2077 80 39 lång
503 2077 214 40 anställning
736 2077 55 30 för
809 2080 50 27 att
877 2078 204 40 härigenom
1100 2080 79 29 med
1199 2080 161 30 säkerhet
1379 2081 121 29 kunna
1521 2090 85 30 upp-

124 2120 86 40 fylla
230 2121 66 30 den
317 2121 152 39 lagfästa
488 2122 243 39 förpliktelsen
752 2125 73 27 mot
846 2123 79 29 dem
948 2133 74 20 som
1043 2123 160 30 befinner
1227 2125 50 39 sig
1299 2125 111 29 under
1432 2125 173 30 vidareut-

123 2165 158 40 bildning
303 2166 65 29 och
392 2175 75 21 som
489 2166 134 30 kanske
646 2167 179 29 betraktar
849 2167 334 40 återanställningen
1208 2169 122 30 endast
1356 2178 73 21 som
1455 2179 42 20 en
1522 2171 83 29 nöd-

124 2209 214 40 fallsåtgärd.
364 2210 196 30 Problemet
584 2211 67 30 blir
678 2211 141 30 särskilt
845 2214 220 28 accentuerat
1092 2213 10 29 i
1129 2213 134 40 företag
1290 2223 74 20 som
1391 2214 134 39 lyckats
1553 2223 53 31 ge-

124 2254 161 30 nomföra
313 2264 42 20 en
382 2255 188 40 långsiktig
598 2256 288 39 personalpolitik
914 2257 66 29 och
1007 2258 12 28 i
1047 2258 138 38 mycket
1215 2259 64 38 god
1310 2258 50 30 tid
1388 2259 70 29 kan
1488 2258 118 31 lämna

125 2300 110 29 varsel
256 2309 57 20 om
334 2299 265 40 friställningar.
622 2300 12 29 I
657 2300 130 30 sådana
809 2300 61 30 fall
893 2302 37 28 är
951 2302 56 29 det
1029 2303 71 29 inte
1123 2303 116 29 säkert
1261 2305 49 28 att
1333 2304 41 29 de
1397 2313 75 20 som
1494 2304 111 30 måste

125 2345 100 39 sägas
245 2353 70 30 upp
335 2345 38 29 är
390 2344 119 40 villiga
528 2347 50 28 att
597 2345 43 39 gå
657 2346 37 29 in
714 2354 75 21 som
807 2346 88 29 blott
915 2347 167 30 ersättare
1103 2347 54 30 för
1178 2348 77 29 dem
1278 2357 73 20 som
1373 2348 160 31 befinner
1555 2349 50 40 sig

125 2388 8 29 i
154 2389 113 39 någon
287 2389 206 30 läroanstalt
512 2390 65 29 och
596 2399 55 20 om
671 2390 95 30 vilka
785 2400 83 20 man
887 2391 71 30 inte
977 2394 56 27 vet
1053 2401 56 20 om
1130 2393 64 29 och
1215 2394 63 28 när
1299 2394 40 29 de
1361 2393 243 31 återkommer.

168 2478 99 30 Efter
285 2481 50 28 att
353 2480 46 29 ha
416 2479 147 39 jämfört
582 2481 67 29 den
669 2480 197 40 föreslagna
886 2481 265 40 lagstiftningen
1171 2483 79 29 med
1271 2485 245 28 motsvarande
1537 2484 68 39 lag-

125 2532 162 40 stiftning
306 2533 57 30 vid
383 2533 131 30 militär
533 2533 235 40 tjänstgöring
787 2551 45 4 —
852 2543 72 21 som
947 2534 106 40 enligt
1076 2535 78 29 SAF
1177 2536 150 30 medfört
1350 2536 91 31 vissa
1462 2537 142 40 begrän-
