2204 2650
439 233 41 32 30
899 233 249 34 Ståtsutskottets
1173 235 172 33 Memorial
1367 236 63 32 N:o
1453 239 27 30 1.

978 617 66 43 Till
1072 621 322 44 statsutskottet.

520 826 131 37 Under
691 828 40 34 år
776 829 94 34 1899
913 826 71 37 har
1025 826 136 38 liksom
1204 827 121 37 änder
1366 825 232 51 föregående
1630 830 41 34 år
1699 826 64 38 det
1791 832 190 33 närmaste

392 877 314 38 handhafvandet
735 879 40 35 af
800 878 45 37 de
874 878 179 48 ärenden,
1084 892 79 24 som
1193 892 72 37 ega
1294 878 183 38 samband
1507 878 85 37 med
1619 879 220 37 utförandet
1863 880 40 36 af
1918 880 65 36 det

393 929 243 49 fullmägtige
677 930 12 36 i
731 929 234 38 riksbanken
1004 931 70 36 och
1102 930 12 37 i
1143 931 373 48 riksgäldskontoret
1542 936 240 43 gemensamt
1809 931 174 37 lemnade

392 981 216 50 uppdraget
648 981 13 36 i
703 981 108 49 fråga
853 995 60 23 om
951 981 254 50 uppförandet
1233 986 21 33 å
1282 982 380 48 Helgeandsholmen
1690 982 42 37 af
1755 995 76 37 nya
1859 983 124 49 bygg-

392 1034 119 35 nader
552 1033 58 36 för
643 1033 220 49 Riksdagen
892 1033 72 37 och
994 1035 87 35 dess
1111 1034 103 48 verk,
1243 1034 99 37 varit
1370 1034 276 37 öfverlemnadt
1675 1038 38 33 åt
1741 1047 47 24 en
1818 1035 165 37 särskild

391 1085 159 36 komité.
605 1084 226 37 Ledamöter
858 1085 12 36 i
898 1085 172 36 komitén
1098 1085 114 37 hafva
1241 1086 83 36 från
1353 1084 70 38 och
1452 1086 85 36 med
1566 1085 72 37 den
1668 1088 45 34 22
1744 1099 100 24 mars
1871 1087 110 48 1899,

392 1136 46 37 då
484 1136 62 37 val
591 1136 194 37 anstäldes
832 1136 57 37 för
935 1136 106 37 tiden
1086 1136 98 37 intill
1231 1137 263 49 fullmägtiges
1536 1137 117 37 första
1695 1151 287 36 gemensamma

392 1188 281 36 sammanträde
715 1188 96 36 efter
853 1188 47 36 de
942 1188 197 48 val,:som
1182 1188 66 38 vid
1288 1191 97 35 1900
1413 1191 60 34 års
1502 1188 158 50 lagtima
1688 1189 158 49 riksdag
1873 1190 110 36 skola

392 1239 178 37 förrättas
616 1239 42 37 af
693 1252 48 24 en
783 1239 58 37 del
886 1239 114 37 bland
1042 1240 240 49 fullmägtige
1323 1240 12 36 1
1368 1240 236 37 riksbanken
1632 1241 71 37 och
1732 1241 11 36 i
1772 1241 210 49 riksgälds-

390 1291 190 48 kontoret,
609 1291 96 36 varit
734 1290 72 38 och
835 1296 82 32 äro:
949 1291 42 36 af
1014 1291 243 50 fullmägtige
1282 1292 12 36 i
1315 1292 251 37 riksbanken:
1587 1293 131 36 herrar
1738 1293 244 37 Törnebladh

391 1343 68 37 och
489 1356 77 24 von
594 1342 157 37 Friesen
780 1342 85 37 med
885 1343 89 36 herr
994 1343 168 37 Jonsson
1182 1347 126 34 såsom
1328 1344 218 49 suppleant,
1567 1350 98 31 samt
1684 1344 41 37 af
1740 1344 241 51 fullmägtige

389 1394 12 37 i
429 1394 390 49 riksgäldskontoret:
849 1395 132 37 herrar
1009 1394 223 39 Sederholm
1263 1397 70 35 och
1362 1394 195 50 Odelberg
1587 1396 84 37 med
1699 1396 89 37 herr
1814 1386 168 60 Östberg

391 1448 125 35 såsom
546 1446 213 49 suppleant.

519 1498 87 37 Med
651 1497 281 38 ofvannämnda
973 1498 104 37 inom
1117 1499 264 49 fullmägtiges
1423 1499 107 37 krets
1571 1499 160 38 utsedda
1771 1500 211 37 ledamöter

390 1549 113 37 hafva
536 1549 231 37 fortfarande
796 1550 58 36 för
881 1550 238 49 behandling
1146 1551 42 37 af
1210 1551 181 37 tekniska
1421 1551 129 48 frågor
1577 1551 98 37 varit
1703 1552 276 48 adjungerade:

389 1601 372 49 generallöjtnanten
791 1601 157 37 friherre
976 1602 44 37 B.
1049 1603 44 36 A.
1122 1602 295 48 Leijonhufvud,
1446 1603 196 50 professor
1668 1604 42 37 F.
1741 1603 46 38 G.
1817 1604 44 36 A.
1882 1603 98 37 Dahl

389 1653 70 36 och
488 1653 381 49 generaldirektören
898 1653 41 36 L.
968 1653 116 49 Berg,
1113 1654 130 37 hvilka
1272 1654 178 49 samtliga
1478 1654 195 37 omvaldes
1701 1655 76 37 den
1807 1658 46 35 22
1880 1669 100 23 mars

391 1706 96 35 1899
518 1704 59 37 för
604 1704 106 36 tiden
738 1704 100 37 intill
869 1718 94 36 nyss
993 1705 250 37 omförmälda
1271 1705 516 50 fullmägtigsammanträde.

517 1756 58 37 De
616 1756 133 48 beslut,
788 1769 80 24 som
899 1756 125 38 blifvit
1051 1758 41 35 af
1115 1758 242 49 fullmägtige
1384 1757 65 37 vid
1476 1771 287 36 gemensamma
1791 1772 189 24 samman-

389 1808 134 37 träden
564 1808 12 36 i
617 1807 157 37 ärendet
812 1808 155 47 fattade,
997 1809 148 49 framgå
1174 1809 41 37 af
1238 1809 238 50 protokollen
1505 1810 74 36 den
1608 1812 46 35 22
1685 1823 113 35 mars,
1829 1812 45 36 18
1904 1811 74 49 maj

388 1860 70 36 och
491 1862 45 35 19
566 1860 159 36 oktober
756 1862 95 35 1899
882 1867 99 30 samt
1009 1860 124 38 denna
1161 1862 89 48 dag.

552 1911 82 37 fver
672 1912 48 36 de
759 1912 83 36 med
875 1912 182 37 afseende
1086 1916 46 46 på
1160 1913 376 49 byggnadsarbetets
1564 1913 200 37 utförande
1793 1913 185 50 vidtagna

387 1964 179 48 åtgärder
592 1963 122 37 under
741 1963 106 37 tiden
876 1964 82 36 från
987 1965 75 36 den
1091 1967 47 35 20
1161 1965 154 48 januari
1346 1966 94 35 1899
1463 1965 68 37 har
1551 1965 427 49 riksdagshuskomitén

385 2014 12 36 i
437 2028 48 23 en
527 2014 59 37 till
615 2015 241 49 fullmägtige
896 2016 13 35 i
950 2015 234 38 riksbanken
1226 2017 72 37 och
1330 2017 11 36 i
1374 2017 376 49 riksgäldskontoret
1786 2018 99 36 stäld
1914 2017 64 37 be-

386 2066 155 37 rättelse
581 2066 143 38 lemnat
764 2067 262 50 redogörelse;
1069 2068 68 37 och
1182 2068 152 37 anhålla
1375 2069 240 48 fullmägtige
1655 2075 56 31 att
1744 2069 37 37 få
1813 2069 164 49 åberopa

386 2118 124 37 denna
554 2118 85 37 med
680 2119 181 37 afseende
902 2122 47 46 på
990 2119 83 37 deri
1114 2119 224 38 meddelade
1379 2120 196 50 uppgifter
1607 2121 199 49 angående
1833 2121 143 48 ifråga-

388 2170 166 37 varande
582 2170 188 50 åtgärder.

512 2212 115 47 Öfver
656 2222 370 49 byggnadsfondens
1055 2222 57 38 för
1139 2223 196 50 riksdags-
1363 2225 70 36 och
1462 2223 282 38 riksbankshus
1765 2223 209 50 tillgångar

384 2272 63 38 vid
478 2275 96 36 1899
605 2277 59 34 års
685 2274 133 50 början
839 2274 68 38 och
929 2274 76 38 slut
1025 2274 37 38 få
1082 2275 240 50 fullmägtige
1342 2276 172 38 meddela
1533 2275 168 49 följande
1721 2275 253 38 summariska

384 2325 171 50 uppgift:
