2212 2662
434 199 18 30 2
596 196 117 32 Andra
737 195 222 32 Kammarens
986 193 187 42 Tillfälliga
1202 193 142 33 Utskotts
1368 192 78 41 (N:o
1476 193 29 39 1)
1539 191 172 34 Utlåtande
1734 191 63 45 N:o
1824 194 49 29 13.

432 280 133 49 dagens
600 280 13 35 i
651 283 120 33 ämnet
806 277 132 37 aflåtna
976 276 189 38 skrifvelse
1201 276 68 36 den
1300 277 23 35 4
1351 276 70 48 maj
1458 276 109 43 1891,
1595 273 193 50 påbjudits,
1817 278 53 32 att
1898 273 129 37 under-

434 336 143 48 visning
605 347 58 24 om
692 333 43 37 de
762 332 230 49 rusgifvande
1021 331 218 49 dryckernas
1268 335 105 31 natur
1401 329 67 38 och
1496 329 215 48 verkningar
1736 328 93 37 skall
1848 328 180 36 meddelas

433 391 54 36 uti
514 390 111 52 rikets
654 389 182 36 allmänna
864 387 174 44 läroverk,
1067 386 206 36 seminarier
1302 385 67 37 och
1397 384 209 37 folkskolor.

567 443 163 37 Äfvenså
767 442 66 36 har
860 441 230 49 lagstadgats,
1119 445 53 31 att
1200 439 302 49 tingsbesökande
1529 438 112 37 under
1672 439 48 36 18
1750 437 39 37 år
1817 437 60 37 må
1906 438 123 36 kunna

434 500 135 36 afvisas
607 497 93 37 ifrån
736 496 195 38 åhörandet
966 496 37 36 af
1032 495 134 37 sådana
1194 493 484 50 rättegångsförhandlingar,
1708 506 77 23 som
1814 505 102 24 anses
1945 505 85 23 vara

435 553 150 38 sårande
613 554 57 36 för
699 552 229 48 sedligheten.

568 607 118 37 Bland
728 606 192 37 orsakerna
961 605 56 36 till
1059 604 68 36 den
1169 604 144 48 ”sedliga
1356 603 278 48 förvildningen”
1671 602 87 36 höra
1800 602 77 44 ock,
1920 601 111 49 enligt

435 664 241 36 motionärens
714 660 245 49 Ööfvertygelse,
997 658 162 49 grundad
1196 658 46 49 på
1278 658 124 49 gjorda
1438 657 238 48 iakttagelser,
1714 656 185 36 bristande
1936 656 93 36 kun-

435 718 100 46 skap,
562 718 45 46 ja,
643 715 169 36 stundom
850 714 204 46 fullkomlig
1083 712 231 47 okunnighet
1350 724 59 23 om
1448 710 285 49 straffpåföljden
1761 710 56 35 för
1844 709 187 48 begångna

436 771 106 37 brott.

570 823 171 37 Hotfulla
777 822 211 36 uttalanden
1023 826 97 31 emot
1153 820 129 36 andras
1318 820 42 35 Nf
1388 820 67 36 och
1484 819 174 48 egendom
1696 818 186 47 utslungas
1912 817 119 36 såsom

437 879 98 37 bevis
564 877 46 50 på
638 878 158 36 förment
823 876 193 48 ungdoms-
1036 875 68 37 och
1123 874 227 44 mannamod,
1378 879 40 44 ty
1448 873 136 37 straffet
1612 873 55 36 för
1696 872 88 37 slikt
1811 872 66 37 hot
1896 875 39 33 är
1954 872 79 36 litet

436 934 85 36 eller
548 934 92 35 intet
667 931 123 37 kändt.

570 985 262 50 Tillgripandet
860 985 37 36 af
924 984 129 37 andras
1082 983 78 36 icke
1188 982 132 37 inlåsta
1348 982 182 49 egendom,
1550 981 118 36 såsom
1695 980 198 37 fruktstöld
1913 994 44 21 m.
1978 993 54 31 m.,

437 1055 103 24 anses
577 1041 78 37 icke
692 1053 83 24 vara
811 1039 110 48 något
957 1052 75 24 som
1068 1038 94 36 helst
1200 1037 97 37 brott
1334 1036 81 37 med
1450 1035 197 50 åtföljande
1680 1035 109 44 straff,
1818 1035 68 36 och
1915 1034 118 36 derför

437 1096 108 48 begås
583 1095 68 37 det.
708 1094 147 37 Straffet
896 1094 55 36 för
994 1093 97 36 brott
1132 1092 37 36 af
1198 1091 134 49 osedlig
1366 1096 55 31 art
1449 1093 39 33 är
1516 1090 67 37 ock
1611 1090 84 48 föga
1723 1089 123 36 kändt.
1905 1088 127 37 Btraff-

437 1150 183 49 påföljden
661 1149 56 36 för
758 1147 357 48 förfalskningsbrott
1155 1145 125 37 likaså.
1335 1145 203 36 Enahanda
1576 1147 38 33 är
1652 1144 105 37 äfven
1791 1143 242 37 förhållandet

437 1204 150 37 rörande
615 1202 270 37 ärekränkande
913 1201 279 48 beskyllningar.

571 1256 228 37 Beträffande
841 1256 158 36 deremot
1040 1255 43 35 de
1125 1259 90 31 mest
1257 1254 126 48 grofva
1420 1253 152 43 brotten,
1610 1251 118 37 såsom
1770 1250 262 44 inbrottsstöld,

439 1311 218 38 mordbrand
685 1311 67 36 och
781 1310 110 44 mord,
919 1310 66 36 har
1013 1311 148 40 utrönts,
1190 1308 110 48 enligt
1318 1307 334 49 fångpredikanters
1673 1311 154 43 utsagor,
1847 1310 52 31 att
1918 1304 116 37 okun-

439 1367 122 47 nighet
589 1379 59 23 om
677 1364 285 49 straffpåföljden
990 1364 79 35 icke
1098 1363 92 35 varit
1218 1362 160 36 orsaken.
1434 1361 87 36 Men
1549 1360 97 36 hvad
1674 1360 168 36 säkerhet
1865 1359 66 35 har
1950 1371 85 23 man

439 1420 113 37 likväl
594 1420 126 43 derför,
762 1424 54 31 att
856 1418 214 48 kunskapen
1114 1416 121 37 derom
1277 1415 197 37 meddelats
1516 1415 81 35 klar
1632 1414 68 36 och
1726 1413 168 37 lefvande
1923 1412 112 36 under

440 1475 129 36 barna-
605 1473 66 37 och
706 1471 270 50 ungdomsåren,
1010 1471 46 36 då
1084 1469 171 45 förstånd,
1284 1470 87 48 vilja
1400 1469 67 37 och
1494 1468 130 37 känsla
1652 1471 61 33 äro
1742 1467 211 48 mottagliga
1980 1467 56 35 för

441 1528 180 37 varnande
649 1527 151 48 intryck.

574 1581 54 36 Af
669 1580 151 37 sålunda
860 1580 13 36 i
914 1579 145 37 korthet
1096 1578 157 44 anförda,
1291 1578 37 35 af
1363 1577 125 49 hvarje
1516 1575 231 49 iakttagande
1774 1574 262 37 menniskovän

442 1636 121 36 kända
600 1635 68 37 och
704 1634 158 37 erkända
897 1633 250 37 förhållanden
1185 1632 101 36 torde
1314 1632 59 35 det
1401 1631 165 47 ostridigt
1593 1629 149 48 framgå,
1771 1635 53 30 att
1852 1628 184 36 bristande

442 1690 168 48 kunskap
639 1689 67 37 och
734 1688 223 48 okunnighet
986 1700 59 24 om
1074 1685 292 49 straffpåföljden,
1399 1685 81 36 med
1508 1684 198 49 åtföljande
1734 1684 92 35 brist
1853 1682 46 49 på
1928 1685 107 33 rätts-

442 1744 130 36 känsla
600 1743 68 37 och
695 1742 167 37 frånvaro
892 1742 36 36 af
956 1741 149 36 fruktan
1132 1740 57 36 för
1218 1740 108 43 straff,
1355 1742 61 34 äro
1446 1738 262 37 medverkande
1728 1737 145 37 orsaker
1892 1736 56 36 till
1967 1736 69 36 den

443 1798 145 48 sedliga
615 1797 272 48 förvildningen”
917 1796 67 36 och
1012 1795 43 36 de
1083 1793 402 49 mångförekommande
1513 1793 150 36 brotten.

577 1852 58 35 En
664 1851 197 36 kortfattad
891 1850 68 36 och
987 1848 164 50 praktisk
1169 1848 256 47 undervisning
1441 1860 59 24 om
1520 1845 284 50 straffpåföljden
1822 1845 55 36 för
1897 1844 139 36 mindre

444 1906 68 37 och
541 1908 111 34 större
681 1905 96 36 brott
805 1908 39 32 är
873 1903 104 37 alltså
1006 1904 37 35 af
1072 1902 167 37 behofvet
1267 1901 178 49 påkallad.
1491 1901 20 35 I
1539 1900 261 47 sammanhang
1828 1898 81 37 med
1938 1911 99 35 repe-

445 1961 152 35 titionen
625 1960 37 35 af
690 1958 182 37 slutorden
891 1959 12 34 i
923 1957 103 38 Guds
1047 1957 57 48 lag
1133 1969 105 36 synes
1266 1955 60 36 det
1354 1956 224 36 motionären
1605 1954 175 49 lämpligt,
1800 1958 52 31 att
1871 1966 44 23 en
1935 1952 104 48 dylik

445 2014 255 47 undervisning
728 2013 65 36 bör
820 2013 124 35 kunna
972 2011 179 37 meddelas
1180 2010 248 48 förnämligast
1455 2021 128 36 genom
1612 2008 181 37 varnande
1821 2006 217 48 skildringar

446 2067 82 37 från
556 2067 189 48 fångarnes
774 2066 108 37 verld.

582 2121 154 37 ”Statens
779 2120 146 37 läsebok
967 2120 55 36 för
1059 2118 217 37 folkskolan”
1306 2118 139 44 saknar,
1474 2120 132 45 tyvärr,
1634 2116 125 48 dylika
1787 2114 246 48 skildringar.>
