2254 2622
438 210 20 29 4
898 210 260 33 Statsutskottets
1190 211 175 33 Utlåtande
1388 213 64 32 N:o
1477 217 29 27 6.

396 294 86 37 med
526 296 17 34 1
588 294 391 50 kommendörkapten
1022 296 41 36 af
1103 299 57 34 1:a
1188 297 158 49 graden,
1379 300 17 34 1
1429 299 143 48 kapten
1600 299 42 36 af
1668 300 96 36 1:sta
1792 298 164 48 klassen,
1988 302 20 34 6

394 346 207 49 löjtnanter
629 347 71 36 och
729 349 23 34 4
768 347 327 50 underlöjtnanter
1110 355 97 31 samt
1223 349 177 50 beloppet
1416 351 42 35 af
1467 351 45 36 de
1533 351 58 36 för
1606 351 269 37 officerskåren
1889 352 121 36 under

395 398 292 49 ifrågavarande
730 398 239 50 anslagstitel
1012 401 185 49 anslagna
1238 402 148 36 medlen
1416 403 111 49 höjas
1556 403 85 36 från
1672 404 166 47 692,900
1867 404 143 37 kronor

396 450 60 36 till
489 451 163 46 712,680
682 451 141 36 kronor
852 451 54 49 (se
935 452 68 36 Bil.
1037 452 46 49 a).

499 503 67 35 Att
602 515 48 24 en
678 503 265 49 förstärkning
972 504 41 36 af
1037 504 153 37 flottans
1215 506 168 47 poliskår
1411 506 190 37 erfordras
1630 508 103 35 såväl
1763 508 62 36 vid
1854 508 155 36 flottans

394 553 141 37 station
563 554 12 36 i
604 553 222 38 Stockholm
854 569 82 23 som
966 556 63 36 vid
1058 557 190 37 stationen
1275 558 12 36 i
1316 558 237 37 Karlskrona
1581 572 114 36 synes
1715 560 187 36 utskottet
1917 573 92 23 vara

395 605 245 49 ådagalagdt.
698 607 198 37 Utskottet
937 608 69 36 har
1047 609 97 36 dock
1186 610 82 36 icke
1310 615 125 31 ansett
1478 611 62 47 sig
1572 611 131 36 kunna
1744 612 190 49 tillstyrka
1962 626 47 22 en

393 662 121 32 större
556 658 206 49 tillökning
802 659 43 36 af
868 660 218 48 poliskåren
1114 661 64 36 vid
1207 662 236 36 Karlskrona
1472 663 140 36 station
1641 668 48 31 än
1718 664 84 36 med
1833 666 18 34 1
1883 664 125 37 öfver-

393 709 202 50 konstapel
637 711 71 36 och
737 713 24 34 4
790 711 234 50 konstaplar,
1054 713 146 37 hvilket
1227 714 43 35 af
1294 713 270 38 förutvarande
1591 715 244 37 varfschefen
1864 721 144 32 ansetts

393 761 234 49 tillräckligt.
686 763 197 37 Utskottet
925 764 120 37 håller
1074 765 113 36 också
1223 766 92 47 före,
1345 771 68 42 att,
1445 780 60 23 om
1534 768 223 48 ytterligare
1786 768 223 50 bevakning

393 813 207 48 erfordras,
643 818 130 45 någon
815 815 58 37 del
915 816 43 36 af
996 817 219 36 densamma
1256 818 96 36 skall
1394 821 49 46 på
1472 824 54 31 ett
1554 819 349 38 tillfredsställande
1932 825 76 33 sätt

392 865 133 36 kunna
553 865 234 51 ombesörjas
817 868 40 35 af
882 868 141 36 militär
1050 870 188 47 personal.
1295 870 111 36 Hvad
1435 870 182 37 beträffar
1645 872 152 36 flottans
1826 873 141 36 station
1996 873 11 36 i

393 916 235 49 Stockholm,
675 919 69 36 har
773 919 72 37 den
873 920 143 37 tanken
1045 921 253 47 framkastats,
1329 928 54 30 att
1413 921 304 51 Skeppsholmen
1746 924 70 36 och
1844 924 163 38 Kastell-

392 969 153 37 holmen
574 970 183 49 möjligen
786 971 126 37 kunde
940 972 199 49 afstängas
1170 973 57 36 för
1256 974 255 37 allmänheten
1539 998 50 3 —
1618 989 46 23 en
1692 976 147 49 åtgärd,
1861 990 81 23 som
1963 991 44 22 ur

391 1021 157 37 flottans
576 1023 197 48 synpunkt
800 1023 189 37 måhända
1017 1024 122 37 skulle
1167 1038 91 23 vara
1286 1025 234 50 fördelaktig
1548 1049 50 4 —
1626 1041 87 23 men
1734 1028 79 37 dels
1828 1029 109 37 torde
1952 1035 55 31 ett

392 1073 137 37 sådant
557 1073 252 50 afstängande
838 1080 101 31 stöta
967 1079 50 45 på
1045 1076 59 37 för
1131 1082 103 31 stora
1262 1078 241 48 svårigheter
1530 1079 12 36 i
1571 1080 116 36 andra
1716 1080 204 38 afseenden
1936 1082 70 36 och

392 1125 80 37 dels
502 1125 106 37 torde
637 1126 63 36 det
728 1140 91 22 vara
846 1127 274 50 tvifvelaktigt,
1151 1142 60 23 om
1240 1131 131 46 någon
1401 1130 175 37 afsevärd
1604 1131 147 37 lättnad
1780 1132 225 49 härigenom

391 1177 122 37 skulle
541 1178 153 36 komma
722 1183 56 31 att
807 1179 133 36 vinnas
969 1180 11 35 i
1010 1180 379 49 polisbevakningen.
1459 1182 196 38 Utskottet
1682 1183 122 38 finner
1831 1185 62 48 sig
1922 1185 83 37 där-

391 1229 60 36 för
479 1229 91 37 böra
597 1230 191 49 tillstyrka
830 1230 71 37 den
939 1231 206 50 tillökning
1174 1233 41 36 af
1239 1232 153 38 flottans
1421 1235 169 48 poliskår
1617 1236 13 35 i
1659 1234 235 51 Stockholm,
1923 1251 82 23 som

390 1280 144 49 Kungl.
565 1281 108 50 Maj:t
702 1282 213 49 ifrågasatt.

495 1333 55 37 De
591 1334 43 36 af
671 1333 145 50 Kungl.
847 1334 107 50 Maj:t
984 1335 59 37 för
1071 1336 153 37 flottans
1253 1338 168 48 poliskår
1451 1339 217 49 föreslagna
1697 1340 207 50 aflönings-
1934 1342 71 37 och

389 1385 378 49 pensionsförmåner
807 1387 115 36 hafva
963 1387 84 37 icke
1088 1388 189 38 föranledt
1318 1393 130 46 någon
1490 1391 150 36 erinran
1680 1392 84 37 från
1796 1393 208 38 utskottets

389 1437 93 36 sida.
539 1437 286 38 Bibehållandet
866 1439 42 36 af
941 1440 515 52 uppmuntringspenningar
1484 1444 54 35 uti
1568 1448 124 32 staten
1721 1445 68 36 har
1817 1446 188 37 utskottet

389 1488 128 37 funnit
544 1490 234 47 välbetänkt,
812 1490 46 37 då
887 1491 63 37 det
978 1494 120 34 måste
1125 1506 90 23 vara
1244 1494 41 35 af
1309 1495 94 46 vikt,
1435 1500 54 31 att
1518 1496 120 36 medel
1666 1497 123 36 finnas
1821 1503 53 31 att
1895 1498 109 49 tillgå

390 1541 60 36 för
491 1541 202 37 utdelande
735 1543 42 35 af
814 1543 195 50 tillfälliga
1051 1544 233 50 belöningar.
1353 1546 141 50 Någon
1535 1549 252 49 användning
1828 1550 42 36 af
1894 1550 110 37 dessa

389 1593 123 36 medel
552 1593 58 36 till
646 1598 56 32 att
744 1594 137 37 bereda
914 1596 179 49 ständiga
1121 1597 226 50 lönetillägg
1376 1602 38 33 åt
1442 1602 129 46 någon
1600 1601 89 36 eller
1717 1604 119 46 några
1864 1602 139 37 befatt-

387 1644 287 49 ningshafvare,
718 1649 124 34 såsom
883 1647 136 37 hittills
1047 1649 11 35 i
1086 1649 78 36 viss
1206 1653 85 33 mån
1329 1651 55 36 lär
1412 1652 117 36 hafva
1557 1652 111 48 skett,
1699 1653 68 36 bör
1795 1653 96 38 dock
1919 1655 83 36 icke

388 1697 130 37 vidare
546 1697 287 50 ifrågakomma.

494 1748 72 38 Vid
608 1749 107 37 bifall
756 1751 57 36 till
854 1751 101 36 hvad
984 1752 187 37 utskottet
1200 1753 157 37 sålunda
1385 1755 138 37 uttalat
1551 1756 12 36 i
1592 1757 177 36 afseende
1797 1760 20 34 å
1846 1758 155 37 flottans

387 1800 180 49 poliskår,
597 1802 122 36 skulle
748 1808 123 31 staten
901 1803 58 37 för
981 1803 123 38 denna
1123 1804 151 37 komma
1307 1811 55 31 att
1390 1807 100 36 sluta
1524 1811 20 32 å
1572 1813 55 31 ett
1645 1809 138 49 belopp
1804 1810 41 36 af
1863 1812 138 46 75,700

387 1852 143 37 kronor
558 1852 53 49 (se
639 1853 70 37 Bil.
740 1853 50 49 b).

492 1904 196 38 Utskottet
716 1906 122 37 finner
866 1907 60 49 sig
955 1908 128 36 vidare
1111 1908 92 37 böra
1231 1910 192 49 tillstyrka
1451 1911 101 37 hvad
1580 1912 142 50 Kungl.
1753 1913 108 50 Maj:t
1881 1915 120 37 under

387 1956 126 37 denna
553 1958 122 48 punkt
716 1958 200 49 föreslagit
946 1959 233 38 beträffande
1208 1967 168 31 staterna
1404 1963 60 36 för
1484 1965 153 47 flottans
1674 1966 327 50 underofficerskår

387 2008 72 36 och
488 2010 240 48 sjömanskår,
758 2012 359 37 marinläkarekåren
1136 2018 99 31 samt
1255 2015 198 47 angående
1474 2017 235 48 dagaflöning
1739 2019 56 35 till
1814 2015 187 57 officerare

387 2061 63 35 och
489 2062 306 49 underofficerare
831 2064 62 36 vid
921 2065 137 48 flottan
1086 2065 197 37 äfvensom
1312 2067 11 35 i
1352 2067 111 49 fråga
1493 2081 60 23 om
1581 2069 225 50 minskning
1833 2071 13 35 i
1873 2071 126 36 anvis-

385 2112 147 49 ningen
561 2113 58 37 för
647 2128 133 23 reserv-
809 2116 60 36 och
898 2117 403 49 indragningsstaterna
1329 2127 95 28 samt
1452 2121 457 49 båtsmanskompanierna.

491 2164 53 37 På
571 2167 125 48 grund
727 2167 41 36 af
792 2167 98 37 hvad
920 2168 159 37 sålunda
1108 2169 157 48 anförts,
1295 2171 218 37 hemställer
1540 2173 197 49 utskottet,

894 2258 56 33 att
978 2254 221 50 Riksdagen
1228 2259 61 34 må

894 2305 32 48 a)
957 2306 206 49 godkänna
1200 2308 63 37 det
1299 2309 64 36 vid
1401 2309 104 37 detta
1532 2311 194 37 utlåtande
1756 2312 137 49 fogade
1922 2313 76 38 för-

790 2357 83 48 slag
901 2358 57 36 till
988 2364 75 31 stat
1092 2359 59 36 för
1171 2361 153 48 flottans
1353 2363 211 48 officerskår
1592 2362 82 49 (Bil.
1706 2364 50 48 a);
