1904 2802
552 163 117 32 Andra
687 164 239 38 lagutskottets
947 167 176 32 utlåtande
1142 178 40 22 nr
1205 169 53 33 13.
1636 168 21 31 5

824 444 60 41 Nr
912 445 63 41 13.

370 550 185 33 Utlåtande
577 554 12 29 i
609 554 191 43 anledning
821 565 43 22 av
886 557 125 31 väckta
1033 559 174 31 motioner
1228 569 56 21 om
1308 560 184 41 införande
1514 571 44 22 av
1577 561 72 41 fem

590 602 126 40 dagars
741 604 237 33 arbetsvecka.

189 697 121 30 Andra
331 699 229 39 lagutskottet
579 701 64 31 har
663 703 53 30 till
737 703 214 42 behandling
970 706 155 32 förehaft
1146 708 59 30 två
1224 707 98 32 inom
1340 709 188 41 riksdagen
1547 711 104 32 väck-

146 748 45 33 ta,
219 748 53 30 till
300 749 192 39 lagutskott
517 751 192 32 hänvisade
739 755 182 35 motioner,
949 765 43 21 nr
1021 757 40 30 13
1087 757 12 30 i
1126 757 112 32 första
1265 758 206 33 kammaren
1499 770 44 22 av
1567 761 84 32 herr

147 797 137 33 Öhman
305 809 46 22 m.
370 800 39 41 fl.
430 804 91 29 samt
540 812 43 22 nr
603 804 17 30 7
640 803 12 31 i
671 804 113 32 andra
804 806 208 32 kammaren
1031 817 44 22 av
1093 808 83 31 herr
1193 810 180 31 Senander
1392 820 45 22 m.
1458 811 39 40 fl.

188 848 14 29 I
222 849 231 37 motionerna,
471 851 95 32 vilka
586 854 61 30 äro
664 853 235 41 likalydande,
918 856 66 31 har
1001 857 210 37 hemställts,
1232 860 72 30 »att
1322 860 188 41 riksdagen
1528 861 13 31 i
1560 862 89 31 skri-

140 900 94 32 velse
256 900 52 33 till
330 902 126 41 Kungl.
478 904 106 41 Maj:t
605 906 204 33 hemställer
832 917 57 22 om
913 910 209 40 skyndsamt
1144 911 133 41 förslag
1298 913 54 31 till
1374 914 108 30 sådan
1504 914 142 40 lagänd-

140 950 89 42 ring,
250 961 75 23 som
346 953 156 37 innebär,
523 957 51 30 att
593 957 166 41 lördagen
779 959 68 30 blir
867 959 116 41 fridag
1002 961 66 30 och
1088 962 51 30 att
1159 962 104 32 alltså
1283 963 250 32 arbetsveckan
1555 964 90 32 skall

139 1001 99 33 bestå
257 1013 43 21 av
318 1004 71 31 fem
409 1005 139 40 dagar>.

184 1051 231 31 Beträffande
436 1053 42 30 de
502 1053 87 36 skäl,
612 1064 75 22 som
710 1056 137 32 anförts
870 1057 52 31 till
946 1058 78 31 stöd
1045 1059 56 32 för
1123 1059 97 32 detta
1241 1061 169 40 yrkande,
1433 1062 57 32 får
1510 1063 137 32 utskot-

141 1100 49 31 tet
208 1101 149 32 hänvisa
374 1103 53 30 till
447 1104 230 33 motionerna.

183 1202 50 32 De
258 1204 257 42 huvudsakliga
541 1209 64 30 och
633 1210 173 39 generella
835 1211 500 35 arbetstidsbestämmelserna
1361 1215 119 31 finnas
1505 1216 12 31 i
1544 1217 98 39 lagen

138 1253 67 32 den
226 1255 42 30 16
286 1256 77 40 maj
382 1257 85 31 1930
489 1258 63 35 (nr
572 1259 79 35 138)
675 1270 56 21 om
753 1262 234 31 arbetstidens
1008 1263 244 42 begränsning,
1272 1266 68 31 den
1361 1275 26 22 s.
1408 1267 34 30 k.
1463 1267 180 31 allmänna

137 1303 297 41 arbetstidslagen.
452 1307 120 32 Denna
590 1310 79 37 äger
686 1310 12 30 i
715 1310 137 40 princip
870 1312 221 40 tillämpning
1108 1313 20 31 å
1146 1315 149 30 rörelser
1313 1315 65 31 och
1396 1315 134 39 företag
1547 1316 96 31 inom

136 1353 81 30 hela
236 1354 238 39 näringslivet,
495 1357 102 31 alltså
618 1358 76 31 icke
713 1359 89 31 blott
822 1361 21 30 å
861 1361 199 32 industrien
1080 1364 86 29 utan
1186 1364 88 30 även
1294 1364 21 30 å
1334 1364 164 32 handeln.
1521 1365 122 32 Såsom

138 1403 49 29 ett
209 1404 148 31 allmänt
379 1407 180 40 undantag
580 1408 106 39 gäller
711 1409 100 37 dock,
835 1413 51 28 att
908 1412 101 39 lagen
1031 1413 124 30 endast
1178 1414 81 39 äger
1281 1414 233 41 tillämpning,
1538 1416 104 31 såvitt

137 1453 11 28 i
172 1454 155 31 rörelsen
352 1456 83 30 eller
457 1457 170 40 företaget
651 1459 11 29 i
684 1460 93 39 regel
801 1462 179 30 användas
1005 1462 89 31 flera
1116 1464 45 29 än
1186 1464 79 39 fyra
1289 1464 172 37 arbetare;
1489 1466 42 30 de
1555 1475 27 21 s.
1606 1467 35 30 k.

138 1505 259 39 smäföretagen
419 1507 61 29 äro
502 1508 148 31 sålunda
672 1510 189 31 uteslutna.
885 1511 128 31 Vidare
1034 1512 119 31 finnas
1175 1513 177 41 åtskilliga
1375 1516 110 30 andra
1507 1516 136 31 undan-

137 1554 68 38 tag.
228 1555 153 40 Somliga
402 1566 43 21 av
463 1557 104 32 dessa
592 1559 101 31 ställa
714 1560 94 31 vissa
830 1561 272 40 näringsgrenar
1123 1562 73 31 helt
1219 1565 145 30 utanför
1386 1565 179 32 allmänna
1586 1576 56 21 ar-

135 1604 261 40 betstidslagen,
415 1607 128 31 medan
562 1609 109 31 andra
691 1619 81 22 avse
789 1611 92 31 vissa
901 1612 133 31 former
1051 1622 42 21 av
1111 1613 128 31 arbete.

181 1655 118 39 Lagen
323 1665 57 21 om
405 1657 231 32 arbetstidens
660 1660 237 42 begränsning
920 1662 196 32 innehåller
1139 1664 224 32 beträffande
1388 1666 176 31 ordinarie
1588 1676 54 22 ar-

136 1704 129 31 betstid
287 1706 68 30 den
375 1707 248 41 huvudregeln,
646 1712 50 29 att
718 1711 234 39 arbetsgivare
974 1713 31 39 ej
1029 1714 58 30 må
1108 1715 162 30 använda
1289 1716 157 30 arbetare
1470 1717 52 30 till
1544 1718 97 30 arbe-

135 1755 33 27 te
193 1756 112 30 under
329 1756 119 41 längre
472 1759 61 34 tid,
558 1761 112 29 raster
695 1761 189 35 oräknade,
908 1763 46 30 än
978 1763 42 30 48
1045 1764 143 30 timmar
1212 1765 11 29 i
1248 1765 142 31 veckan.
1416 1766 223 32 Arbetstiden

136 1805 70 30 kan
227 1806 97 30 inom
347 1807 114 31 denna
482 1818 77 21 ram
580 1810 105 40 något
706 1812 137 30 variera
865 1812 55 31 för
942 1813 95 31 olika
1059 1814 218 40 veckodagar
1301 1825 80 21 men
1403 1816 55 31 får
1480 1817 77 30 icke
1579 1818 61 30 nå-

134 1856 58 37 got
216 1855 94 40 dygn
334 1859 116 38 uppgå
474 1859 53 29 till
551 1868 74 22 mer
650 1862 45 29 än
720 1861 59 30 nio
803 1862 153 32 timmar.
981 1863 92 30 Från
1097 1864 240 41 huvudregeln
1362 1867 107 39 gäller
1492 1867 58 31 det
1575 1877 64 21 un-

134 1905 166 40 dantaget
320 1907 55 30 för
394 1908 127 36 arbete,
541 1918 75 21 som
635 1910 159 31 bedrives
814 1913 80 30 med
913 1913 236 39 regelbunden
1169 1914 278 42 skiftindelning,
1471 1919 51 28 att
1542 1918 97 30 arbe-

134 1955 48 30 tet
205 1956 112 30 under
340 1957 93 31 olika
456 1958 93 40 dygn
571 1960 64 29 och
658 1961 128 30 veckor
809 1962 70 30 kan
901 1963 147 35 variera,
1073 1964 87 30 blott
1182 1964 77 31 icke
1282 1965 68 31 den
1373 1963 264 48 sammanlagda

134 2005 213 30 arbetstiden
368 2008 55 30 för
443 2008 154 40 tidrymd
618 2019 43 21 av
683 2010 102 40 högst
807 2013 51 29 tre
880 2013 127 30 veckor
1028 2013 67 31 blir
1117 2014 119 40 längre
1258 2016 46 29 än
1328 2017 50 30 att
1397 2017 67 30 den
1487 2019 151 29 motsva-

133 2062 58 22 rar
211 2056 43 30 48
274 2056 143 32 timmar
436 2058 12 29 i
469 2059 142 30 veckan.
632 2060 128 31 Vidare
782 2062 90 39 gälla
892 2063 175 31 särskilda
1086 2063 264 33 bestämmelser
1373 2066 55 31 för
1447 2067 94 31 vissa
1563 2068 74 40 slag

132 2113 43 23 av
196 2106 144 31 arbeten
361 2117 45 20 m.
428 2117 46 21 m.

175 2155 69 31 För
269 2157 94 30 vissa
389 2158 269 41 näringsgrenar
687 2160 47 31 ha
762 2169 123 31 genom
914 2163 175 31 särskilda
1118 2163 97 41 lagar
1243 2165 102 40 givits
1372 2166 263 32 bestämmelser

133 2213 57 21 om
213 2206 225 33 arbetstiden.

176 2305 117 39 Enligt
316 2306 124 40 Kungl.
462 2307 124 40 Maj:ts
608 2309 279 40 bemyndigande
909 2312 68 30 den
1001 2312 42 30 28
1064 2313 155 31 februari
1244 2315 82 30 1947
1349 2315 210 32 tillkallades
1581 2327 54 21 ar-

129 2356 379 43 betstidsutredningen
533 2361 54 30 för
609 2364 50 28 att
679 2363 190 31 verkställa
889 2364 189 40 utredning
1098 2366 149 30 rörande
1268 2377 43 20 en
1333 2368 129 30 allmän
1484 2365 147 47 översyn

129 2412 43 22 av
193 2406 466 41 arbetstidslagstiftningen.
685 2410 13 30 I
721 2410 196 31 direktiven
940 2412 56 31 för
1019 2413 233 40 utredningen
1275 2415 146 31 anförde
1444 2416 189 32 statsrådet

131 2455 178 40 Mossberg
331 2456 105 32 bland
460 2461 107 28 annat
594 2459 173 40 följande:
