1920 2804
318 146 20 30 2
698 148 293 32 Statsutskottets
1015 150 187 31 memorial
1225 149 52 33 Nr
1300 149 53 31 52.

951 550 58 39 Nr
1036 550 63 40 52.

777 684 111 25 Ankom
910 685 41 24 till
972 685 163 32 riksdagens
1154 686 91 24 kansli
1265 686 53 23 den
1339 687 31 23 22
1391 693 75 17 mars
1487 687 65 23 1927
1573 687 36 24 kl.
1631 688 13 23 4
1665 695 22 15 e.
1707 695 36 15 m.

381 801 185 33 Memorial
588 803 14 30 i
624 803 191 37 anledning
837 814 45 22 av
905 804 207 33 kamrarnas
1134 805 209 38 skiljaktiga
1367 806 115 32 beslut
1505 808 13 30 i
1541 808 94 31 vissa
1658 808 121 37 frågor

579 856 149 30 rörande
750 856 125 36 anslag
902 858 110 30 under
1034 857 208 32 riksstatens
1262 858 58 35 för
1336 857 205 37 budgetåret
1566 860 212 30 1927—1928

580 905 145 32 åttonde
747 907 210 32 huvudtitel.

1554 972 66 37 (2:a
1641 972 93 38 avd.)

314 1080 270 37 Statsutskottet,
619 1091 72 21 som
725 1081 142 31 erhållit
900 1082 53 31 del
981 1092 45 21 av
1049 1083 205 31 kamrarnas
1278 1084 112 31 beslut
1414 1085 12 29 i
1449 1085 188 36 anledning
1660 1096 44 20 av
1728 1088 51 29 ut-

269 1131 143 31 skottets
446 1132 177 31 utlåtande
646 1142 43 21 nr
713 1133 19 30 8
755 1133 175 36 angående
955 1134 216 36 regleringen
1195 1136 53 30 för
1272 1135 198 37 budgetåret
1495 1137 217 31 1927—1928
1735 1148 44 20 av

270 1183 190 36 utgifterna
494 1184 108 31 under
636 1184 201 32 riksstatens
871 1185 137 31 åttonde
1042 1186 209 37 huvudtitel,
1274 1187 238 32 innefattande
1534 1189 166 37 anslagen
1724 1190 54 30 till

270 1235 495 38 ecklesiastikdepartementet,
800 1237 54 31 får
886 1237 142 32 härmed
1062 1240 128 35 avgiva
1221 1239 57 32 det
1311 1240 171 37 yttrande,
1507 1242 118 30 vartill
1648 1252 132 21 samma

271 1288 109 31 beslut
404 1288 175 32 befunnits
603 1289 186 32 föranleda.

994 1397 60 29 1:0.

313 1460 19 30 I
365 1460 65 31 den
464 1461 56 30 till
555 1461 181 36 riksdagen
760 1462 65 31 den
850 1464 18 29 4
891 1464 141 35 januari
1055 1465 84 31 1927
1162 1467 143 30 avlåtna
1328 1467 251 36 propositionen
1602 1469 175 35 angående

270 1512 218 31 statsverkets
521 1513 159 32 tillstånd
715 1514 62 31 och
807 1515 109 31 behov
939 1516 108 31 under
1070 1517 200 36 budgetåret
1295 1518 214 32 1927—1928
1534 1520 87 31 hade
1644 1521 131 35 Kungl.

271 1564 108 36 Maj:t,
403 1564 107 31 under
532 1565 214 36 åberopande
768 1576 44 21 av
836 1567 55 31 det
913 1568 60 31 vid
995 1569 252 36 propositionen
1270 1570 120 36 fogade
1405 1571 371 37 statsrådsprotokollet

268 1617 83 29 över
382 1616 365 33 ecklesiastikärenden
780 1618 54 31 för
866 1629 133 22 samma
1026 1620 76 37 dag,
1127 1622 12 29 i
1161 1622 166 31 avseende
1349 1623 21 30 å
1392 1623 139 31 åttonde
1554 1624 221 32 huvudtiteln

270 1668 113 31 under.
411 1669 154 35 punkten
600 1669 62 31 307
698 1670 179 37 föreslagit
911 1672 183 37 riksdagen
1118 1673 45 31 bl.
1187 1684 30 21 a.
1242 1674 171 37 medgiva,
1437 1677 52 29 att
1512 1675 78 32 från
1613 1676 42 31 de
1676 1678 22 29 å
1720 1676 55 32 det

269 1720 173 31 ordinarie
465 1722 383 38 reservationsanslaget
871 1724 55 31 till
947 1719 158 37 tekniska
1122 1726 159 31 läroverk
1296 1727 197 36 uppkomna
1509 1728 267 38 besparingarna

269 1774 57 29 må
357 1773 54 31 för
444 1773 201 37 budgetåret
681 1775 215 32 1927—1928
931 1788 45 20 av
1011 1777 131 37 Kungl.
1167 1778 101 37 Maj:t
1290 1780 109 31 under
1423 1780 41 31 de
1486 1781 131 31 villkor
1640 1782 60 31 och
1725 1783 51 31 be-

268 1826 210 31 stämmelser
501 1826 131 37 Kungl.
658 1827 101 36 Maj:t
781 1828 86 36 ägde
890 1829 201 37 föreskriva,
1112 1831 211 31 utanordnas
1339 1833 92 30 vissa
1447 1833 130 36 belopp,
1593 1834 182 31 däribland

269 1877 116 36 15,000
409 1878 127 31 kronor
558 1879 56 30 till
637 1879 385 39 laboratoriutrustning
1046 1882 60 31 vid
1129 1883 158 31 tekniska
1310 1885 192 35 gymnasiet
1524 1886 13 29 i
1561 1883 132 34 Örebro.

311 1929 259 32 Statsutskottet
604 1930 87 32 hade
724 1932 12 30 i
771 1932 59 31 sitt
862 1933 178 31 utlåtande
1061 1944 43 20 nr
1128 1934 19 31 8
1171 1935 109 31 under
1302 1936 155 35 punkten
1480 1937 63 31 208
1568 1937 207 33 beträffande

266 1981 142 32 berörda
441 1982 161 31 ändamål
637 1983 186 37 hemställt,
855 1986 52 30 att
941 1986 183 37 riksdagen
1158 1988 108 30 måtte
1300 1988 170 36 medgiva,
1505 1991 51 29 att
1590 1990 78 31 från
1691 1991 84 31 före-

266 2034 153 31 nämnda
442 2034 219 38 besparingar
684 2037 58 30 må
765 2037 52 31 för
840 2037 198 37 budgetåret
1062 2039 215 32 1927—1928
1306 2050 44 21 av
1373 2041 132 37 Kungl.
1532 2042 109 37 Maj:t,
1665 2043 110 31 under

267 2086 39 31 de
340 2087 129 30 villkor
502 2087 62 31 och
600 2088 255 32 bestämmelser
882 2090 132 36 Kungl.
1039 2091 100 36 Maj:t
1161 2094 82 34 äger
1265 2093 202 36 föreskriva,
1491 2095 212 31 utanordnas
1726 2098 47 29 ett

266 2137 121 37 belopp
410 2149 44 20 av
480 2139 115 35 10,000
619 2140 127 31 kronor
768 2141 55 30 till
847 2141 406 39 laboratorieutrustning
1277 2144 59 31 vid
1360 2155 130 21 samma
1508 2147 158 31 tekniska
1678 2157 94 27 gym-

267 2190 146 31 nasium.

309 2242 18 31 I
360 2252 42 22 en
434 2243 61 32 vid
530 2244 179 32 utskottets
740 2245 177 32 utlåtande
941 2247 101 37 fogad
1066 2249 209 31 reservation
1297 2249 87 31 hade
1407 2250 78 31 herr
1509 2251 33 32 S.
1568 2251 44 31 H.
1636 2252 137 31 Kvarn-

264 2295 110 31 2elius
408 2305 45 21 m.
477 2296 34 31 fl.
546 2296 186 37 hemställt,
767 2299 50 30 att
840 2298 183 38 riksdagen
1046 2301 105 30 måtte
1173 2301 171 37 medgiva,
1367 2304 52 29 att
1441 2303 81 31 från
1545 2304 150 31 nämnda
1718 2304 51 31 be-

266 2347 180 37 sparingar
468 2350 58 29 må
548 2348 53 31 för
624 2349 203 37 budgetåret
850 2351 214 31 1927—1928
1088 2362 46 21 av
1158 2352 131 38 Kungl.
1314 2353 110 37 Maj:t,
1448 2355 109 31 under
1580 2355 40 32 de
1643 2356 128 31 villkor

263 2399 63 30 och
361 2399 251 32 bestämmelser
645 2401 133 37 Kungl.
813 2402 100 37 Maj:t
946 2405 81 34 äger
1061 2404 201 38 föreskriva,
1286 2406 56 30 till
1366 2406 404 38 laboratorieutrustning

265 2450 59 32 vid
347 2461 132 22 samma
502 2452 158 31 tekniska
683 2454 218 35 gymnasium
925 2456 210 31 utanordnas
1157 2458 48 30 ett
1227 2457 122 37 belopp
1370 2468 44 21 av
1439 2459 117 36 15,000
1582 2459 134 32 kronor.
