1848 2770
457 180 298 34 Statsutskottets
776 182 182 34 utlåtande
977 195 40 21 nr
1036 185 65 31 123
1119 184 39 32 år
1176 186 89 31 1959
1565 188 40 29 17

113 258 180 34 klasserna
316 259 111 42 skälig
449 260 137 41 hänsyn
611 265 100 37 tagas
736 261 53 34 till
813 262 133 33 sådana
969 262 170 34 särskilda
1164 262 243 35 förhållanden
1433 276 75 22 som
1532 264 71 51 kan

113 316 34 64 =
314 316 43 21 en
384 316 118 22 annan
528 287 198 61 fördelning
751 307 46 41 på
823 306 132 34 klasser
982 310 44 30 än
1054 319 75 22 som
1157 307 101 42 eljest
1285 308 110 33 skulle
1422 308 142 35 komma
1594 309 9 33 i

130 359 83 30 råga

158 375 74 53 Det
252 395 65 33 har
337 396 103 34 alltså
460 396 199 41 förutsatts,
681 402 55 29 att
759 399 163 41 åtgärder
943 400 80 33 med
1046 400 190 43 anledning
1257 413 45 21 av
1325 401 69 34 vad
1418 401 184 43 riksdagen

113 439 149 35 sålunda
285 440 156 34 beslutat
462 441 71 33 kan
554 425 153 58 grundas
730 444 48 41 på
797 425 163 60 gällande
983 444 226 34 föreskrifter.
1214 427 85 52 Vid
1324 446 127 33 sådant
1475 429 127 51 förhål-

113 484 103 50 lande
235 488 82 39 äger
333 486 171 33 kommun
522 468 163 61 uppbära
703 470 217 60 statsbidrag
938 489 106 42 enligt
1065 489 231 42 kungörelsen
1311 494 106 46 1938:
1433 495 76 30 6653.
1530 491 73 33 Det

112 529 11 33 i
145 512 181 51 motionen
349 529 208 43 ifrågasatta
579 513 417 67 förstärkningsanslaget
1020 546 101 30 synes
1140 517 125 51 därför
1287 534 30 43 ej
1342 535 138 33 behöva
1502 540 100 37 tagas

113 574 10 33 i
146 574 153 42 anspråk
320 574 54 34 för
395 575 65 33 här
481 580 117 46 avsett
619 577 177 33 ändamål.

157 619 123 42 Några
306 620 227 51 anvisningar
558 620 11 33 i
596 624 121 30 ämnet
743 621 64 33 har
833 623 254 41 överstyrelsen
1114 626 95 30 ännu
1237 623 31 42 ej
1297 623 171 51 utfärdat.
1496 622 106 35 Över-

113 647 171 59 styrelsen
303 676 100 22 avser
422 647 68 51 att
497 665 10 33 i
527 664 288 35 förekommande
835 666 60 34 fall
916 666 144 34 utfärda
1079 668 134 33 sådana
1235 668 235 42 anvisningar.

111 744 191 41 Angående
320 745 235 41 skolskjutsar
569 746 56 41 för
642 745 260 43 centralisering
920 759 44 20 av
983 746 142 34 årskurs
1142 749 20 31 7
1180 747 52 33 till
1248 747 117 34 skolor
1382 760 44 21 av
1444 747 114 43 A-typ

157 806 56 34 De
235 807 10 33 i
268 807 180 33 motionen
471 808 156 33 avsedda
649 808 274 42 anvisningarna
945 809 128 34 hänför
1095 809 51 43 sig
1169 810 52 33 till
1245 810 230 42 kungörelsen
1501 814 99 30 1947:

112 854 78 36 346,
210 851 118 33 vilken
347 864 145 22 numera
512 857 127 29 ersatts
659 865 46 21 av
723 853 232 42 kungörelsen
977 857 98 31 1958:
1091 837 77 51 380.
1189 853 100 52 Även
1308 837 53 68 till
1381 855 221 34 sistnämnda

111 875 206 67 kungörelse
336 900 81 38 äger
433 897 255 42 överstyrelsen
708 881 211 59 befogenhet
938 903 55 29 att
1010 898 175 34 fastställa
1205 899 236 42 anvisningar.
1461 899 140 34 Sådana

111 922 185 52 utarbetas
315 941 54 33 för
387 942 221 33 närvarande
628 954 45 21 av
693 943 257 41 överstyrelsen
970 943 66 33 och
1056 943 160 33 kommer
1237 948 137 29 snarast
1395 948 56 29 att
1471 943 130 34 införas

111 985 11 32 i
146 985 216 34 »Aktuellt>».

155 1029 56 33 Av
234 1030 244 34 ovanberörda
500 1030 206 42 kungörelse
729 1030 164 43 framgår,
917 1036 56 28 att
994 1031 122 43 frågan
1140 1044 58 21 om
1222 1032 378 42 skolorganisationens

111 1074 247 34 beskaffenhet
380 1075 11 33 i
413 1087 43 21 en
478 1075 171 33 kommun
675 1075 231 42 (skolformer,
929 1076 213 42 klasstyper)
1169 1076 31 41 ej
1226 1080 144 38 avgöres
1394 1077 10 33 i
1428 1077 172 33 samband

110 1120 80 32 med
210 1119 260 43 framställning
489 1132 57 21 om
567 1120 217 42 statsbidrag
804 1120 53 33 till
878 1120 243 42 skolskjutsar.
1152 1120 9 33 I
1181 1121 232 42 kungörelsen
1433 1121 113 33 finnes
1568 1121 30 42 ej

110 1163 107 34 heller
235 1165 111 33 andra
363 1164 126 34 villkor
506 1164 54 34 för
577 1164 218 43 statsbidrag
810 1168 44 30 än
873 1165 208 42 skolvägens
1099 1166 118 41 längd.

156 1208 265 43 Överstyrelsen
448 1209 114 33 finner
587 1210 150 33 sålunda
762 1210 32 42 ej
823 1210 75 33 skäl
924 1209 177 43 föreligga,
1129 1214 56 29 att
1211 1210 61 33 det
1298 1209 209 43 ifrågasatta
1532 1209 67 34 för-

110 1253 362 43 stärkningsanslaget
491 1258 97 38 tages
607 1254 10 33 i
636 1255 154 42 anspråk
808 1254 54 34 för
881 1267 45 21 av
944 1255 261 34 motionärerna
1224 1259 119 29 avsett
1361 1255 176 33 ändamål.

109 1333 192 41 Angående
321 1334 268 42 möjligheterna
611 1340 56 28 att
688 1334 224 43 tillfälligtvis
931 1336 79 33 dela
1029 1349 72 30 upp
1123 1349 43 21 en
1188 1336 94 34 klass
1301 1341 90 29 utan
1410 1337 124 33 hinder
1554 1350 45 21 av

109 1380 161 40 gällande
289 1379 263 33 bestämmelser

155 1439 265 43 Överstyrelsen
436 1441 64 33 har
516 1441 9 33 i
541 1441 94 33 olika
651 1441 257 43 sammanhang
924 1441 193 34 framhållit
1134 1443 285 34 önskvärdheten
1437 1456 41 21 ur
1494 1444 105 41 peda-

110 1486 144 41 gogiska
275 1485 65 33 och
361 1485 361 43 disciplinfrämjande
744 1487 222 41 synpunkter
987 1499 45 21 av
1055 1487 105 33 sänkt
1182 1488 175 33 elevantal
1378 1488 10 32 i
1409 1488 190 33 klasserna.

155 1530 69 33 För
246 1534 55 29 att
323 1530 187 33 motverka
532 1530 235 34 nackdelarna
790 1531 80 33 med
894 1530 118 34 alltför
1035 1536 96 29 stora
1152 1531 132 34 klasser
1305 1531 64 34 har
1392 1532 207 42 överstyrel-

110 1586 59 21 sen
191 1578 89 30 även
301 1575 59 33 vid
382 1575 93 33 olika
496 1574 160 33 tillfällen
677 1574 166 42 framlagt
865 1575 130 42 förslag
1014 1588 58 21 om
1094 1575 504 43 förstärkningsanordningar.

109 1618 142 35 Sådana
270 1622 38 30 är
326 1618 106 34 också
450 1618 189 43 medgivna
656 1619 110 42 enligt
784 1620 161 41 gällande
965 1620 311 43 folkskolestadga,
1298 1624 64 30 105
1379 1620 29 39 $.
1428 1621 55 33 De
1503 1621 95 33 inne-

110 1664 74 39 bär,
201 1668 55 29 att
272 1664 132 33 klasser
418 1664 112 33 under
545 1664 94 33 vissa
654 1663 298 43 förutsättningar
966 1664 71 33 kan
1053 1665 133 33 indelas
1204 1665 9 33 i
1231 1677 150 30 grupper
1398 1665 59 34 vid
1474 1666 125 33 under-

110 1708 193 42 visningen.
319 1708 236 42 Anvisningar
568 1709 52 32 till
639 1712 62 30 105
721 1709 14 38 $
754 1709 63 32 har
832 1709 67 33 den
914 1712 41 30 16
969 1708 152 34 februari
1136 1712 87 30 1939
1237 1709 195 33 meddelats
1445 1722 45 20 av
1503 1712 96 30 över-

108 1754 170 41 styrelsen
304 1753 217 42 (»Aktuellt»
548 1756 86 30 1959
657 1766 26 20 s.
707 1757 65 30 177
792 1753 68 42 ff.).
883 1754 18 32 I
923 1754 76 33 sina
1021 1754 321 42 anslagsäskanden
1364 1754 54 33 för
1442 1754 156 42 1939/60

108 1797 65 34 har
198 1798 255 41 överstyrelsen
480 1798 10 33 i
517 1797 360 43 disciplinfrämjande
904 1798 93 42 syfte
1023 1798 167 42 framlagt
1216 1798 129 42 förslag
1371 1811 57 21 om
1456 1799 143 33 timmar

109 1841 54 34 för
179 1855 26 21 s.
219 1843 34 32 k.
270 1842 147 34 särskild
434 1842 508 42 observationsundervisning,
960 1842 64 33 och
1043 1843 10 32 i
1072 1843 92 32 årets
1183 1843 415 41 statsverksproposition

109 1886 64 34 sid.
196 1890 65 30 302
283 1886 64 33 har
368 1886 388 42 departementschefen
780 1887 9 32 i
813 1888 62 32 allt
897 1887 189 41 väsentligt
1109 1886 171 34 förklarat
1304 1887 50 41 sig
1376 1887 190 33 instämma
1588 1888 10 32 i

108 1931 273 41 överstyrelsens
404 1930 129 42 förslag
556 1931 179 41 angående
759 1931 109 33 sådan
891 1931 262 41 undervisning.

152 1975 238 41 Anvisningar
411 1975 54 33 för
487 1975 116 33 denna
625 1975 90 33 form
738 1988 45 20 av
806 1975 137 42 speciell
966 1975 252 41 undervisning
1239 1975 54 33 för
1314 1975 150 33 enstaka
1484 1976 114 32 elever

108 2020 81 32 eller
210 2020 145 41 mycket
377 2020 75 33 små
473 2031 152 30 grupper
647 2032 46 20 av
714 2020 125 39 elever,
863 2032 74 21 som
961 2020 111 32 under
1094 2024 53 28 ett
1172 2020 87 32 visst
1283 2020 96 32 antal
1405 2020 191 33 veckotim-

107 2076 77 21 mar
206 2064 164 41 avskiljes
394 2064 78 33 från
495 2064 137 33 klassen
657 2064 53 33 för
734 2069 55 28 att
812 2064 295 41 omhändertagas
1132 2065 46 41 på
1200 2069 53 27 ett
1277 2064 139 33 särskilt
1440 2064 54 33 för
1517 2064 79 33 dem

109 2110 135 40 lämpat
261 2112 83 35 sätt,
363 2109 158 32 kommer
538 2113 54 28 att
610 2109 160 32 utfärdas
789 2121 44 20 av
852 2109 265 40 överstyrelsen,
1136 2109 118 32 därest
1273 2109 253 49 överstyrelsen
1545 2108 53 33 får

108 2136 282 58 bemyndigande
410 2153 129 38 därtill,
561 2153 106 33 sedan
689 2153 203 40 riksdagens
914 2143 63 42 och
1001 2153 130 41 Kungl.
1154 2152 128 41 Maj:ts
1306 2143 143 43 beslut
1438 2139 19 59 i
1474 2152 122 42 frågan

109 2198 190 40 föreligger.
327 2197 172 33 Avsikten
524 2180 79 50 med
632 2198 67 32 den
728 2180 170 50 särskilda
925 2188 539 58 observationsundervisningen
1495 2208 101 37 synes

108 2242 110 32 delvis
240 2247 178 27 motsvara
439 2242 61 32 det
510 2242 189 49 syftemal,
722 2254 73 19 som
817 2241 260 32 motionärerna
1100 2252 117 29 anger,
1238 2240 45 32 då
1304 2240 90 32 det
1388 2236 23 49 i
1418 2240 179 32 motionen

111 2287 87 32 talas
220 2298 57 20 om
298 2290 54 28 att
372 2286 88 32 det
446 2281 20 49 i
484 2285 91 33 vissa
599 2286 57 32 fall
679 2286 68 32 kan
771 2298 84 20 vara
878 2297 62 21 »en
964 2266 202 59 tillräcklig
1170 2284 98 42 hjälp
1291 2289 52 28 att
1367 2284 36 33 få
1425 2285 77 32 dela
1524 2297 72 28 upp

108 2342 40 20 en
170 2330 91 32 klass
282 2330 111 32 under
413 2330 91 32 vissa
526 2330 176 32 timmar».

153 2375 105 32 Trots
286 2375 42 32 de
357 2375 7 32 i
394 2374 322 40 folkskolestadgan
745 2374 186 39 medgivna
963 2374 539 40 förstärkningsanordningarna
1531 2374 64 33 och

109 2423 88 28 trots
219 2419 61 33 det
303 2419 152 32 väntade
480 2419 152 32 beslutet
654 2431 55 20 om
736 2418 195 41 tilldelning
954 2431 44 20 av
1024 2418 140 33 timmar
1188 2419 52 31 för
1263 2418 145 33 särskild
1434 2419 162 32 observa-

109 2463 345 41 tionsundervisning
477 2475 100 20 anser
601 2463 253 41 överstyrelsen
883 2463 6 32 i
919 2463 108 32 likhet
1053 2463 77 32 med
1158 2463 271 36 motionärerna,
1455 2467 55 29 att
1536 2463 59 32 det

110 2508 91 32 inom
222 2508 162 32 skolorna
400 2508 63 32 och
483 2511 86 29 även
591 2508 91 32 imom
704 2508 108 32 andra
832 2507 206 32 skolformer
1055 2511 42 29 än
1119 2507 65 33 den
1205 2507 247 40 obligatoriska
1474 2507 121 32 skolan

104 2571 15 20 2
146 2565 20 39 —
192 2571 97 29 Bihang
310 2571 37 23 till
366 2570 147 30 riksdagens
530 2570 128 30 protokoll
681 2571 68 21 1959.
786 2572 13 20 6
818 2569 71 24 saml.
927 2569 37 23 Nr
985 2571 44 21 123

105 2589 14 8 4
