1898 2808
265 166 18 30 S
732 169 248 27 Bankoutskottets
1003 170 148 27 utlåtande
1173 170 48 27 Nr
1244 167 50 30 23.

265 242 55 32 del
344 244 84 30 även
451 243 12 31 1
486 243 233 31 enskildheter
742 245 108 29 måste
877 244 91 31 bliva
990 244 142 31 föremål
1155 244 52 31 för
1230 244 204 42 ledningens
1452 246 241 41 övervägande,
1713 258 54 20 om

265 285 29 40 ej
320 285 195 40 enhetligen
540 285 86 31 skall
650 287 189 39 äventyras.

318 326 250 38 Kostnaderna,
594 327 175 31 exklusive
792 327 189 41 tryckning,
1006 329 115 39 uppgå
1144 328 107 40 enligt
1274 329 232 30 ovanstående
1529 329 67 30 till:

463 393 342 32 Författarehonorar
839 418 405 4 osooossss
1021 388 88 45 ssreess
1125 418 119 4 senere
1275 394 132 38 100,000
1430 394 127 31 kronor

465 435 231 42 Utredningar
719 447 41 20 m.
785 447 205 20 M.oscscosss
1013 460 231 4 essensen
1291 437 115 36 64,000
1489 449 11 11 >

463 477 208 42 Redigering
697 504 25 4 oo
754 502 454 6 mosesmsmsmmmn
946 471 53 52 se
1018 502 190 6 seen
1240 479 166 37 --76,000

1109 537 140 31 Summa
1272 539 135 33 240,000
1430 538 134 31 kronor.

319 622 415 41 Tryckningskostnaderna
767 623 80 41 ingå
869 623 73 31 icke
965 623 12 31 i
1011 623 112 32 deuna
1147 623 101 32 siffra.
1294 623 54 31 En
1371 623 161 32 blivande
1558 624 208 32 redaktions-

262 664 179 32 kommitté
464 665 62 32 bör
548 665 11 31 i
583 666 108 31 sinom
719 665 50 32 tid
792 666 79 41 ingå
893 666 77 31 med
999 666 147 31 särskild
1169 666 252 41 framställning
1443 666 11 31 i
1478 666 95 32 detta
1595 669 107 30 ämne.
1748 668 18 31 I

262 707 167 32 samband
452 707 139 32 därmed
614 708 64 31 bör
700 708 127 41 förslag
849 708 202 41 framläggas
1074 709 146 31 rörande
1243 709 216 41 lämpligaste
1482 710 131 31 formen
1636 710 53 31 för
1704 710 62 31 för-

262 749 148 41 säljning
432 750 52 30 till
508 750 230 31 allmänheten
762 761 40 20 av
825 750 133 31 arbetet
980 751 11 30 i
1015 751 80 31 dess
1118 751 117 30 helhet
1259 751 63 31 och
1347 762 40 19 av
1411 752 141 30 enstaka
1574 752 101 31 band.

313 791 69 31 Det
414 791 62 32 har
510 792 190 31 emellertid
735 794 97 39 synts
861 793 157 41 lämpligt
1048 795 49 28 att
1120 793 104 31 redan
1247 805 47 19 nu
1318 793 83 31 söka
1424 794 102 30 vinna
1549 796 111 39 någon
1684 805 81 30 upp-

260 833 148 41 fattning
441 845 40 20 av
509 834 431 41 tryckningskostnaderna
964 835 105 41 enligt
1092 835 196 31 nuvarande
1311 835 120 41 priser.
1478 836 65 30 Om
1566 847 78 20 man
1668 838 98 39 utgår

260 875 87 31 ifrån
371 887 42 20 en
436 876 381 42 genomsniltsupplaga
839 878 44 39 på
898 877 94 37 4,000
1008 877 173 41 exemplar
1197 896 40 3 —
1253 877 92 31 vissa
1362 878 93 31 delar
1472 878 96 31 torde
1585 878 33 31 få
1629 878 136 42 tryckas

260 917 11 31 i
295 919 109 30 större
428 918 155 42 upplaga,
607 919 106 30 andra
736 919 154 31 däremot
922 919 12 31 i
957 919 131 31 mindre
1112 938 39 3 —
1169 920 63 31 och
1255 920 123 31 räknar
1399 920 92 41 varje
1513 920 113 42 volym
1649 921 54 31 till
1725 921 41 31 25

261 960 59 30 ark
342 962 19 28 å
385 961 39 30 16
448 960 95 32 sidor
569 961 10 30 i
604 972 129 20 samma
759 961 124 31 format
906 972 73 20 som
1004 961 66 31 den
1094 963 19 29 å
1136 962 35 30 P.
1195 962 39 30 4.
1260 961 167 32 Norstedt
1450 962 29 31 &
1503 962 128 31 Söners
1657 963 109 41 förlag

260 1001 139 41 utgivna
421 1013 67 30 nya
510 1003 172 41 upplagan
707 1014 40 19 av
771 1002 157 42 Sveriges
952 1003 153 35 historia,
1129 1005 38 29 så
1191 1004 108 31 skulle
1324 1004 106 40 enligt
1446 1004 101 31 offert
1569 1004 74 31 från
1660 1007 49 28 ett
1725 1016 40 19 av

260 1045 78 29 våra
372 1045 127 30 största
532 1044 185 41 tryckerier
750 1045 192 31 kostnaden
970 1056 61 30 per
1053 1046 112 41 volym
1190 1045 88 41 (med
1301 1046 135 41 mycket
1458 1047 74 40 gott
1554 1057 140 30 papper,
1718 1047 47 31 in-

260 1086 132 31 klusive
415 1086 157 42 häftning
595 1087 63 31 och
682 1087 141 41 omslag)
846 1087 116 31 kunna
985 1088 166 31 beräknas
1174 1088 53 30 till
1251 1088 91 31 cirka
1364 1088 94 37 6,600
1473 1088 127 32 kronor
1615 1089 83 31 eller
1712 1089 53 31 för

262 1128 38 31 12
323 1128 151 42 volymer
496 1131 82 29 nära
601 1130 115 36 80,000
739 1130 126 31 kronor
887 1130 64 31 och
974 1130 53 31 för
1051 1131 40 30 14
1112 1130 153 42 volymer
1280 1132 104 40 något
1400 1132 80 30 över
1496 1131 115 37 92,000
1626 1131 135 32 kronor.

311 1171 214 32 Kommittén
549 1172 61 31 har
632 1172 11 31 i
667 1172 94 32 detta
784 1172 154 42 överslag
960 1172 73 31 icke
1057 1173 165 31 beräknat
1244 1173 186 31 kostnader
1450 1173 52 32 för
1517 1174 245 32 illustrationer.

261 1213 118 32 Skulle
413 1214 58 31 det
505 1225 103 30 synas
642 1226 42 19 en
712 1215 379 32 redaktionskommitté
1119 1216 162 31 önskvärt
1304 1217 50 30 att
1377 1215 127 32 sådana
1526 1216 134 41 intagas
1682 1217 12 30 i
1717 1228 46 20 ar-

260 1255 103 38 betet,
388 1256 50 31 får
461 1256 147 31 särskild
630 1257 251 41 framställning
903 1257 213 31 beträffande
1133 1258 102 30 därav
1252 1258 199 31 förorsakad
1467 1259 297 41 kostnadsökning

259 1308 109 30 göras.

310 1339 197 42 Riksdagen
540 1341 153 31 kommer
726 1341 53 31 väl
813 1342 192 40 antagligen
1040 1343 49 30 att
1123 1342 152 31 utlämna
1308 1342 132 31 arbetet
1473 1342 107 41 gratis
1611 1343 53 31 till
1688 1343 74 31 sina

258 1382 229 37 medlemmar,
512 1383 215 31 ämbetsverk
750 1394 41 19 m.
813 1383 42 38 fl.,
880 1394 77 20 men
981 1387 111 38 någon
1116 1384 55 31 del
1194 1395 41 19 av
1257 1384 172 41 upplagan
1452 1384 63 31 bör
1538 1384 87 32 dock
1648 1385 115 31 kunna

259 1424 111 41 säljas.
416 1424 68 31 Det
518 1426 36 29 är
584 1425 168 31 måhända
786 1425 28 41 ej
850 1426 175 37 uteslutet,
1061 1428 49 29 att
1143 1427 89 30 avtal
1266 1426 110 31 skulle
1406 1427 116 30 kunna
1544 1427 117 31 träffas
1684 1428 79 30 med

259 1467 109 30 större
401 1466 226 42 förlagsfirma
663 1478 55 20 om
752 1467 221 32 bestridande
1008 1479 39 20 av
1070 1468 93 31 vissa
1185 1468 186 31 kostnader
1394 1471 72 28 mot
1489 1469 209 40 disposition
1722 1480 40 20 av

257 1508 71 31 viss
352 1508 55 31 del
430 1519 40 20 av
492 1509 182 41 upplagan.
721 1509 61 31 Ett
805 1512 103 29 annat
930 1510 180 31 alternativ
1126 1512 36 29 är
1185 1512 49 29 att
1250 1511 195 30 överlämna
1461 1510 51 32 till
1529 1512 110 30 större
1655 1511 108 41 förlag

257 1552 50 29 att
340 1550 52 32 för
425 1550 202 42 riksdagens
661 1552 144 41 räkning
827 1552 209 31 distribuera
1058 1553 133 31 arbetet
1214 1553 53 31 till
1290 1553 202 41 försäljning
1516 1553 64 31 och
1603 1553 159 32 redovisa

257 1593 187 42 inflytande
467 1594 112 32 medel
602 1595 86 31 efter
710 1594 125 42 avdrag
857 1606 40 20 av
920 1595 297 31 omkostnaderna.
1263 1595 68 32 Det
1354 1597 36 30 är
1406 1596 156 41 omöjligt
1578 1597 50 30 att
1642 1596 118 32 härom

257 1637 154 40 uppgöra
433 1638 104 39 några
560 1637 234 42 beräkningar,
819 1648 77 21 men
920 1638 58 31 det
1002 1649 102 30 synes
1132 1638 29 41 ej
1187 1638 114 31 alltför
1323 1638 228 41 optimistiskt
1573 1640 50 30 att
1639 1640 122 41 antaga

257 1680 49 29 att
339 1678 208 32 åtminstone
572 1690 41 20 en
637 1679 162 32 avsevärd
823 1680 55 31 del
902 1691 40 20 av
965 1680 392 42 tryckningskostnaden
1380 1681 66 30 kan
1470 1682 144 30 ersättas
1637 1692 122 30 genom

255 1720 211 41 försäljning.

308 1762 53 31 De
397 1762 195 39 kostnader,
630 1774 74 20 som
738 1763 116 31 verket
892 1764 144 31 sålunda
1073 1764 106 41 enligt
1216 1764 281 32 kommitterades
1534 1765 228 41 beräkningar

255 1803 110 32 skulle
387 1804 137 31 komma
546 1807 50 29 att
619 1805 113 41 draga,
757 1816 103 31 synas
883 1806 11 30 i
917 1806 225 31 betraktande
1165 1817 40 20 av
1229 1806 80 31 dess
1326 1808 93 29 stora
1435 1806 179 42 betydelse
1630 1807 29 41 ej
1677 1807 84 31 böra

254 1845 177 32 framkalla
460 1846 282 43 betänkligheter,
767 1848 84 31 allra
872 1848 106 31 minst
1002 1859 54 20 om
1081 1848 42 31 de
1144 1848 162 41 jämföras
1330 1848 78 31 med
1431 1849 42 31 de
1498 1860 161 27 summor,
1685 1860 74 21 som

255 1888 74 32 dels
364 1890 111 30 staten
500 1889 84 41 själv
606 1890 59 31 vid
688 1890 90 31 olika
801 1890 157 32 tillfällen
981 1891 148 41 anslagit
1152 1890 52 32 för
1226 1891 208 41 forsknings-
1458 1891 64 31 och
1545 1891 214 42 utrednings-

255 1931 182 41 uppgifter,
473 1932 74 31 dels
582 1932 62 31 ock
679 1932 98 41 eljest
811 1933 70 31 ofta
904 1933 119 31 offrats
1046 1933 53 31 för
1121 1933 227 41 hugfästande
1372 1944 40 20 av
1432 1934 148 40 jubiléer
1602 1945 40 20 av
1665 1934 94 41 långt

255 1973 131 31 mindre
410 1974 124 31 allmän
558 1974 178 42 betydelse
759 1976 42 29 än
825 1975 58 31 det
906 1986 47 20 nu
975 1975 263 41 ifrågavarande.
1263 1975 273 32 Kommitterade
1552 1976 80 41 vilja
1648 1976 112 31 erinra

256 2027 53 19 om
344 2015 66 32 den
445 2016 249 41 offervillighet,
730 2027 73 21 som
838 2017 11 30 i
882 2017 127 31 sådana
1031 2017 59 31 fall
1113 2017 107 32 visats
1243 2028 40 20 av
1306 2018 211 37 kommuner,
1541 2018 217 31 industriella

254 2058 138 41 företag,
417 2058 195 42 föreningar
639 2070 41 19 m.
706 2070 41 20 m.
773 2059 64 31 och
873 2070 54 20 om
951 2059 42 32 de
1017 2059 297 32 erkännansvärda
1336 2060 158 38 insatser,
1520 2071 73 21 som
1618 2061 140 31 därmed

254 2100 107 41 gjorts
392 2100 12 32 i
437 2100 239 33 utforskandet
699 2113 40 20 av
762 2104 73 29 vårt
858 2102 99 32 lands
980 2102 73 31 inre
1077 2102 154 32 historia.
1277 2102 197 42 Riksdagen
1498 2102 62 31 har
1582 2115 46 19 nu
1653 2103 106 42 enligt

255 2143 279 32 kommitterades
567 2144 139 41 mening
739 2144 133 31 tillfälle
900 2146 49 30 att
972 2145 236 31 åstadkomma
1231 2147 49 29 ett
1303 2145 252 42 vetenskapligt
1578 2146 116 31 arbete
1718 2158 39 19 av

254 2186 268 41 utomordentlig
555 2186 187 42 betydelse,
778 2188 101 40 ägnat
913 2189 49 29 att
988 2187 76 41 giva
1086 2187 53 31 rik
1161 2187 183 42 belysning
1366 2190 34 28 åt
1423 2188 58 31 det
1505 2188 146 32 svenska
1674 2199 83 20 sam-

254 2228 238 31 hällsskickets
515 2228 145 32 historia
684 2229 63 31 och
771 2229 195 31 nuvarande
989 2230 217 41 gestaltning.
1252 2230 210 41 Betydelsen
1486 2241 40 19 av
1549 2230 58 31 det
1630 2231 125 38 arbete,

255 2281 73 20 som
362 2270 60 31 här
455 2271 153 38 föreslås,
643 2271 152 32 kommer
829 2272 190 31 emellertid
1052 2272 146 31 förvisso
1222 2272 30 41 ej
1277 2274 49 29 att
1349 2272 185 31 inskränka
1557 2272 52 41 sig
1631 2272 124 39 därtill,

254 2313 49 30 att
336 2313 126 41 viktiga
495 2315 61 29 rön
591 2313 91 32 bliva
715 2313 186 42 framlagda
934 2314 11 30 i
980 2314 105 41 själva
1116 2314 314 42 jubileumsverket.
1475 2315 193 31 Därutöver
1690 2315 65 31 kan

252 2355 181 41 nämligen,
468 2367 55 19 om
551 2355 181 42 riksdagen
756 2358 44 39 på
823 2356 94 31 detta
940 2358 68 30 sätt
1031 2357 93 40 giver
1147 2356 61 32 sitt
1232 2357 78 31 stöd
1334 2359 34 28 åt
1390 2356 67 31 den
1480 2357 188 31 historiska
1691 2357 64 31 och

253 2397 345 42 statsvetenskapliga
631 2398 231 42 forskningen,
895 2398 78 31 med
997 2399 158 31 säkerhet
1178 2399 177 40 påräknas,
1380 2401 50 29 att
1453 2399 130 31 dennas
1606 2399 149 32 intresse

251 2439 154 31 kommer
438 2441 49 29 att
520 2440 11 30 i
555 2451 40 20 en
620 2440 71 31 helt
714 2451 112 20 annan
850 2441 91 40 grad,
966 2443 42 29 än
1031 2441 100 40 eljest
1154 2452 79 20 vore
1257 2443 49 29 att
1328 2441 163 35 förvänta,
1516 2441 144 31 inriktas
1683 2444 72 28 mot

252 2482 41 31 de
327 2481 188 32 historiska
550 2482 63 31 och
648 2483 345 42 statsvetenskapliga
1028 2483 165 42 problem,
1229 2483 98 39 vilka,
1363 2485 80 30 utan
1469 2485 49 30 att
1541 2483 112 32 direkt
1675 2483 79 33 falla
