2218 2624
430 151 43 32 22
889 154 251 32 Statsutskottets
1169 154 171 33 Utlåtande
1364 155 62 32 N:o
1449 157 52 30 76.

387 235 48 46 på
478 238 53 30 ett
572 232 352 37 tillfredsställande
966 236 75 33 sätt
1089 232 200 48 afhjälpas.
1348 232 86 36 Med
1474 234 46 35 de
1554 234 121 36 ökade
1702 237 186 45 göromål,
1919 249 80 24 som

387 284 97 37 efter
512 284 281 48 indragningen
823 284 42 36 af
890 283 555 50 dispaschörsbefattningarna
1475 284 11 35 1
1515 284 225 37 Härnösand
1770 288 73 35 och
1862 288 139 36 Malmö

388 340 63 31 äro
486 337 104 35 inom
619 336 47 35 de
695 335 238 37 återstående
962 334 204 37 distrikten
1195 340 55 31 att
1278 335 187 47 förvänta,
1495 337 109 35 torde
1634 337 70 36 ock
1733 337 74 36 den
1837 339 165 49 tillgång

387 387 55 36 till
473 386 259 48 förstärkning
759 387 12 35 i
801 386 179 57 dugande
1009 386 284 48 arbetskrafter,
1324 399 81 24 som
1435 387 223 49 därigenom
1687 388 121 37 skulle
1837 368 163 59 tillföras

387 438 324 57 dispaschörerna,
741 451 103 33 vara,
874 438 12 35 i
914 438 132 63 hvarje
1076 438 65 36 fall
1170 416 142 69 tidtals,
1343 438 47 36 då
1418 440 221 46 görormålen
1664 453 100 23 mera
1785 445 49 30 än
1853 442 148 48 vanligt

388 490 99 48 hopa
529 489 61 48 sig
622 511 50 3 —
705 491 120 46 något
858 502 82 23 som
982 492 46 46 på
1057 489 127 49 grund
1214 490 41 35 af
1280 467 161 59 sakens
1447 497 109 30 natur
1584 491 64 36 vid
1676 491 261 49 befattningar
1965 493 40 35 af

386 540 292 49 ifrågavarande
707 541 83 48 slag
818 540 181 49 gifvetvis
1027 541 298 36 understundom
1348 542 32 48 ej
1404 542 73 36 kan
1498 542 253 37 förekommas
1771 565 51 4 —
1842 556 160 36 synner-

386 571 104 69 ligen
519 592 61 36 väl
601 592 177 49 behöflig,
809 598 55 30 att
892 592 81 37 icke
1003 597 93 44 säga
1124 593 232 57 nödvändig.

518 645 112 36 Hvad
660 644 45 36 de
733 644 241 48 sakkunnige
1005 644 199 48 föreslagit
1231 644 12 36 i
1272 645 108 48 fråga
1411 658 60 23 om
1502 650 115 32 sättet
1647 646 57 35 för
1731 646 111 36 dessa
1864 646 137 37 befatt-

387 697 157 47 ningars
574 696 234 36 tillsättande
839 702 97 29 samt
965 709 60 22 om
1056 673 537 71 dispaschörsassistenternas
1622 697 276 48 befogenheter
1931 699 70 36 och

386 748 263 48 skyldigheter
670 761 47 21 m.
739 761 49 21 m.
810 747 122 36 finner
947 748 71 48 jag
1037 748 11 35 i
1069 747 205 37 allmänhet
1296 748 62 36 väl
1378 749 193 47 grundadt
1592 749 70 36 och
1683 749 42 36 af
1739 749 262 38 beskaffenhet

386 805 55 30 att
469 799 11 35 i
509 799 216 36 hufvudsak
752 798 94 37 böra
874 799 234 48 godkännas.

517 851 52 35 På
598 855 75 31 sätt
700 850 117 36 redan
848 851 157 46 anförts,
1035 856 40 30 är
1099 851 70 48 jag
1198 851 85 36 med
1313 851 46 36 de
1389 851 242 49 sakkunnige
1661 864 89 24 ense
1779 852 144 47 därom,
1947 860 54 30 att

386 902 333 49 dispaschörernas
764 902 454 49 aflöningsförhållanden
1254 902 93 36 böra
1377 915 59 23 om
1467 903 151 49 möjligt
1647 906 40 33 så
1715 904 201 46 anordnas,
1947 911 54 30 att

387 954 158 48 dugliga
589 953 160 49 och
669 949 23 58 :
709 949 48 58 på
783 954 168 36 området
979 954 64 36 väl
1071 953 195 37 utbildade
1294 967 182 36 personer
1504 955 128 36 kunna
1663 955 196 36 förväntas
1888 956 112 36 efter-

387 1006 141 35 sträfva
559 1006 111 35 dessa
701 1005 262 48 befattningar
991 1005 69 37 och
1090 1005 106 37 däråt
1226 1010 99 44 ägna
1356 1007 230 35 åtminstone
1616 1007 65 36 sitt
1704 1007 297 49 hufvudsakliga

387 1056 127 37 arbete
543 1057 70 36 och
643 1058 169 36 intresse.

517 1109 72 36 Väl
619 1109 124 48 gifver
771 1109 75 36 den
874 1109 134 48 gjorda
1037 1109 256 48 utredningen
1322 1109 63 35 vid
1415 1109 162 46 handen,
1600 1115 54 31 att
1671 1110 111 36 äfven
1797 1110 122 36 under
1934 1124 67 22 nu-

386 1161 167 35 varande
574 1161 262 35 förhållanden
857 1160 46 36 de
924 1160 177 36 särskildt
1122 1161 84 35 med
1223 1160 510 49 dispaschörsbefattningen
1749 1161 12 35 i
1778 1160 222 38 Stockholm

387 1212 177 36 förenade
594 1212 119 48 årliga
742 1211 261 37 inkomsterna
1030 1212 12 35 i
1062 1212 204 36 allmänhet
1281 1211 83 37 icke
1380 1217 64 30 äro
1461 1211 218 50 obetydliga
1697 1213 68 35 och
1775 1213 147 47 jämväl
1936 1213 64 36 vid

387 1262 512 50 dispaschörsbefattningen
927 1264 12 35 i
965 1262 197 49 Göteborg
1181 1263 120 36 under
1316 1263 102 36 vissa
1435 1266 40 33 år
1489 1266 163 46 uppgått
1667 1263 57 36 till
1740 1264 149 48 ganska
1905 1265 95 36 afse-

387 1315 117 35 värda
532 1315 150 58 belopp.
725 1315 133 58 Enligt
888 1315 41 35 af
954 1292 311 81 dispaschörerna
1295 1315 45 36 de
1370 1315 242 48 sakkunnige
1641 1318 48 47 på
1708 1315 170 49 begäran
1898 1317 103 35 med-

386 1366 132 36 delade
539 1366 99 36 och
627 1362 23 57 i
670 1367 168 35 motiven
858 1367 57 35 till
936 1367 106 35 deras
1063 1367 146 48 förslag
1228 1367 160 48 intagna
1408 1367 196 48 uppgifter
1624 1368 198 63 uppgingo
1844 1368 157 36 sålunda

388 1418 367 37 bruttoinkomsterna
775 1417 64 36 vid
861 1397 512 70 dispaschörsbefattningen
1388 1419 12 35 i
1417 1417 222 37 Stockholm
1657 1419 118 36 under
1791 1422 90 33 åren
1904 1421 97 35 1900

387 1470 154 35 —L1904
571 1469 57 36 till
657 1469 12 36 i
697 1469 178 36 medeltal
894 1471 134 45 11,341
1048 1470 140 35 kronor
1204 1483 61 22 om
1283 1472 89 34 året.
1403 1469 73 36 Vid
1497 1470 267 36 motsvarande
1783 1470 219 50 befattning

385 1520 12 36 i
414 1519 201 50 Göteborg
635 1521 113 36 hafva
768 1521 123 47 enligt
911 1534 143 23 samma
1073 1521 198 48 uppgifter
1290 1521 120 35 under
1429 1521 296 49 tioårsperioden
1744 1524 256 35 1894—1903

386 1572 272 46 inkomsterna,
701 1573 94 44 efter
838 1573 138 43 afdrag
1019 1573 48 43 af
1095 1574 151 35 därmed
1273 1573 185 43 förenade
1487 1575 261 41 omkostnader,
1778 1573 183 37 likaledes
1990 1575 11 35 i

387 1624 189 46 medeltal,
607 1624 145 48 utgjort
795 1625 113 45 6,133
951 1624 141 35 kronor
1133 1623 60 36 för
1230 1626 40 33 år
1307 1623 173 36 räknadt.
1537 1623 129 37 Under
1699 1624 84 37 hela
1819 1626 183 47 perioden

390 1676 255 36 1900—1908
682 1676 124 46 hafva,
842 1675 120 49 enligt
994 1675 101 36 hvad
1132 1675 42 35 af
1202 1675 163 36 nämnda
1394 1674 207 50 uppgifter,
1627 1676 192 47 jämförda
1849 1677 85 36 med
1965 1678 40 35 af

387 1728 81 48 mig
483 1727 274 37 införskaffade
773 1727 331 48 kompletterande
1119 1727 281 49 upplysningar
1417 1727 177 47 framgår,
1611 1727 390 38 bruttoinkomsterna

387 1779 41 35 af
441 1779 510 49 dispaschörsbefattningen
967 1779 12 35 i
996 1777 219 37 Stockholm
1231 1778 12 35 i
1256 1778 175 36 medeltal
1447 1778 148 48 utgjort
1611 1781 117 46 något
1743 1779 108 37 öfver
1864 1781 137 45 10,000

387 1830 140 36 kronor
556 1843 61 23 om
647 1833 88 33 året.
767 1830 110 35 Huru
907 1830 62 36 det
997 1829 230 36 härutinnan
1256 1829 179 36 förhåller
1463 1830 61 47 sig
1544 1830 86 36 med
1652 1831 266 36 motsvarande
1937 1831 64 37 be-

386 1881 169 49 fattning
577 1882 5 35 i
602 1881 211 48 Göteborg,
827 1882 167 49 framgår
1012 1881 33 47 ej
1063 1880 76 36 lika
1154 1881 155 48 tydligt,
1323 1885 91 32 enär
1429 1881 46 36 de
1489 1881 174 36 lämnade
1680 1883 248 48 uppgifterna
1945 1883 55 36 för

388 1933 46 36 de
463 1946 132 23 senare
625 1937 88 33 åren
743 1934 78 35 afse
851 1933 144 36 brutto-
1026 1945 87 23 men
1142 1932 59 36 för
1231 1932 45 36 de
1301 1932 163 48 tidigare
1484 1933 378 37 nettoimkomsterna.
1893 1935 109 36 Efter

388 1996 46 24 en
464 1985 221 49 ungefärlig
711 1984 215 49 beräkning
955 1989 54 31 att
1025 1983 124 47 döma,
1171 1984 105 36 torde
1296 1984 211 36 emellertid
1528 1984 391 38 bruttoinkomsterna
1940 1986 60 36 vid

388 2036 236 37 sistnämnda
653 2037 218 48 befattning
899 2058 50 4 —
978 2035 78 36 däri
1086 2035 251 36 inberäknadt
1366 2041 52 31 ett
1439 2036 83 36 från
1544 2035 216 51 Göteborgs
1781 2037 85 36 stad
1887 2037 114 37 sedan

388 2088 191 49 åtskilliga
620 2091 41 34 år
696 2088 158 37 tillbaka
883 2086 189 51 utgående
1101 2086 137 49 bidrag
1267 2087 41 35 af
1335 2088 74 35 300
1438 2088 140 35 kronor
1607 2100 60 24 om
1697 2091 78 34 året
1802 2110 52 4 —
1882 2089 120 36 under

387 2139 72 36 den
501 2141 259 47 nyssnämnda
794 2140 180 49 perioden
1003 2139 128 35 kunna
1160 2139 11 35 i
1201 2138 178 36 medeltal
1408 2139 226 49 uppskattas
1663 2140 54 36 till
1746 2142 120 46 något
1895 2140 107 37 öfver

390 2192 113 45 7,000
532 2191 141 37 kronor
701 2192 60 36 för
790 2195 40 32 år
858 2190 172 37 räknadt.

518 2243 146 37 Härvid
707 2248 41 31 är
777 2242 208 38 emellertid
1015 2247 54 31 att
1099 2241 141 47 märka,
1271 2247 56 30 att
1355 2242 260 36 inkomsterna
1644 2242 40 35 af
1709 2242 291 49 ifrågavarande
