1854 2780
267 151 18 29 8
648 153 123 29 Första
797 154 245 38 lagutskottets
1068 156 179 29 utlåtande
1272 165 42 20 nr
1339 158 51 29 17.

274 235 141 29 enklare
442 237 44 28 än
509 236 219 30 tvistemålen
752 238 64 29 och
839 239 42 29 de
905 239 11 28 i
940 240 78 28 dem
1042 240 287 30 förekommande
1352 241 177 39 juridiska
1553 244 217 38 spörsmålen

272 277 110 29 sällan
404 287 43 20 av
467 287 94 21 mera
581 279 238 39 komplicerad
838 282 66 28 art.

310 319 74 30 Vad
413 320 108 38 angår
550 322 196 30 nämndens
773 323 213 30 medverkan
1014 333 100 30 synes
1143 325 58 29 det
1229 326 169 29 utskottet
1427 336 75 20 som
1530 336 56 20 om
1615 328 115 30 denna
1758 327 11 29 i

270 361 96 39 varje
389 362 64 29 fall
474 362 71 30 tills
566 363 118 30 vidare
706 364 65 29 och
791 364 111 30 innan
923 366 161 29 närmare
1106 367 199 30 erfarenhet
1326 368 145 30 vunnits
1495 369 62 30 bör
1578 370 190 38 begränsas

270 403 45 39 på
338 404 68 31 sätt
430 404 11 28 i
465 405 261 39 propositionen
750 406 186 31 förordats.
961 408 59 30 Att
1043 409 121 30 utöver
1187 410 65 29 vad
1277 410 61 29 där
1363 411 92 29 skett
1478 411 195 31 inskränka
1696 422 73 21 om-

270 445 97 30 rådet
391 446 56 30 för
471 448 194 29 nämndens
689 449 206 39 deltagande
920 450 121 34 skulle,
1066 451 117 30 såsom
1210 452 213 31 framhållits
1448 463 42 19 av
1513 455 256 38 processlagbe-

270 488 202 39 redningen,
492 489 74 30 leda
586 489 52 30 till
659 492 51 28 att
730 492 178 31 nämnden
925 492 77 32 icke
1021 493 139 30 komme
1180 496 50 27 att
1250 495 162 29 förvärva
1434 496 104 39 nödig
1557 497 210 30 erfarenhet.

269 529 26 30 Å
314 531 110 29 andra
445 531 100 32 sidan
563 533 97 28 torde
680 542 42 20 en
741 534 172 39 utökning
932 544 43 20 av
994 536 194 29 nämndens
1209 537 212 29 medverkan
1441 539 120 29 utöver
1580 539 68 29 den
1667 539 11 29 i
1698 539 70 30 för-

271 572 106 39 slaget
400 573 185 32 förordade
608 575 91 29 stöta
718 575 45 40 på
782 576 185 39 praktiska
989 577 212 40 svårigheter
1222 578 10 29 i
1253 580 40 28 de
1316 580 129 30 största
1468 581 171 29 städerna.

312 673 145 31 Erinras
477 674 57 30 må
554 675 163 39 slutligen
736 677 51 29 att
808 677 84 29 1950
914 677 58 29 års
993 678 150 39 riksdag,
1165 678 88 30 efter
1272 679 211 30 hemställan
1503 689 42 21 av
1565 680 112 31 första
1697 681 70 39 lag-

268 725 171 29 utskottet
454 725 11 28 i
481 725 77 30 dess
575 725 181 31 utlåtande
772 736 41 20 nr
829 726 41 30 23
887 727 11 29 i
915 728 188 39 anledning
1119 738 43 20 av
1178 729 43 29 bl.
1240 738 29 21 a.
1287 739 41 20 en
1345 729 97 30 inom
1459 730 187 39 riksdagen
1663 731 103 30 väckt

268 774 132 30 motion
424 775 176 39 angående
624 776 149 39 översyn
798 786 43 21 av
864 778 331 39 rättegångsbalken
1218 781 64 29 och
1306 780 211 30 tillhörande
1540 781 227 39 författning-

268 834 48 25 ar,
341 825 65 30 hos
431 826 124 38 Kungl.
583 826 106 39 Maj:t
714 827 217 34 hemställde,
957 830 51 28 att
1032 838 42 20 en
1098 829 189 40 utredning
1310 831 110 29 måtte
1445 831 164 30 tillsättas
1634 832 57 29 för
1715 833 51 29 att

267 876 78 29 med
364 876 195 29 beaktande
577 886 42 20 av
637 876 126 31 hittills
781 886 119 22 vunna
919 878 238 31 erfarenheter
1175 889 44 20 av
1237 880 66 29 den
1322 890 69 29 nya
1410 882 356 39 processordningens

267 926 184 39 praktiska
476 926 223 40 tillämpning
725 929 160 29 utarbeta
910 929 132 40 förslag
1066 929 53 30 till
1145 930 227 40 erforderliga
1398 931 190 40 ändringar
1613 932 12 29 i
1651 932 114 30 skilda

266 976 373 39 detaljbestämmelser
660 978 12 28 i
693 979 329 39 rättegångsbalken
1043 980 64 30 och
1128 981 80 29 dess
1230 981 353 39 följdförfattningar.
1614 982 6 29 I
1642 982 124 30 motio-

267 1035 67 20 nen
354 1027 210 30 hänvisades
583 1027 53 30 till
656 1030 52 28 att
727 1028 206 40 riksdagens
953 1030 169 30 revisorer
1142 1030 12 30 i
1176 1030 53 30 sin
1250 1031 37 30 år
1309 1031 84 30 1950
1415 1032 145 38 avgivna
1580 1032 185 30 berättelse

266 1076 206 35 framhållit,
498 1079 50 28 att
574 1078 68 29 den
667 1087 70 30 nya
760 1079 396 41 rättegångsordningen
1182 1081 89 30 visat
1297 1081 51 40 sig
1372 1082 160 30 medföra
1557 1083 206 39 betydande,

266 1126 108 31 delvis
397 1127 226 31 oförutsedda
642 1128 190 31 kostnader
853 1129 98 31 såväl
969 1130 55 30 för
1045 1132 208 29 statsverket
1273 1132 63 29 och
1357 1133 42 28 de
1420 1133 116 29 städer
1557 1142 74 21 som
1653 1133 112 39 själva

266 1177 189 30 bekostade
475 1178 53 29 sin
546 1178 256 40 rättsskipning
820 1189 76 20 som
915 1180 56 30 för
991 1181 65 29 den
1075 1182 245 29 rättssökande
1339 1183 238 30 allmänheten
1597 1186 92 27 samt
1708 1192 57 32 pe-

266 1227 60 30 kat
352 1228 46 39 på
424 1227 93 31 vissa
542 1228 190 39 ändringar
758 1230 64 29 och
847 1229 228 41 jämkningar
1101 1231 11 29 i
1141 1232 159 38 gällande
1329 1233 331 38 lagbestämmelser,
1690 1244 74 20 som

266 1278 117 29 kunde
403 1287 84 21 vara
507 1279 131 38 ägnade
658 1280 52 28 att
730 1279 76 30 leda
825 1280 53 29 till
898 1280 385 40 kostnadsminskning.
1306 1282 229 31 Revisorerna
1555 1284 90 30 hade
1665 1285 45 29 bl.
1734 1295 29 20 a.

265 1328 191 39 föreslagit,
483 1330 50 28 att
560 1329 195 30 nämndens
780 1330 215 30 medverkan
1021 1331 117 30 kunde
1167 1332 104 39 något
1297 1332 214 31 inskränkas
1539 1337 91 27 samt
1656 1335 108 29 fram-

266 1378 109 34 hållit,
402 1380 53 28 att
480 1379 55 30 det
564 1379 221 30 beträffande
812 1381 338 31 stadsdomstolarna
1178 1384 116 37 syntes
1321 1383 143 39 onödigt
1490 1385 50 28 att
1567 1384 197 40 handlägga

265 1429 69 29 mål
358 1438 58 20 om
441 1429 187 39 lindrigare
653 1430 94 30 brott
768 1447 44 4 —
833 1431 64 29 där
922 1431 223 30 straffarbete
1168 1432 202 40 visserligen
1394 1433 139 40 inginge
1556 1434 12 29 i
1591 1435 173 30 latituden

265 1488 79 20 men
366 1479 116 31 sällan
500 1479 165 30 ådömdes
684 1497 45 4 —
748 1480 78 30 med
846 1481 145 30 nämnd.
1013 1481 125 30 Vidare
1160 1482 145 30 anförde
1326 1483 228 36 revisorerna,
1576 1486 51 28 att
1647 1495 82 21 man
1752 1486 11 28 i

265 1528 92 31 vissa
382 1529 64 30 fall
473 1531 116 38 syntes
614 1530 123 30 kunna
762 1530 208 40 ifrågasätta
998 1532 85 29 även
1109 1542 43 20 en
1179 1533 226 40 omvandling
1431 1543 42 21 av
1497 1536 266 30 tremansbrott-

264 1579 70 30 mål
355 1579 53 29 till
431 1580 328 30 ensamdomarmål.

309 1629 177 30 Utskottet
507 1630 146 30 anförde
675 1630 12 29 i
709 1630 60 30 sitt
790 1631 182 30 utlåtande
994 1633 50 28 att
1065 1633 172 30 utskottet
1259 1633 110 30 funne
1391 1635 174 30 tveksamt
1588 1636 174 30 huruvida

264 1679 149 40 ändring
438 1680 105 30 borde
567 1681 101 39 göras
690 1680 13 29 i
725 1681 157 39 reglerna
906 1691 58 20 om
988 1683 353 31 stadsdomstolarnas
1366 1686 329 40 sammansättning.

733 1825 51 29 Av
803 1825 217 30 motionären
1041 1826 147 30 anförda
1207 1827 85 30 skäl.

307 1906 121 30 Såsom
447 1907 206 39 motivering
672 1908 55 29 för
747 1908 52 29 sin
818 1908 211 30 hemställan
1047 1909 64 29 har
1130 1910 218 31 motionären
1368 1911 119 29 anfört
1506 1911 167 39 följande.

308 1965 300 31 Rådhusrätterna
637 1966 148 40 fungera
813 1967 79 29 med
922 1968 131 29 nämnd
1080 1969 124 29 endast
1232 1969 10 29 i
1270 1969 92 30 vissa
1391 1970 175 34 brottmål,
1595 1972 128 28 medan
1751 1971 10 28 i

263 2008 286 30 häradsrätterna
568 2009 133 29 nämnd
721 2009 97 30 alltid
838 2009 111 39 ingår.
969 2010 49 29 Bl.
1038 2019 29 21 a.
1088 2011 154 39 deltager
1262 2012 131 29 nämnd
1414 2011 10 29 i
1446 2011 219 32 sistnämnda
1689 2014 73 38 slag

263 2059 42 20 av
330 2051 193 29 domstolar
546 2051 11 28 i
581 2051 94 30 olika
701 2052 90 37 slags
816 2051 309 39 familjerättsmål,
1152 2054 63 28 där
1239 2054 41 29 de
1304 2063 85 20 rena
1413 2054 348 40 omdömesfrågorna

264 2093 93 39 spela
379 2095 74 27 stor
475 2094 73 29 roll.
570 2094 77 29 Med
671 2094 300 39 familjerättsmål
994 2104 97 21 avses
1111 2095 66 30 här
1199 2096 70 30 mål
1291 2105 56 21 om
1368 2096 247 35 hemskillnad,
1641 2098 120 29 äkten-

264 2135 270 40 skapsskillnad,
555 2136 87 29 barn
661 2136 12 28 i
693 2136 64 30 och
778 2138 97 28 utom
896 2137 205 39 äktenskap,
1122 2138 180 39 omyndig-
1322 2138 65 30 och
1408 2139 352 39 myndigförklaring,

263 2187 59 20 arv
340 2178 65 29 och
423 2179 232 28 testamenten
673 2180 63 28 etc.
755 2178 115 39 Enligt
890 2179 67 29 vad
977 2188 73 21 som
1068 2180 173 39 försports
1260 2180 80 30 från
1359 2181 316 38 domstolsjurister
1696 2181 65 29 har

265 2221 214 29 medverkan
501 2230 42 21 av
565 2221 132 29 nämnd
719 2221 11 29 i
756 2221 118 39 dylika
896 2221 72 30 mål
990 2221 88 30 visat
1103 2222 51 39 sig
1176 2232 83 20 vara
1282 2232 41 20 av
1347 2224 89 28 stort
1459 2224 104 29 värde
1586 2224 64 29 och
1676 2223 83 39 givit

262 2264 273 38 yrkesdomaren
558 2265 71 37 gott
653 2264 77 29 stöd
752 2263 11 29 i
785 2264 41 29 de
849 2263 75 30 ofta
950 2263 99 30 svåra
1071 2265 231 38 avgöranden,
1327 2274 75 20 som
1425 2265 101 30 dessa
1548 2266 71 29 mål
1642 2266 118 29 föran-

262 2306 85 29 leda.
371 2306 94 30 Även
487 2308 114 37 parter
623 2306 11 28 i
657 2306 131 29 sådana
809 2306 71 29 mål
902 2306 199 39 uppskatta,
1125 2308 51 28 att
1198 2307 30 39 ej
1254 2307 122 29 endast
1396 2306 145 39 jurister
1562 2309 87 28 utan
1673 2308 87 28 även

261 2348 131 39 vanligt
413 2348 74 30 folk
509 2349 151 38 deltager
681 2348 11 29 i
714 2349 214 29 domstolens
951 2348 122 30 beslut.
1095 2349 224 30 Nämnderna
1340 2348 59 30 vid
1422 2349 338 30 stadsdomstolarna

261 2392 44 29 ha
329 2391 108 39 enligt
461 2391 136 38 mycket
623 2390 265 39 samstämmiga
913 2391 185 29 omdömen
1122 2391 126 30 hittills
1272 2391 163 38 fungerat
1458 2392 55 29 väl
1537 2392 10 29 i
1574 2391 53 31 sin
1652 2400 107 20 nuva-

261 2434 107 29 rande
389 2443 98 20 mera
509 2433 212 38 begränsade
743 2433 148 39 uppgift.
915 2433 72 29 Mot
1007 2433 230 38 bakgrunden
1258 2443 42 20 av
1321 2433 102 30 dessa
1445 2434 238 29 erfarenheter
1706 2442 53 30 sy-

261 2485 60 21 nes
344 2476 108 39 enligt
475 2475 281 30 undertecknads
779 2475 142 39 mening
943 2475 84 30 böra
1048 2476 198 39 övervägas,
1269 2485 55 20 om
1348 2475 30 39 ej
1407 2477 131 29 nämnd
1561 2476 106 29 borde
1689 2475 69 30 del-
