2264 2616
455 183 18 30 2
918 181 252 34 Statsutskottets
1192 183 168 32 Memorial
1384 183 61 31 N:o
1470 185 28 29 1.

413 519 282 53 Fullmäktiges
730 523 7 37 i
774 520 402 52 riksgäldskontoret
1212 519 228 42 berättelse
1474 520 51 41 till
1559 520 118 41 1903
1712 522 70 39 års
1812 519 193 52 Riksdag.

539 660 136 49 Enligt
704 662 46 34 79
780 660 20 49 &
829 660 41 36 af
894 660 64 36 det
986 659 64 37 vid
1078 659 174 37 sistlidna
1281 663 59 33 årg
1367 660 157 48 riksdag
1552 660 59 36 för
1638 658 368 50 riksgäldskontoret

412 711 200 37 utfärdade
640 712 238 49 reglemente
908 711 147 49 åligger
1082 711 64 36 det
1173 711 241 49 fullmäktige
1441 712 13 35 i
1482 712 104 36 detta
1614 711 94 37 verk
1737 716 56 31 att
1819 710 60 36 till
1898 710 106 36 inne-

412 764 166 36 varande
607 766 59 34 års
694 763 171 49 Riksdag
893 764 146 48 afgifva
1066 763 204 36 berättelse
1298 764 60 36 för
1386 763 73 37 den
1486 763 66 46 tid,
1582 776 81 24 som
1691 762 170 47 förflutit,
1890 762 115 36 sedan

400 815 274 49 fullmäktiges
701 815 204 37 berättelse
933 815 58 36 till.
1023 816 96 35 1902
1148 817 61 34 års
1237 815 171 48 Riksdag
1437 815 142 48 afgafs;
1600 814 147 37 hvilket
1767 812 238 49 fullmäktige

412 867 156 36 härmed
596 869 50 46 gå
674 871 56 32 att
758 866 174 49 fullgöra.

408 925 4 1 |
541 918 87 37 Som
669 918 391 49 riksgäldskontorets
1101 917 221 37 hufvudbok
1364 917 57 37 för
1461 920 40 33 år
1541 919 98 34 1902
1668 922 99 31 ännu
1797 917 34 49 ej
1862 917 144 36 kunnat

411 970 58 36 till
509 970 92 36 fullo
644 970 167 47 afslutas,
853 970 39 36 få
932 969 242 48 fullmäktige
1203 969 133 46 erinra,
1366 973 55 32 att
1449 982 48 23 en
1525 968 100 37 del
1614 964 23 57 i
1653 968 124 37 denna
1804 968 200 37 berättelse

401 1022 321 50 förekommande
764 1021 124 37 siffror
929 1022 129 36 kunna
1099 1021 151 36 komma
1287 1025 54 32 att
1368 1020 64 36 vid
1460 1020 193 37 bokslutet
1679 1020 172 48 undergå
1879 1023 126 45 någon

412 1073 235 49 förändring.

952 1234 351 43 Riksgäldskontorets
1327 1234 140 33 skulder.

862 1314 114 66 (1902
1006 1334 60 34 års
1094 1331 236 48 reglemente
1358 1329 44 49 $$
1433 1330 125 48 2—5).

540 1436 135 47 Enligt
715 1434 391 49 riksgäldskontorets
1147 1434 221 37 hufvudbok
1401 1433 59 36 för
1488 1436 41 33 år
1561 1434 93 35 1901
1685 1432 199 49 utgjordes
1912 1432 93 36 kon-

412 1494 120 31 torets
561 1487 156 37 skulder
744 1487 63 36 vid
836 1499 143 24 samma
1008 1489 60 33 års
1097 1486 75 36 slut
1200 1486 51 36 af:

413 1592 168 49 oguldna
623 1590 325 64 kapitalbeloppet
989 1590 41 36 af
1057 1591 109 45 1880,
1200 1591 108 45 1886,
1342 1591 108 45 1887,
1483 1590 110 45 1888,
1626 1588 108 46 1890,
1768 1589 109 45 1894,
1911 1588 94 35 1899

437 1621 97 59 ”och
565 1644 98 35 1900
692 1645 59 33 års
779 1641 207 37 fonderade
1015 1641 63 35 lån
1124 1671 199 6 .........
1458 1671 4 4 |
1498 1616 138 60 kronor
1664 1616 84 66 349,
1756 1641 83 44 132,
1845 1616 83 58 333:
1949 1649 41 25 32

414 1694 258 51 depositioner
702 1723 97 6 .......
1560 1719 21 18 -
1756 1691 68 35 151
1831 1664 97 77 "014:
1949 1712 41 3 —

413 1746 11 36 i
467 1745 275 47 sammanhang
782 1723 100 57 med
889 1722 362 57 Västkustbanans
1262 1722 154 69 inköp
1424 1722 48 56 af

465 1802 124 31 staten
631 1796 227 47 öfvertagna
893 1795 198 35 kommun-
1121 1795 70 35 och
1218 1794 248 48 obligations-

465 1849 62 36 lÅT
564 1879 131 5 somm
971 1878 4 4 .
1006 1846 139 36 kronor
1175 1847 212 47 2,004,266:
1407 1855 43 26 40

415 1901 139 48 jämte
540 1897 25 56 å
573 1877 310 58 kommunlånen
882 1877 95 70 upp-

465 1952 127 48 lupna,
657 1951 82 36 icke
763 1945 16 59 =
803 1949 176 37 förfallna

464 2008 161 31 TÄNtOr
706 2032 84 6 ...ossnvnnn
927 2031 48 4 08
1072 2028 23 27 ”
1242 2001 146 46 18,001:
1410 2010 40 25 77
1562 2037 20 18 ,
1716 2009 213 46 2,022,268:
1953 2018 37 25 17

415 2058 83 55 den,
527 2033 134 76 enligt
670 2031 248 66 kontraktet
917 2053 60 43 om
998 2053 267 42 förvärfvande
1286 2062 38 32 åt
1338 2052 130 43 staten

466 2091 40 58 af
530 2112 189 36 bandelen
778 2111 286 45 rebro—Frövi,
1086 2110 246 36 innestående
1353 2110 115 48 köpe-

466 2163 292 48 skillingsandel
779 2194 44 4 ms
843 2193 305 6 sesesesesserssrrssrr
1169 2158 154 57 rrsrrrnnsrrnrnr
1333 2192 25 5 ann
1367 2192 95 5 näs
1561 2189 20 18 59
1715 2162 213 45 3,000,000:
1950 2182 42 4 —

415 2220 95 31 samt
538 2215 149 35 diverse
717 2214 154 36 skulder
880 2243 584 6 .m.eesecssnsiusessrr
1280 2209 39 55 ars
1332 2209 135 55 serna
1561 2240 22 18 49
1691 2213 238 45 28,683,466:
1951 2222 41 26 59

719 2275 139 35 Summa
892 2266 163 43 skulder
1086 2273 60 36 vid
1179 2266 93 43 1901
1305 2277 58 32 årg
1388 2265 78 43 slut
1495 2273 141 35 kronor
1666 2273 264 45 382,989,082:
1951 2283 55 24 08.
