1873 2812
276 156 20 30 2
598 152 387 31 Jordbruksutskottets
999 151 184 31 memorial
1195 160 43 21 nr
1250 152 42 29 26
1305 151 40 30 år
1360 150 84 30 1970

280 233 85 30 lund
383 242 45 21 m.
448 233 47 34 fl.,
514 233 178 39 angående
709 231 476 41 kompetensförhållandena
1201 231 95 30 inom
1315 231 67 29 den
1399 230 229 30 kommunala
1645 229 113 39 miljö-

279 286 140 35 vården,

326 339 49 29 14.
400 340 220 29 motionerna
643 339 29 29 1:
688 338 62 30 935
774 347 42 21 av
838 338 58 29 fru
919 339 86 38 Elvy
1028 338 128 30 Olsson
1179 336 65 31 och
1266 337 47 29 II:
1330 336 80 29 1081
1438 345 42 20 av
1502 335 81 29 herr
1605 335 154 30 Grebäck

279 401 46 20 m.
340 392 47 34 fl.,
403 392 178 39 angående
594 392 67 29 den
675 391 229 30 kommunala
916 390 242 38 miljövården,

327 446 49 29 15.
401 445 220 30 motionerna
638 445 31 28 I:
684 444 63 29 520
765 454 42 20 av
824 444 121 30 herrar
965 443 172 31 Skårman
1155 443 66 30 och
1238 443 137 29 Wirtén
1393 442 65 30 och
1477 442 46 29 II:
1539 441 62 30 608
1621 450 41 20 av
1679 440 80 30 herr

279 498 93 30 Tobé
390 508 45 20 m.
454 498 46 34 fl.,
519 507 56 21 om
593 497 242 30 mätstationer
853 497 54 29 för
924 496 237 39 kontinuerlig
1177 496 196 39 bevakning
1391 504 41 20 av
1449 494 310 39 luftföroreningar

279 552 66 29 och
359 551 247 39 förändringar
618 551 12 29 i
644 550 224 35 atmosfären,

328 605 48 29 16.
402 604 219 30 motionerna
639 604 31 28 I:
683 603 63 29 522
765 613 41 20 av
824 603 121 30 herrar
963 602 137 30 Wirtén
1119 602 65 30 och
1204 601 171 31 Skårman
1394 601 64 30 och
1478 601 45 29 II:
1540 600 61 30 609
1621 609 41 20 av
1679 599 80 30 herr

279 657 94 30 Tobé
387 667 46 19 m.
448 657 46 34 fl.,
509 666 57 21 om
581 656 234 40 upprättande
828 665 42 21 av
884 665 42 21 en
939 656 83 40 plan
1036 655 55 30 för
1104 654 402 39 vattenhushållningen,

327 710 50 30 17.
402 710 220 30 motionerna
648 711 29 28 I:
693 710 61 30 168
780 718 42 21 av
846 709 81 30 herr
954 710 123 38 Ingvar
1103 708 201 30 Andersson
1331 707 65 30 och
1421 706 125 30 II:193
1573 715 41 20 av
1640 706 120 30 herrar

281 764 170 29 Clarkson
470 763 65 30 och
554 763 255 39 Henningsson,
831 771 56 21 om
908 762 266 38 förhandlingar
1194 761 79 29 med
1293 760 180 30 Danmark
1493 759 178 39 angående
1689 760 72 28 vat-

281 816 307 39 tenföroreningen
601 816 12 29 i
627 815 169 34 Öresund,

329 869 49 29 18.
404 869 177 29 motionen
599 869 29 28 1:
645 868 62 30 930
726 878 42 20 av
783 868 81 30 herr
882 867 180 35 Lindblad,
1081 876 56 21 om
1156 866 226 40 obligatorisk
1400 866 185 38 rengöring
1603 874 41 20 av
1662 865 99 29 tank-

282 921 116 40 fartyg
411 922 75 29 före
500 921 132 39 avgång
647 921 80 29 från
741 921 85 29 sista
838 920 294 39 lossningshamn,

329 975 49 29 19.
403 975 220 29 motionerna
643 975 28 28 1:
688 974 62 30 938
771 983 42 20 av
833 973 57 30 fru
911 974 85 39 Elvy
1016 973 128 30 Olsson
1165 972 65 30 och
1249 972 48 29 II:
1313 971 83 30 1088
1418 981 42 20 av
1479 971 81 30 herr
1580 972 150 29 Larsson
1750 970 11 30 i

282 1028 133 39 Borrby
438 1037 45 20 m.
509 1027 47 34 fl.,
581 1036 57 20 om
663 1036 42 20 en
729 1027 188 29 konferens
941 1027 128 29 mellan
1093 1025 314 40 Östersjöstaterna
1432 1024 177 39 angående
1634 1024 127 29 förore-

284 1080 128 39 ningen
426 1090 42 19 av
481 1080 191 39 Östersjön,

327 1133 51 30 20.
404 1133 220 30 motionerna
644 1133 29 29 1:
688 1133 41 29 42
750 1142 42 20 av
811 1132 80 30 herr
912 1132 174 38 Bengtson
1106 1131 65 30 och
1192 1131 47 28 II:
1253 1131 42 29 46
1315 1140 42 20 av
1376 1130 122 30 herrar
1520 1131 210 37 Magnusson
1750 1129 11 28 i

282 1186 236 30 Nennesholm
547 1186 65 29 och
639 1185 199 30 Johansson
866 1185 11 29 i
907 1184 176 35 Skärstad,
1112 1183 179 40 angående
1320 1183 147 40 skyddet
1496 1183 54 29 för
1580 1181 181 31 Smålands

282 1239 144 39 Taberg,

329 1292 51 30 21.
405 1292 220 29 motionerna
641 1292 32 28 I:
688 1291 63 29 926
770 1300 41 21 av
829 1291 81 30 herr
929 1290 115 30 Göran
1062 1290 169 29 Karlsson
1250 1299 45 20 m.
1315 1289 37 30 fl.
1372 1289 65 30 och
1457 1289 45 29 II:
1521 1288 82 30 1098
1623 1297 42 20 av
1683 1288 80 29 herr

285 1345 120 29 Sterne
419 1354 45 20 m.
479 1345 47 34 fl.,
541 1344 179 39 angående
732 1343 360 40 naturvårdsskyddet
1106 1343 55 29 för
1174 1342 144 40 Taberg.

330 1398 66 29 Vid
414 1398 260 29 sammanträde
690 1397 68 30 den
774 1397 39 30 23
832 1397 88 39 april
939 1396 84 30 1970
1039 1396 64 30 har
1120 1395 389 30 talmanskonferensen
1527 1395 169 29 förklarat
1715 1394 50 38 sig

284 1452 72 28 inte
369 1451 46 29 ha
429 1450 104 39 något
548 1452 49 28 att
611 1450 117 30 erinra
740 1452 72 28 mot
826 1450 42 30 de
881 1449 206 39 ifrågasatta
1100 1449 215 39 uppskoven.

330 1504 117 29 Under
460 1503 219 39 åberopande
693 1512 42 20 av
747 1503 65 29 vad
827 1502 148 30 sålunda
990 1502 134 30 anförts
1137 1501 201 30 hemställer
1353 1501 170 29 utskottet

649 1558 50 27 att
719 1555 187 39 riksdagen
926 1556 154 29 beslutar
1101 1556 50 28 att
1172 1555 53 29 till
1245 1554 261 30 höstsessionen
1528 1554 77 28 med
1626 1553 138 30 inneva-

604 1609 108 29 rande
737 1608 57 31 års
818 1608 143 39 riksdag
987 1608 195 39 uppskjuta
1207 1607 256 38 behandlingen
1490 1615 42 21 av
1557 1606 11 29 i
1594 1606 57 29 det
1676 1605 88 30 före-

606 1661 131 40 gående
758 1662 157 38 angivna,
936 1662 52 28 till
1009 1661 363 39 jordbruksutskottet
1393 1659 191 30 hänvisade
1604 1659 161 29 ärenden.

333 1733 201 30 Stockholm
548 1733 66 29 den
628 1733 18 29 5
662 1732 69 40 maj
751 1732 82 30 1970

729 1820 47 30 På
789 1820 381 39 jordbruksutskottets
1184 1819 145 39 vägnar:

846 1890 98 30 NILS
957 1890 37 30 G.
1010 1889 203 31 HANSSON

333 2033 64 30 Vid
410 2033 94 30 detta
518 2032 145 30 ärendes
678 2031 282 40 slutbehandling
973 2031 65 30 har
1050 2031 157 30 närvarit

334 2095 80 30 från
450 2095 166 30 första
650 2095 219 29 kammaren:
896 2094 121 30 herrar
1041 2093 216 39 Mossberger
1287 2093 63 34 (s),
1378 2092 172 31 Skårman
1580 2091 85 41 (fp),
1692 2091 76 30 Carl

291 2140 182 30 Eskilsson
493 2140 80 33 (m),
590 2139 212 36 Magnusson
821 2138 63 35 (s),
901 2138 218 37 Augustsson
1138 2137 87 35 (s)+,
1243 2136 212 38 Skagerlund
1476 2136 85 37 (fp),
1580 2136 189 36 Svenungs-

290 2193 64 21 son
376 2184 105 34 (m)+,
499 2185 126 28 Manne
642 2183 128 30 Olsson
791 2182 64 35 (s),
873 2182 58 29 fru
948 2181 124 40 Margit
1089 2181 184 30 Lundblad
1295 2181 50 34 (s)
1367 2180 65 30 och
1448 2180 81 30 herr
1546 2180 130 29 Harald
1693 2180 75 29 Pet-

290 2230 137 29 tersson
446 2228 95 39 (cp);

335 2290 79 30 från
452 2290 153 30 andra
640 2289 221 30 kammaren:
889 2288 122 30 herrar
1035 2288 164 30 Hansson
1225 2288 11 28 i
1263 2287 139 39 Skegrie
1433 2286 91 40 (cp),
1551 2286 180 30 Johanson
1755 2286 12 28 i

294 2335 183 30 Västervik
497 2334 64 34 (s),
577 2333 205 31 Lundmark
801 2332 64 35 (s),
880 2332 118 29 Trana
1016 2331 86 35 (s)+,
1117 2332 176 29 Jonasson
1313 2330 89 40 (cp),
1419 2330 58 30 fru
1493 2330 171 39 Lindberg
1684 2330 86 33 (s)+,

290 2379 81 30 herr
392 2379 140 29 Nilsson
553 2379 11 28 i
585 2378 184 29 Lönsboda
796 2377 85 39 (fp),
904 2376 58 30 fru
985 2375 208 31 Sundström
1221 2374 86 36 (s)+,
1330 2375 57 30 fru
1410 2375 90 29 Dahl
1527 2374 50 35 (s)
1604 2374 64 30 och
1689 2374 80 29 herr

293 2423 199 31 Krönmark
511 2422 105 35 (m)
581 2418 38 45 +.

326 2490 13 14 +
361 2489 32 29 Ej
409 2488 175 24 närvarande
597 2487 47 24 vid
657 2487 178 29 justeringen.

1392 2539 82 15 MARCUS
1484 2539 73 15 BOKTR.
1566 2538 64 16 STHLM
1642 2539 35 14 1970
1696 2537 74 16 700033
