1882 2810
561 182 232 29 Statsutskottets
816 183 152 28 utlåtande
988 193 36 18 nr
1045 184 66 26 224.
1566 184 17 29 7

91 261 274 40 nessjukvården
390 263 64 30 har
480 263 88 31 varit
593 263 198 39 avgörande
817 263 56 30 vid
902 263 91 31 detta
1019 263 340 39 ställningstagande.
1388 262 197 32 Emellertid

92 315 59 30 vill
188 316 164 30 utskottet
378 315 198 38 framhålla,
604 320 50 28 att
680 326 43 21 en
750 317 138 39 mycket
914 317 195 39 betydande
1136 317 53 30 del
1218 326 44 21 av
1288 317 68 30 den
1382 316 203 40 ifrågasatta

91 368 284 41 köpeskillingen,
393 370 64 30 800
471 370 64 30 000
551 370 141 36 kronor,
709 369 80 31 från
805 380 92 20 ovan
914 370 149 39 angivna
1080 370 381 39 bedömningsgrunder
1478 369 107 32 måste

91 431 100 22 anses
208 422 124 41 belöpa
349 422 46 41 på
413 423 153 31 marken.
587 423 80 31 Med
684 423 137 40 hänsyn
839 424 50 30 till
908 424 190 30 avsevärda
1116 423 154 31 fördelar
1287 423 56 31 för
1361 424 130 36 staden,
1511 432 76 22 som

91 476 62 31 äro
177 476 166 31 förenade
370 477 79 30 med
476 477 198 39 sjukhusets
700 477 206 36 inrättande,
933 477 65 30 har
1024 477 165 32 utskottet
1215 477 116 32 funnit
1359 477 113 31 denna
1500 479 84 37 gott-

91 530 131 38 görelse
244 530 56 30 väl
321 530 79 39 hög.
425 530 171 31 Utskottet
618 530 187 40 tillstyrker
828 531 89 30 dock
941 531 55 30 det
1018 540 43 22 av
1085 531 123 38 Kungl.
1232 530 102 40 Maj:t
1355 530 152 40 begärda
1529 530 56 30 be-

91 583 248 39 myndigandet
359 593 80 21 men
461 583 210 37 förutsätter,
693 587 49 29 att
763 584 124 39 Kungl.
911 584 100 39 Maj:t
1033 584 108 31 innan
1162 584 165 39 köpavtal
1348 584 126 31 träffas
1495 583 91 40 ånyo

91 640 168 36 upptager
281 636 266 40 förhandlingar
570 638 80 30 med
672 638 105 30 Gävle
799 638 77 30 stad
899 647 58 21 om
979 637 292 40 köpeskillingens
1294 637 138 31 storlek.

137 690 115 31 Under
273 689 221 41 åberopande
516 700 43 21 av
581 691 67 30 vad
672 690 146 32 sålunda
842 691 133 31 anförts
999 690 55 31 får
1077 691 164 30 utskottet
1263 691 192 36 hemställa,

445 783 50 27 att
518 779 185 39 riksdagen
727 779 58 31 må

447 833 25 31 I.
501 833 208 39 bemyndiga
738 834 124 38 Kungl.
893 833 100 39 Maj:t
1032 836 50 28 att
1111 832 70 32 låta
1210 833 107 31 träffa
1345 833 240 30 överenskom-

403 887 103 30 melse
526 887 79 30 med
623 886 216 40 Jönköpings
860 887 76 31 stad
955 896 57 21 om
1031 887 232 39 övertagande
1283 896 43 22 av
1346 887 138 31 stadens
1504 887 81 30 kva-

403 940 176 30 lificerade
598 939 286 40 sinnessjukvård
901 939 45 41 på
964 940 11 30 i
994 940 185 30 huvudsak
1199 940 41 30 de
1260 940 135 36 villkor,
1416 940 92 32 vilka
1526 948 59 22 an-

402 993 100 39 givits
529 993 11 31 i
567 993 376 40 statsrådsprotokollet
970 995 82 29 över
1079 993 260 31 socialärenden
1367 993 56 31 för
1450 993 67 31 den
1544 993 41 30 26

402 1047 89 39 april
520 1048 96 35 1946;

447 1100 41 31 II.
514 1100 167 39 medgiva,
708 1104 50 27 att
784 1100 381 39 investeringsanslaget
1190 1100 51 30 till
1267 1100 98 31 Vissa
1391 1100 194 39 byggnads-

402 1154 141 30 arbeten
563 1154 58 30 vid
641 1156 127 28 statens
790 1154 264 39 sinnessjukhus
1074 1163 45 21 m.
1140 1163 44 21 m.
1207 1153 57 31 må
1285 1158 97 34 tagas
1401 1153 11 31 i
1433 1152 152 40 anspråk

402 1207 56 30 för
478 1207 219 31 bestridande
719 1217 44 21 av
783 1207 235 31 kostnaderna
1041 1206 56 31 för

446 1260 31 40 a)
505 1261 11 30 i
537 1261 154 31 nämnda
713 1260 173 40 protokoll
909 1260 149 39 angivna
1081 1260 426 39 kompletteringsarbeten
1529 1259 57 31 vid

403 1314 155 39 Sidsjöns
579 1314 147 39 sjukhus
749 1314 10 30 i
781 1314 194 36 Sundsvall,

446 1367 34 39 b)
508 1367 219 40 uppförande
748 1367 10 30 i
780 1367 233 39 huvudsaklig
1035 1368 341 30 överensstämmelse
1398 1367 79 31 med
1498 1367 56 31 det
1575 1366 10 30 i

402 1420 258 40 propositionen
685 1430 42 21 nr
751 1416 165 41 281/1944
943 1420 186 31 förordade
1153 1420 166 39 förslaget
1344 1430 44 21 av
1412 1430 69 30 nya
1507 1420 78 30 eko-

402 1474 297 39 nomibyggnader
724 1473 20 31 å
768 1473 278 39 arrendegården
1072 1474 192 39 Hunnerup
1289 1474 111 30 under
1424 1473 52 32 S:t
1501 1473 85 31 Lars

403 1527 147 39 sjukhus
574 1527 11 29 i
609 1527 114 35 Lund;

448 1581 57 30 III.
524 1580 207 39 bemyndiga
750 1580 125 39 Kungl.
896 1580 100 39 Maj:t
1014 1583 50 28 att
1082 1579 70 32 låta
1171 1579 107 32 träffa
1297 1580 92 30 avtal
1408 1578 178 40 angående

403 1633 141 31 förvärv
563 1633 57 31 för
639 1636 127 28 statens
786 1633 149 39 räkning
955 1633 55 31 för
1031 1643 43 21 en
1093 1633 149 31 kostnad
1262 1643 42 22 av
1324 1633 101 39 högst
1445 1633 63 31 800
1522 1633 64 30 000

403 1687 129 30 kronor
569 1687 65 30 och
659 1686 46 40 på
730 1687 42 30 de
796 1686 125 31 villkor
947 1687 11 30 i
982 1687 120 38 övrigt,
1130 1696 75 21 som
1230 1686 117 31 finnas
1374 1686 142 39 skäliga,
1543 1695 44 22 av

403 1741 105 30 Gävle
528 1740 93 31 stads
642 1739 279 32 ålderdomshem
942 1750 43 20 m.
1007 1750 44 20 m.
1073 1740 55 30 för
1147 1740 221 39 utnyttjande
1387 1740 11 30 i
1420 1740 66 30 den
1505 1743 79 28 stat-

403 1794 68 39 liga
495 1793 337 40 sinnessjukvården.

138 1881 201 31 Stockholm
364 1882 66 30 den
458 1883 38 29 18
521 1882 74 39 juni
625 1883 92 29 1946.

581 1970 50 31 På
655 1971 268 30 statsutskottets
949 1971 143 38 vägnar:

645 2050 29 31 J.
697 2051 36 30 B.
757 2050 271 31 JOHANSSON.

131 2201 55 27 Vid
208 2200 185 28 förestående
415 2201 122 27 ärendes
558 2201 242 34 slutbehandling
823 2202 82 26 inom
928 2201 138 27 utskottet
1086 2201 77 28 hava
1185 2202 142 27 närvarit:

130 2270 67 28 från
244 2272 117 26 första
384 2271 187 27 kammaren:
594 2271 103 27 herrar
718 2271 100 27 Johan
842 2271 156 27 Bernhard
1019 2271 181 34 Johansson,
1223 2272 187 34 Bäckström,
1432 2272 74 28 Karl
1527 2273 57 26 An-

90 2314 132 33 dersson,
243 2315 240 34 Mannerskantz,
505 2314 103 35 Gustaf
628 2315 153 33 Karlsson,
803 2315 161 34 Gillström,
986 2315 165 34 Näsström,
1174 2316 108 27 Gustav
1304 2317 81 26 Emil
1407 2316 178 34 Andersson,

92 2358 177 34 Rosenberg,
290 2359 175 27 Hesselbom
485 2359 57 27 och
562 2359 68 27 Ivar
650 2359 139 33 Persson;
809 2363 76 24 samt

131 2420 67 28 från
225 2421 133 27 andra
386 2421 186 27 kammaren:
600 2421 104 27 herrar
731 2421 144 27 Eriksson
903 2422 9 26 i
940 2422 183 31 Stockholm,
1157 2422 99 33 Wurd,
1284 2422 93 34 Falla,
1407 2423 178 33 Bergström,

91 2464 180 34 Rubbestad,
295 2464 170 29 Andersson
488 2465 8 27 i
521 2465 121 32 Malmö,
666 2465 196 34 Mårtensson,
887 2465 163 28 Pettersson
1074 2466 7 27 i
1106 2466 87 32 Dahl,
1219 2466 141 34 Viklund,
1384 2466 168 36 Malmborg
1576 2466 8 27 i

91 2509 127 32 Skövde,
238 2509 187 28 Holmström
445 2510 56 26 och
522 2509 151 27 Petterson
692 2511 6 26 i
720 2510 167 34 Degerfors.
