1906 2866
555 167 104 28 Åndra
683 168 200 34 lagutskottets
904 168 153 29 utlåtande
1080 169 43 27 Nr
1146 171 27 25 9.
1574 168 37 30 21

117 239 89 33 tiden
229 240 109 32 säkert
358 241 58 32 och
440 245 80 28 utan
544 242 203 33 tidsutdräkt
767 243 113 33 kunna
901 243 118 32 honom
1042 242 179 34 tillställas.
1242 243 67 33 Vid
1333 255 70 20 resa
1424 244 185 33 utomlands

119 283 83 32 skall
225 284 65 32 han
315 285 131 32 anmäla
469 285 49 33 sin
543 286 107 32 adress
673 288 43 37 på
740 291 162 28 närmaste
926 287 113 32 finska
1061 288 163 31 konsulat.

160 327 54 33 Då
239 329 315 32 försvarsministern
579 330 108 32 finner
712 331 52 32 det
789 331 122 38 nödigt,
937 332 54 31 må
1014 332 142 31 kontroll
1179 332 239 33 underkastade
1442 333 167 38 värnplik-

116 371 69 39 tiga
209 384 114 27 genom
346 373 194 38 kungörelse
564 374 106 33 kallas
693 375 54 32 till
769 375 229 33 kontrollmöte
1021 377 19 30 å
1062 380 49 28 ort
1133 375 87 33 inom
1243 376 321 33 kontrolldistriktet.

160 416 119 33 Därest
307 417 206 39 värnpliktig
541 419 148 32 tredskas
720 423 48 28 att
798 420 110 31 lämna
938 420 52 32 för
1018 420 182 33 kontrollen
1229 421 215 38 erforderliga
1473 422 135 37 upplys-

116 460 126 39 ningar,
269 473 67 20 som
360 461 66 32 han
451 466 35 27 är
512 462 136 39 skyldig
672 466 48 29 att
745 463 118 38 lämna,
889 464 66 32 kan
979 464 66 32 han
1070 464 56 32 vid
1150 465 66 31 vite
1242 477 40 20 av
1306 465 97 38 högst
1426 466 64 31 300
1516 466 91 31 mark

116 505 134 38 åläggas
279 508 48 29 att
354 506 206 38 personligen
587 507 131 32 infinna
745 507 52 39 sig
823 508 57 32 hos
906 508 240 33 vederbörande
1173 509 111 33 lokala
1309 509 211 33 kontrollant.
1550 509 57 33 Så-

116 548 62 32 dan
201 549 116 38 åtgärd
342 550 52 32 får
415 550 72 32 icke
510 551 202 38 överklagas.

159 593 18 31 I
197 593 167 33 Danmark
385 594 114 32 tillhör
519 595 61 32 den
599 595 223 39 värnpliktige
842 597 102 32 under
963 597 75 32 hela
1058 596 49 33 sin
1126 597 235 38 värnpliktstid
1382 600 46 30 ett
1448 598 58 32 och
1527 610 80 21 sam-

114 648 54 21 ma
191 637 154 39 kompani
374 638 245 40 (motsvarande
643 640 170 40 förband),
839 640 114 34 såvida
974 641 67 33 han
1062 642 72 32 icke
1155 642 165 38 avflyttar
1341 642 53 32 till
1418 654 107 21 annan
1549 646 57 34 ort,

116 680 41 33 då
178 681 65 32 han
265 681 143 33 tilldelas
431 686 46 29 ett
499 687 76 34 nytt
596 684 251 38 truppförband.

158 725 71 32 Den
255 727 223 38 värnpliktige
507 732 36 27 är
571 728 135 39 skyldig
733 733 48 28 att
807 729 53 32 till
888 729 58 33 sitt
970 730 156 38 kompani
1158 729 93 42 (etc.)
1285 731 131 33 anmäla
1443 730 164 39 flyttning

114 768 86 33 inom
226 770 18 32 8
271 771 111 37 dagar.
408 771 192 33 Underlåtes
625 773 96 37 detta,
748 773 137 32 straffas
908 774 67 32 han
999 775 71 32 med
1093 775 90 32 böter
1208 775 74 33 från
1309 776 39 31 10
1372 775 52 32 till
1449 776 62 32 100
1535 775 72 32 kro-

113 825 65 26 nor,
203 814 113 32 såvida
337 815 72 32 icke
432 816 135 31 särskilt
590 816 233 34 förmildrande
847 819 275 38 omständigheter
1145 819 171 39 föreligga.
1339 820 65 32 För
1425 831 72 21 resa
1518 822 90 29 utom

113 857 111 33 landet
247 858 127 33 fordras
397 860 258 33 utresetillstånd
680 873 40 21 av
742 862 60 31 den
825 862 239 39 värnpliktiges
1088 863 144 33 militära
1254 864 223 33 befälhavare.

157 902 174 33 Dessutom
358 903 66 32 kan
454 904 316 33 försvarsministern
798 906 168 34 anbefalla
995 907 182 39 mönstring
1204 909 71 32 med
1305 909 37 32 de
1370 910 236 39 värnpliktiga,

114 958 77 25 som,
222 958 50 20 om
300 947 38 32 de
365 951 80 29 utan
473 948 78 38 laga
579 949 115 32 förfall
722 950 147 33 utebliva
897 951 75 32 från
1001 951 113 40 denna,
1144 952 138 33 straffas
1312 955 71 31 med
1412 954 92 33 böter
1533 954 73 32 från

112 991 21 30 4
156 990 54 32 till
234 992 41 31 40
300 991 128 32 kronor.

157 1034 18 32 I
201 1034 147 33 Schweiz
375 1035 143 33 inkallas
547 1037 38 32 de
610 1037 227 40 värnpliktiga
861 1039 54 32 till
942 1039 96 33 korta
1064 1040 349 40 repetitionsövningar
1440 1043 103 32 under
1568 1054 39 21 en

111 1078 79 39 lång
210 1079 82 37 följd
310 1091 42 20 av
372 1080 36 31 år
426 1084 85 28 samt
528 1081 87 32 hava
633 1081 162 33 dessutom
815 1082 201 39 skyldighet,
1037 1088 48 29 att
1104 1085 35 32 så
1157 1085 95 38 länge
1273 1085 37 33 de
1328 1086 136 32 kvarstå
1480 1087 12 31 i
1511 1091 94 27 värn-

109 1123 217 38 pliktsåldern
352 1124 126 38 årligen
505 1125 160 33 framvisa
690 1126 37 32 de
751 1126 337 40 uniformspersedlar,
1115 1141 105 26 vapen
1244 1141 42 20 m.
1311 1142 52 25 m.,
1390 1142 67 20 som
1480 1130 61 32 här
1565 1142 41 20 av

111 1167 60 32 den
195 1167 222 39 värnpliktige
442 1168 85 38 själv
551 1169 157 38 förvaras,
733 1174 81 29 även
837 1171 42 32 då
901 1171 66 32 han
989 1171 72 33 icke
1085 1177 36 27 är
1143 1174 11 31 i
1177 1173 230 39 tjänstgöring.
1431 1174 105 33 Dessa
1557 1174 48 32 in-

111 1211 183 38 spektioner
313 1213 196 33 verkställas
533 1213 201 33 distriktsvis
757 1227 40 19 av
819 1214 183 39 officerare,
1026 1228 68 20 som
1114 1229 71 20 resa
1205 1217 151 40 omkring
1375 1218 54 32 till
1451 1219 38 31 de
1510 1223 93 27 värn-

110 1256 153 38 pliktfga.
291 1256 132 33 Sådana
448 1257 235 39 värnpliktiga,
713 1270 65 20 som
805 1259 29 37 ej
860 1259 87 33 hava
974 1260 67 32 fast
1067 1261 113 32 bostad
1207 1261 78 32 eller
1312 1274 67 19 som
1405 1274 72 21 resa
1502 1266 102 29 utom-

110 1300 104 38 lands,
242 1305 53 28 äro
321 1301 157 38 skyldiga
504 1306 49 28 att
576 1302 56 33 vid
658 1303 203 39 utryckning
888 1304 75 31 från
988 1304 221 39 tjänstgöring
1232 1308 111 30 lämna
1367 1306 142 33 tillbaka
1534 1306 71 33 sina

108 1345 174 37 persedlar.
304 1345 68 32 Vid
396 1346 165 38 flyttning
582 1346 86 32 inom
692 1347 110 33 landet
822 1352 36 26 är
880 1348 60 32 den
961 1348 223 39 värnpliktige
1207 1349 135 39 skyldig
1364 1351 130 32 anmäla
1517 1351 87 32 detta

108 1389 53 31 till
198 1390 237 32 vederbörande
473 1390 219 32 sektionschef
733 1391 456 42 (rullföringsbefälhavare),
1227 1394 227 39 värnpliktiga
1491 1394 112 33 office-

109 1445 79 26 rare,
215 1433 276 33 underofficerare
517 1439 83 28 samt
623 1435 227 32 kavallerister
876 1436 162 32 dessutom
1063 1449 114 26 genom
1204 1438 165 39 skriftligt
1395 1439 208 32 meddelande

109 1477 52 32 till
186 1478 237 32 vederbörande
449 1479 345 38 truppförbandschef.
819 1480 65 32 För
907 1480 132 33 vistelse
1062 1484 89 29 utom
1177 1482 110 32 landet
1311 1495 67 19 mer
1403 1488 41 26 än
1468 1486 48 29 tre
1540 1483 64 31 må-

108 1522 99 32 nader
232 1522 124 32 fordras
381 1523 135 33 särskilt
539 1523 149 32 tillstånd
714 1536 41 20 av
778 1524 360 33 kretskommendanten
1166 1526 436 39 (inskrivningsbefälhava-

109 1565 88 40 ren).
227 1566 159 38 Legation
415 1566 78 33 eller
521 1567 155 33 konsulat
704 1568 85 31 skall
818 1568 147 38 ständigt
993 1569 106 32 hållas
1129 1571 204 31 underrättat
1361 1583 51 20 om
1442 1572 160 31 adressen.

109 1609 82 33 Före
216 1622 134 20 avresan
375 1611 58 31 och
458 1611 56 31 vid
539 1611 221 32 hemkomsten
785 1612 85 32 skall
897 1613 60 31 den
979 1613 222 39 värnpliktige
1227 1617 129 29 anmäla
1380 1615 50 38 sig
1454 1615 57 32 hos
1536 1614 67 32 sek-

107 1654 212 32 tionschefen.

152 1698 55 31 Av
233 1699 59 31 den
318 1710 83 20 ovan
426 1698 116 38 gjorda
565 1699 215 38 utredningen
807 1700 156 38 framgår,
991 1704 48 29 att
1062 1702 181 31 kontrollen
1270 1707 75 27 över
1370 1702 37 32 de
1432 1703 168 38 värnplik-

107 1742 79 38 tiga,
210 1742 39 32 då
271 1743 37 31 de
329 1742 70 32 icke
422 1747 53 27 äro
496 1743 11 31 i
527 1743 229 38 tjänstgöring,
779 1744 11 31 i
812 1744 36 33 de
871 1744 138 33 anförda
1032 1745 202 33 främmande
1256 1746 157 32 länderna
1433 1747 11 31 i
1466 1747 135 31 allmän-

106 1786 56 32 het
184 1791 35 26 är
241 1787 165 37 betydligt
429 1799 88 20 mera
539 1788 200 31 omfattande
761 1788 57 32 och
844 1789 50 31 för
916 1789 37 32 de
976 1789 224 39 värnpliktiga
1225 1802 87 20 mera
1332 1791 206 37 betungande
1561 1796 39 27 än

106 1830 11 31 1
140 1830 142 38 Sverige.

153 1928 129 38 Frågan
306 1941 50 19 om
377 1929 212 37 borttagande
611 1942 40 19 av
672 1929 11 31 i
704 1929 282 37 värnpliktslagen
1009 1930 136 37 stadgad
1166 1931 210 38 mönstrings-
1400 1932 57 31 och
1480 1932 120 32 adress-

107 1972 402 37 anmälningsskyldighet
533 1973 56 31 och
616 1973 70 31 dess
712 1974 182 31 ersättande
920 1975 71 30 med
1016 1975 10 30 i
1052 1986 106 19 annan
1183 1975 138 38 ordning
1345 1976 150 31 lämnade
1520 1988 80 26 upp-

106 2016 101 37 gifter
227 2016 59 31 har
307 2016 56 31 vid
386 2017 84 31 flera
493 2017 191 36 föregående
705 2016 157 32 tillfällen
884 2017 87 32 varit
994 2018 134 32 föremål
1152 2019 50 30 för
1224 2018 210 38 behandling.
1458 2020 71 31 Här
1549 2020 50 30 må

106 2061 113 31 endast
245 2060 121 31 erinras
394 2072 50 20 om
472 2061 37 31 de
536 2061 221 37 utredningar,
783 2061 93 32 vilka
901 2062 98 31 blivit
1024 2062 202 32 verkställda
1251 2075 40 19 av
1318 2064 81 30 1917
1429 2064 51 30 års
1506 2068 92 26 värn-

107 2104 314 38 pliktskommission
445 2104 57 31 och
526 2117 40 19 av
590 2105 100 31 andra
713 2104 215 38 lagutskottet
949 2105 55 32 vid
1032 2107 81 30 1927
1139 2107 51 31 års
1215 2106 144 38 riksdag.

151 2149 82 31 1917
257 2149 51 30 års
331 2148 407 38 värnpliktskommission,
762 2162 66 18 som
851 2149 213 32 underkastat
1086 2150 117 37 frågan
1225 2162 49 20 om
1298 2151 37 31 de
1357 2150 243 38 värnpliktigas

106 2193 390 36 mönstringsskyldighet
523 2205 37 19 en
585 2194 221 31 uttömmande
832 2194 205 37 granskning
1062 2194 56 32 och
1146 2199 79 27 även
1252 2195 154 37 upptagit
1431 2195 52 31 till
1508 2200 91 33 pröv-

106 2237 80 37 ning
216 2237 155 36 förslaget
401 2240 48 28 att
478 2240 120 29 ersätta
627 2238 100 30 denna
762 2238 69 30 med
859 2238 172 37 uppgifter
1060 2239 73 30 från
1163 2239 346 37 mantalsmyndighet,
1539 2239 60 31 har

105 2281 44 31 bl.
177 2293 27 19 a.
232 2281 117 33 anfört,
376 2284 49 28 att
448 2280 251 32 kommissionen
724 2281 70 31 icke
819 2281 126 32 kunnat
973 2281 93 32 finna
1092 2283 98 36 något
1215 2285 73 35 sätt,
1316 2295 67 19 som
1410 2283 104 31 bättre
1541 2282 56 32 och

105 2325 71 30 med
199 2324 123 32 mindre
343 2325 115 31 besvär
482 2325 50 30 för
552 2325 36 31 de
611 2325 225 37 värnpliktiga
857 2330 39 26 än
919 2326 59 30 den
1000 2326 186 31 nuvarande
1207 2326 220 37 mönstringen
1450 2326 147 37 tillgodo-

105 2370 75 35 såge
209 2369 90 30 såväl
329 2372 121 27 statens
479 2368 200 38 berättigade
707 2369 81 31 krav
816 2368 210 34 härutinnan,
1057 2382 66 19 som
1152 2370 59 30 den
1240 2369 161 32 enskildes
1430 2370 167 31 intressen.

107 2413 61 30 Att
189 2412 112 31 märka
321 2424 74 19 vore
416 2412 174 36 nämligen,
612 2415 48 28 att
680 2413 338 36 primäruppgifterna
1039 2413 101 31 under
1161 2413 66 32 alla
1250 2413 226 32 förhållanden
1497 2415 101 30 måste

106 2456 125 31 lämnas
250 2468 39 18 av
310 2456 39 30 de
369 2455 226 37 värnpliktiga
615 2455 115 38 själva.
750 2456 122 31 Vidare
893 2456 109 31 kunde
1022 2456 250 32 kommissionen
1293 2457 70 31 icke
1383 2457 130 31 biträda
1533 2458 63 30 för-

105 2500 104 36 slaget
234 2503 48 28 att
307 2499 152 37 borttaga
486 2499 550 37 adressanmälningsskyldigheten
1064 2500 50 31 för
1141 2501 37 31 de
1203 2500 236 38 värnpliktiga.
