1860 2758
274 171 18 29 2
612 171 314 29 Bankouwutskottets
949 170 177 31 utlåtande
1149 179 41 20 nr
1211 171 41 29 30
1266 171 47 29 år
1336 171 83 29 1962

275 253 128 36 slagen,
425 261 97 19 avser
544 251 219 38 fullmäktige
784 253 51 27 att
856 251 202 38 genomföra
1080 251 179 29 desamma
1280 250 78 29 från
1381 251 64 29 och
1467 250 78 29 med
1567 250 65 30 den
1658 251 11 28 1
1693 251 65 38 juli

278 295 92 34 1962,
388 296 64 29 när
468 296 56 29 det
540 296 107 38 gäller
663 296 66 29 den
746 295 176 38 reglerade
938 295 354 38 befordringsgången
1311 295 95 29 inom
1424 295 334 29 biträdeskarriären

275 340 88 29 efter
384 340 227 37 medgivande
633 349 41 19 av
695 339 201 39 delegerade
919 339 53 29 för
993 339 204 39 riksdagens
1218 339 94 29 verk.

319 385 48 28 De
392 384 107 39 höjda
520 384 267 29 icke-ordinarie
811 384 149 38 tjänster
984 393 73 20 som
1083 383 172 38 förslagen
1280 384 9 28 i
1313 383 112 38 övrigt
1450 383 189 29 innefattar
1663 383 96 29 torde

276 429 220 37 fullmäktige
518 429 63 38 äga
604 428 206 39 befogenhet
834 430 50 27 att
906 428 129 29 inrätta
1057 427 79 30 med
1159 428 75 29 stöd
1258 437 41 19 av
1321 427 20 29 4
1366 427 15 36 $
1407 428 17 28 2
1448 428 64 29 och
1535 427 18 28 3
1577 437 104 20 mom.
1705 437 55 19 av-

277 473 363 37 löningsreglementet
669 473 53 28 för
750 473 207 38 riksdagens
980 472 93 33 verk,
1102 472 78 29 med
1207 472 178 38 undantag
1413 481 40 20 av
1481 472 280 38 driftingenjörs-

275 517 156 38 tjänsten
455 517 55 29 vid
536 517 277 39 pappersbruket
844 517 52 32 (se
921 516 145 33 nedan).
1091 517 49 28 De
1164 516 276 29 överenskomna
1466 516 174 38 förslagen
1666 517 95 28 inne-

277 561 108 29 fattar
411 561 44 29 bl.
482 571 29 20 a.
539 561 147 39 höjning
713 571 41 19 av
780 561 454 41 bankkamrerstjänsterna
1260 560 58 29 vid
1346 561 160 38 samtliga
1535 560 135 33 kontor,
1699 560 62 29 där

275 605 219 30 direktörens
518 606 175 29 närmaste
716 614 80 20 man
819 623 45 3 —
885 604 319 30 bankkamreraren
1226 623 44 3 —
1291 605 39 28 är
1352 604 167 40 placerad
1537 605 9 29 i
1570 605 49 29 Ao
1637 605 48 33 19,
1709 605 51 29 till

274 651 48 28 Ae
336 650 52 28 21.
414 650 65 29 Om
504 650 187 38 riksdagen
715 650 137 29 lämnar
877 649 46 30 de
944 649 196 39 föreslagna
1164 649 237 38 höjningarna
1426 651 82 27 utan
1535 648 224 38 invändning,

276 695 159 28 kommer
454 694 218 39 fullmäktige
692 696 49 27 att
761 694 79 29 från
861 694 64 29 och
944 694 77 29 med
1041 694 66 29 den
1130 694 12 28 1
1163 693 65 39 juli
1252 693 81 29 1962
1352 695 127 37 antaga
1499 693 40 29 de
1559 693 201 29 nuvarande

276 738 352 39 tjänstinnehavarna
644 739 51 29 till
712 738 297 29 bankkamrerare
1026 739 9 28 i
1052 739 48 28 Ae
1114 738 52 29 21.

322 783 73 29 Vad
420 783 106 38 angår
548 782 156 38 tjänsten
727 792 73 20 som
824 782 249 38 driftingenjör
1095 782 57 29 vid
1176 782 276 39 pappersbruket
1476 791 98 20 avser
1598 782 164 29 fullmäk-

274 827 67 37 tige
365 829 51 27 att
439 827 109 29 under
571 826 209 39 hänvisning
803 827 52 29 till
879 826 239 39 nyssnämnda
1141 826 308 39 författningsrum
1474 827 63 28 hos
1561 826 199 39 delegerade

276 871 55 29 för
349 870 204 39 riksdagens
572 871 84 29 verk
675 870 141 30 anhålla
835 879 57 21 om
912 871 173 38 tjänstens
1105 870 146 39 höjning
1272 870 79 29 från
1370 871 48 28 Ae
1432 870 41 29 24
1492 871 51 29 till
1565 871 47 29 Ae
1627 870 50 29 25.

320 915 216 39 Riksdagens
556 915 255 39 godkännande
831 915 177 29 erfordras
1027 915 157 29 däremot
1204 915 62 29 när
1287 915 56 29 det
1363 915 106 38 gäller
1489 914 272 39 genomförande

276 969 41 19 av
339 959 41 30 de
403 959 197 39 föreslagna
623 959 235 39 höjningarna
881 968 41 20 av
944 959 174 29 ordinarie
1140 959 159 38 tjänster.
1323 959 11 28 I
1359 959 94 29 detta
1476 959 168 29 avseende
1667 959 96 29 inne-

277 1004 61 28 bär
354 1004 437 38 förhandlingsresultatet,
807 1006 51 27 att
874 1003 78 30 från
968 1003 64 29 och
1047 1003 78 29 med
1141 1003 64 29 den
1226 1004 10 28 1
1255 1004 66 38 juli
1341 1003 81 29 1962

323 1048 33 32 1)
386 1048 18 28 5
421 1047 516 38 bankokommissarietjänster
954 1048 8 28 i
980 1048 49 38 Bp
1047 1048 12 28 1
1080 1047 193 39 uppflyttas
1291 1047 78 29 med
1387 1047 212 29 oförändrad
1617 1047 145 39 tjänste-

275 1092 213 39 benämning
505 1092 52 29 till
577 1092 50 39 Bp
642 1092 29 33 3,
691 1092 121 29 därvid
832 1101 48 20 nu
900 1092 169 38 utgående
1090 1091 431 30 ställföreträdararvoden
1602 1093 76 27 vart
1698 1092 64 28 och

275 1138 47 27 ett
352 1136 9 29 å
379 1136 19 29 3
412 1136 63 29 000
494 1136 130 29 kronor
641 1145 61 30 per
720 1136 37 29 år
774 1154 44 3 —
836 1136 51 29 till
908 1136 41 29 de
967 1136 69 29 fem
1055 1136 392 33 bankokommissarier,
1467 1145 74 19 som
1561 1135 200 30 förordnats

277 1182 49 27 att
356 1190 83 19 vara
470 1181 223 38 suppleanter
723 1180 53 29 för
807 1180 396 33 direktionsledamöter,
1233 1180 206 29 förutsättes
1470 1180 98 29 skola
1598 1179 163 30 bortfalla

281 1225 66 38 (jfr
364 1225 41 29 36
424 1225 16 36 $
461 1226 13 27 I
493 1234 104 20 mom.
615 1225 444 38 avlöningsreglementet)
1044 1221 18 46 ;

321 1269 36 32 2)
388 1269 18 28 2
435 1278 67 29 nya
529 1269 515 38 bankokommissarietjänster
1073 1270 8 28 i
1111 1269 79 39 Bp
1172 1264 21 48 1
1222 1269 158 33 inrättas,
1409 1268 118 30 varvid
1558 1268 203 29 förutsättes

275 1315 50 27 att
350 1314 51 28 till
426 1313 196 39 tjänsterna
647 1313 87 30 skall
760 1313 185 30 förordnas
970 1313 40 29 de
1034 1313 57 30 två
1115 1313 382 29 bankokommissarier
1521 1313 9 29 i
1555 1313 45 29 Be
1618 1313 26 33 1,
1668 1313 94 28 vilka

276 1357 143 29 tillsatts
434 1357 142 39 jämlikt
591 1357 277 39 bemyndigande
884 1366 42 20 av
941 1357 200 39 delegerade
1157 1357 54 29 för
1227 1357 206 38 riksdagens
1448 1358 99 32 verk;

319 1401 36 33 3)
387 1401 160 39 samtliga
566 1402 39 29 21
627 1401 149 39 tjänster
796 1411 75 20 som
891 1402 155 29 direktör
1063 1402 58 29 vid
1140 1401 332 39 avdelningskontor
1492 1402 9 29 i
1522 1401 80 39 ABp
1616 1401 41 29 26
1678 1410 84 30 upp-

277 1446 121 39 flyttas
419 1446 51 29 till
492 1447 80 38 ABp
587 1446 56 34 27;

319 1489 37 32 4)
387 1490 41 29 de
446 1490 19 30 3
483 1490 197 39 tjänsterna
699 1499 73 20 som
792 1490 297 29 bankkamrerare
1107 1491 10 28 i
1136 1489 100 40 högst
1255 1491 47 28 Ar
1316 1490 41 29 24
1376 1489 195 40 uppflyttas
1590 1490 51 29 till
1661 1489 101 38 högst

277 1534 47 29 Ar
338 1533 52 35 25,
421 1534 121 30 varvid
573 1535 131 29 antalet
736 1535 10 29 i
778 1534 431 40 personalförteckningen
1242 1536 178 37 upptagna
1452 1534 311 29 bankkamrerare-

276 1578 152 39 tjänster
442 1579 9 29 i
467 1578 219 30 sistnämnda
701 1579 164 38 lönegrad
881 1579 85 29 ökas
981 1579 78 29 från
1076 1579 201 29 nuvarande
1293 1578 78 39 fyra
1386 1579 51 29 till
1454 1578 72 39 sju;

320 1622 36 33 5)
386 1622 155 39 tjänsten
565 1632 74 20 som
663 1623 214 29 sekreterare
900 1624 10 28 i
932 1623 101 39 högst
1055 1624 47 28 Ar
1116 1623 41 29 24
1180 1623 195 39 uppflyttas
1398 1623 166 29 likaledes
1587 1623 52 29 till
1662 1621 101 39 högst

276 1668 48 29 Ar
337 1667 56 34 25;

322 1711 36 32 6)
388 1711 42 29 de
459 1711 19 29 4
507 1712 197 38 tjänsterna
734 1721 74 20 som
839 1712 108 29 förste
976 1711 303 30 kontorsskrivare
1310 1712 8 28 i
1350 1712 51 29 Ao
1417 1711 38 29 12
1487 1711 193 39 uppflyttas
1710 1711 51 29 till

276 1755 51 29 Ao
344 1755 48 34 13,
421 1755 122 30 därvid
570 1756 390 39 tjänstebenämningen
989 1756 55 29 för
1071 1758 50 28 att
1149 1756 131 30 erhålla
1308 1756 347 29 överensstämmelse
1683 1755 78 29 med

275 1800 66 29 vad
361 1809 76 20 som
456 1800 106 39 enligt
581 1800 67 29 den
667 1800 155 30 centrala
840 1800 363 30 överenskommelsen
1224 1800 88 30 skall
1334 1800 90 39 gälla
1443 1800 95 29 inom
1559 1800 65 29 den
1645 1800 117 38 övriga

277 1844 347 39 statsförvaltningen
641 1845 127 29 ändras
785 1845 52 29 till
855 1845 317 34 kontorsskrivare;

321 1888 34 32 7)
386 1888 41 30 de
450 1888 173 30 ordinarie
645 1889 159 39 tjänster,
829 1898 74 20 som
926 1889 56 29 må
1003 1889 92 29 bliva
1117 1888 172 30 inrättade
1312 1898 41 20 av
1375 1888 200 39 delegerade
1599 1888 53 29 för
1675 1887 87 30 riks-

276 1932 129 38 dagens
424 1932 84 29 verk
528 1932 54 29 för
601 1932 324 39 bankexpeditörer,
946 1932 88 30 skall
1053 1942 84 20 vara
1156 1933 181 39 placerade
1357 1934 9 28 i
1387 1933 51 29 Ao
1454 1932 37 29 13
1513 1933 9 29 i
1544 1933 113 29 stället
1679 1932 53 29 för
1753 1933 9 28 i

275 1977 51 29 Ao
343 1977 36 28 12
406 1977 67 38 (jfr
492 1977 115 30 BoU:s
629 1978 60 28 utl.
713 1977 99 29 1955:
828 1977 79 34 27);
930 1977 124 30 hittills
1075 1978 64 28 har
1159 1978 80 38 inga
1260 1977 175 29 ordinarie
1455 1976 308 40 bankexpeditörs-

276 2021 151 39 tjänster
441 2021 163 29 inrättats
620 2022 10 28 i
645 2021 173 30 avvaktan
834 2021 45 39 på
893 2022 232 29 riksbankens
1140 2021 160 30 blivande
1317 2021 253 38 organisation;

319 2064 37 34 8)
386 2065 42 29 de
446 2065 18 29 6
482 2065 197 39 tjänsterna
698 2074 74 21 som
791 2066 304 29 kontorsskrivare
1114 2067 9 28 i
1143 2066 50 29 Ao
1210 2066 38 29 10
1266 2065 195 40 uppflyttas
1480 2065 52 30 till
1551 2066 50 28 Ao
1618 2065 48 33 11,
1686 2065 77 29 där-

275 2109 57 29 vid
357 2109 389 40 tjänstebenämningen
770 2110 55 29 för
849 2112 51 28 att
924 2110 45 30 nå
992 2110 346 29 överensstämmelse
1362 2110 80 29 med
1465 2110 67 29 vad
1557 2118 74 21 som
1656 2109 106 39 gäller

277 2154 94 28 inom
388 2154 67 29 den
471 2154 117 39 övriga
605 2154 348 39 statsförvaltningen
969 2154 128 30 ändras
1114 2155 51 29 till
1183 2154 284 30 kansliskrivare.

320 2198 48 29 De
389 2198 111 29 under
517 2198 199 39 punkterna
736 2198 85 30 3—8
841 2199 150 38 angivna
1010 2198 328 40 uppflyttningarna
1358 2208 41 19 av
1419 2198 174 30 ordinarie
1613 2198 150 39 tjänster

275 2242 70 29 kan
367 2243 100 38 sägas
489 2243 123 38 utgöra
633 2252 43 20 en
697 2243 114 29 direkt
833 2242 220 30 konsekvens
1074 2252 42 20 av
1137 2243 66 29 den
1224 2242 153 30 träffade
1399 2242 363 30 överenskommelsen

275 2286 128 29 mellan
427 2286 355 39 civildepartementet
806 2287 65 29 och
894 2287 303 38 tjänstemännens
1221 2287 410 38 huvudorganisationer.

320 2330 80 29 Som
422 2340 42 19 en
486 2330 88 39 följd
597 2340 42 20 av
660 2333 49 27 att
731 2330 65 30 den
818 2331 177 39 reglerade
1015 2331 357 38 befordringsgången
1394 2332 95 28 inom
1512 2329 250 31 kammarskri-

274 2374 244 29 varkarriären
539 2375 192 29 utsträckts
751 2377 50 27 att
821 2375 148 29 omfatta
989 2376 86 28 även
1096 2375 267 30 icke-ordinarie
1384 2375 107 29 förste
1511 2373 251 31 kammarskri-

275 2427 81 20 vare
383 2419 65 28 har
474 2419 9 29 i
512 2418 609 40 förhandlingsöverenskommelsen
1150 2419 206 39 föreslagits,
1386 2421 49 28 att
1464 2419 173 30 ordinarie
1666 2418 96 29 kam-

275 2463 234 29 marskrivare
531 2464 9 28 i
561 2463 51 29 Ao
629 2463 37 29 15
688 2464 75 29 icke
783 2464 119 29 vidare
924 2464 88 29 skall
1033 2464 175 29 tillsättas.
1231 2464 43 29 Så
1295 2464 99 38 länge
1416 2463 113 39 någon
1552 2463 209 29 innehavare

276 2516 41 20 av
333 2507 174 30 ordinarie
523 2508 111 38 tjänst
651 2508 10 29 i
678 2508 106 39 sagda
800 2508 165 39 lönegrad
982 2508 160 29 kvarstår
1159 2508 63 29 har
1237 2508 193 29 emellertid
1447 2507 153 29 nämnda
1618 2507 144 39 tjänste-
