1872 2792
499 153 252 29 Statsutskottets
775 149 162 30 utlåtande
960 156 39 20 nr
1022 147 56 28 150
1101 147 36 28 år
1160 145 75 28 1955
1577 143 41 30 75

127 237 209 40 Gustafsson
353 236 10 29 i
380 234 188 32 Skellefteå
583 233 64 30 och
664 232 125 30 fröken
805 231 100 38 Ager,
921 229 95 30 vilka
1034 229 114 29 ansett
1166 228 50 28 att
1234 225 110 30 under
1362 221 254 38 förutsättning

128 301 42 21 av
191 291 102 30 bifall
317 290 51 30 till
393 290 42 29 de
459 288 80 30 med
563 286 70 34 3b)
662 286 65 29 och
751 284 36 34 6)
815 282 216 31 betecknade
1056 278 301 32 reservationerna
1381 275 160 39 anslaget
1565 273 53 30 till

128 344 229 31 Lånefonden
380 343 56 29 för
457 339 325 40 bostadsbyggande
805 338 62 29 bör
890 335 142 31 anvisas
1056 334 79 30 med
1159 331 62 31 750
1236 330 62 30 000
1311 330 63 29 009
1399 329 132 29 kronor
1554 326 64 30 och

128 400 52 29 att
197 397 124 32 därför

184 451 73 31 dels
283 451 58 30 det
364 449 119 40 stycke
505 449 11 29 i
540 447 189 30 utskottets
752 444 162 41 yttrande
938 442 46 41 på
1007 451 25 20 s.
1057 441 51 33 41,
1134 449 74 20 som
1232 438 121 40 börjar
1376 437 80 29 med
1481 434 138 31 >»Under

129 504 232 39 hänvisning>
397 503 64 29 och
496 502 111 30 slutar
641 500 79 30 med
755 498 301 30 »motionärernas
1080 494 164 38 förslag»,
1266 492 80 30 bort
1367 490 149 31 ersättas
1540 487 80 31 med

133 561 70 28 text
226 567 43 21 av
291 557 159 40 följande
474 555 146 40 lydelse:

186 612 139 30 >Under
345 609 213 39 hänvisning
579 607 52 30 till
653 607 189 29 utskottets
865 601 337 41 ställningstagande
1225 600 10 29 i
1258 600 55 30 det
1336 596 209 41 föregående
1570 594 51 30 till

132 665 125 40 frågan
280 673 56 21 om
355 662 362 39 bostadsbyggandets
741 657 215 40 omfattning
978 656 65 30 och
1069 652 367 33 subventionsformen
1461 649 160 30 förordar

132 719 172 30 utskottet
325 719 51 28 att
396 715 268 41 ifrågavarande
684 713 125 38 anslag
828 711 142 31 anvisas
993 709 44 41 på
1056 709 72 29 sätt
1148 708 12 29 i
1183 706 221 30 motionerna
1426 704 29 29 1:
1471 702 63 30 329
1558 701 64 30 och

133 773 46 29 II:
195 772 63 29 415
273 769 210 41 föreslagits,
498 768 120 31 varför
632 767 172 30 utskottet
821 764 184 40 avstyrker
1019 761 126 40 Kungl.
1162 760 124 39 Maj:ts
1303 759 132 38 förslag
1450 758 10 29 i
1475 755 148 31 berörda

133 825 229 31 hänseende.»

190 878 73 31 dels
282 878 64 30 ock
363 878 115 29 nedan
497 876 154 30 nämnda
669 874 155 29 moment
842 873 10 29 i
871 871 189 30 utskottets
1076 868 213 30 hemställan
1307 867 79 29 bort
1403 865 46 29 ha
1466 862 157 41 följande

135 933 146 39 lydelse:

447 984 138 31 >XXIX.
611 984 10 29 i
647 981 188 39 anledning
860 989 42 20 av
928 976 126 40 Kungl.
1080 976 124 39 Maj:ts
1231 974 130 38 förslag
1385 973 95 28 samt
1504 969 121 29 motio-

402 1048 111 21 nerna
537 1038 29 29 I:
582 1037 63 29 222
670 1036 64 29 och
759 1033 121 30 II:287
908 1034 166 28 ävensom
1099 1030 79 29 med
1201 1028 101 30 bifall
1328 1026 52 30 till
1405 1024 221 30 motionerna

402 1093 30 29 1:
448 1091 63 31 329
531 1091 65 30 och
615 1090 45 29 II:
677 1088 74 35 415,
772 1087 162 39 samtliga
952 1084 174 31 motioner
1146 1081 104 31 såvitt
1269 1082 42 29 de
1329 1079 101 31 berör
1452 1078 96 29 detta
1566 1084 60 21 an-

404 1146 84 39 slag,
524 1144 53 30 till
613 1141 226 41 Lånefonden
875 1139 57 40 för
969 1135 323 40 bostadsbyggande
1332 1133 55 30 för
1421 1130 206 39 budgetåret

406 1198 145 36 1955/56
568 1198 112 29 under
698 1197 132 29 statens
848 1191 308 40 utlåningsfonder
1175 1188 121 31 anvisa
1314 1189 49 28 ett
1381 1179 247 49 investerings-

403 1253 125 39 anslag
547 1261 44 21 av
612 1250 61 30 750
688 1249 62 30 000
765 1247 63 31 000
849 1248 169 32 kronor;>

195 1362 59 34 24)
285 1372 41 20 av
342 1362 124 29 herrar
484 1358 124 36 Ohlon,
626 1356 180 35 Sundelin,
823 1353 205 36 Jacobsson,
1047 1351 126 30 fröken
1190 1348 135 36 Elmén,
1344 1347 121 29 herrar
1487 1343 141 33 Wedén,

138 1416 209 40 Gustafsson
363 1414 12 29 i
392 1412 187 32 Skellefteå
594 1411 65 30 och
675 1410 126 29 fröken
816 1408 101 39 Ager,
933 1406 95 30 vilka
1045 1406 115 29 ansett
1177 1404 50 29 att
1245 1402 111 29 under
1375 1397 252 39 förutsättning

140 1480 45 21 av
211 1469 103 31 bifall
344 1468 53 30 till
427 1468 69 29 den
525 1466 81 29 med
637 1463 41 30 22
708 1462 39 34 b)
782 1460 216 31 betecknade
1028 1456 262 31 reservationen
1321 1454 115 39 någon
1467 1461 76 20 ram
1575 1449 55 30 för

141 1523 227 41 preliminära
386 1520 117 30 beslut
522 1517 178 41 angående
721 1516 68 33 lån,
811 1524 75 21 som
909 1512 90 30 skall
1019 1511 85 39 utgå
1123 1509 81 30 från
1224 1508 159 38 anslaget
1404 1506 52 30 till
1478 1504 153 39 tilläggs-

143 1578 58 29 lån
220 1577 53 29 till
290 1576 70 29 viss
379 1568 562 43 bostadsbyggnadsverksamhet,
960 1565 78 30 icke
1056 1565 65 29 bör
1141 1562 193 31 fastställas
1355 1560 64 30 och
1439 1560 53 29 att
1512 1556 119 31 därför

142 1631 115 30 nedan
275 1628 156 31 nämnda
447 1627 156 29 moment
620 1625 11 29 i
649 1623 189 30 utskottets
856 1618 211 32 hemställan
1085 1617 79 30 bort
1179 1616 50 30 ha
1246 1613 157 41 följande
1423 1611 145 41 lydelse:

454 1678 138 31 >XXXI.
617 1678 78 29 med
716 1675 100 31 bifall
840 1674 51 30 till
916 1672 220 30 motionerna
1160 1669 29 29 I:
1204 1668 63 30 329
1291 1668 64 30 och
1380 1666 46 30 Il:
1442 1664 63 30 415
1531 1664 101 29 även-

410 1743 75 20 som
515 1732 79 30 med
623 1731 119 38 avslag
771 1729 20 29 å
818 1727 222 31 motionerna
1070 1724 29 30 I:
1115 1723 63 30 222
1210 1723 64 29 och
1303 1721 46 30 II:
1365 1720 74 34 287,
1471 1717 161 38 samtliga

410 1787 173 29 motioner
606 1784 109 30 såvitt
741 1783 41 29 de
809 1782 102 29 berör
938 1780 115 30 denna
1082 1777 108 38 fråga,
1216 1776 138 29 besluta
1383 1773 96 30 avslå
1507 1769 125 40 Kungl.

410 1840 125 39 Maj:ts
568 1837 132 39 förslag
731 1845 56 20 om
820 1832 229 40 medgivande
1083 1831 51 29 till
1167 1828 228 41 preliminära
1426 1825 115 31 beslut
1575 1832 58 21 an-

411 1893 131 40 gående
567 1891 68 34 lån,
662 1898 74 21 som
763 1888 90 31 skall
878 1886 84 39 utgå
988 1885 80 29 från
1093 1883 158 38 anslaget
1276 1881 53 30 till
1357 1878 198 41 tilläggslån
1581 1876 53 30 till

409 1947 73 29 viss
506 1938 588 44 bostadsbyggnadsverksamhet;>

200 2054 59 35 95)
283 2064 41 20 av
340 2054 124 29 herrar
483 2051 124 36 Ohlon,
626 2048 180 36 Sundelin,
824 2046 205 35 Jacobsson,
1049 2043 125 30 fröken
1193 2041 134 36 Elmén,
1350 2040 120 29 herrar
1493 2036 141 34 Wedén,

148 2108 208 40 Gustafsson
380 2106 11 29 i
414 2104 188 32 Skellefteå
625 2103 64 30 och
711 2101 128 30 fröken
862 2100 101 38 Ager,
986 2097 94 30 vilka
1105 2097 115 29 ansett
1242 2096 52 28 att
1319 2093 111 30 under
1454 2090 183 30 förutsätt-

150 2163 84 38 ning
257 2170 44 21 av
324 2160 101 30 bifall
452 2159 51 29 till
530 2159 66 29 den
619 2157 83 29 med
727 2154 58 34 23)
817 2152 214 31 betecknade
1057 2148 260 31 reservationen
1345 2146 122 38 anslag
1493 2144 52 29 till
1571 2142 67 31 till-

149 2214 158 41 läggslån
327 2214 30 38 ej
381 2213 64 29 bör
466 2211 139 31 anvisas
626 2210 65 29 och
713 2210 50 28 att
782 2207 123 30 därför
927 2204 114 30 nedan
1063 2202 156 30 nämnda
1240 2201 155 29 moment
1416 2198 11 29 i
1449 2196 189 30 utskottets

147 2267 211 31 hemställan
380 2266 80 29 bort
483 2265 45 28 ha
553 2262 157 39 följande
734 2260 145 40 lydelse:

461 2316 155 30 >XXXII.
642 2315 78 29 med
747 2312 118 38 avslag
891 2311 20 30 å
937 2309 126 39 Kungl.
1091 2307 123 39 Maj:ts
1242 2305 130 39 förslag
1399 2305 92 28 samt
1516 2301 123 29 motio-

417 2379 109 21 nerna
552 2369 27 29 I:
596 2367 63 30 222
684 2367 64 29 och
773 2365 45 29 11:
834 2364 62 30 287
924 2364 164 29 ävensom
1115 2361 78 29 med
1218 2359 98 30 bifall
1343 2357 51 30 till
1421 2355 217 31 motionerna

417 2424 29 29 1:
465 2422 59 31 329
555 2422 64 29 och
648 2419 134 34 II:415,
814 2416 163 39 samtliga
1006 2414 174 30 motioner
1209 2411 103 31 såvitt
1342 2411 41 29 de
1412 2409 104 31 berör
1546 2408 93 29 detta

418 2477 132 38 anslag,
577 2474 147 33 besluta,
754 2473 49 29 att
831 2471 123 38 anslag
982 2469 53 29 till
1061 2466 213 40 Tilläggslån
1304 2464 52 29 till
1384 2462 71 30 viss
1484 2460 157 31 bostads-
