1872 2786
640 147 251 26 Statsutskottets
916 148 161 26 utlåtande
1100 156 38 18 nr
1162 148 55 27 150
1240 149 36 26 år
1300 149 74 26 1955

573 226 119 29 XXL.
717 227 81 29 med
813 227 99 29 bifall
929 228 53 28 till
999 228 125 39 Kungl.
1142 229 126 38 Maj:ts
1283 229 130 39 förslag
1430 231 91 27 samt
1538 230 78 29 med
1632 230 119 39 avslag

528 278 20 29 å
571 279 218 30 motionerna
813 279 28 29 I:
858 279 63 30 534
943 280 64 29 och
1030 280 45 29 II:
1092 280 72 34 663,
1188 280 106 30 såvitt
1315 282 42 29 de
1378 281 102 30 berör
1501 283 95 29 detta
1618 282 132 40 anslag,

529 331 51 29 till
606 331 304 30 Bostadsrabatter
937 333 54 29 för
1016 333 204 40 budgetåret
1249 333 141 32 1955/56
1415 336 114 29 under
1554 335 107 30 femte
1687 335 63 30 hu-

526 385 173 29 vudtiteln
718 386 123 29 anvisa
859 388 48 28 ett
927 386 272 41 förslagsanslag
1218 396 43 21 av
1280 387 40 30 85
1335 387 64 30 000
1413 387 62 31 000
1496 388 145 35 kronor;

572 438 116 30 XXIV.
713 439 80 29 med
817 439 100 29 bifall
942 439 51 30 till
1019 440 125 39 Kungl.
1169 440 125 40 Maj:ts
1319 441 131 40 förslag
1474 444 93 28 samt
1589 443 80 29 med
1693 451 57 21 av-

528 492 73 38 slag
617 491 20 30 å
653 492 181 30 motionen
850 492 45 30 II:
911 493 63 30 416
992 493 52 30 till
1060 493 128 40 Bidrag
1205 494 53 29 till
1274 494 69 30 viss
1362 494 387 40 bostadsförbättrings-

527 545 223 29 verksamhet
776 545 55 30 för
856 546 205 39 budgetåret
1088 547 142 30 1955/56
1255 548 113 29 under
1393 548 107 30 femte
1526 549 222 30 huvudtiteln

526 598 122 29 anvisa
666 600 49 28 ett
734 600 357 39 reservationsanslag
1110 610 42 20 av
1172 600 41 30 30
1227 600 64 30 000
1305 600 63 30 000
1389 602 145 34 kronor;

570 651 100 29 XXV.
695 652 171 39 medgiva,
888 654 50 28 att
960 653 111 29 under
1092 653 206 40 budgetåret
1322 653 141 32 1955/56
1484 655 116 30 beslut
1620 664 58 21 om
1699 656 49 29 bi-

523 704 88 39 drag
633 704 51 29 till
706 704 202 31 inrättande
929 715 43 20 av
994 706 290 40 pensionärshem
1305 707 59 30 må
1385 708 178 30 meddelas
1585 708 91 30 intill
1699 710 49 28 ett

523 757 127 40 belopp
672 766 44 21 av
741 757 40 30 10
795 757 64 30 000
873 758 63 30 000
960 759 145 35 kronor;

569 810 116 29 XXVI.
711 810 52 30 till
782 811 129 39 Bidrag
929 811 53 30 till
1000 812 197 31 inrättande
1216 822 43 21 av
1277 814 290 39 pensionärshem
1588 815 55 30 för
1661 815 86 30 bud-

524 864 131 37 getåret
684 863 142 31 1955/56
851 865 112 29 under
990 865 105 30 femte
1122 866 224 30 huvudtiteln
1370 867 122 30 anvisa
1519 869 50 28 ett
1594 877 153 21 reserva-

524 916 217 40 tionsanslag
767 926 43 20 av
838 917 62 30 100
925 918 145 35 kronor;

568 969 132 29 XXVII.
726 970 52 28 till
800 970 129 40 Bidrag
951 971 52 29 till
1025 972 69 29 viss
1117 972 458 40 upplysningsverksamhet
1596 975 149 29 rörande

523 1022 344 39 byggnadstekniska
888 1024 120 39 frågor
1031 1024 55 30 för
1108 1025 205 40 budgetåret
1338 1025 141 32 1955/56
1504 1028 111 29 under
1639 1027 106 30 femte

522 1075 223 30 huvudtiteln
763 1076 123 30 anvisa
903 1079 49 27 ett
970 1078 358 40 reservationsanslag
1345 1088 44 21 av
1410 1079 61 30 100
1491 1080 145 35 kronor;

566 1128 149 29 XXVIII.
741 1129 80 30 med
840 1129 100 30 bifall
961 1130 52 29 till
1034 1131 125 39 Kungl.
1181 1131 124 40 Maj:ts
1327 1132 130 40 förslag
1478 1134 167 29 ävensom
1665 1135 80 29 med

520 1182 120 38 avslag
658 1182 19 29 å
695 1183 221 30 motionerna
934 1183 29 29 I:
979 1184 63 29 222
1061 1184 65 30 och
1145 1185 44 29 II:
1205 1184 64 30 287
1289 1188 91 27 samt
1398 1186 28 29 1:
1443 1186 64 30 329
1525 1187 65 29 och
1608 1187 46 29 II:
1670 1187 74 34 415,

523 1234 104 30 såvitt
653 1235 41 29 de
719 1235 104 30 berör
849 1237 114 29 denna
991 1237 109 40 fråga,
1127 1239 170 38 medgiva,
1325 1241 51 28 att
1402 1240 112 29 under
1539 1240 205 40 budgetåret

522 1287 142 31 1955/56
682 1288 230 40 preliminära
930 1290 115 30 beslut
1065 1291 179 39 angående
1264 1292 69 35 lån,
1354 1301 75 21 som
1451 1293 89 30 skall
1561 1294 83 39 utgå
1664 1294 80 30 från

521 1341 212 30 lånefonden
751 1341 55 31 för
821 1342 335 41 bostadsbyggande,
1173 1344 58 30 må
1249 1345 177 30 meddelas
1443 1346 92 29 intill
1553 1349 48 28 ett
1618 1347 125 40 belopp

520 1402 43 21 av
588 1394 62 30 650
664 1394 64 30 000
742 1394 64 30 000
831 1395 144 36 kronor;

564 1447 116 30 XXIX.
706 1449 79 29 med
811 1448 100 31 bifall
935 1450 53 29 till
1013 1450 125 40 Kungl.
1164 1451 125 40 Maj:ts
1315 1452 132 40 förslag
1471 1454 167 30 ävensom
1662 1455 79 29 med

519 1501 119 39 avslag
655 1501 20 30 å
692 1502 222 31 motionerna
931 1503 29 30 1:
976 1503 64 30 222
1057 1505 66 29 och
1141 1504 45 30 II:
1202 1504 64 31 287
1286 1507 90 28 samt
1395 1506 28 29 I:
1440 1506 63 30 329
1522 1507 65 30 och
1605 1507 45 30 II:
1666 1507 75 34 415,

522 1553 105 31 såvitt
649 1555 41 30 de
712 1554 103 31 berör
837 1556 94 30 detta
954 1557 132 40 anslag,
1110 1558 52 30 till
1185 1558 229 40 Lånefonden
1437 1559 57 40 för
1518 1559 226 41 bostadsbyg-

520 1608 113 38 gande
658 1607 55 31 för
737 1608 207 41 budgetåret
970 1610 142 32 1955/56
1138 1612 113 30 under
1277 1614 133 28 statens
1436 1613 306 40 utlåningsfonder

520 1661 122 30 anvisa
664 1663 49 28 ett
733 1662 356 41 investeringsanslag
1112 1673 42 21 av
1176 1664 64 31 490
1254 1665 64 30 000
1332 1665 64 31 000
1418 1666 146 36 kronor;

561 1715 100 29 XXX.
687 1715 52 30 till
767 1715 228 40 Lånefonden
1023 1717 57 40 för
1107 1718 375 41 maskinanskaffning
1512 1721 94 29 inom
1637 1720 103 40 bygg-

516 1768 289 31 nadsindustrien
821 1769 56 30 för
891 1769 204 41 budgetåret
1112 1770 142 32 1955/56
1270 1772 112 30 under
1398 1774 132 29 statens
1545 1773 194 41 utlånings-

516 1821 125 29 fonder
659 1822 121 30 anvisa
797 1824 50 28 ett
863 1823 354 41 investeringsanslag
1234 1834 43 21 av
1296 1826 15 28 1
1328 1825 63 30 000
1405 1825 62 31 000
1486 1827 146 35 kronor;

561 1874 117 30 XXXI.
703 1875 79 30 med
798 1875 99 30 bifall
912 1876 52 29 till
980 1876 126 40 Kungl.
1121 1877 125 39 Maj:ts
1261 1878 132 40 förslag
1407 1880 166 29 ävensom
1587 1881 79 29 med
1682 1889 56 21 av-

516 1927 74 39 slag
612 1927 20 29 å
655 1927 221 31 motionerna
898 1929 29 29 I:
943 1928 63 30 222
1029 1930 64 29 och
1117 1930 46 29 II:
1178 1930 63 30 287
1267 1933 91 28 samt
1381 1932 29 29 I:
1426 1931 63 31 329
1512 1933 65 30 och
1601 1933 46 30 II:
1662 1933 74 35 415,

516 1980 104 29 såvitt
647 1981 41 29 de
714 1980 102 30 berör
843 1981 115 31 denna
984 1982 109 40 fråga,
1120 1983 170 40 medgiva,
1317 1986 51 28 att
1394 1986 113 29 under
1532 1986 205 40 budgetåret

517 2032 141 31 1955/56
679 2033 228 40 preliminära
924 2034 115 31 beslut
1059 2036 179 39 angående
1259 2037 68 35 lån,
1349 2047 74 21 som
1444 2039 89 30 skall
1555 2039 82 40 utgå
1657 2040 79 30 från

511 2087 159 38 anslaget
697 2087 52 29 till
776 2087 198 39 tilläggslån
1000 2089 52 29 till
1079 2089 70 30 viss
1175 2090 560 40 bostadsbyggnadsverksamhet,

513 2139 58 29 må
592 2140 176 29 meddelas
790 2140 91 29 intill
902 2143 48 27 ett
971 2141 125 40 belopp
1115 2152 43 20 av
1181 2143 61 29 140
1257 2143 63 30 000
1335 2144 62 29 000
1418 2145 146 35 kronor;

558 2192 133 29 XXXIH.
717 2193 79 30 med
819 2193 100 30 bifall
943 2194 51 29 till
1017 2195 125 39 Kungl.
1167 2196 124 39 Maj:ts
1315 2197 130 40 förslag
1468 2199 166 30 ävensom
1657 2201 78 29 med

513 2245 119 39 avslag
649 2245 20 30 å
685 2246 221 30 motionerna
924 2247 28 29 I:
969 2247 63 30 222
1050 2248 65 29 och
1133 2248 45 30 II:
1195 2248 63 30 287
1279 2252 90 27 samt
1388 2250 28 30 I:
1433 2251 63 30 329
1514 2253 65 29 och
1599 2253 45 29 II:
1660 2252 73 35 415,

512 2298 105 30 såvitt
639 2298 41 30 de
702 2298 103 30 berör
827 2299 94 30 detta
943 2300 132 39 anslag,
1098 2301 51 29 till
1175 2302 210 39 Tilläggslån
1411 2304 51 29 till
1485 2305 70 29 viss
1579 2306 155 30 bostads-

512 2351 406 39 byggnadsverksamhet
937 2352 54 30 för
1010 2353 204 40 budgetåret
1236 2355 141 32 1955/56
1398 2358 112 29 under
1530 2358 131 31 fonden
1681 2359 54 31 för

512 2404 272 31 låneunderstöd
823 2406 120 29 anvisa
980 2408 49 28 ett
1065 2408 356 41 investeringsanslag
1447 2420 41 20 av
1515 2411 64 30 210
1593 2412 63 30 000
1670 2413 63 30 000

511 2458 145 34 kronor;
