1870 2786
266 146 42 29 54
640 149 252 29 Statsutskottets
916 152 161 28 utlåtande
1100 162 39 18 nr
1163 154 54 27 150
1240 155 35 28 år
1299 156 75 27 1955

328 225 196 30 >Utskottet
548 237 102 20 anser
675 231 49 26 att
749 230 340 41 bostadsbyggandet
1113 234 61 29 bör
1199 243 58 30 ges
1283 236 66 29 den
1375 237 211 40 omfattning
1613 248 74 21 som
1714 240 40 29 de

270 279 94 28 reala
391 288 203 22 resurserna
621 282 64 29 och
711 284 48 27 ett
784 284 133 39 rimligt
943 285 307 41 hänsynstagande
1279 289 50 29 till
1358 291 109 28 andra
1494 291 131 40 viktiga
1652 293 103 39 bygg-

270 332 201 29 nadsbehov
488 335 150 38 medger.
667 335 117 40 Enligt
801 338 65 29 vad
886 339 169 29 utskottet
1072 340 175 30 inhämtat
1266 342 95 30 finns
1380 343 55 29 för
1453 345 217 30 närvarande
1689 347 66 38 god

270 384 145 40 tillgång
435 386 43 39 på
497 387 87 30 både
605 389 63 33 trä,
688 389 90 38 järn,
800 390 126 40 betong
946 392 64 29 och
1031 394 98 38 tegel.
1162 394 185 41 Knapphet
1368 396 9 29 i
1401 396 97 40 fråga
1520 407 56 19 om
1597 400 157 28 materiel

268 438 63 29 bör
356 439 118 30 därför
499 441 75 29 icke
600 441 180 31 föranleda
806 444 114 39 någon
944 445 259 41 inskränkning
1228 458 42 19 av
1294 445 460 49 byggnadsverksamheten.

270 491 47 29 På
338 493 212 30 arbetskraft
570 494 101 30 råder
691 497 274 40 uppenbarligen
985 508 43 20 en
1047 500 70 29 viss
1138 501 189 39 knapphet,
1349 512 80 20 men
1450 504 40 29 de
1512 513 67 30 nya
1600 506 155 29 metoder

270 553 75 21 som
368 555 145 21 numera
534 548 243 31 framkommit
798 551 96 29 inom
916 552 379 39 byggnadsindustrien
1317 556 93 29 leder
1433 557 50 29 till
1506 567 42 19 en
1570 559 185 39 väsentligt

269 599 191 30 reducerad
477 600 126 40 åtgång
620 611 41 20 av
677 603 214 30 arbetskraft
906 614 60 30 per
984 605 199 32 framställd
1200 608 170 39 lägenhet.
1400 610 64 29 Det
1481 611 97 29 torde
1596 612 30 39 ej
1646 612 108 29 heller

269 661 82 20 vara
374 653 158 40 omöjligt
554 657 50 27 att
625 656 57 29 vid
703 656 111 30 behov
837 658 146 39 erbjuda
1005 659 229 31 kvalificerad
1257 662 214 30 arbetskraft
1494 664 79 29 från
1596 666 159 29 utlandet

269 706 215 40 anställning
499 708 95 29 inom
609 709 194 39 byggnads-
819 711 65 29 och
901 712 429 40 anläggningsindustrien
1346 716 11 28 i
1376 716 135 39 Sverige
1528 718 65 29 och
1610 719 144 30 därmed

268 758 68 30 öka
360 759 189 41 tillgången
573 761 44 40 på
642 762 224 31 arbetskraft.
902 765 222 30 Arbetskraft
1150 776 74 21 som
1250 768 167 30 friställes
1443 770 79 29 från
1546 771 208 38 jordbruket

267 811 62 30 bör
352 812 143 31 beredas
516 815 183 39 möjlighet
721 816 52 29 till
795 818 214 39 anställning
1031 820 97 29 inom
1149 821 318 38 byggnadsfacken.

323 866 227 31 Beträffande
583 868 189 41 tillgången
804 870 44 40 på
880 871 132 40 kapital
1045 872 54 30 för
1132 873 324 41 bostadsbyggande
1478 878 38 28 är
1538 878 113 29 denna
1675 880 79 29 med

268 917 139 41 hänsyn
429 920 50 29 till
500 921 132 29 bristen
653 922 44 40 på
719 924 172 38 sparande
914 926 275 40 uppenbarligen
1211 928 118 29 alltför
1352 929 98 39 ringa
1474 930 53 29 för
1550 940 43 19 en
1615 932 139 38 mycket

268 972 218 31 omfattande
507 975 224 39 produktion.
765 977 120 29 Redan
907 978 93 30 detta
1021 980 61 38 gör
1104 980 57 29 det
1182 981 214 40 nödvändigt
1418 984 50 28 att
1490 983 162 31 hushålla
1675 986 79 29 med

269 1025 214 41 tillgängliga
503 1036 157 21 resurser
680 1029 37 29 så
737 1031 51 28 att
808 1031 41 29 de
869 1031 122 30 räcker
1011 1033 52 28 till
1084 1033 38 29 så
1142 1034 126 39 många
1289 1035 199 39 lägenheter
1510 1046 75 20 som
1606 1038 147 39 möjligt.

269 1079 12 28 I
307 1080 204 40 anslutning
535 1082 52 28 till
610 1083 66 28 vad
701 1091 75 21 som
801 1083 136 30 anförts
962 1085 10 28 i
997 1086 219 30 motionerna
1242 1088 28 28 I:
1288 1088 62 29 219
1376 1089 64 29 och
1466 1090 44 29 II:
1527 1090 63 29 284
1615 1091 59 29 vill
1701 1094 53 27 ut-

268 1132 131 30 skottet
415 1134 234 39 understryka
667 1137 49 28 att
734 1136 190 40 tillgången
941 1138 43 39 på
1004 1140 195 38 sparmedel
1217 1141 144 38 givetvis
1380 1142 71 29 inte
1470 1144 38 28 är
1526 1145 50 28 att
1594 1144 160 30 betrakta

268 1194 76 20 som
366 1195 43 20 en
431 1187 50 29 fix
502 1188 133 29 storhet
657 1198 74 20 som
754 1190 76 29 icke
854 1190 71 30 kan
946 1191 196 31 förändras.
1178 1193 131 30 Genom
1333 1195 332 41 skattesänkningar
1689 1199 65 29 och

268 1246 125 31 genom
419 1249 43 20 en
486 1241 124 39 politik
637 1251 74 20 som
738 1244 140 39 tryggar
904 1245 277 39 penningvärdet
1208 1247 111 30 måste
1347 1249 56 28 det
1430 1258 82 21 vara
1539 1251 136 39 möjligt
1703 1253 51 28 att

267 1292 117 40 återge
405 1294 253 30 människorna
679 1296 115 29 lusten
815 1298 51 28 att
887 1307 112 30 spara.
1031 1299 68 29 För
1120 1301 50 28 att
1192 1300 35 29 få
1249 1300 91 30 fram
1362 1302 41 29 de
1425 1302 110 30 ökade
1558 1301 195 48 sparmedel

268 1354 76 20 som
361 1346 129 30 behövs
508 1347 54 30 för
580 1350 50 27 att
648 1349 93 29 hålla
759 1350 341 40 bostadsbyggandet
1118 1353 57 30 vid
1193 1363 42 19 en
1255 1354 106 39 högre
1380 1355 79 29 nivå
1478 1357 45 28 än
1542 1357 67 28 den
1627 1358 126 39 Kungl.

267 1399 107 39 Maj:t
392 1402 113 27 ansett
524 1401 51 39 sig
592 1401 122 30 kunna
731 1403 113 30 räkna
862 1405 78 29 med
958 1405 64 29 har
1040 1406 10 28 i
1069 1407 220 29 motionerna
1309 1408 28 28 1:
1356 1407 60 30 147
1436 1409 64 29 och
1521 1410 44 28 II:
1584 1410 61 29 178
1664 1411 90 30 före-

267 1453 122 38 slagits
412 1453 91 30 vissa
527 1454 291 32 skattelättnader
842 1457 54 29 för
920 1458 78 29 dem
1023 1468 75 20 som
1123 1469 121 30 sparar
1269 1461 54 29 för
1347 1461 318 32 bostadsändamål.
1702 1464 52 30 Då

267 1506 58 29 det
352 1506 76 30 icke
457 1507 212 30 tillkommer
696 1509 172 30 utskottet
896 1513 50 27 att
975 1513 79 37 taga
1083 1513 165 40 ställning
1277 1514 52 29 till
1360 1516 153 29 nämnda
1543 1516 130 40 förslag
1701 1518 52 28 in-

267 1559 173 30 skränker
462 1561 50 39 sig
533 1562 170 29 utskottet
724 1563 52 29 till
799 1565 51 27 att
870 1564 135 40 påpeka
1026 1565 67 29 hur
1116 1567 214 39 nödvändigt
1352 1568 57 29 det
1432 1570 37 28 är
1492 1571 50 27 att
1565 1567 188 47 sparandet

265 1612 75 39 just
357 1613 54 29 för
426 1613 308 32 bostadsändamål
751 1616 54 29 får
823 1626 43 20 en
882 1617 125 40 vidgad
1024 1619 223 40 omfattning.
1277 1621 102 29 Först
1396 1623 78 28 med
1493 1624 47 28 ett
1557 1623 195 39 betydande

267 1667 173 38 sparande
459 1667 44 39 på
521 1668 95 29 detta
635 1669 141 29 område
795 1670 67 29 blir
882 1671 56 29 det
957 1672 138 39 möjligt
1113 1674 51 28 att
1183 1673 245 31 åstadkomma
1448 1676 66 28 den
1534 1676 218 31 omfattande

266 1720 262 38 nyproduktion
549 1730 75 20 som
644 1723 37 28 är
701 1722 281 41 ofrånkomligen
1002 1726 199 39 nödvändig
1221 1727 54 29 för
1295 1729 50 27 att
1365 1728 277 31 bostadsbristen
1663 1731 89 29 skall

266 1773 122 29 kunna
414 1773 140 40 bringas
581 1784 42 20 ur
649 1776 143 29 världen
819 1777 97 30 inom
942 1778 116 39 rimlig
1085 1779 60 29 tid.

322 1826 12 28 I
359 1827 93 29 detta
477 1829 255 39 sammanhang
755 1830 59 29 vill
841 1831 168 29 utskottet
1034 1832 198 35 framhålla,
1259 1835 50 28 att
1334 1834 104 30 bland
1464 1836 67 29 alla
1557 1832 194 48 kategorier

264 1879 378 41 byggnadsföretagare
664 1882 96 29 finns
782 1883 127 40 många
932 1893 74 20 som
1028 1885 64 29 har
1114 1886 77 29 haft
1213 1887 64 29 och
1300 1887 153 39 alltjämt
1474 1889 63 28 har
1561 1891 93 28 stora
1677 1890 75 29 svå-

264 1933 153 38 righeter
439 1935 49 28 att
509 1935 11 28 i
543 1935 50 29 tid
616 1935 35 29 få
674 1936 75 29 sina
772 1936 333 39 byggnadskreditiv
1127 1940 242 39 omplacerade
1393 1941 51 29 till
1468 1942 189 30 bottenlån.
1692 1944 59 29 Ut-

265 1986 131 30 skottet
419 1987 115 29 finner
559 1989 58 28 det
640 1990 180 38 angeläget
843 1992 51 27 att
918 1991 125 39 Kungl.
1069 1992 105 39 Maj:t
1199 1994 332 38 uppmärksammar
1556 1996 101 30 dessa
1682 1997 69 29 för-

264 2039 190 30 hållanden
474 2041 65 29 och
560 2041 109 30 tillser
691 2044 49 27 att
761 2043 76 29 icke
859 2051 124 32 genom
1006 2045 139 39 statliga
1167 2046 160 39 åtgärder
1350 2047 124 30 hinder
1497 2057 93 21 reses
1612 2052 72 27 mot
1708 2059 43 20 en

264 2094 137 29 normal
420 2094 195 40 avlyftning
634 2105 41 20 av
693 2096 387 39 byggnadskreditiven.

320 2147 175 29 Utskottet
517 2157 74 20 som
613 2148 54 30 för
689 2149 54 29 sin
764 2150 54 29 del
840 2150 103 39 hyser
965 2152 56 28 det
1043 2152 87 29 allra
1153 2154 126 28 största
1301 2154 148 29 intresse
1471 2155 54 29 för
1547 2157 203 37 egnahems-

262 2199 198 40 byggandet
483 2202 64 28 och
571 2201 116 30 finner
711 2204 243 38 egnahemmet
976 2214 83 20 vara
1084 2206 67 29 den
1175 2206 54 30 för
1252 2207 293 40 barnfamiljerna
1570 2209 10 29 i
1604 2210 146 30 allmän-

263 2253 59 29 het
348 2254 169 30 idealiska
543 2255 283 30 bostadsformen
853 2257 65 29 och
944 2258 67 29 den
1038 2258 54 30 för
1121 2260 257 39 landsbygdens
1407 2262 53 28 del
1489 2263 89 28 enda
1605 2264 144 38 möjliga

263 2307 185 39 lösningen
471 2317 41 20 av
535 2308 269 41 bostadsfrågan
827 2320 103 20 anser
955 2311 51 40 sig
1028 2312 76 29 icke
1129 2313 121 30 kunna
1275 2314 176 39 tillstyrka
1475 2315 125 39 Kungl.
1626 2317 123 38 Maj:ts

264 2360 133 39 förslag
426 2363 49 27 att
505 2371 45 20 nu
582 2363 94 29 ännu
706 2372 43 20 en
778 2364 91 39 gång
898 2365 98 38 lägga
1026 2366 387 40 egnahemsbyggandet
1444 2369 111 29 under
1585 2369 163 30 kontroll.

263 2414 78 29 Med
361 2415 42 28 de
423 2414 217 41 förbilligade
660 2416 281 41 byggnadstyper
963 2427 74 20 som
1058 2428 146 21 numera
1225 2420 148 29 kommit
1395 2421 91 29 fram
1507 2423 38 29 är
1566 2423 56 29 det
1642 2423 107 39 enligt

264 2467 188 30 utskottets
475 2469 141 40 mening
639 2470 80 29 fullt
741 2471 139 39 möjligt
902 2473 50 28 att
974 2472 94 29 hålla
1090 2473 10 28 i
1124 2473 89 39 gång
1236 2483 43 20 en
1302 2474 214 39 produktion
1539 2485 42 20 av
1604 2485 57 20 en-
1684 2477 65 29 och
