2240 2634
726 178 255 30 Bankoutskottets
1002 179 151 28 utlåtande
1175 178 51 30 Nr
1249 180 48 27 54.
1820 181 17 27 7

228 254 444 48 förvaltningsbibliotek,
702 261 112 41 ägnat
841 256 57 35 sin
928 256 327 48 uppmärksamhet
1282 262 94 30 även
1405 259 36 33 åt
1468 256 72 36 den
1567 258 13 34 i
1608 259 230 35 motionerna

227 304 156 36 berörda
423 304 141 49 frågan.
619 305 127 36 Under
786 306 137 35 sådana
963 305 256 37 förhållanden
1260 307 93 35 hade
1396 308 179 35 utskottet
1602 308 79 36 icke
1709 307 130 37 funnit

226 355 62 35 det
327 368 85 23 vara
453 355 247 49 erforderligt,
742 362 53 30 att
836 356 122 37 denna
999 356 115 49 fråga,
1156 360 46 45 på
1230 362 73 31 sätt
1331 359 274 35 motionärerna
1632 358 203 49 föreslagit,

225 405 150 49 gjordes
402 407 58 34 till
488 405 154 37 föremål
670 406 58 36 för
755 408 157 35 särskild
941 408 210 47 utredning.
1191 407 188 37 Utskottet
1394 409 87 35 ville
1497 410 208 35 emellertid
1724 409 114 36 fram-

226 457 108 44 hålla,
364 462 54 30 att
446 458 177 35 utskottet
650 460 134 45 ansåge
811 457 131 48 frågan
970 471 86 23 vara
1085 471 43 23 av
1156 458 67 36 den
1252 459 183 46 betydelse,
1465 463 51 32 att
1536 461 68 34 den
1620 467 117 40 syntes
1752 460 85 36 böra

225 507 195 37 behandlas
443 507 206 46 fristående
677 508 62 35 och
766 509 81 35 dess
874 510 207 46 avgörande
1107 509 75 36 icke
1210 509 214 48 uppehållas
1451 522 45 23 av
1523 510 243 47 slutförandet
1793 523 45 23 av

226 557 227 37 kommitténs
480 559 168 47 uppdrag
674 558 14 35 i
714 559 122 48 övrigt.

326 608 193 36 Utskottet
558 610 84 34 kom
684 612 47 45 på
758 609 122 36 denna
906 617 71 41 väg
1003 611 58 34 till
1089 622 45 23 en
1162 610 220 36 hemställan
1411 616 53 30 att
1493 611 233 36 motionerna
1754 612 81 35 icke

227 661 112 33 måtte
368 660 58 34 till
453 662 122 45 någon
603 659 215 48 riksdagens
846 661 131 47 åtgärd
1006 660 198 36 föranleda.

328 709 74 36 Vid
439 710 171 36 ärendets
655 710 266 48 föredragning
965 712 12 34 i
1014 712 193 34 kamrarna
1233 710 126 37 bifölls
1388 712 199 35 utskottets
1615 713 220 35 hemställan

226 767 89 29 utan
343 760 125 36 vidare
495 762 12 33 i
535 760 114 36 andra
676 762 223 43 kammaren,
929 775 84 22 men
1037 763 11 33 i
1076 761 116 36 första
1218 762 213 36 kammaren
1450 762 161 48 begärde
1630 776 45 22 en
1694 776 44 23 av
1757 776 79 23 mo-

223 813 213 34 tionärerna
463 810 105 37 ordet
596 811 68 36 och
692 810 185 45 framhöll,
907 817 55 30 att
990 813 198 35 utskottets
1218 812 190 36 utlåtande
1436 813 131 36 endast
1594 813 166 36 formellt
1780 816 55 34 in-

226 861 141 36 nebure
407 867 54 30 ett
488 862 320 48 avslagsyrkande,
837 875 85 23 men
951 864 105 34 reellt
1084 867 54 31 ett
1165 863 262 48 tillstyrkande
1455 877 44 22 av
1527 865 201 34 motionen.
1782 865 54 35 På

225 925 139 22 samma
391 915 98 45 gång
515 914 141 34 talaren
684 913 125 35 anhöll
838 918 52 30 att
917 912 38 36 få
982 914 136 47 betyga
1145 915 296 34 motionärernas
1460 915 229 35 tacksamhet
1709 914 58 36 för
1781 920 53 31 att

225 963 181 35 utskottet
434 962 140 36 således
601 964 13 33 i
642 964 64 34 sak
732 964 259 47 tillmötesgått
1019 964 105 35 deras
1152 964 231 42 hemställan,
1412 966 87 34 ville
1527 965 140 35 talaren
1696 965 139 36 under-

224 1014 126 47 stryka
392 1012 71 36 den
503 1012 206 45 förväntan,
752 1019 52 30 att
844 1014 487 36 bibliotekskommitterade
1364 1015 79 36 icke
1472 1018 114 33 måtte
1613 1016 74 34 låta
1714 1016 124 35 denna

224 1063 104 49 fråga
375 1064 201 48 uppslukas
617 1077 42 22 av
700 1063 105 37 deras
848 1070 115 30 större
1005 1065 180 48 uppdrag,
1228 1070 99 38 utan,
1357 1069 118 32 såsom
1505 1066 180 35 utskottet
1712 1072 123 30 ansett

223 1115 183 47 lämpligt,
436 1114 181 36 behandla
645 1115 70 35 den
744 1114 213 46 fristående,
985 1118 39 32 så
1052 1121 53 30 att
1132 1120 52 31 ett
1212 1117 154 35 resultat
1386 1122 103 30 snart
1509 1119 114 33 måtte
1642 1116 191 49 föreligga.

325 1163 74 38 Går
426 1178 85 22 man
539 1168 39 32 så
605 1166 57 34 till
690 1165 499 36 bibliotekskommitterades
1217 1167 242 43 betänkande,
1490 1167 92 35 skall
1610 1180 84 22 man
1721 1168 112 43 finna,

224 1221 55 29 att
322 1215 102 35 dessa
466 1220 111 42 ägnat
606 1215 129 48 frågan
763 1229 46 22 en
836 1217 139 46 ganska
1001 1217 182 47 ingående
1211 1216 230 47 behandling
1468 1215 253 47 (Betänkande
1750 1218 84 35 med

223 1265 139 48 förslag
402 1278 59 22 om
490 1264 224 49 utvidgning
741 1279 43 22 av
812 1266 215 48 riksdagens
1056 1266 178 35 bibliotek
1261 1267 56 34 till
1346 1268 156 34 centralt
1530 1267 303 48 förvaltningsbi-
1870 1279 3 2 ”

223 1316 150 43 bliotek,
390 1317 146 46 avgivet
564 1328 44 22 av
635 1316 126 35 därtill
790 1316 223 36 förordnade
1041 1317 240 47 sakkunniga,
1312 1318 67 35 sid.
1411 1317 177 43 65—72.)
1634 1318 54 35 En
1716 1331 43 22 av
1787 1319 45 34 de

225 1366 295 43 kommitterade,
562 1366 216 48 riksdagens
814 1366 267 46 bibliotekarie,
1110 1367 91 35 hade
1230 1374 91 29 även
1350 1369 96 34 varit
1472 1369 12 34 i
1512 1367 147 36 tillfälle
1687 1373 54 31 att
1768 1369 63 35 be-

222 1416 185 36 träffande
436 1416 137 36 danska
600 1417 196 46 riksdagen
824 1420 47 45 på
898 1423 59 30 ort
984 1418 68 35 och
1081 1418 105 35 ställe
1214 1418 149 35 studera
1391 1417 290 37 förhållandena.
1715 1419 118 35 Emel-

222 1466 108 36 lertid
360 1467 177 35 stannade
565 1467 281 36 kommitterade
873 1467 62 36 vid
950 1473 54 30 att
1030 1467 135 36 föreslå
1193 1469 167 47 uppskov
1380 1469 83 35 med
1482 1470 129 35 sakens
1631 1469 200 44 ordnande,

223 1519 76 34 tills
329 1517 62 36 det
418 1516 217 50 ifrågasatta
662 1518 284 48 bytesväsendet
974 1518 92 36 först
1094 1519 294 36 internationellt
1415 1519 152 36 ordnats
1595 1521 67 34 och
1682 1522 150 46 organi-

222 1573 126 30 serats.
404 1567 141 37 Genom
586 1573 54 30 ett
679 1568 131 36 sådant
838 1569 179 47 uppskov,
1047 1576 85 41 säga
1159 1570 292 43 kommitterade,
1480 1570 160 36 behöver
1666 1571 31 46 ej
1728 1570 104 36 befa-

222 1631 68 31 ras,
321 1624 55 29 att
404 1619 110 35 saken
543 1619 57 35 för
626 1620 128 46 längre
781 1619 55 35 tid
864 1620 92 34 skall
985 1620 140 46 skjutas
1155 1620 135 35 undan.
1352 1621 99 35 »Den
1479 1628 67 40 gör
1574 1621 56 48 sig
1650 1621 75 35 helt
1739 1622 90 34 visst

223 1669 162 46 påmind,
427 1669 68 35 och
531 1668 62 36 det
622 1676 40 28 är
689 1674 54 30 att
770 1675 145 41 antaga,
945 1675 53 30 att
1026 1670 71 35 den
1125 1671 91 34 skall
1244 1669 109 48 följas
1381 1671 83 34 med
1491 1672 156 34 intresse
1675 1672 67 34 och
1770 1672 62 34 vid

223 1719 132 47 lägligt
382 1718 148 36 tillfälle
557 1719 149 48 bringas
736 1720 119 34 under
881 1719 218 48 riksdagens
1127 1721 215 46 prövning.»

323 1768 268 36 Övannämnda
618 1770 183 35 motioner
829 1782 88 23 voro
946 1773 46 44 på
1019 1771 57 34 sin
1104 1770 54 35 tid
1187 1769 154 36 föremål
1368 1770 57 36 för
1453 1784 45 22 en
1521 1771 222 35 intresserad
1763 1772 67 34 och

222 1819 166 48 välvillig
417 1819 226 48 behandling
669 1820 12 34 i
710 1833 160 34 pressen.
925 1819 126 37 Såsom
1080 1822 166 46 exempel
1275 1821 115 48 härpå
1418 1824 58 32 må
1499 1821 147 36 anföras
1666 1820 165 49 följande

221 1869 144 36 slutord
404 1871 12 33 i
457 1882 45 23 en
543 1870 131 35 artikel
710 1872 12 32 i
750 1870 244 36 Aftonbladet
1022 1870 71 36 den
1122 1873 20 32 4
1171 1883 96 23 mars
1299 1873 110 34 1913:
1469 1871 72 36 »På
1569 1884 138 23 samma
1733 1875 98 45 gång

222 1933 84 22 man
336 1920 66 35 har
429 1920 201 48 anledning
659 1933 86 23 vara
773 1922 184 35 utskottet
984 1922 162 35 tacksam
1175 1920 57 37 för
1260 1921 70 36 den
1360 1921 209 37 förstående
1597 1923 67 35 och
1692 1923 139 35 tillmö-

221 1970 199 48 tesgående
456 1970 240 48 ståndpunkt,
738 1971 61 35 det
839 1972 11 34 i
888 1972 192 35 huvudsak
1107 1973 134 46 intagit
1268 1974 57 33 till
1353 1985 51 22 nu
1431 1971 254 49 föreliggande
1714 1972 115 49 fråga,

220 2021 118 34 skulle
367 2033 83 22 man
478 2028 116 40 gärna
621 2034 48 30 se,
698 2034 59 21 om
785 2021 196 48 riksdagen
1010 2021 179 35 befunnes
1216 2035 87 22 vara
1329 2022 167 47 benägen
1525 2028 53 29 att
1605 2036 132 34 genom
1767 2036 64 34 po-

221 2071 101 33 sitivt
363 2071 121 34 beslut
524 2070 134 35 betona
700 2071 137 42 vikten,
880 2078 99 28 ännu
1013 2075 113 43 något
1153 2071 201 47 kraftigare
1384 2079 44 27 än
1458 2073 181 34 utskottet
1667 2071 163 36 formellt

219 2120 100 47 gjort
347 2119 74 44 det,
450 2133 44 21 av
522 2125 52 29 att
602 2120 169 47 åtgärder
798 2127 146 28 snarast
972 2121 132 48 möjligt
1124 2121 165 47 vidtagas
1309 2123 10 32 i
1340 2121 97 49 syfte
1457 2127 53 29 att
1529 2122 134 35 bereda
1682 2121 148 47 Sverige

222 2170 193 46 möjlighet
452 2175 52 29 att
532 2169 147 48 deltaga
706 2171 11 33 i
746 2170 63 36 det
836 2171 302 35 internationella
1164 2171 87 48 byte
1280 2184 42 22 av
1351 2171 258 48 sammandrag
1638 2177 85 29 utav
1751 2173 78 34 vik-
