1860 2794
391 151 118 29 Andra
534 151 245 40 lagutskottets
804 152 178 31 utlåtande
1006 162 42 20 nr
1071 154 42 29 20
1136 153 39 29 år
1200 154 83 29 1955
1568 154 19 29 3

122 235 265 39 Föredragande
406 235 396 40 departementschefen,
821 236 188 30 statsrådet
1026 237 212 38 Andersson,
1259 237 154 30 uttalade
1430 237 10 29 i
1458 246 125 31 propo-

77 285 106 29 sition
203 294 41 20 nr
267 285 61 30 182
350 286 37 29 år
410 286 93 34 1952,
525 288 74 28 vari
620 287 164 39 förslaget
804 287 51 29 till
877 287 208 39 kungörelse
1106 288 78 29 med
1205 288 93 30 vissa
1317 288 263 29 bestämmelser

77 344 56 20 om
150 336 119 38 cyklar
288 337 78 28 med
383 336 216 40 hjälpmotor
616 337 171 30 förelades
806 337 197 40 riksdagen,
1022 338 45 29 bl.
1085 347 30 20 a.
1133 340 50 27 att
1200 339 381 38 ansvarighetsförsäk-

77 386 77 39 ring
173 386 54 29 för
247 387 125 38 moped
390 387 143 39 givetvis
553 388 10 28 i
582 388 65 28 och
667 388 53 29 för
739 388 51 39 sig
807 397 80 20 vore
905 389 177 29 önskvärd
1100 389 65 29 och
1184 389 93 29 detta
1297 389 176 30 måhända
1493 390 10 28 i
1521 390 60 29 nå-

76 438 58 37 got
151 436 106 39 högre
277 437 84 38 grad
381 438 44 29 än
446 437 54 30 för
519 438 109 39 cykel.
650 438 116 39 Enligt
784 439 388 38 departementschefen
1194 440 105 33 torde,
1320 440 116 29 såsom
1457 440 124 29 trafik-

77 487 428 40 försäkringsföreningen
527 488 204 34 framhållit,
753 498 42 20 en
816 488 145 31 effektiv
981 490 153 29 kontroll
1156 491 176 38 knappast
1351 491 122 29 kunna
1495 500 86 30 upp-

77 537 183 31 rätthållas
293 539 86 27 utan
410 538 360 40 registreringstvång.
803 540 102 28 Detta
940 540 113 30 skulle
1086 541 203 33 emellertid,
1324 541 167 30 framhöll
1524 542 56 29 de-

76 588 341 38 pariementschefen
439 589 129 33 vidare,
592 590 156 29 medföra
771 590 30 39 ej
825 590 197 40 obetydliga
1043 591 184 39 praktiska
1248 591 222 40 olägenheter
1493 591 88 30 både

77 637 54 29 för
157 638 289 39 myndigheterna
473 639 65 29 och
563 640 55 29 för
644 640 287 39 fordonsägarna.
958 641 51 29 En
1035 642 78 29 med
1138 642 345 38 registreringstvång
1511 643 70 29 för-

75 688 153 37 knippad
251 688 226 37 obligatorisk
499 689 198 39 försäkring
719 691 96 29 torde
837 690 118 30 därför
977 691 29 37 ej
1031 692 85 29 böra
1140 693 136 36 stadgas
1299 695 80 27 utan
1404 695 97 35 tungt
1523 694 57 29 vä-

76 738 108 37 gande
211 739 85 28 skäl.
320 739 384 37 Departementschefen
729 741 162 30 framhöll
917 743 86 28 även
1027 744 49 28 att
1099 743 66 29 den
1192 743 136 37 typiska
1352 743 228 38 trafikfarlig-

76 788 101 30 heten
200 789 64 31 hos
290 790 98 36 cykel
414 790 77 29 med
518 790 210 37 hjälpmotor
754 791 140 30 föreföll
920 794 48 28 att
994 802 83 20 vara
1103 794 157 29 avsevärt
1285 794 134 30 mindre
1446 795 43 29 än
1515 795 64 29 hos

77 839 371 40 lättviktsmotorcykel
474 841 65 29 och
566 842 157 29 närmast
748 842 180 40 jämförlig
956 843 79 29 med
1061 844 67 29 den
1154 844 63 29 hos
1243 845 217 39 trampcykel
1488 847 91 27 samt

75 889 146 30 anförde
242 890 119 30 vidare
383 890 167 40 följande.

121 949 76 29 Med
219 950 138 38 hänsyn
379 950 51 29 till
452 951 66 29 den
541 951 78 39 låga
640 952 180 35 riskklass,
843 962 82 20 man
948 953 149 30 sålunda
1119 956 10 28 i
1153 954 99 39 fråga
1275 964 56 20 om
1354 956 123 38 cykeln
1499 957 81 29 med

76 991 214 39 hjälpmotor
311 992 158 30 kommer
488 994 66 29 ned
575 993 62 35 till,
657 1003 103 30 synes
777 995 56 29 det
851 995 176 40 knappast
1044 996 120 31 finnas
1184 996 189 40 tillräcklig
1391 998 189 39 anledning

76 1035 50 27 att
149 1033 69 30 låta
240 1033 154 31 trafiken
416 1036 79 28 med
518 1035 125 30 sådant
666 1036 126 30 fordon
814 1037 84 29 bära
920 1038 243 39 belastningen
1186 1048 43 20 av
1251 1048 43 20 en
1317 1040 79 29 med
1419 1039 160 39 registre-

76 1075 203 39 ringstvång
295 1076 145 30 förenad
457 1077 320 41 försäkringsplikt.
806 1079 140 30 Funnes
965 1089 44 21 en
1025 1089 117 21 annan
1160 1081 325 39 försäkringsform,
1505 1091 74 21 som

74 1118 164 38 medgåve
258 1118 149 31 effektiv
427 1120 154 29 kontroll
602 1122 84 28 utan
707 1122 51 28 att
778 1121 150 39 oskäligt
948 1122 152 39 betunga
1121 1123 251 39 fordonsägare
1393 1125 65 29 och
1479 1134 99 29 myn-

75 1159 166 39 digheter,
271 1160 117 30 kunde
417 1161 177 30 måhända
624 1162 225 40 obligatorisk
879 1163 202 41 försäkring
1111 1174 84 20 vara
1222 1166 203 29 motiverad.
1457 1167 121 29 Såsom

75 1203 141 29 nämnts
238 1211 102 30 synes
361 1203 88 30 dock
470 1204 54 29 för
546 1205 217 30 närvarande
786 1206 107 29 sådan
914 1206 315 40 försäkrtingsform
1252 1208 175 40 knappast
1449 1209 54 30 stå
1525 1209 52 29 till

74 1244 99 29 buds.

120 1286 119 29 Såsom
263 1286 539 42 trafikförsäkringsföreningen
827 1291 173 34 anmärkt,
1025 1291 179 30 förefaller
1228 1292 56 29 det
1306 1293 121 29 vidare
1449 1293 127 40 troligt,

74 1330 50 27 att
146 1329 41 28 de
210 1338 97 21 mera
329 1329 224 31 förutseende
574 1332 64 29 och
662 1333 334 30 ansvarskännande
1019 1335 131 37 ägarna
1174 1344 42 20 av
1238 1335 99 38 cykel
1361 1337 78 28 med
1463 1336 114 40 hjälp-

74 1371 113 29 motor
215 1372 87 28 även
328 1373 85 28 utan
441 1372 227 40 obligatorisk
695 1373 200 40 försäkring
922 1375 11 28 i
961 1375 195 39 betydande
1186 1377 245 40 utsträckning
1459 1378 118 30 skaffa

75 1412 51 38 sig
151 1412 219 40 erforderligt
395 1414 345 40 försäkringsskydd.
769 1416 96 29 Efter
892 1419 65 28 vad
986 1417 80 30 från
1094 1418 293 40 försäkringshåll
1415 1421 161 38 upplysts

74 1454 97 30 torde
188 1455 57 28 det
264 1455 31 38 ej
315 1455 167 39 föreligga
500 1457 106 38 något
624 1457 154 30 tekniskt
796 1459 125 29 hinder
937 1461 72 27 mot
1028 1461 50 28 att
1096 1460 95 29 inom
1208 1470 123 21 ramen
1350 1471 42 20 av
1409 1463 66 29 den
1493 1471 83 21 van-

73 1495 69 40 liga
159 1496 604 42 privatansvarighetsförsäkringen
785 1500 124 30 bereda
929 1501 125 29 sådant
1073 1502 112 39 skydd
1203 1505 73 27 mot
1294 1512 42 20 en
1354 1504 137 30 mindre
1509 1505 68 28 till-

74 1538 239 39 läggspremie.
333 1539 182 31 Huruvida
535 1541 148 39 skyddet
702 1542 89 29 skall
811 1543 135 29 lämnas
966 1544 44 38 på
1029 1545 94 29 detta
1145 1545 67 28 sätt
1231 1545 82 30 eller
1332 1546 10 28 i
1361 1545 91 30 form
1472 1556 42 20 av
1533 1556 42 20 en

75 1582 137 37 separat
236 1581 201 39 försäkring
462 1583 97 29 torde
585 1584 191 30 emellertid
803 1584 35 30 få
864 1586 144 38 avgöras
1034 1585 88 30 efter
1146 1588 67 29 vad
1240 1596 75 21 som
1341 1587 235 41 försäkrings-

75 1622 144 39 mässigt
238 1622 95 31 visar
357 1624 51 39 sig
426 1626 90 28 mest
536 1626 186 38 praktiskt.

118 1664 47 30 På
184 1666 112 37 grund
318 1675 42 20 av
378 1667 66 29 vad
463 1676 47 20 nu
531 1667 136 30 anförts
687 1677 102 21 anser
807 1669 59 39 jag
886 1669 71 40 mig
977 1670 75 30 icke
1072 1670 54 30 för
1148 1672 217 30 närvarande
1385 1673 84 29 böra
1490 1683 86 30 upp-

73 1708 79 37 taga
176 1707 87 30 krav
286 1708 46 38 på
357 1708 321 40 försäkringsplikt.
704 1710 136 40 Frågan
866 1712 123 29 härom
1015 1713 97 29 torde
1140 1714 191 30 emellertid
1357 1715 85 30 böra
1468 1715 107 40 följas

72 1750 79 29 med
169 1750 313 38 uppmärksamhet
499 1751 10 28 i
526 1751 282 40 fortsättningen.

117 1816 118 29 Andra
252 1816 227 40 lagutskottet
494 1819 217 31 behandlade
726 1821 262 39 propositionen
1004 1822 12 29 i
1034 1822 59 30 sitt
1110 1823 180 30 utlåtande
1308 1833 40 20 nr
1365 1824 40 30 43
1424 1826 37 29 år
1480 1826 94 29 1952.

75 1866 173 30 Utskottet
271 1868 165 29 framhöll
461 1869 122 29 härvid
609 1872 49 27 att
681 1871 169 29 utskottet
874 1872 119 29 funnit
1018 1873 124 38 frågan
1167 1883 56 20 om
1248 1874 327 41 försäkringstvång

72 1917 138 39 mycket
237 1918 168 29 tveksam.
433 1919 128 29 Kravet
589 1920 43 39 på
659 1921 445 41 ansvarighetsförsäkring
1131 1924 140 29 föreföll
1300 1925 191 31 emellertid
1521 1929 52 27 ut-

73 1967 128 29 skottet
227 1967 149 39 befogat.
418 1969 173 30 Utskottet
618 1971 145 30 anförde
789 1972 117 29 vidare
933 1973 44 29 bl.
1007 1983 45 20 a.:

118 2025 175 29 Utskottet
317 2027 94 29 delar
435 2028 66 28 den
529 2029 279 39 uppfattningen,
834 2032 49 28 att
906 2041 82 19 man
1013 2042 56 19 om
1096 2033 136 39 möjligt
1257 2034 61 29 bör
1345 2036 154 30 undvika
1525 2046 49 19 re-

73 2067 320 40 gistreringstvång.
410 2069 237 31 Lättnaderna
664 2071 83 30 böra
764 2072 90 30 bliva
872 2073 159 30 radikala
1048 2075 64 29 och
1131 2075 269 32 föreskrifterna
1417 2078 38 29 så
1470 2079 104 29 enkla

73 2119 74 18 som
166 2109 147 39 möjligt.
331 2109 25 30 Å
374 2111 107 30 andra
501 2112 101 29 sidan
619 2114 68 29 tala
705 2115 155 37 vägande
878 2115 74 29 skäl
971 2116 54 29 för
1045 2118 50 27 att
1113 2126 81 20 man
1212 2117 63 30 bör
1292 2118 114 31 införa
1424 2120 150 29 bestäm-

72 2151 124 29 melser
213 2161 57 19 om
287 2152 225 39 obligatorisk
531 2155 452 40 ansvarighetsförsäkring.
1013 2158 126 39 Cyklar
1159 2160 76 29 med
1254 2160 213 40 hjälpmotor
1486 2163 87 28 kun-

73 2202 44 19 na
144 2193 105 38 enligt
279 2195 189 30 utskottets
494 2196 215 30 bedömande
738 2199 75 30 icke
842 2207 100 20 anses
972 2200 37 28 så
1038 2200 158 39 ofarliga,
1226 2203 50 28 att
1305 2203 182 29 föreskrift
1516 2214 56 19 om

72 2234 226 38 obligatorisk
326 2237 443 39 ansvarighetsförsäkring
797 2240 110 28 skulle
936 2241 120 30 kunna
1085 2251 101 20 anses
1214 2244 195 38 opåkallad.
1440 2246 133 38 Svårig-

72 2277 101 28 heten
199 2278 37 27 är
258 2279 50 27 att
330 2278 130 30 erhålla
483 2289 41 19 en
549 2280 323 30 tillfredsställande
896 2282 90 28 form
1010 2283 55 29 för
1087 2284 95 37 dylik
1208 2284 210 40 försäkring.
1454 2287 118 29 Redan

72 2318 109 28 under
201 2318 382 40 remissbehandlingen
604 2331 40 20 av
664 2323 517 39 deparlemenlspromemorian
1203 2327 154 39 uppkom
1379 2329 130 29 tanken
1530 2330 44 38 på

72 2360 50 28 all
146 2359 112 30 införa
283 2369 42 19 en
350 2362 357 39 engångsförsäkring
732 2364 53 29 för
810 2367 135 26 motorn
971 2367 48 27 atl
1048 2368 95 36 tagas
1170 2368 7 28 i
1205 2369 167 29 samband
1400 2372 76 28 med
1503 2371 70 29 för-

73 2401 196 38 säljningen
294 2412 42 19 av
359 2404 135 29 motorn
520 2404 63 29 och
608 2405 86 37 gälla
720 2405 76 30 hela
820 2406 132 30 dennas
979 2407 125 30 livstid.
1141 2409 96 30 Efter
1262 2411 56 28 del
1344 2412 228 30 förevarande

71 2444 215 38 proposition
305 2445 164 38 förelagts
487 2446 185 39 riksdagen
689 2447 63 29 har
771 2448 125 29 tanken
916 2450 44 38 på
977 2459 40 20 en
1036 2451 358 41 engångsförsäkring
1411 2456 161 29 närmare
