1870 2778
276 188 43 30 54
672 183 253 28 Statsutskottets
949 183 162 28 utlåtande
1134 191 39 18 nr
1196 183 16 26 4
1235 183 36 27 år
1293 183 75 27 1957

589 266 49 28 att
665 265 187 39 riksdagen
879 264 56 30 må
960 264 53 29 till
1041 263 231 39 Flygvapnet:
1300 262 124 39 Övriga
1452 271 168 30 expenser
1645 271 45 19 m.
1719 270 44 20 m.

546 318 53 30 för
613 317 204 40 budgetåret
835 317 141 31 1957/58
993 317 121 29 anvisa
1129 319 48 27 ett
1193 315 357 39 reservationsanslag
1567 324 41 20 av
1624 315 61 29 265
1701 314 63 30 000

545 372 139 28 kronor.

852 494 330 28 MATHÅLLNING

336 575 97 33 96:0)
464 576 227 39 Flygvapnet:
719 575 244 39 Mathållning.
1006 574 11 29 I
1045 572 152 40 enlighet
1225 573 78 29 med
1332 572 124 38 Kungl.
1485 571 123 39 Maj:ts
1636 571 130 38 förslag

286 628 130 39 (punkt
442 627 72 34 110,
539 637 25 20 s.
591 627 60 30 164
674 627 64 30 och
765 627 92 34 165),
881 626 238 30 innebärande
1143 635 43 21 en
1210 625 292 40 anslagshöjning
1526 634 42 20 av
1593 625 18 29 2
1626 624 62 30 850
1702 624 63 29 000

281 681 129 29 kronor
439 681 79 30 med
546 681 135 39 hänsyn
710 681 52 29 till
790 681 82 29 ökat
900 681 95 28 antal
1025 679 363 40 tjänstgöringsdagar
1416 679 65 29 och
1509 678 77 39 höjt
1615 678 151 29 normal-

280 734 244 40 portionspris,
549 734 200 30 hemställer
773 734 179 33 utskottet,
1136 763 3 2 .

592 789 50 28 att
664 788 188 39 riksdagen
876 787 57 29 må
956 787 53 29 till
1033 787 231 38 Flygvapnet:
1289 785 233 39 Mathållning
1546 785 55 30 för
1624 785 143 38 budget-

550 841 72 29 året
646 840 141 31 1957/538
809 840 120 29 anvisa
952 842 49 28 ett
1024 839 274 40 förslagsanslag
1321 848 41 20 av
1386 838 95 30 8300
1496 838 63 29 000
1583 838 140 29 kronor.

664 982 580 28 INTENDENTURMATERIEL
1284 982 40 26 M.
1349 981 40 26 M.

338 1061 98 34 97:0)
467 1062 227 40 Flygvapnet:
717 1061 207 31 Beklädnad
945 1072 47 19 m.
1015 1072 47 18 m.
1098 1060 12 28 I
1132 1059 153 39 enlighet
1306 1059 79 29 med
1407 1058 126 39 Kungl.
1556 1058 123 39 Maj:ts
1701 1058 69 29 för-

284 1114 73 40 slag
381 1114 132 40 (punkt
536 1114 70 34 111,
627 1124 25 19 s.
674 1113 204 34 165-168),
899 1113 238 30 innebärande
1158 1122 42 20 en
1220 1121 42 20 av
1281 1113 83 29 ökat
1385 1112 95 29 antal
1501 1111 268 40 tjänstgörings-

284 1168 106 39 dagar
409 1168 65 30 och
493 1167 108 39 höjda
620 1167 411 39 reparationskostnader
1052 1166 184 30 föranledd
1256 1165 290 40 anslagshöjning
1567 1174 42 20 av
1629 1165 61 29 625
1706 1164 62 30 000

284 1221 139 34 kronor,
450 1220 201 30 hemställer
677 1220 179 33 utskottet,

595 1275 50 28 att
663 1273 186 40 riksdagen
868 1273 56 29 må
941 1273 53 29 till
1012 1273 230 39 Flygvapnet:
1262 1272 203 29 Beklädnad
1484 1281 44 20 m.
1548 1281 44 19 m.
1613 1272 54 30 för
1685 1272 84 29 bud-

552 1327 129 39 getåret
717 1326 141 31 1957/58
891 1326 122 29 anvisa
1047 1328 48 27 ett
1129 1326 357 38 reservationsanslag
1522 1334 41 20 av
1597 1326 18 29 6
1630 1325 62 30 1400
1707 1324 62 31 000

552 1380 139 29 kronor.

341 1496 98 34 98:0)
470 1498 227 39 Flygvapnet:
722 1497 218 30 Inventarier
962 1508 47 19 m.
1033 1508 47 18 m.
1118 1495 124 39 Kungl.
1267 1496 105 38 Maj:t
1395 1495 63 29 har
1482 1495 180 39 föreslagit
1686 1495 87 29 riks-

284 1549 112 40 dagen
422 1549 133 40 (punkt
578 1549 70 33 112,
669 1558 25 20 s.
718 1548 188 34 168—170)
933 1550 51 28 att
1005 1548 51 30 till
1077 1548 269 40 ifrågavarande
1368 1548 164 31 ändamål
1555 1548 54 30 för
1630 1548 143 39 budget-

285 1603 74 30 året
384 1602 141 31 1957/58
549 1603 119 29 anvisa
692 1604 48 27 ett
766 1602 356 39 reservationsanslag
1146 1611 42 20 av
1213 1603 13 28 1
1247 1601 60 30 100
1322 1602 63 30 000
1409 1602 141 30 kronor.

340 1710 127 29 Vidare
496 1710 64 29 har
587 1709 10 29 i
625 1709 204 30 förberörda
857 1709 133 29 motion
1020 1709 44 29 11:
1083 1708 60 30 159
1172 1718 41 20 av
1242 1709 80 29 herr
1351 1708 226 31 Christenson
1605 1709 11 29 i
1644 1709 128 29 Malmö

285 1772 46 21 m.
346 1762 39 41 fl.
401 1762 209 34 hemställts,
626 1764 50 28 att
692 1762 187 39 riksdagen
897 1762 108 30 måtte
1024 1762 134 29 besluta
1176 1764 51 28 att
1243 1763 49 28 ett
1308 1762 121 39 anslag
1446 1762 20 30 å
1484 1761 63 31 800
1562 1761 62 31 000
1643 1762 129 29 kronor

286 1816 107 30 måtte
417 1816 148 39 beviljas
589 1816 51 29 till
664 1815 241 39 förstärkning
929 1825 43 20 av
997 1815 171 40 utgående
1193 1815 122 40 anslag
1341 1815 51 30 till
1417 1815 42 30 de
1484 1815 94 30 olika
1603 1815 170 30 försvars-

286 1878 172 31 grenarna
483 1869 55 30 för
562 1869 277 40 nyanskaffning
862 1878 42 20 av
928 1869 200 29 madrasser
1151 1869 65 29 och
1240 1878 117 20 annan
1382 1869 302 39 sängutrustning.

341 1976 166 40 Anslaget
529 1978 38 28 är
590 1976 52 29 för
662 1976 235 29 innevarande
918 1976 170 39 budgetår
1109 1975 144 40 uppfört
1275 1975 78 30 med
1376 1976 14 28 1
1407 1975 62 30 035
1485 1975 63 30 000
1570 1975 140 30 kronor.

342 2029 394 41 Departementschefen
767 2029 145 29 föreslår
943 2030 50 28 att
1023 2029 156 39 anslaget
1209 2028 79 30 med
1317 2029 138 39 hänsyn
1484 2028 52 29 till
1566 2028 82 30 ökat
1678 2028 95 30 antal

287 2083 364 40 tjänstgöringsdagar
673 2083 64 29 och
760 2082 107 40 höjda
889 2083 113 39 priser
1025 2082 99 39 höjes
1148 2082 79 29 med
1250 2082 40 30 65
1306 2081 62 30 000
1392 2082 141 29 kronor.

343 2190 187 29 Utskottet.
566 2190 11 28 I
602 2190 150 39 enlighet
777 2190 77 29 med
878 2190 125 39 Kungl.
1028 2189 123 39 Maj:ts
1177 2188 131 40 förslag
1333 2188 55 30 får
1413 2189 181 33 utskottet,
1619 2197 75 20 som
1717 2188 57 29 vid

286 2243 259 40 behandlingen
566 2253 42 19 av
627 2244 139 29 arméns
789 2243 246 29 motsvarande
1056 2242 121 39 anslag
1198 2244 109 38 yttrat
1329 2242 51 39 sig
1401 2242 10 29 i
1433 2242 190 39 anledning
1644 2251 42 20 av
1707 2241 68 30 den

288 2296 238 40 föreliggande
556 2297 188 33 motionen,
773 2296 195 34 hemställa,

599 2352 49 27 att
669 2350 187 39 riksdagen
877 2349 67 34 må,
967 2350 79 29 med
1068 2349 98 30 bifall
1190 2349 50 30 till
1264 2349 124 39 Kungl.
1411 2349 124 39 Maj:ts
1559 2348 130 39 förslag
1711 2348 65 29 och

556 2403 77 30 med
653 2403 118 39 avslag
792 2403 19 30 å
831 2403 179 29 motionen
1032 2403 44 29 II:
1096 2402 71 34 159,
1188 2402 105 30 såvitt
1313 2411 47 21 nu
1382 2403 38 29 är
1441 2403 11 28 i
1474 2401 110 39 fråga,
1605 2401 51 30 till
1676 2401 100 39 Flyg-

557 2458 140 38 vapnet:
721 2456 217 30 Inventarier
962 2465 45 20 m.
1033 2466 45 19 m.
1104 2456 54 30 för
1182 2456 205 39 budgetåret
1415 2454 141 31 1957/58
1582 2454 120 30 anvisa
1728 2456 47 28 ett

555 2510 355 39 reservationsanslag
941 2519 43 20 av
1017 2511 12 28 1
1050 2509 59 30 100
1124 2509 63 30 000
1217 2509 140 30 kronor.
