2191 2653
617 202 405 36 Konstitutionsutskottets
1051 205 169 34 Utlåtande
1243 208 61 31 N:o
1327 209 29 31 7.
1701 211 63 33 313

211 293 64 35 nu,
305 280 47 37 då
380 281 130 37 Andra
538 281 232 39 Kammaren
794 285 86 37 med
909 285 82 37 sina
1021 287 73 36 230
1121 285 208 38 ledamöter
1357 287 76 37 kan
1461 288 11 37 i
1498 288 133 50 hvarje
1650 303 156 36 gemen-

212 346 78 22 sam
328 334 179 49 votering
534 339 95 44 göra
657 335 136 38 Första
819 337 232 39 Kammaren
1079 339 175 48 maktlös,
1285 344 91 32 enär
1404 340 124 38 denna
1555 342 98 36 blott
1681 343 126 50 dispo-

211 398 111 24 nerar
352 387 72 36 150
453 391 133 33 röster.

339 438 70 35 Att
450 440 325 48 omstörtningens
817 446 88 32 män
945 443 100 36 helst
1085 443 89 36 ville
1216 444 171 49 förpassa
1415 445 86 36 hela
1528 446 135 36 Första
1690 448 115 36 Kam-

211 501 130 25 maren
383 490 50 36 all
473 490 178 38 världens
691 497 78 44 väg
811 493 70 37 och
909 494 124 37 införa
1060 500 55 32 ett
1142 496 219 49 tyranniskt
1390 497 329 39 enkammarvälde
1748 500 58 37 till

211 541 150 37 fördärf
385 543 59 36 för
470 543 89 36 land
587 544 70 36 och
685 544 92 49 rike,
807 550 41 32 är
875 552 178 43 nogsamt
1072 548 152 45 bekant,
1246 549 69 35 och
1334 549 266 38 kännedomen
1621 564 60 23 om
1702 552 104 37 detta

210 594 149 47 ganska
392 594 143 50 tydligt
567 595 283 39 framträdande
879 599 101 49 syfte
1008 599 116 37 borde
1152 613 91 23 vara
1271 600 208 50 tillräcklig
1507 602 58 36 för
1593 603 72 36 alla
1693 608 112 33 stats-

210 645 300 50 författningens
547 652 147 33 vänner
722 654 54 31 att
804 650 12 36 i
844 649 67 49 tid,
942 651 70 37 och
1040 651 117 37 innan
1186 652 62 36 det
1276 657 101 32 ännu
1406 658 41 32 är
1476 653 58 38 för
1562 660 94 43 sent,
1686 660 119 33 värna

210 711 61 22 om
299 701 86 34 vårt
413 700 223 36 statsskicks
668 701 197 49 byggnad,
895 706 40 33 så
964 708 55 32 att
1047 704 73 36 den
1149 704 33 49 ej
1214 704 40 36 af
1278 705 195 37 vårdslösa
1502 707 90 36 eller
1620 715 184 30 samvets-

209 749 81 37 lösa
317 750 145 37 händer
489 752 139 36 varder
655 753 211 38 nedrifven.

341 801 130 38 Såsom
513 816 46 24 en
600 804 205 50 högviktig
846 806 68 37 sak
954 810 121 33 måste
1117 807 127 37 därför
1281 809 74 36 den
1384 811 186 47 åtgärden
1598 812 205 48 betraktas,

210 858 55 32 att
302 854 223 38 kamrarnas
567 859 408 37 sammanstämmande
1003 859 125 37 beslut
1156 859 90 38 eller
1274 861 183 50 möjligen
1486 875 47 24 en
1561 863 244 39 kvalificerad

208 906 193 49 majoritet
427 929 52 4 —
506 908 70 36 och
609 908 83 37 icke
721 912 124 34 såsom
873 924 52 23 nu
954 911 73 36 den
1055 911 113 37 enkla
1195 913 244 49 majoriteten
1467 914 12 36 i
1508 928 47 23 en
1583 929 221 35 gemensam

207 958 180 50 votering
406 981 50 5 —
470 960 134 49 lägges
623 960 58 37 till
700 962 126 48 grund
846 962 58 37 för
923 963 265 49 bevillningar,
1210 965 90 37 allra
1319 966 99 37 helst
1438 980 80 23 som
1539 968 266 38 erfarenheten

207 1010 113 49 visar,
352 1016 54 32 att
436 1012 73 36 den
538 1013 189 37 allmänna
754 1019 228 33 rösträttens
1010 1018 418 47 representantkamrar
1451 1020 114 37 hafva
1585 1033 46 24 en
1650 1021 154 49 mycket

207 1063 105 36 stark
340 1063 246 49 benägenhet
615 1070 55 32 att
697 1078 141 36 genom
867 1067 171 50 oskäliga
1067 1068 145 37 skatter
1239 1069 12 36 i
1279 1071 344 48 partiändamålens
1642 1073 161 37 intresse

206 1115 210 49 nedtrycka
444 1116 283 50 näringslifvet,
757 1118 156 38 därmed
941 1119 213 38 beredande
1183 1122 200 37 samhället
1411 1124 70 36 och
1511 1124 118 37 folket
1657 1125 147 49 obotlig

206 1167 129 36 skada.
391 1168 94 36 Vårt
525 1170 216 48 grannland
782 1171 131 49 Norge
940 1172 104 36 visar
1073 1185 61 24 oss
1157 1173 82 49 just
1266 1187 51 23 nu
1346 1180 54 31 ett
1427 1176 93 49 föga
1548 1177 255 50 efterföljans-

205 1219 112 36 värdt
345 1221 183 49 exempel,
557 1234 81 24 som
667 1222 86 37 med
781 1223 133 49 hvarje
943 1224 76 48 dag
1047 1224 136 37 blifver
1210 1239 104 23 mera
1343 1227 309 39 afskräckande.»

334 1425 181 38 Förutom
544 1427 46 36 de
617 1427 240 51 handlingar,
887 1431 58 36 för
973 1432 149 37 hvilkas
1150 1433 168 36 innehåll
1345 1446 52 23 nu
1416 1433 127 37 blifvit
1562 1434 235 51 redogjordt,

204 1476 127 48 hafva,
375 1479 95 35 efter
510 1479 130 36 därom
674 1480 42 36 af
737 1482 189 37 utskottet
953 1483 70 37 hos
1051 1483 283 38 vederbörande
1362 1485 113 50 gjord
1501 1482 295 61 framställning,

204 1529 86 36 från
310 1529 209 40 statistiska
538 1532 266 50 centralbyrån
823 1534 58 37 till
900 1535 188 38 utskottet
1108 1537 271 37 öfverlämnats
1400 1538 209 38 statistiska
1627 1541 169 49 tabeller,

203 1581 262 38 innefattande

334 1634 76 36 dels
451 1635 155 49 uppgift
647 1638 21 34 å
709 1638 142 36 antalet
891 1638 65 37 vid
1000 1640 252 37 1903—1905
1294 1644 61 34 års
1383 1642 62 36 val
1472 1642 57 37 till
1558 1643 240 51 Riksdagens

203 1684 131 37 Andra
362 1685 202 39 Kammare
592 1688 321 51 röstberättigade
942 1695 87 33 män
1056 1691 103 38 inom
1187 1693 134 50 hvarje
1349 1694 185 47 valkrets;

334 1739 75 36 dels
436 1739 244 50 förteckning
707 1744 21 34 å
757 1742 239 49 köpingarne
1024 1744 12 36 i
1063 1744 100 37 riket
1191 1746 71 36 och
1290 1746 108 37 deras
1428 1747 240 49 folkmängd;

334 1791 75 36 dels
428 1791 244 50 förteckning
690 1795 21 34 å
729 1794 441 49 municipalsamhällena
1189 1797 12 36 i
1219 1797 101 37 riket
1339 1799 71 36 och
1430 1799 108 37 deras
1558 1800 238 50 folkmängd;

324 1843 84 36 dels
435 1843 156 50 uppgift
619 1847 21 34 å
667 1844 276 52 folkmängden
971 1848 102 36 inom
1101 1848 133 50 hvarje
1252 1850 194 49 kommun,
1466 1852 130 49 härad,
1615 1853 184 50 tingslag,

204 1893 194 50 domsaga,
428 1896 84 36 stad
541 1896 69 36 och
638 1897 63 36 län
730 1897 73 37 den
833 1901 45 34 31
911 1899 198 38 december
1139 1903 98 35 1905
1266 1902 121 50 enligt
1406 1904 72 36 den
1499 1905 301 38 administrativa

203 1945 249 50 indelningen
480 1947 74 37 den
585 1950 17 34 1
628 1949 153 48 januari
812 1952 113 44 1906;

333 2000 75 35 dels
449 2001 62 35 ock
552 2000 155 50 uppgift
749 2004 21 34 å
809 2002 276 50 folkmängden
1117 2005 284 51 församlingvis
1434 2007 12 37 i
1475 2008 45 37 de
1550 2009 138 48 städer,
1718 2022 80 24 som

205 2054 64 32 äro
299 2049 129 38 delade
456 2052 12 35 i
495 2052 92 36 flera
616 2053 242 38 territoriella
885 2055 281 51 församlingar.

292 2319 73 32 Bih.
392 2320 49 32 till
464 2320 111 32 Riksd.
600 2320 88 33 Prot.
714 2322 95 32 1906.
864 2323 21 31 3
909 2322 96 33 Saml.
1052 2326 21 31 7
1096 2325 94 41 Häft.
1711 2330 42 32 40

1818 1443 55 24 Till
1887 1444 139 26 utskottet

1817 1479 208 26 öfverlämnade

1844 1515 156 25 statistiska

1858 1550 126 26 tabeller.
