1902 2837
236 186 40 30 14
580 189 312 31 Bankoutskottets
912 190 178 32 utlåtande
1108 200 43 20 nr
1170 192 36 29 11
1227 192 39 30 år
1286 192 82 30 1969

237 268 62 40 ligt
317 268 124 40 belopp
463 269 53 30 för
537 271 50 28 att
607 270 94 30 bilda
721 280 42 20 en
785 271 150 30 särskild
956 271 94 36 fond,
1073 272 79 30 från
1172 281 79 22 vars
1272 272 208 41 avkastning
1500 273 42 30 de
1562 273 80 30 med
1662 273 56 30 det

237 322 67 31 nya
324 314 126 39 prisets
469 315 171 30 tillkomst
662 315 164 31 förenade
847 317 191 39 utgifterna
1057 327 98 20 avses
1177 318 97 30 skola
1293 318 181 30 bestridas.
1496 319 49 29 De
1564 319 52 30 till
1638 318 81 30 den-

237 368 45 20 na
302 359 85 30 fond
408 359 101 30 förda
529 360 233 40 tillgångarna
783 362 88 30 skall
893 362 103 30 förbli
1016 363 96 29 inom
1133 363 214 30 riksbanken
1367 364 65 29 och
1452 364 53 30 till
1525 365 46 29 all
1592 364 51 30 tid
1666 364 53 30 stå

236 404 109 29 under
369 405 357 41 bankofullmäktiges
751 406 212 41 förvaltning
986 417 80 21 men
1091 408 123 40 skiljas
1239 409 80 30 från
1341 409 233 30 riksbankens
1596 409 122 30 bokfö-

234 449 78 39 ring
336 450 64 28 och
426 450 213 40 förvaltning
664 452 9 29 i
699 452 120 39 övrigt.
844 453 67 29 För
937 453 114 30 denna
1077 454 173 29 särskilda
1275 454 212 40 förvaltning
1513 455 205 29 förutsättes

234 493 221 31 beträffande
485 495 321 37 Bankoutskottets,
836 497 205 40 riksdagens
1070 498 188 31 revisorers
1286 499 66 30 och
1379 499 206 40 riksdagens
1614 500 104 39 insyn

234 538 77 31 däri
333 549 134 21 samma
487 541 109 39 regler
618 542 89 39 gälla
730 551 73 21 som
825 543 54 30 för
900 544 233 30 riksbankens
1155 544 213 40 förvaltning
1388 546 10 29 i
1420 545 120 40 övrigt.
1561 545 68 30 För
1651 545 67 30 den

235 584 166 30 framtida
433 586 219 40 placeringen
684 597 42 20 av
756 588 66 29 den
854 589 173 30 särskilda
1057 589 148 30 fondens
1237 590 184 39 tillgångar
1453 600 97 21 avses
1582 600 135 20 samma

234 632 110 39 regler
364 632 98 39 gälla,
484 641 73 21 som
576 633 150 39 reglerar
745 633 233 31 riksbankens
998 644 74 20 som
1093 634 108 30 sådan
1219 636 70 29 rätt
1308 636 52 29 till
1380 636 140 30 förvärv
1537 646 43 20 av
1597 636 120 30 värde-

233 686 141 31 papper.
395 677 67 30 För
484 677 40 30 de
545 678 194 30 eventuella
758 679 111 29 behov
891 679 52 30 för
965 679 232 31 riksbankens
1219 680 411 40 marknadsoperationer
1652 682 64 29 och

233 724 118 33 annat,
375 732 74 20 som
471 723 71 29 kan
563 724 216 38 uppkomma
800 724 53 30 för
876 725 214 30 riksbanken
1112 728 49 28 att
1184 725 186 40 disponera
1390 727 79 29 över
1492 727 41 30 de
1556 727 161 40 speciella

234 767 74 40 slag
329 777 43 20 av
393 776 140 31 papper,
559 777 74 21 som
656 768 192 31 innefattas
870 771 10 28 i
904 770 67 29 den
995 770 172 30 särskilda
1190 771 149 30 fondens
1362 771 156 40 portfölj,
1543 771 173 31 förbehål-

233 812 49 30 ler
305 813 50 39 sig
374 813 215 29 riksbanken
610 816 173 37 gentemot
804 814 130 30 fonden
954 816 69 29 rätt
1044 816 52 29 till
1118 816 167 30 framtida
1304 817 120 39 utbyte
1446 827 41 20 av
1508 826 129 31 papper
1659 827 56 20 en-

232 857 62 38 ligt
317 866 133 20 samma
472 858 119 37 regler,
615 868 74 19 som
711 859 188 38 riksdagen
920 860 54 29 för
996 861 244 29 motsvarande
1263 862 60 29 fall
1346 862 153 38 godtagit
1521 863 79 28 med
1621 872 94 19 avse-

231 900 88 30 ende
341 901 45 39 på
408 902 245 29 Riksbankens
674 903 294 30 Jubileumsfond.
990 922 44 3 —
1056 904 65 30 Vid
1144 904 223 31 initierandet
1389 915 43 20 av
1453 906 66 29 den
1544 906 171 30 särskilda

234 945 129 30 fonden
384 946 158 30 kommer
562 948 51 29 till
635 947 205 31 densamma
859 950 50 29 att
930 948 94 31 föras
1045 949 130 31 sådana
1195 950 194 39 tillgångar,
1412 961 25 20 s.
1458 952 33 29 k.
1512 952 74 29 icke
1609 951 106 30 sedel-

230 991 271 39 täckningsgilla
523 992 238 40 värdepapper
786 1003 42 20 av
851 994 93 29 olika
969 995 81 38 slag,
1077 1004 73 20 som
1176 996 105 38 enligt
1306 995 238 40 fullmäktiges
1569 997 145 38 tidigare

231 1044 43 20 av
295 1035 187 40 riksdagen
506 1037 172 40 godtagna
701 1038 122 35 beslut,
848 1039 71 29 helt
942 1039 211 30 nedskrivits
1177 1041 10 29 i
1210 1040 233 31 riksbankens
1465 1042 248 39 räkenskaper,

230 1080 118 30 varför
373 1080 148 32 fondens
545 1082 199 31 inrättande
768 1083 75 30 icke
868 1084 157 30 kommer
1050 1086 50 28 att
1124 1085 144 31 inverka
1292 1086 45 39 på
1360 1086 232 31 riksbankens
1617 1087 97 29 redo-

230 1125 117 30 visade
373 1126 184 40 tillgångar
584 1128 63 29 och
674 1128 437 42 förmögenhetsställning.

274 1185 243 39 Fullmäktige,
546 1195 73 20 som
647 1186 88 30 varit
762 1187 100 39 eniga
886 1196 58 20 om
972 1188 160 39 samtliga
1158 1189 41 29 de
1226 1189 113 30 beslut
1366 1190 65 28 och
1458 1189 254 40 dispositioner,

231 1238 74 21 som
331 1239 89 20 ovan
444 1230 230 35 omförmälts,
701 1232 63 29 har
789 1232 64 29 här
879 1235 49 27 att
952 1233 52 29 till
1030 1233 66 30 den
1122 1233 207 40 föregående
1353 1234 242 40 redogörelsen
1620 1235 11 29 i
1656 1235 57 29 två

229 1274 195 30 avseenden
455 1275 79 40 foga
565 1285 42 20 en
637 1276 198 39 ytterligare
865 1277 223 41 redovisning
1119 1279 51 29 till
1202 1279 303 35 Bankoutskottet,
1538 1280 176 39 nämligen

229 1319 67 30 vad
316 1321 106 38 gäller
442 1320 73 30 dels
535 1320 67 30 den
622 1322 178 29 allmänna
819 1323 252 39 motiveringen
1091 1324 51 29 till
1163 1323 239 40 fullmäktiges
1422 1325 113 29 beslut
1556 1325 64 29 och
1641 1324 72 30 dels

230 1364 137 29 formen
388 1364 53 29 för
460 1365 305 40 handläggningen
784 1367 95 29 inom
900 1367 219 40 fullmäktige
1140 1378 41 19 av
1201 1369 151 29 ärendet.

273 1420 65 29 Till
366 1420 66 29 den
459 1421 94 29 förra
580 1420 122 39 frågan
729 1421 63 29 har
818 1421 220 39 fullmäktige
1065 1422 124 29 främst
1217 1422 155 39 följande
1399 1425 49 29 att
1474 1423 134 30 anföra.
1637 1423 76 30 Sve-

229 1465 91 38 riges
342 1466 181 28 Riksbank
547 1466 84 29 firar
654 1466 10 29 i
688 1466 37 29 år
749 1467 58 28 sitt
830 1466 321 39 300-årsjubileum.
1175 1468 64 29 Det
1263 1468 37 29 är
1323 1470 47 27 ett
1393 1476 220 31 evenemang,
1639 1477 73 20 som

228 1509 71 30 inte
319 1510 121 30 enbart
460 1510 44 39 på
524 1511 112 38 grund
658 1520 41 20 av
718 1511 232 30 riksbankens
972 1512 165 39 ställning
1158 1521 73 20 som
1251 1513 161 29 världens
1434 1513 112 30 äldsta
1566 1514 147 29 central-

227 1554 94 29 bank
339 1555 137 29 tilldrar
495 1556 50 38 sig
562 1557 48 27 ett
628 1556 194 38 betydande
840 1556 275 30 internationellt
1133 1558 147 29 intresse
1297 1558 66 28 och
1381 1560 47 27 ett
1449 1559 109 28 större
1576 1558 135 34 sådant,

228 1600 45 28 än
296 1599 66 29 vad
387 1609 81 20 man
493 1600 133 29 kanske
650 1602 10 28 i
685 1601 191 30 allmänhet
901 1602 64 28 och
989 1602 10 29 i
1024 1602 155 29 förstone
1204 1603 60 39 gör
1288 1603 92 29 klart
1405 1603 54 29 för
1485 1603 60 40 sig.
1570 1603 67 30 Till
1662 1605 49 27 att

228 1644 39 29 så
291 1645 37 28 är
353 1644 96 30 fallet
474 1645 117 29 bidrar
617 1646 105 29 också
746 1656 42 19 en
812 1646 62 29 rad
901 1646 108 30 andra
1034 1648 64 28 och
1124 1647 172 30 särskilda
1322 1648 306 39 omständigheter.
1654 1648 57 29 Dit

227 1688 64 30 hör
311 1689 122 29 sådant
454 1699 74 20 som
546 1690 66 29 den
631 1691 322 38 uppmärksamhet,
974 1701 73 20 som
1067 1692 135 39 Sverige
1222 1692 154 39 åtnjuter
1397 1702 73 20 som
1488 1695 48 28 ett
1554 1694 74 29 litet
1647 1694 63 28 och

228 1734 192 29 oberoende
440 1744 79 19 men
539 1735 221 30 ekonomiskt
779 1737 65 28 och
862 1736 213 30 industriellt
1095 1737 244 39 högutvecklat
1358 1738 83 29 land
1461 1738 79 29 med
1559 1739 69 38 hög
1645 1738 68 29 lev-

223 1779 259 31 nadsstandard
500 1781 65 29 och
583 1781 79 30 över
681 1782 120 30 huvud
819 1783 92 38 taget
930 1782 275 31 internationellt
1224 1783 116 30 kända
1359 1784 65 29 och
1442 1784 156 31 erkända
1615 1793 95 31 pres-

226 1824 150 28 tationer
398 1824 44 38 på
464 1824 56 31 det
544 1825 127 29 sociala
693 1826 65 28 och
779 1826 229 30 ekonomiska
1030 1827 167 29 området.
1221 1828 58 29 Dit
1300 1828 63 29 hör
1385 1827 118 30 vidare
1526 1828 106 30 också
1654 1828 56 29 det

225 1868 224 39 obestridliga
479 1869 64 29 och
574 1869 211 31 åtminstone
815 1871 54 29 för
899 1873 47 28 ett
977 1872 74 29 litet
1080 1872 82 29 land
1194 1882 74 20 som
1297 1872 76 30 vårt
1404 1875 94 27 stora
1527 1873 181 34 anseende,

227 1921 74 20 som
328 1913 135 39 Sverige
489 1913 176 32 förvärvat
692 1915 53 29 för
771 1915 148 30 insatser
945 1916 45 39 på
1014 1916 66 30 den
1106 1917 228 30 ekonomiska
1359 1918 254 39 vetenskapens
1639 1927 71 20 om-

225 1959 92 34 råde,
340 1959 145 39 tidigare
507 1968 123 30 genom
651 1961 274 29 internationellt
948 1962 116 29 kända
1084 1962 187 29 ekonomer
1295 1962 130 30 sådana
1446 1972 75 20 som
1543 1963 166 29 Wicksell

226 2004 64 28 och
311 2004 124 34 Cassel,
459 2013 119 21 senare
600 2012 122 31 genom
744 2005 65 30 den
832 2015 24 20 s.
878 2006 32 29 k.
933 2006 379 31 Stockholms-skolans
1333 2007 225 31 företrädare.
1581 2008 12 29 I
1614 2017 95 20 mera

225 2049 160 38 speciella
408 2059 79 19 men
511 2050 77 28 med
611 2050 214 30 riksbanken
848 2051 64 29 och
935 2051 77 30 dess
1035 2052 222 30 verksamhet
1280 2052 174 29 direktare
1477 2053 233 39 förknippade

226 2094 255 39 sammanhang
504 2094 95 30 finns
624 2095 244 30 motsvarande
891 2096 297 39 omständigheter
1212 2099 49 27 att
1285 2097 134 30 anföra.
1444 2098 74 29 Den
1543 2100 92 27 stora
1659 2098 50 29 in-

223 2138 244 30 ternationella
488 2140 207 38 nyskapelse
715 2140 45 39 på
779 2140 57 30 det
856 2142 181 29 monetära
1056 2142 64 28 och
1140 2142 286 39 valutapolitiska
1444 2142 167 35 området,
1635 2152 74 20 som

222 2185 204 29 tillkommit
450 2185 87 29 efter
560 2185 109 29 andra
692 2185 239 39 världskriget,
957 2186 67 29 den
1045 2186 282 30 internationella
1349 2187 260 35 valutafonden,
1634 2188 73 32 har,

224 2231 87 28 trots
332 2232 49 27 att
403 2230 135 39 Sverige
558 2231 70 28 inte
648 2240 60 19 ens
728 2240 60 19 var
808 2230 149 30 medlem
978 2240 42 20 av
1039 2231 129 29 fonden
1189 2231 79 30 från
1289 2232 78 30 dess
1389 2234 95 33 start,
1505 2233 106 29 bland
1632 2233 75 29 sina

224 2274 278 30 hittillsvarande
525 2275 36 29 få
582 2275 117 29 chefer
723 2275 76 29 haft
820 2275 59 29 två
902 2276 175 34 svenskar,
1101 2276 66 29 den
1190 2286 62 20 ene
1275 2286 42 20 en
1340 2277 24 29 f.
1387 2277 31 29 d.
1442 2277 80 30 chef
1543 2277 54 30 för
1619 2277 88 30 riks-

222 2319 150 29 banken.
393 2320 69 28 När
483 2319 110 29 under
614 2319 283 39 efterkrigstiden
918 2320 41 29 de
981 2330 24 19 s.
1028 2321 31 29 k.
1081 2330 69 30 nya
1171 2323 154 28 staterna
1346 2321 143 30 ställdes
1508 2322 93 29 inför
1622 2331 85 30 upp-

222 2363 110 39 giften
354 2365 49 28 att
424 2364 112 39 bygga
556 2373 70 30 upp
648 2372 86 31 egna
756 2365 265 29 centralbanker
1043 2366 64 29 och
1129 2366 110 30 andra
1260 2367 245 30 motsvarande
1527 2368 180 29 monetära

222 2408 248 35 institutioner,
499 2409 72 29 fick
599 2409 145 39 Sverige,
773 2410 64 29 och
864 2410 54 29 för
946 2410 135 39 Sverige
1108 2411 224 34 riksbanken,
1360 2412 45 39 på
1432 2412 113 39 grund
1572 2422 42 20 av
1640 2412 66 29 den

223 2453 166 40 ställning
411 2454 63 28 och
497 2453 56 31 det
576 2454 152 29 ansende
752 2463 73 20 som
848 2455 241 38 nyssnämnda
1110 2456 296 39 omständigheter
1430 2465 64 30 gav
1514 2457 76 29 vårt
1613 2457 91 34 land,

223 2497 153 39 anspråk
401 2498 44 39 på
470 2500 132 36 expert-
627 2499 64 28 och
716 2498 318 36 biståndsinsatser,
1063 2509 74 20 som
1162 2501 33 28 vi
1220 2501 45 38 på
1289 2501 112 38 grund
1428 2511 41 20 av
1493 2502 212 38 begränsade

221 2543 195 38 personella
442 2551 155 22 resurser
624 2543 122 29 endast
773 2543 108 30 delvis
909 2545 134 29 kunnat
1070 2545 190 39 tillgodose,
1289 2555 79 20 men
1397 2555 73 20 som
1498 2547 88 29 dock
1612 2547 94 28 med-
