2206 2626
364 214 41 31 30
878 211 250 30 Bankoutskottets
1150 208 150 29 memorial
1323 208 47 28 Nr
1394 208 51 27 40.

363 296 14 34 i
403 294 117 36 nedan
548 293 150 48 stadgad
726 292 153 46 ordning
906 289 206 44 återbesatt,
1141 287 145 36 tillfalla
1313 286 103 35 änke-
1444 284 68 36 och
1536 283 241 49 pupillkassan
1799 280 59 35 vid
1876 279 86 35 riks-

364 348 287 48 gäldskontoret;
683 345 213 36 kommande
915 343 154 36 nämnda
1088 343 119 34 kassas
1226 341 70 34 rätt
1316 339 54 36 till
1389 338 102 47 dylik
1509 337 190 48 besparing
1717 336 56 33 att
1790 333 172 48 upphöra,

365 403 37 34 så
434 403 99 34 snart
565 401 68 34 den
667 397 280 49 nytillträdande
980 399 84 44 äger
1091 395 143 46 åtnjuta
1262 393 67 35 den
1353 391 82 36 med
1462 391 161 46 tjänsten
1652 387 166 38 förenade
1844 386 117 35 lönen.

1087 484 23 46 &
1143 485 81 34 127.

498 561 119 34 Innan
660 559 96 46 ledig
783 559 113 46 tjänst
923 557 36 34 af
985 555 228 47 fullmäktige
1241 554 243 41 återbesättes,
1515 551 90 36 skall
1631 550 127 36 sådant
1784 550 111 46 jämte
1924 548 43 34 de

367 614 82 36 med
492 625 136 24 samma
668 612 115 47 tjänst
823 609 166 37 förenade
1024 609 271 42 löneförmåner,
1330 607 185 35 äfvensom
1548 604 111 44 tiden,
1692 605 102 34 inom
1820 600 145 37 hvilken

367 667 155 36 sökande
551 672 67 41 äga
646 668 54 33 att
726 665 56 46 sig
810 663 150 44 anmäla,
987 661 292 47 tillkännagifvas
1308 659 150 36 medelst
1481 658 124 46 anslag
1632 658 20 34 å
1677 657 142 46 vanliga
1840 654 124 36 ställen

367 722 100 34 inom
512 718 356 48 riksgäldskontoret.
929 715 337 47 Ansökningstiden
1313 714 214 34 bestämmes
1574 711 55 35 till
1674 711 112 34 minst
1830 709 136 46 fjorton

367 775 110 46 dagar
517 773 81 35 från
632 771 178 48 anslagets
843 769 228 43 utfärdande;
1100 767 90 36 dock
1227 768 102 34 beror
1356 766 37 35 af
1420 764 227 47 fullmäktige
1676 766 54 32 att
1758 764 130 34 utsätta
1917 773 50 35 ny

368 826 285 47 ansökningstid,
687 825 127 44 därest,
847 824 99 35 inom
979 822 69 36 den
1082 822 89 34 först
1203 819 183 37 bestämda
1418 819 111 42 tiden,
1565 818 117 46 någon
1711 816 54 35 till
1793 816 174 46 tjänstens

368 879 205 37 erhållande
601 878 87 36 fullt
715 877 154 47 skicklig
897 877 66 35 och
991 874 149 49 lämplig
1168 873 156 36 sökande
1352 873 55 46 sig
1435 872 78 35 icke
1542 870 147 36 anmält.

1102 963 23 46 8
1157 963 85 36 128.

492 1039 72 35 För
591 1040 54 34 att
672 1038 123 34 kunna
823 1039 146 44 antagas
996 1035 58 36 till
1085 1035 216 46 tjänsteman
1320 1032 60 34 vid
1398 1030 345 47 riksgäldskontoret
1760 1027 139 36 fordras
1913 1029 58 33 att

370 1092 107 36 hafva
504 1092 194 46 undergått
725 1090 167 47 godkänd
918 1090 301 46 afgångsexamen
1247 1087 80 34 från
1344 1086 112 45 högre
1475 1080 373 46 elementarläroverk;
1877 1080 93 35 dock

370 1147 85 35 böra
488 1146 43 35 de
558 1146 229 45 tjänstemän,
816 1156 77 23 som
916 1142 168 36 anställas
1111 1140 59 35 vid
1198 1138 245 47 fullmäktiges
1471 1136 128 44 kansli,
1627 1136 109 34 hafva
1764 1134 109 47 aflagt
1901 1133 68 35 den

370 1198 229 37 akademiska
631 1210 159 31 examen,
820 1209 77 23 som
924 1195 139 36 fordras
1091 1195 55 34 för
1174 1195 54 33 att
1255 1192 108 35 vinna
1389 1190 139 36 inträde
1563 1190 6 34 i
1596 1190 227 45 Konungens
1855 1186 116 36 kansli

370 1253 85 36 eller
482 1253 13 34 i
522 1250 357 48 rättegångsverken;
909 1249 185 36 äfvensom
1123 1247 80 43 den,
1234 1245 145 36 hvilken
1399 1244 185 35 befordras
1601 1242 55 36 till
1675 1240 296 37 ombudsmanna-

370 1305 150 48 sysslan,
556 1305 66 35 bör
654 1304 107 35 hafva
793 1303 166 48 fullgjort
995 1301 95 35 hvad
1122 1299 303 46 författningarna
1453 1296 212 36 föreskrifva
1692 1295 12 34 i
1732 1293 165 37 afseende
1924 1294 46 46 på

370 1360 92 42 dem,
489 1371 79 23 som
596 1358 13 34 i
637 1356 220 37 domarevärf
884 1357 57 34 må
970 1356 188 46 begagnas.

1105 1425 22 46 3
1159 1425 86 35 129.

506 1500 76 35 Vid
610 1500 115 47 lediga
752 1500 168 46 tjänsters
947 1496 218 37 tillsättande
1193 1498 188 32 utnämnes
1414 1492 111 36 bland
1554 1492 228 46 kompetente
1816 1488 154 36 sökande

373 1555 81 43 den,
483 1566 78 23 som
591 1553 237 47 fullmäktige,
858 1551 82 36 med
968 1549 166 37 afseende
1166 1550 21 34 å
1206 1548 142 35 verkets
1375 1546 116 36 fördel
1509 1548 93 33 samt
1619 1544 125 35 vikten
1764 1542 67 36 och
1850 1554 121 23 ansva-

372 1608 163 47 righeten
563 1607 37 35 af
627 1607 43 35 de
698 1605 172 36 särskilda
897 1604 302 46 befattningarna,
1228 1602 97 34 finna
1352 1600 55 35 till
1439 1599 70 35 den
1541 1598 116 47 lediga
1689 1597 159 46 tjänsten
1879 1597 92 33 mest

371 1660 155 49 skicklig
568 1661 67 34 och
663 1658 187 50 passande;
880 1658 91 35 dock
999 1660 67 44 äga
1092 1654 227 47 fullmäktige
1347 1656 64 40 att,
1442 1653 64 34 där
1535 1652 43 35 de
1606 1652 38 35 så
1671 1649 167 48 lämpligt
1864 1649 107 40 finna,

372 1714 151 35 tillsätta
556 1713 116 47 lediga
704 1713 152 46 tjänster
888 1711 125 35 endast
1040 1709 82 36 med
1150 1707 285 44 konstitutorial;
1465 1705 151 35 hvarvid
1644 1704 68 35 den
1741 1703 229 46 tjänsteman,

371 1780 78 23 som
477 1767 128 35 sådant
632 1765 265 36 konstitutorial
924 1764 161 42 erhåller,
1116 1762 112 35 under
1256 1761 69 35 den
1352 1760 64 43 tid,
1453 1760 72 34 han
1558 1759 157 46 tjänsten
1750 1755 221 43 innehafver,

373 1823 84 44 äger
485 1820 142 46 åtnjuta
655 1819 42 35 de
725 1818 222 43 lönevillkor,
977 1816 292 46 aflöningsstaten
1298 1814 56 35 för
1380 1813 159 47 tjänsten
1568 1812 222 34 bestämmer.

525 2012 239 50 Angående
793 2010 337 49 behandlingen
1158 2008 51 40 af
1232 2006 155 51 frågor
1416 2005 193 41 rörande
1638 2002 184 51 tjänste-

920 2070 346 43 försummelser
1293 2080 60 29 m.
1381 2079 60 29 m.

1108 2144 24 46 8
1164 2145 85 36 130.

509 2210 73 36 Om
610 2211 118 46 någon
757 2208 361 48 riksgäldskontorets
1135 2206 215 46 tjänsteman
1371 2204 60 35 vid
1444 2203 140 35 mindre
1598 2200 375 47 förseelser
1788 2196 13 65 i
1817 2200 156 47 tjänsten

376 2265 31 46 ej
438 2264 82 35 låtit
547 2264 57 46 sig
637 2264 92 34 rätta
763 2260 38 37 af
827 2260 281 37 vederbörandes
1148 2258 214 48 tillsägelser
1393 2257 67 36 och
1494 2255 194 47 varningar
1726 2253 86 36 eller
1849 2248 125 56 blifvit
