1906 2822
499 174 351 41 Bevillningsutskottets
866 179 196 32 betänkande
1079 193 36 19 nr
1131 183 40 30 38
1188 183 34 30 år
1241 185 77 30 1968
1622 189 36 32 19

488 254 33 38 3)
549 256 196 31 motionerna
763 258 94 31 I:261
877 260 60 29 och
954 261 33 28 II
999 262 71 30 :326

486 308 35 39 4)
548 310 161 30 motionen
727 311 28 29 II
771 311 72 31 :790

487 362 33 39 5)
547 364 161 30 motionen
723 366 32 28 II
768 367 79 29 :808.

211 466 180 32 Stockholm
407 470 60 29 den
484 471 16 29 2
517 471 64 39 maj
602 473 76 29 1968

629 580 42 30 På
689 581 345 40 bevillningsutskottets
1052 587 133 38 vägnar:

732 690 118 38 JOHN
870 691 214 32 ERICSSON

795 988 223 31 Närvarande:

206 1043 68 30 från
300 1044 148 31 första
472 1046 198 31 kammaren:
699 1049 108 30 herrar
829 1051 84 38 John
939 1052 139 30 Ericsson
1108 1054 57 38 (s),
1189 1055 109 39 Yngve
1322 1057 123 30 Nilsson
1476 1059 65 39 (h),
1568 1061 78 29 Sun-

164 1087 56 29 din
244 1088 84 39 (cp),
349 1089 173 41 Wärnberg
546 1092 56 38 (s),
623 1093 86 39 Tage
728 1094 173 38 Johansson
927 1096 57 39 (s),
1004 1097 97 30 Gösta
1120 1099 167 38 Jacobsson
1314 1101 65 39 (h),
1400 1102 163 41 Stadling?
1589 1105 57 39 (s),

164 1132 110 30 Tistad
294 1133 64 40 (fp)
377 1134 60 30 och
452 1135 69 30 Ove
536 1136 148 30 Karlsson
704 1138 60 39 (s);
779 1146 80 23 samt

204 1177 71 30 från
289 1189 50 19 an
352 1179 78 30 dra
442 1179 181 32 kammaren
635 1193 5 18 :
658 1182 108 31 herrar
778 1184 118 30 Brandt
915 1185 57 39 (s),
986 1186 147 40 Engkvist
1153 1188 56 40 (s),
1224 1189 147 40 Vigelsbo
1389 1191 83 40 (cp),
1485 1194 85 39 Asp?
1589 1194 56 39 (s),

163 1222 177 30 Andersson
361 1224 9 29 i
391 1224 125 30 Essvik?
543 1226 56 38 (s),
621 1227 153 30 Carlstein
800 1229 57 39 (s),
878 1230 131 30 Larsson
1036 1232 4 29 i
1061 1233 104 30 Umeå
1191 1234 79 39 (fp),
1292 1233 115 33 Öhvall
1434 1237 79 40 (fp),
1535 1239 110 30 Söder-

163 1268 96 28 ström
280 1267 50 39 (h)
351 1269 60 29 och
425 1269 162 39 Börjesson
602 1271 10 29 i
627 1272 193 40 Falköping?
840 1274 83 39 (cp).

163 1365 16 15 >
201 1365 62 26 Icke
279 1367 120 25 närvarit
414 1368 46 25 vid
475 1368 132 33 justering
622 1379 35 16 av
671 1371 192 27 betänkandet.

786 1632 240 32 Reservationer

207 1697 30 39 I)
266 1709 37 18 av
322 1699 108 30 herrar
449 1701 105 38 Yngve
572 1702 122 30 Nilsson
719 1703 66 39 (h),
805 1705 95 30 Gösta
918 1707 167 37 Jacobsson
1110 1708 50 39 (h)
1184 1709 60 30 och
1261 1710 194 31 Söderström
1481 1712 66 39 (h),
1566 1713 82 30 vilka

164 1757 110 31 ansett,

206 1805 64 30 dels
289 1811 46 24 att
354 1806 148 30 utskottet
523 1808 68 29 bort
613 1808 147 40 tillstyrka
780 1810 87 30 bifall
888 1812 44 29 till
953 1813 38 29 de
1011 1813 9 29 i
1040 1814 197 31 motionerna
1258 1816 76 30 1:43
1355 1817 60 30 och
1435 1818 32 29 II
1480 1819 47 29 :61
1552 1819 94 30 fram-

163 1857 92 30 förda
272 1858 154 40 förslagen
444 1871 51 19 om

209 1912 30 37 1)
267 1914 62 28 rätt
346 1919 45 23 att
407 1913 10 29 i
434 1914 233 31 deklarationen
684 1918 75 37 göra
775 1918 117 39 avdrag
909 1919 48 29 för
973 1920 171 40 insättning
1159 1922 41 39 på
1217 1923 118 30 särskilt
1351 1924 221 32 bostadskonto
1589 1937 57 19 un-

163 1966 58 29 der
242 1966 74 29 åren
342 1968 189 30 1969—1974
554 1980 38 19 av
612 1970 112 37 medel,
747 1972 135 30 avsedda
903 1973 49 29 för
972 1974 125 30 förvärv
1119 1986 40 19 av
1179 1977 143 38 egethem
1343 1978 73 30 eller
1436 1979 212 32 fritidsbostad

164 2019 74 30 eller
261 2020 47 29 för
332 2020 93 31 insats
448 2022 10 29 i
481 2022 345 42 bostadsrättsförening
848 2027 72 29 med
943 2027 115 40 belopp
1081 2028 41 40 på
1146 2031 207 39 sammanlagt
1375 2032 90 39 högst
1489 2035 16 28 6
1519 2034 60 30 000
1602 2035 43 30 kr.

165 2072 48 30 för
229 2074 235 31 ensamstående
479 2077 59 28 och
558 2077 33 30 12
606 2078 59 29 000
680 2078 43 29 kr.
740 2078 49 30 för
803 2079 73 30 äkta
890 2081 118 37 makar,

206 2126 32 38 2)
267 2128 61 29 rätt
345 2134 46 23 att
407 2128 8 29 i
434 2129 234 30 deklarationen
684 2132 75 37 göra
776 2132 118 39 avdrag
910 2133 49 29 för
974 2134 170 40 insättning
1161 2135 41 40 på
1219 2136 118 31 särskilt
1353 2138 96 30 konto
1466 2139 49 30 för
1531 2140 114 30 utbild-

165 2180 76 40 ning
260 2192 38 19 av
317 2192 80 29 egna
415 2183 77 29 barn
511 2183 79 30 intill
610 2191 43 23 ett
672 2185 244 41 maximibelopp
936 2199 39 18 av
999 2189 86 30 1200
1104 2190 43 29 kr.
1168 2201 56 28 per
1242 2190 35 30 år
1294 2192 60 29 och
1377 2193 35 29 18
1425 2194 60 29 000
1503 2194 44 30 kr.
1567 2206 79 19 sam-

165 2235 150 39 manlagt,

207 2288 33 38 3)
268 2291 63 28 rätt
349 2289 49 30 för
415 2292 92 37 ägare
526 2302 39 18 av
583 2302 51 19 en-
654 2293 60 29 och
732 2293 316 41 tvåfamiljsfastighet
1067 2296 74 30 eller
1159 2297 346 41 bostadsrättslägenhet
1525 2308 45 23 att
1590 2313 56 18 un-

164 2341 55 29 der
240 2341 79 30 vissa
342 2342 257 41 förutsättningar
621 2345 10 29 i
654 2345 234 31 deklarationen
911 2349 75 38 göra
1009 2349 119 40 avdrag
1149 2350 49 30 för
1220 2352 190 40 amortering
1432 2364 40 19 av
1494 2354 89 31 skuld
1604 2354 42 40 på

163 2395 187 39 fastigheten
373 2396 73 30 eller
469 2398 195 38 lägenheten,
688 2399 10 29 i
721 2400 61 29 den
804 2398 74 31 mån
902 2402 230 39 amorteringen
1154 2404 166 39 överstiger
1346 2406 44 36 1,5
1417 2406 35 38 PR
1477 2418 40 19 av
1538 2409 107 29 veder-

165 2450 139 29 börande
322 2451 259 39 taxeringsvärde,
598 2453 80 29 dock
693 2454 162 30 maximalt
870 2456 73 29 med
960 2455 58 31 700
1034 2457 43 29 kr.
1094 2457 97 39 jämte
1208 2459 60 30 200
1282 2459 43 30 kr.
1342 2460 50 30 för
1405 2462 87 38 varje
1506 2462 140 31 hemma-

166 2504 137 29 varande
317 2505 77 29 barn
410 2505 100 30 under
529 2507 34 28 16
579 2505 43 38 år,
