1876 2792
491 138 120 30 Andra
633 137 245 40 lagutskottets
900 134 180 31 utlåtande
1101 143 42 20 nr
1163 134 53 29 23.
1582 131 19 30 3

157 220 312 40 Chiropraktikern
496 218 184 30 invänder:
709 218 81 28 Men
815 217 59 39 jag
899 216 100 29 botar
1026 215 40 39 ju
1094 215 94 28 mina
1215 214 183 39 patienter.
1491 230 46 2 —
1561 229 44 3 —

113 266 125 29 Härtill
260 274 129 24 svaras,
410 266 49 27 att
479 264 58 29 det
559 264 38 28 är
616 262 54 29 väl
690 261 166 30 tänkbart
876 262 49 27 att
946 259 182 39 ryggskott
1149 259 64 28 och
1234 257 165 29 liknande
1420 257 184 29 åkommor

114 311 119 28 kunna
257 310 100 28 botas
382 308 77 29 med
484 309 49 28 ett
557 307 114 29 direkt
697 305 214 39 angripande
937 314 42 19 av
1004 304 189 29 åkomman
1218 302 128 28 liksom
1371 301 41 29 de
1437 301 100 29 botas
1564 309 40 20 av

114 354 156 33 rörelser,
293 361 157 30 massage
472 353 65 28 och
560 351 121 39 dylikt,
705 359 76 20 som
802 350 50 29 till
877 349 52 29 sin
951 348 134 30 verkan
1107 348 69 28 kan
1198 346 173 39 jämföras
1392 345 79 29 med
1493 345 112 28 chiro-

113 398 225 40 praktikerns
361 396 238 40 tryckningar.
620 413 44 2 —
684 395 42 29 Vi
747 396 78 27 veta
847 394 39 38 ju
909 393 87 29 dock
1021 401 43 20 en
1085 392 55 28 hel
1162 391 55 29 del
1241 400 57 19 om
1323 390 218 38 sjukdomar.
1563 388 42 29 Vi

113 445 76 27 veta
213 444 51 28 att
289 442 41 29 de
355 441 215 40 epidemiska
597 439 254 39 sjukdomarna
875 438 30 38 ej
933 438 82 28 bero
1041 436 45 40 på
1112 435 196 39 nervtryck,
1334 434 69 29 lika
1429 434 75 28 litet
1530 442 74 20 som

114 487 240 38 sockersjuka,
380 485 206 30 tuberkulos
611 485 63 28 och
700 482 203 30 endocardit
927 482 64 29 och
1018 481 33 29 vi
1079 483 74 27 veta
1179 479 117 33 också,
1322 481 49 27 att
1397 480 72 27 stor
1496 477 109 30 skada

113 532 70 28 kan
205 532 60 29 ske
288 531 68 29 den
380 530 100 39 sjuke
503 539 58 20 om
585 529 41 29 de
647 527 192 30 behandlas
862 527 77 28 med
963 525 122 30 försök
1106 527 50 27 att
1178 524 123 39 trycka
1325 531 159 22 samman
1507 529 99 32 rygg-

113 577 101 28 kotor
244 576 40 32 (t.
309 584 51 20 ex.
383 575 57 29 vid
464 574 56 29 tbe
546 572 208 40 spondylit),
780 572 82 29 eller
887 570 204 39 därigenom
1115 571 49 27 att
1188 578 44 20 en
1256 569 112 28 bättre
1392 567 213 37 behandling

115 621 114 29 såsom
252 622 23 27 t.
299 629 51 19 ex.
372 619 56 29 vid
451 618 230 37 sockersjuka
703 616 146 30 hindras
873 618 49 27 att
945 615 92 29 bliva
1060 613 148 30 använd.
1241 630 44 3 —
1307 612 74 29 Den
1403 611 203 39 chiroprak-

113 665 92 29 tiska
226 664 164 29 metoden
410 664 63 28 har
494 663 11 28 i
528 662 51 38 sig
601 662 88 38 själv
710 670 44 20 en
777 660 112 29 starkt
910 659 177 38 suggestiv
1105 658 147 29 verkan:
1278 656 154 39 speciellt
1452 655 155 30 behand-

114 709 188 38 lingsbord,
323 706 438 40 röntgendemonstration,
782 703 309 40 handpåläggning
1110 703 64 29 och
1195 702 68 29 den
1282 701 125 29 känsla
1426 700 180 39 patienten

114 753 73 29 ofta
207 753 95 29 erfar
322 752 122 29 härvid
467 753 50 28 att
540 751 105 38 något
665 749 195 40 förskjutes
886 748 155 39 (skjutes
1062 747 120 33 rätt!).

157 825 13 28 I
188 824 234 38 utredningen
440 824 64 28 har
523 821 361 39 medicinalstyrelsen
900 818 223 31 beträffande
1142 816 286 40 chiropraktiken
1448 815 54 29 för
1521 822 84 30 egen

113 879 53 28 del
187 878 118 29 anfört
326 877 171 38 följande:

160 940 73 29 Vad
251 939 109 39 angår
378 939 66 29 den
463 937 283 40 chiropraktiska
765 936 270 30 verksamheten
1052 935 64 28 har
1134 934 10 28 i
1162 933 68 29 den
1248 932 146 38 tidigare
1413 929 194 40 åberopade

115 984 261 40 promemorian
405 982 218 39 redogörelse
655 982 151 29 lämnats
839 980 54 29 för
922 979 68 29 den
1022 977 228 39 ståndpunkt,
1284 985 74 20 som
1388 984 42 20 en
1461 973 147 31 officiell

116 1028 203 30 schweizisk
338 1025 517 39 undersökningskommission
872 1025 11 28 i
900 1023 181 30 utlåtande
1099 1023 66 28 den
1183 1021 40 30 28
1243 1020 193 39 september
1456 1019 84 29 1936
1558 1018 50 29 in-

116 1073 84 39 tagit
220 1073 53 29 till
294 1073 68 28 den
382 1071 282 39 chiropraktiska
684 1070 118 29 lärans
824 1068 164 39 ställning
1008 1077 42 19 ur
1071 1065 240 39 vetenskaplig
1332 1065 64 29 och
1417 1059 192 47 folkhälso-

117 1117 190 40 synpunkt.
328 1116 211 33 Utlåtandet,
561 1115 107 29 vilket
687 1114 135 39 tryckts
843 1113 10 29 i
873 1113 127 28 Zärich
1022 1112 38 29 år
1084 1111 80 29 1937
1188 1110 111 29 under
1319 1108 217 38 motivering,
1559 1108 49 28 att

116 1162 57 29 det
203 1161 162 39 utgjorde
395 1161 66 29 den
491 1160 112 29 första
633 1158 217 30 omfattande
880 1156 258 38 behandlingen
1167 1164 43 20 av
1239 1152 370 40 chiropraktikfrågan

117 1207 63 28 och
203 1208 77 36 toge
307 1205 164 38 ställning
496 1204 51 29 till
571 1203 166 39 problem,
763 1212 74 20 som
862 1203 85 28 även
970 1199 178 30 utlandets
1172 1199 199 38 regeringar
1394 1197 140 29 komme
1559 1197 50 28 att

118 1251 35 29 få
178 1251 83 33 lösa,
291 1252 190 36 utmynnar
507 1249 12 28 i
545 1250 49 27 ett
621 1247 194 39 negerande
842 1256 42 19 av
909 1245 157 39 följande
1093 1244 57 29 två
1176 1243 129 39 frågor,
1333 1242 176 37 nämligen
1535 1240 73 30 dels

116 1295 175 29 huruvida
320 1295 69 28 rätt
417 1294 51 28 till
499 1292 246 40 självständigt
775 1290 172 30 utövande
977 1299 42 20 av
1049 1288 241 39 chiropraktik
1320 1287 61 29 bör
1410 1286 199 29 tillkomma

114 1339 282 39 chiropraktorer
411 1339 10 28 i
437 1337 222 30 folkhälsans
673 1337 158 32 intresse,
849 1335 72 29 dels
935 1333 176 30 huruvida
1125 1331 242 40 chiropraktik
1382 1330 62 29 bör
1458 1329 45 40 på
1520 1328 90 30 ordi-

118 1384 120 28 nation
261 1392 43 20 av
327 1383 116 29 läkare
467 1381 36 30 få
527 1382 123 29 utövas
673 1390 41 20 av
737 1379 283 39 chiropraktorer
1043 1387 81 20 vare
1149 1377 50 38 sig
1223 1375 246 40 självständigt
1493 1374 83 29 eller
1598 1373 11 28 i

117 1428 175 38 egenskap
318 1436 41 21 av
382 1425 353 38 läkarmedhjälpare.
768 1425 5 28 I
799 1432 133 21 samma
955 1421 235 40 promemoria
1213 1421 65 28 har
1304 1421 86 27 även
1412 1418 197 38 redogjorts

119 1473 53 29 för
197 1474 48 27 ett
271 1471 179 30 uttalande
477 1480 42 19 av
543 1470 58 29 det
625 1468 307 30 rättsmedicinska
956 1466 99 29 rådet
1080 1466 11 28 i
1116 1464 191 33 Danmark,
1333 1465 50 27 att
1407 1462 203 39 chiroprak-

118 1516 304 37 tikerbehandling
443 1514 94 29 såväl
559 1513 51 29 till
631 1513 52 29 sin
702 1512 189 30 teoretiska
909 1510 172 39 grundval
1101 1519 73 20 som
1194 1508 80 29 med
1292 1509 138 37 hänsyn
1448 1507 52 29 till
1521 1506 90 29 före-

119 1561 101 38 givna
241 1560 212 37 verkningar
476 1567 43 20 av
540 1557 258 37 behandlingen
821 1565 79 20 vore
924 1555 168 37 humbug.
1116 1554 66 28 För
1205 1561 86 30 egen
1314 1552 54 29 del
1392 1551 54 29 får
1469 1550 142 30 medici-

119 1604 232 39 nalstyrelsen
372 1603 147 29 rörande
542 1603 68 28 den
631 1600 281 40 chiropraktiska
934 1598 288 30 verksamhetens
1259 1596 91 30 värde
1372 1596 150 38 åberopa
1544 1594 66 30 vad

118 1649 218 29 härutinnan
368 1647 135 30 anförts
535 1647 10 28 i
578 1645 240 40 nyssnämnda
850 1641 536 40 undersökningskommissions
1417 1639 192 30 utlåtande.

114 1693 174 39 Styrelsen
304 1691 59 30 vill
378 1690 120 31 därvid
514 1690 143 30 särskilt
671 1688 234 38 understryka
919 1686 296 31 kommissionens
1230 1683 190 34 uttalande,
1434 1685 52 28 att
1500 1682 112 30 chiro-

119 1737 188 40 praktiken
334 1737 85 28 vilar
446 1736 43 39 på
516 1734 256 39 vetenskapligt
798 1733 179 29 ohållbara
1006 1730 305 38 förutsättningar,
1338 1731 50 27 att
1415 1729 78 28 dess
1522 1728 89 29 före-

120 1783 101 36 sivna
240 1781 231 38 hälsoföljder
492 1780 76 29 icke
587 1779 93 29 hålla
700 1778 115 29 streck
834 1777 57 30 vid
911 1786 42 20 en
972 1775 158 38 allvarlig
1150 1774 182 39 prövning,
1352 1775 49 27 att
1420 1772 191 29 utövandet

120 1836 41 19 av
184 1825 241 39 chiropraktik
450 1825 71 28 kan
546 1823 221 29 beträffande
793 1824 48 27 ett
867 1823 86 27 stort
979 1820 96 29 antal
1101 1819 208 38 sjukdomar
1333 1817 158 29 medföra
1517 1818 93 27 stora

120 1871 94 28 faror
235 1870 54 28 för
310 1869 42 29 de
375 1868 102 38 sjuka
499 1869 92 27 samt
611 1869 50 27 att
681 1866 349 38 chiropraktorernas
1051 1863 217 29 medicinska
1289 1861 198 38 utbildning
1514 1860 27 32 (i
1561 1869 51 19 re-

119 1914 68 38 gel)
213 1915 37 28 är
269 1913 156 39 primitiv
443 1913 65 28 och
529 1911 233 37 otillförlitlig.
784 1910 133 37 >»Några
936 1908 63 30 ord
1019 1917 58 20 om
1096 1906 318 39 chiropraktiken>,
1437 1913 175 20 samman-

121 1958 123 30 ställda
275 1967 42 19 av
344 1957 233 29 medlemmen
607 1955 53 29 för
687 1954 158 39 ortopedi
872 1963 41 19 av
940 1951 381 38 medicinalstyrelsens
1349 1949 261 38 vetenskapliga

121 2003 71 33 råd,
215 2002 203 39 professorn
439 2001 29 29 J.
491 2001 40 28 H.
555 1999 272 33 Waldenström,
849 1998 134 37 bifogas
1006 1996 113 30 tillika
1140 1996 10 28 i
1172 1994 161 30 avskrift.
1355 1993 257 38 Medicinalsty-

121 2047 112 29 relsen
251 2046 154 29 biträder
423 2045 178 39 professor
619 2044 279 29 Waldenströms
917 2041 206 29 uttalanden
1142 2040 63 29 och
1223 2039 59 29 vill
1301 2039 185 28 därutöver
1505 2037 107 29 fram-

120 2091 103 33 hålla,
242 2092 50 28 att
311 2090 66 29 vad
395 2099 87 20 ovan
501 2088 137 30 anförts
657 2097 55 20 om
731 2088 119 28 risken
869 2096 40 20 av
927 2085 350 39 chiropraktorernas
1296 2083 222 29 verksamhet
1537 2081 74 29 icke

121 2135 170 39 påverkas
314 2144 42 19 av
378 2134 238 37 möjligheten,
640 2134 48 27 att
710 2141 43 19 en
776 2130 244 38 chiropraktor
1042 2129 57 29 vid
1123 2129 103 36 något
1249 2127 137 29 tillfälle
1409 2136 41 19 av
1472 2126 139 31 ischias,

123 2180 160 36 lumbago
308 2179 83 28 eller
415 2177 144 29 därmed
585 2176 201 38 jämställda
813 2173 309 40 sjukdomsbilder,
1148 2171 171 29 orsakade
1346 2180 40 20 av
1411 2180 25 18 s.
1461 2170 33 28 k.
1519 2169 93 29 disk-

121 2223 116 32 bråck,
270 2223 137 27 kunnat
437 2230 123 28 genom
594 2220 73 28 sina
701 2218 295 39 manipulationer
1029 2217 118 38 lyckas
1179 2218 50 26 att
1261 2215 166 36 tillfälligt
1459 2213 153 29 återföra

124 2267 181 28 »bråcket>
331 2266 61 27 och
418 2265 202 36 därigenom
645 2265 84 27 häva
755 2263 195 38 patientens
975 2263 161 36 symtom.

165 2338 62 28 Det
249 2346 41 19 av
312 2335 356 38 medicinalstyrelsen
691 2342 122 29 genom
839 2332 75 29 1941
941 2332 56 29 års
1021 2330 186 37 utredning
1231 2329 192 37 framlagda
1447 2328 164 36 förslaget

121 2390 50 28 till
197 2390 53 36 lag
275 2399 55 18 om
356 2388 203 37 behörighet
584 2389 49 27 att
659 2388 100 27 utöva
786 2385 252 30 läkarkonsten
1061 2383 145 29 innebär
1231 2383 76 28 icke
1335 2381 211 37 frångående
1571 2389 40 19 av

124 2452 43 19 nu
189 2442 159 38 gällande
371 2441 70 37 lags
463 2440 219 38 ståndpunkt
703 2442 47 26 att
775 2439 166 36 utövning
962 2447 41 19 av
1026 2436 248 30 läkarkonsten
1299 2435 7 28 i
1329 2434 133 39 princip
1486 2435 37 27 är
1547 2433 64 29 till-
