1922 2826
543 161 294 35 Statsutskottets
855 162 187 35 utlåtande
1060 162 56 34 Nr
1136 165 53 38 44.
1568 166 40 29 13

164 239 118 43 Enligt
300 239 304 35 donationsbrevet
623 253 109 28 avses,
751 246 54 29 att
822 253 125 31 genom
967 241 210 35 donationen
1196 242 86 34 skall
1300 243 151 42 grundas
1472 256 41 21 en
1534 242 74 34 stif-

119 292 100 40 telse,
228 292 178 34 benämnd
416 292 160 35 Svenska
586 292 383 44 forskningsinstitutet
980 294 55 34 för
1046 300 140 29 cement
1198 295 64 33 och
1274 295 132 43 betong
1416 295 61 34 vid
1486 295 121 43 kungl.

117 345 159 35 tekniska
290 345 190 44 högskolan
494 347 11 34 i
519 346 213 42 Stockholm,
747 352 90 29 samt
852 348 188 42 uppställes
1056 349 115 33 såsom
1185 348 120 35 villkor
1320 348 55 35 för
1390 349 219 41 donationen,

122 403 56 30 att
190 398 132 44 Kungl.
336 399 114 43 Maj:t
464 399 74 34 före
552 401 179 42 utgången
746 413 44 21 av
803 412 95 22 mars
914 401 131 34 månad
1061 404 88 31 1942
1163 401 74 34 dels
1256 401 193 35 fastställer
1463 402 145 43 stadgar

118 452 55 34 för
195 452 180 42 stiftelsen,
397 452 214 44 väsentligen
633 454 12 34 i
668 453 147 44 enlighet
839 454 81 34 med
944 459 52 30 ett
1019 454 303 37 donationsbrevet
1345 456 108 43 bilagt
1478 456 131 41 utkast,

117 506 73 34 dels
206 506 65 34 ock
286 506 10 34 i
313 506 195 35 omedelbar
522 507 124 35 närhet
662 512 45 30 av
722 508 158 34 tekniska
897 508 189 43 högskolan
1103 509 117 34 ställer
1236 508 196 44 erforderlig
1448 514 91 30 tomt
1557 509 52 34 till

118 558 202 44 förfogande
340 559 55 35 för
415 560 216 43 uppförande
651 574 45 22 av
716 561 161 43 byggnad
898 561 54 35 för
972 562 176 34 institutet
1168 563 11 33 i
1201 563 231 42 huvudsaklig
1452 566 155 31 överens-

118 613 196 34 stämmelse
331 614 80 34 med
430 613 303 37 donationsbrevet
751 614 160 35 likaledes
931 614 135 44 bilagda
1085 615 217 43 preliminära
1321 616 177 43 ritningar.

163 675 162 35 Rörande
346 675 225 43 bakgrunden
592 676 53 34 till
667 682 149 29 cement-
840 677 64 34 och
927 677 322 44 betongföretagens
1272 678 262 43 ifrågavarande
1558 692 49 22 er-

118 727 177 43 bjudande
315 734 93 29 samt
429 728 220 36 beträffande
671 730 66 34 den
758 730 183 43 planerade
964 730 185 35 stiftelsens
1172 732 228 42 organisation
1425 732 63 34 och
1510 732 98 34 verk-

117 781 136 34 samhet
270 781 153 43 framgår
440 781 153 44 följande
611 795 45 22 av
674 782 441 45 donationshandlingarna.

163 852 192 36 Stiftelsens
369 853 139 43 uppgift
521 854 87 35 skall
621 867 83 22 vara
718 859 53 30 att
784 855 142 34 bedriva
940 856 64 34 och
1018 855 114 43 stödja
1146 857 281 42 grundläggande
1439 857 169 35 material-

117 897 137 34 teknisk
277 897 179 44 forskning
477 899 145 34 rörande
645 904 145 37 cement,
814 900 130 43 betong
967 901 65 33 och
1056 901 141 34 därmed
1221 901 197 43 jämförliga
1442 902 166 34 material.

117 941 70 35 För
204 945 54 31 att
275 943 71 34 lösa
364 943 53 33 sin
436 943 136 43 uppgift
591 943 86 34 skall
696 943 168 35 stiftelsen
882 945 130 34 inrätta
1031 946 64 33 och
1114 946 96 34 driva
1230 945 249 36 förutnämnda
1499 946 108 34 forsk-

118 986 239 43 ningsinstitut
374 987 60 34 vid
452 987 158 36 tekniska
628 988 189 43 högskolan
835 990 11 33 i
866 989 212 35 Stockholm.
1099 990 184 35 Institutet
1303 991 86 34 skall
1408 991 11 34 i
1440 991 50 34 sin
1510 991 97 34 verk-

118 1031 135 34 samhet
272 1031 113 44 bygga
405 1031 118 35 vidare
541 1033 45 42 på
607 1033 42 34 de
670 1033 304 43 undersökningar,
995 1046 74 22 som
1088 1034 163 35 bedrivits
1272 1048 44 21 av
1337 1036 156 42 personal
1514 1036 94 34 inom

116 1075 327 35 cementindustrien
471 1076 64 34 och
563 1077 147 34 svenska
737 1078 345 43 cementföreningen,
1111 1079 65 34 och
1204 1080 151 34 nämnda
1384 1081 156 41 personal
1570 1084 38 31 är

117 1119 129 35 avsedd
266 1124 54 31 att
339 1124 126 39 utgöra
486 1125 171 30 stommen
678 1134 45 22 av
742 1122 194 34 institutets
957 1123 257 35 arbetskrafter.
1236 1124 242 35 Donatorerna
1500 1125 108 34 räkna

117 1164 79 34 med
217 1169 54 30 att
291 1165 65 34 den
377 1165 155 42 speciella
552 1170 150 30 cement-
723 1167 64 34 och
808 1166 350 44 betongforskningen
1180 1180 122 31 genom
1323 1169 176 34 institutet
1521 1169 87 35 skall

117 1209 83 34 ernå
214 1221 227 31 gynnsamma
457 1209 352 36 arbetsförhållanden
826 1211 64 34 och
905 1224 42 22 en
963 1212 172 34 värdefull
1151 1213 217 43 anknytning
1384 1213 51 35 till
1453 1214 64 34 den
1533 1214 74 34 tek-

117 1253 99 34 niska
236 1253 436 43 högskoleverksamheten.
692 1255 19 34 I
732 1255 215 35 sistnämnda
969 1256 91 43 syfte
1081 1257 45 34 ha
1147 1257 10 34 i
1180 1257 285 44 stadgeförslaget
1486 1258 121 35 stiftel-

118 1310 75 22 sens
212 1298 139 43 styrelse
370 1299 66 34 och
453 1299 192 34 institutets
663 1301 155 41 personal
837 1301 143 34 erinrats
1000 1313 58 22 om
1076 1301 290 43 angelägenheten
1386 1316 44 21 av
1450 1307 54 30 att
1524 1303 83 35 söka

117 1342 193 35 samarbete
323 1343 79 34 med
416 1343 157 35 tekniska
588 1344 190 43 högskolan
793 1345 50 35 till
858 1345 149 35 fromma
1022 1345 54 35 för
1091 1347 96 34 såväl
1203 1347 176 43 forskning
1395 1360 75 21 som
1486 1348 120 34 under-

116 1386 145 43 visning.
276 1387 185 35 Institutet
475 1389 132 41 intager
622 1389 106 42 enligt
744 1389 284 43 stadgeförslaget
1044 1403 42 21 en
1103 1390 81 35 fullt
1202 1391 229 43 självständig
1447 1393 161 42 ställning

117 1443 79 22 men
217 1431 270 35 statsmakterna
508 1433 63 33 och
591 1433 191 42 högskolan
802 1434 44 34 ha
868 1433 244 36 tillförsäkrats
1133 1435 193 43 inflytande
1348 1437 46 41 på
1416 1437 191 34 institutets

117 1475 219 35 verksamhet
351 1476 198 42 därigenom
564 1481 55 29 att
635 1489 44 21 av
695 1477 42 34 de
752 1477 70 34 fem
836 1478 236 35 ledamöterna
1075 1471 15 56 i
1114 1479 184 35 stiftelsens
1315 1481 142 42 styrelse
1472 1501 45 5 —
1533 1493 74 22 som

116 1520 63 33 har
202 1520 319 35 beslutanderätten
544 1521 218 35 beträffande
785 1522 193 35 institutets
1002 1523 220 35 verksamhet
1247 1525 62 33 och
1334 1525 161 34 tillsätter
1519 1525 87 35 före-

117 1564 162 35 ståndare
297 1565 64 34 och
379 1564 98 43 övrig
493 1566 156 41 personal
666 1566 59 34 vid
743 1566 194 34 detsamma
954 1587 46 5 —
1018 1579 41 22 en
1078 1568 164 41 ledamot,
1260 1569 110 33 tillika
1391 1569 216 42 ordförande,

117 1608 85 34 skall
220 1613 92 30 utses
328 1622 44 21 av
387 1609 131 43 Kungl.
535 1609 110 42 Maj:t
661 1610 87 34 efter
764 1610 129 43 förslag
909 1624 44 22 av
970 1612 239 41 donatorerna,
1227 1613 64 34 och
1307 1615 62 32 två
1387 1626 45 22 av
1448 1614 159 34 tekniska

116 1652 206 43 högskolans
343 1653 153 43 styrelse,
516 1654 124 34 medan
661 1655 216 35 återstående
897 1656 63 34 två
980 1656 188 35 ledamöter
1188 1662 93 30 utses
1302 1671 44 21 av
1368 1658 238 36 donatorerna.

164 1698 200 33 Institutets
388 1698 220 34 verksamhet
631 1698 86 35 skall
740 1699 159 35 bedrivas
922 1701 8 33 i
954 1712 41 22 en
1018 1700 54 35 för
1094 1701 198 35 ändamålet
1313 1702 166 43 planerad
1501 1704 105 42 bygg-

117 1742 82 41 nad,
220 1742 241 42 inrymmande
482 1742 168 42 kemiska,
671 1743 203 43 fysikaliska
896 1745 66 33 och
984 1745 159 34 tekniska
1166 1746 222 34 laboratorier
1410 1753 91 29 samt
1522 1748 84 33 kon-

118 1786 211 34 torslokaler.
352 1787 70 33 För
444 1786 216 43 uppförande
682 1800 45 21 av
749 1788 205 43 byggnaden
976 1796 90 28 samt
1088 1790 56 34 för
1166 1791 224 34 anskaffande
1413 1804 45 21 av
1481 1792 125 34 maski-

117 1842 72 30 ner,
209 1831 389 43 laboratorieapparater
618 1832 66 34 och
704 1833 97 42 övrig
822 1833 201 43 utrustning
1042 1834 97 34 anslå
1160 1835 229 34 donatorerna
1410 1841 52 29 ett
1483 1836 124 43 belopp

118 1887 46 20 av
185 1878 144 35 5300,000
350 1875 140 34 kronor.
521 1876 214 42 Byggnaden
755 1878 144 42 övergår
919 1878 213 34 omedelbart
1152 1879 11 33 i
1184 1880 228 33 statsverkets
1433 1884 75 38 ägo,
1527 1893 80 21 men

119 1918 170 34 stiftelsen
315 1919 99 40 skall,
442 1920 39 34 så
506 1920 99 42 länge
632 1920 66 34 den
725 1921 113 33 driver
865 1922 66 33 den
958 1922 151 42 angivna
1135 1922 471 43 forskningsverksamheten,

119 1962 181 42 disponera
324 1966 83 31 över
431 1963 217 43 byggnaden;
675 1965 87 33 dock
786 1965 218 41 förutsättes,
1028 1971 54 29 att
1107 1966 169 35 stiftelsen
1301 1968 109 33 under
1435 1968 91 34 vissa
1550 1969 56 33 be-

117 2007 162 41 tingelser
298 2007 85 34 skall
403 2019 84 22 vara
507 2008 135 43 skyldig
661 2008 79 43 foga
760 2009 49 43 sig
827 2010 11 33 i
857 2010 188 42 lokalbyte,
1066 2023 57 21 om
1143 2011 130 42 Kungl.
1293 2011 110 42 Maj:t
1423 2012 112 34 finner
1554 2014 52 32 så-

117 2051 87 33 dant
225 2051 223 42 erforderligt.
470 2052 69 34 För
560 2053 265 34 verksamheten
847 2054 60 34 vid
928 2054 176 35 institutet
1126 2055 100 34 ställa
1248 2055 229 35 donatorerna
1499 2057 108 33 under

118 2095 51 34 tio
185 2096 49 39 år,
250 2095 125 35 räknat
391 2096 77 34 från
485 2097 63 33 och
563 2097 80 34 med
660 2098 38 33 år
716 2101 98 37 1942,
829 2098 53 34 till
899 2098 185 35 stiftelsens
1100 2099 201 43 förfogande
1319 2104 145 36 100,000
1481 2101 126 34 kronor

118 2151 57 23 om
195 2140 83 33 året.
308 2140 203 34 Därutöver
530 2141 168 34 beräknas
718 2142 168 33 stiftelsen
904 2143 120 33 kunna
1043 2143 130 34 erhålla
1192 2144 194 33 driftmedel
1406 2157 122 29 genom
1547 2158 58 20 an-

118 2183 73 42 slag
212 2184 64 33 och
297 2184 152 34 tillskott
470 2184 77 34 från
568 2186 241 42 myndigheter
831 2187 65 33 och
917 2187 155 33 enskilda
1093 2193 92 28 samt
1205 2200 123 30 genom
1351 2189 188 33 inkomster
1561 2201 44 21 av

118 2232 134 37 patent.

161 2270 174 35 Stiftelsen
354 2271 87 34 skall
459 2272 140 35 bedriva
617 2273 50 34 sin
684 2274 220 34 verksamhet
923 2279 86 29 utan
1026 2279 54 30 att
1099 2288 81 21 avse
1199 2276 129 33 enskild
1348 2276 93 34 vinst
1460 2277 53 33 för
1532 2277 73 34 stif-

115 2315 108 33 telsen
241 2315 77 34 eller
337 2315 239 35 donatorerna.
596 2317 19 32 I
635 2317 262 34 verksamheten
917 2330 117 21 vunna
1056 2318 340 43 forskningsresultat
1417 2320 94 34 skola
1532 2333 74 21 som

116 2358 86 42 regel
219 2360 54 32 stå
288 2358 50 34 till
355 2360 128 33 allmän
499 2360 201 42 disposition
714 2362 64 32 och
792 2362 10 33 i
818 2362 66 33 den
901 2363 82 32 mån
999 2363 57 33 det
1073 2363 154 33 befinnes
1244 2364 157 41 lämpligt
1416 2364 189 42 publiceras

112 2413 125 31 genom
260 2402 192 35 stiftelsens
473 2403 145 43 försorg.

161 2446 90 35 Över
273 2447 185 34 stiftelsens
482 2448 230 41 verksamhet,
735 2449 71 34 vari
829 2450 156 34 förutom
1006 2450 194 36 institutets
1222 2451 164 35 drivande
1410 2456 86 30 även
1520 2453 86 33 skall

116 2491 118 34 kunna
252 2491 79 42 ingå
350 2491 109 35 andra
479 2493 160 41 åtgärder
658 2493 53 34 till
731 2494 78 33 stöd
830 2493 54 34 för
904 2494 221 43 forskningen
1146 2496 144 33 rörande
1310 2501 147 36 cement,
1479 2497 128 42 betong
