1896 2812
497 165 437 33 Konstitutionsutskottets
953 168 182 31 memorial
1157 178 41 21 nr
1223 168 29 30 8.
1595 163 35 31 1

124 247 78 30 icke
233 247 224 31 förekommit
487 248 105 30 sedan
625 249 202 30 nuvarande
858 249 148 37 ordning
1038 250 58 30 vid
1128 250 503 38 lasarettsläkartillsättningar

125 298 144 39 började
283 298 185 37 tillämpas.

170 350 79 31 Med
271 352 187 36 anledning
480 361 43 21 av
548 352 122 36 Kungl.
695 352 118 37 Maj:ts
838 353 112 30 beslut
974 354 65 30 har
1062 352 59 38 jag
1144 354 103 36 yrkat
1270 353 232 37 anmärkning
1525 353 106 37 enligt

124 400 20 37 8
169 401 57 29 107
247 400 309 37 regeringsformen
575 404 72 27 mot
665 401 284 37 föredraganden,
968 401 183 32 statsrådet
1168 403 209 36 Bergquist.»

858 611 39 33 Vv.

169 706 44 22 av
232 698 79 30 herr
332 695 225 41 Holmström,
577 708 76 21 som
674 699 127 31 anfört:

173 756 33 30 »I
228 757 145 30 oktober
392 756 131 32 månad
545 758 80 30 1941
650 758 133 36 ägnade
806 758 66 31 den
894 759 147 30 svenska
1062 767 143 27 pressen
1226 761 71 27 stor
1318 757 314 37 uppmärksamhet

123 806 36 32 åt
183 807 196 37 Långmora
404 808 428 37 utlänningsförläggning.
866 809 6 30 I
899 809 67 30 den
992 809 139 36 mycket
1156 809 128 36 skarpa
1308 808 116 36 kritik,
1451 817 76 22 som
1550 807 80 32 från

125 857 88 32 flera
231 858 70 31 håll
320 858 152 30 riktades
491 862 73 27 mot
583 860 154 29 skötseln
754 869 44 21 av
817 859 272 37 förläggningen,
1109 859 185 31 framhölls
1313 859 45 30 bl.
1381 869 29 21 a.
1431 862 50 27 att
1500 859 68 31 den
1587 867 44 22 av

124 909 275 36 socialstyrelsen
419 910 139 30 tillsatte
578 909 273 37 föreståndaren,
872 911 125 30 doktor
1016 910 200 36 Söderberg,
1238 919 61 21 var
1317 909 165 37 olämplig
1501 909 56 32 för
1576 909 53 31 sin

124 959 148 37 uppgift.
292 961 57 29 Att
368 960 190 37 Söderberg
578 970 62 21 var
660 960 120 37 svåger
798 961 50 29 till
869 961 292 36 socialstyrelsens
1180 961 90 35 chef,
1292 963 20 28 t.
1334 960 23 31 f.
1378 960 251 38 generaldirek-

124 1012 56 29 tör
198 1011 38 30 K.
256 1010 29 31 J.
306 1010 117 37 Höjer,
444 1011 121 31 ställde
584 1012 100 30 dessa
701 1011 245 31 förhållanden
963 1011 11 30 i
991 1021 44 21 en
1052 1011 150 31 särskild
1221 1012 114 35 dager.

170 1061 212 37 Riksdagens
406 1061 168 31 revisorer
598 1061 39 31 år
665 1062 80 30 1941
772 1061 206 32 verkställde
1000 1072 42 20 en
1065 1062 187 37 utredning
1274 1063 10 29 i
1307 1062 117 32 saken.
1451 1062 13 30 I
1487 1061 54 31 sin
1563 1061 67 31 den

128 1113 39 29 15
194 1113 181 29 december
405 1113 80 29 1941
514 1112 147 37 avgivna
687 1113 180 30 berättelse
895 1113 161 30 anmälde
1084 1113 214 30 revisorerna
1326 1115 50 29 att
1405 1113 42 30 de
1471 1112 160 36 iakttagit

124 1162 331 32 missförhållanden
479 1172 43 21 av
544 1163 94 31 olika
662 1163 74 36 slag
758 1163 58 31 vid
840 1163 471 37 Långmoraförläggningen.
1337 1162 65 31 Det
1424 1163 111 37 gällde
1558 1163 72 30 dels

124 1213 263 31 föreståndaren
408 1213 228 37 personligen,
663 1214 71 31 dels
757 1214 128 30 dennes
908 1214 67 30 sätt
997 1217 50 28 att
1069 1215 92 30 hava
1185 1214 117 36 tillsyn
1327 1215 82 29 över
1432 1214 198 30 internerna

122 1264 68 30 och
211 1264 71 31 dels
301 1264 89 30 hans
412 1264 213 37 förvaltning
645 1274 43 21 av
708 1265 308 31 omhänderhavda
1036 1265 276 36 penningmedel.

169 1313 226 33 Beträffande
411 1315 42 30 de
467 1315 58 31 två
542 1315 243 31 förstnämnda
803 1316 264 36 synpunkterna
1084 1315 58 31 må
1158 1316 123 30 endast
1297 1314 231 32 revisorernas
1547 1315 81 30 slut-

122 1365 66 30 ord
207 1365 153 36 anföras,
382 1365 39 31 så
440 1366 160 36 lydande:

170 1423 84 32 ”Vad
276 1424 160 37 slutligen
460 1424 107 37 angår
593 1425 111 36 själva
727 1425 313 36 förläggningarna,
1066 1425 103 30 beror
1192 1425 58 30 det
1272 1424 141 36 givetvis
1439 1427 120 33 ytterst
1583 1423 47 37 på

123 1466 265 31 föreståndaren
409 1468 64 29 och
496 1467 66 30 den
582 1467 196 36 auktoritet,
800 1476 75 21 som
896 1468 72 29 han
988 1467 70 30 kan
1078 1467 111 36 skapa
1209 1467 35 31 åt
1264 1467 51 36 sig
1333 1466 94 31 inför
1447 1466 97 31 såväl
1563 1466 67 31 den

123 1510 267 30 underordnade
407 1509 205 37 personalen
629 1518 75 21 som
720 1510 42 29 de
779 1509 307 36 omhändertagna,
1106 1519 58 20 om
1178 1519 44 20 en
1237 1509 219 36 förläggning
1471 1518 76 20 som
1563 1508 67 30 den

123 1551 268 36 ifrågavarande
409 1552 89 30 skall
515 1552 121 30 kunna
654 1551 86 36 fylla
759 1552 51 30 sin
827 1551 148 37 uppgift.
995 1551 53 32 Då
1065 1561 43 21 av
1127 1552 67 30 den
1211 1551 162 30 lämnade
1390 1551 239 36 redogörelsen

124 1593 164 37 framgår,
308 1597 50 28 att
376 1593 196 37 Långmora
593 1593 218 37 förläggning
832 1594 75 30 icke
927 1594 69 30 kan
1017 1603 99 21 anses
1137 1594 91 29 hava
1249 1593 78 37 fyllt
1348 1594 114 29 denna
1480 1593 148 37 uppgift,

122 1644 106 28 synas
247 1635 167 37 åtgärder,
436 1645 75 21 som
530 1636 59 30 äro
609 1636 132 35 ägnade
759 1640 48 26 att
825 1636 242 31 åstadkomma
1086 1645 42 21 en
1145 1636 113 30 bättre
1274 1635 148 37 ordning
1441 1635 57 30 vid
1515 1635 114 30 denna

123 1677 228 37 förläggning,
368 1682 85 26 utan
471 1678 167 36 dröjsmål
656 1678 85 31 böra
760 1678 175 37 vidtagas.”

169 1736 226 32 Beträffande
413 1738 206 36 Söderbergs
638 1738 67 29 sätt
724 1740 48 27 att
790 1738 149 31 förvalta
954 1737 267 36 penningmedel
1239 1736 162 31 anfördes
1418 1736 11 30 i
1447 1736 181 30 revisorer-

123 1796 64 22 nas
205 1788 181 30 berättelse
404 1788 45 30 bl.
471 1798 29 20 a.
523 1791 57 33 att,
602 1788 89 29 intill
711 1788 64 30 den
799 1789 14 29 1
834 1788 154 30 februari
1010 1788 81 29 1941
1114 1787 280 36 förläggningens
1414 1786 213 31 förestånda-

122 1847 38 21 re
187 1838 272 30 omhänderhaft
486 1838 256 36 förvaltningen
767 1848 43 20 av
837 1839 42 29 de
906 1838 232 30 internerades
1165 1838 276 36 penningmedel.
1471 1837 158 31 Därefter

122 1888 92 30 hade
237 1889 97 29 dessa
356 1888 111 36 själva
488 1888 65 31 fått
574 1889 189 30 handhava
786 1889 64 29 och
875 1888 185 36 disponera
1081 1888 76 30 sina
1180 1888 121 30 medel.
1327 1887 65 32 Vid
1414 1887 216 37 övergången

124 1938 50 30 till
195 1938 93 30 detta
307 1941 127 33 system
454 1938 95 36 fingo
570 1939 41 29 de
630 1941 38 28 ut
690 1939 74 30 sina
785 1938 223 31 innestående
1028 1938 121 35 medel,
1172 1938 107 30 sedan
1298 1938 129 36 avdrag
1446 1937 107 37 gjorts
1574 1938 56 29 för

124 1988 142 30 skulder
285 1988 50 30 till
356 1988 133 30 diverse
508 1988 140 30 affärer.
671 1987 53 31 En
746 1989 53 30 del
819 1998 42 20 av
884 1989 196 35 skulderna,
1102 1988 45 30 bl.
1170 1998 29 21 a.
1222 1998 43 20 en
1288 1988 45 36 på
1355 1989 61 29 730
1436 1988 50 31 kr.
1507 1988 43 30 99
1571 1989 59 28 öre

124 2037 55 31 för
202 2038 235 36 tobaksvaror,
459 2039 176 30 betalades
655 2039 190 30 emellertid
867 2039 88 30 först
977 2039 65 30 den
1068 2040 17 29 7
1110 2039 71 36 maj
1207 2039 93 35 1941,
1324 2039 66 30 och
1411 2039 110 30 andra
1542 2038 86 31 åter-

122 2088 79 36 igen
226 2098 82 21 voro
333 2089 58 30 vid
412 2089 232 30 revisorernas
667 2089 108 30 besök
799 2089 20 31 å
845 2089 460 36 Långmoraförläggningen
1331 2090 66 29 den
1422 2090 41 29 22
1489 2098 139 21 novem-

123 2139 62 30 ber
211 2139 79 30 1941
314 2139 217 30 fortfarande
553 2140 169 31 obetalda.

169 2189 49 30 Ur
235 2189 291 36 socialstyrelsens
544 2190 49 29 till
614 2190 123 36 Kungl.
757 2190 100 36 Maj:t
876 2190 139 36 ingivna
1033 2189 234 37 förklaringar
1286 2190 79 29 med
1384 2189 187 37 anledning
1587 2198 43 21 av

123 2239 68 30 vad
211 2239 300 30 statsrevisorerna
531 2240 132 29 anmält
685 2240 121 30 citeras
827 2240 166 36 följande:

171 2296 82 31 "När
270 2297 191 36 Söderberg
477 2298 154 29 kallades
649 2300 59 33 att,
727 2298 104 29 sedan
850 2299 265 28 verksamheten
1133 2297 91 30 hade
1241 2297 118 36 pågått
1377 2297 105 36 några
1503 2297 35 30 få
1558 2297 71 30 må-

124 2340 117 34 nader,
261 2339 73 30 lösa
355 2340 41 29 de
419 2339 234 36 föreliggande
674 2340 222 35 uppgifterna
917 2339 57 30 vid
996 2338 470 38 Långmoraförläggningen,
1491 2340 138 28 ställdes

124 2382 71 29 han
222 2381 99 30 alltså
349 2381 94 30 inför
470 2381 178 35 vanskliga
678 2382 166 35 problem.
875 2381 221 35 Personligen
1126 2382 155 29 saknade
1308 2382 70 29 han
1406 2381 105 30 också
1540 2381 90 29 vissa

123 2424 222 35 egenskaper.
372 2423 79 30 Han
474 2424 85 35 ägde
585 2423 30 36 ej
641 2423 254 30 administrativ
918 2423 197 30 erfarenhet
1138 2423 66 30 och
1230 2423 76 30 icke
1329 2422 103 36 något
1456 2423 174 35 utpräglat

123 2465 275 36 ordningssinne.
426 2465 119 30 Såsom
571 2474 42 21 en
641 2474 93 27 man,
761 2465 114 29 vilken
900 2465 10 29 i
936 2465 238 35 övervägande
1202 2465 82 30 mån
1310 2465 87 30 varit
1422 2465 138 29 inställd
1586 2465 43 36 på
