1894 2808
272 150 38 30 10
637 152 434 31 Konstitutionsutskottets
1097 152 179 30 memorial
1300 162 41 19 nr
1362 153 29 29 8.

274 235 268 32 förhållandena
560 236 11 30 i
594 237 40 29 de
658 237 127 29 norska
806 236 219 36 fängelserna
1046 236 110 30 under
1178 236 263 37 ockupationen.
1465 235 238 32 Innevarande
1723 235 55 31 års

272 286 216 37 granskning
528 286 165 31 omfattar
732 286 146 31 sålunda
917 286 123 30 endast
1079 286 95 30 tiden
1213 286 85 30 efter
1340 286 148 30 berörda
1530 286 130 31 datum.
1705 287 73 30 Den

274 338 131 30 utvisar
456 346 44 21 en
545 337 319 30 tillfredsställande
913 337 199 36 minskning
1158 347 44 20 av
1249 337 130 30 antalet
1430 337 347 36 indragningsbeslut.

276 387 124 32 Medan
444 387 113 31 under
594 387 110 31 första
745 387 156 37 halvåret
944 388 82 29 1942
1088 388 128 30 «antalet
1256 387 247 31 konfiskerade
1546 388 141 30 skrifter
1728 391 50 27 ut-

271 437 123 37 gjorde
416 438 101 37 drygt
546 439 70 35 100,
643 436 102 38 sjönk
768 438 128 31 antalet
919 438 111 30 under
1054 437 195 32 återstoden
1272 448 42 21 av
1337 437 73 31 året
1433 438 68 30 ned
1525 438 50 30 till
1599 434 38 39 "/;
1661 439 116 30 därav.

273 489 101 30 Trots
397 488 115 31 denna
533 488 12 30 i
565 489 67 30 och
651 488 58 30 för
727 488 50 36 sig
798 488 187 37 glädjande
1008 489 197 36 utveckling
1225 488 64 31 har
1309 488 59 37 jag
1390 489 89 30 dock
1501 488 58 31 vid
1579 497 42 22 en
1642 496 136 29 genom-

274 539 135 37 läsning
427 549 42 20 av
485 539 44 30 de
546 539 220 37 beslagtagna
784 539 188 30 skrifterna
988 538 116 32 funnit
1121 539 92 30 vissa
1230 538 370 32 konfiskationsbeslut
1617 539 161 31 anmärk-

275 589 219 36 ningsvärda.
516 589 145 31 Särskilt
680 589 59 30 vill
755 588 57 37 jag
829 590 131 30 nämna
978 587 207 33 ”Arbetaren'
1202 589 58 31 för
1279 589 65 30 den
1363 589 41 30 25
1422 589 63 37 juli
1508 590 82 30 1942
1618 583 53 40 (nr
1689 588 89 39 169),

275 639 66 31 den
363 649 43 21 av
429 639 146 36 förlaget
598 640 100 30 Trots
721 640 68 31 Allt
809 639 39 32 år
871 640 83 30 1942
978 640 142 35 utgivna
1140 639 146 31 skriften
1308 639 64 31 ”En
1395 640 99 37 polsk
1518 642 93 29 svart
1631 639 70 31 bok
1721 649 58 21 om

273 690 69 30 den
369 691 103 36 tyska
505 690 275 37 »nyordningen»
812 690 10 30 i
851 690 116 31 Polen
998 693 89 27 samt
1115 689 185 37 Göteborgs
1329 690 168 31 Handels-
1525 691 66 29 och
1618 689 161 37 Sjöfarts-

275 740 149 37 Tidning
455 741 68 30 den
551 741 19 30 9
599 741 193 36 september
822 741 82 30 1942
943 739 52 40 (nr
1024 740 91 39 207),
1144 741 93 30 vilka
1265 740 139 31 skrifter
1433 740 88 31 efter
1549 740 230 37 förutgångna

273 791 297 31 kvarstadsbeslut
595 791 233 30 konfiskerats
856 794 86 28 utan
970 790 177 38 rättegång
1175 799 124 28 genom
1325 791 111 30 beslut
1462 791 67 30 den
1555 791 39 30 31
1623 789 64 38 juli
1714 791 65 30 och

272 841 69 30 den
368 842 35 29 11
431 841 193 39 september
646 842 93 30 1942.
765 840 193 32 Innehållet
982 842 11 30 i
1015 842 98 30 dessa
1138 841 140 31 skrifter
1296 841 67 31 har
1383 842 106 36 enligt
1511 842 73 30 min
1607 841 140 36 mening
1768 841 11 30 i

274 893 85 30 intet
384 892 197 31 hänseende
609 892 182 32 motiverat
819 893 44 29 de
890 892 163 36 vidtagna
1079 891 215 37 åtgärderna.
1322 892 69 30 För
1416 892 66 31 den
1509 892 91 30 skull
1629 892 65 30 har
1722 891 58 37 jag

272 944 124 34 ansett,
419 945 51 28 att
490 942 232 38 anmärkning
742 942 105 36 enligt
869 943 18 37 8
912 943 59 29 107
995 942 310 36 regeringsformen
1326 942 78 31 bort
1426 952 43 21 av
1491 943 164 30 utskottet
1678 943 101 35 göras

276 996 71 27 mot
371 992 42 31 de
434 992 56 31 för
511 992 205 37 åtgärderna
740 993 181 36 ansvariga
946 992 221 31 statsråden.»

997 1132 59 32 IV.

779 1202 172 35 (Protokoll
984 1204 72 26 över
1090 1202 234 28 socialärenden
1356 1202 59 27 den
1448 1203 37 26 26
1516 1211 84 18 mars
1638 1202 96 35 1943.)

319 1279 42 21 av
379 1270 81 30 herr
479 1280 67 21 von
567 1270 148 38 Friesen,
735 1279 75 21 som
831 1270 117 30 anfört
967 1270 169 36 följande:

323 1329 133 31 »Sedan
482 1329 409 37 lasarettsläkartjänsten
919 1330 59 32 vid
1007 1329 121 39 Nässjö
1155 1329 164 37 nyblivna
1346 1330 140 30 lasarett
1512 1330 187 30 förklarats
1728 1329 50 31 till

273 1381 158 30 ansökan
455 1380 99 37 ledig,
578 1381 162 30 anmälde
764 1381 50 36 sig
834 1390 77 21 som
934 1381 155 30 sökande
1108 1380 58 36 sju
1189 1380 167 31 medicine
1382 1380 190 31 licentiater
1596 1380 181 30 däribland

274 1431 201 36 sjukhusets
498 1431 198 37 mångårige
717 1432 118 30 läkare
858 1431 83 30 Olof
961 1431 149 30 Andrén.
1135 1431 361 37 Medicinalstyrelsen,
1519 1440 77 21 som
1618 1431 90 30 hade
1730 1434 49 27 att

277 1483 163 35 upprätta
456 1482 139 37 förslag,
612 1481 108 38 ansåg
735 1482 51 37 sig
802 1483 76 30 icke
893 1482 120 30 kunna
1029 1483 116 29 lämna
1164 1482 226 36 förslagsrum
1407 1481 34 31 åt
1457 1481 149 31 Andrén.
1623 1482 157 30 Andréns

276 1532 137 30 meriter
436 1541 83 21 voro
542 1532 41 30 de
606 1532 250 30 medsökandes
881 1533 157 29 avsevärt
1060 1532 239 36 underlägsna.
1326 1531 153 31 Sålunda
1501 1532 70 30 kan
1595 1532 55 30 det
1673 1532 106 30 fram-

274 1582 121 37 hållas,
411 1586 49 27 att
477 1584 72 29 han
566 1583 74 30 icke
658 1583 85 36 ägde
760 1583 201 36 erforderlig
977 1583 196 36 utbildning
1188 1583 10 29 i
1216 1583 148 30 medicin
1380 1584 66 29 och
1462 1582 215 39 följaktligen
1692 1583 86 39 jäm-

277 1634 63 30 likt
361 1634 229 36 kungörelsen
612 1634 66 30 den
702 1635 38 29 16
763 1634 192 35 september
980 1634 81 30 1932
1083 1643 58 20 om
1161 1633 147 37 ändring
1329 1633 10 30 i
1359 1633 92 30 vissa
1472 1634 94 30 delar
1585 1643 42 21 av
1648 1633 130 37 kungö-

275 1685 111 30 relsen
405 1685 66 30 den
494 1686 37 29 17
556 1685 179 30 december
756 1685 82 30 1915
858 1684 177 37 angående
1054 1684 124 30 villkor
1198 1684 55 30 för
1274 1684 202 37 behörighet
1497 1684 56 30 för
1571 1684 89 30 vissa
1679 1684 100 30 civila

276 1735 333 36 läkarbefattningar
636 1735 77 30 icke
739 1735 117 30 kunde
885 1745 99 21 anses
1013 1735 142 36 behörig
1182 1735 171 30 innehava
1384 1735 159 38 tjänsten.
1575 1734 79 30 Icke
1684 1735 95 30 desto

276 1787 134 31 mindre
430 1787 189 29 utnämnde
640 1786 123 36 Kungl.
785 1786 101 39 Maj:t
906 1786 139 30 Andrén
1067 1786 66 30 den
1155 1786 41 30 26
1214 1795 92 21 mars
1329 1786 82 30 1943
1432 1786 52 29 till
1504 1785 275 31 lasarettsläkare

277 1837 10 30 i
309 1837 133 36 Nässjö.

321 1888 122 36 Kungl.
473 1888 100 39 Maj:t
599 1888 179 36 grundade
804 1888 273 36 uppenbarligen
1105 1888 56 30 sitt
1188 1888 110 29 beslut
1322 1886 45 37 på
1395 1887 156 30 Andréns
1579 1885 200 38 mångåriga

276 1939 228 38 tjänstgöring
530 1939 57 30 vid
612 1938 205 39 sjukstugan
842 1939 11 29 i
881 1938 133 39 Nässjö,
1041 1939 65 29 och
1130 1938 124 30 talrika
1280 1937 330 37 opinionsyttringar
1634 1938 50 30 till
1710 1937 68 30 för-

276 1989 82 31 mån
381 1989 55 30 för
458 1990 140 30 Andrén
619 1989 218 31 meddelades
863 1990 123 35 Kungl.
1010 1989 109 38 Maj:t.
1144 1990 63 29 Det
1229 1988 109 31 måste
1361 1989 90 30 dock
1476 1988 109 30 väcka
1611 1991 92 28 stora
1724 1989 54 29 be-

276 2040 239 36 tänkligheter,
548 2043 49 28 att
627 2050 41 21 en
701 2040 130 36 ensidig
864 2040 416 39 sjukstugetjänstgöring,
1312 2039 76 30 icke
1419 2039 254 36 kompletterad
1701 2040 78 29 med

274 2091 203 37 erforderlig
497 2091 333 36 specialutbildning,
854 2091 88 30 skall
963 2090 160 31 meritera
1143 2100 42 21 en
1205 2090 152 31 sökande
1380 2090 50 30 till
1449 2089 200 31 erhållande
1668 2099 43 21 av
1732 2090 46 29 la-

276 2142 338 38 sarettsläkartjänst.
639 2142 211 36 Principiellt
870 2140 102 32 råder
992 2142 66 30 den
1078 2141 193 30 skillnaden
1290 2141 128 30 mellan
1441 2142 139 29 lasarett
1599 2141 65 29 och
1685 2140 93 38 sjuk-

278 2196 106 33 stuga,
403 2196 50 27 att
469 2192 21 31 å
508 2193 56 30 det
583 2192 94 31 förra
696 2192 132 37 intagas
848 2192 246 39 sjukdomsfall
1111 2192 192 31 oberoende
1319 2202 42 20 av
1380 2191 113 31 fallets
1510 2194 62 33 art,
1591 2192 65 29 och
1675 2190 20 31 å
1714 2192 66 29 den

276 2253 120 22 senare
415 2245 123 31 lättare
554 2244 256 37 sjukdomsfall.
829 2245 53 30 En
900 2244 208 38 utnämning
1123 2254 43 21 av
1186 2244 138 30 Andrén
1342 2243 110 31 måste
1470 2244 86 29 även
1574 2242 37 31 få
1630 2242 149 37 prejudi-

274 2294 147 31 cerande
442 2294 174 36 karaktär,
638 2295 83 29 enär
743 2294 184 30 innehavet
948 2303 42 21 av
1011 2303 42 21 en
1072 2293 386 39 sjukstugeläkartjänst
1479 2293 71 30 kan
1568 2292 48 31 bli
1637 2301 43 21 en
1699 2301 79 27 gen-

276 2346 64 35 väg
357 2345 51 30 till
425 2344 199 31 erhållande
641 2355 42 21 av
700 2344 150 39 tjänsten
865 2354 75 21 som
955 2344 286 36 lasarettsläkare,
1257 2344 114 30 därest
1386 2343 205 39 sjukstugan
1608 2342 170 31 ombildas

276 2395 50 31 till
343 2396 140 30 lasarett
500 2395 45 37 på
564 2396 66 30 sätt
647 2405 75 21 som
741 2396 89 30 skett
848 2395 11 31 i
880 2395 133 39 Nässjö.
1035 2395 143 30 Särskilt
1195 2394 326 37 anmärkningsvärt
1541 2395 39 29 är
1595 2392 116 37 också,
1731 2396 48 27 att

277 2446 122 37 Kungl.
431 2446 101 39 Maj:t
562 2447 71 30 helt
663 2445 165 38 förbigått
856 2446 369 36 medicinalstyrelsens
1257 2445 139 36 förslag,
1425 2443 103 38 något
1556 2453 75 21 som
1658 2444 120 30 hittills
