2221 2662
651 194 359 43 Bevillningsutskottets
1035 193 208 32 Betänkande
1268 193 61 32 N:o
1353 195 31 30 8.
1751 193 17 30 7

222 274 211 50 väsentligt
474 274 186 50 billigare,
704 274 63 37 det
804 287 79 24 mer
911 273 70 38 och
1009 286 80 24 mer
1117 272 122 38 skulle
1268 273 152 37 komma
1448 277 56 32 att
1531 272 198 49 begagnas
1757 271 58 36 till

221 328 304 48 menniskoföda,
569 328 71 36 och
680 328 144 36 verkan
857 327 111 37 häraf
991 326 121 38 skulle
1141 339 77 36 nog
1246 326 13 36 i
1287 326 120 37 sinom
1436 325 56 37 tid
1520 324 119 38 blifva
1666 325 149 49 ganska

221 380 147 37 känbar
395 381 59 36 för
481 383 88 34 vårt
592 380 199 49 jordbruk.

354 432 189 49 Slutligen
566 433 69 36 vill
662 433 187 36 utskottet
877 432 135 48 erinra,
1043 437 54 31 att
1124 432 97 48 majs
1251 431 112 36 också
1391 431 95 36 låter
1510 430 59 48 sig
1590 430 85 37 med
1694 429 122 37 fördel

224 485 192 37 användas
449 485 58 36 till
543 484 163 50 ölbrygd
738 484 12 37 i
779 484 127 37 stället
932 484 59 36 för
1019 483 190 37 kornmalt
1237 483 91 36 eller
1351 483 120 49 jemte
1500 482 134 37 sådant
1662 482 70 37 och
1762 486 55 32 att

223 538 113 36 äfven
376 538 226 48 härigenom
644 551 47 23 en
733 537 150 49 skadlig
917 536 185 37 inverkan
1129 539 47 46 på
1206 535 62 37 det
1297 535 163 37 svenska
1483 535 228 50 jordbruket
1740 534 75 37 kan

222 591 209 48 förväntas,
461 590 125 37 derest
613 590 121 36 tullen
762 592 21 34 å
810 590 96 49 majs
934 590 207 48 borttages.

354 694 131 38 Såsom
514 695 117 36 ofvan
659 699 162 43 nämnts,
852 694 73 36 kan
956 694 187 36 utskottet
1158 693 83 37 icke
1256 693 104 36 finna
1380 697 126 44 annat,
1524 697 48 31 än
1589 697 54 31 att
1659 692 45 37 de
1722 692 94 47 skäl,

224 747 130 37 hvilka
387 748 78 36 tala
494 747 59 37 för
580 746 266 38 bibehållande
876 747 40 36 af
939 746 121 37 tullen
1088 749 21 33 å
1137 746 107 49 majs,
1274 750 64 31 äro
1369 745 40 36 af
1434 748 39 34 så
1502 750 78 31 stor
1607 744 209 50 betydelse,

225 806 54 30 att
307 800 188 36 utskottet
523 799 83 37 icke
635 799 74 36 kan
737 799 150 36 biträda
916 799 149 48 åsigten
1093 812 60 22 om
1182 798 305 37 önskvärdheten
1517 798 40 36 af
1581 797 188 37 tullfrihet
1798 800 20 33 å

224 852 125 37 denna
378 866 100 33 vara,
507 856 93 32 utan
628 851 158 37 fastmer
814 854 120 34 måste
962 851 119 36 uttala
1110 853 122 34 såsom
1262 850 58 36 sin
1348 850 112 49 åsigt,
1491 854 54 32 att
1564 849 253 50 borttagande

225 906 40 35 af
289 905 121 36 tullen
438 905 123 36 skulle
591 918 90 22 vara
711 904 167 49 skadligt
906 904 58 36 för
991 906 66 33 vår
1082 903 354 50 jordbruksnäring.
1480 902 73 36 Vid
1581 902 136 37 sådant
1740 902 77 36 för-

224 957 176 37 hållande
442 957 77 36 kan
559 957 188 36 utskottet
787 956 83 37 icke
903 957 103 36 finna
1035 956 82 36 skäl
1144 955 192 49 tillstyrka
1364 954 257 37 motionärens
1648 954 170 49 begäran

225 1024 60 22 om
314 1023 46 23 en
389 1009 208 49 utredning
624 1009 11 36 i
664 1009 123 36 denna
815 1009 120 47 fråga,
950 1008 100 37 helst
1064 1007 127 37 härtill
1205 1007 181 47 kommer,
1405 1012 54 31 att
1474 1007 121 48 enligt
1611 1007 207 36 utskottets

224 1062 247 37 förmenande
513 1065 131 45 någon
683 1061 225 48 ytterligare
949 1060 208 48 utredning
1184 1060 153 36 utöfver
1366 1060 85 47 den,
1481 1073 81 23 som
1590 1059 65 36 vid
1683 1062 135 45 mång-

226 1115 142 48 faldiga
409 1113 231 50 föregående
687 1113 175 37 tillfällen
904 1113 70 37 och
1013 1112 180 37 särskildt
1222 1112 40 36 af
1287 1112 135 37 chefen
1449 1112 59 36 för
1536 1111 183 37 kontroll-
1749 1111 69 36 och

220 1167 339 50 justeringsbyrån
586 1166 13 36 i
627 1165 276 38 ofvanberörda
931 1165 195 37 utlåtande
1154 1164 228 49 förebragts,
1404 1178 114 36 synes
1533 1164 188 36 utskottet
1736 1163 82 37 icke

224 1233 91 23 vara
343 1220 57 36 för
427 1219 158 48 frågans
613 1218 237 37 bedömande
879 1217 237 49 erforderlig.

353 1272 53 36 På
436 1271 124 49 grund
591 1271 39 36 af
657 1271 63 36 det
748 1270 159 37 anförda
934 1270 219 37 hemställer
1181 1270 199 46 utskottet,

755 1363 54 31 att
837 1358 88 36 herr
953 1357 131 37 Dahns
1104 1357 290 49 ifrågavarande
1415 1356 141 37 motion
1573 1356 85 37 med
1673 1356 146 48 förslag

627 1416 55 31 att
696 1410 221 48 Riksdagen
931 1413 116 33 måtte
1063 1410 12 35 i
1091 1409 200 37 skrifvelse
1306 1409 58 36 till
1379 1409 140 47 Kongl.
1537 1409 108 49 Maj:t
1656 1408 162 48 anhålla,

626 1463 63 36 det
730 1463 138 48 Kongl.
912 1463 108 49 Maj:t
1059 1462 147 36 täcktes
1240 1461 76 37 låta
1349 1461 143 48 utreda,
1522 1461 186 36 huruvida
1736 1461 83 36 icke

626 1516 46 36 de
706 1515 147 48 hinder,
891 1529 80 22 som
1005 1528 109 23 anses
1142 1514 206 37 förefinnas
1376 1518 80 32 mot
1483 1513 271 48 borttagandet
1783 1513 40 36 af

625 1567 121 37 tullen
788 1570 20 33 å
849 1568 107 48 majs,
999 1567 180 36 särskildt
1206 1567 101 35 hvad
1335 1539 484 80 bränvinstillverkningen

626 1620 189 47 beträffar,
845 1619 122 37 skulle
996 1619 129 36 kunna
1152 1619 256 49 undanrödjas
1424 1631 165 36 genom
1579 1618 141 36 ändrad
1737 1618 81 48 lag-

627 1671 189 48 stiftning,
846 1672 70 36 och
944 1671 12 36 i
984 1671 134 36 sådant
1135 1671 68 36 fall
1217 1671 58 35 till
1289 1671 222 48 Riksdagen
1526 1670 193 36 inkomma
1733 1670 84 36 med

627 1724 45 37 de
708 1724 155 48 förslag,
892 1723 155 37 hvartill
1075 1723 256 49 utredningen
1362 1723 74 36 kan
1465 1723 106 48 gifva
1600 1722 219 49 anledning,

626 1776 83 36 icke
739 1779 115 33 måtte
883 1775 58 36 till
969 1778 128 46 någon
1129 1775 238 49 Riksdagens
1396 1775 135 48 åtgärd
1559 1774 206 37 föranleda.

357 1828 219 38 Stockholm
606 1828 73 36 den
711 1830 43 34 17
785 1827 168 37 februari
985 1829 107 35 1902.

680 1916 49 35 På
757 1915 444 49 bevillningsutskottets
1228 1919 161 44 vägnar:

868 2002 45 36 H.
945 2001 231 37 CAVALLL
