1900 2816
590 159 292 31 Bankoutskottets
902 159 163 30 utlåtande
1083 159 47 29 Nr
1149 158 46 30 16.
1617 156 18 29 5

187 247 48 31 De
257 248 190 37 ytterligare
469 248 206 30 föreskrifter
704 250 4 28 i
732 251 114 32 ämnet,
869 258 69 20 som
961 249 114 28 kunna
1097 248 70 28 visa
1190 248 51 35 sig
1263 255 79 20 vara
1365 255 38 20 av
1424 245 134 30 behovet
1580 244 53 37 på-

148 293 138 34 kallade,
310 293 89 30 torde
423 293 51 30 det
495 293 79 30 böra
597 294 173 29 ankomma
793 293 41 36 på
858 292 121 37 Kungl.
1005 292 98 37 Maj:t
1125 294 44 27 att
1191 290 160 31 utfärda.”

185 382 51 30 Då
261 381 122 37 frågan
407 391 81 21 vore
513 391 42 21 av
577 382 65 30 den
666 384 62 34 art,
755 384 48 28 att
828 382 53 30 för
906 382 207 30 densammas
1138 382 135 36 lösning
1298 380 211 31 erfordrades
1534 379 98 31 bifall

145 444 42 21 av
207 435 97 29 såväl
328 435 140 37 riksdag
492 436 59 29 och
574 436 198 37 kyrkomöte
794 436 63 30 och
880 438 46 28 ett
949 436 119 29 snabbt
1092 435 168 29 ordnande
1285 444 42 20 av
1350 433 283 39 pensionsfrågan

143 490 115 36 syntes
278 488 351 37 departemenschefen
649 498 84 21 vara
750 498 45 20 av
813 489 142 30 behovet
975 488 159 38 påkallat,
1153 488 78 29 blev
1250 488 107 37 enligt
1376 486 122 38 Kungl.
1518 486 115 37 Maj:ts

148 542 106 29 beslut
291 542 129 30 ärendet
458 543 189 36 hänskjutet
685 543 48 28 till
773 542 77 30 1926
888 542 55 29 års
972 541 198 37 kyrkomöte,
1197 551 76 20 vars
1302 540 207 37 medgivande
1537 539 95 30 alltså

145 595 163 38 begärdes
333 595 53 30 för
411 595 258 38 genomförande
694 605 43 21 av
761 595 55 31 det
841 595 139 38 förslag,
1007 605 69 20 som
1100 605 45 20 nu
1172 594 165 38 förelagts
1360 593 191 38 riksdagen.

184 649 220 38 Kyrkomötet
431 649 193 30 förklarade
650 650 53 36 sig
728 650 74 29 icke
827 650 88 29 hava
941 650 100 36 något
1066 651 47 28 att
1141 650 113 29 erinra
1279 652 66 27 mot
1370 648 122 37 Kungl.
1518 646 115 38 Maj:ts

145 702 251 38 framställning
419 704 10 28 i
451 704 117 29 ämnet.

184 800 136 38 Frågan
343 810 54 21 om
419 801 186 30 beredande
630 810 44 21 av
697 801 190 31 emeritilön
913 801 83 31 eller
1020 802 141 36 pension
1186 801 33 29 åt
1243 801 159 36 biskopar
1427 800 71 35 har,
1522 799 111 30 såsom

144 863 43 21 av
209 854 53 31 det
284 854 141 31 anförda
447 854 158 38 framgår,
627 855 58 30 vid
707 855 87 30 flera
818 855 160 30 tillfällen
999 856 90 28 varit
1112 854 140 30 föremål
1275 853 52 31 för
1349 853 201 37 riksdagens
1572 852 60 30 och

149 909 223 36 kyrkomötets
406 909 171 36 prövning,
612 918 71 20 men
717 908 111 37 någon
864 909 131 36 lösning
1030 917 38 19 av
1103 908 184 29 densamma
1322 907 60 29 har
1417 906 114 30 hittills
1564 905 71 30 icke

143 961 129 30 kunnat
291 961 131 30 vinnas.
453 960 51 31 Då
524 962 105 36 enligt
651 961 384 38 departementschefens
1055 962 134 35 mening
1211 960 174 37 åtskilliga
1406 969 42 20 av
1468 960 39 29 de
1528 958 105 31 under

144 1013 201 37 riksdagens
382 1013 256 38 förhandlingar
676 1014 185 30 framförda
897 1014 294 37 invändningarna
1226 1023 138 20 numera
1401 1013 139 29 förlorat
1578 1013 56 28 sin

144 1067 145 30 bärande
313 1067 93 30 kraft
431 1068 60 29 och
516 1067 122 38 frågan
661 1068 131 30 således
816 1071 116 35 syntes
954 1068 88 29 hava
1065 1068 137 29 kommit
1228 1068 10 28 i
1265 1066 172 31 förändrat
1460 1067 86 36 läge,
1570 1065 64 29 har

144 1120 366 37 departementschefen
541 1130 46 20 nu
618 1123 108 28 ansett
757 1121 190 30 densamma
976 1121 81 29 böra
1089 1122 168 35 upptagas
1289 1120 52 29 till
1374 1119 134 38 förnyat
1539 1122 93 26 över-

144 1174 161 36 vägande.
331 1173 15 29 I
371 1174 224 38 nyssnämnda
619 1175 166 29 avseende
811 1175 132 29 erinrar
966 1173 367 38 departementschefen
1358 1172 149 36 sålunda,
1532 1172 100 30 huru-

145 1235 69 22 som
236 1227 122 37 frågan
379 1236 52 21 om
450 1228 272 37 prästerskapets
744 1229 239 36 pensionering
1005 1228 119 29 vunnit
1147 1228 53 29 sin
1222 1227 143 37 lösning,
1389 1227 106 29 ehuru
1517 1225 116 31 endast

145 1282 10 27 i
187 1280 190 38 begränsad
408 1280 208 38 omfattning.
656 1280 126 31 Vidare
813 1281 85 30 hade
931 1281 247 37 indragningen
1209 1289 42 21 av
1282 1279 349 38 biskopsprebendena

146 1333 206 38 genomförts
381 1335 13 29 i
425 1334 139 38 lämplig
594 1335 236 37 utsträckning
861 1335 60 30 och
952 1334 121 30 funnes
1104 1334 117 30 endast
1250 1335 48 28 ett
1329 1333 107 39 dylikt
1467 1332 165 38 prebende

143 1387 96 37 kvar,
269 1387 170 38 nämligen
468 1387 117 39 Visby.
625 1387 168 38 Slutligen
823 1388 85 30 hade
938 1386 534 39 biskopslöneregleringsfonden
1504 1395 127 21 succes-

144 1442 69 30 sivt
234 1441 152 30 tillvuxit
407 1442 61 29 och
489 1451 138 21 numera
647 1442 121 29 vunnit
788 1441 105 30 sådan
914 1442 128 38 styrka,
1066 1443 47 28 att
1135 1441 63 30 den
1219 1442 80 28 utan
1320 1440 175 38 svårighet
1517 1441 116 37 syntes

144 1495 115 30 kunna
284 1495 83 30 bära
392 1495 186 30 kostnaden
605 1495 53 30 för
686 1495 56 30 två
770 1495 329 37 biskopspensioner.

184 1550 115 31 Såsom
325 1551 367 38 departementschefen
718 1552 142 35 erinrar,
888 1552 61 29 har
976 1551 105 30 under
1109 1550 40 31 de
1178 1550 96 30 förda
1301 1550 331 38 överläggningarna

144 1605 11 29 i
175 1606 109 29 ämnet
303 1603 213 37 framhållits,
537 1607 47 27 att
604 1604 121 37 frågan
744 1614 52 20 om
815 1605 223 37 biskoparnas
1056 1605 241 36 pensionering
1316 1604 99 30 borde
1436 1604 90 29 lösas
1547 1602 86 30 först

144 1658 11 29 i
177 1657 160 31 samband
358 1658 74 30 med
455 1658 198 37 spörsmålet
677 1667 51 21 om
752 1667 41 21 en
815 1658 125 30 allmän
965 1657 227 37 omreglering
1217 1666 42 20 av
1281 1657 223 37 biskoparnas
1528 1657 103 29 löner.

143 1710 51 31 En
217 1711 104 31 sådan
344 1711 208 38 invändning
574 1711 63 30 har
660 1711 101 30 också
784 1712 150 37 givetvis
955 1712 60 29 sitt
1036 1712 93 29 stora
1152 1711 239 36 berättigande.
1415 1709 73 31 Men
1511 1709 122 30 härvid

143 1765 53 30 må
222 1765 74 30 icke
324 1764 225 38 förglömmas,
578 1767 47 28 att
652 1764 404 38 löneregleringsfrågan,
1085 1773 71 21 som
1184 1763 106 37 enligt
1318 1764 121 30 sakens
1466 1765 99 28 natur
1594 1765 37 27 är

149 1827 40 20 av
224 1818 144 30 svårlöst
404 1818 236 35 beskaffenhet,
677 1819 119 29 kräver
834 1828 39 20 en
912 1817 149 39 förnyad,
1099 1819 64 28 rätt
1200 1817 38 29 så
1275 1816 149 39 vidlyftig
1460 1815 173 37 utredning

148 1872 60 29 och
244 1874 45 28 att
323 1872 51 30 det
408 1872 112 30 därför
555 1873 66 28 kan
656 1872 94 37 dröja
784 1872 110 36 någon
930 1872 53 34 tid,
1017 1872 101 28 innan
1154 1871 184 30 densamma
1372 1871 65 28 kan
1471 1872 162 34 upptagas

145 1926 52 30 till
218 1925 203 38 avgörande.
453 1926 64 29 Det
537 1926 62 29 vill
622 1925 186 31 emellertid
828 1935 104 29 synas
953 1926 170 34 utskottet,
1147 1934 69 20 som
1238 1934 50 20 om
1310 1926 92 28 vissa
1425 1925 74 29 skäl
1524 1923 108 31 talade

149 1978 53 30 för
226 1981 45 27 att
295 1979 11 28 i
331 1979 161 29 avvaktan
517 1979 83 29 härå
623 1979 101 29 redan
748 1988 46 20 nu
820 1979 82 29 söka
926 1979 99 29 vinna
1048 1988 40 20 en
1112 1978 205 36 provisorisk
1342 1977 129 37 lösning
1498 1986 38 20 av
1560 1985 72 28 pen-

149 2031 223 37 sionsfrågan.
403 2031 112 38 Några
546 2032 158 36 farhågor
736 2031 51 30 för
819 2034 44 27 att
893 2041 75 19 man
989 2031 189 36 härigenom
1200 2031 108 29 skulle
1327 2032 10 27 i
1359 2030 98 36 något
1478 2030 157 29 avseende

149 2084 166 37 föregripa
338 2085 61 29 den
419 2085 151 29 blivande
590 2085 291 37 löneregleringen,
903 2084 90 31 torde
1014 2085 70 28 icke
1106 2083 192 30 förefinnas.

185 2137 59 32 Om
272 2139 163 31 utskottet
463 2139 133 31 således
624 2140 138 29 kommit
792 2140 52 29 till
874 2139 63 31 den
966 2139 271 38 uppfattningen,
1269 2141 47 28 att
1346 2139 168 37 åtskilligt
1545 2138 87 30 talar

145 2192 53 31 för
222 2203 41 21 en
288 2193 136 37 lösning
449 2193 71 30 tills
544 2193 117 30 vidare
686 2203 43 20 av
751 2193 225 38 biskoparnas
1000 2193 270 37 pensionsfråga,
1296 2193 61 29 har
1383 2193 161 29 utskottet
1569 2192 62 29 lik-

144 2248 56 29 väl
230 2248 12 29 i
274 2247 167 30 avseende
470 2247 20 30 å
519 2247 55 30 det
604 2246 236 38 föreliggande
872 2247 163 37 förslaget
1066 2247 73 29 icke
1171 2247 128 29 kunnat
1328 2246 112 38 undgå
1472 2248 47 27 att
1551 2247 80 36 giva

148 2300 131 37 uttryck
312 2300 32 29 åt
375 2300 91 30 vissa
496 2300 266 37 betänkligheter.
798 2299 144 30 Sålunda
975 2300 86 29 lärer
1095 2300 51 29 det
1177 2299 70 30 med
1280 2299 55 37 fog
1368 2300 112 28 kunna
1513 2298 120 37 ifråga-

143 2355 115 35 sättas,
287 2353 170 31 huruvida
485 2354 54 30 det
566 2354 68 30 kan
661 2363 84 21 vara
774 2354 123 37 riktigt
925 2355 57 34 att,
1011 2354 110 29 såsom
1151 2354 11 28 i
1193 2355 251 36 propositionen
1477 2353 152 34 föreslås,

144 2407 179 29 bestämma
342 2416 41 21 en
401 2407 40 29 så
460 2407 67 37 hög
548 2407 218 37 åldersgräns
784 2416 71 21 som
875 2406 37 30 75
933 2407 46 30 år.
1010 2406 64 31 Det
1094 2407 62 29 vill
1176 2416 140 21 snarare
1338 2416 101 29 synas
1460 2407 171 34 utskottet,

144 2470 70 21 som
236 2470 51 20 om
309 2461 86 37 goda
417 2461 75 29 skäl
517 2460 109 31 talade
650 2460 52 30 för
726 2462 47 29 att
794 2461 63 30 här
881 2462 119 28 stanna
1022 2460 58 30 vid
1104 2470 40 20 en
1168 2460 93 30 ålder
1284 2469 43 20 av
1349 2459 38 31 70
1411 2460 37 30 år
1472 2461 10 28 i
1507 2459 124 30 anslut-

142 2514 83 38 ning
247 2513 52 31 till
319 2514 66 30 vad
406 2513 79 31 1923
506 2514 57 30 års
583 2514 140 38 riksdag
744 2513 150 32 uttalade
913 2513 212 32 beträffande
1148 2513 253 39 pensionsålder
1425 2513 52 31 för
1499 2515 133 37 präster

1694 796 135 27 Utskottet.
