2208 2624
370 220 18 28 8
613 218 102 31 Andra
736 218 181 29 kammarens
944 212 129 43 tredje
1093 214 154 37 tillfälliga
1270 214 128 29 utskotts
1411 212 149 32 wilåtande
1603 213 25 29 Nr
1653 213 49 28 10.

368 300 112 37 fallen
521 299 111 48 gäller
666 311 45 24 en
738 297 233 36 statsverkets
995 295 115 48 utgift
1137 296 56 35 för
1221 294 209 49 riksdagens
1457 295 205 44 ledamöter,
1692 304 104 25 anser
1823 294 137 36 utskot-

368 356 64 41 tet,
463 355 55 35 att
547 352 126 47 frågan
702 365 60 23 om
789 349 313 49 riksdagsarvodet
1129 349 65 35 bör
1222 351 67 44 äga
1321 349 268 37 företrädesrätt
1615 350 55 34 att
1697 346 92 37 först
1815 346 147 37 komma

370 407 114 36 under
511 406 295 37 statsmakternas
833 405 192 48 prövning.

474 460 146 48 Frågan
663 472 59 23 om
764 456 329 49 riksdagsarvodets
1125 456 158 49 höjande
1311 456 65 35 har
1402 455 100 36 såväl
1529 456 60 35 vid
1621 455 99 37 1913
1750 465 79 25 som
1860 453 100 35 1914

369 517 55 33 års
451 514 147 48 riksdag
625 514 95 35 varit
747 511 149 37 föremål
924 512 57 35 för
1008 510 224 48 behandling
1259 522 45 23 av
1330 509 453 37 konstitutionsutskottet.

476 567 76 36 Vid
596 566 90 37 båda
725 566 192 37 tillfällena
959 565 66 35 har
1053 564 179 36 utskottet
1261 563 171 36 förklarat
1455 562 129 48 frågan
1606 575 84 23 vara
1712 561 88 37 värd
1829 573 44 24 en
1902 559 61 37 all-

370 622 114 48 varlig
511 621 320 49 uppmärksamhet
858 621 93 34 samt
978 620 57 34 att
1061 618 78 36 dess
1167 616 217 37 besvarande
1412 618 47 47 på
1487 616 118 46 grund
1633 628 44 24 av
1705 616 147 40 frågans
1878 625 83 37 syn-

369 676 164 47 nerligen
574 674 198 49 grannlaga
812 675 106 34 natur
959 671 134 37 krävde
1134 673 54 34 ett
1228 670 146 37 särskilt
1416 670 176 48 ingående
1620 671 69 35 och
1719 666 248 50 omsorgsfullt

370 729 259 48 övervägande,
672 727 121 37 vartill
833 725 221 50 tidpunkten
1096 726 56 35 för
1192 725 244 36 motionernas
1463 723 201 49 avgivande
1692 724 80 36 icke
1799 720 166 39 lämnade

371 783 180 37 utskottet
578 782 159 37 tillfalle.

477 836 85 36 Som
604 834 205 37 huvudskäl
846 834 57 35 för
944 831 318 50 avslagsyrkandet
1301 834 20 33 å
1348 831 186 36 motionen
1564 830 60 36 vid
1652 830 97 36 förra
1775 829 193 45 riksdagen

370 890 188 37 framhölls
599 888 209 45 emellertid,
851 889 54 34 att
945 886 155 36 rådande
1142 884 324 37 tidsförhållanden
1519 886 122 47 syntes
1676 883 181 36 utskottet
1883 883 86 47 föga

371 943 138 49 ägnade
538 944 57 35 för
622 944 146 48 frågans
795 940 233 49 behandling.

479 997 94 36 Häri
612 998 71 35 kan
726 996 178 37 utskottet
946 995 57 35 för
1043 994 56 36 sin
1126 993 58 36 del
1211 994 211 43 instämma;
1452 992 70 35 och
1549 991 46 35 då
1621 988 347 38 tidsförhållandena

373 1051 221 38 fortfarande
631 1051 73 36 tala
731 1051 57 35 för
818 1051 55 33 att
898 1048 80 36 icke
1002 1049 160 47 upptaga
1191 1047 122 47 frågor
1340 1058 44 24 av
1412 1045 72 36 den
1512 1047 55 33 art
1594 1056 78 24 som
1700 1043 71 36 den
1798 1055 51 23 nu
1876 1042 92 36 före-

372 1105 168 49 liggande
580 1104 58 36 till
676 1103 234 46 behandling,
949 1114 55 23 ser
1032 1101 180 36 utskottet
1239 1104 90 32 även
1357 1100 12 34 i
1398 1098 102 37 detta
1528 1100 53 34 ett
1607 1098 77 36 skäl
1713 1098 59 34 för
1798 1098 55 34 att
1879 1095 88 50 yrka

373 1160 123 47 åvslag
524 1161 45 45 på
583 1158 214 36 motionen.

482 1212 134 36 Vidare
644 1213 59 34 må
726 1211 152 39 anföras,
906 1211 65 42 att,
1004 1208 44 36 då
1082 1207 186 36 motionen
1295 1206 125 35 endast
1452 1217 102 24 avser
1581 1204 69 36 fria
1676 1216 99 24 resor
1802 1205 12 34 å
1833 1205 138 35 statens

373 1269 203 46 järnvägar,
606 1265 115 36 skulle
750 1266 53 34 ett
830 1262 102 37 bifall
959 1261 59 36 till
1045 1261 205 36 densamma
1286 1259 113 48 enligt
1427 1259 196 36 utskottets
1638 1257 234 37 förmenande
1890 1256 80 36 icke

373 1320 167 37 medföra
577 1317 61 38 ett'
667 1317 230 48 fullständigt
936 1315 185 36 ordnande
1149 1327 44 23 av
1221 1314 70 36 den
1319 1313 12 35 i
1358 1313 189 36 motionen
1575 1311 154 37 avsedda
1757 1310 213 48 angelägen-

375 1376 120 35 heten.
526 1376 85 33 enär
639 1372 122 36 härför
789 1375 90 32 även
906 1369 104 36 torde
1038 1369 126 35 krävas
1192 1368 70 35 fria
1290 1379 95 24 resor
1413 1369 21 34 å
1453 1366 44 36 de
1518 1366 160 36 enskilda
1690 1366 273 47 järnvägarna.
1945 1362 20 59 =>

481 1428 52 35 På
561 1426 118 49 grund
698 1426 109 35 härav
826 1423 212 37 hemställde
1056 1422 180 36 utskottet
1254 1433 60 24 om
1333 1420 122 49 avslag
1473 1422 22 34 å
1513 1420 197 44 motionen,
1728 1418 121 36 vilken
1871 1418 97 36 hem-

374 1481 129 37 ställan
531 1484 92 32 även
650 1492 45 23 av
723 1479 109 36 andra
860 1478 208 35 kammaren
1095 1475 131 37 bifölls,

155 1540 97 26 Motion
271 1541 43 23 vid
328 1540 53 23 in:
484 1532 184 49 Slutligen
705 1533 65 35 har
806 1532 60 35 vid
899 1529 243 38 innevarande
1168 1527 57 38 års
1251 1528 145 47 riksdag
1423 1528 58 35 uti
1508 1527 111 36 första
1647 1526 209 35 kammaren
1882 1526 88 34 utav

155 1583 98 54 KA
300 1574 67 69 an
376 1589 123 44 herrar
510 1600 72 24 von
603 1587 110 36 Koch
727 1586 68 37 och
810 1586 85 35 Pers
913 1584 125 36 väckts
1053 1595 45 24 en
1116 1582 82 37 med
1218 1583 83 35 herr
1315 1581 255 36 Palmstiernas
1586 1578 234 38 förevarande
1833 1578 139 36 motion

148 1648 89 31 första
257 1648 109 24 kamma-
376 1641 232 50 likalydande
632 1641 140 36 motion
799 1652 44 23 nr
872 1639 61 37 93.
1087 1666 2 2 |

235 1691 148 47 a
484 1696 133 35 Denna
658 1694 139 36 motion
839 1691 215 37 hänvisades
1094 1690 58 36 till
1180 1690 112 36 första
1319 1689 228 36 kammarens
1576 1687 110 36 andra
1713 1685 184 48 tillfälliga
1925 1687 43 34 ut

378 1750 111 44 skott,
514 1748 119 38 som
610 1734 24 64 i
660 1748 146 45 avgivet
833 1745 186 37 utlåtande
1047 1758 43 22 nr
1119 1745 21 36 2
1171 1742 222 45 hemställde,
1436 1744 57 34 att
1519 1741 112 36 första
1658 1739 210 37 kammaren
1887 1738 84 36 ville

378 1804 57 36 för
471 1804 57 35 sin
570 1802 58 36 del
655 1801 151 42 besluta,
836 1802 54 34 att
917 1798 195 49 riksdagen
1143 1799 113 34 måtte
1284 1797 12 35 i
1324 1795 169 38 skrivelse
1521 1795 58 36 till
1606 1794 140 47 Kungl.
1777 1793 110 48 Maj:t
1913 1803 61 25 an-

379 1856 107 45 hålla,
516 1858 56 34 att
599 1855 139 48 Kungl.
769 1854 109 48 Maj:t
904 1853 141 36 täcktes
1072 1851 211 36 föranstalta
1310 1862 59 24 om
1396 1849 208 47 utredning,
1634 1846 181 37 huruvida
1841 1846 68 36 och
1928 1847 47 46 på

381 1911 96 36 vilka
506 1910 131 35 villkor
663 1908 210 48 riksdagens
899 1907 198 36 ledamöter
1125 1906 111 34 måtte
1265 1904 123 35 kunna
1415 1902 137 36 erhålla
1579 1902 207 47 fribiljetter
1806 1901 17 35 å
1839 1901 137 35 statens

378 1966 194 46 järnvägar
598 1964 13 34 i
639 1963 68 36 och
735 1962 57 36 för
819 1960 227 45 studieresor,
1076 1961 93 34 samt
1187 1958 157 36 därefter
1361 1956 150 48 vidtaga
1524 1955 45 36 de
1587 1954 177 49 åtgärder,
1781 1952 121 38 vartill
1919 1954 55 33 ut-

380 2017 202 48 redningen
611 2016 120 36 kunde
760 2014 193 37 föranleda.

490 2071 75 35 Vid
593 2069 164 37 ärendets
785 2067 222 47 behandling
1035 2067 13 34 i
1075 2067 111 35 första
1213 2065 207 35 kammaren
1448 2063 93 44 blev,
1571 2062 82 37 med
1681 2062 124 47 avslag
1820 2062 20 34 å
1859 2059 117 36 denna

383 2125 198 37 utskottets
609 2122 224 43 hemställan,
863 2121 189 36 motionen
1079 2120 115 48 ifråga
1217 2118 180 47 avslagen.
1928 2139 3 3 |
