2208 2622
179 2189 94 25 Hotion
295 2190 40 23 vid

154 2226 66 23 1915
233 2225 44 24 års
289 2225 62 25 riks:

232 2262 56 30 dag.

368 220 18 28 6
618 220 102 29 Andra
742 220 179 29 kammarens
947 216 126 42 tredje
1097 217 151 38 tillfälliga
1271 220 119 29 utskotts
1413 218 148 30 utlåtande
1585 219 46 28 Nr
1657 220 49 28 10.

367 301 141 47 bifogas
545 299 254 44 betänkandet,
833 311 102 24 anser
962 298 125 47 kungl.
1116 298 345 49 järnvägsstyrelsen
1489 298 85 47 inga
1602 297 111 36 andra
1741 300 220 47 svårigheter

367 354 85 36 eller
480 353 232 47 olägenheter
734 366 43 22 ur
795 352 295 48 trafiksynpunkt
1113 352 85 35 böra
1226 351 220 48 uppkomma
1473 364 131 36 genom
1633 352 54 34 ett
1701 351 127 36 sådant
1846 352 116 38 bifall,

367 411 46 31 än
454 409 65 41 att,
563 406 119 36 därest
713 406 114 36 under
865 405 256 36 sommartiden
1150 407 53 33 ett
1231 407 110 33 större
1370 406 99 35 antal
1498 404 247 48 riksdagsmän
1773 405 189 48 samtidigt

367 460 115 36 skulle
521 460 145 35 komma
704 462 55 34 att
795 472 86 32 resa,
916 459 183 45 svårighet
1127 457 285 37 understundom
1441 458 121 36 kunde
1590 458 128 36 tänkas
1748 459 130 46 uppstå
1906 459 57 34 för

368 513 199 36 beredande
595 526 45 23 av
667 514 142 48 platser,
840 512 143 37 särskilt
1012 512 11 35 i
1051 524 210 36 sovvagnar,
1292 512 185 46 varjämte,
1499 511 230 37 alldenstund
1758 511 74 35 dels
1851 511 110 35 första

368 567 158 36 klassens
561 579 135 36 vagnar
734 567 78 36 icke
855 566 224 36 förekomma
1106 566 12 35 i
1146 566 69 35 alla
1243 567 73 46 tåg,
1342 565 76 36 dels
1446 568 197 45 utrymmet
1672 566 12 34 i
1708 564 99 37 dessa
1827 577 136 35 vagnar

368 623 38 33 är
446 621 202 47 begränsat,
692 621 93 36 vissa
825 620 224 48 svårigheter
1090 619 121 36 kunde
1258 619 176 47 föreligga
1478 619 56 35 för
1573 621 53 33 ett
1667 618 175 48 generellt
1865 617 96 36 med-

367 674 155 48 givande
555 687 44 23 av
632 676 73 34 rätt
732 675 56 36 för
816 674 248 47 riksdagsmän
1091 673 58 36 till
1177 673 94 48 plats
1299 673 12 35 i
1339 672 113 36 första
1480 672 158 36 klassens
1661 685 106 35 vagn.
1824 671 138 36 Beträf-

368 728 108 36 fande
518 728 205 36 kontrollen
765 728 133 36 uttalas
939 728 13 34 i
974 727 197 48 yttrandet,
1201 728 55 34 att
1283 727 13 35 i
1323 726 101 48 fråga
1453 738 60 24 om
1540 738 27 24 s.
1592 725 35 36 k.
1658 725 146 36 stående
1828 725 132 48 biljett,

368 782 61 35 det
470 781 65 36 vill
575 785 85 45 säga
701 782 131 48 biljett,
862 794 78 24 som
967 780 112 48 gäller
1107 781 57 35 för
1191 781 72 35 viss
1289 780 67 44 tid,
1381 782 122 46 någon
1527 779 160 48 egentlig
1710 779 180 48 prövning
1917 791 45 23 av

367 835 205 36 ändamålet
599 835 83 35 med
709 848 143 24 resorna
880 836 31 47 ej
943 834 121 36 kunde
1092 835 271 47 åvägabringas,
1394 835 67 34 och
1490 835 55 34 att
1563 845 45 23 en
1627 832 110 36 sådan
1756 832 13 35 i
1787 833 69 35 alla
1875 833 85 35 hän-

367 888 115 37 delser
518 889 205 48 lämpligast
760 889 109 36 borde
907 891 128 33 utövas
1068 901 43 22 av
1140 888 139 47 Kungl.
1311 887 108 48 Maj:t
1446 887 69 36 och
1543 887 78 35 icke
1650 899 44 22 av
1720 887 241 47 järnvägssty-

367 942 125 36 relsen.

477 996 199 45 Utskottet,
704 1009 78 23 som
810 996 114 47 enligt
953 995 68 36 vad
1049 994 109 36 redan
1178 995 64 35 här
1262 1007 91 22 ovan
1373 996 152 46 antytts,
1546 994 106 48 hyser
1665 993 70 35 den
1752 992 206 45 meningen,

367 1054 53 31 att
462 1062 82 24 man
586 1049 78 37 icke
692 1050 65 35 har
785 1049 200 46 anledning
1012 1050 56 34 att
1095 1051 141 44 antaga,
1267 1047 61 36 det
1355 1049 112 46 något
1496 1047 221 49 betydligare
1746 1046 99 36 antal
1871 1046 88 36 riks-

367 1104 175 47 dagsmän
569 1103 117 36 skulle
713 1103 144 35 komma
885 1104 54 34 att
967 1101 187 49 samtidigt
1177 1102 68 35 och
1273 1103 46 46 på
1346 1113 138 24 samma
1512 1101 235 36 bansträckor
1774 1112 76 24 resa
1877 1100 80 36 med

367 1157 237 36 användande
639 1169 44 23 av
725 1156 131 36 sådana
897 1155 217 48 fribiljetter,
1149 1167 123 23 varom
1301 1155 63 35 här
1392 1155 93 35 varit
1512 1155 111 47 fråga,
1649 1153 222 37 åtminstone
1899 1166 63 23 om

368 1223 85 23 man
481 1211 137 35 bortser
646 1210 80 35 från
753 1222 85 23 rena
865 1208 281 49 undantagsfall,
1177 1221 77 23 som
1283 1208 173 48 möjligen
1484 1208 121 47 någon
1633 1209 98 47 gång
1759 1207 121 36 kunde
1909 1206 51 36 in-

368 1264 105 37 träffa
513 1264 12 35 i
566 1263 101 37 detta
698 1263 173 36 avseende
900 1262 129 36 liksom
1059 1262 12 35 i
1098 1262 121 44 andra,
1250 1262 61 35 vill
1340 1262 121 36 härtill
1488 1262 13 35 i
1529 1262 101 47 fråga
1658 1274 59 22 om
1746 1261 43 35 de
1810 1261 151 48 möjliga

369 1318 269 46 svårigheterna
666 1329 43 23 ur
742 1316 296 49 trafiksynpunkt
1065 1316 116 47 lägga,
1207 1318 55 33 att
1290 1316 60 36 det
1373 1317 120 34 ansett
1520 1314 69 37 den
1613 1314 203 45 föreslagna
1843 1316 116 34 rätten

369 1372 58 35 för
453 1371 249 48 riksdagsmän
728 1370 59 36 till
814 1371 69 35 fria
910 1382 99 24 resor
1036 1369 138 37 behöva
1197 1369 95 48 gälla
1319 1369 78 36 icke
1426 1370 123 42 första,
1579 1370 89 34 utan
1696 1368 112 36 andra
1835 1380 127 36 vagns-

369 1424 141 37 klassen
549 1426 21 34 å
612 1425 249 48 järnvägarva.
910 1423 79 37 Och
1033 1423 13 35 i
1087 1423 174 36 avseende
1301 1425 20 34 å
1349 1422 207 36 kontrollen
1584 1422 65 36 har
1677 1421 179 37 utskottet
1883 1421 79 36 icke

371 1479 172 35 förutsatt
577 1480 55 34 att
667 1490 82 24 vare
777 1478 54 47 sig
856 1476 347 50 järnvägsstyrelsen
1233 1476 85 36 eller
1346 1476 142 48 Kungl.
1519 1476 108 48 Maj:t
1655 1475 117 36 skulle
1802 1475 119 48 ingått
1950 1476 9 34 i

369 1534 121 46 någon
532 1531 179 49 prövning
743 1544 44 23 av
815 1531 62 36 det
910 1531 178 43 ändamål,
1117 1543 76 23 som
1223 1530 248 48 riksdagsman
1500 1529 61 36 vid
1588 1529 211 36 rekvisition
1827 1541 44 23 av
1899 1528 64 36 bil-

367 1586 71 47 jett
466 1585 170 48 uppgivit
663 1586 56 34 för
746 1588 54 33 sin
828 1597 90 32 resa,
949 1587 89 33 utan
1066 1585 65 35 har
1157 1584 180 36 utskottet
1363 1583 107 36 tänkt
1497 1583 65 45 sig,
1592 1585 55 33 att
1674 1582 118 36 blotta
1805 1582 159 49 skyldig-

370 1640 109 35 heten
517 1637 56 37 för
613 1639 248 47 riksdagsman
901 1640 55 34 att
997 1637 61 36 vid
1086 1637 110 37 sådan
1230 1637 210 36 rekvisition
1470 1637 12 35 i
1511 1649 44 23 en
1583 1634 161 49 skriftlig
1771 1635 190 48 handling,

370 1705 74 24 som
474 1705 132 35 genom
634 1692 212 48 ingivandet
873 1692 60 36 till
959 1692 343 48 järnvägsstyrelsen
1331 1690 101 36 bleve
1452 1690 165 47 offentlig
1636 1690 69 35 och
1725 1689 120 36 kunde
1865 1689 95 35 bliva

370 1746 152 36 föremål
560 1746 56 35 för
653 1746 223 48 granskning
917 1747 32 47 ej
990 1745 138 35 mindre
1166 1758 45 22 av
1235 1744 309 37 statsrevisorerna
1572 1746 44 33 än
1645 1755 44 23 av
1718 1743 244 35 allmänheten

370 1800 39 46 (t.
440 1813 54 23 ex.
525 1812 131 35 genom
701 1799 322 49 tidningspressen)
1065 1798 160 49 uppgiva
1264 1799 111 35 målet
1417 1798 56 35 för
1514 1797 68 36 och
1610 1797 62 35 det
1700 1796 264 48 huvudsakliga

370 1854 113 48 syftet
523 1853 83 36 med
645 1853 53 35 sin
728 1865 76 24 resa
832 1853 114 36 skulle
966 1853 140 47 utgjort
1134 1865 44 23 en
1206 1851 195 48 tillräcklig
1429 1851 156 36 motvikt
1612 1852 78 34 mot
1718 1850 67 36 den
1816 1849 146 49 möjliga

371 1907 187 36 frestelsen
586 1906 60 37 till
676 1907 178 36 missbruk
883 1908 55 35 att
966 1906 134 37 erhålla
1128 1905 203 48 fribiljett.»

476 1961 58 34 Då
563 1960 199 36 emellertid
791 1973 44 23 en
864 1960 153 36 särski'd
1041 1959 97 36 stark
1166 1959 249 48 obenägenhet
1442 1961 79 34 mot
1549 1957 341 49 fribiljettsystemet
1908 1958 57 35 för

370 2014 62 36 det
460 2014 199 36 dåvarande
687 2014 141 48 tycktes
856 2020 86 39 göra
970 2013 56 48 sig
1048 2013 164 48 gällande
1240 2013 99 35 inom
1365 2012 201 48 riksdagen,
1588 2014 110 45 ansåg
1718 2011 177 36 utskottet
1909 2011 57 47 sig

371 2067 62 36 det
460 2068 125 35 oaktat
613 2068 75 35 icke
718 2068 86 35 böra
831 2067 130 36 föreslå
989 2069 120 45 någon
1137 2066 333 48 riksdagsskrivelse
1499 2066 12 34 i
1538 2066 203 36 motionens
1765 2065 110 48 syfte;
1898 2065 67 34 och

371 2121 82 36 blev
481 2121 118 35 denna
628 2133 44 24 av
700 2121 111 35 andra
838 2121 209 35 kammaren
1075 2120 180 48 avslagen.

479 2174 67 36 Uti
573 2187 44 22 en
646 2174 62 36 vid
740 2175 98 35 1915
869 2176 56 34 års
952 2174 146 48 riksdag
1125 2174 99 36 inom
1254 2174 112 35 andra
1393 2173 207 36 kammaren
1631 2172 106 36 väckt
1751 2171 149 44 motion,
1923 2184 43 22 nr

376 2228 85 45 160,
501 2227 135 50 yrkade
664 2228 82 36 herr
775 2228 212 36 Bäckström
1015 2240 48 24 m.
1093 2227 49 46 fl.,
1172 2230 54 34 att
1255 2227 109 36 andra
1392 2226 208 36 kammaren
1628 2226 84 35 ville
1741 2226 57 35 för
1824 2225 55 36 sin
1907 2224 61 36 det

372 2281 150 46 besluta,
553 2284 54 34 att
632 2281 191 49 riksdagen
852 2284 115 34 måtte
995 2281 66 36 hos
1089 2281 139 49 Kungl.
1259 2281 110 47 Maj:t
1387 2281 150 35 anhålla
1551 2292 57 24 om
1629 2279 206 47 utredning,
1855 2278 111 36 huru-
