2212 2628
519 215 100 29 Andra
641 218 182 28 kommarens
848 215 125 42 tredje
998 219 153 38 tillfälliga
1174 221 119 29 utskotts
1317 222 147 29 utlåtande
1488 223 45 28 Nr
1560 224 47 28 10.
1838 224 16 25 3

263 292 172 46 dagsmän
464 294 55 36 till
549 295 68 35 fria
645 309 95 23 resor
771 298 20 34 å
819 298 98 43 tider,
948 299 47 35 då
1022 300 188 45 riksdagen
1238 302 34 41 e&
1299 306 42 30 är
1363 300 148 46 samlad,
1544 302 76 35 icke
1654 302 118 35 direkt
1801 302 55 35 be-

263 349 57 31 rör
346 347 267 48 grundlagarna
642 350 65 35 och
738 351 76 35 icke
843 351 196 48 lämpligen
1069 352 64 36 bör
1161 357 103 43 göras
1292 355 57 34 till
1378 355 148 36 föremål
1555 356 57 35 för
1631 355 223 48 stadganden

263 398 9 34 i
302 398 100 37 dessa
443 400 109 49 lagar,
593 406 92 32 samt
724 406 55 33 att
806 405 223 36 fördenskull
1058 407 226 35 motionerna
1317 408 77 35 icke
1423 409 190 46 rätteligen
1645 409 83 35 falla
1758 410 94 34 inom

261 451 61 36 det
345 453 56 35 för
429 453 459 40 konstitutionsutskottets
917 459 229 36 verksamhet
1173 461 167 35 anvisade
1366 461 156 36 område.

366 506 87 36 Men
483 508 178 36 utskottet
689 510 64 34 har
780 510 78 35 icke
888 511 94 35 velat
1005 512 188 36 underlåta
1213 515 54 33 att
1287 514 147 48 påpeka,
1457 515 171 35 hurusom
1652 516 202 35 införandet

259 572 43 22 av
332 559 67 36 fria
426 573 97 22 resor
551 561 56 35 för
635 562 424 48 folkrepresentationens
1087 566 232 36 medlemmar
1347 570 88 33 utan
1465 568 111 35 tvivel
1604 568 114 36 skulle
1748 569 107 35 lända

259 612 303 48 riksdagsarbetet
603 615 67 35 och
703 616 190 37 såmedelst
921 617 62 36 det
1011 618 180 36 allmänna
1214 620 57 35 till
1299 623 163 33 avsevärt
1490 633 108 36 gagn.
1656 621 55 36 De
1739 622 114 36 skulle

259 666 182 47 nämligen
471 667 114 48 enligt
614 668 194 37 utskottets
837 671 95 35 åsikt
959 672 32 47 ej
1022 672 218 49 oväsentligt
1268 673 148 48 bidraga
1444 674 57 35 till
1520 678 55 33 att
1593 675 66 35 hos
1678 675 175 48 riksdags-

258 722 155 32 männen
443 720 69 35 öka
541 721 249 37 kännedomen
820 736 58 23 om
903 724 304 38 fäderneslandets
1227 727 95 35 olika
1350 727 98 36 delar
1476 731 93 33 samt
1597 728 128 49 skärpa
1752 729 101 36 deras

257 773 148 35 intresse
434 774 56 35 för
518 775 115 35 skilda
663 776 229 37 landsändars
921 778 118 36 behov
1063 780 67 35 och
1150 780 472 49 utvecklingsmöjligheter,
1644 784 113 46 något
1775 795 74 23 som

258 826 12 34 i
298 827 196 46 synnerhet
521 828 13 35 i
563 831 53 34 ett
643 830 85 35 land
757 843 76 23 som
862 833 79 34 vårt
965 832 82 36 med
1075 833 79 36 dess
1182 834 203 48 betydande
1414 835 252 48 utsträckning
1691 836 66 36 och
1777 836 75 36 där-

257 879 92 36 med:
376 880 168 37 förenade
583 882 291 52 skiljaktigheter
901 885 12 34 i
942 887 120 34 natur-
1101 887 67 35 och
1203 887 377 37 kulturförhållanden
1609 891 113 34 måste
1750 902 102 23 anses

256 945 85 24 vara
381 946 44 23 av
467 936 75 34 stor
570 936 193 49 betydelse.
820 938 106 35 Aven
954 938 115 36 skulle
1098 940 133 35 sådana
1258 953 95 23 resor
1381 941 135 46 kunna,
1546 942 151 36 likasom
1721 943 131 36 förhål-

256 987 122 36 landet
405 988 32 48 ej
467 988 112 36 sällan
608 990 93 36 varit
728 990 82 36 med
838 993 328 36 statsrevisorernas
1194 1006 107 32 resor,
1331 995 83 47 giva
1441 996 155 48 uppslag
1623 996 57 35 till
1708 997 144 48 nyttiga

255 1041 171 36 reformer
453 1042 12 34 i
490 1044 54 34 ett
571 1043 85 36 eller
684 1047 111 33 annat
823 1058 97 22 mera
948 1046 162 48 speciellt
1137 1048 187 35 avseende.
1382 1049 208 36 Utskottets
1615 1049 237 49 uppfattning

255 1107 58 22 om
356 1094 43 36 de
433 1095 210 49 ifrågasatta
671 1097 69 36 fria
767 1111 161 24 resornas
956 1099 183 50 betydelse
1169 1101 55 36 för
1252 1104 79 33 vårt
1358 1102 85 36 land
1470 1104 100 47 jävas
1601 1103 78 35 icke
1708 1116 43 22 av
1780 1104 76 38 den.

256 1148 214 45 erfarenhet,
505 1162 78 24 som
615 1152 148 35 vunnits
791 1153 13 34 i
832 1153 174 36 avseende
1035 1156 20 33 å
1083 1154 43 36 de
1155 1167 107 33 resor,
1292 1156 108 44 vilka,
1430 1158 47 47 på
1505 1159 72 34 sätt
1604 1157 92 35 båda
1724 1158 126 36 motio-

255 1204 149 33 närerna
432 1203 145 45 erinrat,
607 1205 61 35 vid
700 1205 182 48 åtskilliga
909 1207 169 36 tillfällen
1107 1208 113 36 under
1248 1209 43 36 de
1320 1222 121 23 senare
1471 1212 86 34 åren
1587 1210 104 37 blivit
1718 1223 130 35 genom

257 1255 138 49 Kungl.
425 1256 128 49 Maj:ts
576 1259 140 48 försorg
744 1260 204 36 anordnade
978 1261 56 35 för
1061 1262 210 48 riksdagens
1299 1263 206 36 ledamöter.
1565 1264 98 36 Utan
1691 1267 54 33 att
1772 1268 76 32 när-

255 1321 95 24 mare
392 1310 86 47 ingå
516 1313 47 46 på
605 1312 137 48 frågan,
784 1315 46 46 på
871 1314 114 36 vilket
1013 1317 72 34 sätt
1113 1316 67 35 och
1209 1317 11 34 i
1249 1317 122 35 vilken
1401 1318 223 47 omfattning
1652 1320 93 33 samt
1767 1318 81 36 med

254 1362 97 36 vilka
361 1358 13 66 :
387 1365 204 35 eventuella
633 1366 427 38 kontrollbestämmelser
1101 1371 117 34 rätten
1248 1370 57 35 till
1333 1371 69 35 fria
1430 1383 97 23 resor
1555 1372 56 35 för
1639 1371 209 49 riksdagens

254 1415 196 37 ledamöter
482 1417 196 50 lämpligen
707 1419 109 36 borde
844 1421 189 45 anordnas,
1064 1423 63 35 vill
1155 1423 181 36 utskottet
1363 1424 12 35 i
1404 1424 100 36 detta
1532 1425 201 36 hänseende
1763 1425 86 47 slut-

255 1469 97 48 ligen
395 1470 93 37 blott
527 1472 116 36 erinra
684 1473 135 45 därom,
864 1477 55 33 att
946 1475 223 49 stadganden
1199 1489 58 23 om
1287 1490 44 23 en
1360 1477 102 49 dylik
1490 1480 73 34 rätt
1591 1478 56 36 för
1675 1479 174 35 national-

255 1525 346 46 representationens
630 1527 231 36 medlemmar
884 1528 109 37 redan
1022 1530 105 48 länge
1156 1531 231 36 förekommit
1417 1532 9 34 i
1456 1532 93 36 vissa
1568 1532 189 37 utländska
1782 1536 67 33 sta-

252 1579 66 42 ter,
343 1579 116 35 såsom
488 1579 182 49 Tyskland
702 1582 67 35 och
797 1582 166 36 Italien.»

359 1631 130 49 Enligt
530 1633 68 35 vad
636 1635 149 35 sålunda
828 1636 138 36 anförts
1000 1638 101 45 hade,
1127 1639 143 47 yttrade
1300 1639 180 36 utskottet
1508 1640 131 44 vidare,
1671 1640 180 37 utskottet

257 1685 203 48 visserligen
499 1686 79 37 icke
606 1688 167 37 förbisett
800 1690 288 37 önskvärdheten
1117 1705 44 22 av
1189 1692 223 48 stadganden
1440 1693 12 35 i
1481 1693 61 36 det
1560 1694 107 48 syfte,
1688 1706 77 24 som
1783 1695 65 35 bli-

255 1738 52 36 vit
340 1739 4 34 i
375 1740 226 36 motionerna
628 1743 163 47 angivet;
821 1756 83 23 men
933 1744 45 35 då
1006 1745 180 36 utskottet
1210 1748 20 34 å
1253 1746 111 36 andra
1383 1747 102 35 sidan
1504 1747 135 36 varken
1659 1750 117 34 ansett
1795 1750 55 34 att

253 1792 131 36 sådana
426 1794 223 48 stadganden
691 1796 86 36 fölle
807 1797 99 36 inom
939 1799 242 48 grundlagens
1210 1800 215 45 särmärken,
1457 1801 85 35 eller
1570 1801 140 36 kunnat
1738 1802 117 46 finna,

253 1847 65 44 att,
348 1846 119 37 därest
485 1848 266 38 bestämmelser
779 1851 54 35 uti
862 1851 62 36 det
952 1853 156 47 angivna
1137 1854 114 48 syftet
1277 1854 114 35 skulle
1420 1854 162 36 befinnas
1597 1855 174 48 önskliga,
1789 1857 59 34 nå-

253 1902 65 45 got
344 1900 166 47 gällande
542 1903 272 49 grundlagsbud
845 1906 167 47 utgjorde
1041 1906 128 37 hinder
1197 1907 57 36 för
1282 1907 100 36 deras
1409 1908 201 45 införande,
1636 1909 212 36 hemställde

254 1953 178 37 utskottet
472 1957 55 34 att
569 1957 224 36 motionerna
825 1960 31 46 ej
888 1961 113 35 måtte
1029 1960 57 36 till
1114 1962 120 47 någon
1261 1961 210 48 riksdagens
1499 1962 127 48 åtgärd
1654 1963 191 36 föranleda.

361 2008 72 36 Vid
463 2009 100 37 detta
591 2011 186 36 utlåtande
808 2026 86 22 voro
923 2014 130 47 fogade
1082 2015 182 48 åtskilliga
1291 2017 268 43 reservationer,
1581 2017 67 35 och
1669 2017 180 35 hävdades

255 2062 53 36 uti
341 2064 61 34 två
430 2076 44 23 av
503 2063 101 37 dessa
631 2066 258 36 reservationer
917 2067 75 36 dels
1020 2070 55 34 att
1098 2068 68 36 den
1196 2069 202 47 föreslagna
1425 2071 120 34 rätten
1573 2070 57 36 till
1658 2070 68 36 fria
1753 2083 96 24 resor

253 2118 21 33 å
301 2118 135 34 statens
462 2118 193 48 järnvägar
683 2119 113 36 under
824 2120 192 49 riksdagen
1045 2122 86 35 eller
1158 2123 20 34 å
1207 2122 104 44 tider,
1333 2122 45 36 då
1396 2123 192 48 riksdagen
1608 2125 30 47 ej
1658 2136 82 24 vore
1759 2136 88 24 sam-

253 2169 70 46 lad,
367 2183 83 23 vore
493 2184 44 23 av
580 2172 249 37 beskaffenhet
867 2176 54 34 att
953 2175 141 48 påkalla
1122 2176 129 48 tillägg
1278 2176 57 36 till
1364 2176 85 36 eller
1478 2177 154 49 ändring
1659 2178 12 34 i
1704 2179 44 35 12
1780 2178 68 44 och

256 2224 47 35 23
343 2224 48 47 $$
430 2225 365 50 riksdagsordningen
837 2228 75 36 dels
955 2229 66 35 ock
1060 2231 54 34 att
1143 2230 123 48 dylika
1293 2230 392 49 grundlagsändringar
1715 2231 128 36 varken

255 2289 87 25 vore:
366 2278 133 49 nödiga
528 2280 84 35 eller
640 2281 144 49 nyttiga
812 2282 85 36 eller
926 2284 54 35 att
1003 2283 128 48 giltiga
1160 2283 73 37 skäl
1265 2284 121 36 därför
1414 2285 210 47 förebragts.
