1882 2820
480 138 392 58 Bevillningsutskottets
893 142 219 55 betänkande
1131 152 42 21 nr
1192 142 49 30 35.
1580 135 39 31 39

111 230 86 29 även
214 227 79 51 med
310 226 243 31 bibehållande
570 236 41 21 av
628 227 66 42 den
711 226 200 30 nuvarande
930 226 171 42 metoden,
1119 226 115 29 vilken
1251 225 248 53 uppskattning
1516 225 99 47 emel-

111 272 99 55 lertid
232 261 87 58 skall
338 263 247 61 kompletteras
604 265 80 58 med
706 267 265 40 bestämmande
989 286 42 20 av
1051 272 120 34 relativ
1192 259 257 57 skogstillgång.
1490 274 4 2 |

112 319 57 39 "I
191 318 93 41 detta
306 327 253 45 sammanhang
580 326 57 31 må
658 316 130 47 jämväl
809 326 157 36 nämnas,
990 330 48 27 att
1064 327 4 29 i
1091 326 41 30 65
1155 325 18 37 3
1196 323 419 46 taxeringsförordningen

110 379 10 31 i
144 369 342 40 överensstämmelse
510 378 78 30 med
610 386 43 21 av
678 377 347 36 skatteberedningen
1048 372 186 35 framställt
1258 365 127 54 förslag
1408 372 138 40 intagits
1570 372 46 34 ett

111 429 190 37 stadgande
320 438 56 21 om
397 428 194 37 skyldighet
610 428 56 30 för
685 422 549 42 fastighetstaxeringsnämndens
1255 426 209 31 ordförande
1486 430 49 27 att
1555 425 61 31 un-

111 472 186 38 dersöka
285 468 24 52 i
325 480 65 30 vad
418 478 85 31 mån
527 478 425 37 beredningsnämnderna
980 477 57 31 vid
1066 476 217 45 bestämning
1312 487 40 21 av
1381 468 66 40 den
1476 476 140 44 relativa

111 523 290 44 skogstillgången
420 529 149 30 kommit
588 522 51 38 till
659 529 132 36 skäliga
810 529 151 30 resultat.

156 581 75 30 Den
255 581 10 29 i
290 581 66 29 den
379 573 134 38 senaste
536 573 559 43 skogsvärderingsinstruktionen
1116 578 185 36 medgivna
1324 578 223 37 möjligheten
1570 581 47 27 att

114 632 221 31 beträffande
354 625 102 44 skog,
469 631 55 31 för
546 632 114 29 vilken
678 631 135 30 ordnad
831 630 188 36 bokföring
1038 628 124 36 finnes,
1183 630 98 35 lägga
1302 620 113 38 denna
1437 628 49 30 till
1509 628 111 36 grund

115 683 55 30 för
195 670 415 48 rotvärdesberäkningen
636 682 66 30 har
726 676 178 41 borttagits
931 681 10 29 i
967 681 67 29 den
1058 689 47 21 nu
1132 679 196 36 föreslagna
1354 679 263 30 instruktionen.

116 733 362 36 Skatteberedningen,
495 732 75 31 som
583 732 160 30 förordat
758 732 112 29 denna
886 729 158 38 ändring,
1060 731 64 29 har
1140 730 11 29 i
1170 730 93 30 detta
1280 729 197 30 hänseende
1493 728 125 36 anfört,

115 788 49 26 att
194 784 308 30 bestämmelserna
534 783 123 30 härom
687 782 117 32 kunde
834 782 174 35 tillämpas
1039 782 121 29 endast
1189 773 220 37 beträffande
1441 780 41 30 de
1513 780 107 30 större

115 835 321 36 skogskomplexen,
454 830 81 33 men
551 837 48 26 att
617 833 56 30 det
688 832 235 31 förhållandet
939 836 50 26 att
1005 832 116 30 dessas
1138 826 103 41 ägare
1257 831 90 30 hade
1363 831 144 29 intresse
1518 839 43 21 av
1572 833 49 28 att

112 880 109 34 förete
241 883 52 31 sin
311 883 187 36 bokföring
515 883 120 30 endast
653 882 44 31 då
716 883 92 30 detta
826 882 123 31 ställde
966 883 51 36 sig
1034 881 222 37 fördelaktigt
1275 879 54 33 för
1347 882 79 30 dem
1445 882 75 30 icke
1539 890 80 21 vore

113 936 104 34 ägnat
239 937 49 28 att
308 934 141 36 bidraga
471 934 53 30 till
544 932 157 38 jämnhet
721 933 12 30 i
757 932 199 37 taxeringen
977 933 65 30 och
1064 936 115 33 syntes
1201 933 120 29 kunna
1344 932 77 30 leda
1443 931 50 31 till
1516 933 102 29 orätt-

113 985 100 30 visor.
238 983 184 32 Rotvärdet
444 984 171 30 beräknas
638 984 126 30 liksom
787 984 10 30 i
820 983 259 36 propositionen
1103 984 79 29 med
1205 983 135 36 hänsyn
1363 983 52 30 till
1436 982 182 36 virkespri-

113 1045 60 20 sen
192 1035 56 30 för
265 1034 271 37 tioårsperioden
559 1034 181 30 1932—241.

157 1085 204 31 Räntefoten
381 1086 64 29 har
466 1084 10 31 i
499 1085 43 30 de
561 1084 115 31 såsom
695 1084 133 36 bilagor
847 1084 49 30 till
917 1083 261 37 propositionen
1199 1083 124 37 fogade
1342 1083 276 37 författningsut-

112 1137 122 29 kasten
248 1136 126 30 liksom
388 1137 9 29 i
415 1136 42 30 de
471 1135 10 31 i
495 1134 261 37 propositionen
772 1135 194 36 framlagda
981 1135 173 36 förslagen
1169 1133 145 37 angivits
1329 1133 51 31 till
1394 1128 59 43 3?/.
1467 1136 150 34 procent.

113 1187 13 29 I
145 1186 200 36 anslutning
363 1186 117 32 härtill
499 1187 64 29 har
580 1185 343 37 skogsmarksvärdet
944 1188 128 28 ansetts
1091 1185 84 30 böra
1194 1185 170 30 beräknas
1383 1185 50 30 till
1455 1185 18 29 5
1494 1183 127 38 gånger

112 1238 217 30 nettovärdet
352 1236 46 37 på
424 1240 47 27 ett
496 1236 55 31 års
577 1237 136 30 normal
740 1236 206 37 avkastning
969 1236 66 30 och
1062 1235 224 37 skogsvärdet
1310 1236 50 30 till
1387 1229 81 43 21”/;
1493 1234 128 38 gånger

113 1288 215 30 nettovärdet
352 1287 45 37 på
423 1288 68 29 den
519 1288 159 29 normala
702 1286 318 37 årsavkastningen.
1048 1287 171 36 Avdraget
1247 1287 53 30 för
1326 1287 178 30 allmänna
1529 1287 90 30 kost-

112 1338 107 30 nader
241 1339 63 29 har
326 1338 9 30 i
356 1339 163 30 utkasten
540 1338 163 30 bestämts
725 1337 51 31 till
798 1334 58 40 ?/,..

162 1389 53 31 Då
229 1390 175 35 utskottet,
417 1389 116 31 såsom
550 1389 154 36 framgår
722 1399 44 20 av
782 1389 66 30 vad
863 1398 90 21 ovan
969 1388 11 30 i
996 1388 171 30 samband
1178 1388 80 30 med
1269 1388 66 30 den
1346 1387 197 36 föreslagna
1554 1396 68 27 nya

114 1439 162 30 metoden
297 1439 142 35 anförts,
461 1448 102 20 anser
580 1439 182 34 tveksamt,
783 1438 172 30 huruvida
976 1439 193 29 räntefoten
1190 1438 63 30 bör
1274 1439 103 29 sättas
1399 1437 38 31 så
1457 1437 69 36 lågt
1546 1447 74 21 som

114 1488 50 31 till
183 1484 57 41 3/,
260 1492 150 33 procent,
430 1489 64 30 har
513 1489 164 30 utskottet
696 1488 116 31 funnit
831 1488 48 36 sig
899 1489 85 29 böra
1005 1489 142 29 förorda
1165 1487 242 31 bibehållande
1426 1498 42 21 av
1488 1497 132 21 samma

115 1540 150 31 räntefot
285 1548 74 22 som
379 1540 10 29 i
412 1539 81 30 1937
518 1538 55 31 års
592 1539 516 36 skogsvärderingsinstruktion
1126 1539 83 30 eller
1228 1539 19 28 4
1267 1542 150 32 procent.
1440 1538 13 30 I
1473 1538 148 37 enlighet

123 1591 145 29 därmed
302 1591 85 29 skall
422 1590 127 30 liksom
583 1590 9 29 i
626 1590 215 30 sistnämnda
878 1589 210 31 instruktion
1124 1589 344 36 skogsmarksvärdet
1501 1589 121 36 utgöra

114 1641 216 30 nettovärdet
344 1650 42 21 av
401 1635 56 42 4'/,
472 1640 157 31 normala
646 1639 304 37 årsavkastningar
966 1640 64 30 och
1047 1640 223 36 skogsvärdet
1285 1639 56 30 vid
1356 1640 135 30 normal
1506 1640 115 36 skogs-

116 1690 143 37 tillgång
282 1692 214 30 nettovärdet
519 1700 42 21 av
584 1686 80 42 20'/;
689 1691 154 30 normala
867 1690 314 36 årsavkastningar.

160 1740 225 31 Beträffande
406 1741 163 36 avdraget
589 1740 55 32 för
663 1742 176 30 allmänna
859 1741 196 35 kostnader,
1077 1740 103 31 vilket
1201 1740 103 36 enligt
1329 1741 79 29 1937
1431 1744 55 27 års
1507 1741 114 35 skogs-

118 1792 411 37 värderingsinstruktion
552 1792 110 31 skulle
682 1794 122 35 utgöra
827 1787 45 41 "/;,
896 1793 63 29 har
981 1793 164 29 utskottet
1167 1794 111 27 ansett
1300 1791 49 37 sig
1371 1792 85 30 böra
1479 1792 144 36 godtaga

118 1844 66 29 den
204 1844 11 29 i
234 1843 259 36 propositionen
511 1843 195 37 föreslagna
723 1842 266 37 nedsättningen
1006 1852 42 20 av
1067 1842 93 30 detta
1180 1843 128 35 avdrag
1327 1841 49 31 till
1396 1836 61 42 ?/,..

162 1892 74 31 Den
251 1902 47 20 nu
314 1893 196 35 föreslagna
527 1892 191 37 ändringen
733 1894 9 28 i
758 1893 41 41 65
816 1893 17 36 $
851 1892 423 36 taxeringsförordningen
1289 1892 64 29 har
1369 1892 95 29 förut
1481 1892 141 29 berörts.

117 1943 226 31 Beträffande
364 1944 118 35 övriga
503 1943 187 36 ändringar
710 1944 10 29 i
745 1936 422 42 taxeringsförordningen
1190 1941 57 31 må
1269 1943 156 34 nämnas,
1451 1944 50 28 att
1521 1942 103 35 enligt

117 1995 68 29 vad
208 1994 380 36 departementschefen
612 1994 117 34 anfört
756 1994 42 32 de
820 1995 203 29 nuvarande
1046 1994 170 32 särskilda
1240 1993 187 36 längderna
1454 1993 55 29 för
1533 1992 91 38 jord-

116 2045 273 36 bruksfastighet
408 2046 66 29 och
494 2055 116 21 annan
629 2045 162 44 fastighet
809 2044 44 37 på
871 2045 117 43 landet
1009 2054 96 37 avses
1125 2044 98 44 skola
1242 2044 254 30 sammanföras
1515 2044 50 30 till
1582 2053 42 21 en

118 2096 113 37 längd.
254 2097 13 29 I
287 2096 170 35 samband
476 2090 142 46 därmed
635 2097 65 30 har
718 2085 379 55 departementschefen
1116 2084 185 58 föreslagit,
1321 2099 49 26 att
1387 2096 42 30 de
1448 2105 42 21 av
1508 2095 115 36 fastig-

117 2147 429 37 hetstaxeringsnämnden
565 2147 176 32 beslutade
759 2135 149 42 värdena
927 2147 32 38 ej
978 2144 116 38 skola,
1102 2136 116 41 såsom
1234 2134 119 42 hittills
1372 2147 98 33 skett,
1487 2146 138 30 särskilt

118 2199 212 41 antecknas
314 2193 20 51 i
348 2200 40 29 de
406 2199 72 35 fall,
496 2198 44 31 då
558 2197 400 37 beredningsnämndens
977 2198 128 37 förslag
1120 2198 211 38 godkännes.
1350 2197 274 35 Departements-

118 2241 142 38 chefens
280 2249 136 36 förslag,
437 2249 51 29 till
510 2249 103 30 vilket
631 2249 165 30 utskottet
816 2249 151 30 ansluter
988 2249 59 35 sig,
1068 2248 197 30 föranleder
1285 2258 43 20 en
1346 2248 147 35 ändring
1514 2248 10 32 i
1545 2248 40 29 66
1606 2247 18 36 8

119 2301 19 28 3
161 2309 105 21 mom.

164 2350 30 30 S.
215 2351 33 30 k.
268 2350 253 36 kontrollängd,
542 2351 9 29 i
574 2350 113 30 vilken
707 2350 97 31 skola
827 2350 140 35 angivas
989 2350 40 30 de
1049 2359 42 20 av
1112 2349 384 36 beredningsnämnden
1517 2348 108 35 följda

119 2402 196 35 grunderna
334 2401 53 30 för
405 2401 199 36 taxeringen
621 2400 102 31 såvitt
740 2400 107 36 angår
863 2400 362 36 jordbruksfastighet,
1245 2400 64 29 har
1327 2399 120 31 hittills
1467 2399 86 31 förts
1570 2408 55 20 en-

120 2453 76 30 dast
214 2452 45 36 på
278 2452 236 36 landsbygden
532 2452 63 30 och
616 2451 74 30 icke
710 2452 8 29 i
736 2452 85 29 stad.
842 2451 398 36 Departementschefen,
1259 2460 72 21 som
1351 2453 110 28 ansett
1481 2450 146 30 förande
