<?xml version="1.0" encoding="UTF-8"?>
<alto xmlns="http://www.loc.gov/standards/alto/ns-v3#" xmlns:xlink="http://www.w3.org/1999/xlink" xmlns:xsi="http://www.w3.org/2001/XMLSchema-instance" xsi:schemaLocation="http://www.loc.gov/standards/alto/ns-v3# http://www.loc.gov/alto/v3/alto-3-0.xsd">
	<Description>
		<MeasurementUnit>pixel</MeasurementUnit>
		<sourceImageInformation>
			<fileName>/tmp/tess_npvygnll_input.PNG</fileName>
		</sourceImageInformation>
		<OCRProcessing ID="OCR_0">
			<ocrProcessingStep>
				<processingSoftware>
					<softwareName>tesseract 5.3.0</softwareName>
				</processingSoftware>
			</ocrProcessingStep>
		</OCRProcessing>
	</Description>
	<Layout>
		<Page WIDTH="1860" HEIGHT="2790" PHYSICAL_IMG_NR="0" ID="page_0">
			<PrintSpace HPOS="0" VPOS="0" WIDTH="1860" HEIGHT="2790">
				<ComposedBlock ID="cblock_0" HPOS="268" VPOS="144" WIDTH="1222" HEIGHT="41">
					<TextBlock ID="block_0" HPOS="268" VPOS="144" WIDTH="1222" HEIGHT="41">
						<TextLine ID="line_0" HPOS="268" VPOS="144" WIDTH="1222" HEIGHT="41">
							<String ID="string_0" HPOS="268" VPOS="144" WIDTH="41" HEIGHT="30" WC="0.96" CONTENT="20"/><SP WIDTH="246" VPOS="144" HPOS="309"/>
							<String ID="string_1" HPOS="555" VPOS="146" WIDTH="405" HEIGHT="39" WC="0.92" CONTENT="Bevillningsutskottets"/><SP WIDTH="22" VPOS="146" HPOS="960"/>
							<String ID="string_2" HPOS="982" VPOS="147" WIDTH="218" HEIGHT="30" WC="0.95" CONTENT="betänkande"/><SP WIDTH="21" VPOS="147" HPOS="1200"/>
							<String ID="string_3" HPOS="1221" VPOS="158" WIDTH="42" HEIGHT="21" WC="0.95" CONTENT="nr"/><SP WIDTH="21" VPOS="158" HPOS="1263"/>
							<String ID="string_4" HPOS="1284" VPOS="150" WIDTH="41" HEIGHT="29" WC="0.89" CONTENT="53"/><SP WIDTH="20" VPOS="150" HPOS="1325"/>
							<String ID="string_5" HPOS="1345" VPOS="150" WIDTH="39" HEIGHT="29" WC="0.95" CONTENT="år"/><SP WIDTH="23" VPOS="150" HPOS="1384"/>
							<String ID="string_6" HPOS="1407" VPOS="151" WIDTH="83" HEIGHT="29" WC="0.93" CONTENT="1955"/>
						</TextLine>
					</TextBlock>
				</ComposedBlock>
				<ComposedBlock ID="cblock_1" HPOS="264" VPOS="230" WIDTH="1506" HEIGHT="1170">
					<TextBlock ID="block_1" HPOS="267" VPOS="230" WIDTH="1503" HEIGHT="205">
						<TextLine ID="line_1" HPOS="268" VPOS="230" WIDTH="1502" HEIGHT="43">
							<String ID="string_7" HPOS="268" VPOS="237" WIDTH="46" HEIGHT="21" WC="0.96" CONTENT="na"/><SP WIDTH="24" VPOS="237" HPOS="314"/>
							<String ID="string_8" HPOS="338" VPOS="238" WIDTH="56" HEIGHT="20" WC="0.96" CONTENT="om"/><SP WIDTH="23" VPOS="238" HPOS="394"/>
							<String ID="string_9" HPOS="417" VPOS="230" WIDTH="100" HEIGHT="29" WC="0.96" CONTENT="ränta"/><SP WIDTH="23" VPOS="230" HPOS="517"/>
							<String ID="string_10" HPOS="540" VPOS="230" WIDTH="44" HEIGHT="39" WC="0.96" CONTENT="på"/><SP WIDTH="23" VPOS="230" HPOS="584"/>
							<String ID="string_11" HPOS="607" VPOS="230" WIDTH="231" HEIGHT="30" WC="0.96" CONTENT="kvarstående"/><SP WIDTH="24" VPOS="230" HPOS="838"/>
							<String ID="string_12" HPOS="862" VPOS="230" WIDTH="94" HEIGHT="30" WC="0.96" CONTENT="skatt"/><SP WIDTH="21" VPOS="230" HPOS="956"/>
							<String ID="string_13" HPOS="977" VPOS="231" WIDTH="90" HEIGHT="29" WC="0.95" CONTENT="skall"/><SP WIDTH="24" VPOS="231" HPOS="1067"/>
							<String ID="string_14" HPOS="1091" VPOS="231" WIDTH="126" HEIGHT="30" WC="0.96" CONTENT="liksom"/><SP WIDTH="25" VPOS="231" HPOS="1217"/>
							<String ID="string_15" HPOS="1242" VPOS="241" WIDTH="46" HEIGHT="20" WC="0.95" CONTENT="nu"/><SP WIDTH="25" VPOS="241" HPOS="1288"/>
							<String ID="string_16" HPOS="1313" VPOS="232" WIDTH="181" HEIGHT="31" WC="0.93" CONTENT="föranleda"/><SP WIDTH="26" VPOS="232" HPOS="1494"/>
							<String ID="string_17" HPOS="1520" VPOS="234" WIDTH="250" HEIGHT="39" WC="0.91" CONTENT="fyllnadsinbe-"/>
						</TextLine>
						<TextLine ID="line_2" HPOS="269" VPOS="270" WIDTH="1499" HEIGHT="43">
							<String ID="string_18" HPOS="269" VPOS="270" WIDTH="175" HEIGHT="39" WC="0.91" CONTENT="talningar"/><SP WIDTH="18" VPOS="270" HPOS="444"/>
							<String ID="string_19" HPOS="462" VPOS="280" WIDTH="41" HEIGHT="20" WC="0.93" CONTENT="av"/><SP WIDTH="19" VPOS="280" HPOS="503"/>
							<String ID="string_20" HPOS="522" VPOS="271" WIDTH="302" HEIGHT="40" WC="0.91" CONTENT="preliminärskatt"/><SP WIDTH="20" VPOS="271" HPOS="824"/>
							<String ID="string_21" HPOS="844" VPOS="272" WIDTH="10" HEIGHT="29" WC="0.95" CONTENT="i"/><SP WIDTH="18" VPOS="272" HPOS="854"/>
							<String ID="string_22" HPOS="872" VPOS="272" WIDTH="109" HEIGHT="30" WC="0.96" CONTENT="sådan"/><SP WIDTH="18" VPOS="272" HPOS="981"/>
							<String ID="string_23" HPOS="999" VPOS="273" WIDTH="245" HEIGHT="40" WC="0.96" CONTENT="utsträckning"/><SP WIDTH="18" VPOS="273" HPOS="1244"/>
							<String ID="string_24" HPOS="1262" VPOS="276" WIDTH="50" HEIGHT="28" WC="0.92" CONTENT="att"/><SP WIDTH="18" VPOS="276" HPOS="1312"/>
							<String ID="string_25" HPOS="1330" VPOS="293" WIDTH="43" HEIGHT="3" WC="0.92" CONTENT="—"/><SP WIDTH="17" VPOS="293" HPOS="1373"/>
							<String ID="string_26" HPOS="1390" VPOS="275" WIDTH="147" HEIGHT="30" WC="0.91" CONTENT="bortselt"/><SP WIDTH="19" VPOS="275" HPOS="1537"/>
							<String ID="string_27" HPOS="1556" VPOS="277" WIDTH="79" HEIGHT="29" WC="0.96" CONTENT="från"/><SP WIDTH="20" VPOS="277" HPOS="1635"/>
							<String ID="string_28" HPOS="1655" VPOS="278" WIDTH="113" HEIGHT="29" WC="0.96" CONTENT="nedan"/>
						</TextLine>
						<TextLine ID="line_3" HPOS="267" VPOS="312" WIDTH="1503" HEIGHT="45">
							<String ID="string_29" HPOS="267" VPOS="312" WIDTH="149" HEIGHT="30" WC="0.93" CONTENT="berörda"/><SP WIDTH="31" VPOS="312" HPOS="416"/>
							<String ID="string_30" HPOS="447" VPOS="313" WIDTH="358" HEIGHT="39" WC="0.92" CONTENT="övergångsfenomen"/><SP WIDTH="32" VPOS="313" HPOS="805"/>
							<String ID="string_31" HPOS="837" VPOS="314" WIDTH="9" HEIGHT="29" WC="0.96" CONTENT="i"/><SP WIDTH="33" VPOS="314" HPOS="846"/>
							<String ID="string_32" HPOS="879" VPOS="314" WIDTH="169" HEIGHT="30" WC="0.95" CONTENT="samband"/><SP WIDTH="32" VPOS="314" HPOS="1048"/>
							<String ID="string_33" HPOS="1080" VPOS="315" WIDTH="78" HEIGHT="30" WC="0.90" CONTENT="med"/><SP WIDTH="31" VPOS="315" HPOS="1158"/>
							<String ID="string_34" HPOS="1189" VPOS="316" WIDTH="475" HEIGHT="41" WC="0.90" CONTENT="fastighetsbeskattningens"/><SP WIDTH="33" VPOS="316" HPOS="1664"/>
							<String ID="string_35" HPOS="1697" VPOS="329" WIDTH="73" HEIGHT="20" WC="0.92" CONTENT="om-"/>
						</TextLine>
						<TextLine ID="line_4" HPOS="268" VPOS="354" WIDTH="1501" HEIGHT="44">
							<String ID="string_36" HPOS="268" VPOS="354" WIDTH="163" HEIGHT="39" WC="0.93" CONTENT="läggning"/><SP WIDTH="15" VPOS="354" HPOS="431"/>
							<String ID="string_37" HPOS="446" VPOS="373" WIDTH="43" HEIGHT="3" WC="0.92" CONTENT="—"/><SP WIDTH="17" VPOS="373" HPOS="489"/>
							<String ID="string_38" HPOS="506" VPOS="364" WIDTH="42" HEIGHT="20" WC="0.96" CONTENT="en"/><SP WIDTH="18" VPOS="364" HPOS="548"/>
							<String ID="string_39" HPOS="566" VPOS="355" WIDTH="274" HEIGHT="30" WC="0.96" CONTENT="förhållandevis"/><SP WIDTH="17" VPOS="355" HPOS="840"/>
							<String ID="string_40" HPOS="857" VPOS="356" WIDTH="65" HEIGHT="39" WC="0.96" CONTENT="god"/><SP WIDTH="17" VPOS="356" HPOS="922"/>
							<String ID="string_41" HPOS="939" VPOS="357" WIDTH="215" HEIGHT="40" WC="0.96" CONTENT="anpassning"/><SP WIDTH="17" VPOS="357" HPOS="1154"/>
							<String ID="string_42" HPOS="1171" VPOS="366" WIDTH="42" HEIGHT="20" WC="0.96" CONTENT="av"/><SP WIDTH="17" VPOS="366" HPOS="1213"/>
							<String ID="string_43" HPOS="1230" VPOS="358" WIDTH="67" HEIGHT="29" WC="0.96" CONTENT="den"/><SP WIDTH="17" VPOS="358" HPOS="1297"/>
							<String ID="string_44" HPOS="1314" VPOS="359" WIDTH="227" HEIGHT="39" WC="0.96" CONTENT="preliminära"/><SP WIDTH="19" VPOS="359" HPOS="1541"/>
							<String ID="string_45" HPOS="1560" VPOS="361" WIDTH="139" HEIGHT="29" WC="0.96" CONTENT="skatten"/><SP WIDTH="18" VPOS="361" HPOS="1699"/>
							<String ID="string_46" HPOS="1717" VPOS="362" WIDTH="52" HEIGHT="30" WC="0.96" CONTENT="till"/>
						</TextLine>
						<TextLine ID="line_5" HPOS="267" VPOS="396" WIDTH="410" HEIGHT="39">
							<String ID="string_47" HPOS="267" VPOS="396" WIDTH="68" HEIGHT="29" WC="0.96" CONTENT="den"/><SP WIDTH="24" VPOS="396" HPOS="335"/>
							<String ID="string_48" HPOS="359" VPOS="396" WIDTH="139" HEIGHT="39" WC="0.95" CONTENT="slutliga"/><SP WIDTH="21" VPOS="396" HPOS="498"/>
							<String ID="string_49" HPOS="519" VPOS="397" WIDTH="158" HEIGHT="30" WC="0.96" CONTENT="erhålles."/>
						</TextLine>
					</TextBlock>
					<TextBlock ID="block_2" HPOS="264" VPOS="438" WIDTH="1506" HEIGHT="962">
						<TextLine ID="line_6" HPOS="312" VPOS="438" WIDTH="1456" HEIGHT="43">
							<String ID="string_50" HPOS="312" VPOS="438" WIDTH="100" HEIGHT="29" WC="0.96" CONTENT="Flera"/><SP WIDTH="21" VPOS="438" HPOS="412"/>
							<String ID="string_51" HPOS="433" VPOS="438" WIDTH="175" HEIGHT="40" WC="0.96" CONTENT="tillfälliga"/><SP WIDTH="22" VPOS="438" HPOS="608"/>
							<String ID="string_52" HPOS="630" VPOS="439" WIDTH="156" HEIGHT="29" WC="0.96" CONTENT="faktorer"/><SP WIDTH="21" VPOS="439" HPOS="786"/>
							<String ID="string_53" HPOS="807" VPOS="439" WIDTH="171" HEIGHT="40" WC="0.96" CONTENT="påverkar"/><SP WIDTH="21" VPOS="439" HPOS="978"/>
							<String ID="string_54" HPOS="999" VPOS="440" WIDTH="58" HEIGHT="30" WC="0.93" CONTENT="det"/><SP WIDTH="21" VPOS="440" HPOS="1057"/>
							<String ID="string_55" HPOS="1078" VPOS="441" WIDTH="259" HEIGHT="40" WC="0.92" CONTENT="kassamässiga"/><SP WIDTH="22" VPOS="441" HPOS="1337"/>
							<String ID="string_56" HPOS="1359" VPOS="443" WIDTH="138" HEIGHT="30" WC="0.95" CONTENT="utfallet"/><SP WIDTH="22" VPOS="443" HPOS="1497"/>
							<String ID="string_57" HPOS="1519" VPOS="453" WIDTH="42" HEIGHT="20" WC="0.96" CONTENT="av"/><SP WIDTH="23" VPOS="453" HPOS="1561"/>
							<String ID="string_58" HPOS="1584" VPOS="444" WIDTH="98" HEIGHT="30" WC="0.93" CONTENT="titeln"/><SP WIDTH="24" VPOS="444" HPOS="1682"/>
							<String ID="string_59" HPOS="1706" VPOS="454" WIDTH="62" HEIGHT="21" WC="0.91" CONTENT="un-"/>
						</TextLine>
						<TextLine ID="line_7" HPOS="266" VPOS="479" WIDTH="1503" HEIGHT="46">
							<String ID="string_60" HPOS="266" VPOS="479" WIDTH="62" HEIGHT="29" WC="0.96" CONTENT="der"/><SP WIDTH="27" VPOS="479" HPOS="328"/>
							<String ID="string_61" HPOS="355" VPOS="479" WIDTH="266" HEIGHT="40" WC="0.96" CONTENT="ifrågavarande"/><SP WIDTH="26" VPOS="479" HPOS="621"/>
							<String ID="string_62" HPOS="647" VPOS="481" WIDTH="130" HEIGHT="39" WC="0.96" CONTENT="period."/><SP WIDTH="29" VPOS="481" HPOS="777"/>
							<String ID="string_63" HPOS="806" VPOS="482" WIDTH="122" HEIGHT="30" WC="0.96" CONTENT="Såsom"/><SP WIDTH="25" VPOS="482" HPOS="928"/>
							<String ID="string_64" HPOS="953" VPOS="482" WIDTH="169" HEIGHT="39" WC="0.96" CONTENT="framgått"/><SP WIDTH="25" VPOS="482" HPOS="1122"/>
							<String ID="string_65" HPOS="1147" VPOS="492" WIDTH="42" HEIGHT="20" WC="0.93" CONTENT="av"/><SP WIDTH="25" VPOS="492" HPOS="1189"/>
							<String ID="string_66" HPOS="1214" VPOS="483" WIDTH="398" HEIGHT="42" WC="0.92" CONTENT="inkomstberäkningen"/><SP WIDTH="26" VPOS="483" HPOS="1612"/>
							<String ID="string_67" HPOS="1638" VPOS="487" WIDTH="131" HEIGHT="29" WC="0.96" CONTENT="räknas"/>
						</TextLine>
						<TextLine ID="line_8" HPOS="267" VPOS="521" WIDTH="1502" HEIGHT="44">
							<String ID="string_68" HPOS="267" VPOS="521" WIDTH="55" HEIGHT="29" WC="0.96" CONTENT="för"/><SP WIDTH="24" VPOS="521" HPOS="322"/>
							<String ID="string_69" HPOS="346" VPOS="521" WIDTH="203" HEIGHT="39" WC="0.93" CONTENT="budgetåret"/><SP WIDTH="28" VPOS="521" HPOS="549"/>
							<String ID="string_70" HPOS="577" VPOS="523" WIDTH="147" HEIGHT="34" WC="0.88" CONTENT="1954/55"/><SP WIDTH="27" VPOS="523" HPOS="724"/>
							<String ID="string_71" HPOS="751" VPOS="524" WIDTH="80" HEIGHT="29" WC="0.95" CONTENT="med"/><SP WIDTH="23" VPOS="524" HPOS="831"/>
							<String ID="string_72" HPOS="854" VPOS="533" WIDTH="42" HEIGHT="20" WC="0.93" CONTENT="en"/><SP WIDTH="24" VPOS="533" HPOS="896"/>
							<String ID="string_73" HPOS="920" VPOS="524" WIDTH="295" HEIGHT="40" WC="0.92" CONTENT="nettobelastning"/><SP WIDTH="24" VPOS="524" HPOS="1215"/>
							<String ID="string_74" HPOS="1239" VPOS="526" WIDTH="43" HEIGHT="39" WC="0.96" CONTENT="på"/><SP WIDTH="25" VPOS="526" HPOS="1282"/>
							<String ID="string_75" HPOS="1307" VPOS="526" WIDTH="100" HEIGHT="30" WC="0.95" CONTENT="titeln"/><SP WIDTH="24" VPOS="526" HPOS="1407"/>
							<String ID="string_76" HPOS="1431" VPOS="528" WIDTH="78" HEIGHT="29" WC="0.96" CONTENT="med"/><SP WIDTH="27" VPOS="528" HPOS="1509"/>
							<String ID="string_77" HPOS="1536" VPOS="538" WIDTH="72" HEIGHT="20" WC="0.96" CONTENT="mer"/><SP WIDTH="28" VPOS="538" HPOS="1608"/>
							<String ID="string_78" HPOS="1636" VPOS="530" WIDTH="44" HEIGHT="29" WC="0.96" CONTENT="än"/><SP WIDTH="28" VPOS="530" HPOS="1680"/>
							<String ID="string_79" HPOS="1708" VPOS="529" WIDTH="61" HEIGHT="30" WC="0.96" CONTENT="100"/>
						</TextLine>
						<TextLine ID="line_9" HPOS="266" VPOS="563" WIDTH="1503" HEIGHT="47">
							<String ID="string_80" HPOS="266" VPOS="563" WIDTH="165" HEIGHT="38" WC="0.95" CONTENT="miljoner"/><SP WIDTH="41" VPOS="563" HPOS="431"/>
							<String ID="string_81" HPOS="472" VPOS="564" WIDTH="129" HEIGHT="29" WC="0.86" CONTENT="kronor"/><SP WIDTH="42" VPOS="564" HPOS="601"/>
							<String ID="string_82" HPOS="643" VPOS="565" WIDTH="183" HEIGHT="30" WC="0.86" CONTENT="föranledd"/><SP WIDTH="42" VPOS="565" HPOS="826"/>
							<String ID="string_83" HPOS="868" VPOS="575" WIDTH="41" HEIGHT="19" WC="0.96" CONTENT="av"/><SP WIDTH="40" VPOS="575" HPOS="909"/>
							<String ID="string_84" HPOS="949" VPOS="567" WIDTH="79" HEIGHT="29" WC="0.96" CONTENT="med"/><SP WIDTH="30" VPOS="567" HPOS="1028"/>
							<String ID="string_85" HPOS="1058" VPOS="567" WIDTH="332" HEIGHT="40" WC="0.96" CONTENT="sjukförsäkringen"/><SP WIDTH="32" VPOS="567" HPOS="1390"/>
							<String ID="string_86" HPOS="1422" VPOS="571" WIDTH="347" HEIGHT="39" WC="0.96" CONTENT="sammanhängande"/>
						</TextLine>
						<TextLine ID="line_10" HPOS="267" VPOS="605" WIDTH="1501" HEIGHT="46">
							<String ID="string_87" HPOS="267" VPOS="605" WIDTH="270" HEIGHT="32" WC="0.94" CONTENT="transaktioner."/><SP WIDTH="24" VPOS="605" HPOS="537"/>
							<String ID="string_88" HPOS="561" VPOS="607" WIDTH="66" HEIGHT="29" WC="0.96" CONTENT="För"/><SP WIDTH="23" VPOS="607" HPOS="627"/>
							<String ID="string_89" HPOS="650" VPOS="608" WIDTH="42" HEIGHT="29" WC="0.96" CONTENT="de"/><SP WIDTH="23" VPOS="608" HPOS="692"/>
							<String ID="string_90" HPOS="715" VPOS="607" WIDTH="157" HEIGHT="39" WC="0.96" CONTENT="följande"/><SP WIDTH="23" VPOS="607" HPOS="872"/>
							<String ID="string_91" HPOS="895" VPOS="608" WIDTH="82" HEIGHT="30" WC="0.96" CONTENT="åren"/><SP WIDTH="23" VPOS="608" HPOS="977"/>
							<String ID="string_92" HPOS="1000" VPOS="609" WIDTH="64" HEIGHT="29" WC="0.96" CONTENT="har"/><SP WIDTH="23" VPOS="609" HPOS="1064"/>
							<String ID="string_93" HPOS="1087" VPOS="609" WIDTH="156" HEIGHT="30" WC="0.96" CONTENT="däremot"/><SP WIDTH="24" VPOS="609" HPOS="1243"/>
							<String ID="string_94" HPOS="1267" VPOS="610" WIDTH="76" HEIGHT="29" WC="0.96" CONTENT="icke"/><SP WIDTH="24" VPOS="610" HPOS="1343"/>
							<String ID="string_95" HPOS="1367" VPOS="611" WIDTH="151" HEIGHT="39" WC="0.96" CONTENT="antagits"/><SP WIDTH="25" VPOS="611" HPOS="1518"/>
							<String ID="string_96" HPOS="1543" VPOS="612" WIDTH="113" HEIGHT="39" WC="0.93" CONTENT="någon"/><SP WIDTH="27" VPOS="612" HPOS="1656"/>
							<String ID="string_97" HPOS="1683" VPOS="615" WIDTH="85" HEIGHT="27" WC="0.92" CONTENT="mot-"/>
						</TextLine>
						<TextLine ID="line_11" HPOS="267" VPOS="648" WIDTH="1501" HEIGHT="44">
							<String ID="string_98" HPOS="267" VPOS="648" WIDTH="171" HEIGHT="28" WC="0.96" CONTENT="svarande"/><SP WIDTH="22" VPOS="648" HPOS="438"/>
							<String ID="string_99" HPOS="460" VPOS="648" WIDTH="178" HEIGHT="39" WC="0.96" CONTENT="påverkan"/><SP WIDTH="22" VPOS="648" HPOS="638"/>
							<String ID="string_100" HPOS="660" VPOS="658" WIDTH="42" HEIGHT="20" WC="0.96" CONTENT="av"/><SP WIDTH="21" VPOS="658" HPOS="702"/>
							<String ID="string_101" HPOS="723" VPOS="649" WIDTH="176" HEIGHT="39" WC="0.96" CONTENT="betydelse"/><SP WIDTH="21" VPOS="649" HPOS="899"/>
							<String ID="string_102" HPOS="920" VPOS="651" WIDTH="44" HEIGHT="38" WC="0.96" CONTENT="på"/><SP WIDTH="21" VPOS="651" HPOS="964"/>
							<String ID="string_103" HPOS="985" VPOS="650" WIDTH="118" HEIGHT="30" WC="0.93" CONTENT="titelns"/><SP WIDTH="22" VPOS="650" HPOS="1103"/>
							<String ID="string_104" HPOS="1125" VPOS="652" WIDTH="255" HEIGHT="34" WC="0.91" CONTENT="nettoresultal,"/><SP WIDTH="24" VPOS="652" HPOS="1380"/>
							<String ID="string_105" HPOS="1404" VPOS="654" WIDTH="48" HEIGHT="28" WC="0.96" CONTENT="ett"/><SP WIDTH="23" VPOS="654" HPOS="1452"/>
							<String ID="string_106" HPOS="1475" VPOS="654" WIDTH="195" HEIGHT="38" WC="0.96" CONTENT="antagande"/><SP WIDTH="23" VPOS="654" HPOS="1670"/>
							<String ID="string_107" HPOS="1693" VPOS="663" WIDTH="75" HEIGHT="21" WC="0.96" CONTENT="som"/>
						</TextLine>
						<TextLine ID="line_12" HPOS="266" VPOS="688" WIDTH="1503" HEIGHT="47">
							<String ID="string_108" HPOS="266" VPOS="688" WIDTH="71" HEIGHT="29" WC="0.96" CONTENT="kan"/><SP WIDTH="22" VPOS="688" HPOS="337"/>
							<String ID="string_109" HPOS="359" VPOS="689" WIDTH="141" HEIGHT="29" WC="0.96" CONTENT="komma"/><SP WIDTH="20" VPOS="689" HPOS="500"/>
							<String ID="string_110" HPOS="520" VPOS="692" WIDTH="51" HEIGHT="27" WC="0.96" CONTENT="att"/><SP WIDTH="19" VPOS="692" HPOS="571"/>
							<String ID="string_111" HPOS="590" VPOS="690" WIDTH="74" HEIGHT="30" WC="0.96" CONTENT="visa"/><SP WIDTH="20" VPOS="690" HPOS="664"/>
							<String ID="string_112" HPOS="684" VPOS="690" WIDTH="51" HEIGHT="40" WC="0.96" CONTENT="sig"/><SP WIDTH="21" VPOS="690" HPOS="735"/>
							<String ID="string_113" HPOS="756" VPOS="691" WIDTH="170" HEIGHT="39" WC="0.92" CONTENT="felaktigt."/><SP WIDTH="23" VPOS="691" HPOS="926"/>
							<String ID="string_114" HPOS="949" VPOS="692" WIDTH="278" HEIGHT="40" WC="0.91" CONTENT="Omläggningen"/><SP WIDTH="22" VPOS="692" HPOS="1227"/>
							<String ID="string_115" HPOS="1249" VPOS="702" WIDTH="42" HEIGHT="20" WC="0.93" CONTENT="av"/><SP WIDTH="21" VPOS="702" HPOS="1291"/>
							<String ID="string_116" HPOS="1312" VPOS="694" WIDTH="457" HEIGHT="41" WC="0.91" CONTENT="fastighetsbeskattningen"/>
						</TextLine>
						<TextLine ID="line_13" HPOS="266" VPOS="730" WIDTH="1503" HEIGHT="46">
							<String ID="string_117" HPOS="266" VPOS="730" WIDTH="65" HEIGHT="29" WC="0.96" CONTENT="har"/><SP WIDTH="21" VPOS="730" HPOS="331"/>
							<String ID="string_118" HPOS="352" VPOS="731" WIDTH="105" HEIGHT="30" WC="0.96" CONTENT="också"/><SP WIDTH="20" VPOS="731" HPOS="457"/>
							<String ID="string_119" HPOS="477" VPOS="731" WIDTH="184" HEIGHT="39" WC="0.93" CONTENT="betydelse."/><SP WIDTH="23" VPOS="731" HPOS="661"/>
							<String ID="string_120" HPOS="684" VPOS="733" WIDTH="117" HEIGHT="29" WC="0.96" CONTENT="Under"/><SP WIDTH="20" VPOS="733" HPOS="801"/>
							<String ID="string_121" HPOS="821" VPOS="733" WIDTH="204" HEIGHT="40" WC="0.93" CONTENT="budgetåret"/><SP WIDTH="22" VPOS="733" HPOS="1025"/>
							<String ID="string_122" HPOS="1047" VPOS="734" WIDTH="148" HEIGHT="36" WC="0.91" CONTENT="1954/55"/><SP WIDTH="21" VPOS="734" HPOS="1195"/>
							<String ID="string_123" HPOS="1216" VPOS="735" WIDTH="144" HEIGHT="40" WC="0.92" CONTENT="inflyter"/><SP WIDTH="21" VPOS="735" HPOS="1360"/>
							<String ID="string_124" HPOS="1381" VPOS="736" WIDTH="281" HEIGHT="40" WC="0.96" CONTENT="fastighetsskatt"/><SP WIDTH="21" VPOS="736" HPOS="1662"/>
							<String ID="string_125" HPOS="1683" VPOS="739" WIDTH="86" HEIGHT="29" WC="0.96" CONTENT="sista"/>
						</TextLine>
						<TextLine ID="line_14" HPOS="266" VPOS="772" WIDTH="1503" HEIGHT="45">
							<String ID="string_126" HPOS="266" VPOS="772" WIDTH="135" HEIGHT="39" WC="0.96" CONTENT="gången"/><SP WIDTH="22" VPOS="772" HPOS="401"/>
							<String ID="string_127" HPOS="423" VPOS="773" WIDTH="106" HEIGHT="39" WC="0.96" CONTENT="enligt"/><SP WIDTH="22" VPOS="773" HPOS="529"/>
							<String ID="string_128" HPOS="551" VPOS="774" WIDTH="67" HEIGHT="29" WC="0.96" CONTENT="den"/><SP WIDTH="23" VPOS="774" HPOS="618"/>
							<String ID="string_129" HPOS="641" VPOS="774" WIDTH="280" HEIGHT="31" WC="0.96" CONTENT="hittillsvarande"/><SP WIDTH="20" VPOS="774" HPOS="921"/>
							<String ID="string_130" HPOS="941" VPOS="776" WIDTH="204" HEIGHT="39" WC="0.96" CONTENT="ordningen."/><SP WIDTH="23" VPOS="776" HPOS="1145"/>
							<String ID="string_131" HPOS="1168" VPOS="777" WIDTH="116" HEIGHT="30" WC="0.96" CONTENT="Under"/><SP WIDTH="21" VPOS="777" HPOS="1284"/>
							<String ID="string_132" HPOS="1305" VPOS="778" WIDTH="205" HEIGHT="39" WC="0.93" CONTENT="budgetåret"/><SP WIDTH="24" VPOS="778" HPOS="1510"/>
							<String ID="string_133" HPOS="1534" VPOS="780" WIDTH="148" HEIGHT="35" WC="0.92" CONTENT="1955/56"/><SP WIDTH="23" VPOS="780" HPOS="1682"/>
							<String ID="string_134" HPOS="1705" VPOS="781" WIDTH="64" HEIGHT="29" WC="0.96" CONTENT="har"/>
						</TextLine>
						<TextLine ID="line_15" HPOS="267" VPOS="814" WIDTH="1502" HEIGHT="46">
							<String ID="string_135" HPOS="267" VPOS="814" WIDTH="95" HEIGHT="29" WC="0.96" CONTENT="skatt"/><SP WIDTH="24" VPOS="814" HPOS="362"/>
							<String ID="string_136" HPOS="386" VPOS="815" WIDTH="44" HEIGHT="39" WC="0.93" CONTENT="på"/><SP WIDTH="25" VPOS="815" HPOS="430"/>
							<String ID="string_137" HPOS="455" VPOS="816" WIDTH="262" HEIGHT="40" WC="0.89" CONTENT="garantibelopp"/><SP WIDTH="28" VPOS="816" HPOS="717"/>
							<String ID="string_138" HPOS="745" VPOS="817" WIDTH="54" HEIGHT="29" WC="0.96" CONTENT="för"/><SP WIDTH="26" VPOS="817" HPOS="799"/>
							<String ID="string_139" HPOS="825" VPOS="817" WIDTH="165" HEIGHT="40" WC="0.96" CONTENT="fastighet"/><SP WIDTH="25" VPOS="817" HPOS="990"/>
							<String ID="string_140" HPOS="1015" VPOS="819" WIDTH="151" HEIGHT="39" WC="0.93" CONTENT="antagits"/><SP WIDTH="25" VPOS="819" HPOS="1166"/>
							<String ID="string_141" HPOS="1191" VPOS="819" WIDTH="128" HEIGHT="39" WC="0.91" CONTENT="inflyta"/><SP WIDTH="25" VPOS="819" HPOS="1319"/>
							<String ID="string_142" HPOS="1344" VPOS="829" WIDTH="75" HEIGHT="20" WC="0.96" CONTENT="som"/><SP WIDTH="25" VPOS="829" HPOS="1419"/>
							<String ID="string_143" HPOS="1444" VPOS="821" WIDTH="203" HEIGHT="39" WC="0.95" CONTENT="preliminär"/><SP WIDTH="27" VPOS="821" HPOS="1647"/>
							<String ID="string_144" HPOS="1674" VPOS="822" WIDTH="95" HEIGHT="30" WC="0.96" CONTENT="skatt"/>
						</TextLine>
						<TextLine ID="line_16" HPOS="266" VPOS="856" WIDTH="1503" HEIGHT="47">
							<String ID="string_145" HPOS="266" VPOS="856" WIDTH="80" HEIGHT="29" WC="0.96" CONTENT="med"/><SP WIDTH="21" VPOS="856" HPOS="346"/>
							<String ID="string_146" HPOS="367" VPOS="865" WIDTH="40" HEIGHT="20" WC="0.96" CONTENT="ca"/><SP WIDTH="23" VPOS="865" HPOS="407"/>
							<String ID="string_147" HPOS="430" VPOS="857" WIDTH="62" HEIGHT="29" WC="0.96" CONTENT="200"/><SP WIDTH="23" VPOS="857" HPOS="492"/>
							<String ID="string_148" HPOS="515" VPOS="857" WIDTH="164" HEIGHT="39" WC="0.96" CONTENT="miljoner"/><SP WIDTH="22" VPOS="857" HPOS="679"/>
							<String ID="string_149" HPOS="701" VPOS="859" WIDTH="141" HEIGHT="36" WC="0.96" CONTENT="kronor,"/><SP WIDTH="23" VPOS="859" HPOS="842"/>
							<String ID="string_150" HPOS="865" VPOS="859" WIDTH="107" HEIGHT="30" WC="0.96" CONTENT="vilket"/><SP WIDTH="22" VPOS="859" HPOS="972"/>
							<String ID="string_151" HPOS="994" VPOS="860" WIDTH="147" HEIGHT="30" WC="0.96" CONTENT="innebär"/><SP WIDTH="22" VPOS="860" HPOS="1141"/>
							<String ID="string_152" HPOS="1163" VPOS="870" WIDTH="43" HEIGHT="20" WC="0.95" CONTENT="en"/><SP WIDTH="24" VPOS="870" HPOS="1206"/>
							<String ID="string_153" HPOS="1230" VPOS="861" WIDTH="153" HEIGHT="40" WC="0.93" CONTENT="tillfällig"/><SP WIDTH="23" VPOS="861" HPOS="1383"/>
							<String ID="string_154" HPOS="1406" VPOS="862" WIDTH="363" HEIGHT="41" WC="0.91" CONTENT="inkomstminskning"/>
						</TextLine>
						<TextLine ID="line_17" HPOS="268" VPOS="897" WIDTH="1501" HEIGHT="47">
							<String ID="string_155" HPOS="268" VPOS="897" WIDTH="55" HEIGHT="31" WC="0.93" CONTENT="för"/><SP WIDTH="23" VPOS="897" HPOS="323"/>
							<String ID="string_156" HPOS="346" VPOS="899" WIDTH="207" HEIGHT="30" WC="0.53" CONTENT="statsverket"/><SP WIDTH="21" VPOS="899" HPOS="553"/>
							<String ID="string_157" HPOS="574" VPOS="901" WIDTH="78" HEIGHT="29" WC="0.96" CONTENT="med"/><SP WIDTH="22" VPOS="901" HPOS="652"/>
							<String ID="string_158" HPOS="674" VPOS="910" WIDTH="39" HEIGHT="20" WC="0.96" CONTENT="ca"/><SP WIDTH="26" VPOS="910" HPOS="713"/>
							<String ID="string_159" HPOS="739" VPOS="901" WIDTH="61" HEIGHT="29" WC="0.96" CONTENT="100"/><SP WIDTH="23" VPOS="901" HPOS="800"/>
							<String ID="string_160" HPOS="823" VPOS="902" WIDTH="162" HEIGHT="39" WC="0.96" CONTENT="miljoner"/><SP WIDTH="21" VPOS="902" HPOS="985"/>
							<String ID="string_161" HPOS="1006" VPOS="902" WIDTH="140" HEIGHT="31" WC="0.96" CONTENT="kronor."/><SP WIDTH="23" VPOS="902" HPOS="1146"/>
							<String ID="string_162" HPOS="1169" VPOS="903" WIDTH="116" HEIGHT="31" WC="0.96" CONTENT="Under"/><SP WIDTH="22" VPOS="903" HPOS="1285"/>
							<String ID="string_163" HPOS="1307" VPOS="904" WIDTH="205" HEIGHT="40" WC="0.93" CONTENT="budgetåret"/><SP WIDTH="24" VPOS="904" HPOS="1512"/>
							<String ID="string_164" HPOS="1536" VPOS="906" WIDTH="147" HEIGHT="35" WC="0.92" CONTENT="1956/57"/><SP WIDTH="22" VPOS="906" HPOS="1683"/>
							<String ID="string_165" HPOS="1705" VPOS="907" WIDTH="64" HEIGHT="30" WC="0.96" CONTENT="har"/>
						</TextLine>
						<TextLine ID="line_18" HPOS="265" VPOS="940" WIDTH="1504" HEIGHT="47">
							<String ID="string_166" HPOS="265" VPOS="940" WIDTH="153" HEIGHT="39" WC="0.93" CONTENT="antagits"/><SP WIDTH="20" VPOS="940" HPOS="418"/>
							<String ID="string_167" HPOS="438" VPOS="941" WIDTH="127" HEIGHT="39" WC="0.93" CONTENT="inflyta"/><SP WIDTH="19" VPOS="941" HPOS="565"/>
							<String ID="string_168" HPOS="584" VPOS="951" WIDTH="40" HEIGHT="20" WC="0.96" CONTENT="ca"/><SP WIDTH="21" VPOS="951" HPOS="624"/>
							<String ID="string_169" HPOS="645" VPOS="943" WIDTH="62" HEIGHT="29" WC="0.96" CONTENT="250"/><SP WIDTH="22" VPOS="943" HPOS="707"/>
							<String ID="string_170" HPOS="729" VPOS="943" WIDTH="165" HEIGHT="39" WC="0.96" CONTENT="miljoner"/><SP WIDTH="21" VPOS="943" HPOS="894"/>
							<String ID="string_171" HPOS="915" VPOS="944" WIDTH="130" HEIGHT="30" WC="0.96" CONTENT="kronor"/><SP WIDTH="20" VPOS="944" HPOS="1045"/>
							<String ID="string_172" HPOS="1065" VPOS="945" WIDTH="65" HEIGHT="29" WC="0.97" CONTENT="och"/><SP WIDTH="20" VPOS="945" HPOS="1130"/>
							<String ID="string_173" HPOS="1150" VPOS="945" WIDTH="81" HEIGHT="30" WC="0.96" CONTENT="från"/><SP WIDTH="20" VPOS="945" HPOS="1231"/>
							<String ID="string_174" HPOS="1251" VPOS="946" WIDTH="64" HEIGHT="29" WC="0.96" CONTENT="och"/><SP WIDTH="22" VPOS="946" HPOS="1315"/>
							<String ID="string_175" HPOS="1337" VPOS="947" WIDTH="79" HEIGHT="29" WC="0.96" CONTENT="med"/><SP WIDTH="19" VPOS="947" HPOS="1416"/>
							<String ID="string_176" HPOS="1435" VPOS="947" WIDTH="205" HEIGHT="40" WC="0.93" CONTENT="budgetåret"/><SP WIDTH="23" VPOS="947" HPOS="1640"/>
							<String ID="string_177" HPOS="1663" VPOS="949" WIDTH="106" HEIGHT="35" WC="0.91" CONTENT="1957/"/>
						</TextLine>
						<TextLine ID="line_19" HPOS="266" VPOS="982" WIDTH="1502" HEIGHT="47">
							<String ID="string_178" HPOS="266" VPOS="982" WIDTH="41" HEIGHT="29" WC="0.68" CONTENT="98"/><SP WIDTH="25" VPOS="982" HPOS="307"/>
							<String ID="string_179" HPOS="332" VPOS="982" WIDTH="62" HEIGHT="30" WC="0.95" CONTENT="bör"/><SP WIDTH="24" VPOS="982" HPOS="394"/>
							<String ID="string_180" HPOS="418" VPOS="982" WIDTH="11" HEIGHT="29" WC="0.96" CONTENT="i"/><SP WIDTH="24" VPOS="982" HPOS="429"/>
							<String ID="string_181" HPOS="453" VPOS="983" WIDTH="137" HEIGHT="40" WC="0.96" CONTENT="princip"/><SP WIDTH="25" VPOS="983" HPOS="590"/>
							<String ID="string_182" HPOS="615" VPOS="984" WIDTH="77" HEIGHT="30" WC="0.93" CONTENT="hela"/><SP WIDTH="25" VPOS="984" HPOS="692"/>
							<String ID="string_183" HPOS="717" VPOS="985" WIDTH="280" HEIGHT="39" WC="0.92" CONTENT="garantiskatten"/><SP WIDTH="24" VPOS="985" HPOS="997"/>
							<String ID="string_184" HPOS="1021" VPOS="986" WIDTH="128" HEIGHT="40" WC="0.90" CONTENT="inflyta"/><SP WIDTH="26" VPOS="986" HPOS="1149"/>
							<String ID="string_185" HPOS="1175" VPOS="987" WIDTH="229" HEIGHT="40" WC="0.93" CONTENT="preliminärt."/><SP WIDTH="29" VPOS="987" HPOS="1404"/>
							<String ID="string_186" HPOS="1433" VPOS="989" WIDTH="251" HEIGHT="40" WC="0.91" CONTENT="Antagandena"/><SP WIDTH="27" VPOS="989" HPOS="1684"/>
							<String ID="string_187" HPOS="1711" VPOS="1000" WIDTH="57" HEIGHT="20" WC="0.96" CONTENT="om"/>
						</TextLine>
						<TextLine ID="line_20" HPOS="265" VPOS="1024" WIDTH="1504" HEIGHT="45">
							<String ID="string_188" HPOS="265" VPOS="1024" WIDTH="68" HEIGHT="29" WC="0.95" CONTENT="den"/><SP WIDTH="33" VPOS="1024" HPOS="333"/>
							<String ID="string_189" HPOS="366" VPOS="1024" WIDTH="250" HEIGHT="41" WC="0.93" CONTENT="ofullständiga"/><SP WIDTH="30" VPOS="1024" HPOS="616"/>
							<String ID="string_190" HPOS="646" VPOS="1027" WIDTH="528" HEIGHT="41" WC="0.91" CONTENT="preliminärskatteuppbörden"/><SP WIDTH="31" VPOS="1027" HPOS="1174"/>
							<String ID="string_191" HPOS="1205" VPOS="1038" WIDTH="42" HEIGHT="20" WC="0.93" CONTENT="av"/><SP WIDTH="30" VPOS="1038" HPOS="1247"/>
							<String ID="string_192" HPOS="1277" VPOS="1030" WIDTH="234" HEIGHT="39" WC="0.91" CONTENT="garantiskatt"/><SP WIDTH="32" VPOS="1030" HPOS="1511"/>
							<String ID="string_193" HPOS="1543" VPOS="1032" WIDTH="110" HEIGHT="29" WC="0.96" CONTENT="under"/><SP WIDTH="32" VPOS="1032" HPOS="1653"/>
							<String ID="string_194" HPOS="1685" VPOS="1033" WIDTH="84" HEIGHT="29" WC="0.96" CONTENT="åren"/>
						</TextLine>
						<TextLine ID="line_21" HPOS="268" VPOS="1066" WIDTH="1501" HEIGHT="47">
							<String ID="string_195" HPOS="268" VPOS="1066" WIDTH="83" HEIGHT="31" WC="0.89" CONTENT="1955"/><SP WIDTH="19" VPOS="1066" HPOS="351"/>
							<String ID="string_196" HPOS="370" VPOS="1067" WIDTH="64" HEIGHT="28" WC="0.96" CONTENT="och"/><SP WIDTH="21" VPOS="1067" HPOS="434"/>
							<String ID="string_197" HPOS="455" VPOS="1067" WIDTH="82" HEIGHT="30" WC="0.96" CONTENT="1956"/><SP WIDTH="19" VPOS="1067" HPOS="537"/>
							<String ID="string_198" HPOS="556" VPOS="1067" WIDTH="155" HEIGHT="36" WC="0.96" CONTENT="innebär,"/><SP WIDTH="19" VPOS="1067" HPOS="711"/>
							<String ID="string_199" HPOS="730" VPOS="1071" WIDTH="51" HEIGHT="27" WC="0.96" CONTENT="att"/><SP WIDTH="18" VPOS="1071" HPOS="781"/>
							<String ID="string_200" HPOS="799" VPOS="1078" WIDTH="43" HEIGHT="21" WC="0.96" CONTENT="en"/><SP WIDTH="18" VPOS="1078" HPOS="842"/>
							<String ID="string_201" HPOS="860" VPOS="1071" WIDTH="246" HEIGHT="29" WC="0.95" CONTENT="motsvarande"/><SP WIDTH="20" VPOS="1071" HPOS="1106"/>
							<String ID="string_202" HPOS="1126" VPOS="1071" WIDTH="163" HEIGHT="40" WC="0.96" CONTENT="uppgång"/><SP WIDTH="18" VPOS="1071" HPOS="1289"/>
							<String ID="string_203" HPOS="1307" VPOS="1081" WIDTH="42" HEIGHT="20" WC="0.97" CONTENT="av"/><SP WIDTH="19" VPOS="1081" HPOS="1349"/>
							<String ID="string_204" HPOS="1368" VPOS="1072" WIDTH="67" HEIGHT="29" WC="0.96" CONTENT="den"/><SP WIDTH="18" VPOS="1072" HPOS="1435"/>
							<String ID="string_205" HPOS="1453" VPOS="1073" WIDTH="195" HEIGHT="40" WC="0.93" CONTENT="inflytande"/><SP WIDTH="20" VPOS="1073" HPOS="1648"/>
							<String ID="string_206" HPOS="1668" VPOS="1074" WIDTH="101" HEIGHT="30" WC="0.91" CONTENT="kvar-"/>
						</TextLine>
						<TextLine ID="line_22" HPOS="267" VPOS="1107" WIDTH="1503" HEIGHT="44">
							<String ID="string_207" HPOS="267" VPOS="1107" WIDTH="144" HEIGHT="32" WC="0.96" CONTENT="stående"/><SP WIDTH="20" VPOS="1107" HPOS="411"/>
							<String ID="string_208" HPOS="431" VPOS="1109" WIDTH="138" HEIGHT="30" WC="0.96" CONTENT="skatten"/><SP WIDTH="20" VPOS="1109" HPOS="569"/>
							<String ID="string_209" HPOS="589" VPOS="1112" WIDTH="109" HEIGHT="29" WC="0.96" CONTENT="under"/><SP WIDTH="20" VPOS="1112" HPOS="698"/>
							<String ID="string_210" HPOS="718" VPOS="1111" WIDTH="213" HEIGHT="40" WC="0.91" CONTENT="budgetåren"/><SP WIDTH="22" VPOS="1111" HPOS="931"/>
							<String ID="string_211" HPOS="953" VPOS="1113" WIDTH="146" HEIGHT="35" WC="0.91" CONTENT="1956/57"/><SP WIDTH="22" VPOS="1113" HPOS="1099"/>
							<String ID="string_212" HPOS="1121" VPOS="1115" WIDTH="64" HEIGHT="29" WC="0.93" CONTENT="och"/><SP WIDTH="22" VPOS="1115" HPOS="1185"/>
							<String ID="string_213" HPOS="1207" VPOS="1115" WIDTH="149" HEIGHT="35" WC="0.92" CONTENT="1957/58"/><SP WIDTH="20" VPOS="1115" HPOS="1356"/>
							<String ID="string_214" HPOS="1376" VPOS="1116" WIDTH="69" HEIGHT="30" WC="0.96" CONTENT="kan"/><SP WIDTH="20" VPOS="1116" HPOS="1445"/>
							<String ID="string_215" HPOS="1465" VPOS="1117" WIDTH="217" HEIGHT="31" WC="0.93" CONTENT="förutsättas."/><SP WIDTH="20" VPOS="1117" HPOS="1682"/>
							<String ID="string_216" HPOS="1702" VPOS="1118" WIDTH="68" HEIGHT="30" WC="0.93" CONTENT="Un-"/>
						</TextLine>
						<TextLine ID="line_23" HPOS="265" VPOS="1149" WIDTH="1503" HEIGHT="43">
							<String ID="string_217" HPOS="265" VPOS="1149" WIDTH="62" HEIGHT="29" WC="0.93" CONTENT="der"/><SP WIDTH="22" VPOS="1149" HPOS="327"/>
							<String ID="string_218" HPOS="349" VPOS="1151" WIDTH="160" HEIGHT="29" WC="0.92" CONTENT="vartdera"/><SP WIDTH="23" VPOS="1151" HPOS="509"/>
							<String ID="string_219" HPOS="532" VPOS="1160" WIDTH="42" HEIGHT="20" WC="0.96" CONTENT="av"/><SP WIDTH="22" VPOS="1160" HPOS="574"/>
							<String ID="string_220" HPOS="596" VPOS="1152" WIDTH="100" HEIGHT="29" WC="0.96" CONTENT="dessa"/><SP WIDTH="21" VPOS="1152" HPOS="696"/>
							<String ID="string_221" HPOS="717" VPOS="1152" WIDTH="170" HEIGHT="40" WC="0.96" CONTENT="budgetår"/><SP WIDTH="24" VPOS="1152" HPOS="887"/>
							<String ID="string_222" HPOS="911" VPOS="1153" WIDTH="158" HEIGHT="31" WC="0.93" CONTENT="kommer"/><SP WIDTH="25" VPOS="1153" HPOS="1069"/>
							<String ID="string_223" HPOS="1094" VPOS="1156" WIDTH="18" HEIGHT="30" WC="0.93" CONTENT="å"/><SP WIDTH="23" VPOS="1156" HPOS="1112"/>
							<String ID="string_224" HPOS="1135" VPOS="1155" WIDTH="110" HEIGHT="29" WC="0.95" CONTENT="andra"/><SP WIDTH="24" VPOS="1155" HPOS="1245"/>
							<String ID="string_225" HPOS="1269" VPOS="1155" WIDTH="101" HEIGHT="30" WC="0.93" CONTENT="sidan"/><SP WIDTH="23" VPOS="1155" HPOS="1370"/>
							<String ID="string_226" HPOS="1393" VPOS="1156" WIDTH="375" HEIGHT="32" WC="0.90" CONTENT="inkomstskattetiteln"/>
						</TextLine>
						<TextLine ID="line_24" HPOS="265" VPOS="1191" WIDTH="1503" HEIGHT="45">
							<String ID="string_227" HPOS="265" VPOS="1193" WIDTH="51" HEIGHT="27" WC="0.96" CONTENT="att"/><SP WIDTH="20" VPOS="1193" HPOS="316"/>
							<String ID="string_228" HPOS="336" VPOS="1191" WIDTH="150" HEIGHT="31" WC="0.96" CONTENT="belastas"/><SP WIDTH="19" VPOS="1191" HPOS="486"/>
							<String ID="string_229" HPOS="505" VPOS="1193" WIDTH="79" HEIGHT="30" WC="0.96" CONTENT="med"/><SP WIDTH="19" VPOS="1193" HPOS="584"/>
							<String ID="string_230" HPOS="603" VPOS="1203" WIDTH="40" HEIGHT="20" WC="0.96" CONTENT="ca"/><SP WIDTH="20" VPOS="1203" HPOS="643"/>
							<String ID="string_231" HPOS="663" VPOS="1195" WIDTH="60" HEIGHT="30" WC="0.96" CONTENT="150"/><SP WIDTH="21" VPOS="1195" HPOS="723"/>
							<String ID="string_232" HPOS="744" VPOS="1195" WIDTH="164" HEIGHT="38" WC="0.96" CONTENT="miljoner"/><SP WIDTH="18" VPOS="1195" HPOS="908"/>
							<String ID="string_233" HPOS="926" VPOS="1196" WIDTH="130" HEIGHT="30" WC="0.95" CONTENT="kronor"/><SP WIDTH="19" VPOS="1196" HPOS="1056"/>
							<String ID="string_234" HPOS="1075" VPOS="1196" WIDTH="51" HEIGHT="30" WC="0.95" CONTENT="till"/><SP WIDTH="20" VPOS="1196" HPOS="1126"/>
							<String ID="string_235" HPOS="1146" VPOS="1197" WIDTH="89" HEIGHT="39" WC="0.96" CONTENT="följd"/><SP WIDTH="18" VPOS="1197" HPOS="1235"/>
							<String ID="string_236" HPOS="1253" VPOS="1206" WIDTH="42" HEIGHT="21" WC="0.96" CONTENT="av"/><SP WIDTH="18" VPOS="1206" HPOS="1295"/>
							<String ID="string_237" HPOS="1313" VPOS="1199" WIDTH="50" HEIGHT="28" WC="0.96" CONTENT="att"/><SP WIDTH="19" VPOS="1199" HPOS="1363"/>
							<String ID="string_238" HPOS="1382" VPOS="1199" WIDTH="111" HEIGHT="29" WC="0.96" CONTENT="under"/><SP WIDTH="18" VPOS="1199" HPOS="1493"/>
							<String ID="string_239" HPOS="1511" VPOS="1199" WIDTH="38" HEIGHT="30" WC="0.96" CONTENT="år"/><SP WIDTH="21" VPOS="1199" HPOS="1549"/>
							<String ID="string_240" HPOS="1570" VPOS="1200" WIDTH="80" HEIGHT="30" WC="0.93" CONTENT="1957"/><SP WIDTH="21" VPOS="1200" HPOS="1650"/>
							<String ID="string_241" HPOS="1671" VPOS="1200" WIDTH="97" HEIGHT="29" WC="0.92" CONTENT="kom-"/>
						</TextLine>
						<TextLine ID="line_25" HPOS="265" VPOS="1234" WIDTH="1504" HEIGHT="44">
							<String ID="string_242" HPOS="265" VPOS="1242" WIDTH="75" HEIGHT="20" WC="0.96" CONTENT="mer"/><SP WIDTH="22" VPOS="1242" HPOS="340"/>
							<String ID="string_243" HPOS="362" VPOS="1235" WIDTH="51" HEIGHT="28" WC="0.94" CONTENT="att"/><SP WIDTH="20" VPOS="1235" HPOS="413"/>
							<String ID="string_244" HPOS="433" VPOS="1234" WIDTH="51" HEIGHT="29" WC="0.95" CONTENT="till"/><SP WIDTH="22" VPOS="1234" HPOS="484"/>
							<String ID="string_245" HPOS="506" VPOS="1235" WIDTH="257" HEIGHT="31" WC="0.95" CONTENT="kommunerna"/><SP WIDTH="22" VPOS="1235" HPOS="763"/>
							<String ID="string_246" HPOS="785" VPOS="1237" WIDTH="172" HEIGHT="30" WC="0.92" CONTENT="utbetalas"/><SP WIDTH="23" VPOS="1237" HPOS="957"/>
							<String ID="string_247" HPOS="980" VPOS="1238" WIDTH="167" HEIGHT="30" WC="0.52" CONTENT="»dubbel»"/><SP WIDTH="24" VPOS="1238" HPOS="1147"/>
							<String ID="string_248" HPOS="1171" VPOS="1239" WIDTH="293" HEIGHT="39" WC="0.96" CONTENT="fastighetsskatt,"/><SP WIDTH="23" VPOS="1239" HPOS="1464"/>
							<String ID="string_249" HPOS="1487" VPOS="1241" WIDTH="73" HEIGHT="29" WC="0.96" CONTENT="dels"/><SP WIDTH="21" VPOS="1241" HPOS="1560"/>
							<String ID="string_250" HPOS="1581" VPOS="1242" WIDTH="10" HEIGHT="29" WC="0.96" CONTENT="i"/><SP WIDTH="22" VPOS="1242" HPOS="1591"/>
							<String ID="string_251" HPOS="1613" VPOS="1242" WIDTH="91" HEIGHT="29" WC="0.96" CONTENT="form"/><SP WIDTH="22" VPOS="1242" HPOS="1704"/>
							<String ID="string_252" HPOS="1726" VPOS="1251" WIDTH="43" HEIGHT="20" WC="0.95" CONTENT="av"/>
						</TextLine>
						<TextLine ID="line_26" HPOS="265" VPOS="1276" WIDTH="1502" HEIGHT="46">
							<String ID="string_253" HPOS="265" VPOS="1276" WIDTH="153" HEIGHT="29" WC="0.96" CONTENT="förskott"/><SP WIDTH="21" VPOS="1276" HPOS="418"/>
							<String ID="string_254" HPOS="439" VPOS="1277" WIDTH="43" HEIGHT="39" WC="0.96" CONTENT="på"/><SP WIDTH="24" VPOS="1277" HPOS="482"/>
							<String ID="string_255" HPOS="506" VPOS="1277" WIDTH="82" HEIGHT="30" WC="0.96" CONTENT="1957"/><SP WIDTH="24" VPOS="1277" HPOS="588"/>
							<String ID="string_256" HPOS="612" VPOS="1278" WIDTH="55" HEIGHT="30" WC="0.96" CONTENT="års"/><SP WIDTH="22" VPOS="1278" HPOS="667"/>
							<String ID="string_257" HPOS="689" VPOS="1278" WIDTH="104" HEIGHT="35" WC="0.96" CONTENT="skatt,"/><SP WIDTH="24" VPOS="1278" HPOS="793"/>
							<String ID="string_258" HPOS="817" VPOS="1279" WIDTH="73" HEIGHT="30" WC="0.96" CONTENT="dels"/><SP WIDTH="21" VPOS="1279" HPOS="890"/>
							<String ID="string_259" HPOS="911" VPOS="1279" WIDTH="11" HEIGHT="29" WC="0.96" CONTENT="i"/><SP WIDTH="21" VPOS="1279" HPOS="922"/>
							<String ID="string_260" HPOS="943" VPOS="1280" WIDTH="92" HEIGHT="29" WC="0.95" CONTENT="form"/><SP WIDTH="22" VPOS="1280" HPOS="1035"/>
							<String ID="string_261" HPOS="1057" VPOS="1289" WIDTH="42" HEIGHT="20" WC="0.91" CONTENT="av"/><SP WIDTH="22" VPOS="1289" HPOS="1099"/>
							<String ID="string_262" HPOS="1121" VPOS="1281" WIDTH="267" HEIGHT="40" WC="0.91" CONTENT="slutavräkning"/><SP WIDTH="22" VPOS="1281" HPOS="1388"/>
							<String ID="string_263" HPOS="1410" VPOS="1283" WIDTH="44" HEIGHT="39" WC="0.96" CONTENT="på"/><SP WIDTH="24" VPOS="1283" HPOS="1454"/>
							<String ID="string_264" HPOS="1478" VPOS="1283" WIDTH="81" HEIGHT="30" WC="0.95" CONTENT="1955"/><SP WIDTH="24" VPOS="1283" HPOS="1559"/>
							<String ID="string_265" HPOS="1583" VPOS="1284" WIDTH="56" HEIGHT="29" WC="0.95" CONTENT="års"/><SP WIDTH="24" VPOS="1284" HPOS="1639"/>
							<String ID="string_266" HPOS="1663" VPOS="1284" WIDTH="104" HEIGHT="29" WC="0.96" CONTENT="skatt."/>
						</TextLine>
						<TextLine ID="line_27" HPOS="265" VPOS="1317" WIDTH="1503" HEIGHT="46">
							<String ID="string_267" HPOS="265" VPOS="1317" WIDTH="76" HEIGHT="30" WC="0.96" CONTENT="Den"/><SP WIDTH="18" VPOS="1317" HPOS="341"/>
							<String ID="string_268" HPOS="359" VPOS="1320" WIDTH="152" HEIGHT="37" WC="0.96" CONTENT="antagna"/><SP WIDTH="19" VPOS="1320" HPOS="511"/>
							<String ID="string_269" HPOS="530" VPOS="1319" WIDTH="177" HEIGHT="40" WC="0.95" CONTENT="ökningen"/><SP WIDTH="17" VPOS="1319" HPOS="707"/>
							<String ID="string_270" HPOS="724" VPOS="1329" WIDTH="42" HEIGHT="21" WC="0.96" CONTENT="av"/><SP WIDTH="17" VPOS="1329" HPOS="766"/>
							<String ID="string_271" HPOS="783" VPOS="1322" WIDTH="68" HEIGHT="29" WC="0.96" CONTENT="den"/><SP WIDTH="17" VPOS="1322" HPOS="851"/>
							<String ID="string_272" HPOS="868" VPOS="1321" WIDTH="231" HEIGHT="31" WC="0.96" CONTENT="kvarstående"/><SP WIDTH="20" VPOS="1321" HPOS="1099"/>
							<String ID="string_273" HPOS="1119" VPOS="1323" WIDTH="138" HEIGHT="29" WC="0.96" CONTENT="skatten"/><SP WIDTH="19" VPOS="1323" HPOS="1257"/>
							<String ID="string_274" HPOS="1276" VPOS="1325" WIDTH="177" HEIGHT="38" WC="0.96" CONTENT="uppväger"/><SP WIDTH="17" VPOS="1325" HPOS="1453"/>
							<String ID="string_275" HPOS="1470" VPOS="1325" WIDTH="76" HEIGHT="29" WC="0.96" CONTENT="icke"/><SP WIDTH="17" VPOS="1325" HPOS="1546"/>
							<String ID="string_276" HPOS="1563" VPOS="1325" WIDTH="72" HEIGHT="30" WC="0.96" CONTENT="helt"/><SP WIDTH="18" VPOS="1325" HPOS="1635"/>
							<String ID="string_277" HPOS="1653" VPOS="1326" WIDTH="115" HEIGHT="29" WC="0.96" CONTENT="denna"/>
						</TextLine>
						<TextLine ID="line_28" HPOS="264" VPOS="1360" WIDTH="326" HEIGHT="40">
							<String ID="string_278" HPOS="264" VPOS="1361" WIDTH="99" HEIGHT="28" WC="0.96" CONTENT="extra"/><SP WIDTH="20" VPOS="1361" HPOS="363"/>
							<String ID="string_279" HPOS="383" VPOS="1360" WIDTH="207" HEIGHT="40" WC="0.95" CONTENT="belastning."/>
						</TextLine>
					</TextBlock>
				</ComposedBlock>
				<ComposedBlock ID="cblock_2" HPOS="264" VPOS="1427" WIDTH="1505" HEIGHT="290">
					<TextBlock ID="block_3" HPOS="264" VPOS="1427" WIDTH="1505" HEIGHT="290">
						<TextLine ID="line_29" HPOS="310" VPOS="1427" WIDTH="1458" HEIGHT="44">
							<String ID="string_280" HPOS="310" VPOS="1427" WIDTH="67" HEIGHT="30" WC="0.96" CONTENT="För"/><SP WIDTH="23" VPOS="1427" HPOS="377"/>
							<String ID="string_281" HPOS="400" VPOS="1429" WIDTH="50" HEIGHT="28" WC="0.96" CONTENT="att"/><SP WIDTH="22" VPOS="1429" HPOS="450"/>
							<String ID="string_282" HPOS="472" VPOS="1428" WIDTH="244" HEIGHT="40" WC="0.96" CONTENT="åskådliggöra"/><SP WIDTH="23" VPOS="1428" HPOS="716"/>
							<String ID="string_283" HPOS="739" VPOS="1430" WIDTH="67" HEIGHT="29" WC="0.96" CONTENT="den"/><SP WIDTH="24" VPOS="1430" HPOS="806"/>
							<String ID="string_284" HPOS="830" VPOS="1439" WIDTH="96" HEIGHT="21" WC="0.96" CONTENT="mera"/><SP WIDTH="23" VPOS="1439" HPOS="926"/>
							<String ID="string_285" HPOS="949" VPOS="1431" WIDTH="159" HEIGHT="30" WC="0.91" CONTENT="normala"/><SP WIDTH="24" VPOS="1431" HPOS="1108"/>
							<String ID="string_286" HPOS="1132" VPOS="1432" WIDTH="295" HEIGHT="39" WC="0.91" CONTENT="stegringstakten"/><SP WIDTH="23" VPOS="1432" HPOS="1427"/>
							<String ID="string_287" HPOS="1450" VPOS="1452" WIDTH="43" HEIGHT="3" WC="0.89" CONTENT="—"/><SP WIDTH="23" VPOS="1452" HPOS="1493"/>
							<String ID="string_288" HPOS="1516" VPOS="1434" WIDTH="147" HEIGHT="30" WC="0.96" CONTENT="bortsett"/><SP WIDTH="24" VPOS="1434" HPOS="1663"/>
							<String ID="string_289" HPOS="1687" VPOS="1435" WIDTH="81" HEIGHT="30" WC="0.97" CONTENT="från"/>
						</TextLine>
						<TextLine ID="line_30" HPOS="264" VPOS="1477" WIDTH="1503" HEIGHT="47">
							<String ID="string_290" HPOS="264" VPOS="1477" WIDTH="45" HEIGHT="39" WC="0.96" CONTENT="på"/><SP WIDTH="24" VPOS="1477" HPOS="309"/>
							<String ID="string_291" HPOS="333" VPOS="1477" WIDTH="58" HEIGHT="30" WC="0.93" CONTENT="det"/><SP WIDTH="24" VPOS="1477" HPOS="391"/>
							<String ID="string_292" HPOS="415" VPOS="1478" WIDTH="259" HEIGHT="40" WC="0.92" CONTENT="kassamässiga"/><SP WIDTH="26" VPOS="1478" HPOS="674"/>
							<String ID="string_293" HPOS="700" VPOS="1480" WIDTH="140" HEIGHT="30" WC="0.93" CONTENT="utfallet"/><SP WIDTH="22" VPOS="1480" HPOS="840"/>
							<String ID="string_294" HPOS="862" VPOS="1481" WIDTH="215" HEIGHT="30" WC="0.90" CONTENT="inverkande"/><SP WIDTH="24" VPOS="1481" HPOS="1077"/>
							<String ID="string_295" HPOS="1101" VPOS="1483" WIDTH="299" HEIGHT="39" WC="0.92" CONTENT="omständigheter"/><SP WIDTH="24" VPOS="1483" HPOS="1400"/>
							<String ID="string_296" HPOS="1424" VPOS="1502" WIDTH="44" HEIGHT="4" WC="0.91" CONTENT="—"/><SP WIDTH="25" VPOS="1502" HPOS="1468"/>
							<String ID="string_297" HPOS="1493" VPOS="1493" WIDTH="42" HEIGHT="20" WC="0.96" CONTENT="av"/><SP WIDTH="26" VPOS="1493" HPOS="1535"/>
							<String ID="string_298" HPOS="1561" VPOS="1485" WIDTH="41" HEIGHT="29" WC="0.96" CONTENT="de"/><SP WIDTH="26" VPOS="1485" HPOS="1602"/>
							<String ID="string_299" HPOS="1628" VPOS="1485" WIDTH="139" HEIGHT="39" WC="0.96" CONTENT="statliga"/>
						</TextLine>
						<TextLine ID="line_31" HPOS="264" VPOS="1527" WIDTH="1504" HEIGHT="48">
							<String ID="string_300" HPOS="264" VPOS="1527" WIDTH="172" HEIGHT="30" WC="0.91" CONTENT="inkomst-"/><SP WIDTH="23" VPOS="1527" HPOS="436"/>
							<String ID="string_301" HPOS="459" VPOS="1528" WIDTH="64" HEIGHT="30" WC="0.93" CONTENT="och"/><SP WIDTH="26" VPOS="1528" HPOS="523"/>
							<String ID="string_302" HPOS="549" VPOS="1529" WIDTH="444" HEIGHT="40" WC="0.91" CONTENT="förmögenhetsskatterna"/><SP WIDTH="25" VPOS="1529" HPOS="993"/>
							<String ID="string_303" HPOS="1018" VPOS="1532" WIDTH="136" HEIGHT="30" WC="0.96" CONTENT="lämnas"/><SP WIDTH="24" VPOS="1532" HPOS="1154"/>
							<String ID="string_304" HPOS="1178" VPOS="1533" WIDTH="11" HEIGHT="29" WC="0.96" CONTENT="i"/><SP WIDTH="24" VPOS="1533" HPOS="1189"/>
							<String ID="string_305" HPOS="1213" VPOS="1534" WIDTH="261" HEIGHT="38" WC="0.96" CONTENT="promemorian"/><SP WIDTH="25" VPOS="1534" HPOS="1474"/>
							<String ID="string_306" HPOS="1499" VPOS="1534" WIDTH="157" HEIGHT="39" WC="0.93" CONTENT="följande"/><SP WIDTH="25" VPOS="1534" HPOS="1656"/>
							<String ID="string_307" HPOS="1681" VPOS="1544" WIDTH="87" HEIGHT="31" WC="0.91" CONTENT="upp-"/>
						</TextLine>
						<TextLine ID="line_32" HPOS="264" VPOS="1577" WIDTH="1505" HEIGHT="47">
							<String ID="string_308" HPOS="264" VPOS="1577" WIDTH="105" HEIGHT="39" WC="0.96" CONTENT="gifter"/><SP WIDTH="24" VPOS="1577" HPOS="369"/>
							<String ID="string_309" HPOS="393" VPOS="1587" WIDTH="56" HEIGHT="20" WC="0.96" CONTENT="om"/><SP WIDTH="24" VPOS="1587" HPOS="449"/>
							<String ID="string_310" HPOS="473" VPOS="1578" WIDTH="41" HEIGHT="30" WC="0.96" CONTENT="de"/><SP WIDTH="24" VPOS="1578" HPOS="514"/>
							<String ID="string_311" HPOS="538" VPOS="1579" WIDTH="199" HEIGHT="31" WC="0.95" CONTENT="beräknade"/><SP WIDTH="24" VPOS="1579" HPOS="737"/>
							<String ID="string_312" HPOS="761" VPOS="1580" WIDTH="135" HEIGHT="41" WC="0.93" CONTENT="slutligt"/><SP WIDTH="23" VPOS="1580" HPOS="896"/>
							<String ID="string_313" HPOS="919" VPOS="1581" WIDTH="148" HEIGHT="40" WC="0.92" CONTENT="påförda"/><SP WIDTH="23" VPOS="1581" HPOS="1067"/>
							<String ID="string_314" HPOS="1090" VPOS="1582" WIDTH="171" HEIGHT="40" WC="0.96" CONTENT="beloppen"/><SP WIDTH="24" VPOS="1582" HPOS="1261"/>
							<String ID="string_315" HPOS="1285" VPOS="1583" WIDTH="57" HEIGHT="30" WC="0.93" CONTENT="vid"/><SP WIDTH="25" VPOS="1583" HPOS="1342"/>
							<String ID="string_316" HPOS="1367" VPOS="1585" WIDTH="246" HEIGHT="39" WC="0.91" CONTENT="taxeringarna"/><SP WIDTH="27" VPOS="1585" HPOS="1613"/>
							<String ID="string_317" HPOS="1640" VPOS="1586" WIDTH="129" HEIGHT="29" WC="0.90" CONTENT="1956—"/>
						</TextLine>
						<TextLine ID="line_33" HPOS="266" VPOS="1626" WIDTH="1501" HEIGHT="49">
							<String ID="string_318" HPOS="266" VPOS="1626" WIDTH="85" HEIGHT="31" WC="0.95" CONTENT="1959"/><SP WIDTH="29" VPOS="1626" HPOS="351"/>
							<String ID="string_319" HPOS="380" VPOS="1637" WIDTH="42" HEIGHT="20" WC="0.96" CONTENT="av"/><SP WIDTH="29" VPOS="1637" HPOS="422"/>
							<String ID="string_320" HPOS="451" VPOS="1629" WIDTH="117" HEIGHT="39" WC="0.96" CONTENT="statlig"/><SP WIDTH="30" VPOS="1629" HPOS="568"/>
							<String ID="string_321" HPOS="598" VPOS="1629" WIDTH="264" HEIGHT="37" WC="0.93" CONTENT="inkomstskatt,"/><SP WIDTH="30" VPOS="1629" HPOS="862"/>
							<String ID="string_322" HPOS="892" VPOS="1631" WIDTH="359" HEIGHT="41" WC="0.92" CONTENT="förmögenhetsskatt"/><SP WIDTH="28" VPOS="1631" HPOS="1251"/>
							<String ID="string_323" HPOS="1279" VPOS="1634" WIDTH="66" HEIGHT="29" WC="0.93" CONTENT="och"/><SP WIDTH="30" VPOS="1634" HPOS="1345"/>
							<String ID="string_324" HPOS="1375" VPOS="1634" WIDTH="392" HEIGHT="41" WC="0.88" CONTENT="folkpensionsavgifter"/>
						</TextLine>
						<TextLine ID="line_34" HPOS="270" VPOS="1677" WIDTH="370" HEIGHT="40">
							<String ID="string_325" HPOS="270" VPOS="1677" WIDTH="181" HEIGHT="40" WC="0.96" CONTENT="(miljoner"/><SP WIDTH="22" VPOS="1677" HPOS="451"/>
							<String ID="string_326" HPOS="473" VPOS="1679" WIDTH="167" HEIGHT="35" WC="0.96" CONTENT="kronor):"/>
						</TextLine>
					</TextBlock>
				</ComposedBlock>
				<ComposedBlock ID="cblock_3" HPOS="618" VPOS="1747" WIDTH="801" HEIGHT="159">
					<TextBlock ID="block_4" HPOS="618" VPOS="1747" WIDTH="801" HEIGHT="159">
						<TextLine ID="line_35" HPOS="629" VPOS="1747" WIDTH="774" HEIGHT="30">
							<String ID="string_327" HPOS="629" VPOS="1747" WIDTH="64" HEIGHT="26" WC="0.65" CONTENT="1956"/><SP WIDTH="172" VPOS="1747" HPOS="693"/>
							<String ID="string_328" HPOS="865" VPOS="1749" WIDTH="65" HEIGHT="26" WC="0.95" CONTENT="1957"/><SP WIDTH="174" VPOS="1749" HPOS="930"/>
							<String ID="string_329" HPOS="1104" VPOS="1751" WIDTH="63" HEIGHT="25" WC="0.96" CONTENT="1958"/><SP WIDTH="171" VPOS="1751" HPOS="1167"/>
							<String ID="string_330" HPOS="1338" VPOS="1751" WIDTH="65" HEIGHT="26" WC="0.96" CONTENT="1959"/>
						</TextLine>
						<TextLine ID="line_36" HPOS="618" VPOS="1805" WIDTH="801" HEIGHT="34">
							<String ID="string_331" HPOS="618" VPOS="1805" WIDTH="19" HEIGHT="29" WC="0.94" CONTENT="4"/><SP WIDTH="11" VPOS="1805" HPOS="637"/>
							<String ID="string_332" HPOS="648" VPOS="1805" WIDTH="61" HEIGHT="31" WC="0.94" CONTENT="880"/><SP WIDTH="145" VPOS="1805" HPOS="709"/>
							<String ID="string_333" HPOS="854" VPOS="1806" WIDTH="92" HEIGHT="31" WC="0.79" CONTENT="5110"/><SP WIDTH="144" VPOS="1806" HPOS="946"/>
							<String ID="string_334" HPOS="1090" VPOS="1807" WIDTH="92" HEIGHT="31" WC="0.76" CONTENT="5390"/><SP WIDTH="144" VPOS="1807" HPOS="1182"/>
							<String ID="string_335" HPOS="1326" VPOS="1809" WIDTH="20" HEIGHT="30" WC="0.64" CONTENT="5"/><SP WIDTH="13" VPOS="1809" HPOS="1346"/>
							<String ID="string_336" HPOS="1359" VPOS="1809" WIDTH="60" HEIGHT="30" WC="0.64" CONTENT="690"/>
						</TextLine>
						<TextLine ID="line_37" HPOS="719" VPOS="1868" WIDTH="583" HEIGHT="38">
							<String ID="string_337" HPOS="719" VPOS="1868" WIDTH="34" HEIGHT="35" WC="0.93" CONTENT="+"/><SP WIDTH="15" VPOS="1868" HPOS="753"/>
							<String ID="string_338" HPOS="768" VPOS="1872" WIDTH="62" HEIGHT="31" WC="0.93" CONTENT="230"/><SP WIDTH="130" VPOS="1872" HPOS="830"/>
							<String ID="string_339" HPOS="960" VPOS="1870" WIDTH="34" HEIGHT="35" WC="0.95" CONTENT="+"/><SP WIDTH="15" VPOS="1870" HPOS="994"/>
							<String ID="string_340" HPOS="1009" VPOS="1874" WIDTH="61" HEIGHT="31" WC="0.95" CONTENT="280"/><SP WIDTH="122" VPOS="1874" HPOS="1070"/>
							<String ID="string_341" HPOS="1192" VPOS="1872" WIDTH="34" HEIGHT="34" WC="0.96" CONTENT="+"/><SP WIDTH="15" VPOS="1872" HPOS="1226"/>
							<String ID="string_342" HPOS="1241" VPOS="1875" WIDTH="61" HEIGHT="31" WC="0.95" CONTENT="300"/>
						</TextLine>
					</TextBlock>
				</ComposedBlock>
				<ComposedBlock ID="cblock_4" HPOS="260" VPOS="1963" WIDTH="1508" HEIGHT="457">
					<TextBlock ID="block_5" HPOS="260" VPOS="1963" WIDTH="1508" HEIGHT="340">
						<TextLine ID="line_38" HPOS="308" VPOS="1963" WIDTH="1459" HEIGHT="47">
							<String ID="string_343" HPOS="308" VPOS="1963" WIDTH="52" HEIGHT="29" WC="0.93" CONTENT="En"/><SP WIDTH="23" VPOS="1963" HPOS="360"/>
							<String ID="string_344" HPOS="383" VPOS="1964" WIDTH="347" HEIGHT="40" WC="0.91" CONTENT="uttagningsprocent"/><SP WIDTH="23" VPOS="1964" HPOS="730"/>
							<String ID="string_345" HPOS="753" VPOS="1974" WIDTH="43" HEIGHT="21" WC="0.96" CONTENT="av"/><SP WIDTH="25" VPOS="1974" HPOS="796"/>
							<String ID="string_346" HPOS="821" VPOS="1966" WIDTH="60" HEIGHT="30" WC="0.96" CONTENT="100"/><SP WIDTH="22" VPOS="1966" HPOS="881"/>
							<String ID="string_347" HPOS="903" VPOS="1966" WIDTH="11" HEIGHT="30" WC="0.96" CONTENT="i"/><SP WIDTH="25" VPOS="1966" HPOS="914"/>
							<String ID="string_348" HPOS="939" VPOS="1967" WIDTH="115" HEIGHT="30" WC="0.96" CONTENT="stället"/><SP WIDTH="23" VPOS="1967" HPOS="1054"/>
							<String ID="string_349" HPOS="1077" VPOS="1968" WIDTH="55" HEIGHT="30" WC="0.96" CONTENT="för"/><SP WIDTH="24" VPOS="1968" HPOS="1132"/>
							<String ID="string_350" HPOS="1156" VPOS="1969" WIDTH="61" HEIGHT="31" WC="0.96" CONTENT="110"/><SP WIDTH="25" VPOS="1969" HPOS="1217"/>
							<String ID="string_351" HPOS="1242" VPOS="1969" WIDTH="113" HEIGHT="30" WC="0.96" CONTENT="skulle"/><SP WIDTH="23" VPOS="1969" HPOS="1355"/>
							<String ID="string_352" HPOS="1378" VPOS="1970" WIDTH="107" HEIGHT="39" WC="0.96" CONTENT="enligt"/><SP WIDTH="22" VPOS="1970" HPOS="1485"/>
							<String ID="string_353" HPOS="1507" VPOS="1972" WIDTH="260" HEIGHT="38" WC="0.96" CONTENT="promemorian"/>
						</TextLine>
						<TextLine ID="line_39" HPOS="266" VPOS="2013" WIDTH="1502" HEIGHT="48">
							<String ID="string_354" HPOS="266" VPOS="2013" WIDTH="168" HEIGHT="31" WC="0.96" CONTENT="innebära"/><SP WIDTH="18" VPOS="2013" HPOS="434"/>
							<String ID="string_355" HPOS="452" VPOS="2016" WIDTH="47" HEIGHT="28" WC="0.96" CONTENT="ett"/><SP WIDTH="19" VPOS="2016" HPOS="499"/>
							<String ID="string_356" HPOS="518" VPOS="2015" WIDTH="142" HEIGHT="29" WC="0.96" CONTENT="bortfall"/><SP WIDTH="17" VPOS="2015" HPOS="660"/>
							<String ID="string_357" HPOS="677" VPOS="2025" WIDTH="42" HEIGHT="20" WC="0.96" CONTENT="av"/><SP WIDTH="18" VPOS="2025" HPOS="719"/>
							<String ID="string_358" HPOS="737" VPOS="2016" WIDTH="120" HEIGHT="39" WC="0.96" CONTENT="slutlig"/><SP WIDTH="16" VPOS="2016" HPOS="857"/>
							<String ID="string_359" HPOS="873" VPOS="2016" WIDTH="93" HEIGHT="31" WC="0.96" CONTENT="skatt"/><SP WIDTH="20" VPOS="2016" HPOS="966"/>
							<String ID="string_360" HPOS="986" VPOS="2018" WIDTH="45" HEIGHT="40" WC="0.96" CONTENT="på"/><SP WIDTH="18" VPOS="2018" HPOS="1031"/>
							<String ID="string_361" HPOS="1049" VPOS="2027" WIDTH="39" HEIGHT="21" WC="0.96" CONTENT="ca"/><SP WIDTH="20" VPOS="2027" HPOS="1088"/>
							<String ID="string_362" HPOS="1108" VPOS="2018" WIDTH="61" HEIGHT="30" WC="0.96" CONTENT="285"/><SP WIDTH="22" VPOS="2018" HPOS="1169"/>
							<String ID="string_363" HPOS="1191" VPOS="2019" WIDTH="164" HEIGHT="39" WC="0.96" CONTENT="miljoner"/><SP WIDTH="18" VPOS="2019" HPOS="1355"/>
							<String ID="string_364" HPOS="1373" VPOS="2019" WIDTH="130" HEIGHT="31" WC="0.96" CONTENT="kronor"/><SP WIDTH="18" VPOS="2019" HPOS="1503"/>
							<String ID="string_365" HPOS="1521" VPOS="2021" WIDTH="57" HEIGHT="30" WC="0.93" CONTENT="vid"/><SP WIDTH="19" VPOS="2021" HPOS="1578"/>
							<String ID="string_366" HPOS="1597" VPOS="2022" WIDTH="171" HEIGHT="39" WC="0.92" CONTENT="taxering-"/>
						</TextLine>
						<TextLine ID="line_40" HPOS="262" VPOS="2064" WIDTH="1506" HEIGHT="47">
							<String ID="string_367" HPOS="262" VPOS="2072" WIDTH="43" HEIGHT="20" WC="0.95" CONTENT="en"/><SP WIDTH="22" VPOS="2072" HPOS="305"/>
							<String ID="string_368" HPOS="327" VPOS="2064" WIDTH="82" HEIGHT="30" WC="0.95" CONTENT="1956"/><SP WIDTH="18" VPOS="2064" HPOS="409"/>
							<String ID="string_369" HPOS="427" VPOS="2065" WIDTH="64" HEIGHT="29" WC="0.96" CONTENT="och"/><SP WIDTH="19" VPOS="2065" HPOS="491"/>
							<String ID="string_370" HPOS="510" VPOS="2064" WIDTH="62" HEIGHT="31" WC="0.96" CONTENT="340"/><SP WIDTH="20" VPOS="2064" HPOS="572"/>
							<String ID="string_371" HPOS="592" VPOS="2065" WIDTH="164" HEIGHT="40" WC="0.96" CONTENT="miljoner"/><SP WIDTH="19" VPOS="2065" HPOS="756"/>
							<String ID="string_372" HPOS="775" VPOS="2066" WIDTH="130" HEIGHT="30" WC="0.96" CONTENT="kronor"/><SP WIDTH="18" VPOS="2066" HPOS="905"/>
							<String ID="string_373" HPOS="923" VPOS="2067" WIDTH="56" HEIGHT="30" WC="0.93" CONTENT="vid"/><SP WIDTH="20" VPOS="2067" HPOS="979"/>
							<String ID="string_374" HPOS="999" VPOS="2068" WIDTH="202" HEIGHT="40" WC="0.92" CONTENT="taxeringen"/><SP WIDTH="23" VPOS="2068" HPOS="1201"/>
							<String ID="string_375" HPOS="1224" VPOS="2070" WIDTH="93" HEIGHT="30" WC="0.93" CONTENT="1959."/><SP WIDTH="23" VPOS="2070" HPOS="1317"/>
							<String ID="string_376" HPOS="1340" VPOS="2070" WIDTH="428" HEIGHT="41" WC="0.91" CONTENT="Riksräkenskapsverket"/>
						</TextLine>
						<TextLine ID="line_41" HPOS="262" VPOS="2114" WIDTH="1504" HEIGHT="41">
							<String ID="string_377" HPOS="262" VPOS="2114" WIDTH="252" HEIGHT="39" WC="0.95" CONTENT="understryker"/><SP WIDTH="24" VPOS="2114" HPOS="514"/>
							<String ID="string_378" HPOS="538" VPOS="2115" WIDTH="10" HEIGHT="29" WC="0.95" CONTENT="i"/><SP WIDTH="24" VPOS="2115" HPOS="548"/>
							<String ID="string_379" HPOS="572" VPOS="2116" WIDTH="204" HEIGHT="39" WC="0.96" CONTENT="anslutning"/><SP WIDTH="25" VPOS="2116" HPOS="776"/>
							<String ID="string_380" HPOS="801" VPOS="2116" WIDTH="52" HEIGHT="30" WC="0.96" CONTENT="till"/><SP WIDTH="24" VPOS="2116" HPOS="853"/>
							<String ID="string_381" HPOS="877" VPOS="2117" WIDTH="115" HEIGHT="30" WC="0.93" CONTENT="denna"/><SP WIDTH="24" VPOS="2117" HPOS="992"/>
							<String ID="string_382" HPOS="1016" VPOS="2118" WIDTH="201" HEIGHT="35" WC="0.92" CONTENT="sifferserie,"/><SP WIDTH="25" VPOS="2118" HPOS="1217"/>
							<String ID="string_383" HPOS="1242" VPOS="2121" WIDTH="51" HEIGHT="28" WC="0.96" CONTENT="att"/><SP WIDTH="23" VPOS="2121" HPOS="1293"/>
							<String ID="string_384" HPOS="1316" VPOS="2120" WIDTH="58" HEIGHT="29" WC="0.96" CONTENT="det"/><SP WIDTH="22" VPOS="2120" HPOS="1374"/>
							<String ID="string_385" HPOS="1396" VPOS="2120" WIDTH="57" HEIGHT="30" WC="0.96" CONTENT="vid"/><SP WIDTH="24" VPOS="2120" HPOS="1453"/>
							<String ID="string_386" HPOS="1477" VPOS="2123" WIDTH="49" HEIGHT="28" WC="0.96" CONTENT="ett"/><SP WIDTH="23" VPOS="2123" HPOS="1526"/>
							<String ID="string_387" HPOS="1549" VPOS="2122" WIDTH="217" HEIGHT="30" WC="0.96" CONTENT="bedömande"/>
						</TextLine>
						<TextLine ID="line_42" HPOS="262" VPOS="2164" WIDTH="1505" HEIGHT="43">
							<String ID="string_388" HPOS="262" VPOS="2172" WIDTH="43" HEIGHT="20" WC="0.93" CONTENT="av"/><SP WIDTH="19" VPOS="2172" HPOS="305"/>
							<String ID="string_389" HPOS="324" VPOS="2164" WIDTH="226" HEIGHT="30" WC="0.92" CONTENT="statsverkets"/><SP WIDTH="19" VPOS="2164" HPOS="550"/>
							<String ID="string_390" HPOS="569" VPOS="2165" WIDTH="194" HEIGHT="30" WC="0.96" CONTENT="inkomster"/><SP WIDTH="20" VPOS="2165" HPOS="763"/>
							<String ID="string_391" HPOS="783" VPOS="2167" WIDTH="111" HEIGHT="29" WC="0.93" CONTENT="under"/><SP WIDTH="18" VPOS="2167" HPOS="894"/>
							<String ID="string_392" HPOS="912" VPOS="2167" WIDTH="216" HEIGHT="40" WC="0.91" CONTENT="budgetåren"/><SP WIDTH="21" VPOS="2167" HPOS="1128"/>
							<String ID="string_393" HPOS="1149" VPOS="2169" WIDTH="148" HEIGHT="35" WC="0.91" CONTENT="1956/57"/><SP WIDTH="20" VPOS="2169" HPOS="1297"/>
							<String ID="string_394" HPOS="1317" VPOS="2170" WIDTH="65" HEIGHT="29" WC="0.93" CONTENT="och"/><SP WIDTH="22" VPOS="2170" HPOS="1382"/>
							<String ID="string_395" HPOS="1404" VPOS="2171" WIDTH="149" HEIGHT="36" WC="0.92" CONTENT="1957/58"/><SP WIDTH="18" VPOS="2171" HPOS="1553"/>
							<String ID="string_396" HPOS="1571" VPOS="2172" WIDTH="62" HEIGHT="30" WC="0.93" CONTENT="bör"/><SP WIDTH="18" VPOS="2172" HPOS="1633"/>
							<String ID="string_397" HPOS="1651" VPOS="2173" WIDTH="116" HEIGHT="29" WC="0.91" CONTENT="obser-"/>
						</TextLine>
						<TextLine ID="line_43" HPOS="260" VPOS="2215" WIDTH="1506" HEIGHT="44">
							<String ID="string_398" HPOS="260" VPOS="2222" WIDTH="112" HEIGHT="26" WC="0.92" CONTENT="veras,"/><SP WIDTH="42" VPOS="2222" HPOS="372"/>
							<String ID="string_399" HPOS="414" VPOS="2215" WIDTH="50" HEIGHT="29" WC="0.96" CONTENT="att"/><SP WIDTH="41" VPOS="2215" HPOS="464"/>
							<String ID="string_400" HPOS="505" VPOS="2215" WIDTH="69" HEIGHT="30" WC="0.93" CONTENT="den"/><SP WIDTH="42" VPOS="2215" HPOS="574"/>
							<String ID="string_401" HPOS="616" VPOS="2216" WIDTH="168" HEIGHT="29" WC="0.73" CONTENT="&gt;»dubbla&gt;"/><SP WIDTH="42" VPOS="2216" HPOS="784"/>
							<String ID="string_402" HPOS="826" VPOS="2216" WIDTH="569" HEIGHT="43" WC="0.90" CONTENT="fastighetsskatteutbetalningen"/><SP WIDTH="30" VPOS="2216" HPOS="1395"/>
							<String ID="string_403" HPOS="1425" VPOS="2221" WIDTH="53" HEIGHT="29" WC="0.96" CONTENT="till"/><SP WIDTH="31" VPOS="2221" HPOS="1478"/>
							<String ID="string_404" HPOS="1509" VPOS="2222" WIDTH="257" HEIGHT="31" WC="0.96" CONTENT="kommunerna"/>
						</TextLine>
						<TextLine ID="line_44" HPOS="261" VPOS="2265" WIDTH="1085" HEIGHT="38">
							<String ID="string_405" HPOS="261" VPOS="2266" WIDTH="259" HEIGHT="37" WC="0.96" CONTENT="representerar"/><SP WIDTH="26" VPOS="2266" HPOS="520"/>
							<String ID="string_406" HPOS="546" VPOS="2267" WIDTH="49" HEIGHT="28" WC="0.95" CONTENT="ett"/><SP WIDTH="24" VPOS="2267" HPOS="595"/>
							<String ID="string_407" HPOS="619" VPOS="2265" WIDTH="177" HEIGHT="31" WC="0.96" CONTENT="definitivt"/><SP WIDTH="23" VPOS="2265" HPOS="796"/>
							<String ID="string_408" HPOS="819" VPOS="2266" WIDTH="142" HEIGHT="30" WC="0.95" CONTENT="bortfall"/><SP WIDTH="24" VPOS="2266" HPOS="961"/>
							<String ID="string_409" HPOS="985" VPOS="2277" WIDTH="42" HEIGHT="20" WC="0.93" CONTENT="av"/><SP WIDTH="25" VPOS="2277" HPOS="1027"/>
							<String ID="string_410" HPOS="1052" VPOS="2269" WIDTH="294" HEIGHT="30" WC="0.91" CONTENT="statsinkomster."/>
						</TextLine>
					</TextBlock>
					<TextBlock ID="block_6" HPOS="306" VPOS="2313" WIDTH="1278" HEIGHT="48">
						<TextLine ID="line_45" HPOS="306" VPOS="2313" WIDTH="1278" HEIGHT="48">
							<String ID="string_411" HPOS="306" VPOS="2313" WIDTH="227" HEIGHT="31" WC="0.96" CONTENT="Beträffande"/><SP WIDTH="24" VPOS="2313" HPOS="533"/>
							<String ID="string_412" HPOS="557" VPOS="2314" WIDTH="284" HEIGHT="41" WC="0.96" CONTENT="beräkningarna"/><SP WIDTH="25" VPOS="2314" HPOS="841"/>
							<String ID="string_413" HPOS="866" VPOS="2317" WIDTH="10" HEIGHT="29" WC="0.96" CONTENT="i"/><SP WIDTH="27" VPOS="2317" HPOS="876"/>
							<String ID="string_414" HPOS="903" VPOS="2317" WIDTH="110" HEIGHT="40" WC="0.93" CONTENT="övrigt"/><SP WIDTH="25" VPOS="2317" HPOS="1013"/>
							<String ID="string_415" HPOS="1038" VPOS="2318" WIDTH="204" HEIGHT="30" WC="0.92" CONTENT="framhålles"/><SP WIDTH="27" VPOS="2318" HPOS="1242"/>
							<String ID="string_416" HPOS="1269" VPOS="2319" WIDTH="315" HEIGHT="42" WC="0.91" CONTENT="fortsältningsvis:"/>
						</TextLine>
					</TextBlock>
					<TextBlock ID="block_7" HPOS="306" VPOS="2372" WIDTH="1458" HEIGHT="48">
						<TextLine ID="line_46" HPOS="306" VPOS="2372" WIDTH="1458" HEIGHT="48">
							<String ID="string_417" HPOS="306" VPOS="2372" WIDTH="93" HEIGHT="29" WC="0.84" CONTENT="även"/><SP WIDTH="24" VPOS="2372" HPOS="399"/>
							<String ID="string_418" HPOS="423" VPOS="2374" WIDTH="43" HEIGHT="38" WC="0.95" CONTENT="på"/><SP WIDTH="26" VPOS="2374" HPOS="466"/>
							<String ID="string_419" HPOS="492" VPOS="2373" WIDTH="93" HEIGHT="30" WC="0.96" CONTENT="vissa"/><SP WIDTH="24" VPOS="2373" HPOS="585"/>
							<String ID="string_420" HPOS="609" VPOS="2374" WIDTH="118" HEIGHT="39" WC="0.96" CONTENT="övriga"/><SP WIDTH="23" VPOS="2374" HPOS="727"/>
							<String ID="string_421" HPOS="750" VPOS="2375" WIDTH="267" HEIGHT="39" WC="0.93" CONTENT="betydelsefulla"/><SP WIDTH="25" VPOS="2375" HPOS="1017"/>
							<String ID="string_422" HPOS="1042" VPOS="2377" WIDTH="253" HEIGHT="30" WC="0.92" CONTENT="inkomsttitlar"/><SP WIDTH="25" VPOS="2377" HPOS="1295"/>
							<String ID="string_423" HPOS="1320" VPOS="2379" WIDTH="163" HEIGHT="30" WC="0.96" CONTENT="inverkar"/><SP WIDTH="26" VPOS="2379" HPOS="1483"/>
							<String ID="string_424" HPOS="1509" VPOS="2381" WIDTH="160" HEIGHT="39" WC="0.93" CONTENT="speciella"/><SP WIDTH="26" VPOS="2381" HPOS="1669"/>
							<String ID="string_425" HPOS="1695" VPOS="2383" WIDTH="69" HEIGHT="30" WC="0.93" CONTENT="för-"/>
						</TextLine>
					</TextBlock>
				</ComposedBlock>
				<ComposedBlock ID="cblock_5" HPOS="261" VPOS="2413" WIDTH="1505" HEIGHT="87">
					<TextBlock ID="block_8" HPOS="261" VPOS="2413" WIDTH="1505" HEIGHT="87">
						<TextLine ID="line_47" HPOS="261" VPOS="2413" WIDTH="1502" HEIGHT="41">
							<String ID="string_426" HPOS="261" VPOS="2413" WIDTH="189" HEIGHT="31" WC="0.92" CONTENT="hållanden"/><SP WIDTH="30" VPOS="2413" HPOS="450"/>
							<String ID="string_427" HPOS="480" VPOS="2416" WIDTH="45" HEIGHT="38" WC="0.96" CONTENT="på"/><SP WIDTH="30" VPOS="2416" HPOS="525"/>
							<String ID="string_428" HPOS="555" VPOS="2416" WIDTH="58" HEIGHT="29" WC="0.96" CONTENT="det"/><SP WIDTH="31" VPOS="2416" HPOS="613"/>
							<String ID="string_429" HPOS="644" VPOS="2416" WIDTH="200" HEIGHT="31" WC="0.94" CONTENT="beräknade"/><SP WIDTH="31" VPOS="2416" HPOS="844"/>
							<String ID="string_430" HPOS="875" VPOS="2418" WIDTH="147" HEIGHT="30" WC="0.94" CONTENT="utfallet."/><SP WIDTH="34" VPOS="2418" HPOS="1022"/>
							<String ID="string_431" HPOS="1056" VPOS="2420" WIDTH="227" HEIGHT="29" WC="0.93" CONTENT="Beträffande"/><SP WIDTH="32" VPOS="2420" HPOS="1283"/>
							<String ID="string_432" HPOS="1315" VPOS="2422" WIDTH="448" HEIGHT="32" WC="0.92" CONTENT="automobilskattemedlen"/>
						</TextLine>
						<TextLine ID="line_48" HPOS="261" VPOS="2455" WIDTH="1505" HEIGHT="45">
							<String ID="string_433" HPOS="261" VPOS="2455" WIDTH="64" HEIGHT="30" WC="0.96" CONTENT="har"/><SP WIDTH="21" VPOS="2455" HPOS="325"/>
							<String ID="string_434" HPOS="346" VPOS="2457" WIDTH="150" HEIGHT="39" WC="0.96" CONTENT="antagits"/><SP WIDTH="19" VPOS="2457" HPOS="496"/>
							<String ID="string_435" HPOS="515" VPOS="2467" WIDTH="43" HEIGHT="20" WC="0.96" CONTENT="en"/><SP WIDTH="20" VPOS="2467" HPOS="558"/>
							<String ID="string_436" HPOS="578" VPOS="2458" WIDTH="274" HEIGHT="31" WC="0.96" CONTENT="förhållandevis"/><SP WIDTH="22" VPOS="2458" HPOS="852"/>
							<String ID="string_437" HPOS="874" VPOS="2460" WIDTH="108" HEIGHT="29" WC="0.96" CONTENT="snabb"/><SP WIDTH="20" VPOS="2460" HPOS="982"/>
							<String ID="string_438" HPOS="1002" VPOS="2461" WIDTH="132" HEIGHT="39" WC="0.96" CONTENT="ökning"/><SP WIDTH="21" VPOS="2461" HPOS="1134"/>
							<String ID="string_439" HPOS="1155" VPOS="2471" WIDTH="42" HEIGHT="20" WC="0.93" CONTENT="av"/><SP WIDTH="20" VPOS="2471" HPOS="1197"/>
							<String ID="string_440" HPOS="1217" VPOS="2462" WIDTH="294" HEIGHT="32" WC="0.90" CONTENT="fordonsbestånd"/><SP WIDTH="20" VPOS="2462" HPOS="1511"/>
							<String ID="string_441" HPOS="1531" VPOS="2466" WIDTH="64" HEIGHT="28" WC="0.92" CONTENT="och"/><SP WIDTH="22" VPOS="2466" HPOS="1595"/>
							<String ID="string_442" HPOS="1617" VPOS="2466" WIDTH="149" HEIGHT="30" WC="0.91" CONTENT="drivme-"/>
						</TextLine>
					</TextBlock>
				</ComposedBlock>
			</PrintSpace>
		</Page>
	</Layout>
</alto>
