1894 2820
77 2044 136 23 Utskottets

82 2079 128 29 yttrande.

267 154 41 31 46
754 152 230 31 Statsutskottets
1006 152 147 29 utlåtande
1175 153 47 28 Nr
1246 147 26 35 6.

320 230 18 31 I
366 230 164 31 skrivelse
563 228 52 32 till
638 228 125 42 Kungl.
787 228 100 42 Maj:t
908 228 62 31 har
992 239 47 20 nu
1062 226 352 43 byggnadsstyrelsen
1437 225 184 38 hemställt,
1646 226 49 29 att
1717 225 52 32 för

266 280 242 32 fullbordande
542 291 39 20 av
614 279 132 32 arbetet
780 278 79 32 med
882 277 379 42 residensbyggnadens
1284 275 277 33 iståndsättande
1583 275 54 32 till
1659 275 109 32 lands-

266 330 279 43 hövdingbostad
578 332 104 29 måtte
716 330 52 31 för
801 329 203 42 budgetåret
1040 328 206 32 1928—1929
1270 327 137 32 anvisas
1431 326 215 33 återstående
1670 326 98 31 erfor-

267 381 124 42 derligt
414 381 137 42 belopp,
577 381 134 38 137,500
733 380 137 32 kronor.

319 432 68 32 Vid
420 431 241 42 föredragning
694 431 89 32 inför
805 431 127 41 Kungl.
957 430 97 42 Maj:t
1078 441 40 20 av
1140 429 222 32 förevarande
1386 428 124 32 ärende
1533 429 62 31 har
1618 427 150 42 departe-

266 483 235 32 mentschefen
524 482 112 32 anfört
658 482 163 41 följande:

322 542 94 31 »Mot
438 541 368 42 byggnadsstyrelsens
829 540 252 41 framställning
1114 540 61 30 har
1196 540 55 40 jag
1273 538 89 32 intet
1385 540 50 29 att
1458 538 118 31 erinra.
1623 538 53 31 Då
1699 536 66 32 den

266 595 66 30 nya
365 583 423 42 landshövdingbostaden
822 583 204 41 näppeligen
1060 582 99 31 torde
1191 582 92 32 bliva
1316 580 215 42 färdigställd
1566 580 71 32 före
1660 579 66 32 den
1750 580 16 30 1

265 626 63 42 juli
363 627 89 38 1929,
488 626 97 32 torde
613 626 52 31 för
687 625 195 32 beredande
906 636 40 20 av
968 624 124 32 bostad
1115 626 34 29 åt
1171 623 298 41 landshövdingen
1492 623 52 31 för
1566 622 202 42 budgetåret

268 669 208 31 1928—1929
499 669 83 31 böra
604 668 136 32 anvisas
763 668 119 41 anslag
906 667 51 32 till
981 678 129 21 samma
1132 666 136 42 belopp,
1294 677 74 20 som
1392 666 53 31 för
1467 665 123 31 sådant
1612 664 156 32 ändamål

266 713 98 40 utgår
387 711 53 32 till
462 711 128 32 honom
613 711 109 31 under
744 710 231 32 innevarande
997 709 176 42 budgetår,
1198 709 82 31 eller
1301 708 96 38 9,000
1419 708 134 31 kronor.

318 754 18 31 I
359 753 95 32 detta
477 753 244 42 sammanhang
743 753 51 31 får
814 753 58 41 jag
894 752 164 38 meddela,
1082 753 50 30 att
1154 750 400 41 riksräkenskapsverket
1576 749 12 31 i
1605 748 162 33 skrivelse

267 796 66 32 den
367 797 40 31 28
441 796 144 32 oktober
619 796 79 31 1927
733 795 175 42 angående
943 794 128 32 ändrad
1106 793 236 42 uppställning
1376 803 41 20 av
1438 792 205 31 riksstatens
1668 790 100 42 sjätte

266 838 195 32 huvudtitel
484 838 184 41 föreslagit,
692 840 49 29 att
764 837 110 32 under
896 837 161 31 rubriken
1085 836 178 31 »Kronans
1286 835 143 42 publika
1452 835 83 31 hus»
1562 836 104 29 måtte
1685 844 82 30 upp-

266 883 95 40 tagas
396 892 41 20 en
471 881 196 41 ytterligare
701 879 228 32 underrubrik
966 879 249 41 »Lokalhyror»
1252 880 88 29 samt
1375 879 50 29 att
1457 876 172 32 härunder
1659 875 109 32 skulle

266 924 91 31 föras
380 924 74 31 icke
476 923 90 31 blott
588 923 153 41 anslaget
763 922 53 31 till
838 921 194 32 beredande
1048 932 41 20 av
1104 920 124 32 bostad
1244 922 34 29 åt
1293 919 298 41 landshövdingen
1607 919 12 31 i
1635 918 133 32 Väster-

265 966 182 31 norrlands
480 966 56 30 län
570 967 81 29 utan
685 967 83 29 även
802 964 107 32 andra
931 963 185 32 kostnader
1138 964 52 30 för
1212 962 207 42 förhyrande
1442 973 39 20 av
1504 960 264 32 ämbetslokaler

266 1019 42 20 m.
333 1020 41 19 m.
410 1008 93 31 såväl
536 1008 11 30 i
580 1006 241 33 huvudstaden
856 1018 73 20 som
963 1006 11 31 i
1001 1006 209 38 landsorten,
1235 1005 10 31 i
1269 1005 66 31 den
1359 1006 78 29 mån
1461 1004 102 31 dessa
1586 1004 28 41 ej
1640 1014 40 20 av
1703 1004 64 30 sär-

266 1050 111 32 skilda
400 1050 224 41 anledningar
646 1049 106 32 borde
775 1050 91 31 föras
891 1048 108 32 under
1021 1047 255 32 vederbörande
1299 1047 318 40 förvaltningsgren.
1663 1045 104 32 Detta

266 1095 118 39 syntes
407 1091 399 43 riksräkenskapsverket
829 1102 79 20 vara
931 1102 41 20 en
995 1090 226 42 ofrånkomlig
1242 1089 217 32 konsekvens
1482 1099 40 21 av
1538 1087 230 42 uppförandet

266 1137 18 29 å
317 1135 253 32 inkomstsidan
604 1146 39 20 av
677 1134 98 32 titeln
814 1133 246 42 »Hyresmedel
1093 1133 74 31 från
1202 1132 40 31 de
1266 1132 110 31 under
1398 1130 368 42 byggnadsstyrelsens

265 1178 83 31 vård
371 1178 142 31 stående
537 1177 232 42 egendomar».
816 1176 69 31 Det
908 1176 194 31 nuvarande
1127 1177 172 39 systemet,
1325 1174 108 41 enligt
1454 1174 105 31 vilket
1574 1172 193 42 hyreskost-

265 1220 152 32 naderna
439 1220 211 42 principiellt
664 1219 115 31 fördes
795 1220 45 40 på
855 1218 255 31 vederbörande
1126 1217 231 31 huvudtitlars
1374 1216 259 41 expensanslag,
1651 1216 116 41 syntes

265 1263 171 41 nämligen
458 1262 403 41 riksräkenskapsverket
876 1261 74 31 icke
966 1271 78 20 vara
1059 1260 182 37 rationellt,
1259 1259 43 31 då
1317 1259 200 41 härigenom
1533 1257 93 32 vissa
1641 1257 126 31 huvud-

266 1305 94 31 titlar
382 1304 214 43 betungades
619 1315 91 20 mera
733 1306 42 28 än
799 1303 115 38 andra,
938 1303 172 31 beroende
1133 1305 43 38 på
1200 1302 57 31 det
1279 1300 257 33 vederbörande
1553 1300 214 31 ämbetsverk

265 1347 11 31 i
311 1348 63 31 och
397 1347 52 31 för
473 1348 52 41 sig
548 1346 284 32 ovidkommande
856 1345 237 37 förhållandet,
1117 1347 49 29 att
1188 1344 90 32 lokal
1301 1344 74 31 icke
1400 1354 80 21 vore
1503 1344 49 30 att
1575 1342 97 42 tillgå
1694 1341 11 31 i
1728 1353 39 20 av

265 1392 113 29 staten
412 1390 66 41 ägd
512 1389 170 42 fastighet.
729 1388 119 32 Skulle
883 1388 189 31 emellertid
1095 1386 421 41 riksräkenskapsverkets
1540 1385 89 31 åsikt
1652 1384 10 31 i
1685 1384 82 32 före-

264 1432 148 32 varande
446 1432 168 31 avseende
649 1432 29 41 ej
713 1431 103 31 vinna
849 1430 200 38 beaktande,
1085 1432 125 38 ansåge
1243 1428 260 38 ämbetsverket,
1533 1429 50 29 att
1605 1427 161 31 rubriken

268 1474 249 42 »Lokalhyror»
554 1474 107 31 borde
695 1475 80 40 utgå
798 1472 64 32 och
886 1472 190 32 kostnaden
1100 1473 53 30 för
1174 1471 194 32 beredande
1392 1482 41 19 av
1455 1469 124 33 bostad
1602 1471 35 30 åt
1659 1469 109 31 lands-

264 1517 196 41 hövdingen
483 1517 9 30 i
517 1515 306 33 Västernorrlands
847 1515 56 31 län
927 1514 170 33 bestridas
1121 1515 73 30 från
1217 1514 102 31 femte
1343 1512 238 32 huvudtitelns
1598 1512 170 31 allmänna

264 1559 258 42 expensanslag.

317 1602 76 32 Vad
426 1600 402 42 riksräkenskapsverket
862 1599 113 32 anfört
996 1599 12 31 i
1031 1600 93 40 fråga
1147 1610 53 20 om
1225 1598 66 31 den
1315 1597 281 42 budgetmässiga
1618 1596 147 32 behand-

264 1644 115 41 lingen
408 1655 40 20 av
470 1643 187 32 kostnader
679 1643 52 31 för
753 1641 207 42 förhyrande
984 1652 38 20 av
1045 1641 129 31 lokaler
1196 1640 52 31 för
1271 1642 133 29 statens
1428 1639 214 32 ämbetsverk
1666 1649 101 31 synes

265 1687 68 41 mig
365 1687 143 40 förtjänt
542 1697 40 20 av
615 1685 191 32 beaktande
830 1684 64 31 och
918 1683 97 32 torde
1039 1684 86 30 efter
1146 1683 186 31 verkställd
1355 1681 184 41 utredning
1561 1681 85 32 böra
1668 1682 99 40 göras

265 1729 51 31 till
339 1728 143 32 föremål
505 1728 52 32 för
582 1727 118 42 slutlig
722 1727 169 41 prövning
913 1726 11 31 i
948 1725 166 32 samband
1137 1725 77 31 med
1238 1723 453 43 statsverkspropositionen
1715 1722 52 31 till

267 1772 80 30 1929
381 1773 55 29 års
469 1770 147 41 riksdag.
661 1770 19 31 I
702 1769 147 32 avbidan
872 1769 107 41 härpå
1003 1768 63 31 och
1090 1767 43 31 då
1156 1767 110 31 medel
1289 1767 52 31 för
1363 1766 196 32 beredande
1582 1777 40 20 av
1644 1764 125 33 bostad

266 1815 34 29 åt
322 1813 298 40 landshövdingen
644 1812 11 31 i
677 1811 307 32 Västernorrlands
999 1811 56 30 län
1072 1810 73 31 icke
1163 1820 102 31 synas
1281 1810 137 31 komma
1434 1810 49 30 att
1499 1808 170 32 erfordras
1686 1807 83 31 efter

264 1855 205 42 budgetåret
500 1855 207 31 1928—1929
730 1856 105 29 annat
858 1855 42 29 än
924 1853 161 41 möjligen
1108 1853 53 30 för
1183 1851 94 32 tiden
1302 1851 53 32 till
1379 1850 67 32 den
1471 1852 14 30 1
1511 1850 144 32 oktober
1679 1849 88 37 1929,

266 1898 98 31 torde
388 1898 58 31 det
468 1909 47 20 nu
538 1897 180 31 förordade
745 1896 156 41 anslaget
926 1896 52 31 för
1005 1895 122 31 sådant
1153 1894 157 31 ändamål
1332 1894 125 31 liksom
1482 1893 42 31 de
1547 1892 145 42 tidigare
1716 1902 52 21 an-

267 1941 117 41 slagen
408 1940 116 31 kunna
546 1940 145 41 alltjämt
714 1939 163 41 uppföras
902 1937 108 32 under
1033 1938 101 40 sjätte
1157 1936 250 32 huvudtiteln.»

316 2034 121 32 Under
460 2034 135 31 erinran
619 2035 50 29 att
692 2032 57 32 det
772 2032 111 31 under
905 2031 221 32 förevarande
1152 2030 109 42 punkt
1283 2029 128 32 äskade
1434 2029 154 41 anslaget
1610 2030 36 29 är
1662 2029 108 30 avsett

262 2079 54 37 för
339 2085 160 31 fortsatta
522 2084 141 31 arbeten
686 2084 52 30 för
760 2082 59 32 det
842 2094 40 19 av
906 2081 164 32 nästlidet
1093 2083 56 29 års
1172 2080 138 41 riksdag
1332 2079 182 32 beslutade
1529 2078 241 32 iståndsättan-

266 2135 58 32 det
347 2147 39 20 av
410 2135 111 41 gamla
543 2133 362 42 residensbyggnaden
928 2132 12 31 i
963 2131 219 38 Härnösand,
1206 2131 200 31 hemställer
1429 2130 177 38 utskottet,

585 2213 49 29 att
656 2210 183 42 riksdagen
863 2211 54 29 må
940 2210 51 30 för
1013 2209 260 31 iståndsättande
1296 2219 39 20 av
1356 2207 108 40 gamla
1487 2206 278 40 residensbyggna-

535 2263 60 30 den
627 2262 13 31 i
674 2261 200 32 Härnösand
906 2260 54 31 till
992 2259 126 32 bostad
1141 2261 33 29 åt
1196 2258 297 41 landshövdingen
1517 2257 11 31 i
1552 2256 214 33 Västernorr-

535 2312 98 32 lands
667 2313 55 30 län
756 2312 53 31 för
836 2311 203 41 budgetåret
1063 2309 205 32 1928—1929
1292 2308 119 32 anvisa
1434 2310 48 30 ett
1505 2309 94 31 extra
1621 2318 148 21 reserva-

535 2363 212 40 tionsanslag
769 2373 40 20 av
835 2361 133 38 137,500
990 2361 136 31 kronor.
