1894 2806
266 160 17 29 2
716 159 275 31 Statsutskottets
1016 157 175 31 utlåtande
1212 166 41 22 nr
1279 158 48 29 51.

269 248 86 29 efter
381 248 127 34 avdrag
532 256 42 20 av
598 244 250 31 förutnämnda
872 244 123 34 belopp
1021 252 42 20 av
1087 242 40 30 32
1142 241 62 30 000
1228 241 140 33 kronor,
1394 238 109 31 skulle
1527 236 174 31 erfordras
1727 245 42 20 en

269 296 313 36 medelsanvisning
601 305 41 20 av
662 296 10 29 i
691 299 81 25 runt
793 295 48 29 tal
864 293 92 30 1530
970 293 63 29 000
1054 293 139 29 kronor.

316 348 83 30 1940
417 347 54 30 års
489 346 99 30 civila
607 344 360 38 byggnadsulredning
984 344 64 28 har
1066 346 106 32 yttrat
1188 341 49 36 sig
1254 341 11 30 i
1282 340 141 30 ärendet
1440 339 65 30 och
1525 337 121 31 därvid
1663 336 105 30 fram-

269 398 98 30 hållit
387 398 107 29 bland
514 400 115 31 annat,
651 400 48 25 att
718 405 43 20 en
782 393 148 31 framför
952 394 59 29 allt
1030 403 41 20 ur
1093 389 430 37 driftkostnadssynpunkt
1542 387 106 36 viklig
1671 385 98 36 fråga

270 458 80 20 vore
377 447 287 38 planläggningen
690 456 42 19 av
760 444 303 31 värmecentralen.
1093 443 79 29 Icke
1200 441 135 30 mindre
1363 440 45 29 än
1434 439 78 36 fyra
1540 447 69 27 nya
1636 436 132 31 institu-

270 498 290 36 tionsbyggnader
586 506 80 20 vore
694 495 152 31 avsedda
873 498 48 26 all
947 494 173 35 förläggas
1148 492 50 30 till
1226 489 157 33 området
1408 489 96 30 invid
1530 490 239 30 vattentornet,

270 549 183 29 däribland
473 549 65 29 den
558 557 47 20 nu
625 545 266 37 ifrågavarande
911 544 132 36 fysiska
1061 542 248 31 institutionen.
1332 539 234 36 Utredningen
1586 537 109 31 funne
1714 536 57 30 det

270 599 208 33 välbelänkt,
501 602 48 26 att
568 597 58 30 vid
646 598 55 28 det
723 596 161 30 forlsatta
904 593 225 37 planerandet
1148 602 42 21 av
1211 592 98 30 dessa
1328 590 198 37 byggnader
1546 587 225 37 möjligheten

270 654 49 25 att
340 649 220 30 centralisera
584 646 370 36 värmeanläggningen
977 644 171 35 allvarligt
1167 641 197 32 beaktades.
1388 641 99 29 Huru
1511 649 42 22 en
1577 638 94 36 dylik
1694 646 76 21 cen-

273 700 191 35 tralisering
486 698 194 36 lämpligast
704 698 111 29 skulle
836 697 142 28 komma
1000 695 50 29 till
1074 693 109 36 stånd,
1207 692 97 30 torde
1324 692 86 29 böra
1432 691 98 35 göras
1553 688 50 30 till
1624 685 147 32 föremål

270 751 56 29 för
346 749 137 31 särskilt
504 748 245 36 övervägande.

315 798 387 38 Departementschefen
719 798 65 29 har
800 797 55 30 för
872 805 82 26 egen
972 796 52 29 del
1043 794 116 30 anfört
1176 793 164 36 följande.

317 857 120 31 Såsom
463 868 42 19 av
532 858 65 29 den
623 856 160 30 lämnade
809 855 238 35 redogörelsen
1075 851 164 37 framgålt
1266 850 164 31 anvisade
1456 848 184 35 riksdagen
1666 846 107 30 redan

271 900 56 30 för
351 899 200 36 budgetåret
578 895 140 33 1937/38
744 901 46 26 ett
816 895 351 35 reservationsanslag
1191 903 41 21 av
1259 893 61 30 150
1334 892 65 30 000
1422 892 130 29 kronor
1575 889 51 30 till
1649 887 122 38 påbör-

271 942 106 35 jande
395 951 42 21 av
456 951 41 20 en
516 940 209 37 nybyggnad
744 939 55 30 för
819 938 132 37 fysiska
969 936 238 31 institutionen
1227 935 58 30 vid
1303 933 234 31 universitelet
1555 932 12 29 i
1587 931 109 30 Lund.
1719 930 53 29 Se-

273 984 157 30 dermera
457 983 163 30 anvisade
648 982 186 35 riksdagen
862 980 55 30 för
943 978 202 37 budgetåret
1174 973 141 34 1939/40
1344 976 56 29 för
1426 973 198 31 ändamålet
1650 976 47 28 ett
1724 981 48 20 re-

273 1025 312 35 servationsanslag
621 1034 41 20 av
698 1023 141 30 300000
874 1023 137 29 kronor.
1048 1020 49 30 Av
1123 1019 92 31 olika
1240 1019 76 30 skäl
1339 1018 66 29 har
1427 1015 347 38 byggnadsföretaget

274 1067 188 31 emellertid
489 1068 94 28 ännu
609 1066 74 30 icke
709 1065 148 30 kommit
884 1064 50 29 till
960 1063 195 30 utförande.
1182 1061 64 30 Vid
1272 1060 165 30 anmälan
1463 1068 42 21 av
1532 1059 113 29 denna
1670 1057 103 36 bygg-

272 1108 189 37 nadsfråga
491 1109 11 29 i
536 1108 80 30 1937
650 1106 55 32 års
738 1104 403 37 slatsverksproposition
1172 1103 166 30 framhöll
1369 1100 253 36 föredragande
1654 1100 119 35 depar-

276 1150 278 35 tementschefen,
577 1153 49 28 att
646 1148 158 37 åtgärder
826 1148 55 29 för
903 1146 266 37 tillgodoseende
1189 1155 42 20 av
1252 1143 214 31 förbättrade
1489 1140 284 32 lokalförhållan-

274 1193 67 29 den
361 1193 55 29 för
435 1192 133 36 fysiska
588 1191 239 30 institutionen
847 1199 79 20 vore
946 1187 263 37 oundgängliga.
1233 1187 151 29 Behovet
1406 1195 41 21 av
1467 1194 69 27 nya
1557 1185 133 29 lokaler
1711 1183 64 30 har

273 1235 112 30 under
404 1235 65 29 den
488 1234 59 35 tid,
569 1243 74 20 som
663 1234 105 30 sedan
791 1233 76 29 dess
887 1231 159 35 förflutit,
1067 1232 45 28 än
1134 1239 74 20 mer
1227 1229 146 35 skärpts.
1395 1228 57 30 Etil
1473 1226 194 37 ytterligare
1688 1234 85 27 upp-

274 1278 85 29 skov
377 1277 80 29 med
473 1275 264 36 ifrågavarande
756 1273 314 37 byggnadsföretag
1089 1281 100 21 anser
1205 1271 57 36 jag
1282 1270 119 31 därför
1420 1270 76 29 icke
1513 1269 222 30 försvarbart.

318 1318 350 36 Byggnadsstyrelsen
688 1317 65 29 har
774 1326 48 20 nu
843 1316 162 35 framlagt
1028 1318 47 26 elt
1096 1317 76 33 nytt
1192 1313 129 36 förslag
1344 1313 50 30 till
1417 1312 210 36 nybyggnad
1647 1311 54 29 för
1722 1310 50 36 fy-

275 1361 93 30 siska
390 1360 246 30 inslitutionen.
660 1359 100 30 Detta
783 1358 138 35 förslag.
944 1367 74 20 som
1040 1357 11 29 i
1072 1356 133 36 princip
1227 1356 171 36 godkänts
1422 1364 42 21 av
1488 1354 66 30 den
1574 1353 201 30 nuvarande

274 1401 484 31 instilulionsföreståndaren,
780 1410 99 20 avser
898 1399 220 36 uppförande
1138 1408 42 21 av
1200 1408 41 20 en
1260 1397 284 36 huvudbyggnad
1563 1396 80 30 med
1663 1395 111 30 forsk-

274 1444 113 35 nings-
415 1444 64 30 och
504 1443 406 35 undervisningslokaler.
938 1452 41 20 en
1007 1441 276 36 flygelbyggnad,
1309 1439 244 37 inrymmande
1578 1437 197 31 verkstäder

274 1486 66 29 och
361 1486 235 35 panncentral,
618 1489 88 26 samt
727 1495 43 19 en
792 1483 335 31 vakmästarbostad.
1148 1481 419 38 Byggnadskostnaderna
1587 1481 46 29 ha
1653 1480 120 30 beräk-

273 1531 78 26 nats
372 1527 50 30 till
444 1528 93 29 1560
553 1528 61 29 000
636 1528 139 29 kronor.
798 1536 105 20 varav
926 1527 40 29 30
981 1526 63 30 600
1064 1526 131 29 kronor
1213 1525 56 30 för
1289 1523 394 34 vaktmästarbostaden,
1706 1531 68 21 me-

276 1570 70 30 dan
364 1570 233 30 kostnaderna
615 1569 54 30 för
686 1568 365 37 byggnadsföretagets
1069 1567 186 30 utförande
1274 1567 104 36 enligt
1398 1568 55 29 det
1471 1566 75 30 före
1563 1565 110 36 kriget
1690 1573 86 27 upp-

275 1612 122 35 gjorda
416 1611 162 36 förslaget
596 1611 185 30 beräknats
802 1620 144 21 numera
965 1609 115 37 uppgå
1099 1610 50 30 till
1171 1610 92 30 1800
1278 1610 63 29 000
1361 1610 138 29 kronor.
1521 1609 65 30 Det
1603 1617 48 20 nu
1670 1607 105 30 fram-

275 1653 102 36 lagda
397 1653 342 36 byggnadsförslaget
759 1662 101 27 synes
879 1662 82 20 vara
979 1653 104 35 ägnat
1101 1655 49 27 att
1168 1652 115 35 läggas
1302 1651 51 30 till
1371 1651 111 36 grund
1502 1650 55 30 för
1575 1650 201 35 upprättan-

275 1695 41 29 de
335 1704 42 21 av
398 1695 184 36 slutgiltiga
603 1695 178 36 rilningar.
804 1695 107 30 Civila
922 1694 418 36 byggnadsutredningen,
1353 1703 74 20 som
1439 1687 113 48 funnit
1570 1692 44 36 sig
1624 1693 120 29 kunna
1767 1691 8 29 i

275 1737 185 29 huvudsak
477 1737 184 36 godkänna
679 1737 174 36 förslaget,
870 1738 64 29 har
950 1736 188 32 emellertid
1155 1736 187 30 framställt
1359 1736 90 30 vissa
1466 1734 200 36 erinringar,
1684 1734 91 29 vilka

278 1777 78 31 irån
384 1779 72 29 min
484 1779 74 30 sida
587 1779 180 30 föranleda
796 1779 155 35 följande
980 1778 212 31 utlalanden.
1236 1777 74 31 Den
1338 1777 197 36 föreslagna
1564 1777 211 29 demonstra-

276 1820 196 31 tionssalen.
499 1830 75 20 som
598 1821 407 35 byggnadsutredningen
1030 1823 112 27 ansett
1164 1821 85 29 böra
1275 1821 176 33 uteslutas,
1476 1819 116 30 finner
1614 1818 57 36 jag
1695 1827 82 21 vara

276 1872 43 19 av
342 1861 109 31 sådan
472 1863 182 35 betydelse,
679 1866 48 26 att
751 1863 67 30 den
840 1863 62 29 bör
923 1863 143 29 komma
1091 1862 50 30 till
1164 1861 109 31 stånd.
1298 1861 240 36 Rumshöjden
1559 1861 95 29 inom
1679 1861 97 29 verk-

278 1904 273 30 stadslokalerna
573 1913 99 27 synes
694 1905 121 29 kunna
837 1905 126 29 sänkas
983 1903 114 37 något,
1120 1913 79 20 men
1219 1904 11 29 i
1252 1904 110 35 övrigt
1384 1903 96 30 torde
1503 1903 274 30 verkstadsloka-

277 1946 113 29 lernas
416 1946 126 29 storlek
566 1946 75 30 icke
666 1947 85 29 böra
776 1946 194 35 begränsas.
1000 1946 13 29 I
1038 1946 112 30 stället
1174 1946 63 29 bör
1261 1945 198 36 övervägas,
1486 1944 173 31 huruvida
1683 1945 94 29 loka-

277 1988 95 29 lerna
393 1987 185 36 lämpligen
601 1988 119 29 kunna
742 1987 169 36 utnyttjas
933 1987 130 36 jämväl
1086 1987 55 30 för
1164 1997 117 20 annan
1302 1987 211 30 institutions
1535 1986 157 36 räkning.
1716 1986 63 36 Jag

277 2028 208 32 förutsätter,
509 2033 48 26 att
579 2030 41 29 de
641 2039 42 20 av
704 2029 409 36 byggnadsutredningen
1135 2029 11 29 i
1167 2029 109 36 övrigt
1299 2028 219 31 framställda
1541 2028 237 36 erinringarna

278 2072 100 33 göras
401 2071 50 29 till
473 2070 145 30 föremål
643 2071 55 30 för
720 2075 170 32 noggrant
914 2071 237 35 övervägande
1173 2071 56 31 vid
1252 2071 225 36 uppgörande
1499 2081 42 20 av
1564 2071 56 30 det
1643 2070 136 36 slutliga

276 2113 172 35 förslaget.
500 2113 45 29 Vad
565 2113 407 36 byggnadsutredningen
994 2113 117 30 anfört
1132 2112 221 31 beträffande
1374 2113 278 30 önskvärdheten
1673 2123 43 20 av
1737 2122 42 20 en

278 2155 257 35 centralisering
564 2164 41 21 av
632 2155 371 36 värmeanläggningen
1030 2155 55 30 för
1112 2164 48 20 nu
1186 2154 266 36 ifrågavarande
1477 2155 207 36 nybyggnad
1713 2156 66 29 och

278 2196 117 36 övriga
416 2197 11 29 i
447 2197 168 29 närheten
637 2197 187 35 planerade
847 2196 410 37 institutionsbyggnader
1280 2206 101 27 synes
1403 2197 70 36 mig
1495 2198 74 29 värt
1593 2198 59 29 allt
1675 2198 102 29 beak-

278 2239 114 35 tande,
419 2239 64 29 och
508 2238 59 36 jag
591 2238 208 35 förutsätter,
829 2242 47 26 alt
903 2239 345 35 byggnadsstyrelsen
1274 2240 107 34 ägnar
1407 2240 310 34 uppmärksamhet
1745 2238 34 31 åt

279 2280 113 30 denna
414 2279 106 37 fråga.

323 2321 240 31 Kostnaderna
583 2322 56 30 för
658 2322 364 36 byggnadsföretagets
1042 2322 185 30 utförande
1247 2323 46 29 ha
1315 2322 114 31 såsom
1450 2323 93 30 förut
1563 2324 138 30 nämnts
1723 2324 55 29 be-

279 2364 142 30 räknats
445 2364 51 30 till
521 2364 93 30 1560
629 2365 62 29 000
716 2364 139 34 kronor,
882 2373 104 21 varav
1010 2364 42 29 30
1065 2364 63 30 000
1153 2364 128 29 kronor
1305 2364 56 30 för
1386 2365 392 31 vaktmästarbostaden.

280 2405 239 31 Kostnaderna
536 2405 54 30 för
609 2405 216 30 sistnämnda
841 2404 163 31 ändamål
1022 2405 97 30 torde
1136 2404 114 31 såsom
1266 2406 408 37 byggnadsutredningen
1691 2407 87 30 före-

280 2447 100 35 slagit
400 2447 85 30 böra
508 2448 185 35 begränsas
719 2447 48 30 till
790 2447 40 30 25
844 2447 63 30 000
928 2447 139 30 kronor.
1092 2448 13 29 1
1128 2447 108 36 övrigt
1258 2448 66 29 har
1346 2448 57 36 jag
1427 2448 76 30 icke
1525 2449 116 31 funnit
1663 2449 115 30 anled-

279 2489 82 35 ning
385 2489 49 29 till
459 2489 137 30 erinran
620 2493 69 25 mol
713 2489 415 35 kostnadsberäkningen.
1153 2488 356 38 Medelsanvisningen
1533 2492 54 29 för
1611 2491 167 36 ifrågava-
