<?xml version="1.0" encoding="UTF-8"?>
<alto xmlns="http://www.loc.gov/standards/alto/ns-v3#" xmlns:xlink="http://www.w3.org/1999/xlink" xmlns:xsi="http://www.w3.org/2001/XMLSchema-instance" xsi:schemaLocation="http://www.loc.gov/standards/alto/ns-v3# http://www.loc.gov/alto/v3/alto-3-0.xsd">
	<Description>
		<MeasurementUnit>pixel</MeasurementUnit>
		<sourceImageInformation>
			<fileName>/tmp/tess_z1ocvkc4_input.PNG</fileName>
		</sourceImageInformation>
		<OCRProcessing ID="OCR_0">
			<ocrProcessingStep>
				<processingSoftware>
					<softwareName>tesseract 5.3.0</softwareName>
				</processingSoftware>
			</ocrProcessingStep>
		</OCRProcessing>
	</Description>
	<Layout>
		<Page WIDTH="1930" HEIGHT="2818" PHYSICAL_IMG_NR="0" ID="page_0">
			<PrintSpace HPOS="0" VPOS="0" WIDTH="1930" HEIGHT="2818">
				<ComposedBlock ID="cblock_0" HPOS="263" VPOS="178" WIDTH="1545" HEIGHT="118">
					<TextBlock ID="block_0" HPOS="263" VPOS="178" WIDTH="1545" HEIGHT="118">
						<TextLine ID="line_0" HPOS="263" VPOS="178" WIDTH="1034" HEIGHT="29">
							<String ID="string_0" HPOS="263" VPOS="178" WIDTH="21" HEIGHT="29" WC="0.96" CONTENT="4"/><SP WIDTH="475" VPOS="178" HPOS="284"/>
							<String ID="string_1" HPOS="759" VPOS="178" WIDTH="228" HEIGHT="29" WC="0.87" CONTENT="Statsutskottets"/><SP WIDTH="22" VPOS="178" HPOS="987"/>
							<String ID="string_2" HPOS="1009" VPOS="178" WIDTH="147" HEIGHT="28" WC="0.95" CONTENT="utlåtande"/><SP WIDTH="21" VPOS="178" HPOS="1156"/>
							<String ID="string_3" HPOS="1177" VPOS="179" WIDTH="50" HEIGHT="28" WC="0.95" CONTENT="Nr"/><SP WIDTH="21" VPOS="179" HPOS="1227"/>
							<String ID="string_4" HPOS="1248" VPOS="180" WIDTH="49" HEIGHT="27" WC="0.94" CONTENT="41."/>
						</TextLine>
						<TextLine ID="line_1" HPOS="265" VPOS="251" WIDTH="1543" HEIGHT="45">
							<String ID="string_5" HPOS="265" VPOS="252" WIDTH="149" HEIGHT="32" WC="0.61" CONTENT="Ärskvot"/><SP WIDTH="25" VPOS="252" HPOS="414"/>
							<String ID="string_6" HPOS="439" VPOS="254" WIDTH="53" HEIGHT="30" WC="0.96" CONTENT="för"/><SP WIDTH="24" VPOS="254" HPOS="492"/>
							<String ID="string_7" HPOS="516" VPOS="253" WIDTH="201" HEIGHT="41" WC="0.93" CONTENT="budgetåret"/><SP WIDTH="27" VPOS="253" HPOS="717"/>
							<String ID="string_8" HPOS="744" VPOS="253" WIDTH="135" HEIGHT="32" WC="0.74" CONTENT="1936/37"/><SP WIDTH="30" VPOS="253" HPOS="879"/>
							<String ID="string_9" HPOS="909" VPOS="279" WIDTH="450" HEIGHT="5" WC="0.0" CONTENT="msmnmnsmsssesersrsesersrrerererra"/><SP WIDTH="27" VPOS="279" HPOS="1359"/>
							<String ID="string_10" HPOS="1386" VPOS="253" WIDTH="124" HEIGHT="31" WC="0.94" CONTENT="kronor"/><SP WIDTH="31" VPOS="253" HPOS="1510"/>
							<String ID="string_11" HPOS="1541" VPOS="247" WIDTH="20" HEIGHT="53" WC="0.42" CONTENT="="/><SP WIDTH="24" VPOS="247" HPOS="1561"/>
							<String ID="string_12" HPOS="1585" VPOS="251" WIDTH="181" HEIGHT="38" WC="0.2" CONTENT="50,000:—"/>
						</TextLine>
					</TextBlock>
				</ComposedBlock>
				<ComposedBlock ID="cblock_1" HPOS="265" VPOS="301" WIDTH="1501" HEIGHT="193">
					<TextBlock ID="block_1" HPOS="265" VPOS="301" WIDTH="1501" HEIGHT="193">
						<TextLine ID="line_2" HPOS="265" VPOS="301" WIDTH="1499" HEIGHT="43">
							<String ID="string_13" HPOS="265" VPOS="302" WIDTH="150" HEIGHT="32" WC="0.91" CONTENT="Årskvot"/><SP WIDTH="24" VPOS="302" HPOS="415"/>
							<String ID="string_14" HPOS="439" VPOS="303" WIDTH="54" HEIGHT="31" WC="0.96" CONTENT="för"/><SP WIDTH="24" VPOS="303" HPOS="493"/>
							<String ID="string_15" HPOS="517" VPOS="302" WIDTH="201" HEIGHT="42" WC="0.93" CONTENT="budgetåret"/><SP WIDTH="26" VPOS="302" HPOS="718"/>
							<String ID="string_16" HPOS="744" VPOS="303" WIDTH="136" HEIGHT="31" WC="0.90" CONTENT="1937/38"/><SP WIDTH="29" VPOS="303" HPOS="880"/>
							<String ID="string_17" HPOS="909" VPOS="328" WIDTH="450" HEIGHT="5" WC="0.0" CONTENT="=ismssmsnmsnsssssssssrsrreroerrr"/><SP WIDTH="-27" VPOS="328" HPOS="1359"/>
							<String ID="string_18" HPOS="1332" VPOS="298" WIDTH="29" HEIGHT="50" WC="0.0" CONTENT="na"/><SP WIDTH="171" VPOS="298" HPOS="1361"/>
							<String ID="string_19" HPOS="1532" VPOS="301" WIDTH="232" HEIGHT="38" WC="0.86" CONTENT="2,350,000:"/><SP WIDTH="-28" VPOS="301" HPOS="1764"/>
							<String ID="string_20" HPOS="1736" VPOS="297" WIDTH="30" HEIGHT="47" WC="0.92" CONTENT="—"/>
						</TextLine>
						<TextLine ID="line_3" HPOS="266" VPOS="351" WIDTH="1500" HEIGHT="43">
							<String ID="string_21" HPOS="266" VPOS="353" WIDTH="40" HEIGHT="31" WC="0.95" CONTENT="20"/><SP WIDTH="29" VPOS="353" HPOS="306"/>
							<String ID="string_22" HPOS="335" VPOS="355" WIDTH="139" HEIGHT="39" WC="0.93" CONTENT="procent"/><SP WIDTH="30" VPOS="355" HPOS="474"/>
							<String ID="string_23" HPOS="504" VPOS="353" WIDTH="81" HEIGHT="31" WC="0.40" CONTENT="Cdärå"/><SP WIDTH="30" VPOS="353" HPOS="585"/>
							<String ID="string_24" HPOS="615" VPOS="377" WIDTH="745" HEIGHT="7" WC="0.0" CONTENT="s.ssmsossrsrrrrsrsereererererrrrrneserrnrrr"/><SP WIDTH="-143" VPOS="377" HPOS="1360"/>
							<String ID="string_25" HPOS="1217" VPOS="349" WIDTH="22" HEIGHT="49" WC="0.0" CONTENT="rn"/><SP WIDTH="3" VPOS="349" HPOS="1239"/>
							<String ID="string_26" HPOS="1242" VPOS="349" WIDTH="49" HEIGHT="49" WC="0.0" CONTENT="reor"/><SP WIDTH="9" VPOS="349" HPOS="1291"/>
							<String ID="string_27" HPOS="1300" VPOS="349" WIDTH="65" HEIGHT="49" WC="0.23" CONTENT="osann"/><SP WIDTH="198" VPOS="349" HPOS="1365"/>
							<String ID="string_28" HPOS="1563" VPOS="351" WIDTH="203" HEIGHT="38" WC="0.92" CONTENT="470,000:"/><SP WIDTH="-30" VPOS="351" HPOS="1766"/>
							<String ID="string_29" HPOS="1736" VPOS="347" WIDTH="35" HEIGHT="49" WC="0.92" CONTENT="—"/>
						</TextLine>
						<TextLine ID="line_4" HPOS="265" VPOS="401" WIDTH="1500" HEIGHT="43">
							<String ID="string_30" HPOS="265" VPOS="401" WIDTH="149" HEIGHT="33" WC="0.92" CONTENT="Årskvot"/><SP WIDTH="25" VPOS="401" HPOS="414"/>
							<String ID="string_31" HPOS="439" VPOS="403" WIDTH="54" HEIGHT="30" WC="0.96" CONTENT="för"/><SP WIDTH="23" VPOS="403" HPOS="493"/>
							<String ID="string_32" HPOS="516" VPOS="402" WIDTH="202" HEIGHT="42" WC="0.93" CONTENT="budgetåret"/><SP WIDTH="26" VPOS="402" HPOS="718"/>
							<String ID="string_33" HPOS="744" VPOS="403" WIDTH="136" HEIGHT="31" WC="0.86" CONTENT="1938/39"/><SP WIDTH="28" VPOS="403" HPOS="880"/>
							<String ID="string_34" HPOS="908" VPOS="427" WIDTH="452" HEIGHT="6" WC="0.0" CONTENT="=inssssnsssrsssrsrersrenererener"/><SP WIDTH="80" VPOS="427" HPOS="1360"/>
							<String ID="string_35" HPOS="1440" VPOS="416" WIDTH="13" HEIGHT="13" WC="0.91" CONTENT="»"/><SP WIDTH="110" VPOS="416" HPOS="1453"/>
							<String ID="string_36" HPOS="1563" VPOS="401" WIDTH="202" HEIGHT="38" WC="0.91" CONTENT="565,000:"/><SP WIDTH="-25" VPOS="401" HPOS="1765"/>
							<String ID="string_37" HPOS="1740" VPOS="396" WIDTH="30" HEIGHT="51" WC="0.91" CONTENT="—"/>
						</TextLine>
						<TextLine ID="line_5" HPOS="266" VPOS="451" WIDTH="1499" HEIGHT="43">
							<String ID="string_38" HPOS="266" VPOS="453" WIDTH="41" HEIGHT="31" WC="0.96" CONTENT="20"/><SP WIDTH="28" VPOS="453" HPOS="307"/>
							<String ID="string_39" HPOS="335" VPOS="455" WIDTH="140" HEIGHT="39" WC="0.93" CONTENT="procent"/><SP WIDTH="29" VPOS="455" HPOS="475"/>
							<String ID="string_40" HPOS="504" VPOS="452" WIDTH="81" HEIGHT="31" WC="0.25" CONTENT="därå"/><SP WIDTH="31" VPOS="452" HPOS="585"/>
							<String ID="string_41" HPOS="616" VPOS="477" WIDTH="744" HEIGHT="6" WC="0.0" CONTENT="sssssmssseserseererrerererrrrrrerrrrrrns"/><SP WIDTH="-189" VPOS="477" HPOS="1360"/>
							<String ID="string_42" HPOS="1171" VPOS="448" WIDTH="51" HEIGHT="50" WC="0.0" CONTENT="enar"/><SP WIDTH="5" VPOS="448" HPOS="1222"/>
							<String ID="string_43" HPOS="1227" VPOS="448" WIDTH="39" HEIGHT="50" WC="0.0" CONTENT="ere"/><SP WIDTH="5" VPOS="448" HPOS="1266"/>
							<String ID="string_44" HPOS="1271" VPOS="448" WIDTH="23" HEIGHT="50" WC="0.0" CONTENT="rn"/><SP WIDTH="5" VPOS="448" HPOS="1294"/>
							<String ID="string_45" HPOS="1299" VPOS="448" WIDTH="20" HEIGHT="50" WC="0.0" CONTENT="rr"/><SP WIDTH="8" VPOS="448" HPOS="1319"/>
							<String ID="string_46" HPOS="1327" VPOS="448" WIDTH="35" HEIGHT="50" WC="0.24" CONTENT="sen"/><SP WIDTH="85" VPOS="448" HPOS="1362"/>
							<String ID="string_47" HPOS="1447" VPOS="465" WIDTH="7" HEIGHT="12" WC="0.42" CONTENT="&gt;"/><SP WIDTH="112" VPOS="465" HPOS="1454"/>
							<String ID="string_48" HPOS="1566" VPOS="451" WIDTH="199" HEIGHT="36" WC="0.91" CONTENT="113,000:"/><SP WIDTH="-29" VPOS="451" HPOS="1765"/>
							<String ID="string_49" HPOS="1736" VPOS="447" WIDTH="32" HEIGHT="49" WC="0.92" CONTENT="—"/>
						</TextLine>
					</TextBlock>
				</ComposedBlock>
				<ComposedBlock ID="cblock_2" HPOS="1226" VPOS="509" WIDTH="541" HEIGHT="38">
					<TextBlock ID="block_2" HPOS="1226" VPOS="509" WIDTH="541" HEIGHT="38">
						<TextLine ID="line_6" HPOS="1226" VPOS="509" WIDTH="541" HEIGHT="38">
							<String ID="string_50" HPOS="1226" VPOS="510" WIDTH="140" HEIGHT="32" WC="0.95" CONTENT="Summa"/><SP WIDTH="21" VPOS="510" HPOS="1366"/>
							<String ID="string_51" HPOS="1387" VPOS="510" WIDTH="125" HEIGHT="31" WC="0.93" CONTENT="kronor"/><SP WIDTH="21" VPOS="510" HPOS="1512"/>
							<String ID="string_52" HPOS="1533" VPOS="509" WIDTH="177" HEIGHT="38" WC="0.89" CONTENT="3,548,000:"/><SP WIDTH="14" VPOS="509" HPOS="1710"/>
							<String ID="string_53" HPOS="1724" VPOS="527" WIDTH="43" HEIGHT="4" WC="0.88" CONTENT="—"/>
						</TextLine>
					</TextBlock>
				</ComposedBlock>
				<ComposedBlock ID="cblock_3" HPOS="267" VPOS="578" WIDTH="1539" HEIGHT="1804">
					<TextBlock ID="block_3" HPOS="267" VPOS="578" WIDTH="1501" HEIGHT="143">
						<TextLine ID="line_7" HPOS="322" VPOS="578" WIDTH="1446" HEIGHT="42">
							<String ID="string_54" HPOS="322" VPOS="581" WIDTH="53" HEIGHT="29" WC="0.96" CONTENT="Av"/><SP WIDTH="24" VPOS="581" HPOS="375"/>
							<String ID="string_55" HPOS="399" VPOS="580" WIDTH="65" HEIGHT="31" WC="0.95" CONTENT="den"/><SP WIDTH="26" VPOS="580" HPOS="464"/>
							<String ID="string_56" HPOS="490" VPOS="580" WIDTH="53" HEIGHT="30" WC="0.96" CONTENT="för"/><SP WIDTH="26" VPOS="580" HPOS="543"/>
							<String ID="string_57" HPOS="569" VPOS="579" WIDTH="87" HEIGHT="32" WC="0.96" CONTENT="Svea"/><SP WIDTH="25" VPOS="579" HPOS="656"/>
							<String ID="string_58" HPOS="681" VPOS="580" WIDTH="193" HEIGHT="40" WC="0.96" CONTENT="flygflottilj"/><SP WIDTH="29" VPOS="580" HPOS="874"/>
							<String ID="string_59" HPOS="903" VPOS="580" WIDTH="52" HEIGHT="30" WC="0.96" CONTENT="för"/><SP WIDTH="24" VPOS="580" HPOS="955"/>
							<String ID="string_60" HPOS="979" VPOS="579" WIDTH="201" HEIGHT="41" WC="0.93" CONTENT="budgetåret"/><SP WIDTH="29" VPOS="579" HPOS="1180"/>
							<String ID="string_61" HPOS="1209" VPOS="579" WIDTH="135" HEIGHT="31" WC="0.92" CONTENT="1937/38"/><SP WIDTH="26" VPOS="579" HPOS="1344"/>
							<String ID="string_62" HPOS="1370" VPOS="578" WIDTH="191" HEIGHT="32" WC="0.93" CONTENT="beräknade"/><SP WIDTH="27" VPOS="578" HPOS="1561"/>
							<String ID="string_63" HPOS="1588" VPOS="578" WIDTH="180" HEIGHT="31" WC="0.92" CONTENT="årskvoten"/>
						</TextLine>
						<TextLine ID="line_8" HPOS="267" VPOS="628" WIDTH="1499" HEIGHT="43">
							<String ID="string_64" HPOS="267" VPOS="629" WIDTH="87" HEIGHT="32" WC="0.95" CONTENT="hava"/><SP WIDTH="25" VPOS="629" HPOS="354"/>
							<String ID="string_65" HPOS="379" VPOS="629" WIDTH="222" HEIGHT="42" WC="0.91" CONTENT="sammanlagt"/><SP WIDTH="25" VPOS="629" HPOS="601"/>
							<String ID="string_66" HPOS="626" VPOS="630" WIDTH="164" HEIGHT="37" WC="0.90" CONTENT="1,014,000"/><SP WIDTH="25" VPOS="630" HPOS="790"/>
							<String ID="string_67" HPOS="815" VPOS="629" WIDTH="125" HEIGHT="32" WC="0.96" CONTENT="kronor"/><SP WIDTH="24" VPOS="629" HPOS="940"/>
							<String ID="string_68" HPOS="964" VPOS="629" WIDTH="125" HEIGHT="32" WC="0.95" CONTENT="hittills"/><SP WIDTH="26" VPOS="629" HPOS="1089"/>
							<String ID="string_69" HPOS="1115" VPOS="629" WIDTH="111" HEIGHT="32" WC="0.96" CONTENT="ställts"/><SP WIDTH="27" VPOS="629" HPOS="1226"/>
							<String ID="string_70" HPOS="1253" VPOS="629" WIDTH="54" HEIGHT="31" WC="0.93" CONTENT="till"/><SP WIDTH="25" VPOS="629" HPOS="1307"/>
							<String ID="string_71" HPOS="1332" VPOS="628" WIDTH="344" HEIGHT="42" WC="0.90" CONTENT="flygförvaltningens"/><SP WIDTH="25" VPOS="628" HPOS="1676"/>
							<String ID="string_72" HPOS="1701" VPOS="628" WIDTH="65" HEIGHT="31" WC="0.92" CONTENT="för-"/>
						</TextLine>
						<TextLine ID="line_9" HPOS="268" VPOS="680" WIDTH="156" HEIGHT="41">
							<String ID="string_73" HPOS="268" VPOS="680" WIDTH="156" HEIGHT="41" WC="0.91" CONTENT="fogande."/>
						</TextLine>
					</TextBlock>
					<TextBlock ID="block_4" HPOS="268" VPOS="728" WIDTH="1507" HEIGHT="999">
						<TextLine ID="line_10" HPOS="322" VPOS="728" WIDTH="1448" HEIGHT="44">
							<String ID="string_74" HPOS="322" VPOS="731" WIDTH="201" HEIGHT="31" WC="0.95" CONTENT="Emellertid"/><SP WIDTH="34" VPOS="731" HPOS="523"/>
							<String ID="string_75" HPOS="557" VPOS="731" WIDTH="83" HEIGHT="31" WC="0.96" CONTENT="hava"/><SP WIDTH="36" VPOS="731" HPOS="640"/>
							<String ID="string_76" HPOS="676" VPOS="731" WIDTH="75" HEIGHT="31" WC="0.92" CONTENT="från"/><SP WIDTH="35" VPOS="731" HPOS="751"/>
							<String ID="string_77" HPOS="786" VPOS="731" WIDTH="326" HEIGHT="41" WC="0.91" CONTENT="flygförvaltningen"/><SP WIDTH="35" VPOS="731" HPOS="1112"/>
							<String ID="string_78" HPOS="1147" VPOS="730" WIDTH="179" HEIGHT="31" WC="0.95" CONTENT="inkommit"/><SP WIDTH="34" VPOS="730" HPOS="1326"/>
							<String ID="string_79" HPOS="1360" VPOS="730" WIDTH="197" HEIGHT="41" WC="0.90" CONTENT="ytterligare"/><SP WIDTH="36" VPOS="730" HPOS="1557"/>
							<String ID="string_80" HPOS="1593" VPOS="728" WIDTH="177" HEIGHT="32" WC="0.90" CONTENT="framställ-"/>
						</TextLine>
						<TextLine ID="line_11" HPOS="268" VPOS="778" WIDTH="1499" HEIGHT="43">
							<String ID="string_81" HPOS="268" VPOS="779" WIDTH="122" HEIGHT="41" WC="0.96" CONTENT="ningar"/><SP WIDTH="21" VPOS="779" HPOS="390"/>
							<String ID="string_82" HPOS="411" VPOS="790" WIDTH="54" HEIGHT="21" WC="0.96" CONTENT="om"/><SP WIDTH="23" VPOS="790" HPOS="465"/>
							<String ID="string_83" HPOS="488" VPOS="779" WIDTH="167" HEIGHT="32" WC="0.96" CONTENT="ställande"/><SP WIDTH="22" VPOS="779" HPOS="655"/>
							<String ID="string_84" HPOS="677" VPOS="790" WIDTH="40" HEIGHT="21" WC="0.96" CONTENT="av"/><SP WIDTH="22" VPOS="790" HPOS="717"/>
							<String ID="string_85" HPOS="739" VPOS="780" WIDTH="112" HEIGHT="31" WC="0.96" CONTENT="medel"/><SP WIDTH="21" VPOS="780" HPOS="851"/>
							<String ID="string_86" HPOS="872" VPOS="779" WIDTH="54" HEIGHT="32" WC="0.96" CONTENT="till"/><SP WIDTH="22" VPOS="779" HPOS="926"/>
							<String ID="string_87" HPOS="948" VPOS="779" WIDTH="200" HEIGHT="42" WC="0.96" CONTENT="förfogande"/><SP WIDTH="23" VPOS="779" HPOS="1148"/>
							<String ID="string_88" HPOS="1171" VPOS="779" WIDTH="53" HEIGHT="32" WC="0.96" CONTENT="för"/><SP WIDTH="22" VPOS="779" HPOS="1224"/>
							<String ID="string_89" HPOS="1246" VPOS="779" WIDTH="341" HEIGHT="42" WC="0.96" CONTENT="byggnadsarbetena"/><SP WIDTH="21" VPOS="779" HPOS="1587"/>
							<String ID="string_90" HPOS="1608" VPOS="778" WIDTH="57" HEIGHT="31" WC="0.93" CONTENT="vid"/><SP WIDTH="22" VPOS="778" HPOS="1665"/>
							<String ID="string_91" HPOS="1687" VPOS="778" WIDTH="80" HEIGHT="31" WC="0.92" CONTENT="Bar-"/>
						</TextLine>
						<TextLine ID="line_12" HPOS="268" VPOS="828" WIDTH="1498" HEIGHT="44">
							<String ID="string_92" HPOS="268" VPOS="831" WIDTH="116" HEIGHT="41" WC="0.88" CONTENT="karby."/><SP WIDTH="45" VPOS="831" HPOS="384"/>
							<String ID="string_93" HPOS="429" VPOS="830" WIDTH="153" HEIGHT="32" WC="0.77" CONTENT="Sålunda"/><SP WIDTH="29" VPOS="830" HPOS="582"/>
							<String ID="string_94" HPOS="611" VPOS="831" WIDTH="61" HEIGHT="31" WC="0.57" CONTENT="bar"/><SP WIDTH="31" VPOS="831" HPOS="672"/>
							<String ID="string_95" HPOS="703" VPOS="830" WIDTH="327" HEIGHT="42" WC="0.91" CONTENT="flygförvaltningen"/><SP WIDTH="32" VPOS="830" HPOS="1030"/>
							<String ID="string_96" HPOS="1062" VPOS="831" WIDTH="11" HEIGHT="30" WC="0.96" CONTENT="i"/><SP WIDTH="32" VPOS="831" HPOS="1073"/>
							<String ID="string_97" HPOS="1105" VPOS="830" WIDTH="164" HEIGHT="32" WC="0.96" CONTENT="skrivelse"/><SP WIDTH="33" VPOS="830" HPOS="1269"/>
							<String ID="string_98" HPOS="1302" VPOS="830" WIDTH="66" HEIGHT="31" WC="0.96" CONTENT="den"/><SP WIDTH="32" VPOS="830" HPOS="1368"/>
							<String ID="string_99" HPOS="1400" VPOS="830" WIDTH="38" HEIGHT="31" WC="0.96" CONTENT="27"/><SP WIDTH="32" VPOS="830" HPOS="1438"/>
							<String ID="string_100" HPOS="1470" VPOS="829" WIDTH="185" HEIGHT="32" WC="0.96" CONTENT="november"/><SP WIDTH="31" VPOS="829" HPOS="1655"/>
							<String ID="string_101" HPOS="1686" VPOS="828" WIDTH="80" HEIGHT="32" WC="0.95" CONTENT="1937"/>
						</TextLine>
						<TextLine ID="line_13" HPOS="269" VPOS="879" WIDTH="1499" HEIGHT="41">
							<String ID="string_102" HPOS="269" VPOS="881" WIDTH="176" HEIGHT="32" WC="0.92" CONTENT="hemställt"/><SP WIDTH="40" VPOS="881" HPOS="445"/>
							<String ID="string_103" HPOS="485" VPOS="892" WIDTH="54" HEIGHT="20" WC="0.89" CONTENT="om"/><SP WIDTH="40" VPOS="892" HPOS="539"/>
							<String ID="string_104" HPOS="579" VPOS="881" WIDTH="185" HEIGHT="32" WC="0.89" CONTENT="anvisande"/><SP WIDTH="40" VPOS="881" HPOS="764"/>
							<String ID="string_105" HPOS="804" VPOS="892" WIDTH="41" HEIGHT="20" WC="0.92" CONTENT="av"/><SP WIDTH="40" VPOS="892" HPOS="845"/>
							<String ID="string_106" HPOS="885" VPOS="881" WIDTH="134" HEIGHT="37" WC="0.87" CONTENT="264,000"/><SP WIDTH="28" VPOS="881" HPOS="1019"/>
							<String ID="string_107" HPOS="1047" VPOS="880" WIDTH="125" HEIGHT="32" WC="0.96" CONTENT="kronor"/><SP WIDTH="29" VPOS="880" HPOS="1172"/>
							<String ID="string_108" HPOS="1201" VPOS="891" WIDTH="41" HEIGHT="20" WC="0.93" CONTENT="av"/><SP WIDTH="30" VPOS="891" HPOS="1242"/>
							<String ID="string_109" HPOS="1272" VPOS="879" WIDTH="181" HEIGHT="32" WC="0.91" CONTENT="årskvoten"/><SP WIDTH="30" VPOS="879" HPOS="1453"/>
							<String ID="string_110" HPOS="1483" VPOS="880" WIDTH="53" HEIGHT="31" WC="0.96" CONTENT="för"/><SP WIDTH="29" VPOS="880" HPOS="1536"/>
							<String ID="string_111" HPOS="1565" VPOS="879" WIDTH="203" HEIGHT="41" WC="0.96" CONTENT="budgetåret"/>
						</TextLine>
						<TextLine ID="line_14" HPOS="272" VPOS="930" WIDTH="1499" HEIGHT="44">
							<String ID="string_112" HPOS="272" VPOS="932" WIDTH="136" HEIGHT="31" WC="0.92" CONTENT="1937/38"/><SP WIDTH="24" VPOS="932" HPOS="408"/>
							<String ID="string_113" HPOS="432" VPOS="933" WIDTH="53" HEIGHT="30" WC="0.96" CONTENT="för"/><SP WIDTH="24" VPOS="933" HPOS="485"/>
							<String ID="string_114" HPOS="509" VPOS="932" WIDTH="212" HEIGHT="42" WC="0.95" CONTENT="uppförande"/><SP WIDTH="26" VPOS="932" HPOS="721"/>
							<String ID="string_115" HPOS="747" VPOS="943" WIDTH="40" HEIGHT="20" WC="0.96" CONTENT="av"/><SP WIDTH="26" VPOS="943" HPOS="787"/>
							<String ID="string_116" HPOS="813" VPOS="932" WIDTH="73" HEIGHT="31" WC="0.96" CONTENT="dels"/><SP WIDTH="25" VPOS="932" HPOS="886"/>
							<String ID="string_117" HPOS="911" VPOS="943" WIDTH="41" HEIGHT="20" WC="0.93" CONTENT="en"/><SP WIDTH="25" VPOS="943" HPOS="952"/>
							<String ID="string_118" HPOS="977" VPOS="931" WIDTH="271" HEIGHT="41" WC="0.91" CONTENT="kanslibyggnad"/><SP WIDTH="25" VPOS="931" HPOS="1248"/>
							<String ID="string_119" HPOS="1273" VPOS="931" WIDTH="63" HEIGHT="31" WC="0.96" CONTENT="och"/><SP WIDTH="26" VPOS="931" HPOS="1336"/>
							<String ID="string_120" HPOS="1362" VPOS="931" WIDTH="72" HEIGHT="31" WC="0.96" CONTENT="dels"/><SP WIDTH="26" VPOS="931" HPOS="1434"/>
							<String ID="string_121" HPOS="1460" VPOS="941" WIDTH="41" HEIGHT="20" WC="0.92" CONTENT="en"/><SP WIDTH="27" VPOS="941" HPOS="1501"/>
							<String ID="string_122" HPOS="1528" VPOS="930" WIDTH="243" HEIGHT="31" WC="0.92" CONTENT="officersmäss."/>
						</TextLine>
						<TextLine ID="line_15" HPOS="269" VPOS="979" WIDTH="1500" HEIGHT="44">
							<String ID="string_123" HPOS="269" VPOS="982" WIDTH="19" HEIGHT="31" WC="0.96" CONTENT="I"/><SP WIDTH="24" VPOS="982" HPOS="288"/>
							<String ID="string_124" HPOS="312" VPOS="981" WIDTH="188" HEIGHT="32" WC="0.96" CONTENT="skrivelsen"/><SP WIDTH="24" VPOS="981" HPOS="500"/>
							<String ID="string_125" HPOS="524" VPOS="982" WIDTH="62" HEIGHT="31" WC="0.93" CONTENT="har"/><SP WIDTH="23" VPOS="982" HPOS="586"/>
							<String ID="string_126" HPOS="609" VPOS="982" WIDTH="326" HEIGHT="41" WC="0.90" CONTENT="flygförvaltningen"/><SP WIDTH="24" VPOS="982" HPOS="935"/>
							<String ID="string_127" HPOS="959" VPOS="981" WIDTH="195" HEIGHT="37" WC="0.96" CONTENT="framhållit,"/><SP WIDTH="25" VPOS="981" HPOS="1154"/>
							<String ID="string_128" HPOS="1179" VPOS="983" WIDTH="49" HEIGHT="29" WC="0.96" CONTENT="att"/><SP WIDTH="24" VPOS="983" HPOS="1228"/>
							<String ID="string_129" HPOS="1252" VPOS="980" WIDTH="190" HEIGHT="32" WC="0.96" CONTENT="kostnaden"/><SP WIDTH="24" VPOS="980" HPOS="1442"/>
							<String ID="string_130" HPOS="1466" VPOS="980" WIDTH="54" HEIGHT="31" WC="0.96" CONTENT="för"/><SP WIDTH="24" VPOS="980" HPOS="1520"/>
							<String ID="string_131" HPOS="1544" VPOS="980" WIDTH="101" HEIGHT="31" WC="0.93" CONTENT="dessa"/><SP WIDTH="22" VPOS="980" HPOS="1645"/>
							<String ID="string_132" HPOS="1667" VPOS="979" WIDTH="102" HEIGHT="42" WC="0.92" CONTENT="bygg-"/>
						</TextLine>
						<TextLine ID="line_16" HPOS="270" VPOS="1028" WIDTH="1498" HEIGHT="45">
							<String ID="string_133" HPOS="270" VPOS="1031" WIDTH="107" HEIGHT="32" WC="0.96" CONTENT="nader"/><SP WIDTH="24" VPOS="1031" HPOS="377"/>
							<String ID="string_134" HPOS="401" VPOS="1032" WIDTH="76" HEIGHT="31" WC="0.93" CONTENT="med"/><SP WIDTH="28" VPOS="1032" HPOS="477"/>
							<String ID="string_135" HPOS="505" VPOS="1032" WIDTH="133" HEIGHT="37" WC="0.91" CONTENT="114,000"/><SP WIDTH="25" VPOS="1032" HPOS="638"/>
							<String ID="string_136" HPOS="663" VPOS="1031" WIDTH="126" HEIGHT="32" WC="0.93" CONTENT="kronor"/><SP WIDTH="26" VPOS="1031" HPOS="789"/>
							<String ID="string_137" HPOS="815" VPOS="1032" WIDTH="175" HEIGHT="41" WC="0.91" CONTENT="överstege"/><SP WIDTH="28" VPOS="1032" HPOS="990"/>
							<String ID="string_138" HPOS="1018" VPOS="1030" WIDTH="65" HEIGHT="32" WC="0.96" CONTENT="den"/><SP WIDTH="26" VPOS="1030" HPOS="1083"/>
							<String ID="string_139" HPOS="1109" VPOS="1031" WIDTH="12" HEIGHT="30" WC="0.96" CONTENT="i"/><SP WIDTH="26" VPOS="1031" HPOS="1121"/>
							<String ID="string_140" HPOS="1147" VPOS="1030" WIDTH="66" HEIGHT="32" WC="0.96" CONTENT="den"/><SP WIDTH="27" VPOS="1030" HPOS="1213"/>
							<String ID="string_141" HPOS="1240" VPOS="1029" WIDTH="241" HEIGHT="42" WC="0.93" CONTENT="ursprungliga"/><SP WIDTH="24" VPOS="1029" HPOS="1481"/>
							<String ID="string_142" HPOS="1505" VPOS="1028" WIDTH="263" HEIGHT="42" WC="0.91" CONTENT="anslagsplanen"/>
						</TextLine>
						<TextLine ID="line_17" HPOS="270" VPOS="1079" WIDTH="1499" HEIGHT="46">
							<String ID="string_143" HPOS="270" VPOS="1085" WIDTH="174" HEIGHT="40" WC="0.96" CONTENT="upptagna"/><SP WIDTH="23" VPOS="1085" HPOS="444"/>
							<String ID="string_144" HPOS="467" VPOS="1085" WIDTH="123" HEIGHT="39" WC="0.92" CONTENT="posten"/><SP WIDTH="24" VPOS="1085" HPOS="590"/>
							<String ID="string_145" HPOS="614" VPOS="1082" WIDTH="132" HEIGHT="38" WC="0.92" CONTENT="150,000"/><SP WIDTH="23" VPOS="1082" HPOS="746"/>
							<String ID="string_146" HPOS="769" VPOS="1082" WIDTH="126" HEIGHT="31" WC="0.96" CONTENT="kronor"/><SP WIDTH="23" VPOS="1082" HPOS="895"/>
							<String ID="string_147" HPOS="918" VPOS="1082" WIDTH="53" HEIGHT="31" WC="0.93" CONTENT="för"/><SP WIDTH="22" VPOS="1082" HPOS="971"/>
							<String ID="string_148" HPOS="993" VPOS="1080" WIDTH="272" HEIGHT="42" WC="0.88" CONTENT="kanslibyggnad"/><SP WIDTH="23" VPOS="1080" HPOS="1265"/>
							<String ID="string_149" HPOS="1288" VPOS="1080" WIDTH="78" HEIGHT="32" WC="0.92" CONTENT="med"/><SP WIDTH="22" VPOS="1080" HPOS="1366"/>
							<String ID="string_150" HPOS="1388" VPOS="1080" WIDTH="241" HEIGHT="31" WC="0.90" CONTENT="officersmäss."/><SP WIDTH="35" VPOS="1080" HPOS="1629"/>
							<String ID="string_151" HPOS="1664" VPOS="1079" WIDTH="105" HEIGHT="32" WC="0.95" CONTENT="Detta"/>
						</TextLine>
						<TextLine ID="line_18" HPOS="271" VPOS="1130" WIDTH="1501" HEIGHT="45">
							<String ID="string_152" HPOS="271" VPOS="1134" WIDTH="295" HEIGHT="41" WC="0.92" CONTENT="sammanhängde,"/><SP WIDTH="36" VPOS="1134" HPOS="566"/>
							<String ID="string_153" HPOS="602" VPOS="1134" WIDTH="146" HEIGHT="30" WC="0.96" CONTENT="förutom"/><SP WIDTH="35" VPOS="1134" HPOS="748"/>
							<String ID="string_154" HPOS="783" VPOS="1133" WIDTH="77" HEIGHT="31" WC="0.95" CONTENT="med"/><SP WIDTH="33" VPOS="1133" HPOS="860"/>
							<String ID="string_155" HPOS="893" VPOS="1133" WIDTH="103" HEIGHT="40" WC="0.93" CONTENT="höjda"/><SP WIDTH="34" VPOS="1133" HPOS="996"/>
							<String ID="string_156" HPOS="1030" VPOS="1131" WIDTH="372" HEIGHT="42" WC="0.91" CONTENT="byggnadskostnader,"/><SP WIDTH="35" VPOS="1131" HPOS="1402"/>
							<String ID="string_157" HPOS="1437" VPOS="1130" WIDTH="76" HEIGHT="32" WC="0.95" CONTENT="med"/><SP WIDTH="35" VPOS="1130" HPOS="1513"/>
							<String ID="string_158" HPOS="1548" VPOS="1132" WIDTH="49" HEIGHT="29" WC="0.95" CONTENT="att"/><SP WIDTH="35" VPOS="1132" HPOS="1597"/>
							<String ID="string_159" HPOS="1632" VPOS="1130" WIDTH="64" HEIGHT="31" WC="0.96" CONTENT="den"/><SP WIDTH="35" VPOS="1130" HPOS="1696"/>
							<String ID="string_160" HPOS="1731" VPOS="1141" WIDTH="41" HEIGHT="19" WC="0.96" CONTENT="av"/>
						</TextLine>
						<TextLine ID="line_19" HPOS="271" VPOS="1180" WIDTH="1502" HEIGHT="45">
							<String ID="string_161" HPOS="271" VPOS="1184" WIDTH="127" HEIGHT="41" WC="0.95" CONTENT="Kungl."/><SP WIDTH="25" VPOS="1184" HPOS="398"/>
							<String ID="string_162" HPOS="423" VPOS="1184" WIDTH="100" HEIGHT="41" WC="0.96" CONTENT="Maj:t"/><SP WIDTH="24" VPOS="1184" HPOS="523"/>
							<String ID="string_163" HPOS="547" VPOS="1184" WIDTH="194" HEIGHT="31" WC="0.93" CONTENT="fastställda"/><SP WIDTH="23" VPOS="1184" HPOS="741"/>
							<String ID="string_164" HPOS="764" VPOS="1183" WIDTH="310" HEIGHT="41" WC="0.91" CONTENT="situationsplanen"/><SP WIDTH="24" VPOS="1183" HPOS="1074"/>
							<String ID="string_165" HPOS="1098" VPOS="1183" WIDTH="52" HEIGHT="30" WC="0.97" CONTENT="för"/><SP WIDTH="23" VPOS="1183" HPOS="1150"/>
							<String ID="string_166" HPOS="1173" VPOS="1182" WIDTH="93" HEIGHT="31" WC="0.96" CONTENT="vissa"/><SP WIDTH="23" VPOS="1182" HPOS="1266"/>
							<String ID="string_167" HPOS="1289" VPOS="1181" WIDTH="197" HEIGHT="42" WC="0.96" CONTENT="byggnader"/><SP WIDTH="24" VPOS="1181" HPOS="1486"/>
							<String ID="string_168" HPOS="1510" VPOS="1181" WIDTH="54" HEIGHT="31" WC="0.96" CONTENT="för"/><SP WIDTH="24" VPOS="1181" HPOS="1564"/>
							<String ID="string_169" HPOS="1588" VPOS="1180" WIDTH="185" HEIGHT="41" WC="0.96" CONTENT="flottiljens"/>
						</TextLine>
						<TextLine ID="line_20" HPOS="272" VPOS="1231" WIDTH="1502" HEIGHT="45">
							<String ID="string_170" HPOS="272" VPOS="1235" WIDTH="217" HEIGHT="41" WC="0.96" CONTENT="förläggning"/><SP WIDTH="18" VPOS="1235" HPOS="489"/>
							<String ID="string_171" HPOS="507" VPOS="1235" WIDTH="57" HEIGHT="30" WC="0.96" CONTENT="vid"/><SP WIDTH="18" VPOS="1235" HPOS="564"/>
							<String ID="string_172" HPOS="582" VPOS="1234" WIDTH="175" HEIGHT="41" WC="0.93" CONTENT="Barkarby"/><SP WIDTH="19" VPOS="1234" HPOS="757"/>
							<String ID="string_173" HPOS="776" VPOS="1236" WIDTH="149" HEIGHT="39" WC="0.92" CONTENT="upptoge"/><SP WIDTH="20" VPOS="1236" HPOS="925"/>
							<String ID="string_174" HPOS="945" VPOS="1233" WIDTH="111" HEIGHT="31" WC="0.96" CONTENT="skilda"/><SP WIDTH="19" VPOS="1233" HPOS="1056"/>
							<String ID="string_175" HPOS="1075" VPOS="1233" WIDTH="11" HEIGHT="30" WC="0.96" CONTENT="i"/><SP WIDTH="19" VPOS="1233" HPOS="1086"/>
							<String ID="string_176" HPOS="1105" VPOS="1235" WIDTH="180" HEIGHT="38" WC="0.96" CONTENT="terrängen"/><SP WIDTH="20" VPOS="1235" HPOS="1285"/>
							<String ID="string_177" HPOS="1305" VPOS="1231" WIDTH="179" HEIGHT="42" WC="0.95" CONTENT="utspridda"/><SP WIDTH="18" VPOS="1231" HPOS="1484"/>
							<String ID="string_178" HPOS="1502" VPOS="1231" WIDTH="197" HEIGHT="41" WC="0.96" CONTENT="byggnader"/><SP WIDTH="20" VPOS="1231" HPOS="1699"/>
							<String ID="string_179" HPOS="1719" VPOS="1231" WIDTH="55" HEIGHT="30" WC="0.96" CONTENT="för"/>
						</TextLine>
						<TextLine ID="line_21" HPOS="271" VPOS="1280" WIDTH="1498" HEIGHT="43">
							<String ID="string_180" HPOS="271" VPOS="1283" WIDTH="112" HEIGHT="32" WC="0.96" CONTENT="kansli"/><SP WIDTH="24" VPOS="1283" HPOS="383"/>
							<String ID="string_181" HPOS="407" VPOS="1284" WIDTH="62" HEIGHT="31" WC="0.93" CONTENT="och"/><SP WIDTH="23" VPOS="1284" HPOS="469"/>
							<String ID="string_182" HPOS="492" VPOS="1283" WIDTH="240" HEIGHT="37" WC="0.92" CONTENT="officersmäss,"/><SP WIDTH="25" VPOS="1283" HPOS="732"/>
							<String ID="string_183" HPOS="757" VPOS="1283" WIDTH="109" HEIGHT="31" WC="0.96" CONTENT="under"/><SP WIDTH="23" VPOS="1283" HPOS="866"/>
							<String ID="string_184" HPOS="889" VPOS="1282" WIDTH="58" HEIGHT="32" WC="0.96" CONTENT="det"/><SP WIDTH="22" VPOS="1282" HPOS="947"/>
							<String ID="string_185" HPOS="969" VPOS="1285" WIDTH="49" HEIGHT="29" WC="0.96" CONTENT="att"/><SP WIDTH="23" VPOS="1285" HPOS="1018"/>
							<String ID="string_186" HPOS="1041" VPOS="1283" WIDTH="11" HEIGHT="30" WC="0.96" CONTENT="i"/><SP WIDTH="24" VPOS="1283" HPOS="1052"/>
							<String ID="string_187" HPOS="1076" VPOS="1282" WIDTH="65" HEIGHT="32" WC="0.96" CONTENT="den"/><SP WIDTH="23" VPOS="1282" HPOS="1141"/>
							<String ID="string_188" HPOS="1164" VPOS="1281" WIDTH="243" HEIGHT="42" WC="0.96" CONTENT="ursprungliga"/><SP WIDTH="20" VPOS="1281" HPOS="1407"/>
							<String ID="string_189" HPOS="1427" VPOS="1280" WIDTH="125" HEIGHT="42" WC="0.96" CONTENT="planen"/><SP WIDTH="23" VPOS="1280" HPOS="1552"/>
							<String ID="string_190" HPOS="1575" VPOS="1282" WIDTH="128" HEIGHT="30" WC="0.96" CONTENT="avsetts"/><SP WIDTH="24" VPOS="1282" HPOS="1703"/>
							<String ID="string_191" HPOS="1727" VPOS="1290" WIDTH="42" HEIGHT="21" WC="0.96" CONTENT="en"/>
						</TextLine>
						<TextLine ID="line_22" HPOS="271" VPOS="1330" WIDTH="1501" HEIGHT="46">
							<String ID="string_192" HPOS="271" VPOS="1335" WIDTH="54" HEIGHT="32" WC="0.96" CONTENT="för"/><SP WIDTH="23" VPOS="1335" HPOS="325"/>
							<String ID="string_193" HPOS="348" VPOS="1335" WIDTH="100" HEIGHT="32" WC="0.95" CONTENT="dessa"/><SP WIDTH="23" VPOS="1335" HPOS="448"/>
							<String ID="string_194" HPOS="471" VPOS="1334" WIDTH="156" HEIGHT="32" WC="0.95" CONTENT="ändamål"/><SP WIDTH="22" VPOS="1334" HPOS="627"/>
							<String ID="string_195" HPOS="649" VPOS="1344" WIDTH="193" HEIGHT="32" WC="0.95" CONTENT="gemensam"/><SP WIDTH="22" VPOS="1344" HPOS="842"/>
							<String ID="string_196" HPOS="864" VPOS="1332" WIDTH="167" HEIGHT="42" WC="0.96" CONTENT="byggnad."/><SP WIDTH="25" VPOS="1332" HPOS="1031"/>
							<String ID="string_197" HPOS="1056" VPOS="1332" WIDTH="18" HEIGHT="31" WC="0.96" CONTENT="I"/><SP WIDTH="23" VPOS="1332" HPOS="1074"/>
							<String ID="string_198" HPOS="1097" VPOS="1331" WIDTH="199" HEIGHT="41" WC="0.96" CONTENT="anslutning"/><SP WIDTH="12" VPOS="1331" HPOS="1296"/>
							<String ID="string_199" HPOS="1308" VPOS="1331" WIDTH="54" HEIGHT="31" WC="0.95" CONTENT="till"/><SP WIDTH="12" VPOS="1331" HPOS="1362"/>
							<String ID="string_200" HPOS="1374" VPOS="1330" WIDTH="146" HEIGHT="32" WC="0.96" CONTENT="nämnda"/><SP WIDTH="12" VPOS="1330" HPOS="1520"/>
							<String ID="string_201" HPOS="1532" VPOS="1330" WIDTH="164" HEIGHT="31" WC="0.96" CONTENT="skrivelse"/><SP WIDTH="13" VPOS="1330" HPOS="1696"/>
							<String ID="string_202" HPOS="1709" VPOS="1330" WIDTH="63" HEIGHT="31" WC="0.96" CONTENT="har"/>
						</TextLine>
						<TextLine ID="line_23" HPOS="272" VPOS="1380" WIDTH="1500" HEIGHT="48">
							<String ID="string_203" HPOS="272" VPOS="1386" WIDTH="327" HEIGHT="42" WC="0.91" CONTENT="flygförvaltningen"/><SP WIDTH="21" VPOS="1386" HPOS="599"/>
							<String ID="string_204" HPOS="620" VPOS="1385" WIDTH="76" HEIGHT="31" WC="0.95" CONTENT="med"/><SP WIDTH="21" VPOS="1385" HPOS="696"/>
							<String ID="string_205" HPOS="717" VPOS="1384" WIDTH="165" HEIGHT="32" WC="0.96" CONTENT="skrivelse"/><SP WIDTH="23" VPOS="1384" HPOS="882"/>
							<String ID="string_206" HPOS="905" VPOS="1383" WIDTH="65" HEIGHT="32" WC="0.95" CONTENT="den"/><SP WIDTH="21" VPOS="1383" HPOS="970"/>
							<String ID="string_207" HPOS="991" VPOS="1383" WIDTH="40" HEIGHT="31" WC="0.95" CONTENT="30"/><SP WIDTH="21" VPOS="1383" HPOS="1031"/>
							<String ID="string_208" HPOS="1052" VPOS="1382" WIDTH="183" HEIGHT="32" WC="0.96" CONTENT="november"/><SP WIDTH="21" VPOS="1382" HPOS="1235"/>
							<String ID="string_209" HPOS="1256" VPOS="1382" WIDTH="81" HEIGHT="31" WC="0.96" CONTENT="1937"/><SP WIDTH="22" VPOS="1382" HPOS="1337"/>
							<String ID="string_210" HPOS="1359" VPOS="1381" WIDTH="178" HEIGHT="32" WC="0.95" CONTENT="inkommit"/><SP WIDTH="21" VPOS="1381" HPOS="1537"/>
							<String ID="string_211" HPOS="1558" VPOS="1381" WIDTH="86" HEIGHT="38" WC="0.96" CONTENT="med,"/><SP WIDTH="22" VPOS="1381" HPOS="1644"/>
							<String ID="string_212" HPOS="1666" VPOS="1380" WIDTH="106" HEIGHT="32" WC="0.96" CONTENT="bland"/>
						</TextLine>
						<TextLine ID="line_24" HPOS="273" VPOS="1431" WIDTH="1499" HEIGHT="45">
							<String ID="string_213" HPOS="273" VPOS="1439" WIDTH="113" HEIGHT="36" WC="0.96" CONTENT="annat,"/><SP WIDTH="29" VPOS="1439" HPOS="386"/>
							<String ID="string_214" HPOS="415" VPOS="1448" WIDTH="42" HEIGHT="20" WC="0.96" CONTENT="en"/><SP WIDTH="27" VPOS="1448" HPOS="457"/>
							<String ID="string_215" HPOS="484" VPOS="1435" WIDTH="177" HEIGHT="32" WC="0.95" CONTENT="reviderad"/><SP WIDTH="27" VPOS="1435" HPOS="661"/>
							<String ID="string_216" HPOS="688" VPOS="1433" WIDTH="267" HEIGHT="43" WC="0.96" CONTENT="situationsplan"/><SP WIDTH="27" VPOS="1433" HPOS="955"/>
							<String ID="string_217" HPOS="982" VPOS="1433" WIDTH="54" HEIGHT="32" WC="0.96" CONTENT="för"/><SP WIDTH="26" VPOS="1433" HPOS="1036"/>
							<String ID="string_218" HPOS="1062" VPOS="1432" WIDTH="242" HEIGHT="42" WC="0.93" CONTENT="byggnaderna"/><SP WIDTH="27" VPOS="1432" HPOS="1304"/>
							<String ID="string_219" HPOS="1331" VPOS="1434" WIDTH="20" HEIGHT="29" WC="0.93" CONTENT="å"/><SP WIDTH="26" VPOS="1434" HPOS="1351"/>
							<String ID="string_220" HPOS="1377" VPOS="1431" WIDTH="175" HEIGHT="42" WC="0.96" CONTENT="Barkarby"/><SP WIDTH="27" VPOS="1431" HPOS="1552"/>
							<String ID="string_221" HPOS="1579" VPOS="1431" WIDTH="77" HEIGHT="31" WC="0.93" CONTENT="med"/><SP WIDTH="26" VPOS="1431" HPOS="1656"/>
							<String ID="string_222" HPOS="1682" VPOS="1431" WIDTH="90" HEIGHT="31" WC="0.92" CONTENT="hem-"/>
						</TextLine>
						<TextLine ID="line_25" HPOS="273" VPOS="1480" WIDTH="1499" HEIGHT="47">
							<String ID="string_223" HPOS="273" VPOS="1487" WIDTH="134" HEIGHT="37" WC="0.90" CONTENT="ställan,"/><SP WIDTH="22" VPOS="1487" HPOS="407"/>
							<String ID="string_224" HPOS="429" VPOS="1489" WIDTH="49" HEIGHT="29" WC="0.96" CONTENT="att"/><SP WIDTH="20" VPOS="1489" HPOS="478"/>
							<String ID="string_225" HPOS="498" VPOS="1486" WIDTH="126" HEIGHT="41" WC="0.95" CONTENT="Kungl."/><SP WIDTH="22" VPOS="1486" HPOS="624"/>
							<String ID="string_226" HPOS="646" VPOS="1485" WIDTH="101" HEIGHT="41" WC="0.95" CONTENT="Maj:t"/><SP WIDTH="20" VPOS="1485" HPOS="747"/>
							<String ID="string_227" HPOS="767" VPOS="1486" WIDTH="103" HEIGHT="30" WC="0.96" CONTENT="måtte"/><SP WIDTH="22" VPOS="1486" HPOS="870"/>
							<String ID="string_228" HPOS="892" VPOS="1483" WIDTH="170" HEIGHT="32" WC="0.96" CONTENT="fastställa"/><SP WIDTH="21" VPOS="1483" HPOS="1062"/>
							<String ID="string_229" HPOS="1083" VPOS="1483" WIDTH="65" HEIGHT="31" WC="0.96" CONTENT="den"/><SP WIDTH="21" VPOS="1483" HPOS="1148"/>
							<String ID="string_230" HPOS="1169" VPOS="1482" WIDTH="144" HEIGHT="32" WC="0.96" CONTENT="sålunda"/><SP WIDTH="20" VPOS="1482" HPOS="1313"/>
							<String ID="string_231" HPOS="1333" VPOS="1481" WIDTH="197" HEIGHT="32" WC="0.96" CONTENT="reviderade"/><SP WIDTH="20" VPOS="1481" HPOS="1530"/>
							<String ID="string_232" HPOS="1550" VPOS="1481" WIDTH="134" HEIGHT="42" WC="0.93" CONTENT="planen."/><SP WIDTH="32" VPOS="1481" HPOS="1684"/>
							<String ID="string_233" HPOS="1716" VPOS="1480" WIDTH="56" HEIGHT="31" WC="0.92" CONTENT="Vi-"/>
						</TextLine>
						<TextLine ID="line_26" HPOS="274" VPOS="1530" WIDTH="1497" HEIGHT="47">
							<String ID="string_234" HPOS="274" VPOS="1536" WIDTH="80" HEIGHT="32" WC="0.96" CONTENT="dare"/><SP WIDTH="26" VPOS="1536" HPOS="354"/>
							<String ID="string_235" HPOS="380" VPOS="1536" WIDTH="61" HEIGHT="32" WC="0.93" CONTENT="har"/><SP WIDTH="24" VPOS="1536" HPOS="441"/>
							<String ID="string_236" HPOS="465" VPOS="1534" WIDTH="327" HEIGHT="43" WC="0.92" CONTENT="flygförvaltningen"/><SP WIDTH="25" VPOS="1534" HPOS="792"/>
							<String ID="string_237" HPOS="817" VPOS="1534" WIDTH="12" HEIGHT="31" WC="0.96" CONTENT="i"/><SP WIDTH="26" VPOS="1534" HPOS="829"/>
							<String ID="string_238" HPOS="855" VPOS="1532" WIDTH="164" HEIGHT="32" WC="0.96" CONTENT="skrivelse"/><SP WIDTH="26" VPOS="1532" HPOS="1019"/>
							<String ID="string_239" HPOS="1045" VPOS="1532" WIDTH="66" HEIGHT="31" WC="0.96" CONTENT="den"/><SP WIDTH="26" VPOS="1532" HPOS="1111"/>
							<String ID="string_240" HPOS="1137" VPOS="1533" WIDTH="37" HEIGHT="30" WC="0.96" CONTENT="11"/><SP WIDTH="28" VPOS="1533" HPOS="1174"/>
							<String ID="string_241" HPOS="1202" VPOS="1531" WIDTH="179" HEIGHT="32" WC="0.96" CONTENT="december"/><SP WIDTH="26" VPOS="1531" HPOS="1381"/>
							<String ID="string_242" HPOS="1407" VPOS="1530" WIDTH="79" HEIGHT="32" WC="0.91" CONTENT="1937"/><SP WIDTH="25" VPOS="1530" HPOS="1486"/>
							<String ID="string_243" HPOS="1511" VPOS="1530" WIDTH="184" HEIGHT="38" WC="0.91" CONTENT="hemställt,"/><SP WIDTH="27" VPOS="1530" HPOS="1695"/>
							<String ID="string_244" HPOS="1722" VPOS="1531" WIDTH="49" HEIGHT="29" WC="0.96" CONTENT="att"/>
						</TextLine>
						<TextLine ID="line_27" HPOS="275" VPOS="1581" WIDTH="1500" HEIGHT="45">
							<String ID="string_245" HPOS="275" VPOS="1600" WIDTH="41" HEIGHT="19" WC="0.91" CONTENT="av"/><SP WIDTH="24" VPOS="1600" HPOS="316"/>
							<String ID="string_246" HPOS="340" VPOS="1588" WIDTH="179" HEIGHT="31" WC="0.89" CONTENT="årskvoten"/><SP WIDTH="24" VPOS="1588" HPOS="519"/>
							<String ID="string_247" HPOS="543" VPOS="1587" WIDTH="54" HEIGHT="31" WC="0.96" CONTENT="för"/><SP WIDTH="21" VPOS="1587" HPOS="597"/>
							<String ID="string_248" HPOS="618" VPOS="1586" WIDTH="203" HEIGHT="40" WC="0.93" CONTENT="budgetåret"/><SP WIDTH="24" VPOS="1586" HPOS="821"/>
							<String ID="string_249" HPOS="845" VPOS="1585" WIDTH="136" HEIGHT="30" WC="0.92" CONTENT="1937/38"/><SP WIDTH="23" VPOS="1585" HPOS="981"/>
							<String ID="string_250" HPOS="1004" VPOS="1586" WIDTH="103" HEIGHT="29" WC="0.96" CONTENT="måtte"/><SP WIDTH="24" VPOS="1586" HPOS="1107"/>
							<String ID="string_251" HPOS="1131" VPOS="1583" WIDTH="118" HEIGHT="31" WC="0.96" CONTENT="ställas"/><SP WIDTH="25" VPOS="1583" HPOS="1249"/>
							<String ID="string_252" HPOS="1274" VPOS="1582" WIDTH="54" HEIGHT="31" WC="0.96" CONTENT="till"/><SP WIDTH="24" VPOS="1582" HPOS="1328"/>
							<String ID="string_253" HPOS="1352" VPOS="1581" WIDTH="201" HEIGHT="42" WC="0.96" CONTENT="förfogande"/><SP WIDTH="25" VPOS="1581" HPOS="1553"/>
							<String ID="string_254" HPOS="1578" VPOS="1581" WIDTH="197" HEIGHT="42" WC="0.96" CONTENT="ytterligare"/>
						</TextLine>
						<TextLine ID="line_28" HPOS="273" VPOS="1631" WIDTH="1500" HEIGHT="46">
							<String ID="string_255" HPOS="273" VPOS="1638" WIDTH="136" HEIGHT="38" WC="0.92" CONTENT="326,000"/><SP WIDTH="21" VPOS="1638" HPOS="409"/>
							<String ID="string_256" HPOS="430" VPOS="1637" WIDTH="125" HEIGHT="31" WC="0.95" CONTENT="kronor"/><SP WIDTH="21" VPOS="1637" HPOS="555"/>
							<String ID="string_257" HPOS="576" VPOS="1636" WIDTH="54" HEIGHT="31" WC="0.96" CONTENT="för"/><SP WIDTH="20" VPOS="1636" HPOS="630"/>
							<String ID="string_258" HPOS="650" VPOS="1634" WIDTH="214" HEIGHT="43" WC="0.96" CONTENT="uppförande"/><SP WIDTH="22" VPOS="1634" HPOS="864"/>
							<String ID="string_259" HPOS="886" VPOS="1645" WIDTH="40" HEIGHT="20" WC="0.96" CONTENT="av"/><SP WIDTH="22" VPOS="1645" HPOS="926"/>
							<String ID="string_260" HPOS="948" VPOS="1633" WIDTH="74" HEIGHT="32" WC="0.96" CONTENT="dels"/><SP WIDTH="22" VPOS="1633" HPOS="1022"/>
							<String ID="string_261" HPOS="1044" VPOS="1644" WIDTH="42" HEIGHT="20" WC="0.93" CONTENT="en"/><SP WIDTH="21" VPOS="1644" HPOS="1086"/>
							<String ID="string_262" HPOS="1107" VPOS="1632" WIDTH="76" HEIGHT="32" WC="0.93" CONTENT="kok-"/><SP WIDTH="22" VPOS="1632" HPOS="1183"/>
							<String ID="string_263" HPOS="1205" VPOS="1632" WIDTH="63" HEIGHT="31" WC="0.93" CONTENT="och"/><SP WIDTH="23" VPOS="1632" HPOS="1268"/>
							<String ID="string_264" HPOS="1291" VPOS="1631" WIDTH="259" HEIGHT="42" WC="0.91" CONTENT="matinrättning"/><SP WIDTH="20" VPOS="1631" HPOS="1550"/>
							<String ID="string_265" HPOS="1570" VPOS="1631" WIDTH="103" HEIGHT="42" WC="0.93" CONTENT="jämte"/><SP WIDTH="22" VPOS="1631" HPOS="1673"/>
							<String ID="string_266" HPOS="1695" VPOS="1633" WIDTH="78" HEIGHT="39" WC="0.91" CONTENT="ång-"/>
						</TextLine>
						<TextLine ID="line_29" HPOS="274" VPOS="1683" WIDTH="759" HEIGHT="44">
							<String ID="string_267" HPOS="274" VPOS="1688" WIDTH="129" HEIGHT="32" WC="0.96" CONTENT="central"/><SP WIDTH="31" VPOS="1688" HPOS="403"/>
							<String ID="string_268" HPOS="434" VPOS="1687" WIDTH="62" HEIGHT="32" WC="0.96" CONTENT="och"/><SP WIDTH="32" VPOS="1687" HPOS="496"/>
							<String ID="string_269" HPOS="528" VPOS="1686" WIDTH="73" HEIGHT="32" WC="0.95" CONTENT="dels"/><SP WIDTH="32" VPOS="1686" HPOS="601"/>
							<String ID="string_270" HPOS="633" VPOS="1697" WIDTH="41" HEIGHT="20" WC="0.92" CONTENT="en"/><SP WIDTH="31" VPOS="1697" HPOS="674"/>
							<String ID="string_271" HPOS="705" VPOS="1683" WIDTH="328" HEIGHT="44" WC="0.92" CONTENT="personalbyggnad."/>
						</TextLine>
					</TextBlock>
					<TextBlock ID="block_5" HPOS="274" VPOS="1731" WIDTH="1502" HEIGHT="199">
						<TextLine ID="line_30" HPOS="328" VPOS="1731" WIDTH="1448" HEIGHT="44">
							<String ID="string_272" HPOS="328" VPOS="1739" WIDTH="77" HEIGHT="31" WC="0.96" CONTENT="Den"/><SP WIDTH="22" VPOS="1739" HPOS="405"/>
							<String ID="string_273" HPOS="427" VPOS="1738" WIDTH="192" HEIGHT="31" WC="0.96" CONTENT="beräknade"/><SP WIDTH="24" VPOS="1738" HPOS="619"/>
							<String ID="string_274" HPOS="643" VPOS="1736" WIDTH="189" HEIGHT="32" WC="0.96" CONTENT="kostnaden"/><SP WIDTH="24" VPOS="1736" HPOS="832"/>
							<String ID="string_275" HPOS="856" VPOS="1735" WIDTH="106" HEIGHT="40" WC="0.96" CONTENT="enligt"/><SP WIDTH="23" VPOS="1735" HPOS="962"/>
							<String ID="string_276" HPOS="985" VPOS="1745" WIDTH="45" HEIGHT="20" WC="0.96" CONTENT="nu"/><SP WIDTH="25" VPOS="1745" HPOS="1030"/>
							<String ID="string_277" HPOS="1055" VPOS="1733" WIDTH="155" HEIGHT="42" WC="0.96" CONTENT="gällande"/><SP WIDTH="25" VPOS="1733" HPOS="1210"/>
							<String ID="string_278" HPOS="1235" VPOS="1732" WIDTH="110" HEIGHT="42" WC="0.96" CONTENT="priser"/><SP WIDTH="25" VPOS="1732" HPOS="1345"/>
							<String ID="string_279" HPOS="1370" VPOS="1732" WIDTH="52" HEIGHT="31" WC="0.96" CONTENT="för"/><SP WIDTH="23" VPOS="1732" HPOS="1422"/>
							<String ID="string_280" HPOS="1445" VPOS="1731" WIDTH="264" HEIGHT="42" WC="0.96" CONTENT="genomförande"/><SP WIDTH="26" VPOS="1731" HPOS="1709"/>
							<String ID="string_281" HPOS="1735" VPOS="1742" WIDTH="41" HEIGHT="20" WC="0.95" CONTENT="av"/>
						</TextLine>
						<TextLine ID="line_31" HPOS="275" VPOS="1780" WIDTH="1498" HEIGHT="49">
							<String ID="string_282" HPOS="275" VPOS="1799" WIDTH="43" HEIGHT="20" WC="0.96" CONTENT="en"/><SP WIDTH="24" VPOS="1799" HPOS="318"/>
							<String ID="string_283" HPOS="342" VPOS="1788" WIDTH="196" HEIGHT="41" WC="0.96" CONTENT="ytterligare"/><SP WIDTH="24" VPOS="1788" HPOS="538"/>
							<String ID="string_284" HPOS="562" VPOS="1786" WIDTH="177" HEIGHT="32" WC="0.93" CONTENT="reviderad"/><SP WIDTH="24" VPOS="1786" HPOS="739"/>
							<String ID="string_285" HPOS="763" VPOS="1783" WIDTH="260" HEIGHT="43" WC="0.92" CONTENT="byggnadsplan"/><SP WIDTH="24" VPOS="1783" HPOS="1023"/>
							<String ID="string_286" HPOS="1047" VPOS="1783" WIDTH="61" HEIGHT="31" WC="0.97" CONTENT="har"/><SP WIDTH="24" VPOS="1783" HPOS="1108"/>
							<String ID="string_287" HPOS="1132" VPOS="1794" WIDTH="40" HEIGHT="20" WC="0.93" CONTENT="av"/><SP WIDTH="25" VPOS="1794" HPOS="1172"/>
							<String ID="string_288" HPOS="1197" VPOS="1781" WIDTH="326" HEIGHT="43" WC="0.91" CONTENT="flygförvaltningen"/><SP WIDTH="24" VPOS="1781" HPOS="1523"/>
							<String ID="string_289" HPOS="1547" VPOS="1780" WIDTH="148" HEIGHT="42" WC="0.95" CONTENT="angivits"/><SP WIDTH="23" VPOS="1780" HPOS="1695"/>
							<String ID="string_290" HPOS="1718" VPOS="1780" WIDTH="55" HEIGHT="31" WC="0.95" CONTENT="till"/>
						</TextLine>
						<TextLine ID="line_32" HPOS="274" VPOS="1831" WIDTH="1499" HEIGHT="45">
							<String ID="string_291" HPOS="274" VPOS="1839" WIDTH="167" HEIGHT="37" WC="0.92" CONTENT="3,962,000"/><SP WIDTH="18" VPOS="1839" HPOS="441"/>
							<String ID="string_292" HPOS="459" VPOS="1838" WIDTH="125" HEIGHT="31" WC="0.96" CONTENT="kronor"/><SP WIDTH="18" VPOS="1838" HPOS="584"/>
							<String ID="string_293" HPOS="602" VPOS="1848" WIDTH="76" HEIGHT="20" WC="0.96" CONTENT="men"/><SP WIDTH="18" VPOS="1848" HPOS="678"/>
							<String ID="string_294" HPOS="696" VPOS="1836" WIDTH="61" HEIGHT="31" WC="0.96" CONTENT="har"/><SP WIDTH="18" VPOS="1836" HPOS="757"/>
							<String ID="string_295" HPOS="775" VPOS="1846" WIDTH="42" HEIGHT="21" WC="0.93" CONTENT="av"/><SP WIDTH="18" VPOS="1846" HPOS="817"/>
							<String ID="string_296" HPOS="835" VPOS="1833" WIDTH="383" HEIGHT="43" WC="0.88" CONTENT="departementschefen,"/><SP WIDTH="20" VPOS="1833" HPOS="1218"/>
							<String ID="string_297" HPOS="1238" VPOS="1843" WIDTH="74" HEIGHT="21" WC="0.93" CONTENT="som"/><SP WIDTH="19" VPOS="1843" HPOS="1312"/>
							<String ID="string_298" HPOS="1331" VPOS="1831" WIDTH="195" HEIGHT="32" WC="0.92" CONTENT="frånräknat"/><SP WIDTH="17" VPOS="1831" HPOS="1526"/>
							<String ID="string_299" HPOS="1543" VPOS="1831" WIDTH="230" HEIGHT="32" WC="0.96" CONTENT="kostnaderna"/>
						</TextLine>
						<TextLine ID="line_33" HPOS="275" VPOS="1882" WIDTH="978" HEIGHT="48">
							<String ID="string_300" HPOS="275" VPOS="1889" WIDTH="54" HEIGHT="31" WC="0.93" CONTENT="för"/><SP WIDTH="19" VPOS="1889" HPOS="329"/>
							<String ID="string_301" HPOS="348" VPOS="1887" WIDTH="299" HEIGHT="43" WC="0.91" CONTENT="tjänstebostäder,"/><SP WIDTH="20" VPOS="1887" HPOS="647"/>
							<String ID="string_302" HPOS="667" VPOS="1885" WIDTH="176" HEIGHT="43" WC="0.96" CONTENT="upptagits"/><SP WIDTH="19" VPOS="1885" HPOS="843"/>
							<String ID="string_303" HPOS="862" VPOS="1884" WIDTH="55" HEIGHT="31" WC="0.93" CONTENT="till"/><SP WIDTH="18" VPOS="1884" HPOS="917"/>
							<String ID="string_304" HPOS="935" VPOS="1883" WIDTH="166" HEIGHT="38" WC="0.91" CONTENT="3,894,800"/><SP WIDTH="19" VPOS="1883" HPOS="1101"/>
							<String ID="string_305" HPOS="1120" VPOS="1882" WIDTH="133" HEIGHT="32" WC="0.96" CONTENT="kronor."/>
						</TextLine>
					</TextBlock>
					<TextBlock ID="block_6" HPOS="275" VPOS="1932" WIDTH="1504" HEIGHT="194">
						<TextLine ID="line_34" HPOS="328" VPOS="1932" WIDTH="1449" HEIGHT="47">
							<String ID="string_306" HPOS="328" VPOS="1940" WIDTH="55" HEIGHT="30" WC="0.95" CONTENT="Då"/><SP WIDTH="23" VPOS="1940" HPOS="383"/>
							<String ID="string_307" HPOS="406" VPOS="1938" WIDTH="106" HEIGHT="41" WC="0.96" CONTENT="enligt"/><SP WIDTH="24" VPOS="1938" HPOS="512"/>
							<String ID="string_308" HPOS="536" VPOS="1938" WIDTH="64" HEIGHT="30" WC="0.96" CONTENT="vad"/><SP WIDTH="25" VPOS="1938" HPOS="600"/>
							<String ID="string_309" HPOS="625" VPOS="1948" WIDTH="85" HEIGHT="20" WC="0.96" CONTENT="ovan"/><SP WIDTH="25" VPOS="1948" HPOS="710"/>
							<String ID="string_310" HPOS="735" VPOS="1936" WIDTH="132" HEIGHT="31" WC="0.96" CONTENT="anförts"/><SP WIDTH="24" VPOS="1936" HPOS="867"/>
							<String ID="string_311" HPOS="891" VPOS="1935" WIDTH="76" HEIGHT="31" WC="0.96" CONTENT="med"/><SP WIDTH="24" VPOS="1935" HPOS="967"/>
							<String ID="string_312" HPOS="991" VPOS="1933" WIDTH="125" HEIGHT="32" WC="0.96" CONTENT="hittills"/><SP WIDTH="25" VPOS="1933" HPOS="1116"/>
							<String ID="string_313" HPOS="1141" VPOS="1933" WIDTH="119" HEIGHT="41" WC="0.93" CONTENT="gjorda"/><SP WIDTH="25" VPOS="1933" HPOS="1260"/>
							<String ID="string_314" HPOS="1285" VPOS="1932" WIDTH="310" HEIGHT="41" WC="0.91" CONTENT="anslagsäskanden"/><SP WIDTH="26" VPOS="1932" HPOS="1595"/>
							<String ID="string_315" HPOS="1621" VPOS="1934" WIDTH="48" HEIGHT="29" WC="0.92" CONTENT="ett"/><SP WIDTH="25" VPOS="1934" HPOS="1669"/>
							<String ID="string_316" HPOS="1694" VPOS="1943" WIDTH="83" HEIGHT="20" WC="0.92" CONTENT="sam-"/>
						</TextLine>
						<TextLine ID="line_35" HPOS="276" VPOS="1982" WIDTH="1503" HEIGHT="49">
							<String ID="string_317" HPOS="276" VPOS="1989" WIDTH="150" HEIGHT="42" WC="0.92" CONTENT="manlagt"/><SP WIDTH="21" VPOS="1989" HPOS="426"/>
							<String ID="string_318" HPOS="447" VPOS="1988" WIDTH="126" HEIGHT="42" WC="0.96" CONTENT="belopp"/><SP WIDTH="23" VPOS="1988" HPOS="573"/>
							<String ID="string_319" HPOS="596" VPOS="1999" WIDTH="40" HEIGHT="20" WC="0.93" CONTENT="av"/><SP WIDTH="21" VPOS="1999" HPOS="636"/>
							<String ID="string_320" HPOS="657" VPOS="1986" WIDTH="166" HEIGHT="38" WC="0.92" CONTENT="3,548,000"/><SP WIDTH="22" VPOS="1986" HPOS="823"/>
							<String ID="string_321" HPOS="845" VPOS="1985" WIDTH="124" HEIGHT="31" WC="0.96" CONTENT="kronor"/><SP WIDTH="21" VPOS="1985" HPOS="969"/>
							<String ID="string_322" HPOS="990" VPOS="1983" WIDTH="166" HEIGHT="32" WC="0.95" CONTENT="beräknas"/><SP WIDTH="24" VPOS="1983" HPOS="1156"/>
							<String ID="string_323" HPOS="1180" VPOS="1985" WIDTH="52" HEIGHT="29" WC="0.96" CONTENT="stå"/><SP WIDTH="23" VPOS="1985" HPOS="1232"/>
							<String ID="string_324" HPOS="1255" VPOS="1983" WIDTH="54" HEIGHT="30" WC="0.96" CONTENT="till"/><SP WIDTH="24" VPOS="1983" HPOS="1309"/>
							<String ID="string_325" HPOS="1333" VPOS="1982" WIDTH="200" HEIGHT="41" WC="0.96" CONTENT="förfogande"/><SP WIDTH="26" VPOS="1982" HPOS="1533"/>
							<String ID="string_326" HPOS="1559" VPOS="1982" WIDTH="52" HEIGHT="31" WC="0.93" CONTENT="för"/><SP WIDTH="23" VPOS="1982" HPOS="1611"/>
							<String ID="string_327" HPOS="1634" VPOS="1982" WIDTH="145" HEIGHT="42" WC="0.92" CONTENT="förlägg-"/>
						</TextLine>
						<TextLine ID="line_36" HPOS="275" VPOS="2031" WIDTH="1498" HEIGHT="50">
							<String ID="string_328" HPOS="275" VPOS="2039" WIDTH="128" HEIGHT="42" WC="0.96" CONTENT="ningen"/><SP WIDTH="15" VPOS="2039" HPOS="403"/>
							<String ID="string_329" HPOS="418" VPOS="2038" WIDTH="59" HEIGHT="31" WC="0.96" CONTENT="vid"/><SP WIDTH="15" VPOS="2038" HPOS="477"/>
							<String ID="string_330" HPOS="492" VPOS="2037" WIDTH="184" HEIGHT="41" WC="0.96" CONTENT="Barkarby,"/><SP WIDTH="17" VPOS="2037" HPOS="676"/>
							<String ID="string_331" HPOS="693" VPOS="2035" WIDTH="144" HEIGHT="32" WC="0.96" CONTENT="innebär"/><SP WIDTH="15" VPOS="2035" HPOS="837"/>
							<String ID="string_332" HPOS="852" VPOS="2034" WIDTH="143" HEIGHT="32" WC="0.96" CONTENT="sålunda"/><SP WIDTH="17" VPOS="2034" HPOS="995"/>
							<String ID="string_333" HPOS="1012" VPOS="2033" WIDTH="58" HEIGHT="32" WC="0.96" CONTENT="det"/><SP WIDTH="16" VPOS="2033" HPOS="1070"/>
							<String ID="string_334" HPOS="1086" VPOS="2032" WIDTH="187" HEIGHT="42" WC="0.95" CONTENT="framlagda"/><SP WIDTH="17" VPOS="2032" HPOS="1273"/>
							<String ID="string_335" HPOS="1290" VPOS="2032" WIDTH="163" HEIGHT="41" WC="0.96" CONTENT="förslaget"/><SP WIDTH="16" VPOS="2032" HPOS="1453"/>
							<String ID="string_336" HPOS="1469" VPOS="2043" WIDTH="41" HEIGHT="20" WC="0.96" CONTENT="en"/><SP WIDTH="17" VPOS="2043" HPOS="1510"/>
							<String ID="string_337" HPOS="1527" VPOS="2031" WIDTH="218" HEIGHT="32" WC="0.96" CONTENT="merkostnad"/><SP WIDTH="17" VPOS="2031" HPOS="1745"/>
							<String ID="string_338" HPOS="1762" VPOS="2031" WIDTH="11" HEIGHT="31" WC="0.96" CONTENT="i"/>
						</TextLine>
						<TextLine ID="line_37" HPOS="276" VPOS="2083" WIDTH="1222" HEIGHT="43">
							<String ID="string_339" HPOS="276" VPOS="2089" WIDTH="214" HEIGHT="32" WC="0.96" CONTENT="förhållande"/><SP WIDTH="26" VPOS="2089" HPOS="490"/>
							<String ID="string_340" HPOS="516" VPOS="2088" WIDTH="115" HEIGHT="32" WC="0.95" CONTENT="därtill"/><SP WIDTH="24" VPOS="2088" HPOS="631"/>
							<String ID="string_341" HPOS="655" VPOS="2099" WIDTH="40" HEIGHT="19" WC="0.93" CONTENT="av"/><SP WIDTH="29" VPOS="2099" HPOS="695"/>
							<String ID="string_342" HPOS="724" VPOS="2084" WIDTH="389" HEIGHT="42" WC="0.71" CONTENT="(3,894,800—3,548,000"/><SP WIDTH="12" VPOS="2084" HPOS="1113"/>
							<String ID="string_343" HPOS="1125" VPOS="2083" WIDTH="51" HEIGHT="40" WC="0.93" CONTENT="=)"/><SP WIDTH="30" VPOS="2083" HPOS="1176"/>
							<String ID="string_344" HPOS="1206" VPOS="2083" WIDTH="137" HEIGHT="37" WC="0.92" CONTENT="346,800"/><SP WIDTH="23" VPOS="2083" HPOS="1343"/>
							<String ID="string_345" HPOS="1366" VPOS="2083" WIDTH="132" HEIGHT="31" WC="0.96" CONTENT="kronor."/>
						</TextLine>
					</TextBlock>
					<TextBlock ID="block_7" HPOS="276" VPOS="2133" WIDTH="1530" HEIGHT="249">
						<TextLine ID="line_38" HPOS="330" VPOS="2133" WIDTH="1449" HEIGHT="47">
							<String ID="string_346" HPOS="330" VPOS="2140" WIDTH="18" HEIGHT="31" WC="0.94" CONTENT="I"/><SP WIDTH="28" VPOS="2140" HPOS="348"/>
							<String ID="string_347" HPOS="376" VPOS="2140" WIDTH="93" HEIGHT="40" WC="0.96" CONTENT="fråga"/><SP WIDTH="26" VPOS="2140" HPOS="469"/>
							<String ID="string_348" HPOS="495" VPOS="2150" WIDTH="54" HEIGHT="20" WC="0.95" CONTENT="om"/><SP WIDTH="26" VPOS="2150" HPOS="549"/>
							<String ID="string_349" HPOS="575" VPOS="2138" WIDTH="181" HEIGHT="31" WC="0.95" CONTENT="orsakerna"/><SP WIDTH="25" VPOS="2138" HPOS="756"/>
							<String ID="string_350" HPOS="781" VPOS="2137" WIDTH="55" HEIGHT="31" WC="0.96" CONTENT="till"/><SP WIDTH="26" VPOS="2137" HPOS="836"/>
							<String ID="string_351" HPOS="862" VPOS="2136" WIDTH="110" HEIGHT="31" WC="0.96" CONTENT="denna"/><SP WIDTH="25" VPOS="2136" HPOS="972"/>
							<String ID="string_352" HPOS="997" VPOS="2134" WIDTH="217" HEIGHT="32" WC="0.95" CONTENT="merkostnad"/><SP WIDTH="26" VPOS="2134" HPOS="1214"/>
							<String ID="string_353" HPOS="1240" VPOS="2134" WIDTH="62" HEIGHT="31" WC="0.93" CONTENT="har"/><SP WIDTH="26" VPOS="2134" HPOS="1302"/>
							<String ID="string_354" HPOS="1328" VPOS="2133" WIDTH="326" HEIGHT="41" WC="0.91" CONTENT="flygförvaltningen"/><SP WIDTH="27" VPOS="2133" HPOS="1654"/>
							<String ID="string_355" HPOS="1681" VPOS="2133" WIDTH="98" HEIGHT="30" WC="0.92" CONTENT="fram-"/>
						</TextLine>
						<TextLine ID="line_39" HPOS="278" VPOS="2183" WIDTH="1528" HEIGHT="47">
							<String ID="string_356" HPOS="278" VPOS="2190" WIDTH="110" HEIGHT="38" WC="0.95" CONTENT="hållit,"/><SP WIDTH="21" VPOS="2190" HPOS="388"/>
							<String ID="string_357" HPOS="409" VPOS="2192" WIDTH="48" HEIGHT="29" WC="0.96" CONTENT="att"/><SP WIDTH="20" VPOS="2192" HPOS="457"/>
							<String ID="string_358" HPOS="477" VPOS="2189" WIDTH="170" HEIGHT="41" WC="0.96" CONTENT="ökningen"/><SP WIDTH="20" VPOS="2189" HPOS="647"/>
							<String ID="string_359" HPOS="667" VPOS="2186" WIDTH="213" HEIGHT="44" WC="0.96" CONTENT="uppkommit"/><SP WIDTH="20" VPOS="2186" HPOS="880"/>
							<String ID="string_360" HPOS="900" VPOS="2186" WIDTH="73" HEIGHT="32" WC="0.96" CONTENT="dels"/><SP WIDTH="20" VPOS="2186" HPOS="973"/>
							<String ID="string_361" HPOS="993" VPOS="2187" WIDTH="43" HEIGHT="40" WC="0.96" CONTENT="på"/><SP WIDTH="20" VPOS="2187" HPOS="1036"/>
							<String ID="string_362" HPOS="1056" VPOS="2185" WIDTH="109" HEIGHT="41" WC="0.96" CONTENT="grund"/><SP WIDTH="20" VPOS="2185" HPOS="1165"/>
							<String ID="string_363" HPOS="1185" VPOS="2195" WIDTH="40" HEIGHT="21" WC="0.96" CONTENT="av"/><SP WIDTH="21" VPOS="2195" HPOS="1225"/>
							<String ID="string_364" HPOS="1246" VPOS="2186" WIDTH="50" HEIGHT="29" WC="0.96" CONTENT="att"/><SP WIDTH="20" VPOS="2186" HPOS="1296"/>
							<String ID="string_365" HPOS="1316" VPOS="2183" WIDTH="183" HEIGHT="41" WC="0.96" CONTENT="flottiljens"/><SP WIDTH="20" VPOS="2183" HPOS="1499"/>
							<String ID="string_366" HPOS="1519" VPOS="2183" WIDTH="198" HEIGHT="42" WC="0.95" CONTENT="byggnader"/><SP WIDTH="21" VPOS="2183" HPOS="1717"/>
							<String ID="string_367" HPOS="1738" VPOS="2194" WIDTH="41" HEIGHT="20" WC="0.91" CONTENT="ur"/><SP WIDTH="23" VPOS="2194" HPOS="1779"/>
							<String ID="string_368" HPOS="1802" VPOS="2211" WIDTH="4" HEIGHT="3" WC="0.91" CONTENT="."/>
						</TextLine>
						<TextLine ID="line_40" HPOS="276" VPOS="2233" WIDTH="1502" HEIGHT="47">
							<String ID="string_369" HPOS="276" VPOS="2239" WIDTH="396" HEIGHT="41" WC="0.92" CONTENT="luftförsvarssynpunkt"/><SP WIDTH="35" VPOS="2239" HPOS="672"/>
							<String ID="string_370" HPOS="707" VPOS="2237" WIDTH="121" HEIGHT="42" WC="0.96" CONTENT="spritts"/><SP WIDTH="37" VPOS="2237" HPOS="828"/>
							<String ID="string_371" HPOS="865" VPOS="2238" WIDTH="79" HEIGHT="29" WC="0.96" CONTENT="över"/><SP WIDTH="37" VPOS="2238" HPOS="944"/>
							<String ID="string_372" HPOS="981" VPOS="2235" WIDTH="151" HEIGHT="32" WC="0.95" CONTENT="området"/><SP WIDTH="36" VPOS="2235" HPOS="1132"/>
							<String ID="string_373" HPOS="1168" VPOS="2237" WIDTH="87" HEIGHT="28" WC="0.96" CONTENT="samt"/><SP WIDTH="37" VPOS="2237" HPOS="1255"/>
							<String ID="string_374" HPOS="1292" VPOS="2234" WIDTH="42" HEIGHT="31" WC="0.95" CONTENT="de"/><SP WIDTH="36" VPOS="2234" HPOS="1334"/>
							<String ID="string_375" HPOS="1370" VPOS="2235" WIDTH="108" HEIGHT="30" WC="0.96" CONTENT="större"/><SP WIDTH="25" VPOS="2235" HPOS="1478"/>
							<String ID="string_376" HPOS="1503" VPOS="2234" WIDTH="82" HEIGHT="30" WC="0.95" CONTENT="krav"/><SP WIDTH="24" VPOS="2234" HPOS="1585"/>
							<String ID="string_377" HPOS="1609" VPOS="2235" WIDTH="43" HEIGHT="39" WC="0.92" CONTENT="på"/><SP WIDTH="24" VPOS="2235" HPOS="1652"/>
							<String ID="string_378" HPOS="1676" VPOS="2233" WIDTH="102" HEIGHT="42" WC="0.91" CONTENT="bygg-"/>
						</TextLine>
						<TextLine ID="line_41" HPOS="278" VPOS="2284" WIDTH="1501" HEIGHT="42">
							<String ID="string_379" HPOS="278" VPOS="2291" WIDTH="168" HEIGHT="31" WC="0.92" CONTENT="nadernas"/><SP WIDTH="28" VPOS="2291" HPOS="446"/>
							<String ID="string_380" HPOS="474" VPOS="2289" WIDTH="248" HEIGHT="36" WC="0.96" CONTENT="konstruktion,"/><SP WIDTH="29" VPOS="2289" HPOS="722"/>
							<String ID="string_381" HPOS="751" VPOS="2299" WIDTH="74" HEIGHT="20" WC="0.93" CONTENT="som"/><SP WIDTH="27" VPOS="2299" HPOS="825"/>
							<String ID="string_382" HPOS="852" VPOS="2287" WIDTH="201" HEIGHT="31" WC="0.91" CONTENT="bombfaran"/><SP WIDTH="29" VPOS="2287" HPOS="1053"/>
							<String ID="string_383" HPOS="1082" VPOS="2285" WIDTH="227" HEIGHT="41" WC="0.90" CONTENT="framtvingat,"/><SP WIDTH="30" VPOS="2285" HPOS="1309"/>
							<String ID="string_384" HPOS="1339" VPOS="2284" WIDTH="72" HEIGHT="32" WC="0.95" CONTENT="dels"/><SP WIDTH="29" VPOS="2284" HPOS="1411"/>
							<String ID="string_385" HPOS="1440" VPOS="2284" WIDTH="60" HEIGHT="32" WC="0.96" CONTENT="ock"/><SP WIDTH="28" VPOS="2284" HPOS="1500"/>
							<String ID="string_386" HPOS="1528" VPOS="2287" WIDTH="44" HEIGHT="39" WC="0.96" CONTENT="på"/><SP WIDTH="27" VPOS="2287" HPOS="1572"/>
							<String ID="string_387" HPOS="1599" VPOS="2284" WIDTH="108" HEIGHT="41" WC="0.96" CONTENT="grund"/><SP WIDTH="30" VPOS="2284" HPOS="1707"/>
							<String ID="string_388" HPOS="1737" VPOS="2295" WIDTH="42" HEIGHT="20" WC="0.96" CONTENT="av"/>
						</TextLine>
						<TextLine ID="line_42" HPOS="279" VPOS="2336" WIDTH="908" HEIGHT="46">
							<String ID="string_389" HPOS="279" VPOS="2341" WIDTH="140" HEIGHT="31" WC="0.96" CONTENT="fordran"/><SP WIDTH="20" VPOS="2341" HPOS="419"/>
							<String ID="string_390" HPOS="439" VPOS="2343" WIDTH="43" HEIGHT="39" WC="0.96" CONTENT="på"/><SP WIDTH="20" VPOS="2343" HPOS="482"/>
							<String ID="string_391" HPOS="502" VPOS="2342" WIDTH="109" HEIGHT="29" WC="0.96" CONTENT="större"/><SP WIDTH="22" VPOS="2342" HPOS="611"/>
							<String ID="string_392" HPOS="633" VPOS="2338" WIDTH="206" HEIGHT="32" WC="0.96" CONTENT="effektivitet"/><SP WIDTH="20" VPOS="2338" HPOS="839"/>
							<String ID="string_393" HPOS="859" VPOS="2338" WIDTH="11" HEIGHT="30" WC="0.96" CONTENT="i"/><SP WIDTH="22" VPOS="2338" HPOS="870"/>
							<String ID="string_394" HPOS="892" VPOS="2336" WIDTH="295" HEIGHT="42" WC="0.96" CONTENT="anläggningarna."/>
						</TextLine>
					</TextBlock>
				</ComposedBlock>
				<ComposedBlock ID="cblock_4" HPOS="278" VPOS="2427" WIDTH="1500" HEIGHT="98">
					<TextBlock ID="block_8" HPOS="278" VPOS="2427" WIDTH="1500" HEIGHT="98">
						<TextLine ID="line_43" HPOS="328" VPOS="2427" WIDTH="1449" HEIGHT="42">
							<String ID="string_395" HPOS="328" VPOS="2433" WIDTH="76" HEIGHT="32" WC="0.96" CONTENT="Vad"/><SP WIDTH="19" VPOS="2433" HPOS="404"/>
							<String ID="string_396" HPOS="423" VPOS="2433" WIDTH="166" HEIGHT="32" WC="0.96" CONTENT="beträffar"/><SP WIDTH="20" VPOS="2433" HPOS="589"/>
							<String ID="string_397" HPOS="609" VPOS="2433" WIDTH="41" HEIGHT="31" WC="0.96" CONTENT="de"/><SP WIDTH="20" VPOS="2433" HPOS="650"/>
							<String ID="string_398" HPOS="670" VPOS="2430" WIDTH="192" HEIGHT="33" WC="0.93" CONTENT="beräknade"/><SP WIDTH="20" VPOS="2430" HPOS="862"/>
							<String ID="string_399" HPOS="882" VPOS="2429" WIDTH="300" HEIGHT="33" WC="0.92" CONTENT="merkostnaderna"/><SP WIDTH="12" VPOS="2429" HPOS="1182"/>
							<String ID="string_400" HPOS="1194" VPOS="2429" WIDTH="53" HEIGHT="31" WC="0.96" CONTENT="för"/><SP WIDTH="13" VPOS="2429" HPOS="1247"/>
							<String ID="string_401" HPOS="1260" VPOS="2428" WIDTH="190" HEIGHT="32" WC="0.96" CONTENT="ordnandet"/><SP WIDTH="12" VPOS="2428" HPOS="1450"/>
							<String ID="string_402" HPOS="1462" VPOS="2439" WIDTH="40" HEIGHT="20" WC="0.93" CONTENT="av"/><SP WIDTH="13" VPOS="2439" HPOS="1502"/>
							<String ID="string_403" HPOS="1515" VPOS="2427" WIDTH="262" HEIGHT="42" WC="0.90" CONTENT="förläggningen"/>
						</TextLine>
						<TextLine ID="line_44" HPOS="278" VPOS="2478" WIDTH="1500" HEIGHT="47">
							<String ID="string_404" HPOS="278" VPOS="2485" WIDTH="60" HEIGHT="31" WC="0.96" CONTENT="vid"/><SP WIDTH="27" VPOS="2485" HPOS="338"/>
							<String ID="string_405" HPOS="365" VPOS="2484" WIDTH="174" HEIGHT="41" WC="0.95" CONTENT="Barkarby"/><SP WIDTH="27" VPOS="2484" HPOS="539"/>
							<String ID="string_406" HPOS="566" VPOS="2484" WIDTH="11" HEIGHT="30" WC="0.96" CONTENT="i"/><SP WIDTH="28" VPOS="2484" HPOS="577"/>
							<String ID="string_407" HPOS="605" VPOS="2483" WIDTH="78" HEIGHT="31" WC="0.96" CONTENT="dess"/><SP WIDTH="27" VPOS="2483" HPOS="683"/>
							<String ID="string_408" HPOS="710" VPOS="2482" WIDTH="116" HEIGHT="31" WC="0.96" CONTENT="helhet"/><SP WIDTH="27" VPOS="2482" HPOS="826"/>
							<String ID="string_409" HPOS="853" VPOS="2481" WIDTH="61" HEIGHT="31" WC="0.96" CONTENT="har"/><SP WIDTH="27" VPOS="2481" HPOS="914"/>
							<String ID="string_410" HPOS="941" VPOS="2481" WIDTH="57" HEIGHT="31" WC="0.96" CONTENT="det"/><SP WIDTH="28" VPOS="2481" HPOS="998"/>
							<String ID="string_411" HPOS="1026" VPOS="2482" WIDTH="96" HEIGHT="38" WC="0.93" CONTENT="synts"/><SP WIDTH="27" VPOS="2482" HPOS="1122"/>
							<String ID="string_412" HPOS="1149" VPOS="2478" WIDTH="374" HEIGHT="41" WC="0.90" CONTENT="departementschefen"/><SP WIDTH="28" VPOS="2478" HPOS="1523"/>
							<String ID="string_413" HPOS="1551" VPOS="2489" WIDTH="79" HEIGHT="20" WC="0.96" CONTENT="vara"/><SP WIDTH="28" VPOS="2489" HPOS="1630"/>
							<String ID="string_414" HPOS="1658" VPOS="2488" WIDTH="120" HEIGHT="30" WC="0.96" CONTENT="genom"/>
						</TextLine>
					</TextBlock>
				</ComposedBlock>
			</PrintSpace>
		</Page>
	</Layout>
</alto>
