1894 2792
528 154 380 31 Jordbruksutskottets
930 153 177 31 utlåtande
1128 162 41 22 nr
1200 155 49 29 32.
1629 147 17 30 7

810 545 61 40 Nr
896 546 63 41 32.

728 691 110 24 Ankom
856 691 43 24 till
917 692 158 30 riksdagens
1093 692 89 24 kansli
1201 692 52 24 den
1271 690 17 26 8
1306 693 54 29 maj
1381 690 66 26 1945
1465 693 36 23 kl.
1520 691 16 25 4
1554 699 51 17 em.

352 776 182 32 Utlåtande
556 778 10 29 i
589 777 187 38 anledning
799 787 43 21 av
866 777 122 37 Kungl.
1011 778 121 37 Maj:ts
1155 779 10 30 i
1188 778 448 38 statsverkspropositionen

572 828 109 30 under
701 827 126 32 nionde
847 828 220 31 huvudtiteln
1087 828 124 38 gjorda
1230 829 256 37 framställning
1507 839 59 21 om
1588 829 48 30 bi-

571 878 84 37 drag
673 879 50 30 till
742 878 267 37 täckdikningar
1026 880 108 36 jämte
1152 880 11 30 i
1179 881 118 29 ämnet
1313 880 102 30 väckt
1432 880 142 31 motion.

175 990 13 28 I
214 988 89 31 årets
328 988 403 37 statsverksproposition
754 990 66 29 har
845 988 122 37 Kungl.
993 988 102 37 Maj:t
1121 989 112 31 under
1255 989 127 31 nionde
1405 989 230 34 huvudtiteln,

129 1040 113 36 punkt
267 1040 71 35 153,
362 1039 176 37 föreslagit
558 1039 186 37 riksdagen
767 1043 50 27 att
840 1039 51 31 till
914 1038 382 38 Grundförbättringar:
1320 1039 126 37 Bidrag
1468 1039 52 31 till
1542 1040 93 30 täck-

129 1090 185 37 dikningar
340 1090 56 31 för
421 1089 202 38 budgetåret
653 1088 142 33 1945/46
823 1089 121 31 anvisa
969 1093 48 29 ett
1042 1090 352 37 reservationsanslag
1421 1099 43 21 av
1493 1090 65 31 400
1570 1090 66 31 000

131 1138 136 46 kronor.
923 1176 2 2 |

175 1193 13 29 I
212 1192 172 30 samband
405 1192 146 30 härmed
574 1192 66 30 har
663 1192 164 30 utskottet
852 1191 51 30 till
926 1191 212 38 behandling
1162 1190 154 31 förehaft
1337 1201 44 21 en
1406 1190 95 31 inom
1525 1191 111 30 andra

130 1244 206 29 kammaren
357 1242 111 36 väckt,
490 1242 51 30 till
561 1242 166 30 utskottet
748 1241 171 31 hänvisad
940 1241 142 36 motion,
1104 1250 42 23 nr
1167 1241 75 36 341,
1265 1250 43 22 av
1329 1241 121 30 herrar
1471 1241 166 30 Karlsson

131 1294 8 29 i
163 1293 137 31 Stuvsta
320 1293 66 31 och
408 1291 204 32 Nordström
631 1292 12 31 i
664 1292 192 36 Kramfors,
878 1291 74 31 vari
974 1292 204 35 hemställts,
1202 1295 49 27 att
1272 1291 185 37 riksdagen
1476 1292 80 30 med
1579 1301 56 21 av-

130 1344 128 31 vikelse
281 1343 79 31 från
383 1343 122 37 Kungl.
528 1342 120 38 Maj:ts
672 1343 130 36 förslag
823 1341 107 32 måtte
950 1343 135 30 besluta
1108 1345 49 27 att
1180 1341 50 31 till
1254 1341 381 37 Grundförbättringar:

131 1394 126 37 Bidrag
273 1394 51 31 till
341 1393 266 37 täckdikningar
626 1393 56 31 för
697 1392 203 38 budgetåret
920 1389 144 34 1945/46
1082 1392 121 31 anvisa
1223 1395 47 27 ett
1286 1391 350 36 reservationsanslag

130 1455 43 21 av
198 1445 93 31 1500
305 1446 63 30 000
389 1445 139 30 kronor.

175 1495 225 32 Beträffande
420 1495 42 30 de
482 1495 85 35 skäl,
589 1504 76 22 som
684 1494 133 31 anförts
838 1493 50 31 till
909 1494 76 30 stöd
1006 1493 56 30 för
1081 1492 187 36 motionen,
1290 1491 55 31 får
1365 1492 166 30 utskottet
1551 1492 85 30 hän-

132 1547 71 30 visa
226 1546 49 30 till
297 1546 123 30 denna.

176 1644 239 31 Förevarande
431 1644 119 37 anslag
568 1645 40 29 är
626 1643 55 32 för
699 1643 236 31 innevarande
952 1643 168 37 budgetår
1139 1643 144 37 uppfört
1300 1643 80 31 med
1398 1643 63 31 400
1474 1642 67 31 000
1561 1643 76 29 kro-

131 1704 73 22 nor.
227 1695 69 30 För
313 1693 200 38 budgetåret
536 1690 143 35 1944/45
700 1694 46 31 ha
765 1694 113 31 medel
897 1694 173 37 därjämte
1088 1694 188 31 beräknats
1296 1693 56 31 för
1371 1692 267 38 ifrågavarande

131 1744 175 37 ändamål,
325 1746 12 30 i
357 1745 57 31 det
431 1748 51 27 att
501 1745 42 31 de
564 1744 21 31 å
604 1745 130 30 allmän
753 1744 282 37 beredskapsstat
1055 1744 31 31 II
1105 1745 66 30 och
1191 1744 48 31 III
1259 1744 51 30 till
1330 1743 126 37 Bidrag
1476 1743 51 30 till
1546 1742 92 31 vissa

132 1794 385 39 förbättringsåtgärder
541 1794 46 38 på
611 1795 222 37 jordbrukets
859 1793 143 32 område
1025 1794 177 37 uppförda
1228 1795 164 35 anslagen
1417 1793 21 31 å
1463 1794 18 29 6
1496 1793 65 31 000
1575 1793 63 30 000

132 1847 191 36 respektive
347 1847 39 29 18
400 1847 63 29 000
478 1847 62 30 000
561 1846 130 30 kronor
708 1845 132 36 jämväl
858 1848 126 27 avsetts
1002 1845 52 30 till
1073 1844 229 32 förevarande
1321 1843 317 37 bidragsverksam-

133 1898 67 30 het.
221 1897 263 31 Bestämmelser
500 1896 149 30 rörande
667 1905 49 21 nu
736 1894 230 32 förevarande
985 1895 137 36 anslags
1142 1893 224 37 användning
1383 1894 46 29 ha
1447 1892 192 31 meddelats

132 1948 12 29 i
167 1947 230 37 kungörelsen
421 1947 67 30 den
511 1946 42 31 30
576 1945 76 37 juni
680 1946 82 30 1933
791 1942 55 40 (nr
869 1944 76 40 434)
975 1943 178 38 angående
1177 1944 208 36 statsbidrag
1408 1943 49 30 till
1482 1942 156 31 täckdik-

135 1998 91 36 ning,
251 1997 135 32 ändrad
407 2005 123 28 genom
553 1997 230 36 kungörelsen
805 2005 42 21 nr
870 1992 177 34 572/1937.

179 2049 14 29 I
211 2048 164 31 skrivelse
391 2048 66 31 den
475 2048 39 30 31
534 2046 137 37 augusti
691 2047 82 29 1944
792 2046 66 31 har
874 2044 351 37 lantbruksstyrelsen
1242 2044 185 34 hemställt,
1446 2046 50 27 att
1512 2041 127 38 ifråga-

135 2099 152 31 varande
310 2099 120 35 anslag
454 2096 106 32 måtte
583 2097 56 30 för
662 2095 202 38 budgetåret
893 2092 142 34 1945/46
1058 2095 170 36 uppföras
1254 2095 78 30 med
1356 2093 204 32 oförändrat
1584 2093 56 29 be-

136 2151 80 35 lopp
238 2159 42 21 av
301 2149 64 30 400
379 2149 63 31 000
461 2149 138 29 kronor.
621 2147 172 37 Styrelsen
812 2148 66 29 har
897 2145 124 31 härvid
1040 2145 126 30 räknat
1187 2145 79 30 med
1285 2147 49 27 att
1353 2142 114 37 någon
1488 2135 162 43 anslags-

136 2199 210 31 reservation
369 2199 76 30 icke
468 2198 111 30 skulle
601 2198 143 29 komma
767 2200 49 27 att
840 2195 52 31 stå
915 2195 50 30 till
989 2195 208 36 förfogande
1222 2194 58 30 vid
1303 2192 169 37 ingången
1498 2202 43 21 av
1566 2192 74 31 sist-

136 2250 153 30 nämnda
310 2247 177 38 budgetår.

182 2300 12 29 I
216 2298 96 37 fråga
334 2308 57 20 om
410 2298 172 31 storleken
602 2306 42 21 av
664 2298 41 29 de
725 2296 108 30 under
855 2295 41 30 de
916 2298 134 27 senaste
1070 2294 47 30 tio
1135 2292 212 37 budgetåren
1366 2292 50 30 till
1435 2292 207 36 förfogande

138 2349 123 31 ställda
283 2348 137 32 medlen
443 2348 65 30 och
531 2348 41 29 de
594 2356 43 21 av
659 2344 440 37 hushållningssällskapen
1124 2343 99 31 sökta
1246 2342 309 36 bidragsbeloppen
1578 2341 66 30 har

141 2399 347 36 lantbruksstyrelsen
505 2398 131 29 lämnat
655 2395 154 36 följande
825 2394 184 37 uppgifter.
