2194 2638
694 206 284 31 Bankoutskottets
1003 204 168 31 utlåtande
1196 203 51 30 Nr
1271 203 52 30 24.
1768 200 35 29 11

204 293 230 43 åldersgräns
470 292 84 42 utgå
589 290 86 33 med
711 292 49 31 ett
788 289 146 44 belopp,
959 299 79 22 som
1065 288 74 33 kan
1164 289 148 41 antagas
1337 296 86 22 vara
1449 284 204 43 tillräckligt
1677 284 56 32 för
1757 286 49 29 att

205 346 135 34 bereda
365 345 77 38 full,
467 355 62 22 om
559 347 48 29 än
632 343 200 43 nödtorftig
856 342 232 42 försörjning.

319 407 142 43 Frågan
485 416 63 22 om
573 405 214 44 reglerande
812 415 44 22 av
881 403 243 34 underhållen
1150 402 73 34 kan
1248 399 202 35 emellertid
1468 400 89 32 efter
1576 397 232 34 utfärdandet
1829 433 7 22 .
1864 396 156 57 Fenslonie

205 472 46 23 av
287 461 105 43 lagen
426 471 62 22 om
513 459 139 33 allmän
678 457 380 45 pensionsförsäkring
1082 457 30 42 ej
1139 459 151 40 avgöras
1316 454 128 34 enbart
1468 453 57 32 för
1549 453 61 43 sig.
1656 451 68 34 Vid
1749 451 55 33 be-
1820 439 80 52 tande
1920 438 35 59 på
1971 438 59 51 frå

207 513 249 35 stäimmandet
496 524 44 22 av
580 512 400 43 underhållsbeloppen
1017 511 116 32 måste
1170 509 184 43 nämligen
1393 507 143 43 hänsyn
1565 509 98 39 tagas
1688 505 51 33 till
1764 505 44 32 de
1832 510 51 53 gon
1904 510 36 52 om
1964 503 54 57 fö

207 569 198 40 förmåner,
431 577 81 23 som
537 576 133 34 genom
697 566 122 33 denna
843 565 56 43 lag
928 564 153 33 beredas
1106 564 70 33 alla
1201 563 183 42 åldringar
1409 561 70 33 och
1502 558 307 34 arbetsinvalider.
1857 547 144 58 gratialen.

321 630 53 32 De
399 629 229 43 sakkunniga
653 629 122 32 erinra
799 628 10 31 i
835 627 97 32 detta
956 625 281 43 sammanhang,
1262 627 50 29 att
1329 624 44 32 de
1393 623 99 33 olika
1512 622 195 38 förmåner,
1725 631 84 32 pen-

208 684 206 43 sionslagen
440 682 74 33 kan
538 681 147 42 bereda,
707 684 144 40 utgöras
870 691 44 22 av
934 680 76 33 dels
1027 678 284 44 avgiftspension
1330 677 69 33 och
1421 676 77 33 dels
1517 674 294 44 pensionstillägg

208 737 88 33 eller
320 735 212 34 understöd.

321 796 290 45 Avgiftspension
648 796 74 33 kan
758 806 88 22 man
879 805 134 34 genom
1051 802 90 35 egna
1175 793 150 43 avgifter
1360 791 221 33 tillförsäkra
1611 790 51 43 sig
1686 793 49 29 att
1760 792 52 30 ut-

210 852 201 33 bekomma
429 850 61 33 vid
507 850 43 33 67
570 851 58 32 års
647 850 101 33 ålder
768 849 87 33 eller
872 848 259 33 dessförinnan
1148 846 60 33 vid
1223 845 162 44 varaktig
1405 845 188 42 oförmåga
1615 843 51 33 till
1681 843 130 33 arbete.

324 914 209 32 Härutöver
556 914 104 42 utgår
684 923 44 22 av
753 912 188 33 allmänna
966 910 121 34 medel
1112 912 49 31 ett
1181 907 295 45 pensionstillägg
1502 906 51 33 till
1578 906 82 41 den,
1676 916 79 22 som
1774 909 40 29 är

211 968 52 34 till
298 968 124 32 arbete
455 966 178 43 varaktigt
658 966 216 42 oförmögen
900 964 70 33 och
995 974 82 22 vars
1102 962 223 34 årsinkomst
1349 962 30 42 ej
1407 961 141 43 uppgår
1571 960 56 32 för
1652 970 85 22 man
1763 958 50 33 till

211 1022 67 33 300
313 1021 149 32 kronor.
510 1019 69 33 Till
615 1018 332 44 pensionstillägget
977 1018 104 43 utgår
1105 1027 46 23 en
1176 1015 210 43 förhöjning
1410 1013 183 34 beroende
1618 1024 44 22 av
1687 1013 43 33 de
1756 1023 57 22 av-

211 1076 116 42 gifter,
352 1084 82 23 som
459 1073 53 33 till
537 1073 90 33 fullo
653 1083 44 22 av
722 1072 323 44 pensionstagaren
1071 1070 139 43 erlagts.

327 1135 336 43 Pensionstillägget
702 1137 106 41 utgör
842 1134 57 32 för
922 1144 99 29 man,
1047 1143 81 22 som
1153 1132 29 42 ej
1210 1131 68 32 har
1301 1131 120 42 någon
1446 1129 173 40 inkomst,
1644 1128 86 33 eller
1753 1128 63 31 vil-

214 1191 91 33 kens
342 1189 222 33 årsinkomst
589 1188 30 43 ej
646 1188 197 43 överstiger
866 1187 44 33 50
935 1187 149 39 kronor,
1110 1185 64 33 150
1198 1184 153 41 kronor;
1377 1183 56 32 för
1457 1193 99 30 man,
1581 1182 140 33 vilkens
1745 1182 71 31 års-

214 1244 164 32 inkomst
415 1243 197 42 överstiger
646 1241 44 33 50
727 1241 150 45 kronor,
907 1243 106 40 utgör
1037 1239 60 33 det
1121 1238 65 33 150
1210 1238 139 32 kronor
1373 1236 85 33 med
1484 1236 134 43 avdrag
1643 1246 43 22 av
1711 1235 106 32 halva

218 1296 282 34 årsinkomsten.
550 1295 150 43 Uppgår
723 1294 273 33 årsinkomsten
1020 1292 53 33 till
1090 1292 43 33 50
1150 1302 87 22 men
1255 1291 29 43 ej
1305 1290 52 33 till
1375 1290 64 32 100
1457 1289 148 40 kronor,
1622 1289 83 32 sker
1724 1288 93 32 dock

219 1350 135 43 avdrag
378 1348 152 34 allenast
555 1347 85 34 med
665 1347 61 34 det
749 1347 145 43 belopp,
919 1357 81 22 som
1026 1346 197 42 överstiger
1246 1344 43 33 50
1314 1344 148 32 kronor.

333 1410 300 44 Pensionstillägg
669 1411 103 42 utgår
805 1409 128 34 endast
969 1408 51 33 till
1045 1407 83 42 den,
1153 1418 81 22 som
1259 1409 40 30 är
1327 1406 178 42 varaktigt
1529 1405 213 42 oförmögen
1767 1403 52 33 till

220 1466 135 41 arbete,
394 1465 104 33 alltså
532 1465 29 42 ej
590 1464 52 33 till
667 1474 177 33 personer
868 1474 81 22 som
975 1466 64 30 äro
1064 1461 43 33 67
1132 1463 51 39 år,
1209 1471 85 22 men
1319 1463 101 29 ännu
1449 1459 29 43 ej
1507 1457 312 34 arbetsinvalider.

332 1527 172 43 Varaktig
528 1527 190 43 oförmåga
742 1526 52 33 till
812 1526 123 33 arbete
952 1524 91 34 skall
1064 1524 110 43 enligt
1194 1521 502 45 pensionsförsäkringslagen
1716 1530 105 23 anses

221 1592 86 23 vara
332 1582 57 31 för
413 1580 149 33 handen
587 1580 68 33 hos
680 1580 82 41 den,
787 1590 80 22 som
893 1579 165 32 befinnes
1083 1577 53 32 till
1160 1576 90 43 följd
1275 1587 44 22 av
1344 1575 202 40 ålderdom,
1568 1575 150 42 kropps-
1736 1574 86 32 eller

221 1633 312 44 sinnessjukdom,
568 1634 196 33 vanförhet
800 1632 88 34 eller
925 1632 72 43 lyte
1034 1641 88 23 vara
1158 1641 44 23 ur
1237 1628 105 34 stånd
1372 1631 50 30 att
1446 1628 124 33 vidare
1595 1627 152 42 försörja
1772 1628 51 41 sig

221 1698 134 35 genom
381 1687 129 33 sådant
534 1688 134 39 arbete,
694 1698 80 22 som
799 1688 206 31 motsvarar
1029 1685 93 32 hans
1147 1683 136 33 krafter
1307 1682 69 33 och
1401 1681 229 43 färdigheter.

336 1741 300 43 Pensionstillägg
658 1740 227 33 tillkommer
908 1738 129 33 endast
1056 1737 84 40 den,
1157 1747 80 23 som
1258 1736 112 42 erlagt
1386 1735 94 33 vissa
1501 1733 323 45 pensionsavgifter

222 1796 71 32 och
334 1794 139 33 således
498 1798 93 29 även
625 1797 83 41 äger
737 1796 70 30 rätt
830 1792 52 33 till
908 1791 295 44 avgiftspension.
1250 1782 220 40 Ändamålet
1494 1788 84 32 med
1603 1787 221 43 folkpensio-

224 1848 253 43 neringslagen
507 1851 41 30 är
580 1846 204 35 emellertid
818 1849 50 30 att
891 1845 136 33 bereda
1052 1843 201 34 understöd
1279 1844 35 31 åt
1338 1842 167 43 samtliga
1529 1840 216 34 behövande
1770 1850 54 22 ar-

223 1901 270 34 betsinvalider.
543 1901 50 33 På
630 1900 120 45 grund
785 1900 115 33 härav
929 1902 84 41 äger
1036 1898 84 40 den,
1145 1908 80 22 som
1250 1896 89 33 efter
1363 1895 111 44 fyllda
1504 1895 41 33 15
1570 1896 40 31 år
1633 1894 116 32 bliver
1773 1893 51 33 till

223 1956 124 33 arbete
371 1955 178 44 varaktigt
567 1955 228 42 oförmögen,
817 1964 85 23 men
919 1953 58 32 för
993 1952 123 33 vilken
1133 1950 151 45 avgifter
1307 1950 52 32 till
1380 1948 213 35 erhållande
1611 1958 44 22 av
1672 1948 152 42 pension

223 2010 80 32 icke
333 2009 103 32 blivit
465 2008 157 43 erlagda,
648 2008 138 33 erhålla
813 2006 191 34 understöd
1028 2006 52 32 till
1106 2015 142 22 samma
1273 2003 135 44 belopp
1433 2013 80 22 som
1539 2001 286 44 pensionstilläg-

222 2065 58 41 get
315 2062 71 33 och
423 2062 89 33 efter
547 2061 45 33 de
628 2062 57 32 för
706 2061 100 32 detta
830 2059 167 44 gällande
1022 2058 142 33 villkor.
1212 2058 82 33 Rätt
1318 2056 51 32 till
1395 2056 116 43 dylikt
1537 2054 196 33 understöd
1759 2054 66 32 till-

224 2116 172 32 kommer
429 2115 96 33 dock
554 2115 82 33 icke
666 2114 83 41 den,
775 2124 80 22 som
885 2113 71 33 den
987 2113 16 32 1
1026 2112 150 43 januari
1205 2110 87 34 1914
1316 2109 77 44 fyllt
1416 2109 43 33 67
1487 2109 49 40 år,
1562 2108 70 33 och
1657 2108 29 42 ej
1714 2107 113 32 heller

224 2169 84 40 den,
334 2179 81 22 som
440 2169 46 32 då
511 2168 78 44 fyllt
614 2168 42 33 15
680 2169 42 32 år
746 2167 70 34 och
842 2170 40 30 är
906 2166 53 33 till
985 2166 122 33 arbete
1132 2164 178 43 varaktigt
1333 2163 216 43 oförmögen
1575 2164 92 30 samt
1684 2162 40 31 år
1742 2160 85 33 1913

225 2223 120 32 under
382 2222 245 43 sammanlagt
651 2232 81 22 mer
756 2224 47 30 än
827 2221 21 32 4
873 2219 179 34 månader
1075 2218 146 43 åtnjutit
1245 2217 65 33 full
1336 2216 221 43 försörjning
1581 2226 43 22 av
1650 2214 177 43 fattigvår-

225 2276 83 41 den,
334 2275 503 44 välgörenhetsinrättningar
861 2273 87 34 eller
973 2272 166 34 enskilda
1165 2281 185 33 personer.
