1874 2774
273 145 20 29 4
661 146 125 41 Tredje
809 147 245 40 lagutskottets
1078 148 179 31 utlåtande
1280 158 41 21 nr
1344 150 28 30 7.

273 226 141 29 nämnts
435 225 44 30 ha
500 226 193 31 emellertid
715 227 12 30 i
748 228 114 30 denna
883 228 54 30 del
959 229 279 31 motionärernas
1260 231 181 30 önskemål
1462 240 56 21 om
1541 232 187 40 utredning
1750 232 11 30 i

271 278 71 30 viss
365 279 82 29 mån
469 279 108 30 redan
599 280 242 39 tillgodosetts.

316 331 12 29 I
348 332 177 29 motionen
545 332 196 41 framlagda
761 333 129 41 förslag
909 337 51 28 att
979 335 320 31 lantbruksnämnd
1318 338 64 29 och
1402 337 356 31 länsbostadsnämnd

271 383 84 31 böra
373 384 185 41 inkopplas
576 386 44 39 på
636 386 403 41 planläggningsarbetet
1057 389 57 30 vid
1133 389 268 41 sjöregleringar
1419 390 42 39 gå
1479 391 192 30 emellertid
1690 392 71 30 del-

271 437 52 29 vis
346 438 120 30 utöver
488 439 66 29 vad
577 448 74 21 som
674 439 152 41 dryftats
848 441 57 29 vid
930 441 83 30 1947
1037 441 57 31 års
1117 442 153 40 riksdag.
1293 443 202 30 Detsamma
1517 445 97 29 torde
1637 445 122 30 kunna

272 491 100 38 sägas
391 500 57 21 om
468 491 68 30 den
555 501 42 21 av
616 493 261 30 motionärerna
896 504 97 20 mera
1014 495 140 39 flyktigt
1174 496 147 30 berörda
1343 496 133 39 frågan,
1496 497 118 30 vilken
1634 500 53 28 art
1707 508 53 20 er-

272 543 153 40 sättning
442 545 62 29 bör
521 545 81 40 utgå
619 545 56 30 vid
692 546 70 40 köp
780 556 41 21 av
838 547 184 30 strömfall.
1039 548 48 30 De
1106 549 229 39 synpunkter,
1354 559 74 20 som
1444 550 11 29 i
1472 550 101 30 dessa
1589 551 170 30 hänseen-

269 596 68 30 den
357 597 142 30 anföras
519 598 12 29 i
551 598 189 35 motionen,
761 599 84 30 böra
865 600 107 39 enligt
994 601 188 30 utskottets
1204 602 226 40 uppfattning
1452 603 188 40 lämpligen
1660 606 99 37 tagas

269 649 11 29 i
298 650 237 40 övervägande
552 651 57 30 vid
626 651 241 41 fullföljandet
885 663 43 21 av
945 654 230 30 förenämnda
1194 655 187 40 utredning
1398 657 148 29 rörande
1563 657 93 29 vissa
1674 657 84 30 änd-

268 702 118 40 ringar
415 703 11 30 i
453 704 231 40 vattenlagen.
713 705 176 31 Motionen
919 716 103 30 synes
1051 707 119 30 därför
1198 708 85 30 böra
1311 709 219 30 överlämnas
1560 710 52 30 till
1640 710 118 30 utred-

267 755 139 40 ningen.

311 809 77 30 Med
413 810 77 30 stöd
513 819 43 22 av
577 811 57 30 det
658 811 150 31 anförda
831 812 54 30 får
908 813 172 30 utskottet
1103 813 103 31 alltså
1229 815 196 34 hemställa,

618 866 50 28 att
690 865 188 40 riksdagen
899 866 109 30 måtte
1029 867 11 29 i
1063 867 166 30 skrivelse
1252 867 52 30 till
1326 868 125 39 Kungl.
1474 868 106 40 Maj:t
1602 869 152 34 anhålla,

574 919 50 28 att
643 917 229 31 förevarande
890 919 135 29 motion
1043 920 219 30 överlämnas
1283 920 51 30 till
1354 921 232 40 utredningen
1604 923 150 29 rörande

574 970 92 30 vissa
684 971 189 39 ändringar
890 972 11 29 i
917 973 221 39 vattenlagen
1156 973 54 30 för
1228 976 51 27 att
1297 976 97 37 tagas
1412 974 11 29 i
1440 975 237 39 övervägande
1697 975 56 31 vid

574 1023 220 39 fullgörande
822 1033 42 21 av
889 1025 79 30 dess
996 1026 168 39 uppdrag.

309 1127 200 31 Stockholm
532 1128 66 30 den
623 1129 41 30 24
688 1130 155 30 februari
867 1131 94 30 1950.

696 1218 50 30 På
767 1219 111 39 tredje
900 1219 247 40 lagutskottets
1168 1222 147 39 vägnar:

800 1290 114 29 ABEL
939 1290 274 31 ANDERSSON.

308 1508 64 30 Vid
393 1509 94 30 detta
509 1509 147 31 ärendes
680 1511 210 40 behandling
912 1512 46 30 ha
980 1513 155 30 närvarit

305 1571 79 29 från
417 1572 166 30 första
615 1573 222 31 kammaren:
861 1575 122 30 herrar
1005 1576 77 30 Carl
1105 1576 164 31 Edmund
1292 1578 179 34 Eriksson,
1493 1579 73 29 Nils
1589 1579 38 29 A.
1649 1579 103 30 Lars-

261 1624 73 25 son,
351 1616 271 35 Hermansson»,
641 1617 157 35 Werner,
817 1619 193 35 Eskilsson,
1029 1621 75 29 Ivar
1123 1621 182 35 Persson'+,
1325 1622 125 40 Grym:
1469 1624 65 29 och
1551 1624 199 35 Näslund»;

305 1677 77 30 från
446 1678 122 31 andra
597 1679 223 31 kammaren:
840 1681 121 30 herrar
980 1682 201 30 Andersson
1200 1683 11 30 i
1231 1684 128 35 Löbbo,
1380 1685 163 30 Ericsson
1562 1686 11 28 i
1593 1686 156 39 Sörsjön,

259 1721 201 31 Andersson
479 1722 10 30 i
509 1723 164 35 Mölndal,
693 1724 131 35 Utbult,
845 1725 200 31 Johansson
1064 1727 10 29 i
1095 1728 91 39 Torp
1206 1728 65 30 och
1291 1729 152 30 Jansson
1462 1730 11 29 i
1493 1730 193 39 Aspeboda.

296 1805 14 15 +
330 1802 34 32 Ej
385 1803 183 25 närvarande
588 1804 48 25 vid
658 1805 180 26 utlåtandets
858 1806 155 32 justering.

704 2445 72 26 Idutis
790 2446 112 28 tryckeri,
919 2450 89 22 Esselte
1024 2449 45 24 AB.
1085 2448 137 26 Stockholm
1239 2450 53 25 1950

945 2487 101 24 016221
