1880 2780
499 157 124 40 Tredje
646 156 245 40 lagutskottets
915 155 180 30 utlåtande
1117 165 42 20 nr
1181 155 29 30 7.
1582 155 18 30 3

109 241 50 28 att
179 238 70 31 låta
268 237 194 40 ersättning
482 238 55 29 för
557 237 127 30 skador
703 237 20 30 å
742 237 100 29 mark
861 237 64 29 och
946 236 91 31 fiske
1057 236 83 39 utgå
1158 235 36 30 in
1214 237 127 28 natura
1360 235 210 41 exempelvis
1588 235 12 29 i

110 284 91 29 form
226 293 42 19 av
292 283 111 33 mark,
429 283 85 38 skog
539 282 82 30 eller
643 283 129 28 vatten.

153 327 256 30 Diskussionen
427 327 93 30 föres
537 326 204 39 härigenom
758 327 80 29 över
855 326 52 30 till
926 325 125 39 frågan
1067 335 57 20 om
1141 325 95 30 olika
1253 324 347 40 ersättningsformer

110 372 54 30 för
185 372 138 30 enskild
346 371 259 30 skadelidande.
628 372 12 28 I
661 371 95 29 detta
776 370 199 30 hänseende
998 371 38 29 är
1058 370 171 29 utskottet
1250 379 43 21 av
1313 370 68 29 den
1401 369 198 39 meningen,

110 419 50 28 att
179 417 37 29 så
235 418 98 28 snart
351 416 176 30 skadorna
545 416 57 29 vid
621 415 281 40 uppdämningar
919 415 93 30 bliva
1031 424 41 20 av
1091 415 110 29 större
1220 414 223 39 omfattning,
1463 414 137 39 möjlig-

110 462 97 29 heter
224 461 84 29 böra
327 461 195 29 förefinnas
541 460 54 30 för
613 461 67 29 den
699 459 248 30 skadelidande
966 461 51 28 att
1036 459 76 29 utfå
1130 458 195 40 ersättning
1342 458 45 40 på
1405 460 108 28 annat
1532 459 68 29 sätt

110 507 45 28 än
172 506 11 28 i
199 505 205 40 penningar.
422 505 49 29 De
489 505 94 29 olika
600 505 131 29 former
748 504 54 30 för
819 503 195 40 ersättning
1032 503 54 30 för
1104 503 133 30 skadad
1255 503 111 34 mark,
1385 512 75 21 som
1478 503 121 29 därvid

110 551 11 28 i
141 550 111 30 första
271 550 93 29 hand
386 559 104 29 synas
510 550 121 29 kunna
650 549 267 38 ifrågakomma,
938 549 60 29 äro
1017 548 97 29 kraft
1134 549 64 28 och
1218 548 112 29 mark.
1351 548 65 29 Det
1436 547 164 39 erbjuder

110 594 203 39 visserligen
333 594 136 29 mindre
491 593 212 39 svårigheter
724 595 50 27 att
794 592 158 31 evalvera
971 592 319 39 dämningsskador
1310 592 11 28 i
1340 592 195 39 penningar
1556 592 44 29 än

110 639 10 29 i
140 639 93 29 olika
254 638 369 39 naturaprestationer,
643 647 81 20 men
742 637 44 30 då
805 637 57 30 det
881 637 55 29 för
955 637 103 29 dessa
1076 637 148 39 bygders
1243 636 147 30 bestånd
1410 638 38 28 är
1468 645 43 21 en
1530 636 71 29 oef-

111 683 157 39 tergivlig
296 682 263 39 förutsättning,
587 684 50 28 att
663 682 41 29 de
731 681 211 40 produktiva
967 681 146 34 krafter,
1142 690 74 20 som
1244 681 180 33 förstöras,
1452 681 149 29 ersättas

110 728 79 29 med
213 727 120 34 andra,
356 727 110 30 måste
491 727 107 39 enligt
620 727 188 29 utskottets
819 726 141 38 mening
972 726 68 29 alla
1050 726 105 38 vägar
1166 726 126 39 prövas
1304 727 49 27 att
1365 725 100 29 finna
1488 734 42 20 ur
1553 734 48 19 nu

111 772 149 39 angivna
291 772 218 39 synpunkter
539 770 297 39 ändamålsenliga
864 770 359 39 ersättningsformer.
1253 770 182 39 Knappast
1464 769 137 29 mindre

112 816 213 39 svårigheter
340 816 97 29 torde
453 817 95 28 möta
563 816 44 30 då
621 816 57 29 det
693 815 106 39 gäller
814 817 50 27 att
880 815 45 29 nå
940 815 93 29 fram
1048 814 52 30 till
1116 814 166 39 lämpliga
1298 814 130 29 former
1444 814 55 29 för
1514 815 88 38 gott-

111 861 132 39 görelse
263 870 42 20 av
325 860 128 30 skador
472 860 20 30 å
513 859 90 31 fiske
623 861 64 28 och
708 860 206 38 skogsbruk.
934 859 204 29 Emellertid
1158 859 111 29 måste
1290 858 120 30 försök
1430 859 101 38 göras
1551 860 50 27 att

111 905 189 30 övervinna
324 905 105 29 också
452 905 103 29 dessa
579 904 221 39 svårigheter.
825 904 53 29 En
901 903 188 39 utredning
1112 903 222 30 beträffande
1358 903 102 29 dessa
1484 902 117 39 frågor

112 959 102 30 synes
240 950 169 28 utskottet
435 948 246 40 ofrånkomlig,
707 948 116 30 därest
848 957 82 20 man
955 947 60 30 vill
1040 948 42 38 gå
1106 947 53 29 till
1183 948 120 29 botten
1328 947 79 29 med
1432 947 80 29 dem
1537 947 63 29 och

112 994 99 29 finna
231 993 159 30 radikala
409 993 205 30 botemedel.

155 1083 49 30 På
225 1083 212 30 hemställan
460 1092 41 21 av
525 1083 109 29 andra
656 1082 228 39 lagutskottet
907 1082 119 29 anhöll
1051 1081 81 30 1947
1157 1081 57 30 års
1237 1081 142 39 riksdag
1400 1081 12 29 i
1436 1080 165 30 skrivelse

116 1137 59 33 (nr
195 1136 80 34 313)
300 1136 52 30 till
372 1136 126 39 Kungl.
519 1136 106 39 Maj:t
644 1145 57 20 om
722 1135 191 40 skyndsam
933 1134 188 39 utredning

158 1190 34 33 1)
215 1199 42 20 av
274 1189 124 39 frågan
415 1199 57 20 om
489 1189 207 39 gottgörelse
713 1189 52 29 till
782 1189 89 38 bygd
890 1188 55 30 för
963 1188 120 34 skada,
1102 1197 75 20 som
1195 1187 198 30 föranledes
1411 1196 42 21 av
1469 1189 134 28 vatten-

112 1243 351 39 kraftanläggningar
484 1243 64 29 och
567 1242 343 39 vattenregleringar,
933 1244 90 27 samt

158 1296 35 34 2)
222 1296 222 30 beträffande
469 1296 270 39 möjligheterna
763 1297 50 28 att
836 1295 12 29 i
872 1295 99 39 fråga
995 1304 58 20 om
1078 1294 109 30 sådan
1212 1294 120 34 skada,
1358 1303 75 20 som
1456 1294 147 29 drabbat

112 1349 149 34 enskild,
283 1349 117 30 lämna
421 1349 112 29 denne
554 1348 194 40 ersättning
767 1349 11 28 i
798 1357 118 20 annan
936 1348 93 29 form
1050 1349 45 28 än
1115 1348 11 29 i
1145 1348 205 39 penningar.

159 1402 198 30 Skrivelsen
377 1401 263 30 överlämnades
660 1402 67 29 den
750 1401 38 29 16
809 1401 194 39 september
1027 1400 81 30 1947
1130 1410 42 20 av
1191 1400 127 39 Kungl.
1338 1400 107 39 Maj:t
1464 1400 53 29 till
1538 1399 67 29 den

113 1455 39 30 år
177 1455 81 30 1945
282 1455 146 29 tillsatta
451 1454 231 39 utredningen
706 1454 147 30 rörande
877 1454 91 30 vissa
990 1453 191 39 ändringar
1203 1453 10 29 i
1236 1452 218 40 vattenlagen
1478 1452 54 30 för
1555 1453 50 28 att

114 1510 97 37 tagas
241 1508 11 29 i
283 1508 237 39 övervägande
551 1507 57 30 vid
639 1507 234 39 fullgörandet
904 1516 42 21 av
976 1507 57 29 det
1064 1506 233 39 utredningen
1326 1506 162 29 lämnade
1519 1514 86 30 upp-

113 1562 131 38 draget.

157 1615 68 29 Till
251 1614 154 30 nämnda
431 1614 187 39 utredning
643 1615 45 29 ha
714 1615 86 29 även
826 1613 235 30 överlämnats
1087 1615 48 28 ett
1160 1613 117 29 flertal
1303 1611 302 39 framställningar

115 1667 79 30 från
212 1667 243 40 myndigheter
474 1668 64 29 och
557 1667 169 30 enskilda.
745 1667 154 29 Nämnas
917 1667 58 29 må
993 1667 11 29 i
1023 1666 169 30 samband
1211 1666 79 29 med
1310 1675 46 19 nu
1376 1664 228 31 förevarande

114 1721 133 29 motion
266 1730 44 20 en
328 1721 152 38 begäran
498 1721 39 29 år
559 1720 82 30 1946
659 1730 43 20 av
721 1720 197 30 dåvarande
938 1719 116 30 lokala
1072 1719 261 39 jordnämnden
1352 1718 10 29 i
1381 1719 225 29 Västernorr-

114 1773 101 30 lands
238 1774 68 33 län,
330 1775 50 28 att
401 1773 271 39 jordnämnden,
695 1773 198 30 dåvarande
916 1772 345 40 egnahemsnämden
1283 1772 82 29 eller
1388 1773 108 27 annat
1517 1771 89 28 lant-

114 1826 221 39 bruksorgan
360 1826 107 30 måtte
495 1826 132 30 erhålla
652 1826 11 29 i
691 1826 157 39 uppdrag
875 1828 50 27 att
951 1825 286 30 omhänderhava
1263 1825 42 29 de
1332 1823 274 40 fastighetsbild-

115 1879 233 39 ningsfrågor,
376 1888 75 20 som
479 1879 215 39 uppkommo
722 1879 11 29 i
761 1879 169 29 samband
958 1878 79 29 med
1065 1877 342 39 vattenregleringar,
1437 1878 91 28 samt
1556 1878 49 27 att

114 1932 263 29 beslämmelser
405 1932 178 39 angående
609 1931 306 39 handläggningen
942 1940 42 21 av
1011 1930 118 39 frågor
1156 1930 149 30 rörande
1333 1929 273 39 fastighetsbild-

116 1985 129 39 ningen
268 1985 10 28 i
302 1985 360 39 regleringsområden
686 1985 107 29 måtte
818 1984 126 39 inflyta
967 1984 11 29 i
1001 1983 232 39 vattenlagen.

161 2064 185 30 Utskottet.
371 2064 304 39 Angelägenheten
700 2066 49 27 att
773 2064 140 29 hämma
940 2063 369 38 skadeverkningarna
1332 2062 56 29 vid
1412 2064 195 36 vattlenreg-

117 2117 109 39 lering
253 2118 73 33 har,
355 2127 74 20 som
456 2118 152 33 nämnts,
636 2117 53 30 för
716 2117 76 29 icke
818 2117 99 39 länge
945 2117 107 29 sedan
1079 2116 348 39 uppmärksanunats
1453 2124 41 20 av
1520 2115 89 28 riks-

115 2170 122 39 dagen.
256 2170 97 29 Efter
370 2170 212 29 hemställan
599 2180 42 20 av
660 2169 81 30 1947
760 2170 57 29 års
834 2169 142 39 riksdag
994 2170 64 28 har
1077 2168 207 39 spörsmålet
1302 2168 235 29 överlämnats
1554 2167 52 29 till

116 2223 67 28 den
201 2223 38 29 år
261 2223 81 29 1945
362 2223 145 29 tillsatta
527 2223 232 38 utredningen
776 2222 148 29 rörande
942 2222 93 29 vissa
1054 2221 190 38 ändringar
1262 2221 10 28 i
1291 2221 230 37 vattenlagen.
1540 2220 68 28 En-

117 2274 61 39 ligt
198 2275 66 29 vad
287 2275 170 29 utskottet
478 2275 174 29 inhämtat
672 2276 64 28 har
758 2274 232 38 utredningen
1012 2275 94 28 ännu
1129 2273 75 29 icke
1226 2273 165 38 framlagt
1413 2272 104 38 något
1539 2272 69 29 för-

117 2328 73 38 slag
213 2328 10 28 i
247 2327 133 39 frågan.
404 2328 74 29 Den
502 2337 98 20 avser
621 2327 191 30 emellertid
836 2327 106 38 enligt
965 2326 93 30 årets
1080 2324 347 40 riksdagsberältelse
1451 2326 50 27 att
1526 2325 83 28 slut-

118 2380 76 29 föra
215 2380 60 29 sitt
296 2380 115 29 arbete
433 2380 111 29 under
565 2380 37 29 år
627 2380 93 29 1950.

163 2433 92 29 Även
281 2433 106 38 enligt
413 2433 189 29 utskottets
629 2432 140 39 mening
795 2433 38 29 är
858 2432 193 39 problemet
1077 2441 56 20 om
1159 2430 234 39 begränsning
1420 2440 41 20 av
1489 2430 121 29 skade-

118 2486 257 39 verkningarna
410 2485 56 30 vid
501 2485 291 39 valtenreglering
827 2495 41 20 av
903 2487 71 27 stor
1010 2484 104 30 social
1151 2484 177 29 räckvidd.
1364 2484 121 29 Såsom
1520 2492 87 21 ovan
