1874 2812
266 153 44 31 32
693 157 107 28 Andra
824 157 225 35 lagutskottets
1073 157 166 29 utlåtande
1261 166 39 19 nr
1324 159 49 27 50.

270 229 315 41 tagsbestämmelse
620 230 64 31 lätt
716 230 134 32 komma
884 234 49 28 att
966 231 152 31 medföra
1152 233 96 30 svåra
1270 231 251 32 konsekvenser
1545 232 54 31 för
1623 232 147 42 familjer

271 280 76 31 med
381 282 72 29 små
484 280 83 31 barn
600 292 121 30 genom
754 283 49 29 att
835 282 257 31 hembiträdena
1125 282 150 31 undvika
1305 284 51 29 att
1388 284 78 40 taga
1496 282 90 42 plats
1609 283 12 30 i
1644 283 125 31 sådana

272 331 149 41 familjer
438 331 81 31 eller
536 334 99 39 åtaga
653 332 52 41 sig
722 332 154 32 skötseln
894 344 40 19 av
951 333 92 38 barn,
1062 333 43 31 då
1123 333 41 31 de
1183 333 197 42 därigenom
1397 333 128 32 riskera
1543 335 49 30 att
1610 336 42 39 gå
1669 334 99 32 miste

266 392 57 20 om
345 393 42 19 en
409 382 138 38 förmån,
570 393 74 20 som
665 383 104 31 andra
788 383 236 31 hembiträden
1046 383 163 41 lagenligt
1230 386 57 29 äro
1308 384 262 32 tillförsäkrade.
1604 384 74 32 Och
1698 385 70 31 där-

270 432 52 31 till
343 443 43 20 en
406 444 41 20 av
467 433 40 31 de
528 433 179 38 förmåner,
729 444 73 21 som
822 434 256 31 hembiträdena
1099 436 88 30 sätta
1207 434 133 42 mycket
1361 437 88 29 stort
1468 435 101 31 värde
1590 437 52 39 på.

320 483 19 31 I
363 484 173 31 motionen
559 484 49 31 II:
623 484 62 31 496
708 484 61 31 har
791 484 117 41 yrkats
933 487 49 29 att
1005 496 41 20 en
1071 485 96 41 dylik
1191 485 431 42 undantagsbestämmelse
1647 486 120 32 endast

268 533 106 32 borde
394 534 89 41 gälla
501 534 215 32 beträffande
737 534 215 32 examtnerad
971 535 271 39 barnsköterska,
1264 546 73 21 som
1358 536 106 31 oftast
1482 536 133 41 intager
1634 547 42 21 en
1695 536 73 32 helt

268 594 110 22 annan
413 584 162 42 ställning
608 585 12 31 i
653 585 153 41 familjen
841 587 43 29 än
917 586 227 31 hembiträdet
1167 586 62 31 och
1251 597 76 20 vars
1352 586 205 34 arbetsavtal
1580 587 12 30 i
1615 587 92 41 regel
1730 589 36 29 är

267 635 136 31 baserat
430 637 43 40 på
499 635 265 39 bestämmelser,
793 636 193 42 uppgjorda
1012 648 40 20 av
1080 637 273 31 vederbörandes
1383 637 240 41 organisation.
1665 637 100 32 Gent-

267 688 90 29 emot
389 686 93 31 detta
512 686 61 31 har
604 687 204 31 framhållits
841 689 51 29 att
923 688 56 31 det
1010 687 75 32 dels
1105 698 81 21 vore
1208 689 92 30 svårt
1320 690 51 29 att
1392 688 166 31 definiera
1578 688 186 41 begreppet

262 736 219 32 examinerad
499 736 271 39 barnsköterska,
793 738 43 31 då
855 740 104 39 några
978 738 177 31 bestämda
1175 738 109 41 regler
1304 738 54 31 för
1377 738 387 32 barnsköterskeutbild-

262 787 129 41 ningen
411 787 69 32 inte
501 788 123 37 finnas,
646 788 63 31 och
728 788 75 31 dels
822 790 50 29 att
892 799 42 20 en
954 790 71 29 stor
1044 788 56 32 del
1121 788 148 42 familjer
1287 789 74 31 icke
1381 789 45 31 ha
1444 789 221 32 ekonomiska
1684 789 79 41 möj-

264 838 147 41 ligheter
435 840 50 29 att
509 838 91 31 hålla
626 838 54 42 sig
704 839 76 31 med
806 839 139 31 särskilt
971 839 156 31 utbildad
1152 839 273 32 barnsköterska.
1462 840 52 31 De
1540 840 145 31 sålunda
1710 851 52 20 an-

262 888 100 32 förda
394 887 116 33 skälen
541 900 103 30 synas
678 900 55 21 oss
764 889 160 32 bärande.
956 890 44 31 Vi
1031 890 128 41 påyrka
1180 890 115 31 därför
1316 890 123 31 endast
1459 890 105 32 sådan
1585 890 177 42 ändring
1742 883 24 53 i

262 939 257 41 ifrågavarande
541 941 167 40 paragraf,
732 942 49 29 att
804 940 221 38 hembiträde,
1051 952 74 20 som
1149 941 217 31 uteslutande
1391 941 61 30 har
1475 941 53 31 till
1552 941 137 42 uppgift
1713 944 48 28 att

263 990 97 31 sköta
391 990 93 39 barn,
517 990 29 31 d.
569 1002 30 20 v.
622 1002 26 20 s.
680 991 272 38 barnsköterska,
985 991 86 31 skall
1102 991 211 42 undantagas
1336 992 76 30 från
1434 991 203 42 stadgandet
1657 992 13 30 i
1690 992 19 31 9
1730 991 29 42 $,

261 1040 114 32 vilken
398 1040 63 32 bör
483 1041 128 31 erhålla
634 1041 150 41 följande
807 1042 144 41 lydelse:

312 1091 78 31 Den
411 1091 168 32 ordinarie
600 1091 211 32 arbetstiden
832 1092 96 38 skall,
950 1092 86 31 ändå
1056 1094 51 30 att
1126 1092 213 32 annorlunda
1359 1093 153 37 avtalats,
1534 1093 90 31 sluta
1645 1096 114 28 senast

260 1141 143 32 klockan
425 1142 46 31 19.
502 1142 76 31 Vad
598 1142 144 31 sålunda
762 1142 154 41 stadgats
937 1142 104 42 gäller
1061 1143 87 31 dock
1168 1143 30 41 ej
1219 1143 14 31 i
1253 1143 94 41 fråga
1368 1154 54 20 om
1442 1143 222 39 hembiträde,
1686 1154 71 21 som

260 1192 217 32 uteslutande
497 1192 61 31 har
579 1193 55 32 till
655 1193 135 41 uppgift
811 1195 51 28 att
884 1193 97 31 sköta
1000 1193 93 31 barn.

313 1259 212 40 beträffande
547 1262 41 29 10
610 1260 21 39 $
654 1260 12 31 i
688 1260 187 31 utskottets
896 1259 128 41 förslag
1047 1259 53 32 till
1123 1258 301 42 hembiträdeslag:

309 1310 121 31 Under
449 1310 206 41 hänvisning
675 1310 52 31 till
748 1311 41 31 de
810 1310 83 38 skäl,
915 1321 72 21 som
1007 1311 131 31 anförts
1160 1311 11 30 i
1192 1311 174 31 motionen
1387 1311 49 31 IT:
1450 1311 69 38 496,
1540 1312 83 41 yrka
1643 1312 42 38 vi,
1708 1315 48 29 att

257 1361 39 31 10
321 1360 21 41 8
368 1363 103 29 måtte
497 1361 127 31 erhålla
651 1361 150 41 följande
827 1361 143 41 lydelse:

309 1411 225 31 Hembiträde
553 1413 89 39 äger,
663 1411 86 31 ändå
767 1413 49 29 att
835 1413 103 29 annat
957 1411 152 38 avtalats,
1131 1411 132 41 åtnjuta
1281 1411 152 42 fridagar
1449 1412 12 31 i
1480 1412 104 32 minst
1603 1413 151 42 följande

254 1462 218 41 omfattning:

307 1512 31 40 a)
366 1523 170 20 varannan
559 1512 132 41 söndag
713 1512 81 31 eller
816 1523 112 20 annan
950 1512 123 31 allmän
1095 1512 147 41 helgdag
1264 1523 40 20 av
1326 1512 135 42 kyrklig
1482 1513 167 39 karaktär;

307 1563 34 40 b)
371 1574 42 20 en
438 1563 155 31 bestämd
619 1563 125 41 vardag
768 1562 94 42 varje
888 1562 101 32 vecka
1014 1563 88 31 efter
1126 1562 142 32 klockan
1295 1563 51 37 14;

307 1613 29 41 ce)
365 1614 67 31 den
454 1614 15 30 1
491 1613 64 42 maj
579 1613 89 31 efter
687 1613 141 31 klockan
851 1613 49 38 13,
923 1613 138 31 såframt
1082 1613 112 41 fridag
1215 1613 30 41 ej
1268 1613 135 41 jämlikt
1423 1614 202 41 stadgandet
1646 1615 107 31 under

252 1664 32 41 a)
312 1664 152 41 åtnjutes
486 1664 147 31 nämnda
657 1663 72 42 dag.

304 1730 31 41 4)
365 1742 41 20 av
423 1731 115 31 herrar
555 1730 266 32 Mannerskantz
840 1730 63 31 och
923 1730 76 31 Carl
1016 1728 81 33 Erie
1115 1730 163 32 Eriesson
1297 1733 89 29 samt
1404 1731 118 31 fröken
1541 1731 208 40 Andersson,

253 1781 89 32 vilka
363 1781 214 32 beträffande
601 1781 39 31 13
662 1780 21 42 $
704 1781 11 31 i
737 1781 186 31 utskottets
945 1781 128 41 förslag
1093 1781 55 31 till
1170 1781 288 42 hembiträdeslag
1479 1782 123 31 anfört:

303 1832 77 31 Den
415 1832 11 31 i
459 1832 125 41 Kungl.
620 1831 118 41 Maj:ts
773 1831 131 42 förslag
935 1831 139 41 intagna
1106 1831 264 32 bestämmelsen
1394 1834 50 29 att
1466 1832 207 42 gottgörelse
1696 1834 53 31 för

250 1883 117 31 arbete
390 1884 19 30 å
431 1882 130 31 övertid
583 1882 11 31 i
618 1882 107 31 första
745 1882 92 31 hand
860 1882 86 31 skall
968 1884 79 39 utgå
1068 1882 12 30 i
1102 1882 88 31 form
1212 1893 40 20 av
1273 1882 153 42 ledighet
1448 1883 106 31 under
1576 1883 66 31 den
1664 1885 84 30 ordi-

251 1933 94 31 narie
371 1933 210 31 arbetstiden
607 1942 102 31 synes
734 1943 78 21 vara
839 1932 66 31 den
931 1932 213 41 lämpligaste
1170 1933 77 31 med
1271 1933 134 41 hänsyn
1431 1934 53 30 till
1509 1934 41 31 de
1576 1934 170 32 skiftande

250 1984 246 37 förhållanden,
519 1994 73 21 som
614 1983 82 31 råda
716 1982 215 32 beträffande
953 1982 130 32 arbetet
1110 1982 6 31 i
1137 1982 164 32 hemmen.
1335 1982 96 33 Även
1452 1983 63 32 bör
1535 1984 140 32 särskilt
1695 1985 51 32 be-

251 2034 94 32 aktas
372 2037 50 28 att
448 2036 119 39 många
592 2033 146 38 hushåll,
766 2033 60 31 där
852 2033 206 31 husmodern
1086 2033 218 41 synnerligen
1330 2034 55 31 väl
1411 2034 149 32 behöver
1585 2035 96 42 hjälp
1706 2048 39 19 av

247 2085 214 31 hembiträde
480 2087 42 39 på
541 2084 111 42 grund
672 2095 39 20 av
731 2085 71 30 stor
821 2083 109 41 familj
952 2083 81 31 eller
1052 2085 103 29 annat
1175 2086 76 38 eget
1269 2084 126 38 arbete,
1415 2085 72 31 icke
1506 2085 87 31 hava
1612 2097 42 20 en
1674 2086 70 32 eko-

248 2136 92 31 nomi
376 2146 73 20 som
482 2135 47 31 tål
563 2135 59 30 vid
657 2145 42 20 en
723 2133 199 31 ekonomisk
944 2133 196 41 belastning
1163 2135 118 30 utöver
1304 2134 246 33 hembiträdets
1575 2136 168 33 ordinarie

247 2186 259 32 löneförmåner.
540 2185 81 31 Icke
645 2184 103 31 minst
771 2184 107 31 sedan
902 2184 165 31 utskottet
1091 2183 177 42 föreslagit
1291 2184 224 42 borttagande
1539 2197 41 20 av
1603 2186 140 33 bestäm-

248 2237 128 32 melsen
398 2237 11 30 i
431 2236 19 31 9
470 2235 21 42 8
510 2236 13 30 i
544 2236 96 40 fråga
661 2246 54 20 om
736 2234 167 32 utsträckt
923 2234 166 31 arbetstid
1110 2234 58 31 vid
1189 2234 321 41 jordbrukshushåll
1532 2237 108 32 under
1661 2248 81 22 som-

246 2287 225 31 marhalvåret
499 2287 64 30 kan
593 2286 184 31 utskottets
808 2286 130 40 förslag
967 2296 53 20 om
1050 2284 224 42 obligatorisk
1302 2284 144 31 kontant
1475 2282 266 32 övertidsersätt-

246 2337 82 42 ning
348 2337 133 31 komma
501 2339 49 29 att
570 2336 94 32 bliva
683 2336 218 41 betungande
922 2336 11 31 i
955 2336 41 31 de
1016 2336 70 37 fall,
1108 2347 74 20 som
1204 2335 101 31 därav
1324 2334 149 32 beröras.

296 2388 19 30 I
337 2387 185 41 anledning
542 2387 105 31 härav
669 2386 107 42 yrkas,
801 2388 50 29 att
875 2386 37 31 13
935 2385 20 42 8
977 2387 102 30 måtte
1104 2385 127 32 erhålla
1254 2385 65 31 den
1342 2385 12 30 i
1377 2383 259 43 propositionen
1658 2381 81 33 före-

243 2438 119 41 slagna
384 2437 163 42 lydelsen.

688 2571 129 19 Stockholm
830 2571 61 18 1944.
912 2571 27 18 K.
954 2571 23 17 L.
992 2570 127 18 Beckmans
1131 2569 159 22 Boktryckeri.
