1880 2812
537 152 110 28 Andra
670 152 226 36 lagutskottets
919 151 167 28 utlåtande
1109 160 37 18 nr
1175 151 49 28 50.
1613 146 20 30 9

131 224 141 33 binerad
286 225 77 32 med
377 225 228 42 övervakning
618 236 121 31 genom
753 224 133 42 statligt
900 235 113 31 organ.
1029 223 119 32 Redan
1162 223 77 32 med
1253 223 132 41 hänsyn
1399 222 53 31 till
1467 222 58 31 det
1540 223 93 30 stora

131 276 126 32 antalet
281 276 253 42 arbetsplatser,
559 276 137 31 varmed
719 286 78 22 man
820 275 93 31 inom
937 275 59 32 det
1017 274 136 42 husliga
1177 274 132 31 arbetet
1332 273 87 32 hade
1444 274 50 30 att
1519 272 112 37 räkna,

130 327 96 32 torde
248 338 42 21 en
312 327 228 42 övervakning
561 326 73 32 icke
656 337 79 21 vara
756 326 128 41 möjlig.
916 325 128 32 Därtill
1065 325 132 31 komme
1219 326 49 30 att
1291 324 64 32 den
1377 323 170 32 allmänna
1569 333 63 21 me-

131 378 127 42 ningen
281 378 113 32 kunde
419 378 174 31 förväntas
617 377 77 32 med
719 377 219 42 synnerligen
963 376 123 42 skärpa
1110 376 109 32 vända
1246 375 53 42 sig
1323 376 70 30 mot
1419 376 49 30 ett
1494 375 137 41 system,

131 440 72 21 som
228 430 183 31 förutsatte
437 440 41 21 en
504 428 121 42 statlig
649 428 230 41 övervakning
904 439 40 20 av
970 427 248 38 förhållanden,
1246 437 73 21 som
1345 426 98 31 rörde
1470 425 162 32 hemlivet

132 480 61 32 och
215 480 166 32 hemmen.

182 531 52 32 De
251 531 89 32 båda
357 531 215 32 återstående
590 531 234 37 alternativen,
843 530 90 31 vilka
951 541 41 20 av
1010 529 229 41 utredningen
1256 528 191 37 betecknas,
1468 527 165 41 förslaget

132 593 54 20 om
207 582 184 42 tvingande
413 581 218 42 lagstiftning
652 583 81 29 utan
755 580 228 41 övervakning
1004 578 284 42 huvudförslaget
1309 578 82 31 eller
1412 577 180 32 alternativ
1614 576 19 31 I

134 633 62 32 och
220 633 165 41 förslaget
409 644 54 20 om
488 632 183 42 dispositiv
695 631 217 42 lagstiftning
936 631 59 31 det
1017 629 202 32 alternativa
1243 629 163 41 förslaget
1430 628 84 32 eller
1537 627 95 32 alter-

131 687 92 31 nativ
245 687 48 38 II,
318 689 116 39 syntes
457 686 154 32 däremot
632 686 88 31 båda
743 696 80 21 vara
845 696 40 20 av
908 684 241 33 beskaffenhet
1172 685 50 30 att
1245 684 11 30 i
1280 683 63 32 och
1366 683 53 31 för
1442 682 55 41 sig
1519 682 114 31 kunna

131 738 173 41 godtagas.
337 737 166 31 Vartdera
524 737 216 31 alternativet
762 736 87 32 hade
872 736 74 31 sina
968 735 150 32 fördelar
1140 735 62 31 och
1224 734 76 32 sina
1321 733 188 32 nackdelar.

185 788 151 42 Enighet
362 788 61 32 har
449 788 73 32 icke
550 787 129 32 kunnat
706 789 134 40 uppnås
868 787 93 31 inom
989 786 227 41 utredningen
1244 784 173 43 angående
1445 783 188 33 vilketdera

130 839 226 38 alternativet,
380 850 72 21 som
475 838 107 32 borde
607 838 144 32 skänkas
775 838 125 31 förord.
935 837 222 41 Majoriteten
1181 836 61 32 har
1265 838 111 29 ansett
1399 834 234 42 övervägande

133 889 73 32 skäl
225 890 70 31 tala
314 890 55 31 för
387 889 291 42 huvudförslaget,
700 889 122 31 medan
843 900 42 20 en
905 888 150 32 ledamot
1074 887 147 32 bestämt
1242 886 152 32 förordat
1415 886 58 31 det
1493 885 140 32 alterna-

133 941 70 31 tiva
223 940 173 42 förslaget.
428 940 250 32 Förstnämnda
699 940 187 31 ledamöter
906 939 45 31 ha
971 938 190 32 emellertid
1181 957 43 4 —
1244 938 54 30 för
1319 937 65 31 den
1404 936 165 32 händelse
1591 947 42 20 en

133 992 218 42 lagstiftning
371 992 12 31 i
405 991 151 42 enlighet
577 991 77 31 med
675 990 283 41 huvudförslaget
980 989 110 32 skulle
1112 988 162 42 slutligen
1297 987 139 42 avböjas
1457 1006 43 4 —
1521 988 112 30 ansett

134 1042 53 42 sig
207 1042 85 32 böra
312 1043 12 30 i
346 1042 104 32 andra
471 1042 93 31 hand
586 1041 171 41 tillstyrka
780 1052 43 20 en
844 1040 107 41 enligt
974 1040 57 31 det
1054 1039 201 32 alternativa
1277 1038 162 42 förslaget
1461 1037 172 32 utformad

133 1094 226 43 lagstiftning.
392 1094 18 31 I
443 1093 152 42 enlighet
627 1092 140 32 härmed
799 1091 44 31 ha
874 1090 89 32 båda
995 1089 173 42 förslagen
1191 1089 174 41 framlagts
1388 1090 113 30 såsom
1524 1088 109 32 utred-

134 1146 143 41 ningens
298 1145 136 41 förslag,
455 1144 121 32 därvid
595 1143 85 31 dock
699 1153 42 21 en
761 1142 149 32 ledamot
928 1140 106 32 bland
1053 1140 216 41 majoriteten
1289 1139 152 31 förordat
1461 1150 42 20 en
1523 1150 110 20 annan

135 1196 211 42 utformning
370 1207 40 20 av
434 1195 58 32 det
516 1193 202 33 alternativa
742 1192 172 42 förslaget.
951 1191 77 31 Den
1053 1191 157 37 ledamot,
1237 1201 74 20 som
1335 1189 154 32 förordat
1513 1189 121 32 endast

134 1247 213 33 sistnämnda
365 1247 135 40 förslag,
519 1246 62 32 har
598 1246 113 30 ansett
728 1244 57 31 det
804 1254 40 21 av
861 1243 127 31 honom
1005 1241 144 32 sålunda
1166 1241 187 41 tillstyrkta
1369 1240 166 42 förslaget
1551 1240 83 32 böra

135 1300 11 31 i
167 1299 92 32 vissa
282 1298 95 32 delar
397 1298 166 31 utformas
586 1298 44 39 på
652 1297 102 30 annat
777 1296 69 30 sätt
868 1295 43 30 än
932 1293 66 31 vad
1020 1292 216 42 majoriteten
1259 1291 185 42 föreslagit.
1460 1310 10 8 -

183 1351 54 31 En
259 1349 108 42 enligt
387 1347 283 42 huvudförslaget
691 1346 173 32 utformad
886 1346 227 41 lagstiftning,
1137 1356 74 21 som
1233 1346 73 31 icke
1328 1345 229 42 begränsades
1581 1345 53 32 till

133 1401 120 32 enbart
287 1411 42 21 en
364 1399 169 42 reglering
557 1409 41 21 av
621 1397 276 32 hembiträdenas
923 1397 98 31 fritid
1045 1399 82 29 utan
1152 1397 132 31 komme
1310 1398 49 30 att
1384 1397 142 31 omfatta
1551 1398 84 30 även

132 1452 92 31 vissa
247 1451 106 32 andra
376 1451 122 41 frågor,
522 1449 108 32 borde
655 1449 108 41 enligt
786 1448 246 41 utredningens
1057 1447 137 42 mening
1218 1448 73 31 icke
1315 1448 12 30 i
1352 1447 66 32 alla
1443 1447 193 32 avseenden

133 1503 94 42 givas
251 1501 183 43 tvingande
458 1500 165 32 karaktär.
660 1499 198 42 Tvingande
882 1498 314 42 lagbestämmelser
1219 1498 107 32 borde
1352 1498 186 41 självfallet
1563 1497 73 32 icke

132 1554 121 31 träffas
272 1553 12 31 i
302 1552 105 32 andra
425 1551 61 32 fall
504 1553 43 29 än
566 1551 60 31 där
644 1553 49 29 ett
711 1550 112 31 direkt
843 1549 310 32 samhällsintresse
1171 1549 126 31 krävde
1316 1548 319 32 bestämmelsernas

133 1603 233 43 uppfyllande.
406 1602 61 32 Ett
496 1601 111 42 dylikt
636 1602 146 31 intresse
813 1600 150 41 förelåge
991 1599 217 33 beträffande
1238 1599 108 42 själva
1376 1599 260 32 fritidsbestäm-

133 1655 176 32 melserna.
346 1653 19 32 I
399 1653 94 41 fråga
528 1654 73 30 åter
636 1663 54 20 om
725 1652 94 31 vissa
853 1651 105 31 andra
983 1662 40 20 av
1048 1651 42 31 de
1115 1650 194 41 föreslagna
1333 1650 303 32 bestämmelserna

134 1708 116 39 syntes
271 1705 153 32 däremot
444 1706 49 30 ett
514 1704 122 31 sådant
656 1702 229 41 samhälleligt
905 1702 147 31 intresse
1073 1701 73 32 icke
1168 1701 174 42 föreligga,
1365 1701 11 31 i
1398 1701 61 31 allt
1481 1701 61 31 fall
1564 1701 72 32 icke

134 1767 40 21 av
193 1756 66 32 den
279 1755 115 42 styrka
413 1757 49 30 att
481 1754 168 42 lagregler
668 1765 40 20 av
727 1753 185 41 tvingande
932 1752 157 32 karaktär
1108 1754 117 39 syntes
1246 1752 217 32 motiverade.
1497 1751 19 32 I
1537 1752 100 31 dessa

134 1807 94 31 delar
254 1806 98 32 torde
380 1806 114 31 därför
521 1806 118 40 lagens
666 1804 257 32 bestämmelser
949 1803 85 32 böra
1060 1803 172 41 tillämpas
1261 1803 121 31 endast
1409 1803 42 31 då
1479 1805 159 39 parterna

134 1857 72 32 icke
231 1868 123 31 genom
378 1855 328 33 överenskommelse
731 1855 204 31 annorledes
961 1854 123 32 ordnat
1109 1854 60 31 sitt
1194 1853 288 32 mellanhavande.
1521 1853 117 41 Lagen

136 1908 92 40 finge
252 1908 12 30 i
288 1907 127 32 sådana
439 1906 61 31 fall
523 1906 55 31 sin
601 1905 178 42 betydelse
803 1915 121 30 genom
948 1906 51 29 att
1023 1903 65 31 den
1113 1903 208 41 förebyggde
1345 1902 228 41 uppkomsten
1596 1914 39 20 av

134 1958 121 31 tvister
273 1957 12 31 i
303 1957 126 32 sådana
446 1956 70 38 fall,
536 1957 61 31 där
614 1958 158 40 parterna
792 1956 30 41 ej
843 1955 107 41 själva
968 1955 12 30 i
1000 1954 118 41 förväg
1136 1954 147 41 reglerat
1301 1965 41 20 en
1362 1954 69 31 viss
1452 1954 104 41 fråga.

135 2050 51 26 De
204 2050 191 32 viktigaste
420 2048 316 27 bestämmelserna
763 2048 13 25 i
803 2048 133 26 huvud-

187 2092 181 33 förslaget.

189 2144 219 42 Tidpunkten
431 2144 43 31 då
497 2144 59 31 det
579 2143 170 32 ordinarie
773 2143 132 32 arbetet
929 2146 116 29 senast
1069 2143 86 32 skall
1179 2143 90 32 sluta
1292 2143 61 31 har
1376 2143 184 32 fastställts
1585 2142 53 32 till

135 2195 43 31 kl.
200 2195 48 31 19.
279 2195 19 30 I
318 2194 209 31 lanthushåll
547 2196 53 29 må
620 2194 94 37 dock,
735 2196 61 28 när
817 2194 89 31 avtal
927 2194 116 31 därom
1064 2194 146 37 träffats,
1234 2194 65 30 den
1322 2193 170 31 ordinarie
1514 2193 125 31 arbets-

137 2245 95 30 tiden
260 2245 54 30 för
341 2244 204 31 månaderna
571 2243 85 41 april
679 2243 214 41 —september
922 2243 90 31 sluta
1039 2245 115 29 senast
1179 2243 43 31 kl.
1252 2242 48 33 20.
1339 2242 219 41 Tidpunkten
1586 2242 53 30 för

138 2294 149 31 arbetets
306 2294 121 40 början
447 2295 43 39 på
509 2303 185 31 morgonen
713 2292 139 33 beröres
873 2292 30 41 ej
925 2293 10 30 i
956 2292 108 41 lagen.

192 2343 275 32 Övertidsarbete
507 2343 87 31 efter
633 2343 64 30 den
737 2342 170 31 ordinarie
946 2342 230 31 arbetstidens
1214 2341 71 31 slut
1322 2341 127 31 tillåtes
1477 2343 81 29 utan
1586 2341 53 31 be-

140 2394 185 41 gränsning
353 2394 10 30 i
392 2393 64 31 den
486 2392 214 41 omfattning,
728 2403 115 20 varom
871 2393 159 40 parterna
1057 2393 54 29 må
1137 2391 284 31 överenskomma.
1452 2390 81 31 Men
1551 2390 88 31 hem-

139 2444 150 31 biträdet
318 2446 36 28 är
384 2443 145 31 allenast
558 2443 11 30 i
600 2442 65 31 den
696 2444 77 29 mån
804 2442 88 31 avtal
923 2441 116 31 därom
1070 2441 135 31 träffats
1236 2440 151 41 skyldigt
1416 2440 115 31 utföra
1550 2441 90 30 över-
