1838 2784
238 150 39 29 38
632 158 388 34 Jordbruksutskottets
1045 164 181 30 utlåtande
1250 175 42 20 nr
1317 167 27 30 1.

990 253 245 39 Avlöningsstat.

552 315 25 29 1.
602 315 201 40 Avlöningar
825 317 49 30 till
898 319 160 30 ordinarie
1081 321 212 38 tjänstemän,
1317 323 181 40 förslagsvis
1518 349 26 7 ..
1592 327 61 31 406
1668 328 61 31 000

549 365 27 29 2.
600 365 155 31 Arvoden
783 368 59 29 och
868 369 159 31 särskilda
1053 372 229 39 ersättningar,
1310 374 172 31 bestämda
1509 385 41 21 av

600 415 122 40 Kungl.
747 417 104 40 Maj:t,
875 419 182 39 förslaägsvis8
1077 445 466 11 sssssssrrssersserssrrerr
1514 411 31 54 na
1633 429 18 29 4
1667 428 61 31 800

547 465 29 30 3.
600 466 202 40 Avlöningar
828 468 50 30 till
907 470 92 39 övrig
1026 471 247 32 icke-ordinarie
1302 475 158 38 personal,
1488 476 62 39 för-

598 516 134 39 SÅAQSVUS
750 542 792 15 mesreererrrrrerrerrerrrrer
1286 512 31 53 rr
1326 512 34 53 sr
1372 512 51 53 rss
1432 512 113 53 sees
1590 529 61 30 718
1666 530 61 30 200

546 566 29 30 4.
600 567 130 39 Rörligt
752 568 120 40 tillägg,
897 570 181 40 förslagsvis
1098 596 445 11 sssssssssssrrsrsrss
1452 562 51 53 rss
1512 562 34 53 ra
1591 579 61 30 293
1666 580 62 30 000

1259 650 133 31 Summa
1415 652 120 30 kronor
1559 654 13 29 1
1590 654 61 31 722
1664 655 71 36 000;

587 736 38 33 b)
649 736 53 30 till
719 737 137 31 Statens
875 739 391 35 veterinärmedicinska
1284 744 146 31 anstalt:
1448 745 214 41 Avlöningar
1681 748 55 30 för

544 785 205 40 budgetåret
782 788 148 37 1954/55
968 790 120 31 anvisa
1121 794 49 28 ett
1204 793 272 42 förslagsanslag
1499 806 42 21 av
1565 798 93 30 1722
1672 798 62 31 000

543 835 141 31 kronor.

275 965 94 34 64:0)
404 967 134 30 Statens
567 971 387 33 veterinärmedicinska
982 976 140 29 anstalt:
1156 977 262 33 Omkostnader.
1449 981 124 40 Kungl.
1605 983 124 39 Maj:ts

233 1015 129 43 förslag
381 1019 112 30 under
512 1022 160 38 punkten
693 1022 38 31 75
759 1023 41 34 (s.
823 1024 189 36 174—178)
1037 1027 145 32 innebär
1203 1031 325 40 anslagsanvisning
1548 1034 54 30 för
1624 1036 106 29 ända-

231 1066 103 31 målet
355 1070 80 30 med
458 1069 62 30 646
535 1071 61 30 500
618 1072 131 31 kronor
771 1075 80 30 eller
873 1075 41 30 28
929 1076 63 30 200
1014 1078 128 31 kronor
1164 1089 95 21 mera
1281 1082 44 29 än
1347 1084 244 30 motsvarande
1614 1086 114 29 anvis-

230 1116 83 41 ning
332 1118 55 30 för
406 1119 235 33 innevarande
661 1123 177 41 budgetår.

271 1192 392 44 Departementschefen
691 1199 63 30 har
781 1201 86 30 efter
893 1203 216 40 redogörelse
1137 1205 55 30 för
1219 1208 336 39 anstaltsstyrelsens
1583 1210 142 41 förslag,

228 1241 242 34 innefattande
492 1255 42 21 en
555 1248 273 43 anslagsökning
848 1254 79 29 med
949 1252 42 30 54
1005 1254 64 30 500
1088 1255 141 36 kronor,
1252 1258 116 30 anfört
1389 1259 166 39 följande.

274 1293 141 32 >Såsom
431 1298 321 40 anstaltsstyrelsen
768 1301 178 41 föreslagit
961 1304 62 30 bör
1037 1307 123 37 posten
1177 1307 52 30 till
1245 1308 168 39 sjukvård
1427 1319 45 20 m.
1487 1320 44 20 m.
1546 1312 79 30 med
1640 1312 86 31 hän-

229 1351 63 31 Syn
309 1345 52 29 till
376 1345 243 41 belastningen
636 1349 103 40 höjas
756 1353 78 29 med
852 1352 18 30 5
886 1352 63 31 000
968 1355 129 30 kronor
1113 1356 54 30 till
1188 1357 37 30 15
1241 1357 61 30 000
1320 1358 140 31 kronor.
1478 1360 126 32 Vidare
1621 1371 103 30 synes

228 1402 41 21 en
286 1394 68 30 viss
370 1397 225 40 uppräkning
611 1409 43 20 av
671 1401 177 39 delposten
866 1403 53 30 till
935 1404 118 40 övriga
1070 1414 168 32 expenser
1255 1417 82 22 vara
1351 1409 175 40 påkallad.
1543 1411 66 31 Det
1625 1414 99 29 torde

227 1444 188 32 emellertid
443 1456 82 22 vara
550 1447 201 43 tillräckligt
774 1461 56 20 om
854 1453 181 40 delposten
1057 1473 44 4 —
1125 1457 127 30 främst
1274 1459 46 37 på
1343 1461 114 36 grund
1481 1471 42 21 av
1546 1462 42 30 de
1611 1463 113 31 ökade

226 1493 236 35 kostnaderna
485 1497 53 31 för
560 1498 131 33 telefon
713 1518 44 4 —
778 1501 99 40 höjes
900 1505 81 30 med
1006 1505 93 32 1200
1122 1507 131 31 kronor
1276 1508 51 31 till
1350 1509 41 30 42
1406 1510 63 30 000
1492 1512 139 30 kronor.
1655 1513 69 30 Un-

226 1543 59 32 der
306 1545 180 40 delposten
508 1548 50 31 till
580 1548 109 42 inköp
712 1552 64 29 och
798 1553 184 33 underhåll
1004 1565 41 21 av
1066 1556 213 32 inventarier
1299 1559 62 31 bör
1382 1560 52 31 till
1456 1570 43 22 en
1519 1562 126 40 början
1667 1564 56 30 be-

224 1594 127 32 räknas
372 1598 49 29 ett
442 1597 205 33 oförändrat
667 1599 125 42 belopp
810 1612 44 21 av
877 1604 39 30 15
931 1604 63 30 000
1016 1606 130 31 kronor
1167 1608 53 30 till
1241 1609 147 40 löpande
1410 1611 144 40 utgifter
1573 1614 66 29 och
1660 1623 63 21 un-

224 1644 142 31 derhåll.
389 1646 76 32 Vad
488 1648 154 33 härefter
663 1652 108 40 angår
794 1654 188 38 styrelsens
1005 1656 140 41 förslag,
1169 1659 51 30 att
1243 1660 172 39 därjämte
1438 1662 88 31 skall
1549 1666 172 38 upptagas

224 1694 39 30 75
278 1695 61 31 000
362 1696 132 32 kronor
514 1699 54 30 för
588 1701 235 33 anskaffande
845 1713 42 22 av
907 1714 43 21 en
972 1715 47 30 ny
1039 1707 483 44 frystorkningsanläggning,
1544 1715 97 30 torde
1664 1715 57 30 det

223 1745 105 40 enligt
348 1747 74 31 min
444 1749 139 41 mening
602 1760 84 22 vara
708 1753 203 40 uppenbart,
933 1757 51 29 att
1004 1766 42 21 en
1067 1757 110 32 sådan
1199 1760 209 40 anläggning
1429 1762 112 31 skulle
1560 1765 162 30 medföra

222 1797 188 31 avsevärda
434 1798 95 31 såväl
551 1801 184 38 praktiska
758 1812 74 22 som
855 1803 229 34 ekonomiska
1107 1807 164 33 fördelar.
1293 1809 66 42 Jag
1381 1821 103 22 anser
1505 1813 72 39 mig
1599 1814 122 32 därför

220 1844 84 34 böra
326 1846 187 42 tillstyrka,
537 1853 50 28 att
610 1851 56 31 för
690 1853 198 32 ändamålet
912 1855 89 31 skall
1026 1857 138 32 anvisas
1189 1860 57 30 det
1268 1861 149 38 begärda
1441 1863 169 41 beloppet.
1633 1865 87 30 Där-

221 1896 57 31 vid
301 1897 100 40 utgår
424 1899 60 41 jag
508 1901 192 32 emellertid
725 1903 78 31 från
826 1906 50 30 att
902 1906 57 30 det
983 1907 179 42 samtidigt
1187 1910 88 31 skall
1299 1912 49 30 bli
1371 1912 138 41 möjligt
1532 1915 51 29 att
1606 1916 114 30 under

221 1945 41 31 de
281 1948 178 31 närmaste
477 1950 213 40 budgetåren
710 1954 81 37 göra
809 1954 237 44 besparingar,
1066 1958 95 31 vilka
1180 1959 211 34 åtminstone
1410 1964 194 31 motsvarar
1624 1965 95 31 kost-

219 1997 154 32 naderna
398 1999 57 31 för
479 2000 274 41 anläggningens
778 2005 245 32 anskaffande.
1048 2008 66 31 Till
1140 2009 125 40 frågan
1290 2020 56 22 om
1372 2012 95 31 vilka
1490 2013 227 43 besparingar

220 2054 75 22 som
315 2048 69 30 kan
405 2050 102 38 göras
528 2052 109 31 under
658 2053 239 41 nästföljande
916 2056 170 41 budgetår
1105 2058 237 33 återkommer
1359 2062 60 39 jag
1439 2063 12 29 i
1471 2063 56 31 det
1548 2064 168 41 följande.

218 2096 52 31 Då
288 2097 59 41 jag
368 2098 77 32 icke
466 2100 70 31 kan
555 2101 142 32 förorda
718 2104 116 39 övriga
854 2106 133 42 förslag
1007 2108 52 31 till
1079 2108 109 42 inköp
1209 2111 65 30 och
1292 2112 187 31 underhåll
1498 2123 42 22 av
1559 2114 158 33 inventa-

217 2146 78 35 rier,
319 2148 61 31 bör
406 2149 148 33 sålunda
578 2151 267 41 ifrågavarande
870 2157 137 39 delpost
1030 2159 55 30 för
1108 2161 104 30 nästa
1235 2161 169 41 budgetår
1426 2163 212 34 bestämmas
1662 2167 53 31 till

222 2195 57 34 (15
294 2197 61 31 000
382 2200 34 36 +
449 2199 39 31 75
503 2200 61 31 000
590 2202 58 34 =)
678 2203 41 30 90
733 2203 62 31 000
819 2205 140 36 kronor,
984 2207 106 31 vilket
1114 2208 11 30 i
1148 2210 203 39 jämförelse
1375 2214 79 30 med
1478 2213 236 34 innevarande

216 2246 166 41 budgetår
403 2250 146 32 innebär
568 2261 42 21 en
631 2253 133 42 ökning
783 2257 79 29 med
882 2256 42 30 62
939 2257 63 31 000
1023 2259 139 30 kronor.
1183 2260 120 40 Någon
1323 2264 319 43 medelsanvisning
1661 2267 53 30 till

215 2296 313 45 asfaltbeläggning
548 2311 43 21 av
612 2302 255 43 tillfartsvägen
888 2307 54 30 till
962 2309 174 30 anstalten
1158 2320 104 22 anser
1280 2312 59 41 jag
1360 2313 72 38 mig
1453 2314 162 41 slutligen
1636 2316 76 31 icke

216 2346 106 33 heller
340 2350 10 29 i
369 2349 40 30 år
427 2350 120 33 kunna
566 2352 188 40 tillstyrka.

258 2398 13 29 I
295 2398 55 30 det
373 2399 208 40 föregående
607 2402 65 30 har
694 2403 61 40 jag
777 2404 158 31 förordat
958 2407 314 41 anslagsökningar
1298 2411 19 30 å
1347 2411 35 34 (5
1398 2412 62 31 000
1486 2413 36 37 +
1551 2414 94 31 1200
1673 2415 37 37 +

215 2446 81 37 +62
312 2448 60 30 000
395 2450 59 34 =)
482 2450 41 30 68
535 2451 62 30 200
618 2453 141 31 kronor.
780 2453 26 30 Å
828 2456 110 30 andra
960 2457 99 30 sidan
1080 2460 38 29 är
1139 2460 192 32 emellertid
1352 2463 93 30 vissa
1467 2464 244 40 minskningar

211 2497 152 40 möjliga.
384 2499 70 30 Till
473 2510 41 20 en
534 2501 125 40 början
680 2503 157 32 kommer
858 2506 149 31 sålunda
1027 2509 278 33 medelsbehovet
1325 2513 111 31 under
1457 2513 179 41 delposten
1657 2515 53 30 till
