1842 2792
492 172 388 31 Jordbruksutskottets
904 173 179 30 utlåtande
1105 183 44 20 nr
1172 173 29 31 1.
1559 172 35 31 51

97 256 85 39 ning
197 255 112 31 skulle
324 256 170 30 medföra.
510 256 165 30 Däremot
691 265 102 21 anser
809 256 52 39 sig
877 257 171 29 utskottet
1064 257 122 29 kunna
1204 257 146 39 godtaga
1367 257 67 29 den
1450 257 145 39 lösning,

96 314 75 21 som
193 306 154 31 anvisats
368 307 11 29 i
401 307 228 31 motionerna,
651 307 177 30 Utskottet
849 307 193 40 tillstyrker
1063 307 159 35 sålunda,
1244 309 50 28 att
1315 308 41 29 de
1376 308 124 34 medel,
1523 317 74 21 som

96 356 219 31 fortfarande
336 358 38 29 är
394 357 83 30 eller
497 358 158 29 kommer
675 359 50 29 att
746 358 47 29 bli
813 357 216 40 tillgängliga
1050 358 72 30 dels
1144 358 20 30 å
1184 358 318 34 hästavelsfonden,
1524 358 73 30 dels

97 406 20 30 å
135 407 41 29 de
195 406 12 29 i
224 406 219 31 motionerna
463 408 160 29 närmare
642 408 150 39 angivna
810 409 165 39 posterna
994 408 110 30 under
1122 408 403 39 reservationsanslaget,
1544 408 54 30 får

98 457 180 30 användas
298 458 54 30 för
370 458 268 39 ifrågavarande
657 458 174 31 ändamål.

141 507 75 30 Vad
238 508 154 30 härefter
414 508 108 39 angår
542 509 173 39 yrkandet
737 509 11 29 i
770 509 219 30 motionerna
1012 509 83 30 1:77
1120 509 66 30 och
1212 510 45 29 II:
1276 510 60 30 100
1360 511 91 28 samt
1475 510 44 29 II:
1535 510 62 30 474

97 557 56 30 får
170 558 171 30 utskottet
356 577 45 3 —
417 559 111 29 under
546 559 212 40 hänvisning
776 560 51 29 till
846 560 67 29 den
933 559 218 41 ståndpunkt
1170 560 160 39 fjolårets
1350 560 142 40 riksdag
1511 561 88 29 inta-

97 608 48 39 git
163 607 54 30 till
234 608 124 40 frågan
374 627 44 3 —
435 610 164 39 avstyrka
616 610 101 29 bifall
734 610 52 29 till
803 611 206 29 detsamma.

142 659 374 41 Medelsberäkningen
545 661 64 29 och
639 662 67 29 vad
736 661 12 29 i
778 660 112 40 övrigt
921 661 198 39 föreslagits
1152 662 112 29 under
1296 662 300 40 anslagspunkten

97 709 200 30 föranleder
320 710 103 39 ingen
446 711 188 29 utskottets
658 712 151 29 erinran.

141 760 118 29 Under
277 760 219 40 åberopande
517 770 42 21 av
577 761 57 30 det
653 761 149 30 anförda
820 762 203 29 hemställer
1041 763 181 33 utskottet,

452 813 50 28 att
521 811 188 40 riksdagen
730 812 58 30 må

453 861 34 35 1)
514 862 80 30 med
616 862 101 30 bifall
741 862 53 30 till
817 863 127 39 Kungl.
969 863 122 39 Maj:ts
1117 863 262 41 framställning
1404 866 91 28 samt
1519 865 78 29 med

406 912 119 39 avslag
545 912 19 30 å
584 912 221 31 motionerna
826 914 28 29 I:
871 913 39 30 77
933 913 65 31 och
1019 914 45 29 II:
1081 914 61 30 100
1165 917 90 27 samt
1276 915 45 29 II:
1338 914 63 30 474
1423 915 53 29 till
1497 916 101 29 Häst-

405 962 119 30 avelns
546 962 241 40 befrämjande
811 963 54 30 för
884 964 205 39 budgetåret
1112 964 149 36 1954/55
1282 965 121 30 anvisa
1423 967 48 29 ett
1491 975 107 20 reser-

405 1013 261 40 vationsanslag
684 1023 42 21 av
747 1015 14 28 1
778 1014 63 30 274
855 1014 63 30 400
938 1014 144 36 kronor;
1105 1017 92 28 samt

451 1063 36 32 2)
515 1064 78 29 med
616 1063 102 30 bifall
741 1064 52 29 till
816 1065 220 29 motionerna
1059 1065 28 29 1:
1102 1066 63 29 262
1191 1066 64 29 och
1280 1066 44 30 II:
1341 1066 63 30 320
1428 1060 168 46 medgiva,

406 1115 51 28 att
478 1113 12 29 i
512 1114 56 29 det
590 1114 209 39 föregående
821 1115 163 30 närmare
1008 1115 150 39 angivna
1180 1116 227 40 besparingar
1431 1117 107 30 måtte
1562 1117 36 30 få

405 1165 98 38 tagas
539 1165 11 29 i
587 1164 155 40 anspråk
778 1165 56 30 för
868 1165 150 40 höjning
1057 1175 42 22 av
1124 1167 392 40 uppfödningspremier
1543 1168 54 30 för

405 1214 239 41 varmblodiga
674 1215 65 30 och
769 1216 241 30 nordsvenska
1039 1217 120 29 hästar
1189 1217 53 30 till
1272 1227 42 21 av
1341 1218 259 40 lantbrukssty-

406 1265 114 29 relsen
540 1265 199 40 föreslagna
759 1266 135 40 belopp.

138 1397 100 34 50:0)
266 1397 337 37 Nötboskapsavelns
628 1400 253 35 befrämjande:
905 1401 244 36 Befrämjande
1171 1403 11 28 i
1205 1403 186 30 allmänhet
1414 1413 42 20 av
1478 1405 119 29 nötbo-

94 1446 219 36 skapsaveln.
333 1448 124 37 Kungl.
478 1449 101 36 Maj:t
598 1449 63 30 har
683 1450 109 29 under
811 1451 156 36 punkten
987 1451 39 29 59
1049 1451 43 34 (s.
1114 1452 179 35 140—141)
1319 1453 11 29 i
1349 1453 150 38 enlighet
1520 1455 77 29 med

96 1497 377 41 lantbruksstyrelsens
503 1499 130 40 förslag
661 1500 179 30 hemställt
869 1510 56 21 om
955 1501 213 30 oförändrad
1197 1503 319 41 medelsanvisning
1543 1505 55 29 för

96 1547 211 31 ändamålet.
327 1549 127 30 Vidare
474 1550 63 29 har
557 1550 126 39 Kungl.
708 1550 105 40 Maj:t
832 1551 190 40 föreslagit,
1044 1554 49 27 att
1116 1553 39 29 13
1178 1552 16 37 $
1215 1554 233 39 kungörelsen
1470 1555 66 29 den
1559 1554 37 31 13

97 1597 147 30 oktober
270 1599 81 30 1950
383 1599 58 33 (nr
466 1599 80 35 530)
576 1600 179 40 angående
780 1601 244 40 befrämjande
1049 1602 11 29 i
1085 1603 193 30 allmänhet
1303 1613 42 22 av
1369 1605 230 41 nötboskaps-

95 1647 102 29 aveln
214 1648 89 30 skall
321 1650 127 30 ändras
468 1650 47 36 så,
532 1652 50 28 att
599 1651 158 30 ansökan
775 1660 54 20 om
846 1652 217 38 statsbidrag,
1082 1662 75 21 som
1173 1663 98 21 avses
1288 1654 10 29 i
1315 1655 29 34 5,
1362 1655 17 29 7
1398 1656 82 29 eller
1499 1657 38 29 12
1558 1656 37 37 88

96 1698 157 29 nämnda
275 1699 219 39 kungörelse,
522 1700 89 30 skall
635 1702 101 37 göras
761 1702 63 30 hos
849 1703 171 38 styrelsen
1044 1703 74 30 före
1143 1704 67 29 den
1238 1705 14 29 1
1279 1715 93 20 mars
1398 1706 57 30 det
1480 1707 118 29 kalen-

96 1747 112 35 derår,
227 1748 55 30 för
298 1749 107 30 vilket
422 1750 156 39 bidraget
596 1760 98 21 avses
713 1752 98 30 skola
828 1752 93 40 utgå,
939 1753 82 29 eller
1038 1753 56 31 vid
1113 1763 136 21 samma
1268 1755 165 40 tidpunkt
1452 1766 74 21 som
1544 1767 54 21 ve-

96 1798 217 30 derbörande
330 1800 154 39 sällskap
502 1801 105 39 enligt
623 1801 310 31 bestämmelserna
950 1803 11 29 i
981 1804 36 29 11
1047 1803 7 37 8
1073 1813 136 23 samma
1226 1806 208 39 kungörelse
1452 1809 37 28 är
1507 1809 91 38 skyl-

96 1848 73 39 digt
193 1850 51 28 att
267 1850 119 39 avgiva
409 1850 183 30 berättelse
617 1852 80 29 över
722 1853 66 28 den
816 1854 327 30 statsunderstödda
1167 1855 431 40 tjurhållningsverksam-

95 1898 105 30 heten
218 1899 94 30 inom
331 1900 208 39 sällskapets
558 1901 142 30 område
718 1903 110 29 under
847 1903 289 40 nästföregående
1155 1905 48 29 år.

141 1974 184 31 Utskottet.
348 1976 126 39 Kungl.
497 1976 123 39 Maj:ts
643 1978 132 40 förslag
796 1978 199 31 föranleder
1017 1979 102 40 ingen
1143 1981 140 30 erinran
1307 1982 79 30 från
1409 1985 187 29 utskottets

97 2024 86 30 sida.
205 2025 176 30 Utskottet
400 2026 202 30 hemställer
624 2027 159 35 sålunda,

450 2078 50 28 att
523 2077 187 39 riksdagen
732 2078 59 30 må
812 2078 53 30 till
887 2079 343 40 Nötboskapsavelns
1255 2082 258 41 befrämjande:
1537 2086 61 29 Be-

402 2127 201 39 främjande
637 2128 11 29 i
680 2128 191 30 allmänhet
904 2139 42 20 av
978 2131 317 40 nötboskapsaveln
1318 2134 54 30 för
1394 2134 203 40 budgetåret

409 2177 147 35 1954/55
575 2178 121 30 anvisa
714 2180 47 27 ett
779 2179 121 39 anslag
917 2189 43 20 av
977 2180 60 29 367
1053 2181 62 29 500
1134 2182 140 30 kronor.

139 2307 99 33 91:0)
264 2308 140 30 Diverse
424 2309 157 35 åtgärder
602 2311 42 34 på
666 2311 288 34 husdjursavelns
976 2314 139 29 område
1136 2324 43 19 m.
1201 2325 43 19 m.
1267 2315 123 38 Kungl.
1412 2317 102 36 Maj:t
1534 2319 63 29 har

94 2357 112 29 under
227 2358 157 39 punkten
408 2359 37 28 61
476 2358 41 34 (s,
543 2359 188 36 144—147)
760 2361 178 39 föreslagit
961 2362 184 40 riksdagen
1169 2366 50 28 att
1241 2366 54 29 för
1318 2367 199 30 ändamålet
1538 2378 59 21 an-

93 2407 74 29 visa
189 2409 48 27 ctt
258 2408 203 30 oförändrat
482 2409 120 40 anslag
623 2420 42 20 av
689 2411 61 29 185
765 2412 62 28 200
848 2412 141 30 kronor.

138 2458 375 40 Lantbruksstyrelsen
540 2460 62 29 har
630 2461 9 28 i
667 2461 166 29 skrivelse
859 2462 66 29 den
956 2463 12 28 1
999 2464 193 39 september
1224 2466 81 30 1953
1332 2467 187 36 hemställt,
1546 2472 50 28 att
