1854 2784
220 164 59 30 102
612 165 390 30 Jordbruksutskottets
1027 166 177 30 utlåtande
1227 176 43 20 nr
1293 167 28 29 1.

221 251 107 27 annat
345 248 179 40 föreslagit
541 250 48 28 att
605 249 41 29 de
663 248 9 29 i
689 248 423 30 havsfiskelaboratoriets
1130 249 300 31 omkostnadsstat
1447 252 177 38 upptagna
1641 260 78 31 pos-

221 299 98 29 terna
343 299 50 29 till
418 298 323 39 reseersättningar,
766 299 51 28 till
841 299 119 39 övriga
985 308 174 30 expenser,
1184 299 53 30 till
1262 300 341 40 publikationstryck
1628 303 91 28 samt

220 349 54 29 till
300 350 227 28 instrument-
554 349 62 29 och
643 349 401 30 laboratoriekostnader
1071 350 89 29 skall
1187 351 202 38 uppräknas
1417 352 79 28 med
1524 352 194 39 respektive

221 398 18 30 3
255 399 61 29 000
336 399 130 30 kronor
485 400 52 29 till
559 399 38 29 12
614 400 60 29 100
695 399 139 34 kronor,
858 400 93 29 1000
972 400 129 30 kronor
1120 400 53 29 till
1195 400 17 29 7
1228 400 61 30 000
1310 401 140 33 kronor,
1473 402 17 29 2
1506 402 61 29 000
1588 403 131 29 kronor

219 449 53 30 till
297 450 35 29 11
348 450 61 30 000
432 450 133 30 kronor
586 453 89 27 samt
699 450 16 29 7
733 450 61 29 000
817 450 130 29 kronor
969 450 53 29 till
1045 450 40 30 28
1099 450 62 30 000
1184 451 139 29 kronor.

265 499 65 30 Till
353 501 76 29 stöd
452 500 54 31 för
529 501 239 37 nyssnämnda
791 500 129 39 förslag
943 500 64 30 har
1030 500 294 40 fiskeristyrelsen
1345 501 129 35 anfört,
1497 502 222 31 beträffande

220 551 122 38 posten
362 551 52 28 till
434 551 314 38 reseersättningar
769 552 49 28 att
837 551 204 30 nuvarande
1059 551 200 40 reseanslag
1279 553 37 29 är
1337 552 225 40 otillräckligt
1582 554 65 29 och
1669 554 49 29 att

220 601 359 29 ostkustlaboratorns
604 601 379 39 undersökningsresor
1009 601 185 30 framdeles
1219 602 157 30 kommer
1401 604 50 28 att
1476 603 108 30 kräva
1608 605 110 29 större

221 651 119 39 anslag
360 653 91 28 samt
469 651 220 30 beträffande
708 653 123 38 posten
849 652 56 30 till
921 652 119 39 övriga
1059 661 167 31 expenser
1245 655 49 27 att
1313 662 44 20 en
1374 653 148 39 höjning
1542 654 176 30 erfordras

219 708 124 31 genom
362 702 217 30 tillkomsten
600 711 41 21 av
661 703 154 29 nämnda
834 702 308 39 laboratorstjänst
1164 703 55 30 för
1239 703 257 30 ostkustfisket.
1518 704 200 40 Höjningen

219 760 42 22 av
285 754 121 37 posten
430 752 55 29 till
510 752 341 39 publikationstryck
875 753 64 29 har
964 753 201 30 motiverats
1192 753 78 30 med
1295 754 121 30 kravet
1441 754 45 39 på
1510 756 50 30 att
1585 755 133 30 erhålla

219 803 111 29 medel
350 803 53 29 för
422 802 216 40 publicering
657 812 43 21 av
721 803 40 30 de
781 803 261 40 vetenskapliga
1062 804 501 40 ostkustundersökningarna.
1584 805 134 30 Beträf-

219 853 105 30 fande
347 854 124 38 posten
495 853 52 29 till
570 853 227 30 instrument-
820 854 65 29 och
909 854 400 30 laboratoriekostnader
1333 855 65 31 har
1422 855 296 40 fiskeristyrelsen

218 903 118 30 anfört
354 903 169 39 följande.

264 971 239 29 Laboratoriet
526 971 205 39 disponerar
755 980 47 20 nu
828 972 122 29 endast
976 973 48 28 ett
1049 973 108 28 större
1183 972 214 40 mikroskop,
1423 975 215 37 gemensamt
1664 973 54 30 för

220 1013 52 29 tre
290 1013 223 30 laboratorer.
533 1014 63 29 Det
615 1014 256 38 oundgängliga
889 1014 199 39 ytterligare
1107 1014 147 30 behovet
1273 1015 99 38 utgör
1391 1016 50 28 ett
1460 1016 109 29 större
1589 1015 130 30 mikro-

220 1055 87 39 skop
336 1055 62 29 och
429 1057 48 27 ett
507 1064 25 20 s.
562 1056 31 28 k.
622 1056 383 39 preparermikroskop.
1035 1057 65 28 För
1129 1056 230 39 anskaffning
1386 1066 45 20 av
1459 1058 99 29 dessa
1588 1057 130 30 mikro-

220 1097 86 39 skop
328 1097 61 29 bör
412 1097 141 30 anvisas
576 1099 46 28 ett
645 1097 280 40 engångsbelopp
950 1108 43 20 av
1015 1098 17 30 3
1047 1098 61 30 000
1132 1099 140 30 kronor.
1296 1099 63 29 Det
1383 1100 202 29 nuvarande
1608 1099 110 40 årliga

219 1139 155 39 anslaget
398 1139 20 29 å
443 1139 118 30 21000
585 1139 129 30 kronor
739 1140 52 29 till
814 1140 228 29 instrument-
1067 1141 62 29 och
1156 1140 398 31 laboratoriekostnader
1580 1143 37 28 är
1643 1151 74 20 som

219 1181 167 39 påpekats
407 1182 113 29 under
540 1191 41 19 en
601 1181 80 40 lång
702 1181 89 40 följd
812 1191 40 21 av
873 1182 37 29 år
937 1182 62 33 (IX
1019 1183 37 29 ht
1079 1182 91 34 1953,
1193 1192 25 20 s.
1241 1182 79 35 244)
1346 1183 225 39 otillräckligt
1592 1184 54 29 för
1667 1185 50 28 att

217 1223 180 38 tillgodose
417 1223 156 30 behoven
594 1224 53 29 för
670 1227 51 26 tre
742 1224 261 40 vetenskapliga
1024 1224 237 30 institutioner
1281 1226 44 38 på
1346 1226 93 29 olika
1460 1226 139 38 platser,
1621 1227 97 28 näm-

218 1265 90 38 ligen
335 1265 241 30 laboratoriets
600 1266 225 38 avdelningar
848 1267 11 28 i
883 1267 151 38 Lysekil,
1062 1267 44 29 St.
1131 1267 115 29 Bornö
1271 1267 63 30 och
1359 1267 180 39 Göteborg.
1564 1268 52 29 En
1641 1268 77 39 höj-

217 1308 84 38 ning
319 1317 41 21 av
378 1308 216 38 årsanslaget
614 1308 50 29 till
684 1309 41 28 25
740 1308 62 29 000
821 1309 130 29 kronor
972 1309 69 28 kan
1061 1309 118 29 därför
1200 1309 75 29 icke
1296 1309 117 39 längre
1433 1309 222 40 uppskjutas.

262 1383 259 30 Statskontoret
541 1384 62 29 har
623 1384 11 29 i
655 1383 138 39 avgivet
813 1384 162 39 yttrande
998 1384 115 29 anfört
1135 1384 167 39 följande.

262 1442 227 30 Beträffande
509 1443 40 29 de
569 1452 41 20 av
628 1442 298 39 fiskeristyrelsen
945 1442 167 39 förnyade
1133 1443 349 40 framställningarna
1503 1444 51 29 till
1573 1445 68 28 den
1662 1443 55 30 del

217 1485 101 29 dessa
343 1485 29 38 ej
400 1485 162 29 beaktats
588 1494 41 20 av
656 1485 84 29 1953
768 1485 55 29 års
850 1485 143 39 riksdag
1018 1485 60 29 bör
1105 1485 114 39 någon
1246 1485 147 39 ändring
1420 1486 76 29 icke
1523 1486 156 39 vidtagas
1706 1487 11 28 i

217 1527 107 30 redan
343 1526 185 39 medgiven
546 1526 329 39 medelsanvisning,
897 1526 44 30 då
962 1526 107 40 några
1090 1536 67 29 nya
1179 1527 76 29 skäl
1277 1527 29 39 ej
1330 1527 136 30 anförts
1489 1527 53 31 för
1564 1528 40 29 de
1626 1528 91 39 ånyo

218 1569 194 29 framförda
436 1568 141 30 kraven.
601 1568 276 39 Anslagsposten
899 1568 55 30 för
978 1569 226 29 instrument-
1229 1569 64 29 och
1315 1569 401 31 laboratoriekostnader

217 1611 58 29 vid
302 1610 405 31 havsfiskelaboratoriet
736 1611 63 30 har
827 1610 198 39 föreslagits
1053 1611 89 29 ökad
1171 1611 80 29 med
1279 1611 94 30 4000
1402 1612 140 29 kronor.
1571 1612 144 30 Erinras

216 1652 68 34 må,
306 1655 48 27 att
374 1654 125 37 posten
520 1652 107 29 under
649 1661 122 21 senare
792 1652 37 30 år
851 1653 189 29 successivt
1060 1653 228 40 uppräknats,
1310 1653 53 30 för
1383 1654 204 38 budgetåret
1611 1654 105 35 1951/

217 1695 41 30 32
277 1695 75 29 med
370 1695 62 29 500
451 1695 129 29 kronor
597 1695 63 29 och
680 1695 147 34 1952/53
844 1695 79 29 med
940 1695 198 39 ytterligare
1159 1695 94 30 1500
1270 1695 139 30 kronor.
1428 1696 67 29 För
1512 1696 204 39 budgetåret

219 1736 147 35 1953/54
386 1736 166 39 begärdes
572 1736 198 40 ytterligare
791 1737 18 29 2
823 1737 61 29 000
905 1737 140 33 kronor,
1067 1746 78 20 men
1165 1737 252 39 föredragande
1439 1737 186 31 statsrådet
1647 1738 69 29 för-

216 1778 142 30 klarade
379 1779 51 38 sig
451 1779 44 29 då
515 1778 74 30 icke
609 1779 122 29 kunna
752 1779 139 29 förorda
911 1779 117 39 någon
1048 1779 147 39 höjning
1215 1789 42 20 av
1276 1780 132 39 posten.
1431 1780 12 29 I
1466 1780 150 39 enlighet
1636 1780 80 29 här-

216 1821 79 29 med
319 1821 132 29 fattade
476 1821 185 38 riksdagen
688 1821 59 29 sitt
771 1820 112 30 beslut
907 1821 10 29 i
940 1821 136 39 frågan.
1102 1821 77 30 Med
1203 1821 137 39 hänsyn
1364 1821 53 30 till
1442 1822 67 29 den
1533 1822 181 39 prövning,

217 1870 76 21 som
312 1863 149 38 angivna
483 1863 218 39 anslagspost
723 1863 146 29 sålunda
888 1864 91 28 varit
1001 1864 247 32 underkastad,
1270 1872 100 21 anser
1391 1864 51 38 sig
1464 1864 251 29 statskontoret

216 1904 122 30 endast
360 1904 83 30 böra
465 1905 140 29 förorda
625 1914 44 20 en
689 1905 398 39 engångsförstärkning
1110 1915 40 20 av
1172 1907 123 38 posten
1317 1905 53 31 för
1392 1906 108 39 inköp
1523 1915 42 20 av
1586 1906 129 29 mikro-

216 1946 87 39 skop
326 1947 75 28 med
425 1947 201 39 förslagsvis
650 1947 17 29 2
683 1947 63 29 000
769 1947 138 29 kronor.

262 2021 113 30 Under
394 2022 160 39 punkten
575 2022 59 30 146
654 2022 65 31 har
738 2022 117 30 vidare
874 2022 153 30 anmälts
1047 2032 42 20 en
1107 2032 42 20 av
1166 2022 297 40 fiskeristyrelsen
1483 2023 79 29 med
1581 2025 133 28 statens

213 2071 249 39 fiskeriförsök
487 2072 99 39 gjord
611 2073 271 39 framställning,
908 2073 75 30 vari
1008 2073 206 34 hemställts,
1240 2075 51 29 att
1316 2075 47 30 ett
1389 2073 279 40 engångsbelopp
1695 2073 18 30 å

215 2122 20 29 6
249 2123 62 30 000
338 2123 140 34 kronor,
506 2132 103 21 varav
635 2123 19 29 4
668 2124 64 29 000
760 2124 128 29 kronor
915 2124 55 31 för
999 2124 228 40 anskaffning
1255 2134 41 20 av
1322 2124 391 39 adresseringsmaskin,

214 2173 144 38 register
380 2182 45 20 m.
450 2182 46 21 m.
520 2174 62 29 och
607 2173 17 29 2
639 2174 63 30 000
727 2174 128 30 kronor
879 2174 55 31 för
959 2174 229 40 anskaffning
1213 2184 42 20 av
1277 2175 69 29 viss
1371 2184 118 20 annan
1514 2175 200 30 kontorsut-

214 2223 171 40 rustning,
412 2224 110 30 måtte
549 2225 117 29 ställas
693 2225 54 29 till
775 2226 187 37 styrelsens
990 2224 205 40 förfogande
1223 2225 52 29 till
1302 2225 235 30 kostnaderna
1565 2225 54 30 för
1646 2226 68 29 den

214 2283 44 20 av
284 2274 123 39 Kungl.
436 2275 107 39 Maj:t
569 2275 179 30 beslutade
776 2275 295 39 överflyttningen
1098 2277 82 28 utav
1208 2275 258 40 förvaltningen
1495 2285 41 20 av
1564 2276 150 30 fiskeav-

213 2323 104 39 gifter
336 2324 79 30 från
436 2325 251 30 statskontoret
706 2326 54 29 till
781 2326 178 39 styrelsen.

257 2407 266 39 Föredragande
545 2408 187 30 statsrådet
754 2409 64 30 har
839 2409 119 30 anfört
981 2409 166 39 följande.

260 2468 14 17 »
280 2458 64 29 Vid
366 2458 256 40 behandlingen
644 2468 44 21 av
710 2459 315 40 fiskeristyrelsens
1049 2459 304 41 avlöningsanslag
1375 2460 64 30 har
1461 2460 59 40 jag
1543 2459 170 40 tillstyrkt
