<?xml version="1.0" encoding="UTF-8"?>
<alto xmlns="http://www.loc.gov/standards/alto/ns-v3#" xmlns:xlink="http://www.w3.org/1999/xlink" xmlns:xsi="http://www.w3.org/2001/XMLSchema-instance" xsi:schemaLocation="http://www.loc.gov/standards/alto/ns-v3# http://www.loc.gov/alto/v3/alto-3-0.xsd">
	<Description>
		<MeasurementUnit>pixel</MeasurementUnit>
		<sourceImageInformation>
			<fileName>/tmp/tess_mm_edx_a_input.PNG</fileName>
		</sourceImageInformation>
		<OCRProcessing ID="OCR_0">
			<ocrProcessingStep>
				<processingSoftware>
					<softwareName>tesseract 5.3.0</softwareName>
				</processingSoftware>
			</ocrProcessingStep>
		</OCRProcessing>
	</Description>
	<Layout>
		<Page WIDTH="1854" HEIGHT="2790" PHYSICAL_IMG_NR="0" ID="page_0">
			<PrintSpace HPOS="0" VPOS="0" WIDTH="1854" HEIGHT="2790">
				<ComposedBlock ID="cblock_0" HPOS="526" VPOS="143" WIDTH="1103" HEIGHT="39">
					<TextBlock ID="block_0" HPOS="526" VPOS="143" WIDTH="1103" HEIGHT="39">
						<TextLine ID="line_0" HPOS="526" VPOS="143" WIDTH="1103" HEIGHT="39">
							<String ID="string_0" HPOS="526" VPOS="150" WIDTH="389" HEIGHT="32" WC="0.87" CONTENT="Jordbruksutskottets"/><SP WIDTH="20" VPOS="150" HPOS="915"/>
							<String ID="string_1" HPOS="935" VPOS="148" WIDTH="179" HEIGHT="31" WC="0.91" CONTENT="uttåtande"/><SP WIDTH="20" VPOS="148" HPOS="1114"/>
							<String ID="string_2" HPOS="1134" VPOS="156" WIDTH="44" HEIGHT="21" WC="0.96" CONTENT="nr"/><SP WIDTH="20" VPOS="156" HPOS="1178"/>
							<String ID="string_3" HPOS="1198" VPOS="148" WIDTH="28" HEIGHT="29" WC="0.96" CONTENT="1."/><SP WIDTH="342" VPOS="148" HPOS="1226"/>
							<String ID="string_4" HPOS="1568" VPOS="143" WIDTH="61" HEIGHT="31" WC="0.96" CONTENT="103"/>
						</TextLine>
					</TextBlock>
				</ComposedBlock>
				<ComposedBlock ID="cblock_1" HPOS="121" VPOS="228" WIDTH="1520" HEIGHT="1960">
					<TextBlock ID="block_1" HPOS="121" VPOS="228" WIDTH="1510" HEIGHT="854">
						<TextLine ID="line_1" HPOS="121" VPOS="228" WIDTH="1505" HEIGHT="44">
							<String ID="string_5" HPOS="121" VPOS="241" WIDTH="68" HEIGHT="29" WC="0.96" CONTENT="den"/><SP WIDTH="29" VPOS="241" HPOS="189"/>
							<String ID="string_6" HPOS="218" VPOS="249" WIDTH="41" HEIGHT="20" WC="0.93" CONTENT="av"/><SP WIDTH="29" VPOS="249" HPOS="259"/>
							<String ID="string_7" HPOS="288" VPOS="234" WIDTH="435" HEIGHT="34" WC="0.91" CONTENT="vattenvårdskommittén"/><SP WIDTH="31" VPOS="234" HPOS="723"/>
							<String ID="string_8" HPOS="754" VPOS="234" WIDTH="63" HEIGHT="29" WC="0.96" CONTENT="och"/><SP WIDTH="33" VPOS="234" HPOS="817"/>
							<String ID="string_9" HPOS="850" VPOS="233" WIDTH="170" HEIGHT="39" WC="0.96" CONTENT="styrelsen"/><SP WIDTH="30" VPOS="233" HPOS="1020"/>
							<String ID="string_10" HPOS="1050" VPOS="230" WIDTH="186" HEIGHT="31" WC="0.96" CONTENT="förordade"/><SP WIDTH="31" VPOS="230" HPOS="1236"/>
							<String ID="string_11" HPOS="1267" VPOS="228" WIDTH="285" HEIGHT="39" WC="0.96" CONTENT="förstärkningen"/><SP WIDTH="31" VPOS="228" HPOS="1552"/>
							<String ID="string_12" HPOS="1583" VPOS="235" WIDTH="43" HEIGHT="21" WC="0.96" CONTENT="av"/>
						</TextLine>
						<TextLine ID="line_2" HPOS="122" VPOS="278" WIDTH="1500" HEIGHT="53">
							<String ID="string_13" HPOS="122" VPOS="290" WIDTH="208" HEIGHT="41" WC="0.96" CONTENT="personalen"/><SP WIDTH="21" VPOS="290" HPOS="330"/>
							<String ID="string_14" HPOS="351" VPOS="288" WIDTH="57" HEIGHT="31" WC="0.93" CONTENT="vid"/><SP WIDTH="25" VPOS="288" HPOS="408"/>
							<String ID="string_15" HPOS="433" VPOS="285" WIDTH="380" HEIGHT="41" WC="0.77" CONTENT="tillsynsavdelningen."/><SP WIDTH="24" VPOS="285" HPOS="813"/>
							<String ID="string_16" HPOS="837" VPOS="283" WIDTH="78" HEIGHT="30" WC="0.96" CONTENT="Med"/><SP WIDTH="22" VPOS="283" HPOS="915"/>
							<String ID="string_17" HPOS="937" VPOS="283" WIDTH="136" HEIGHT="38" WC="0.95" CONTENT="hänsyn"/><SP WIDTH="25" VPOS="283" HPOS="1073"/>
							<String ID="string_18" HPOS="1098" VPOS="281" WIDTH="120" HEIGHT="31" WC="0.95" CONTENT="härtill"/><SP WIDTH="23" VPOS="281" HPOS="1218"/>
							<String ID="string_19" HPOS="1241" VPOS="288" WIDTH="100" HEIGHT="22" WC="0.96" CONTENT="anser"/><SP WIDTH="21" VPOS="288" HPOS="1341"/>
							<String ID="string_20" HPOS="1362" VPOS="279" WIDTH="60" HEIGHT="39" WC="0.95" CONTENT="jag"/><SP WIDTH="25" VPOS="279" HPOS="1422"/>
							<String ID="string_21" HPOS="1447" VPOS="278" WIDTH="69" HEIGHT="39" WC="0.96" CONTENT="mig"/><SP WIDTH="23" VPOS="278" HPOS="1516"/>
							<String ID="string_22" HPOS="1539" VPOS="279" WIDTH="83" HEIGHT="29" WC="0.96" CONTENT="även"/>
						</TextLine>
						<TextLine ID="line_3" HPOS="122" VPOS="330" WIDTH="1505" HEIGHT="47">
							<String ID="string_23" HPOS="122" VPOS="342" WIDTH="86" HEIGHT="29" WC="0.96" CONTENT="böra"/><SP WIDTH="17" VPOS="342" HPOS="208"/>
							<String ID="string_24" HPOS="225" VPOS="339" WIDTH="137" HEIGHT="31" WC="0.96" CONTENT="biträda"/><SP WIDTH="18" VPOS="339" HPOS="362"/>
							<String ID="string_25" HPOS="380" VPOS="338" WIDTH="167" HEIGHT="39" WC="0.96" CONTENT="förslaget"/><SP WIDTH="19" VPOS="338" HPOS="547"/>
							<String ID="string_26" HPOS="566" VPOS="346" WIDTH="55" HEIGHT="20" WC="0.96" CONTENT="om"/><SP WIDTH="22" VPOS="346" HPOS="621"/>
							<String ID="string_27" HPOS="643" VPOS="345" WIDTH="42" HEIGHT="20" WC="0.96" CONTENT="en"/><SP WIDTH="20" VPOS="345" HPOS="685"/>
							<String ID="string_28" HPOS="705" VPOS="333" WIDTH="223" HEIGHT="41" WC="0.96" CONTENT="uppräkning"/><SP WIDTH="20" VPOS="333" HPOS="928"/>
							<String ID="string_29" HPOS="948" VPOS="343" WIDTH="41" HEIGHT="20" WC="0.96" CONTENT="av"/><SP WIDTH="20" VPOS="343" HPOS="989"/>
							<String ID="string_30" HPOS="1009" VPOS="333" WIDTH="41" HEIGHT="28" WC="0.93" CONTENT="de"/><SP WIDTH="19" VPOS="333" HPOS="1050"/>
							<String ID="string_31" HPOS="1069" VPOS="332" WIDTH="55" HEIGHT="29" WC="0.92" CONTENT="för"/><SP WIDTH="21" VPOS="332" HPOS="1124"/>
							<String ID="string_32" HPOS="1145" VPOS="330" WIDTH="388" HEIGHT="40" WC="0.91" CONTENT="tillsynsavdelningens"/><SP WIDTH="21" VPOS="330" HPOS="1533"/>
							<String ID="string_33" HPOS="1554" VPOS="337" WIDTH="73" HEIGHT="21" WC="0.92" CONTENT="om-"/>
						</TextLine>
						<TextLine ID="line_4" HPOS="123" VPOS="379" WIDTH="1503" HEIGHT="45">
							<String ID="string_34" HPOS="123" VPOS="390" WIDTH="190" HEIGHT="30" WC="0.96" CONTENT="kostnader"/><SP WIDTH="23" VPOS="390" HPOS="313"/>
							<String ID="string_35" HPOS="336" VPOS="388" WIDTH="165" HEIGHT="32" WC="0.96" CONTENT="anvisade"/><SP WIDTH="23" VPOS="388" HPOS="501"/>
							<String ID="string_36" HPOS="524" VPOS="387" WIDTH="146" HEIGHT="30" WC="0.96" CONTENT="medlen."/><SP WIDTH="26" VPOS="387" HPOS="670"/>
							<String ID="string_37" HPOS="696" VPOS="386" WIDTH="13" HEIGHT="29" WC="0.95" CONTENT="I"/><SP WIDTH="25" VPOS="386" HPOS="709"/>
							<String ID="string_38" HPOS="734" VPOS="385" WIDTH="151" HEIGHT="39" WC="0.95" CONTENT="enlighet"/><SP WIDTH="23" VPOS="385" HPOS="885"/>
							<String ID="string_39" HPOS="908" VPOS="383" WIDTH="145" HEIGHT="30" WC="0.96" CONTENT="härmed"/><SP WIDTH="25" VPOS="383" HPOS="1053"/>
							<String ID="string_40" HPOS="1078" VPOS="383" WIDTH="62" HEIGHT="29" WC="0.96" CONTENT="bör"/><SP WIDTH="24" VPOS="383" HPOS="1140"/>
							<String ID="string_41" HPOS="1164" VPOS="382" WIDTH="42" HEIGHT="29" WC="0.96" CONTENT="de"/><SP WIDTH="23" VPOS="382" HPOS="1206"/>
							<String ID="string_42" HPOS="1229" VPOS="381" WIDTH="11" HEIGHT="29" WC="0.96" CONTENT="i"/><SP WIDTH="23" VPOS="381" HPOS="1240"/>
							<String ID="string_43" HPOS="1263" VPOS="380" WIDTH="187" HEIGHT="40" WC="0.93" CONTENT="styrelsens"/><SP WIDTH="24" VPOS="380" HPOS="1450"/>
							<String ID="string_44" HPOS="1474" VPOS="379" WIDTH="152" HEIGHT="29" WC="0.92" CONTENT="omkost-"/>
						</TextLine>
						<TextLine ID="line_5" HPOS="124" VPOS="429" WIDTH="1502" HEIGHT="51">
							<String ID="string_45" HPOS="124" VPOS="441" WIDTH="160" HEIGHT="30" WC="0.90" CONTENT="nadsstat"/><SP WIDTH="23" VPOS="441" HPOS="284"/>
							<String ID="string_46" HPOS="307" VPOS="441" WIDTH="178" HEIGHT="39" WC="0.96" CONTENT="upptagna"/><SP WIDTH="21" VPOS="441" HPOS="485"/>
							<String ID="string_47" HPOS="506" VPOS="439" WIDTH="166" HEIGHT="39" WC="0.96" CONTENT="posterna"/><SP WIDTH="22" VPOS="439" HPOS="672"/>
							<String ID="string_48" HPOS="694" VPOS="436" WIDTH="52" HEIGHT="30" WC="0.93" CONTENT="till"/><SP WIDTH="25" VPOS="436" HPOS="746"/>
							<String ID="string_49" HPOS="771" VPOS="435" WIDTH="321" HEIGHT="38" WC="0.91" CONTENT="reseersättningar,"/><SP WIDTH="23" VPOS="435" HPOS="1092"/>
							<String ID="string_50" HPOS="1115" VPOS="432" WIDTH="120" HEIGHT="40" WC="0.93" CONTENT="övriga"/><SP WIDTH="22" VPOS="432" HPOS="1235"/>
							<String ID="string_51" HPOS="1257" VPOS="439" WIDTH="167" HEIGHT="32" WC="0.91" CONTENT="expenser"/><SP WIDTH="24" VPOS="439" HPOS="1424"/>
							<String ID="string_52" HPOS="1448" VPOS="430" WIDTH="64" HEIGHT="30" WC="0.93" CONTENT="och"/><SP WIDTH="22" VPOS="430" HPOS="1512"/>
							<String ID="string_53" HPOS="1534" VPOS="429" WIDTH="92" HEIGHT="30" WC="0.93" CONTENT="labo-"/>
						</TextLine>
						<TextLine ID="line_6" HPOS="124" VPOS="479" WIDTH="1501" HEIGHT="49">
							<String ID="string_54" HPOS="124" VPOS="491" WIDTH="319" HEIGHT="30" WC="0.92" CONTENT="ratoriekostnader"/><SP WIDTH="25" VPOS="491" HPOS="443"/>
							<String ID="string_55" HPOS="468" VPOS="489" WIDTH="101" HEIGHT="39" WC="0.96" CONTENT="höjas"/><SP WIDTH="27" VPOS="489" HPOS="569"/>
							<String ID="string_56" HPOS="596" VPOS="487" WIDTH="79" HEIGHT="31" WC="0.96" CONTENT="med"/><SP WIDTH="23" VPOS="487" HPOS="675"/>
							<String ID="string_57" HPOS="698" VPOS="486" WIDTH="197" HEIGHT="40" WC="0.96" CONTENT="respektive"/><SP WIDTH="27" VPOS="486" HPOS="895"/>
							<String ID="string_58" HPOS="922" VPOS="485" WIDTH="18" HEIGHT="29" WC="0.95" CONTENT="6"/><SP WIDTH="15" VPOS="485" HPOS="940"/>
							<String ID="string_59" HPOS="955" VPOS="484" WIDTH="73" HEIGHT="34" WC="0.96" CONTENT="000,"/><SP WIDTH="26" VPOS="484" HPOS="1028"/>
							<String ID="string_60" HPOS="1054" VPOS="483" WIDTH="95" HEIGHT="30" WC="0.92" CONTENT="2000"/><SP WIDTH="26" VPOS="483" HPOS="1149"/>
							<String ID="string_61" HPOS="1175" VPOS="483" WIDTH="65" HEIGHT="29" WC="0.96" CONTENT="och"/><SP WIDTH="25" VPOS="483" HPOS="1240"/>
							<String ID="string_62" HPOS="1265" VPOS="482" WIDTH="96" HEIGHT="29" WC="0.90" CONTENT="4000"/><SP WIDTH="26" VPOS="482" HPOS="1361"/>
							<String ID="string_63" HPOS="1387" VPOS="481" WIDTH="140" HEIGHT="29" WC="0.95" CONTENT="kronor."/><SP WIDTH="25" VPOS="481" HPOS="1527"/>
							<String ID="string_64" HPOS="1552" VPOS="479" WIDTH="73" HEIGHT="30" WC="0.96" CONTENT="Vad"/>
						</TextLine>
						<TextLine ID="line_7" HPOS="124" VPOS="530" WIDTH="1502" HEIGHT="51">
							<String ID="string_65" HPOS="124" VPOS="542" WIDTH="109" HEIGHT="39" WC="0.95" CONTENT="angår"/><SP WIDTH="23" VPOS="542" HPOS="233"/>
							<String ID="string_66" HPOS="256" VPOS="541" WIDTH="186" HEIGHT="39" WC="0.96" CONTENT="styrelsens"/><SP WIDTH="24" VPOS="541" HPOS="442"/>
							<String ID="string_67" HPOS="466" VPOS="537" WIDTH="261" HEIGHT="40" WC="0.96" CONTENT="framställning"/><SP WIDTH="21" VPOS="537" HPOS="727"/>
							<String ID="string_68" HPOS="748" VPOS="546" WIDTH="57" HEIGHT="21" WC="0.96" CONTENT="om"/><SP WIDTH="23" VPOS="546" HPOS="805"/>
							<String ID="string_69" HPOS="828" VPOS="536" WIDTH="113" HEIGHT="30" WC="0.96" CONTENT="medel"/><SP WIDTH="23" VPOS="536" HPOS="941"/>
							<String ID="string_70" HPOS="964" VPOS="535" WIDTH="53" HEIGHT="30" WC="0.96" CONTENT="till"/><SP WIDTH="24" VPOS="535" HPOS="1017"/>
							<String ID="string_71" HPOS="1041" VPOS="534" WIDTH="40" HEIGHT="30" WC="0.96" CONTENT="de"/><SP WIDTH="25" VPOS="534" HPOS="1081"/>
							<String ID="string_72" HPOS="1106" VPOS="533" WIDTH="199" HEIGHT="34" WC="0.96" CONTENT="kostnader,"/><SP WIDTH="25" VPOS="533" HPOS="1305"/>
							<String ID="string_73" HPOS="1330" VPOS="540" WIDTH="77" HEIGHT="23" WC="0.96" CONTENT="som"/><SP WIDTH="23" VPOS="540" HPOS="1407"/>
							<String ID="string_74" HPOS="1430" VPOS="530" WIDTH="196" HEIGHT="31" WC="0.91" CONTENT="föranledes"/>
						</TextLine>
						<TextLine ID="line_8" HPOS="126" VPOS="581" WIDTH="1499" HEIGHT="49">
							<String ID="string_75" HPOS="126" VPOS="602" WIDTH="41" HEIGHT="22" WC="0.96" CONTENT="av"/><SP WIDTH="24" VPOS="602" HPOS="167"/>
							<String ID="string_76" HPOS="191" VPOS="594" WIDTH="48" HEIGHT="27" WC="0.95" CONTENT="ett"/><SP WIDTH="22" VPOS="594" HPOS="239"/>
							<String ID="string_77" HPOS="261" VPOS="590" WIDTH="231" HEIGHT="40" WC="0.96" CONTENT="övertagande"/><SP WIDTH="22" VPOS="590" HPOS="492"/>
							<String ID="string_78" HPOS="514" VPOS="599" WIDTH="41" HEIGHT="21" WC="0.96" CONTENT="av"/><SP WIDTH="24" VPOS="599" HPOS="555"/>
							<String ID="string_79" HPOS="579" VPOS="588" WIDTH="258" HEIGHT="38" WC="0.96" CONTENT="förvaltningen"/><SP WIDTH="24" VPOS="588" HPOS="837"/>
							<String ID="string_80" HPOS="861" VPOS="596" WIDTH="42" HEIGHT="21" WC="0.93" CONTENT="av"/><SP WIDTH="23" VPOS="596" HPOS="903"/>
							<String ID="string_81" HPOS="926" VPOS="585" WIDTH="299" HEIGHT="39" WC="0.91" CONTENT="fiskeavgifterna,"/><SP WIDTH="25" VPOS="585" HPOS="1225"/>
							<String ID="string_82" HPOS="1250" VPOS="583" WIDTH="97" HEIGHT="29" WC="0.96" CONTENT="torde"/><SP WIDTH="23" VPOS="583" HPOS="1347"/>
							<String ID="string_83" HPOS="1370" VPOS="583" WIDTH="60" HEIGHT="39" WC="0.96" CONTENT="jag"/><SP WIDTH="22" VPOS="583" HPOS="1430"/>
							<String ID="string_84" HPOS="1452" VPOS="582" WIDTH="37" HEIGHT="30" WC="0.96" CONTENT="få"/><SP WIDTH="24" VPOS="582" HPOS="1489"/>
							<String ID="string_85" HPOS="1513" VPOS="581" WIDTH="112" HEIGHT="30" WC="0.96" CONTENT="erinra"/>
						</TextLine>
						<TextLine ID="line_9" HPOS="125" VPOS="631" WIDTH="1502" HEIGHT="50">
							<String ID="string_86" HPOS="125" VPOS="651" WIDTH="57" HEIGHT="21" WC="0.96" CONTENT="om"/><SP WIDTH="19" VPOS="651" HPOS="182"/>
							<String ID="string_87" HPOS="201" VPOS="644" WIDTH="50" HEIGHT="29" WC="0.96" CONTENT="att"/><SP WIDTH="18" VPOS="644" HPOS="251"/>
							<String ID="string_88" HPOS="269" VPOS="642" WIDTH="124" HEIGHT="39" WC="0.96" CONTENT="Kungl."/><SP WIDTH="22" VPOS="642" HPOS="393"/>
							<String ID="string_89" HPOS="415" VPOS="640" WIDTH="105" HEIGHT="40" WC="0.96" CONTENT="Maj:t"/><SP WIDTH="20" VPOS="640" HPOS="520"/>
							<String ID="string_90" HPOS="540" VPOS="648" WIDTH="123" HEIGHT="31" WC="0.96" CONTENT="genom"/><SP WIDTH="18" VPOS="648" HPOS="663"/>
							<String ID="string_91" HPOS="681" VPOS="637" WIDTH="114" HEIGHT="31" WC="0.96" CONTENT="beslut"/><SP WIDTH="19" VPOS="637" HPOS="795"/>
							<String ID="string_92" HPOS="814" VPOS="638" WIDTH="67" HEIGHT="29" WC="0.96" CONTENT="den"/><SP WIDTH="19" VPOS="638" HPOS="881"/>
							<String ID="string_93" HPOS="900" VPOS="637" WIDTH="18" HEIGHT="29" WC="0.96" CONTENT="2"/><SP WIDTH="22" VPOS="637" HPOS="918"/>
							<String ID="string_94" HPOS="940" VPOS="636" WIDTH="142" HEIGHT="30" WC="0.96" CONTENT="oktober"/><SP WIDTH="22" VPOS="636" HPOS="1082"/>
							<String ID="string_95" HPOS="1104" VPOS="635" WIDTH="83" HEIGHT="29" WC="0.92" CONTENT="1953"/><SP WIDTH="21" VPOS="635" HPOS="1187"/>
							<String ID="string_96" HPOS="1208" VPOS="633" WIDTH="184" HEIGHT="31" WC="0.92" CONTENT="förordnat"/><SP WIDTH="20" VPOS="633" HPOS="1392"/>
							<String ID="string_97" HPOS="1412" VPOS="634" WIDTH="50" HEIGHT="28" WC="0.96" CONTENT="att"/><SP WIDTH="20" VPOS="634" HPOS="1462"/>
							<String ID="string_98" HPOS="1482" VPOS="631" WIDTH="145" HEIGHT="31" WC="0.96" CONTENT="berörda"/>
						</TextLine>
						<TextLine ID="line_10" HPOS="126" VPOS="682" WIDTH="1503" HEIGHT="51">
							<String ID="string_99" HPOS="126" VPOS="693" WIDTH="148" HEIGHT="40" WC="0.95" CONTENT="avgifter"/><SP WIDTH="24" VPOS="693" HPOS="274"/>
							<String ID="string_100" HPOS="298" VPOS="692" WIDTH="78" HEIGHT="30" WC="0.96" CONTENT="från"/><SP WIDTH="25" VPOS="692" HPOS="376"/>
							<String ID="string_101" HPOS="401" VPOS="692" WIDTH="65" HEIGHT="29" WC="0.96" CONTENT="och"/><SP WIDTH="24" VPOS="692" HPOS="466"/>
							<String ID="string_102" HPOS="490" VPOS="690" WIDTH="77" HEIGHT="30" WC="0.96" CONTENT="med"/><SP WIDTH="22" VPOS="690" HPOS="567"/>
							<String ID="string_103" HPOS="589" VPOS="690" WIDTH="67" HEIGHT="29" WC="0.95" CONTENT="den"/><SP WIDTH="24" VPOS="690" HPOS="656"/>
							<String ID="string_104" HPOS="680" VPOS="691" WIDTH="15" HEIGHT="29" WC="0.95" CONTENT="1"/><SP WIDTH="24" VPOS="691" HPOS="695"/>
							<String ID="string_105" HPOS="719" VPOS="688" WIDTH="66" HEIGHT="40" WC="0.96" CONTENT="juli"/><SP WIDTH="25" VPOS="688" HPOS="785"/>
							<String ID="string_106" HPOS="810" VPOS="688" WIDTH="9" HEIGHT="29" WC="0.96" CONTENT="i"/><SP WIDTH="22" VPOS="688" HPOS="819"/>
							<String ID="string_107" HPOS="841" VPOS="687" WIDTH="38" HEIGHT="30" WC="0.96" CONTENT="år"/><SP WIDTH="24" VPOS="687" HPOS="879"/>
							<String ID="string_108" HPOS="903" VPOS="686" WIDTH="89" HEIGHT="32" WC="0.96" CONTENT="skall"/><SP WIDTH="25" VPOS="686" HPOS="992"/>
							<String ID="string_109" HPOS="1017" VPOS="685" WIDTH="169" HEIGHT="30" WC="0.96" CONTENT="inbetalas"/><SP WIDTH="23" VPOS="685" HPOS="1186"/>
							<String ID="string_110" HPOS="1209" VPOS="684" WIDTH="52" HEIGHT="30" WC="0.96" CONTENT="till"/><SP WIDTH="24" VPOS="684" HPOS="1261"/>
							<String ID="string_111" HPOS="1285" VPOS="683" WIDTH="179" HEIGHT="40" WC="0.95" CONTENT="styrelsen."/><SP WIDTH="25" VPOS="683" HPOS="1464"/>
							<String ID="string_112" HPOS="1489" VPOS="683" WIDTH="66" HEIGHT="29" WC="0.96" CONTENT="För"/><SP WIDTH="23" VPOS="683" HPOS="1555"/>
							<String ID="string_113" HPOS="1578" VPOS="682" WIDTH="51" HEIGHT="29" WC="0.96" CONTENT="att"/>
						</TextLine>
						<TextLine ID="line_11" HPOS="126" VPOS="732" WIDTH="1503" HEIGHT="49">
							<String ID="string_114" HPOS="126" VPOS="744" WIDTH="123" HEIGHT="30" WC="0.96" CONTENT="kunna"/><SP WIDTH="17" VPOS="744" HPOS="249"/>
							<String ID="string_115" HPOS="266" VPOS="742" WIDTH="197" HEIGHT="39" WC="0.96" CONTENT="ombesörja"/><SP WIDTH="18" VPOS="742" HPOS="463"/>
							<String ID="string_116" HPOS="481" VPOS="740" WIDTH="244" HEIGHT="38" WC="0.96" CONTENT="indrivningen"/><SP WIDTH="19" VPOS="740" HPOS="725"/>
							<String ID="string_117" HPOS="744" VPOS="748" WIDTH="41" HEIGHT="21" WC="0.96" CONTENT="av"/><SP WIDTH="17" VPOS="748" HPOS="785"/>
							<String ID="string_118" HPOS="802" VPOS="737" WIDTH="197" HEIGHT="40" WC="0.96" CONTENT="avgifterna"/><SP WIDTH="16" VPOS="737" HPOS="999"/>
							<String ID="string_119" HPOS="1015" VPOS="737" WIDTH="37" HEIGHT="29" WC="0.95" CONTENT="är"/><SP WIDTH="17" VPOS="737" HPOS="1052"/>
							<String ID="string_120" HPOS="1069" VPOS="737" WIDTH="57" HEIGHT="29" WC="0.96" CONTENT="det"/><SP WIDTH="17" VPOS="737" HPOS="1126"/>
							<String ID="string_121" HPOS="1143" VPOS="734" WIDTH="230" HEIGHT="39" WC="0.96" CONTENT="erforderligt,"/><SP WIDTH="18" VPOS="734" HPOS="1373"/>
							<String ID="string_122" HPOS="1391" VPOS="735" WIDTH="50" HEIGHT="28" WC="0.96" CONTENT="att"/><SP WIDTH="16" VPOS="735" HPOS="1441"/>
							<String ID="string_123" HPOS="1457" VPOS="732" WIDTH="70" HEIGHT="31" WC="0.93" CONTENT="viss"/><SP WIDTH="16" VPOS="732" HPOS="1527"/>
							<String ID="string_124" HPOS="1543" VPOS="732" WIDTH="86" HEIGHT="29" WC="0.91" CONTENT="kon-"/>
						</TextLine>
						<TextLine ID="line_12" HPOS="127" VPOS="783" WIDTH="1502" HEIGHT="49">
							<String ID="string_125" HPOS="127" VPOS="794" WIDTH="277" HEIGHT="38" WC="0.90" CONTENT="torsutrustning"/><SP WIDTH="26" VPOS="794" HPOS="404"/>
							<String ID="string_126" HPOS="430" VPOS="791" WIDTH="194" HEIGHT="31" WC="0.93" CONTENT="anskaffas."/><SP WIDTH="27" VPOS="791" HPOS="624"/>
							<String ID="string_127" HPOS="651" VPOS="791" WIDTH="126" HEIGHT="28" WC="0.91" CONTENT="Därest"/><SP WIDTH="24" VPOS="791" HPOS="777"/>
							<String ID="string_128" HPOS="801" VPOS="788" WIDTH="190" HEIGHT="39" WC="0.96" CONTENT="riksdagen"/><SP WIDTH="24" VPOS="788" HPOS="991"/>
							<String ID="string_129" HPOS="1015" VPOS="786" WIDTH="75" HEIGHT="31" WC="0.96" CONTENT="icke"/><SP WIDTH="25" VPOS="786" HPOS="1090"/>
							<String ID="string_130" HPOS="1115" VPOS="787" WIDTH="64" HEIGHT="29" WC="0.96" CONTENT="har"/><SP WIDTH="27" VPOS="787" HPOS="1179"/>
							<String ID="string_131" HPOS="1206" VPOS="785" WIDTH="104" HEIGHT="39" WC="0.96" CONTENT="något"/><SP WIDTH="25" VPOS="785" HPOS="1310"/>
							<String ID="string_132" HPOS="1335" VPOS="786" WIDTH="51" HEIGHT="30" WC="0.96" CONTENT="att"/><SP WIDTH="24" VPOS="786" HPOS="1386"/>
							<String ID="string_133" HPOS="1410" VPOS="783" WIDTH="116" HEIGHT="30" WC="0.93" CONTENT="erinra"/><SP WIDTH="26" VPOS="783" HPOS="1526"/>
							<String ID="string_134" HPOS="1552" VPOS="783" WIDTH="77" HEIGHT="29" WC="0.92" CONTENT="där-"/>
						</TextLine>
						<TextLine ID="line_13" HPOS="127" VPOS="833" WIDTH="1502" HEIGHT="46">
							<String ID="string_135" HPOS="127" VPOS="846" WIDTH="103" HEIGHT="33" WC="0.96" CONTENT="emot,"/><SP WIDTH="25" VPOS="846" HPOS="230"/>
							<String ID="string_136" HPOS="255" VPOS="844" WIDTH="96" HEIGHT="30" WC="0.96" CONTENT="torde"/><SP WIDTH="23" VPOS="844" HPOS="351"/>
							<String ID="string_137" HPOS="374" VPOS="843" WIDTH="113" HEIGHT="29" WC="0.96" CONTENT="medel"/><SP WIDTH="26" VPOS="843" HPOS="487"/>
							<String ID="string_138" HPOS="513" VPOS="842" WIDTH="53" HEIGHT="30" WC="0.96" CONTENT="för"/><SP WIDTH="24" VPOS="842" HPOS="566"/>
							<String ID="string_139" HPOS="590" VPOS="839" WIDTH="199" HEIGHT="33" WC="0.96" CONTENT="ändamålet"/><SP WIDTH="23" VPOS="839" HPOS="789"/>
							<String ID="string_140" HPOS="812" VPOS="840" WIDTH="36" HEIGHT="30" WC="0.97" CONTENT="få"/><SP WIDTH="23" VPOS="840" HPOS="848"/>
							<String ID="string_141" HPOS="871" VPOS="838" WIDTH="204" HEIGHT="40" WC="0.96" CONTENT="disponeras"/><SP WIDTH="26" VPOS="838" HPOS="1075"/>
							<String ID="string_142" HPOS="1101" VPOS="847" WIDTH="43" HEIGHT="21" WC="0.96" CONTENT="av"/><SP WIDTH="23" VPOS="847" HPOS="1144"/>
							<String ID="string_143" HPOS="1167" VPOS="836" WIDTH="108" HEIGHT="30" WC="0.93" CONTENT="redan"/><SP WIDTH="27" VPOS="836" HPOS="1275"/>
							<String ID="string_144" HPOS="1302" VPOS="835" WIDTH="156" HEIGHT="29" WC="0.91" CONTENT="influtna"/><SP WIDTH="23" VPOS="835" HPOS="1458"/>
							<String ID="string_145" HPOS="1481" VPOS="833" WIDTH="148" HEIGHT="30" WC="0.91" CONTENT="fiskeav-"/>
						</TextLine>
						<TextLine ID="line_14" HPOS="128" VPOS="886" WIDTH="1502" HEIGHT="48">
							<String ID="string_146" HPOS="128" VPOS="895" WIDTH="113" HEIGHT="39" WC="0.95" CONTENT="gifter."/><SP WIDTH="25" VPOS="895" HPOS="241"/>
							<String ID="string_147" HPOS="266" VPOS="895" WIDTH="64" HEIGHT="39" WC="0.96" CONTENT="Jag"/><SP WIDTH="23" VPOS="895" HPOS="330"/>
							<String ID="string_148" HPOS="353" VPOS="893" WIDTH="97" HEIGHT="30" WC="0.96" CONTENT="torde"/><SP WIDTH="26" VPOS="893" HPOS="450"/>
							<String ID="string_149" HPOS="476" VPOS="892" WIDTH="146" HEIGHT="31" WC="0.96" CONTENT="sålunda"/><SP WIDTH="24" VPOS="892" HPOS="622"/>
							<String ID="string_150" HPOS="646" VPOS="891" WIDTH="36" HEIGHT="31" WC="0.96" CONTENT="få"/><SP WIDTH="25" VPOS="891" HPOS="682"/>
							<String ID="string_151" HPOS="707" VPOS="890" WIDTH="220" HEIGHT="31" WC="0.95" CONTENT="återkomma"/><SP WIDTH="23" VPOS="890" HPOS="927"/>
							<String ID="string_152" HPOS="950" VPOS="888" WIDTH="52" HEIGHT="30" WC="0.96" CONTENT="till"/><SP WIDTH="25" VPOS="888" HPOS="1002"/>
							<String ID="string_153" HPOS="1027" VPOS="888" WIDTH="114" HEIGHT="29" WC="0.96" CONTENT="denna"/><SP WIDTH="24" VPOS="888" HPOS="1141"/>
							<String ID="string_154" HPOS="1165" VPOS="887" WIDTH="100" HEIGHT="39" WC="0.96" CONTENT="fråga"/><SP WIDTH="24" VPOS="887" HPOS="1265"/>
							<String ID="string_155" HPOS="1289" VPOS="886" WIDTH="9" HEIGHT="29" WC="0.96" CONTENT="i"/><SP WIDTH="26" VPOS="886" HPOS="1298"/>
							<String ID="string_156" HPOS="1324" VPOS="887" WIDTH="48" HEIGHT="28" WC="0.95" CONTENT="ett"/><SP WIDTH="23" VPOS="887" HPOS="1372"/>
							<String ID="string_157" HPOS="1395" VPOS="892" WIDTH="121" HEIGHT="23" WC="0.93" CONTENT="senare"/><SP WIDTH="24" VPOS="892" HPOS="1516"/>
							<String ID="string_158" HPOS="1540" VPOS="893" WIDTH="90" HEIGHT="21" WC="0.89" CONTENT="sam-"/>
						</TextLine>
						<TextLine ID="line_15" HPOS="127" VPOS="933" WIDTH="1504" HEIGHT="51">
							<String ID="string_159" HPOS="127" VPOS="946" WIDTH="188" HEIGHT="38" WC="0.90" CONTENT="manhang."/><SP WIDTH="26" VPOS="946" HPOS="315"/>
							<String ID="string_160" HPOS="341" VPOS="943" WIDTH="193" HEIGHT="41" WC="0.93" CONTENT="Styrelsens"/><SP WIDTH="23" VPOS="943" HPOS="534"/>
							<String ID="string_161" HPOS="557" VPOS="940" WIDTH="301" HEIGHT="32" WC="0.92" CONTENT="omkostnadsstat"/><SP WIDTH="23" VPOS="940" HPOS="858"/>
							<String ID="string_162" HPOS="881" VPOS="938" WIDTH="113" HEIGHT="31" WC="0.96" CONTENT="skulle"/><SP WIDTH="23" VPOS="938" HPOS="994"/>
							<String ID="string_163" HPOS="1017" VPOS="936" WIDTH="223" HEIGHT="41" WC="0.96" CONTENT="följaktligen"/><SP WIDTH="24" VPOS="936" HPOS="1240"/>
							<String ID="string_164" HPOS="1264" VPOS="936" WIDTH="79" HEIGHT="30" WC="0.95" CONTENT="med"/><SP WIDTH="24" VPOS="936" HPOS="1343"/>
							<String ID="string_165" HPOS="1367" VPOS="933" WIDTH="264" HEIGHT="41" WC="0.96" CONTENT="utgångspunkt"/>
						</TextLine>
						<TextLine ID="line_16" HPOS="128" VPOS="985" WIDTH="1500" HEIGHT="49">
							<String ID="string_166" HPOS="128" VPOS="996" WIDTH="80" HEIGHT="30" WC="0.96" CONTENT="från"/><SP WIDTH="23" VPOS="996" HPOS="208"/>
							<String ID="string_167" HPOS="231" VPOS="995" WIDTH="67" HEIGHT="29" WC="0.96" CONTENT="vad"/><SP WIDTH="24" VPOS="995" HPOS="298"/>
							<String ID="string_168" HPOS="322" VPOS="995" WIDTH="59" HEIGHT="39" WC="0.96" CONTENT="jag"/><SP WIDTH="26" VPOS="995" HPOS="381"/>
							<String ID="string_169" HPOS="407" VPOS="1003" WIDTH="47" HEIGHT="21" WC="0.96" CONTENT="nu"/><SP WIDTH="26" VPOS="1003" HPOS="454"/>
							<String ID="string_170" HPOS="480" VPOS="993" WIDTH="117" HEIGHT="30" WC="0.96" CONTENT="anfört"/><SP WIDTH="22" VPOS="993" HPOS="597"/>
							<String ID="string_171" HPOS="619" VPOS="992" WIDTH="136" HEIGHT="30" WC="0.96" CONTENT="behöva"/><SP WIDTH="21" VPOS="992" HPOS="755"/>
							<String ID="string_172" HPOS="776" VPOS="991" WIDTH="173" HEIGHT="30" WC="0.95" CONTENT="beräknas"/><SP WIDTH="25" VPOS="991" HPOS="949"/>
							<String ID="string_173" HPOS="974" VPOS="988" WIDTH="53" HEIGHT="30" WC="0.95" CONTENT="till"/><SP WIDTH="31" VPOS="988" HPOS="1027"/>
							<String ID="string_174" HPOS="1058" VPOS="988" WIDTH="57" HEIGHT="33" WC="0.67" CONTENT="(72"/><SP WIDTH="16" VPOS="988" HPOS="1115"/>
							<String ID="string_175" HPOS="1131" VPOS="987" WIDTH="63" HEIGHT="30" WC="0.67" CONTENT="700"/><SP WIDTH="24" VPOS="987" HPOS="1194"/>
							<String ID="string_176" HPOS="1218" VPOS="988" WIDTH="38" HEIGHT="37" WC="0.39" CONTENT="—+—"/><SP WIDTH="25" VPOS="988" HPOS="1256"/>
							<String ID="string_177" HPOS="1281" VPOS="986" WIDTH="96" HEIGHT="30" WC="0.93" CONTENT="6000"/><SP WIDTH="26" VPOS="986" HPOS="1377"/>
							<String ID="string_178" HPOS="1403" VPOS="987" WIDTH="38" HEIGHT="37" WC="0.89" CONTENT="4"/><SP WIDTH="25" VPOS="987" HPOS="1441"/>
							<String ID="string_179" HPOS="1466" VPOS="985" WIDTH="94" HEIGHT="30" WC="0.92" CONTENT="2000"/><SP WIDTH="30" VPOS="985" HPOS="1560"/>
							<String ID="string_180" HPOS="1590" VPOS="985" WIDTH="38" HEIGHT="36" WC="0.62" CONTENT="—"/>
						</TextLine>
						<TextLine ID="line_17" HPOS="127" VPOS="1044" WIDTH="480" HEIGHT="38">
							<String ID="string_181" HPOS="127" VPOS="1046" WIDTH="20" HEIGHT="30" WC="0.92" CONTENT="4"/><SP WIDTH="15" VPOS="1046" HPOS="147"/>
							<String ID="string_182" HPOS="162" VPOS="1046" WIDTH="63" HEIGHT="30" WC="0.92" CONTENT="000"/><SP WIDTH="21" VPOS="1046" HPOS="225"/>
							<String ID="string_183" HPOS="246" VPOS="1048" WIDTH="57" HEIGHT="34" WC="0.80" CONTENT="—)"/><SP WIDTH="26" VPOS="1048" HPOS="303"/>
							<String ID="string_184" HPOS="329" VPOS="1045" WIDTH="40" HEIGHT="30" WC="0.95" CONTENT="84"/><SP WIDTH="16" VPOS="1045" HPOS="369"/>
							<String ID="string_185" HPOS="385" VPOS="1044" WIDTH="62" HEIGHT="31" WC="0.95" CONTENT="700"/><SP WIDTH="20" VPOS="1044" HPOS="447"/>
							<String ID="string_186" HPOS="467" VPOS="1044" WIDTH="140" HEIGHT="29" WC="0.96" CONTENT="kronor."/>
						</TextLine>
					</TextBlock>
					<TextBlock ID="block_2" HPOS="129" VPOS="1086" WIDTH="1505" HEIGHT="400">
						<TextLine ID="line_18" HPOS="173" VPOS="1086" WIDTH="1459" HEIGHT="43">
							<String ID="string_187" HPOS="173" VPOS="1095" WIDTH="227" HEIGHT="32" WC="0.93" CONTENT="Beträffande"/><SP WIDTH="28" VPOS="1095" HPOS="400"/>
							<String ID="string_188" HPOS="428" VPOS="1091" WIDTH="418" HEIGHT="34" WC="0.91" CONTENT="sötvattenslaboratoriet"/><SP WIDTH="23" VPOS="1091" HPOS="846"/>
							<String ID="string_189" HPOS="869" VPOS="1091" WIDTH="66" HEIGHT="29" WC="0.96" CONTENT="har"/><SP WIDTH="22" VPOS="1091" HPOS="935"/>
							<String ID="string_190" HPOS="957" VPOS="1090" WIDTH="61" HEIGHT="39" WC="0.96" CONTENT="jag"/><SP WIDTH="23" VPOS="1090" HPOS="1018"/>
							<String ID="string_191" HPOS="1041" VPOS="1088" WIDTH="75" HEIGHT="32" WC="0.96" CONTENT="icke"/><SP WIDTH="25" VPOS="1088" HPOS="1116"/>
							<String ID="string_192" HPOS="1141" VPOS="1088" WIDTH="105" HEIGHT="39" WC="0.95" CONTENT="något"/><SP WIDTH="25" VPOS="1088" HPOS="1246"/>
							<String ID="string_193" HPOS="1271" VPOS="1088" WIDTH="50" HEIGHT="29" WC="0.96" CONTENT="att"/><SP WIDTH="24" VPOS="1088" HPOS="1321"/>
							<String ID="string_194" HPOS="1345" VPOS="1086" WIDTH="118" HEIGHT="30" WC="0.96" CONTENT="erinra"/><SP WIDTH="22" VPOS="1086" HPOS="1463"/>
							<String ID="string_195" HPOS="1485" VPOS="1086" WIDTH="72" HEIGHT="29" WC="0.96" CONTENT="mot"/><SP WIDTH="23" VPOS="1086" HPOS="1557"/>
							<String ID="string_196" HPOS="1580" VPOS="1086" WIDTH="52" HEIGHT="29" WC="0.96" CONTENT="att"/>
						</TextLine>
						<TextLine ID="line_19" HPOS="129" VPOS="1136" WIDTH="1502" HEIGHT="47">
							<String ID="string_197" HPOS="129" VPOS="1147" WIDTH="113" HEIGHT="29" WC="0.96" CONTENT="medel"/><SP WIDTH="22" VPOS="1147" HPOS="242"/>
							<String ID="string_198" HPOS="264" VPOS="1146" WIDTH="172" HEIGHT="30" WC="0.96" CONTENT="beräknas"/><SP WIDTH="23" VPOS="1146" HPOS="436"/>
							<String ID="string_199" HPOS="459" VPOS="1145" WIDTH="54" HEIGHT="30" WC="0.97" CONTENT="för"/><SP WIDTH="22" VPOS="1145" HPOS="513"/>
							<String ID="string_200" HPOS="535" VPOS="1142" WIDTH="200" HEIGHT="41" WC="0.96" CONTENT="reparation"/><SP WIDTH="22" VPOS="1142" HPOS="735"/>
							<String ID="string_201" HPOS="757" VPOS="1151" WIDTH="42" HEIGHT="21" WC="0.93" CONTENT="av"/><SP WIDTH="22" VPOS="1151" HPOS="799"/>
							<String ID="string_202" HPOS="821" VPOS="1140" WIDTH="241" HEIGHT="31" WC="0.92" CONTENT="laboratoriets"/><SP WIDTH="22" VPOS="1140" HPOS="1062"/>
							<String ID="string_203" HPOS="1084" VPOS="1139" WIDTH="192" HEIGHT="39" WC="0.90" CONTENT="båtbrygga"/><SP WIDTH="21" VPOS="1139" HPOS="1276"/>
							<String ID="string_204" HPOS="1297" VPOS="1139" WIDTH="63" HEIGHT="29" WC="0.95" CONTENT="och"/><SP WIDTH="22" VPOS="1139" HPOS="1360"/>
							<String ID="string_205" HPOS="1382" VPOS="1137" WIDTH="56" HEIGHT="30" WC="0.96" CONTENT="för"/><SP WIDTH="21" VPOS="1137" HPOS="1438"/>
							<String ID="string_206" HPOS="1459" VPOS="1136" WIDTH="106" HEIGHT="41" WC="0.96" CONTENT="inköp"/><SP WIDTH="25" VPOS="1136" HPOS="1565"/>
							<String ID="string_207" HPOS="1590" VPOS="1144" WIDTH="41" HEIGHT="21" WC="0.96" CONTENT="av"/>
						</TextLine>
						<TextLine ID="line_20" HPOS="129" VPOS="1185" WIDTH="1505" HEIGHT="52">
							<String ID="string_208" HPOS="129" VPOS="1206" WIDTH="43" HEIGHT="20" WC="0.96" CONTENT="en"/><SP WIDTH="19" VPOS="1206" HPOS="172"/>
							<String ID="string_209" HPOS="191" VPOS="1207" WIDTH="46" HEIGHT="30" WC="0.96" CONTENT="ny"/><SP WIDTH="19" VPOS="1207" HPOS="237"/>
							<String ID="string_210" HPOS="256" VPOS="1198" WIDTH="112" HEIGHT="28" WC="0.96" CONTENT="motor"/><SP WIDTH="18" VPOS="1198" HPOS="368"/>
							<String ID="string_211" HPOS="386" VPOS="1196" WIDTH="53" HEIGHT="29" WC="0.96" CONTENT="till"/><SP WIDTH="20" VPOS="1196" HPOS="439"/>
							<String ID="string_212" HPOS="459" VPOS="1195" WIDTH="77" HEIGHT="30" WC="0.96" CONTENT="dess"/><SP WIDTH="20" VPOS="1195" HPOS="536"/>
							<String ID="string_213" HPOS="556" VPOS="1193" WIDTH="184" HEIGHT="31" WC="0.96" CONTENT="motorbåt."/><SP WIDTH="21" VPOS="1193" HPOS="740"/>
							<String ID="string_214" HPOS="761" VPOS="1193" WIDTH="66" HEIGHT="30" WC="0.96" CONTENT="För"/><SP WIDTH="20" VPOS="1193" HPOS="827"/>
							<String ID="string_215" HPOS="847" VPOS="1192" WIDTH="103" HEIGHT="29" WC="0.96" CONTENT="dessa"/><SP WIDTH="19" VPOS="1192" HPOS="950"/>
							<String ID="string_216" HPOS="969" VPOS="1190" WIDTH="164" HEIGHT="30" WC="0.96" CONTENT="ändamål"/><SP WIDTH="19" VPOS="1190" HPOS="1133"/>
							<String ID="string_217" HPOS="1152" VPOS="1189" WIDTH="99" HEIGHT="30" WC="0.96" CONTENT="torde"/><SP WIDTH="17" VPOS="1189" HPOS="1251"/>
							<String ID="string_218" HPOS="1268" VPOS="1188" WIDTH="111" HEIGHT="30" WC="0.96" CONTENT="under"/><SP WIDTH="18" VPOS="1188" HPOS="1379"/>
							<String ID="string_219" HPOS="1397" VPOS="1189" WIDTH="164" HEIGHT="39" WC="0.96" CONTENT="posterna"/><SP WIDTH="18" VPOS="1189" HPOS="1561"/>
							<String ID="string_220" HPOS="1579" VPOS="1185" WIDTH="55" HEIGHT="31" WC="0.95" CONTENT="till"/>
						</TextLine>
						<TextLine ID="line_21" HPOS="130" VPOS="1238" WIDTH="1503" HEIGHT="39">
							<String ID="string_221" HPOS="130" VPOS="1247" WIDTH="185" HEIGHT="30" WC="0.96" CONTENT="underhåll"/><SP WIDTH="20" VPOS="1247" HPOS="315"/>
							<String ID="string_222" HPOS="335" VPOS="1256" WIDTH="42" HEIGHT="21" WC="0.96" CONTENT="av"/><SP WIDTH="17" VPOS="1256" HPOS="377"/>
							<String ID="string_223" HPOS="394" VPOS="1247" WIDTH="160" HEIGHT="29" WC="0.93" CONTENT="dammar"/><SP WIDTH="19" VPOS="1247" HPOS="554"/>
							<String ID="string_224" HPOS="573" VPOS="1255" WIDTH="44" HEIGHT="20" WC="0.92" CONTENT="m."/><SP WIDTH="20" VPOS="1255" HPOS="617"/>
							<String ID="string_225" HPOS="637" VPOS="1253" WIDTH="46" HEIGHT="20" WC="0.90" CONTENT="m."/><SP WIDTH="19" VPOS="1253" HPOS="683"/>
							<String ID="string_226" HPOS="702" VPOS="1245" WIDTH="91" HEIGHT="29" WC="0.96" CONTENT="samt"/><SP WIDTH="21" VPOS="1245" HPOS="793"/>
							<String ID="string_227" HPOS="814" VPOS="1242" WIDTH="52" HEIGHT="30" WC="0.96" CONTENT="till"/><SP WIDTH="20" VPOS="1242" HPOS="866"/>
							<String ID="string_228" HPOS="886" VPOS="1241" WIDTH="87" HEIGHT="30" WC="0.96" CONTENT="drift"/><SP WIDTH="19" VPOS="1241" HPOS="973"/>
							<String ID="string_229" HPOS="992" VPOS="1241" WIDTH="64" HEIGHT="30" WC="0.97" CONTENT="och"/><SP WIDTH="18" VPOS="1241" HPOS="1056"/>
							<String ID="string_230" HPOS="1074" VPOS="1239" WIDTH="186" HEIGHT="31" WC="0.96" CONTENT="underhåll"/><SP WIDTH="18" VPOS="1239" HPOS="1260"/>
							<String ID="string_231" HPOS="1278" VPOS="1249" WIDTH="43" HEIGHT="21" WC="0.96" CONTENT="av"/><SP WIDTH="17" VPOS="1249" HPOS="1321"/>
							<String ID="string_232" HPOS="1338" VPOS="1239" WIDTH="100" HEIGHT="30" WC="0.96" CONTENT="båtar"/><SP WIDTH="20" VPOS="1239" HPOS="1438"/>
							<String ID="string_233" HPOS="1458" VPOS="1238" WIDTH="54" HEIGHT="29" WC="0.96" CONTENT="för"/><SP WIDTH="19" VPOS="1238" HPOS="1512"/>
							<String ID="string_234" HPOS="1531" VPOS="1238" WIDTH="102" HEIGHT="29" WC="0.96" CONTENT="nästa"/>
						</TextLine>
						<TextLine ID="line_22" HPOS="129" VPOS="1288" WIDTH="1504" HEIGHT="49">
							<String ID="string_235" HPOS="129" VPOS="1298" WIDTH="170" HEIGHT="39" WC="0.96" CONTENT="budgetår"/><SP WIDTH="31" VPOS="1298" HPOS="299"/>
							<String ID="string_236" HPOS="330" VPOS="1297" WIDTH="86" HEIGHT="30" WC="0.96" CONTENT="böra"/><SP WIDTH="30" VPOS="1297" HPOS="416"/>
							<String ID="string_237" HPOS="446" VPOS="1296" WIDTH="172" HEIGHT="30" WC="0.96" CONTENT="beräknas"/><SP WIDTH="33" VPOS="1296" HPOS="618"/>
							<String ID="string_238" HPOS="651" VPOS="1293" WIDTH="280" HEIGHT="41" WC="0.93" CONTENT="engångsbelopp"/><SP WIDTH="32" VPOS="1293" HPOS="931"/>
							<String ID="string_239" HPOS="963" VPOS="1291" WIDTH="20" HEIGHT="30" WC="0.92" CONTENT="å"/><SP WIDTH="31" VPOS="1291" HPOS="983"/>
							<String ID="string_240" HPOS="1014" VPOS="1291" WIDTH="94" HEIGHT="30" WC="0.95" CONTENT="1500"/><SP WIDTH="29" VPOS="1291" HPOS="1108"/>
							<String ID="string_241" HPOS="1137" VPOS="1289" WIDTH="196" HEIGHT="41" WC="0.96" CONTENT="respektive"/><SP WIDTH="34" VPOS="1289" HPOS="1333"/>
							<String ID="string_242" HPOS="1367" VPOS="1288" WIDTH="94" HEIGHT="31" WC="0.96" CONTENT="1700"/><SP WIDTH="31" VPOS="1288" HPOS="1461"/>
							<String ID="string_243" HPOS="1492" VPOS="1288" WIDTH="141" HEIGHT="29" WC="0.96" CONTENT="kronor."/>
						</TextLine>
						<TextLine ID="line_23" HPOS="131" VPOS="1337" WIDTH="1502" HEIGHT="51">
							<String ID="string_244" HPOS="131" VPOS="1348" WIDTH="127" HEIGHT="40" WC="0.95" CONTENT="Övriga"/><SP WIDTH="25" VPOS="1348" HPOS="258"/>
							<String ID="string_245" HPOS="283" VPOS="1358" WIDTH="42" HEIGHT="21" WC="0.96" CONTENT="av"/><SP WIDTH="25" VPOS="1358" HPOS="325"/>
							<String ID="string_246" HPOS="350" VPOS="1347" WIDTH="169" HEIGHT="40" WC="0.96" CONTENT="styrelsen"/><SP WIDTH="25" VPOS="1347" HPOS="519"/>
							<String ID="string_247" HPOS="544" VPOS="1346" WIDTH="199" HEIGHT="38" WC="0.96" CONTENT="föreslagna"/><SP WIDTH="26" VPOS="1346" HPOS="743"/>
							<String ID="string_248" HPOS="769" VPOS="1344" WIDTH="189" HEIGHT="39" WC="0.96" CONTENT="höjningar"/><SP WIDTH="25" VPOS="1344" HPOS="958"/>
							<String ID="string_249" HPOS="983" VPOS="1342" WIDTH="70" HEIGHT="29" WC="0.96" CONTENT="kan"/><SP WIDTH="25" VPOS="1342" HPOS="1053"/>
							<String ID="string_250" HPOS="1078" VPOS="1341" WIDTH="60" HEIGHT="40" WC="0.96" CONTENT="jag"/><SP WIDTH="25" VPOS="1341" HPOS="1138"/>
							<String ID="string_251" HPOS="1163" VPOS="1342" WIDTH="157" HEIGHT="29" WC="0.96" CONTENT="däremot"/><SP WIDTH="24" VPOS="1342" HPOS="1320"/>
							<String ID="string_252" HPOS="1344" VPOS="1339" WIDTH="77" HEIGHT="30" WC="0.94" CONTENT="icke"/><SP WIDTH="26" VPOS="1339" HPOS="1421"/>
							<String ID="string_253" HPOS="1447" VPOS="1337" WIDTH="186" HEIGHT="41" WC="0.95" CONTENT="tillstyrka."/>
						</TextLine>
						<TextLine ID="line_24" HPOS="130" VPOS="1388" WIDTH="1504" HEIGHT="40">
							<String ID="string_254" HPOS="130" VPOS="1399" WIDTH="68" HEIGHT="29" WC="0.93" CONTENT="Till"/><SP WIDTH="35" VPOS="1399" HPOS="198"/>
							<String ID="string_255" HPOS="233" VPOS="1396" WIDTH="435" HEIGHT="32" WC="0.89" CONTENT="sötvattenslaboratoriets"/><SP WIDTH="34" VPOS="1396" HPOS="668"/>
							<String ID="string_256" HPOS="702" VPOS="1393" WIDTH="249" HEIGHT="31" WC="0.96" CONTENT="omkostnader"/><SP WIDTH="32" VPOS="1393" HPOS="951"/>
							<String ID="string_257" HPOS="983" VPOS="1393" WIDTH="61" HEIGHT="29" WC="0.96" CONTENT="bör"/><SP WIDTH="34" VPOS="1393" HPOS="1044"/>
							<String ID="string_258" HPOS="1078" VPOS="1391" WIDTH="150" HEIGHT="30" WC="0.96" CONTENT="sålunda"/><SP WIDTH="33" VPOS="1391" HPOS="1228"/>
							<String ID="string_259" HPOS="1261" VPOS="1389" WIDTH="138" HEIGHT="31" WC="0.96" CONTENT="anvisas"/><SP WIDTH="40" VPOS="1389" HPOS="1399"/>
							<String ID="string_260" HPOS="1439" VPOS="1388" WIDTH="58" HEIGHT="34" WC="0.65" CONTENT="(26"/><SP WIDTH="16" VPOS="1388" HPOS="1497"/>
							<String ID="string_261" HPOS="1513" VPOS="1388" WIDTH="60" HEIGHT="30" WC="0.65" CONTENT="100"/><SP WIDTH="23" VPOS="1388" HPOS="1573"/>
							<String ID="string_262" HPOS="1596" VPOS="1389" WIDTH="38" HEIGHT="37" WC="0.88" CONTENT="+"/>
						</TextLine>
						<TextLine ID="line_25" HPOS="133" VPOS="1446" WIDTH="651" HEIGHT="40">
							<String ID="string_263" HPOS="133" VPOS="1450" WIDTH="95" HEIGHT="30" WC="0.94" CONTENT="1500"/><SP WIDTH="22" VPOS="1450" HPOS="228"/>
							<String ID="string_264" HPOS="250" VPOS="1449" WIDTH="36" HEIGHT="37" WC="0.96" CONTENT="+"/><SP WIDTH="23" VPOS="1449" HPOS="286"/>
							<String ID="string_265" HPOS="309" VPOS="1448" WIDTH="94" HEIGHT="30" WC="0.96" CONTENT="1700"/><SP WIDTH="20" VPOS="1448" HPOS="403"/>
							<String ID="string_266" HPOS="423" VPOS="1447" WIDTH="57" HEIGHT="33" WC="0.95" CONTENT="=)"/><SP WIDTH="26" VPOS="1447" HPOS="480"/>
							<String ID="string_267" HPOS="506" VPOS="1447" WIDTH="40" HEIGHT="30" WC="0.91" CONTENT="29"/><SP WIDTH="15" VPOS="1447" HPOS="546"/>
							<String ID="string_268" HPOS="561" VPOS="1446" WIDTH="62" HEIGHT="30" WC="0.91" CONTENT="300"/><SP WIDTH="20" VPOS="1446" HPOS="623"/>
							<String ID="string_269" HPOS="643" VPOS="1446" WIDTH="141" HEIGHT="29" WC="0.96" CONTENT="kronor."/>
						</TextLine>
					</TextBlock>
					<TextBlock ID="block_3" HPOS="132" VPOS="1488" WIDTH="1505" HEIGHT="193">
						<TextLine ID="line_26" HPOS="176" VPOS="1488" WIDTH="1460" HEIGHT="50">
							<String ID="string_270" HPOS="176" VPOS="1500" WIDTH="13" HEIGHT="29" WC="0.96" CONTENT="I"/><SP WIDTH="21" VPOS="1500" HPOS="189"/>
							<String ID="string_271" HPOS="210" VPOS="1499" WIDTH="98" HEIGHT="39" WC="0.96" CONTENT="fråga"/><SP WIDTH="16" VPOS="1499" HPOS="308"/>
							<String ID="string_272" HPOS="324" VPOS="1508" WIDTH="56" HEIGHT="20" WC="0.93" CONTENT="om"/><SP WIDTH="19" VPOS="1508" HPOS="380"/>
							<String ID="string_273" HPOS="399" VPOS="1494" WIDTH="406" HEIGHT="34" WC="0.91" CONTENT="havsfiskelaboratoriet"/><SP WIDTH="17" VPOS="1494" HPOS="805"/>
							<String ID="string_274" HPOS="822" VPOS="1495" WIDTH="70" HEIGHT="29" WC="0.96" CONTENT="kan"/><SP WIDTH="18" VPOS="1495" HPOS="892"/>
							<String ID="string_275" HPOS="910" VPOS="1494" WIDTH="60" HEIGHT="39" WC="0.96" CONTENT="jag"/><SP WIDTH="18" VPOS="1494" HPOS="970"/>
							<String ID="string_276" HPOS="988" VPOS="1492" WIDTH="10" HEIGHT="30" WC="0.95" CONTENT="i"/><SP WIDTH="18" VPOS="1492" HPOS="998"/>
							<String ID="string_277" HPOS="1016" VPOS="1492" WIDTH="109" HEIGHT="30" WC="0.96" CONTENT="likhet"/><SP WIDTH="20" VPOS="1492" HPOS="1125"/>
							<String ID="string_278" HPOS="1145" VPOS="1491" WIDTH="79" HEIGHT="30" WC="0.96" CONTENT="med"/><SP WIDTH="20" VPOS="1491" HPOS="1224"/>
							<String ID="string_279" HPOS="1244" VPOS="1491" WIDTH="251" HEIGHT="30" WC="0.96" CONTENT="statskontoret"/><SP WIDTH="17" VPOS="1491" HPOS="1495"/>
							<String ID="string_280" HPOS="1512" VPOS="1488" WIDTH="124" HEIGHT="30" WC="0.96" CONTENT="endast"/>
						</TextLine>
						<TextLine ID="line_27" HPOS="132" VPOS="1540" WIDTH="1504" HEIGHT="49">
							<String ID="string_281" HPOS="132" VPOS="1550" WIDTH="186" HEIGHT="39" WC="0.96" CONTENT="tillstyrka,"/><SP WIDTH="28" VPOS="1550" HPOS="318"/>
							<String ID="string_282" HPOS="346" VPOS="1550" WIDTH="51" HEIGHT="29" WC="0.96" CONTENT="att"/><SP WIDTH="25" VPOS="1550" HPOS="397"/>
							<String ID="string_283" HPOS="422" VPOS="1550" WIDTH="124" HEIGHT="38" WC="0.96" CONTENT="posten"/><SP WIDTH="27" VPOS="1550" HPOS="546"/>
							<String ID="string_284" HPOS="573" VPOS="1546" WIDTH="52" HEIGHT="30" WC="0.91" CONTENT="till"/><SP WIDTH="27" VPOS="1546" HPOS="625"/>
							<String ID="string_285" HPOS="652" VPOS="1545" WIDTH="228" HEIGHT="30" WC="0.91" CONTENT="instrument-"/><SP WIDTH="29" VPOS="1545" HPOS="880"/>
							<String ID="string_286" HPOS="909" VPOS="1544" WIDTH="64" HEIGHT="30" WC="0.92" CONTENT="och"/><SP WIDTH="29" VPOS="1544" HPOS="973"/>
							<String ID="string_287" HPOS="1002" VPOS="1540" WIDTH="400" HEIGHT="33" WC="0.91" CONTENT="laboratoriekostnader"/><SP WIDTH="32" VPOS="1540" HPOS="1402"/>
							<String ID="string_288" HPOS="1434" VPOS="1540" WIDTH="202" HEIGHT="39" WC="0.96" CONTENT="uppräknas"/>
						</TextLine>
						<TextLine ID="line_28" HPOS="132" VPOS="1590" WIDTH="1505" HEIGHT="46">
							<String ID="string_289" HPOS="132" VPOS="1600" WIDTH="79" HEIGHT="29" WC="0.96" CONTENT="med"/><SP WIDTH="22" VPOS="1600" HPOS="211"/>
							<String ID="string_290" HPOS="233" VPOS="1600" WIDTH="18" HEIGHT="30" WC="0.93" CONTENT="2"/><SP WIDTH="16" VPOS="1600" HPOS="251"/>
							<String ID="string_291" HPOS="267" VPOS="1599" WIDTH="61" HEIGHT="30" WC="0.93" CONTENT="000"/><SP WIDTH="20" VPOS="1599" HPOS="328"/>
							<String ID="string_292" HPOS="348" VPOS="1599" WIDTH="132" HEIGHT="29" WC="0.96" CONTENT="kronor"/><SP WIDTH="21" VPOS="1599" HPOS="480"/>
							<String ID="string_293" HPOS="501" VPOS="1598" WIDTH="52" HEIGHT="29" WC="0.96" CONTENT="till"/><SP WIDTH="20" VPOS="1598" HPOS="553"/>
							<String ID="string_294" HPOS="573" VPOS="1597" WIDTH="108" HEIGHT="39" WC="0.95" CONTENT="inköp"/><SP WIDTH="22" VPOS="1597" HPOS="681"/>
							<String ID="string_295" HPOS="703" VPOS="1605" WIDTH="42" HEIGHT="23" WC="0.95" CONTENT="av"/><SP WIDTH="19" VPOS="1605" HPOS="745"/>
							<String ID="string_296" HPOS="764" VPOS="1594" WIDTH="200" HEIGHT="41" WC="0.96" CONTENT="ytterligare"/><SP WIDTH="19" VPOS="1594" HPOS="964"/>
							<String ID="string_297" HPOS="983" VPOS="1595" WIDTH="48" HEIGHT="28" WC="0.96" CONTENT="ett"/><SP WIDTH="19" VPOS="1595" HPOS="1031"/>
							<String ID="string_298" HPOS="1050" VPOS="1592" WIDTH="216" HEIGHT="39" WC="0.93" CONTENT="mikroskop."/><SP WIDTH="20" VPOS="1592" HPOS="1266"/>
							<String ID="string_299" HPOS="1286" VPOS="1590" WIDTH="256" HEIGHT="31" WC="0.91" CONTENT="Laboratoriets"/><SP WIDTH="22" VPOS="1590" HPOS="1542"/>
							<String ID="string_300" HPOS="1564" VPOS="1598" WIDTH="73" HEIGHT="21" WC="0.92" CONTENT="om-"/>
						</TextLine>
						<TextLine ID="line_29" HPOS="133" VPOS="1641" WIDTH="1395" HEIGHT="40">
							<String ID="string_301" HPOS="133" VPOS="1650" WIDTH="189" HEIGHT="29" WC="0.96" CONTENT="kostnader"/><SP WIDTH="21" VPOS="1650" HPOS="322"/>
							<String ID="string_302" HPOS="343" VPOS="1650" WIDTH="62" HEIGHT="29" WC="0.96" CONTENT="bör"/><SP WIDTH="22" VPOS="1650" HPOS="405"/>
							<String ID="string_303" HPOS="427" VPOS="1649" WIDTH="102" HEIGHT="31" WC="0.96" CONTENT="alltså"/><SP WIDTH="19" VPOS="1649" HPOS="529"/>
							<String ID="string_304" HPOS="548" VPOS="1647" WIDTH="174" HEIGHT="31" WC="0.96" CONTENT="beräknas"/><SP WIDTH="22" VPOS="1647" HPOS="722"/>
							<String ID="string_305" HPOS="744" VPOS="1645" WIDTH="52" HEIGHT="31" WC="0.95" CONTENT="till"/><SP WIDTH="28" VPOS="1645" HPOS="796"/>
							<String ID="string_306" HPOS="824" VPOS="1645" WIDTH="135" HEIGHT="33" WC="0.89" CONTENT="(58500"/><SP WIDTH="25" VPOS="1645" HPOS="959"/>
							<String ID="string_307" HPOS="984" VPOS="1645" WIDTH="36" HEIGHT="36" WC="0.93" CONTENT="+"/><SP WIDTH="24" VPOS="1645" HPOS="1020"/>
							<String ID="string_308" HPOS="1044" VPOS="1643" WIDTH="96" HEIGHT="31" WC="0.85" CONTENT="2000"/><SP WIDTH="24" VPOS="1643" HPOS="1140"/>
							<String ID="string_309" HPOS="1164" VPOS="1642" WIDTH="58" HEIGHT="35" WC="0.89" CONTENT="=)"/><SP WIDTH="26" VPOS="1642" HPOS="1222"/>
							<String ID="string_310" HPOS="1248" VPOS="1642" WIDTH="40" HEIGHT="31" WC="0.93" CONTENT="60"/><SP WIDTH="15" VPOS="1642" HPOS="1288"/>
							<String ID="string_311" HPOS="1303" VPOS="1641" WIDTH="63" HEIGHT="31" WC="0.95" CONTENT="500"/><SP WIDTH="23" VPOS="1641" HPOS="1366"/>
							<String ID="string_312" HPOS="1389" VPOS="1641" WIDTH="139" HEIGHT="30" WC="0.96" CONTENT="kronor."/>
						</TextLine>
					</TextBlock>
					<TextBlock ID="block_4" HPOS="134" VPOS="1690" WIDTH="1506" HEIGHT="349">
						<TextLine ID="line_30" HPOS="179" VPOS="1690" WIDTH="1459" HEIGHT="49">
							<String ID="string_313" HPOS="179" VPOS="1701" WIDTH="74" HEIGHT="29" WC="0.95" CONTENT="Den"/><SP WIDTH="20" VPOS="1701" HPOS="253"/>
							<String ID="string_314" HPOS="273" VPOS="1710" WIDTH="42" HEIGHT="20" WC="0.96" CONTENT="av"/><SP WIDTH="19" VPOS="1710" HPOS="315"/>
							<String ID="string_315" HPOS="334" VPOS="1700" WIDTH="170" HEIGHT="39" WC="0.96" CONTENT="styrelsen"/><SP WIDTH="20" VPOS="1700" HPOS="504"/>
							<String ID="string_316" HPOS="524" VPOS="1698" WIDTH="122" HEIGHT="40" WC="0.96" CONTENT="gjorda"/><SP WIDTH="19" VPOS="1698" HPOS="646"/>
							<String ID="string_317" HPOS="665" VPOS="1696" WIDTH="308" HEIGHT="39" WC="0.95" CONTENT="framställningen"/><SP WIDTH="18" VPOS="1696" HPOS="973"/>
							<String ID="string_318" HPOS="991" VPOS="1704" WIDTH="56" HEIGHT="21" WC="0.96" CONTENT="om"/><SP WIDTH="19" VPOS="1704" HPOS="1047"/>
							<String ID="string_319" HPOS="1066" VPOS="1694" WIDTH="149" HEIGHT="39" WC="0.96" CONTENT="höjning"/><SP WIDTH="17" VPOS="1694" HPOS="1215"/>
							<String ID="string_320" HPOS="1232" VPOS="1702" WIDTH="42" HEIGHT="20" WC="0.96" CONTENT="av"/><SP WIDTH="16" VPOS="1702" HPOS="1274"/>
							<String ID="string_321" HPOS="1290" VPOS="1692" WIDTH="93" HEIGHT="30" WC="0.96" CONTENT="vissa"/><SP WIDTH="19" VPOS="1692" HPOS="1383"/>
							<String ID="string_322" HPOS="1402" VPOS="1692" WIDTH="115" HEIGHT="39" WC="0.96" CONTENT="poster"/><SP WIDTH="17" VPOS="1692" HPOS="1517"/>
							<String ID="string_323" HPOS="1534" VPOS="1690" WIDTH="11" HEIGHT="30" WC="0.93" CONTENT="i"/><SP WIDTH="20" VPOS="1690" HPOS="1545"/>
							<String ID="string_324" HPOS="1565" VPOS="1699" WIDTH="73" HEIGHT="21" WC="0.92" CONTENT="om-"/>
						</TextLine>
						<TextLine ID="line_31" HPOS="134" VPOS="1741" WIDTH="1504" HEIGHT="45">
							<String ID="string_325" HPOS="134" VPOS="1750" WIDTH="328" HEIGHT="30" WC="0.92" CONTENT="kostnadsstaterna"/><SP WIDTH="22" VPOS="1750" HPOS="462"/>
							<String ID="string_326" HPOS="484" VPOS="1750" WIDTH="52" HEIGHT="29" WC="0.93" CONTENT="för"/><SP WIDTH="19" VPOS="1750" HPOS="536"/>
							<String ID="string_327" HPOS="555" VPOS="1747" WIDTH="297" HEIGHT="39" WC="0.91" CONTENT="undersöknings-"/><SP WIDTH="20" VPOS="1747" HPOS="852"/>
							<String ID="string_328" HPOS="872" VPOS="1746" WIDTH="65" HEIGHT="30" WC="0.93" CONTENT="och"/><SP WIDTH="18" VPOS="1746" HPOS="937"/>
							<String ID="string_329" HPOS="955" VPOS="1744" WIDTH="378" HEIGHT="39" WC="0.91" CONTENT="bevakningsfartygen"/><SP WIDTH="20" VPOS="1744" HPOS="1333"/>
							<String ID="string_330" HPOS="1353" VPOS="1744" WIDTH="38" HEIGHT="29" WC="0.96" CONTENT="är"/><SP WIDTH="19" VPOS="1744" HPOS="1391"/>
							<String ID="string_331" HPOS="1410" VPOS="1742" WIDTH="59" HEIGHT="39" WC="0.96" CONTENT="jag"/><SP WIDTH="19" VPOS="1742" HPOS="1469"/>
							<String ID="string_332" HPOS="1488" VPOS="1742" WIDTH="74" HEIGHT="29" WC="0.93" CONTENT="icke"/><SP WIDTH="19" VPOS="1742" HPOS="1562"/>
							<String ID="string_333" HPOS="1581" VPOS="1741" WIDTH="57" HEIGHT="29" WC="0.93" CONTENT="be-"/>
						</TextLine>
						<TextLine ID="line_32" HPOS="135" VPOS="1792" WIDTH="1504" HEIGHT="48">
							<String ID="string_334" HPOS="135" VPOS="1802" WIDTH="84" HEIGHT="29" WC="0.95" CONTENT="redd"/><SP WIDTH="24" VPOS="1802" HPOS="219"/>
							<String ID="string_335" HPOS="243" VPOS="1800" WIDTH="185" HEIGHT="40" WC="0.94" CONTENT="tillstyrka."/><SP WIDTH="23" VPOS="1800" HPOS="428"/>
							<String ID="string_336" HPOS="451" VPOS="1799" WIDTH="67" HEIGHT="29" WC="0.93" CONTENT="Till"/><SP WIDTH="24" VPOS="1799" HPOS="518"/>
							<String ID="string_337" HPOS="542" VPOS="1797" WIDTH="297" HEIGHT="31" WC="0.91" CONTENT="omkostnaderna"/><SP WIDTH="22" VPOS="1797" HPOS="839"/>
							<String ID="string_338" HPOS="861" VPOS="1797" WIDTH="55" HEIGHT="29" WC="0.96" CONTENT="för"/><SP WIDTH="23" VPOS="1797" HPOS="916"/>
							<String ID="string_339" HPOS="939" VPOS="1796" WIDTH="175" HEIGHT="38" WC="0.96" CONTENT="Skagerak"/><SP WIDTH="24" VPOS="1796" HPOS="1114"/>
							<String ID="string_340" HPOS="1138" VPOS="1795" WIDTH="63" HEIGHT="29" WC="0.96" CONTENT="bör"/><SP WIDTH="24" VPOS="1795" HPOS="1201"/>
							<String ID="string_341" HPOS="1225" VPOS="1793" WIDTH="148" HEIGHT="31" WC="0.96" CONTENT="sålunda"/><SP WIDTH="21" VPOS="1793" HPOS="1373"/>
							<String ID="string_342" HPOS="1394" VPOS="1792" WIDTH="171" HEIGHT="30" WC="0.95" CONTENT="beräknas"/><SP WIDTH="24" VPOS="1792" HPOS="1565"/>
							<String ID="string_343" HPOS="1589" VPOS="1792" WIDTH="50" HEIGHT="27" WC="0.95" CONTENT="ett"/>
						</TextLine>
						<TextLine ID="line_33" HPOS="135" VPOS="1842" WIDTH="1504" HEIGHT="47">
							<String ID="string_344" HPOS="135" VPOS="1851" WIDTH="204" HEIGHT="30" WC="0.96" CONTENT="oförändrat"/><SP WIDTH="21" VPOS="1851" HPOS="339"/>
							<String ID="string_345" HPOS="360" VPOS="1850" WIDTH="124" HEIGHT="39" WC="0.96" CONTENT="belopp"/><SP WIDTH="20" VPOS="1850" HPOS="484"/>
							<String ID="string_346" HPOS="504" VPOS="1859" WIDTH="42" HEIGHT="20" WC="0.97" CONTENT="av"/><SP WIDTH="20" VPOS="1859" HPOS="546"/>
							<String ID="string_347" HPOS="566" VPOS="1849" WIDTH="61" HEIGHT="30" WC="0.96" CONTENT="206"/><SP WIDTH="16" VPOS="1849" HPOS="627"/>
							<String ID="string_348" HPOS="643" VPOS="1848" WIDTH="63" HEIGHT="30" WC="0.96" CONTENT="800"/><SP WIDTH="20" VPOS="1848" HPOS="706"/>
							<String ID="string_349" HPOS="726" VPOS="1849" WIDTH="140" HEIGHT="32" WC="0.96" CONTENT="kronor,"/><SP WIDTH="21" VPOS="1849" HPOS="866"/>
							<String ID="string_350" HPOS="887" VPOS="1846" WIDTH="127" HEIGHT="30" WC="0.96" CONTENT="medan"/><SP WIDTH="20" VPOS="1846" HPOS="1014"/>
							<String ID="string_351" HPOS="1034" VPOS="1845" WIDTH="52" HEIGHT="29" WC="0.93" CONTENT="till"/><SP WIDTH="20" VPOS="1845" HPOS="1086"/>
							<String ID="string_352" HPOS="1106" VPOS="1843" WIDTH="299" HEIGHT="31" WC="0.90" CONTENT="omkostnaderna"/><SP WIDTH="19" VPOS="1843" HPOS="1405"/>
							<String ID="string_353" HPOS="1424" VPOS="1843" WIDTH="54" HEIGHT="29" WC="0.93" CONTENT="för"/><SP WIDTH="21" VPOS="1843" HPOS="1478"/>
							<String ID="string_354" HPOS="1499" VPOS="1842" WIDTH="140" HEIGHT="39" WC="0.92" CONTENT="Eystra-"/>
						</TextLine>
						<TextLine ID="line_34" HPOS="135" VPOS="1892" WIDTH="1504" HEIGHT="49">
							<String ID="string_355" HPOS="135" VPOS="1902" WIDTH="68" HEIGHT="29" WC="0.96" CONTENT="salt"/><SP WIDTH="22" VPOS="1902" HPOS="203"/>
							<String ID="string_356" HPOS="225" VPOS="1902" WIDTH="45" HEIGHT="39" WC="0.96" CONTENT="på"/><SP WIDTH="22" VPOS="1902" HPOS="270"/>
							<String ID="string_357" HPOS="292" VPOS="1901" WIDTH="112" HEIGHT="39" WC="0.96" CONTENT="grund"/><SP WIDTH="22" VPOS="1901" HPOS="404"/>
							<String ID="string_358" HPOS="426" VPOS="1910" WIDTH="41" HEIGHT="21" WC="0.95" CONTENT="av"/><SP WIDTH="22" VPOS="1910" HPOS="467"/>
							<String ID="string_359" HPOS="489" VPOS="1899" WIDTH="142" HEIGHT="30" WC="0.95" CONTENT="bortfall"/><SP WIDTH="23" VPOS="1899" HPOS="631"/>
							<String ID="string_360" HPOS="654" VPOS="1907" WIDTH="43" HEIGHT="22" WC="0.96" CONTENT="av"/><SP WIDTH="21" VPOS="1907" HPOS="697"/>
							<String ID="string_361" HPOS="718" VPOS="1899" WIDTH="47" HEIGHT="28" WC="0.96" CONTENT="ett"/><SP WIDTH="21" VPOS="1899" HPOS="765"/>
							<String ID="string_362" HPOS="786" VPOS="1898" WIDTH="55" HEIGHT="31" WC="0.96" CONTENT="för"/><SP WIDTH="21" VPOS="1898" HPOS="841"/>
							<String ID="string_363" HPOS="862" VPOS="1895" WIDTH="236" HEIGHT="30" WC="0.96" CONTENT="innevarande"/><SP WIDTH="22" VPOS="1895" HPOS="1098"/>
							<String ID="string_364" HPOS="1120" VPOS="1894" WIDTH="169" HEIGHT="39" WC="0.96" CONTENT="budgetår"/><SP WIDTH="25" VPOS="1894" HPOS="1289"/>
							<String ID="string_365" HPOS="1314" VPOS="1893" WIDTH="136" HEIGHT="30" WC="0.96" CONTENT="anvisat"/><SP WIDTH="22" VPOS="1893" HPOS="1450"/>
							<String ID="string_366" HPOS="1472" VPOS="1892" WIDTH="167" HEIGHT="39" WC="0.90" CONTENT="engångs-"/>
						</TextLine>
						<TextLine ID="line_35" HPOS="135" VPOS="1942" WIDTH="1505" HEIGHT="50">
							<String ID="string_367" HPOS="135" VPOS="1952" WIDTH="124" HEIGHT="40" WC="0.93" CONTENT="belopp"/><SP WIDTH="20" VPOS="1952" HPOS="259"/>
							<String ID="string_368" HPOS="279" VPOS="1951" WIDTH="19" HEIGHT="30" WC="0.90" CONTENT="å"/><SP WIDTH="22" VPOS="1951" HPOS="298"/>
							<String ID="string_369" HPOS="320" VPOS="1951" WIDTH="37" HEIGHT="29" WC="0.96" CONTENT="14"/><SP WIDTH="15" VPOS="1951" HPOS="357"/>
							<String ID="string_370" HPOS="372" VPOS="1951" WIDTH="62" HEIGHT="29" WC="0.96" CONTENT="000"/><SP WIDTH="22" VPOS="1951" HPOS="434"/>
							<String ID="string_371" HPOS="456" VPOS="1951" WIDTH="128" HEIGHT="29" WC="0.95" CONTENT="kronor"/><SP WIDTH="18" VPOS="1951" HPOS="584"/>
							<String ID="string_372" HPOS="602" VPOS="1950" WIDTH="62" HEIGHT="29" WC="0.96" CONTENT="bör"/><SP WIDTH="20" VPOS="1950" HPOS="664"/>
							<String ID="string_373" HPOS="684" VPOS="1947" WIDTH="138" HEIGHT="32" WC="0.96" CONTENT="anvisas"/><SP WIDTH="22" VPOS="1947" HPOS="822"/>
							<String ID="string_374" HPOS="844" VPOS="1949" WIDTH="48" HEIGHT="28" WC="0.96" CONTENT="ett"/><SP WIDTH="18" VPOS="1949" HPOS="892"/>
							<String ID="string_375" HPOS="910" VPOS="1946" WIDTH="53" HEIGHT="30" WC="0.96" CONTENT="till"/><SP WIDTH="25" VPOS="1946" HPOS="963"/>
							<String ID="string_376" HPOS="988" VPOS="1946" WIDTH="54" HEIGHT="33" WC="0.96" CONTENT="(51"/><SP WIDTH="18" VPOS="1946" HPOS="1042"/>
							<String ID="string_377" HPOS="1060" VPOS="1945" WIDTH="62" HEIGHT="30" WC="0.93" CONTENT="800"/><SP WIDTH="19" VPOS="1945" HPOS="1122"/>
							<String ID="string_378" HPOS="1141" VPOS="1963" WIDTH="45" HEIGHT="3" WC="0.88" CONTENT="—"/><SP WIDTH="20" VPOS="1963" HPOS="1186"/>
							<String ID="string_379" HPOS="1206" VPOS="1944" WIDTH="38" HEIGHT="29" WC="0.95" CONTENT="14"/><SP WIDTH="15" VPOS="1944" HPOS="1244"/>
							<String ID="string_380" HPOS="1259" VPOS="1943" WIDTH="62" HEIGHT="30" WC="0.95" CONTENT="000"/><SP WIDTH="21" VPOS="1943" HPOS="1321"/>
							<String ID="string_381" HPOS="1342" VPOS="1943" WIDTH="58" HEIGHT="33" WC="0.93" CONTENT="=)"/><SP WIDTH="25" VPOS="1943" HPOS="1400"/>
							<String ID="string_382" HPOS="1425" VPOS="1943" WIDTH="38" HEIGHT="29" WC="0.96" CONTENT="37"/><SP WIDTH="17" VPOS="1943" HPOS="1463"/>
							<String ID="string_383" HPOS="1480" VPOS="1942" WIDTH="61" HEIGHT="31" WC="0.90" CONTENT="800"/><SP WIDTH="19" VPOS="1942" HPOS="1541"/>
							<String ID="string_384" HPOS="1560" VPOS="1942" WIDTH="80" HEIGHT="29" WC="0.90" CONTENT="kro-"/>
						</TextLine>
						<TextLine ID="line_36" HPOS="136" VPOS="2001" WIDTH="391" HEIGHT="38">
							<String ID="string_385" HPOS="136" VPOS="2011" WIDTH="64" HEIGHT="20" WC="0.96" CONTENT="nor"/><SP WIDTH="19" VPOS="2011" HPOS="200"/>
							<String ID="string_386" HPOS="219" VPOS="2001" WIDTH="154" HEIGHT="30" WC="0.96" CONTENT="minskat"/><SP WIDTH="19" VPOS="2001" HPOS="373"/>
							<String ID="string_387" HPOS="392" VPOS="2001" WIDTH="135" HEIGHT="38" WC="0.96" CONTENT="belopp."/>
						</TextLine>
					</TextBlock>
					<TextBlock ID="block_5" HPOS="137" VPOS="2042" WIDTH="1504" HEIGHT="146">
						<TextLine ID="line_37" HPOS="183" VPOS="2042" WIDTH="1457" HEIGHT="47">
							<String ID="string_388" HPOS="183" VPOS="2052" WIDTH="64" HEIGHT="29" WC="0.96" CONTENT="Vid"/><SP WIDTH="29" VPOS="2052" HPOS="247"/>
							<String ID="string_389" HPOS="276" VPOS="2051" WIDTH="97" HEIGHT="30" WC="0.96" CONTENT="bifall"/><SP WIDTH="29" VPOS="2051" HPOS="373"/>
							<String ID="string_390" HPOS="402" VPOS="2051" WIDTH="52" HEIGHT="29" WC="0.95" CONTENT="till"/><SP WIDTH="25" VPOS="2051" HPOS="454"/>
							<String ID="string_391" HPOS="479" VPOS="2050" WIDTH="66" HEIGHT="30" WC="0.96" CONTENT="vad"/><SP WIDTH="26" VPOS="2050" HPOS="545"/>
							<String ID="string_392" HPOS="571" VPOS="2050" WIDTH="59" HEIGHT="39" WC="0.96" CONTENT="jag"/><SP WIDTH="27" VPOS="2050" HPOS="630"/>
							<String ID="string_393" HPOS="657" VPOS="2048" WIDTH="147" HEIGHT="31" WC="0.96" CONTENT="sålunda"/><SP WIDTH="28" VPOS="2048" HPOS="804"/>
							<String ID="string_394" HPOS="832" VPOS="2046" WIDTH="180" HEIGHT="39" WC="0.96" CONTENT="föreslagit"/><SP WIDTH="28" VPOS="2046" HPOS="1012"/>
							<String ID="string_395" HPOS="1040" VPOS="2045" WIDTH="112" HEIGHT="31" WC="0.96" CONTENT="skulle"/><SP WIDTH="29" VPOS="2045" HPOS="1152"/>
							<String ID="string_396" HPOS="1181" VPOS="2043" WIDTH="228" HEIGHT="32" WC="0.96" CONTENT="förevarande"/><SP WIDTH="29" VPOS="2043" HPOS="1409"/>
							<String ID="string_397" HPOS="1438" VPOS="2043" WIDTH="119" HEIGHT="39" WC="0.96" CONTENT="anslag"/><SP WIDTH="28" VPOS="2043" HPOS="1557"/>
							<String ID="string_398" HPOS="1585" VPOS="2042" WIDTH="55" HEIGHT="30" WC="0.96" CONTENT="för"/>
						</TextLine>
						<TextLine ID="line_38" HPOS="137" VPOS="2092" WIDTH="1504" HEIGHT="48">
							<String ID="string_399" HPOS="137" VPOS="2103" WIDTH="101" HEIGHT="28" WC="0.96" CONTENT="nästa"/><SP WIDTH="20" VPOS="2103" HPOS="238"/>
							<String ID="string_400" HPOS="258" VPOS="2101" WIDTH="168" HEIGHT="39" WC="0.96" CONTENT="budgetår"/><SP WIDTH="19" VPOS="2101" HPOS="426"/>
							<String ID="string_401" HPOS="445" VPOS="2101" WIDTH="132" HEIGHT="29" WC="0.96" CONTENT="behöva"/><SP WIDTH="20" VPOS="2101" HPOS="577"/>
							<String ID="string_402" HPOS="597" VPOS="2099" WIDTH="170" HEIGHT="40" WC="0.96" CONTENT="uppföras"/><SP WIDTH="22" VPOS="2099" HPOS="767"/>
							<String ID="string_403" HPOS="789" VPOS="2099" WIDTH="78" HEIGHT="29" WC="0.96" CONTENT="med"/><SP WIDTH="25" VPOS="2099" HPOS="867"/>
							<String ID="string_404" HPOS="892" VPOS="2096" WIDTH="135" HEIGHT="32" WC="0.80" CONTENT="(84700"/><SP WIDTH="22" VPOS="2096" HPOS="1027"/>
							<String ID="string_405" HPOS="1049" VPOS="2097" WIDTH="36" HEIGHT="36" WC="0.21" CONTENT="+"/><SP WIDTH="24" VPOS="2097" HPOS="1085"/>
							<String ID="string_406" HPOS="1109" VPOS="2096" WIDTH="40" HEIGHT="29" WC="0.92" CONTENT="29"/><SP WIDTH="15" VPOS="2096" HPOS="1149"/>
							<String ID="string_407" HPOS="1164" VPOS="2096" WIDTH="63" HEIGHT="29" WC="0.92" CONTENT="300"/><SP WIDTH="22" VPOS="2096" HPOS="1227"/>
							<String ID="string_408" HPOS="1249" VPOS="2096" WIDTH="36" HEIGHT="36" WC="0.38" CONTENT="+"/><SP WIDTH="21" VPOS="2096" HPOS="1285"/>
							<String ID="string_409" HPOS="1306" VPOS="2094" WIDTH="40" HEIGHT="30" WC="0.95" CONTENT="60"/><SP WIDTH="15" VPOS="2094" HPOS="1346"/>
							<String ID="string_410" HPOS="1361" VPOS="2094" WIDTH="63" HEIGHT="29" WC="0.95" CONTENT="500"/><SP WIDTH="20" VPOS="2094" HPOS="1424"/>
							<String ID="string_411" HPOS="1444" VPOS="2094" WIDTH="37" HEIGHT="37" WC="0.25" CONTENT="+"/><SP WIDTH="20" VPOS="2094" HPOS="1481"/>
							<String ID="string_412" HPOS="1501" VPOS="2093" WIDTH="61" HEIGHT="29" WC="0.96" CONTENT="206"/><SP WIDTH="15" VPOS="2093" HPOS="1562"/>
							<String ID="string_413" HPOS="1577" VPOS="2092" WIDTH="64" HEIGHT="29" WC="0.96" CONTENT="800"/>
						</TextLine>
						<TextLine ID="line_39" HPOS="143" VPOS="2151" WIDTH="597" HEIGHT="37">
							<String ID="string_414" HPOS="143" VPOS="2153" WIDTH="36" HEIGHT="35" WC="0.92" CONTENT="+"/><SP WIDTH="22" VPOS="2153" HPOS="179"/>
							<String ID="string_415" HPOS="201" VPOS="2152" WIDTH="39" HEIGHT="29" WC="0.95" CONTENT="37"/><SP WIDTH="17" VPOS="2152" HPOS="240"/>
							<String ID="string_416" HPOS="257" VPOS="2152" WIDTH="61" HEIGHT="29" WC="0.95" CONTENT="800"/><SP WIDTH="20" VPOS="2152" HPOS="318"/>
							<String ID="string_417" HPOS="338" VPOS="2153" WIDTH="57" HEIGHT="33" WC="0.95" CONTENT="=)"/><SP WIDTH="25" VPOS="2153" HPOS="395"/>
							<String ID="string_418" HPOS="420" VPOS="2151" WIDTH="63" HEIGHT="29" WC="0.96" CONTENT="419"/><SP WIDTH="18" VPOS="2151" HPOS="483"/>
							<String ID="string_419" HPOS="501" VPOS="2151" WIDTH="59" HEIGHT="29" WC="0.96" CONTENT="100"/><SP WIDTH="19" VPOS="2151" HPOS="560"/>
							<String ID="string_420" HPOS="579" VPOS="2151" WIDTH="161" HEIGHT="28" WC="0.96" CONTENT="kronor.»"/>
						</TextLine>
					</TextBlock>
				</ComposedBlock>
				<ComposedBlock ID="cblock_2" HPOS="141" VPOS="2218" WIDTH="1507" HEIGHT="248">
					<TextBlock ID="block_6" HPOS="141" VPOS="2218" WIDTH="1507" HEIGHT="248">
						<TextLine ID="line_40" HPOS="186" VPOS="2218" WIDTH="1457" HEIGHT="45">
							<String ID="string_421" HPOS="186" VPOS="2226" WIDTH="184" HEIGHT="30" WC="0.95" CONTENT="Utskottet."/><SP WIDTH="33" VPOS="2226" HPOS="370"/>
							<String ID="string_422" HPOS="403" VPOS="2227" WIDTH="6" HEIGHT="29" WC="0.96" CONTENT="I"/><SP WIDTH="27" VPOS="2227" HPOS="409"/>
							<String ID="string_423" HPOS="436" VPOS="2226" WIDTH="40" HEIGHT="29" WC="0.96" CONTENT="de"/><SP WIDTH="25" VPOS="2226" HPOS="476"/>
							<String ID="string_424" HPOS="501" VPOS="2225" WIDTH="223" HEIGHT="38" WC="0.96" CONTENT="likalydande"/><SP WIDTH="25" VPOS="2225" HPOS="724"/>
							<String ID="string_425" HPOS="749" VPOS="2223" WIDTH="220" HEIGHT="29" WC="0.96" CONTENT="motionerna"/><SP WIDTH="25" VPOS="2223" HPOS="969"/>
							<String ID="string_426" HPOS="994" VPOS="2223" WIDTH="28" HEIGHT="28" WC="0.25" CONTENT="I:"/><SP WIDTH="16" VPOS="2223" HPOS="1022"/>
							<String ID="string_427" HPOS="1038" VPOS="2221" WIDTH="61" HEIGHT="30" WC="0.25" CONTENT="377"/><SP WIDTH="28" VPOS="2221" HPOS="1099"/>
							<String ID="string_428" HPOS="1127" VPOS="2221" WIDTH="65" HEIGHT="29" WC="0.95" CONTENT="och"/><SP WIDTH="26" VPOS="2221" HPOS="1192"/>
							<String ID="string_429" HPOS="1218" VPOS="2221" WIDTH="44" HEIGHT="29" WC="0.89" CONTENT="II:"/><SP WIDTH="17" VPOS="2221" HPOS="1262"/>
							<String ID="string_430" HPOS="1279" VPOS="2219" WIDTH="62" HEIGHT="30" WC="0.89" CONTENT="346"/><SP WIDTH="26" VPOS="2219" HPOS="1341"/>
							<String ID="string_431" HPOS="1367" VPOS="2219" WIDTH="74" HEIGHT="34" WC="0.96" CONTENT="har,"/><SP WIDTH="27" VPOS="2219" HPOS="1441"/>
							<String ID="string_432" HPOS="1468" VPOS="2218" WIDTH="101" HEIGHT="30" WC="0.96" CONTENT="såvitt"/><SP WIDTH="27" VPOS="2218" HPOS="1569"/>
							<String ID="string_433" HPOS="1596" VPOS="2226" WIDTH="47" HEIGHT="20" WC="0.96" CONTENT="nu"/>
						</TextLine>
						<TextLine ID="line_41" HPOS="141" VPOS="2268" WIDTH="1504" HEIGHT="47">
							<String ID="string_434" HPOS="141" VPOS="2277" WIDTH="38" HEIGHT="28" WC="0.96" CONTENT="är"/><SP WIDTH="21" VPOS="2277" HPOS="179"/>
							<String ID="string_435" HPOS="200" VPOS="2277" WIDTH="8" HEIGHT="28" WC="0.96" CONTENT="i"/><SP WIDTH="22" VPOS="2277" HPOS="208"/>
							<String ID="string_436" HPOS="230" VPOS="2276" WIDTH="107" HEIGHT="39" WC="0.96" CONTENT="fråga,"/><SP WIDTH="21" VPOS="2276" HPOS="337"/>
							<String ID="string_437" HPOS="358" VPOS="2275" WIDTH="197" HEIGHT="38" WC="0.95" CONTENT="föreslagits"/><SP WIDTH="21" VPOS="2275" HPOS="555"/>
							<String ID="string_438" HPOS="576" VPOS="2275" WIDTH="92" HEIGHT="29" WC="0.96" CONTENT="vissa"/><SP WIDTH="21" VPOS="2275" HPOS="668"/>
							<String ID="string_439" HPOS="689" VPOS="2273" WIDTH="265" HEIGHT="39" WC="0.96" CONTENT="uppräkningar"/><SP WIDTH="20" VPOS="2273" HPOS="954"/>
							<String ID="string_440" HPOS="974" VPOS="2281" WIDTH="42" HEIGHT="21" WC="0.96" CONTENT="av"/><SP WIDTH="21" VPOS="2281" HPOS="1016"/>
							<String ID="string_441" HPOS="1037" VPOS="2273" WIDTH="39" HEIGHT="28" WC="0.96" CONTENT="de"/><SP WIDTH="20" VPOS="2273" HPOS="1076"/>
							<String ID="string_442" HPOS="1096" VPOS="2272" WIDTH="11" HEIGHT="28" WC="0.93" CONTENT="i"/><SP WIDTH="21" VPOS="2272" HPOS="1107"/>
							<String ID="string_443" HPOS="1128" VPOS="2268" WIDTH="423" HEIGHT="32" WC="0.91" CONTENT="havsfiskelaboratoriets"/><SP WIDTH="20" VPOS="2268" HPOS="1551"/>
							<String ID="string_444" HPOS="1571" VPOS="2277" WIDTH="74" HEIGHT="20" WC="0.91" CONTENT="om-"/>
						</TextLine>
						<TextLine ID="line_42" HPOS="142" VPOS="2319" WIDTH="1502" HEIGHT="45">
							<String ID="string_445" HPOS="142" VPOS="2327" WIDTH="242" HEIGHT="29" WC="0.92" CONTENT="kostnadsstat"/><SP WIDTH="37" VPOS="2327" HPOS="384"/>
							<String ID="string_446" HPOS="421" VPOS="2325" WIDTH="169" HEIGHT="39" WC="0.92" CONTENT="ingående"/><SP WIDTH="39" VPOS="2325" HPOS="590"/>
							<String ID="string_447" HPOS="629" VPOS="2325" WIDTH="221" HEIGHT="38" WC="0.92" CONTENT="delposterna"/><SP WIDTH="38" VPOS="2325" HPOS="850"/>
							<String ID="string_448" HPOS="888" VPOS="2323" WIDTH="54" HEIGHT="29" WC="0.91" CONTENT="till"/><SP WIDTH="27" VPOS="2323" HPOS="942"/>
							<String ID="string_449" HPOS="969" VPOS="2320" WIDTH="323" HEIGHT="38" WC="0.91" CONTENT="reseersättningar,"/><SP WIDTH="29" VPOS="2320" HPOS="1292"/>
							<String ID="string_450" HPOS="1321" VPOS="2319" WIDTH="118" HEIGHT="39" WC="0.92" CONTENT="övriga"/><SP WIDTH="28" VPOS="2319" HPOS="1439"/>
							<String ID="string_451" HPOS="1467" VPOS="2326" WIDTH="177" HEIGHT="32" WC="0.91" CONTENT="expenser,"/>
						</TextLine>
						<TextLine ID="line_43" HPOS="142" VPOS="2369" WIDTH="1505" HEIGHT="46">
							<String ID="string_452" HPOS="142" VPOS="2376" WIDTH="343" HEIGHT="39" WC="0.91" CONTENT="publikationstryck"/><SP WIDTH="23" VPOS="2376" HPOS="485"/>
							<String ID="string_453" HPOS="508" VPOS="2377" WIDTH="89" HEIGHT="27" WC="0.93" CONTENT="samt"/><SP WIDTH="21" VPOS="2377" HPOS="597"/>
							<String ID="string_454" HPOS="618" VPOS="2375" WIDTH="228" HEIGHT="28" WC="0.91" CONTENT="instrument-"/><SP WIDTH="22" VPOS="2375" HPOS="846"/>
							<String ID="string_455" HPOS="868" VPOS="2373" WIDTH="64" HEIGHT="29" WC="0.93" CONTENT="och"/><SP WIDTH="23" VPOS="2373" HPOS="932"/>
							<String ID="string_456" HPOS="955" VPOS="2370" WIDTH="410" HEIGHT="31" WC="0.89" CONTENT="laboratoriekostnader."/><SP WIDTH="23" VPOS="2370" HPOS="1365"/>
							<String ID="string_457" HPOS="1388" VPOS="2369" WIDTH="175" HEIGHT="29" WC="0.93" CONTENT="Utskottet"/><SP WIDTH="23" VPOS="2369" HPOS="1563"/>
							<String ID="string_458" HPOS="1586" VPOS="2376" WIDTH="61" HEIGHT="21" WC="0.92" CONTENT="an-"/>
						</TextLine>
						<TextLine ID="line_44" HPOS="144" VPOS="2419" WIDTH="1504" HEIGHT="47">
							<String ID="string_459" HPOS="144" VPOS="2435" WIDTH="53" HEIGHT="21" WC="0.96" CONTENT="ser"/><SP WIDTH="25" VPOS="2435" HPOS="197"/>
							<String ID="string_460" HPOS="222" VPOS="2427" WIDTH="50" HEIGHT="39" WC="0.96" CONTENT="sig"/><SP WIDTH="24" VPOS="2427" HPOS="272"/>
							<String ID="string_461" HPOS="296" VPOS="2426" WIDTH="74" HEIGHT="30" WC="0.96" CONTENT="icke"/><SP WIDTH="25" VPOS="2426" HPOS="370"/>
							<String ID="string_462" HPOS="395" VPOS="2426" WIDTH="120" HEIGHT="29" WC="0.96" CONTENT="kunna"/><SP WIDTH="24" VPOS="2426" HPOS="515"/>
							<String ID="string_463" HPOS="539" VPOS="2425" WIDTH="176" HEIGHT="38" WC="0.96" CONTENT="tillstyrka"/><SP WIDTH="24" VPOS="2425" HPOS="715"/>
							<String ID="string_464" HPOS="739" VPOS="2426" WIDTH="49" HEIGHT="28" WC="0.96" CONTENT="att"/><SP WIDTH="24" VPOS="2426" HPOS="788"/>
							<String ID="string_465" HPOS="812" VPOS="2422" WIDTH="267" HEIGHT="40" WC="0.96" CONTENT="ifrågavarande"/><SP WIDTH="25" VPOS="2422" HPOS="1079"/>
							<String ID="string_466" HPOS="1104" VPOS="2422" WIDTH="117" HEIGHT="39" WC="0.93" CONTENT="poster"/><SP WIDTH="24" VPOS="2422" HPOS="1221"/>
							<String ID="string_467" HPOS="1245" VPOS="2420" WIDTH="99" HEIGHT="39" WC="0.92" CONTENT="höjes"/><SP WIDTH="26" VPOS="2420" HPOS="1344"/>
							<String ID="string_468" HPOS="1370" VPOS="2420" WIDTH="119" HEIGHT="29" WC="0.96" CONTENT="utöver"/><SP WIDTH="25" VPOS="2420" HPOS="1489"/>
							<String ID="string_469" HPOS="1514" VPOS="2419" WIDTH="66" HEIGHT="29" WC="0.96" CONTENT="den"/><SP WIDTH="25" VPOS="2419" HPOS="1580"/>
							<String ID="string_470" HPOS="1605" VPOS="2426" WIDTH="43" HEIGHT="21" WC="0.96" CONTENT="av"/>
						</TextLine>
					</TextBlock>
				</ComposedBlock>
			</PrintSpace>
		</Page>
	</Layout>
</alto>
