1850 2784
244 152 59 30 112
649 151 386 32 Jordbruksutskottets
1055 152 179 30 utlåtande
1253 161 44 21 nr
1317 152 28 30 1.

602 236 36 33 2)
667 238 50 28 att
741 236 188 39 riksdagen
953 236 55 29 må
1033 236 80 29 med
1138 236 98 29 bifall
1262 235 53 30 till
1340 236 125 39 Kungl.
1491 236 124 39 Maj:ts
1641 236 106 29 fram-

556 286 166 39 ställning
742 286 169 39 medgiva,
933 287 49 28 att
1004 286 58 29 det
1085 287 19 29 å
1127 285 189 30 riksstaten
1338 287 54 29 för
1413 286 205 39 budgetåret
1642 286 104 35 1939/

558 336 41 30 40
625 336 163 30 anvisade
813 336 390 39 reservationsanslaget
1229 336 53 29 till
1306 336 127 39 Bidrag
1457 336 52 30 till
1535 336 133 30 fiskare
1694 337 53 29 för

556 386 128 30 förlust
707 396 41 20 av
771 386 223 40 fiskredskap
1016 396 46 20 m.
1085 396 46 20 m.
1154 386 57 30 må
1233 387 111 29 under
1367 387 204 39 budgetåret
1598 386 148 36 1954/55

556 437 179 29 användas
755 436 55 30 för
829 437 59 29 det
905 437 77 29 med
1002 437 157 38 anslaget
1177 437 150 29 avsedda
1348 437 209 30 ändamålet.

294 578 119 34 138:0)
435 579 419 35 Säkerhetsanordningar
869 579 53 28 till
937 579 138 35 ledning
1092 579 56 29 för
1164 579 216 35 fiskefartyg.
1397 578 51 30 Av
1464 579 55 30 det
1536 579 57 30 för
1610 579 138 30 inneva-

248 630 110 28 rande
385 629 167 39 budgetår
579 629 164 30 anvisade
770 629 158 39 anslaget
953 630 63 29 har
1044 629 97 29 9700
1168 629 130 29 kronor
1326 630 128 28 avsetts
1482 629 53 29 till
1562 629 184 29 underhåll

248 680 65 29 och
339 680 87 29 drift
449 689 41 20 av
514 680 202 39 fiskefyrar.
741 680 206 29 AÄterstoden
973 689 42 21 av
1041 680 157 38 anslaget
1223 679 90 30 skall
1339 680 179 29 användas
1545 680 80 29 med
1651 680 15 29 3
1684 680 62 28 500

248 731 132 29 kronor
403 730 54 30 för
479 730 265 39 undersökning
766 730 149 29 rörande
940 730 209 41 anläggning
1173 739 42 21 av
1237 730 160 39 radiofyr
1419 730 44 39 på
1486 730 262 38 Klövningarna

248 781 11 29 i
281 781 189 38 Göteborgs
491 781 64 29 och
578 781 117 29 Bohus
716 781 57 29 län
796 782 92 28 samt
909 781 51 29 till
982 781 259 38 nyanläggning
1262 790 43 20 av
1328 780 420 39 säkerhetsanordningar

249 831 52 29 till
326 831 141 39 ledning
488 831 55 29 för
567 831 218 39 fiskefartyg.

294 882 119 29 Under
433 882 159 39 punkten
617 882 58 30 161
707 882 43 34 (s.
774 881 191 34 317—319)
993 881 65 30 har
1081 881 124 40 Kungl.
1229 881 107 39 Maj:t
1359 882 179 39 föreslagit
1561 882 188 38 riksdagen

250 933 51 28 att
320 932 56 30 för
396 933 100 28 nästa
514 932 171 39 budgetår
704 932 51 29 till
775 932 199 29 ändamålet
993 932 121 29 anvisa
1134 933 48 28 ett
1201 932 206 31 oförändrat
1426 932 122 40 anslag
1567 941 43 21 av
1630 932 41 29 90
1686 932 62 29 700

248 983 142 29 kronor.

295 1032 13 29 I
338 1033 94 29 detta
460 1033 256 41 sammanhang
744 1033 64 29 har
837 1033 168 29 utskottet
1034 1033 189 29 behandlat
1250 1033 159 39 följande
1437 1034 96 28 inom
1561 1034 187 38 riksdagen

250 1083 136 34 väckta,
405 1083 51 29 till
474 1083 171 29 utskottet
663 1083 190 30 hänvisade
872 1084 180 33 motioner,
1072 1084 176 38 nämligen

294 1135 37 33 a)
359 1133 29 29 I:
407 1133 59 29 126
488 1142 41 22 av
550 1134 82 29 herr
652 1134 250 37 Hermansson,
925 1134 156 37 Herbert,
1104 1143 45 21 m.
1170 1134 50 40 fl.,
1243 1136 92 28 samt
1356 1134 46 30 II:
1420 1134 71 36 157,
1514 1135 234 38 likalydande,

249 1193 42 20 av
311 1184 82 31 herr
411 1184 153 40 Staxäng
583 1193 45 23 m.
649 1184 49 40 fl.,
719 1184 10 30 i
750 1184 94 30 vilka
865 1184 171 31 motioner
1056 1184 203 36 hemställts,
1280 1187 49 28 att
1348 1185 184 38 riksdagen
1553 1186 11 29 i
1585 1186 165 30 skrivelse

251 1234 52 29 till
323 1233 126 40 Kungl.
470 1234 106 39 Maj:t
595 1234 108 30 måtte
723 1234 73 39 giva
819 1234 53 30 till
892 1235 116 29 känna
1029 1235 10 29 i
1060 1235 219 29 motionerna
1300 1235 167 30 framfört
1488 1236 183 29 önskemål
1692 1244 57 21 om

250 1285 51 28 att
328 1284 125 39 Kungl.
481 1284 106 39 Maj:t
613 1285 57 30 vid
697 1284 270 40 disponerandet
993 1294 43 20 av
1065 1285 148 35 1954/55
1242 1286 57 29 års
1327 1286 122 39 anslag
1475 1286 146 30 beaktar
1648 1293 101 32 ange-

252 1334 206 39 lägenheten
478 1344 42 21 av
538 1336 52 28 att
612 1336 51 28 tre
684 1344 41 21 av
745 1335 295 39 fiskeristyrelsen
1061 1336 149 39 begärda
1232 1336 192 39 fiskefyrar
1445 1337 56 29 vid
1523 1336 226 30 Kalvrännan

251 1385 121 38 sydost
401 1394 56 21 om
485 1385 211 40 Syd-Koster
722 1386 10 29 i
759 1386 188 40 Göteborgs
974 1386 64 30 och
1066 1387 117 31 Bohus
1211 1387 57 30 län
1297 1388 159 29 kommer
1485 1388 51 29 till
1564 1388 187 30 utförande

251 1437 140 27 snarast
416 1435 151 40 möjligt;
597 1438 91 27 samt

296 1485 38 34 b)
366 1485 124 30 1H:160
516 1494 42 21 av
584 1486 81 29 herr
691 1486 140 30 Nilsson
856 1487 12 29 i
894 1486 195 34 Bästekille,
1116 1487 73 30 vari
1215 1487 208 34 hemställts,
1449 1489 50 28 att
1524 1488 188 39 riksdagen
1739 1489 10 28 i

253 1536 169 29 skrivelse
440 1536 52 29 till
510 1536 126 39 Kungl.
656 1536 105 39 Maj:t
779 1536 109 30 måtte
908 1537 76 38 giva
1004 1537 52 29 till
1077 1537 117 29 känna
1213 1538 10 28 i
1243 1538 180 29 motionen
1442 1538 167 30 framfört
1628 1539 123 29 önske-

251 1586 71 29 mål
346 1595 57 20 om
428 1587 50 28 att
500 1586 127 39 Kungl.
651 1586 105 39 Maj:t
778 1587 57 29 vid
861 1587 270 40 disponerandet
1154 1597 42 21 av
1223 1588 149 35 1954/55
1399 1589 55 29 års
1480 1589 123 39 anslag
1626 1589 60 30 bör
1711 1596 39 32 ge

250 1636 176 30 företräde
447 1637 34 30 åt
501 1637 232 39 anläggandet
752 1647 41 21 av
815 1647 42 20 en
877 1638 56 39 fyr
953 1638 56 30 vid
1029 1638 210 41 Djupasund
1259 1640 11 29 i
1289 1640 216 30 Karlskrona
1527 1641 180 39 skärgård.

297 1687 227 30 Beträffande
546 1687 58 30 det
625 1688 160 29 närmare
807 1688 191 31 innehållet
1017 1689 11 29 i
1049 1689 219 30 motionerna
1289 1689 166 31 hänvisas
1478 1690 52 29 till
1553 1691 112 29 dessa.

295 1762 309 40 Fiskeristyrelsen
636 1764 79 29 med
744 1764 134 30 statens
909 1764 247 40 fiskeriförsök
1186 1765 64 30 har
1279 1765 12 29 i
1322 1766 78 30 sina
1429 1766 324 39 anslagsäskanden

251 1812 191 34 hemställt,
464 1814 50 28 att
536 1813 157 39 anslaget
713 1813 54 30 för
789 1814 102 29 nästa
913 1814 167 38 budgetår
1103 1814 89 30 skall
1215 1815 169 39 uppföras
1408 1816 78 29 med
1512 1816 60 29 116
1589 1816 62 29 700
1672 1816 79 29 kro-

252 1871 64 20 nor
333 1863 10 28 i
360 1862 151 40 enlighet
528 1863 80 30 med
625 1863 156 39 följande
797 1864 339 40 sammanställning.

250 1936 27 30 1.
303 1935 179 31 Underhåll
498 1937 60 30 och
575 1937 80 30 drift
671 1946 42 21 av
727 1937 175 39 fiskefyrar
923 1962 658 8 .........ssssresserssssre
1449 1931 53 49 rss
1510 1931 32 49 rr
1550 1931 35 49 ra
1643 1941 37 30 10
1694 1941 60 30 610

249 1986 28 30 2.
303 1986 300 40 Nyanläggningar:

302 2036 34 39 a)
363 2037 186 39 Fiskefyrar
564 2038 43 38 på
624 2037 128 39 Flöjten
768 2038 61 30 och
846 2038 261 36 Flundrebådan,
1125 2039 155 40 Blekinge
1296 2040 54 29 län
1368 2063 68 7 ....
1473 2040 40 31 39
1530 2041 59 30 100

303 2086 35 39 b)
363 2087 158 39 Fyrlykta
537 2088 57 29 vid
610 2088 146 39 inloppet
770 2088 51 30 till
839 2088 210 36 Karlskrona,
1067 2089 155 39 Blekinge
1238 2091 54 29 län
1309 2114 127 6 .......
1495 2091 18 30 5
1526 2091 63 30 000

304 2136 30 39 c)
363 2137 149 39 Fiskefyr
526 2138 58 29 vid
601 2138 205 39 Djupasund,
824 2139 155 39 Blekinge
995 2140 53 29 län
1071 2163 365 7 ..................
1475 2141 37 29 17
1526 2141 63 31 000

304 2187 35 39 d)
363 2188 187 38 Fiskefyrar
572 2188 57 30 vid
654 2188 214 31 Kalvrännan
892 2190 112 38 sydost
1028 2199 52 20 om
1106 2189 212 40 Syd-Koster,
1345 2191 97 30 Göte-

363 2238 95 39 borgs
474 2238 60 30 och
549 2238 113 30 Bohus
678 2239 53 29 län
749 2263 686 8 ......sssessssessereserrsrrrrrr
1323 2234 53 49 ere
1384 2234 53 49 ras
1472 2241 40 31 45
1526 2242 63 30 000
1623 2242 57 30 106
1697 2242 58 30 100

1622 2317 58 30 116
1694 2317 60 30 710

298 2390 158 29 Motiv.
490 2390 27 29 1.
554 2390 122 30 Denna
697 2393 77 37 post
794 2391 65 29 har
880 2392 217 38 uppräknats
1118 2392 78 29 med
1217 2393 63 29 910
1301 2393 140 35 kronor,
1463 2402 105 21 varav
1589 2394 64 29 400
1675 2393 77 29 kro-

253 2449 64 21 nor
344 2450 98 21 avser
467 2441 191 39 fiskefyrar
684 2442 19 30 å
728 2442 162 35 Horsten,
918 2443 237 29 Präslkobben
1182 2444 64 29 och
1273 2444 196 39 Fogdösten
1494 2446 10 27 i
1533 2445 220 30 Stockholms
