2132 2652
728 175 232 42 Lagutskottets
991 174 173 33 Utlåtande
1188 174 62 32 N:o
1273 176 51 31 13.
1744 175 36 31 11

227 257 96 37 efter
355 257 221 48 auktionen,
607 259 20 34 å
654 262 123 31 utsatt
806 262 58 31 ort
893 256 71 36 och
992 255 132 37 timme
1156 254 102 37 inför
1286 254 413 38 auktionsförrättaren
1728 268 100 24 sam-

229 309 199 38 manträda
455 309 59 37 för
542 314 56 32 att
626 309 113 36 höras
771 309 198 48 angående
997 307 338 50 köpeskillingens
1364 306 230 50 fördelning.

359 362 91 47 Har,
491 364 49 48 på
568 361 141 50 klagan
743 361 108 36 öfver
882 360 272 48 utmätningen
1191 360 93 36 eller
1317 359 222 49 auktionen,
1568 360 120 49 högre
1718 373 107 36 myn-

230 415 136 49 dighet
393 414 197 37 förordnat
618 427 61 23 om
709 413 231 36 inställande
969 412 42 36 af
1034 413 130 35 vidare
1197 412 135 49 åtgärd
1360 411 12 36 i
1400 412 125 47 målet,
1543 412 72 36 och
1632 413 75 35 kan
1723 412 101 48 förty

231 466 281 37 sammanträde
554 466 33 49 ej
623 465 120 37 hållas
777 468 22 33 å
835 465 73 36 den
941 464 127 37 derför
1097 463 201 37 bestämda
1327 463 68 46 tid,
1426 463 115 37 varde
1571 464 74 47 det,
1676 466 41 34 så
1746 463 81 36 vidt

231 519 67 37 ske
326 519 86 48 kan,
442 518 211 49 kungjordt
681 521 48 46 på
758 522 76 31 sätt
863 517 10 36 i
906 519 69 35 102
1005 516 20 50 $
1055 521 117 44 sägs;
1202 516 151 49 upphör
1382 515 164 49 hindret,
1577 521 142 32 utsätte
1736 515 90 38 auk-

229 571 332 37 tionsförrättaren
604 569 277 49 ofördröjligen
922 583 53 35 ny
1011 569 53 36 tid
1095 569 58 36 för
1186 568 300 37 sammanträdet
1534 568 72 37 och
1645 568 76 37 låte
1763 567 64 37 det

230 624 196 48 kungöras
467 629 58 30 tre
557 625 148 47 gånger
738 623 11 35 i
783 621 190 37 allmänna
1001 621 264 49 tidningarne,
1293 620 120 37 första
1441 623 156 46 gången
1628 620 118 37 minst
1772 620 53 36 tio

232 676 119 49 dagar
378 675 80 37 före
488 674 334 38 sammanträdet.»

359 727 56 37 Då
455 727 65 37 det
561 726 207 49 onekligen
797 731 40 31 är
864 724 59 37 för
950 724 291 37 vederbörande
1270 729 212 44 rättsegare
1512 723 40 37 af
1577 724 84 48 vigt
1689 729 56 31 att
1773 737 57 24 er-

232 779 100 37 hålla
368 779 218 37 kännedom
628 792 61 23 om
727 779 75 35 den
836 790 76 36 nya
940 776 107 37 tiden
1076 777 58 36 för
1166 776 299 37 sammänträdet
1493 783 99 29 samt
1619 776 109 37 Post-
1757 777 71 36 och

231 831 145 37 inrikes
404 831 197 49 tidningar
627 830 109 37 torde
764 843 91 23 vara
885 829 137 36 endast
1050 828 58 37 för
1140 834 55 31 ett
1224 828 91 36 fåtal
1330 828 116 36 bland
1468 828 84 36 dem
1570 828 257 49 tillgängliga,

231 885 124 35 finner
383 883 255 50 lagutskottet
671 882 63 37 det
767 880 268 49 föreliggande
1062 880 191 48 förslaget
1282 880 189 37 innefatta
1500 894 47 22 en
1575 880 152 49 verklig
1754 880 75 36 för-

232 935 184 49 bättring.
473 934 88 38 Sora
599 948 87 23 man
719 933 212 38 emellertid
958 932 86 37 icke
1073 933 76 36 kan
1181 932 58 37 för
1263 932 74 37 alla
1365 932 204 38 händelser
1598 938 142 44 antaga
1768 935 60 34 så-

234 1001 83 24 gom
346 987 150 50 möjligt
525 992 55 32 att
608 986 38 37 få
674 985 258 51 kungörelsen
961 991 57 30 tre
1042 987 151 47 gånger
1221 984 128 37 införd
1377 984 12 35 i
1411 983 154 50 tidning
1584 984 104 37 inom
1710 989 118 43 orten,

234 1041 69 36 har
330 1040 188 36 utskottet
546 1044 126 31 ansett
700 1039 75 36 den
802 1037 287 48 inskränkning
1115 1038 94 35 böra
1225 1042 128 43 göras,
1372 1041 56 31 att
1444 1036 260 50 kungörelsen
1720 1036 109 48 skall,

234 1093 62 35 der
335 1093 43 35 så
417 1093 60 35 ske
518 1093 82 46 kan,
642 1090 145 37 införas
829 1090 11 36 i
876 1094 129 31 ortens
1039 1088 177 49 tidning;
1246 1089 215 49 hvarjemte
1489 1089 188 36 utskottet
1705 1088 125 37 funnit

235 1147 127 46 någon
385 1144 206 49 jemkning
618 1144 11 35 i
659 1142 207 48 förslagets
894 1141 201 37 redaktion
1124 1140 242 49 erforderlig.

364 1196 200 38 Utskottet
591 1195 221 37 hemställer
840 1193 256 50 följaktligen,

765 1298 37 51 4)
832 1304 56 31 att
916 1298 221 48 Riksdagen
1168 1297 101 48 ville,
1298 1297 88 36 med
1410 1295 293 49 hufvudsakligt
1722 1295 109 38 bifall

636 1351 58 37 till
722 1351 88 36 herr
839 1350 227 37 Stockmans
1096 1350 158 47 motion,
1276 1349 59 37 för
1355 1349 59 36 sin
1430 1349 60 37 del
1506 1353 140 44 antaga
1661 1347 169 50 följande

1202 1470 66 42 Lag

637 1560 199 48 angående
865 1558 145 37 ändrad
1035 1558 148 49 lydelse
1199 1558 42 36 af
1255 1559 68 34 121
1347 1557 20 49 8
1388 1555 354 49 utsökningslagen
1758 1555 74 37 den

639 1614 46 34 10
714 1611 154 48 augusti
900 1613 108 34 1877.

765 1662 235 49 Härigenom
1029 1661 215 48 förordnas,
1275 1665 56 32 att
1354 1662 70 35 121
1451 1659 16 50 8
1483 1658 350 50 utsökningslagen

637 1716 71 37 den
743 1717 45 35 10
817 1714 153 50 augusti
1001 1716 111 46 1877,
1143 1714 135 37 sådant
1299 1713 103 37 detta
1423 1712 148 49 lagrum
1588 1711 107 49 lyder
1711 1710 122 50 enligt

637 1768 115 48 lagen
790 1767 72 36 den
898 1769 47 34 30
979 1766 155 49 augusti
1167 1767 107 45 1885,
1306 1765 98 36 skall
1432 1764 114 36 hafva
1574 1763 166 49 följande
1769 1768 64 32 än-

640 1819 116 37 drade
786 1818 162 50 lydelse:

768 1870 125 39 Sedan
935 1870 71 37 fast
1038 1870 188 49 egendom
1255 1868 126 38 blifvit
1405 1866 302 51 utmätningsvis
1736 1866 94 49 såld,

639 1936 71 36 ege
754 1923 56 45 de,
851 1923 133 37 hvilka
1017 1936 92 23 anse
1139 1922 61 48 sig
1228 1921 114 37 hafva
1370 1926 76 31 rätt
1472 1920 59 36 till
1560 1919 200 50 betalning
1788 1932 44 23 ur

638 1975 324 50 köpeskillingen,
992 1978 42 33 så
1062 1974 71 37 ock
1162 1973 234 50 gäldenären
1425 1977 66 44 att,
1529 1972 5 35 i
1563 1971 267 48 Norrbottens,

638 2026 304 49 Vesterbottens,
984 2027 219 37 Jemtlands
1245 2026 71 37 och
1349 2024 342 38 Vesternorrlands
1720 2023 61 36 län
1812 2026 20 33 å

639 2080 249 48 femtiosjette
930 2079 137 48 dagen,
1108 2092 87 23 men
1237 2078 13 36 i
1288 2077 125 48 öfriga
1454 2077 105 36 delar
1601 2076 41 36 af
1678 2075 101 37 riket
1812 2078 20 33 å

639 2131 263 49 fyratioandra
943 2131 127 48 dagen
1104 2130 95 37 efter
1228 2129 219 47 auktionen,
1479 2132 20 33 å
1526 2132 122 32 utsatt
1675 2133 59 31 ort
1762 2127 71 37 och

640 2183 132 37 timme
814 2183 99 37 inför
941 2182 408 38 auktionsförrättaren
1380 2179 285 39 sammanträda
1692 2179 58 37 för
1778 2184 55 32 att

641 2235 113 37 höras
783 2236 197 48 angående
1008 2233 332 51 köpeskillingens
1369 2233 232 48 fördelning.

765 2287 91 48 Har,
884 2290 48 47 på
960 2287 142 49 klagan
1131 2286 107 37 öfver
1265 2285 272 48 utmätningen
1566 2283 91 37 eller
1685 2281 148 38 auktio-

643 2352 86 35 nen,
771 2339 121 49 högre
931 2338 230 50 myndighet
1204 2337 197 37 förordnat
1443 2351 60 22 om
1537 2334 231 39 inställande
1797 2334 42 37 af
