1888 2780
287 155 41 29 50
460 155 241 30 Sammansatt
725 157 103 27 stats-
850 154 64 29 och
938 153 110 30 andra
1072 152 213 40 lagutskotts
1311 151 180 30 utlåtande
1515 160 43 19 nr
1581 151 30 29 5.

286 234 201 29 inkomsten
509 252 43 3 —
575 234 32 29 d.
630 243 31 21 v.
688 242 25 21 s.
738 234 79 29 med
841 232 243 30 bibehållande
1109 241 41 20 av
1174 231 68 29 den
1265 230 203 30 nuvarande
1493 228 297 40 avdragsfaktorn

287 287 20 29 å
328 290 51 30 5/,..
399 305 44 3 —
465 288 52 28 till
543 287 82 34 14,38
647 287 90 39 milj.
760 287 130 29 kronor
913 295 58 20 om
993 285 84 34 året,
1100 294 57 21 om
1181 294 84 20 man
1288 284 135 29 bortser
1446 283 81 29 från
1550 283 41 29 de
1616 281 174 30 särskilda

286 340 320 39 bostadstilläggen.

332 394 52 29 En
406 393 149 39 höjning
576 403 42 20 av
638 394 69 28 den
729 392 218 39 avdragsfria
969 392 202 29 inkomsten
1192 390 54 30 till
1268 399 89 30 resp.
1380 388 155 34 520/780,
1559 388 143 33 600/900
1725 387 66 30 och

285 447 96 32 800/1
398 447 64 30 200
484 447 131 29 kronor
638 447 177 29 beräknas
835 446 53 29 till
911 454 91 31 resp.
1025 444 62 34 4,37
1110 444 63 34 6,74
1195 444 67 29 och
1286 444 82 33 11,25
1389 442 89 39 milj.
1501 442 143 29 kronor.

333 500 93 29 Även
451 509 57 20 om
531 500 202 39 ytterligare
758 498 306 39 kostnadsökning
1088 497 216 39 uppkomme
1330 496 19 30 å
1374 496 41 29 de
1441 495 136 39 belopp,
1604 503 75 21 som
1704 494 89 28 mot-

290 554 144 29 svarade
462 554 41 29 de
532 562 47 20 nu
607 553 174 39 utgående
810 552 174 29 särskilda
1012 550 321 39 bostadstilläggen,
1363 551 118 38 syntes
1509 549 57 28 det
1594 546 199 31 revisionen

290 615 75 21 som
386 616 58 20 om
466 616 43 20 en
530 606 150 39 höjning
702 615 42 20 av
766 606 66 29 den
854 604 219 39 avdragsfria
1095 603 204 29 inkomsten
1321 602 63 34 till,
1406 603 88 28 även
1517 601 105 30 såvitt
1644 599 149 39 anginge

289 660 41 29 de
356 659 174 30 särskilda
553 658 323 39 bostadstilläggen,
903 658 95 29 1000
1023 657 131 29 kronor
1177 656 56 30 för
1258 655 88 40 ogift
1370 655 64 30 och
1461 654 95 30 1500
1581 654 132 29 kronor
1738 652 56 30 för

291 713 133 33 makar,
444 712 112 30 skulle
574 712 162 30 medföra
753 721 42 20 en
813 711 306 38 kostnadsökning
1136 719 43 20 av
1195 709 104 39 högst
1319 709 36 28 17
1376 708 88 39 milj.
1482 708 132 28 kronor
1632 716 58 20 om
1708 706 85 29 året.

291 766 122 30 Denna
434 765 307 39 kostnadsökning
762 774 80 20 vore
864 764 108 39 enligt
994 763 216 30 revisionens
1232 762 142 38 mening
1395 761 55 29 väl
1473 760 193 29 motiverad
1689 768 42 21 av
1752 759 43 29 de

290 819 155 29 fördelar
467 818 169 40 åtgärden
661 818 114 29 skulle
800 817 169 30 medföra.

290 916 408 39 Departementschefen.

339 980 87 28 »För
445 980 51 28 att
513 978 156 30 härefter
688 977 126 39 övergå
832 977 52 29 till
904 975 208 40 spörsmålet
1131 984 57 20 om
1207 975 68 29 den
1294 973 219 39 avdragsfria
1532 972 264 29 årsinkomsten

293 1032 38 30 så
356 1032 147 29 innebär
529 1032 68 29 den
623 1040 43 20 av
692 1029 444 41 folkpensionsrevisionen
1163 1027 200 39 föreslagna
1389 1026 196 39 höjningen
1612 1034 42 21 av
1680 1024 117 29 denna

292 1085 157 29 inkomst
472 1084 81 30 från
576 1084 63 29 400
661 1084 133 29 kronor
817 1082 52 30 till
896 1082 94 30 1000
1013 1082 131 29 kronor
1167 1080 56 30 för
1247 1080 88 39 ogift
1359 1081 91 28 samt
1473 1078 81 30 från
1578 1078 63 29 600
1665 1077 132 29 kronor

293 1138 52 30 till
372 1138 94 30 1500
490 1138 131 28 kronor
645 1136 57 30 för
727 1136 82 30 äkta
834 1136 124 29 makar
983 1134 147 40 ungefär
1155 1143 42 20 en
1223 1132 227 39 fördubbling
1475 1141 42 20 av
1541 1131 68 29 den
1634 1130 164 38 avdrags-

293 1191 68 29 fria
381 1191 222 29 inkomstens
624 1190 192 29 realvärde.
849 1189 77 29 Med
949 1187 267 40 utgångspunkt
1237 1186 81 30 från
1340 1188 51 27 att
1412 1185 108 39 enligt
1543 1184 160 40 gällande
1725 1190 74 31 reg-

294 1245 50 29 ler
376 1245 98 28 inom
508 1244 67 29 den
608 1243 205 29 nuvarande
848 1241 219 40 avdragsfria
1102 1240 203 29 inkomsten
1340 1239 57 29 vid
1432 1247 43 20 en
1510 1237 212 38 avkastning
1757 1245 43 20 av

295 1298 18 29 3
334 1300 145 37 procent
499 1306 154 31 rymmes
675 1299 49 27 ett
744 1296 133 39 kapital
899 1305 42 20 av
964 1295 38 29 10
1018 1294 62 30 800
1101 1294 132 29 kronor
1254 1293 55 29 för
1331 1292 87 39 ogift
1439 1292 65 29 och
1528 1291 38 29 16
1582 1290 63 30 200
1666 1290 133 28 kronor

295 1351 55 29 för
373 1352 83 28 äkta
480 1350 133 34 makar,
639 1349 139 30 medför
802 1349 67 29 den
892 1348 207 39 ifrågasatta
1125 1346 196 39 höjningen
1345 1354 42 20 av
1411 1345 67 29 den
1503 1343 221 39 avdragsfria
1748 1342 52 29 in-

295 1405 164 28 komsten
480 1406 51 27 att
553 1403 242 39 nyssnämnda
818 1401 125 40 belopp
966 1400 101 39 höjes
1090 1400 52 29 till
1168 1400 38 29 15
1222 1398 64 30 400
1309 1399 132 28 kronor
1463 1406 90 30 resp.
1578 1396 40 30 23
1635 1396 61 29 100
1719 1395 82 29 kro-

296 1467 74 24 nor,
389 1458 32 29 d.
440 1467 30 19 v.
491 1466 25 20 s.
535 1466 43 20 en
596 1456 152 39 höjning
766 1455 77 29 med
863 1455 106 38 något
987 1455 80 28 över
1086 1453 41 30 40
1146 1453 157 39 procent.

343 1511 64 29 Vid
437 1509 386 38 remissbehandlingen
852 1508 46 29 ha
927 1506 246 30 framkommit
1204 1505 96 29 såväl
1329 1504 183 40 yrkanden
1542 1512 58 21 om
1630 1512 43 20 en
1703 1510 98 20 mera

296 1564 196 38 begränsad
511 1562 150 39 höjning
681 1571 43 20 av
743 1562 69 29 den
830 1560 220 39 avdragsfria
1069 1559 203 29 inkomsten
1291 1575 45 3 —
1355 1557 63 30 800
1439 1566 90 30 resp.
1553 1556 95 29 1200
1668 1555 133 29 kronor

296 1635 44 3 —
361 1625 75 21 som
458 1615 182 30 önskemål
663 1624 58 20 om
743 1624 43 20 en
808 1613 200 41 ytterligare
1030 1612 149 39 höjning
1201 1612 119 28 därav.
1354 1611 13 28 I
1389 1612 49 28 ett
1459 1619 64 30 par
1543 1609 191 40 yttranden
1755 1608 46 28 ha

298 1671 10 29 i
331 1671 96 28 detta
451 1668 258 39 sammanhang
733 1666 199 40 föreslagits
957 1665 189 39 ändringar
1171 1665 11 28 i
1206 1664 68 29 den
1299 1663 203 31 nuvarande
1527 1662 118 39 regeln
1670 1663 50 27 att
1744 1660 58 30 vid

297 1722 400 38 inkomstberäkningen
722 1719 263 40 förmögenhets
1010 1718 211 38 avkastning
1246 1716 89 30 skall
1360 1716 102 39 höjas
1487 1715 79 30 med
1593 1714 39 30 10
1657 1714 146 39 procent

299 1785 42 21 av
369 1777 58 28 det
456 1775 136 39 belopp,
621 1774 145 30 varmed
797 1772 244 39 förmögenhet
1070 1770 191 39 överstiger
1291 1770 56 29 för
1376 1769 65 39 gift
1473 1768 95 30 7500
1597 1768 133 29 kronor
1759 1784 45 3 -—

299 1830 32 29 d.
351 1838 31 21 v.
404 1838 26 20 s.
451 1828 56 30 för
528 1828 83 29 äkta
631 1827 127 29 makar
781 1826 38 29 15
834 1825 63 30 000
918 1826 132 28 kronor
1070 1842 43 3 —--
1134 1824 66 29 och
1221 1823 56 29 för
1298 1832 118 20 annan
1437 1819 366 42 pensionsberättigad

301 1882 38 29 10
354 1882 63 29 000
441 1881 142 29 kronor.
607 1881 53 28 En
684 1879 150 39 höjning
857 1887 43 21 av
922 1877 368 40 skärpningsgränsen
1313 1876 64 29 har
1401 1874 205 30 motiverats
1630 1873 79 30 med
1733 1872 71 29 far-

299 1935 108 39 hågor
431 1934 56 30 för
509 1936 51 27 att
582 1933 230 40 pensionärer
835 1932 79 29 med
938 1938 87 32 egna
1048 1930 80 29 hem
1152 1929 104 39 eljest
1278 1928 118 30 kunde
1421 1927 89 30 efter
1533 1928 68 28 den
1624 1925 180 41 pågående

300 1988 180 30 allmänna
500 1985 395 40 fastighetstaxeringen
915 1984 38 29 få
973 1984 197 29 vidkännas
1191 1992 44 20 en
1256 1981 205 39 minskning
1482 1990 42 20 av
1544 1979 261 40 folkpensions-

300 2041 238 30 förmånerna.
574 2039 53 29 En
651 2038 203 41 ytterligare
877 2036 200 39 belastning
1101 2045 42 20 av
1167 2034 471 39 förmögenhetsinkomsten
1661 2033 12 29 i
1697 2032 108 38 högre

299 2095 100 39 lägen
416 2094 65 29 har
498 2094 10 29 i
526 2093 110 30 andra
652 2091 191 40 yttranden
862 2092 135 28 ansetts
1014 2088 175 41 påkallad,
1208 2088 149 29 emedan
1374 2087 42 30 de
1436 2086 369 39 förmögenhetsgrän-

302 2157 64 25 ser,
390 2156 76 20 som
488 2145 208 39 utestängde
719 2144 81 30 från
822 2145 70 28 rätt
913 2143 54 30 till
989 2141 312 40 inkomstprövade
1324 2140 191 33 förmåner,
1538 2139 103 39 eljest
1663 2138 142 29 komme

301 2203 51 28 att
375 2201 89 39 ligga
488 2199 140 40 mycket
650 2198 96 38 högt,
770 2197 44 30 då
835 2197 89 38 höga
948 2194 266 39 bostadstillägg
1237 2194 140 29 införts.
1411 2193 69 30 För
1504 2191 223 31 Stockholms
1750 2189 56 30 del

302 2254 112 29 skulle
437 2256 23 27 t.
484 2261 51 21 ex.
559 2252 101 29 dessa
684 2249 412 40 förmögenhetsgränser
1119 2248 79 29 med
1223 2247 204 29 nuvarande
1450 2244 267 39 bostadstillägg
1740 2243 66 30 och

302 2308 79 29 med
404 2316 43 20 en
470 2306 53 28 till
547 2305 46 34 2,5
615 2305 147 38 procent
785 2302 179 30 beräknad
989 2300 211 40 avkastning
1224 2309 42 21 av
1289 2299 244 39 förmögenhet
1557 2298 103 39 höjas
1684 2297 55 30 för
1763 2305 44 21 en

302 2360 88 39 ogift
411 2357 309 41 ålderspensionär
739 2356 82 30 från
843 2355 40 30 20
898 2355 64 30 800
984 2354 131 29 kronor
1136 2353 53 30 till
1212 2353 39 30 31
1268 2352 64 31 900
1353 2352 132 30 kronor
1506 2351 66 30 och
1593 2351 56 30 för
1670 2352 49 28 ett
1741 2349 66 40 gift

302 2413 223 39 åldringspar
543 2411 81 29 från
644 2410 42 30 29
700 2409 65 30 600
783 2408 52 30 till
854 2408 42 30 46
911 2407 63 30 800
993 2407 141 30 kronor.
1154 2407 69 29 För
1242 2405 219 30 invaliderna
1481 2404 113 31 skulle
1614 2404 194 39 gränserna

303 2467 143 29 komma
468 2467 50 27 att
540 2464 91 39 ligga
653 2464 46 28 än
720 2461 118 40 högre.
