1892 2784
289 154 241 29 Sammansatt
553 156 104 27 stats-
680 154 64 30 och
768 155 111 29 andra
903 155 213 39 lagutskotts
1142 155 181 30 utlåtande
1347 165 42 19 nr
1413 157 29 28 5.
1577 155 39 29 47

112 233 70 29 rått
208 233 121 29 delade
357 233 184 39 meningar
569 242 57 20 om
655 234 172 29 rättvisan
855 234 79 29 med
961 234 68 29 den
1056 235 205 29 nuvarande
1287 235 331 29 bostadskostnads-

110 286 270 39 grupperingen.

156 339 147 30 Tanken
325 341 51 28 att
399 340 215 29 sammanslå
637 340 58 30 det
721 341 139 38 statliga
884 341 65 29 och
973 341 174 29 särskilda
1169 342 302 39 bostadstillägget
1494 342 52 29 till
1570 344 49 27 ett

114 393 91 29 enda
227 392 120 40 tillägg
369 402 104 31 synes
496 393 172 30 utskottet
691 394 9 29 i
724 394 66 29 och
814 394 54 29 för
892 394 51 40 sig
965 394 117 39 riktig.
1118 394 212 40 Därigenom
1354 395 70 29 kan
1448 405 82 19 man
1553 394 67 30 till-

112 446 109 40 skapa
247 447 176 39 enhetliga
448 447 263 39 avdragsregler
737 448 65 29 och
829 448 45 29 nå
899 457 44 20 en
967 448 162 29 rationell
1155 448 139 39 lösning
1320 458 43 20 av
1390 449 228 40 avdragspro-

112 500 129 29 blemet
261 503 90 27 samt
370 501 144 29 komma
534 501 94 29 ifrån
647 501 592 40 bostadskostnadsgrupperingen.
1260 503 118 29 Under
1398 503 222 38 utrednings-

112 553 134 30 arbetet
269 554 65 29 och
357 554 388 40 remissbehandlingen
768 564 43 20 av
834 555 464 39 folkpensionsrevisionens
1320 556 222 30 betänkande
1566 566 54 29 sy-

113 616 61 20 nes
193 607 76 30 icke
287 608 46 28 ha
353 607 246 30 framkommit
620 608 106 39 något
745 610 109 28 annat
875 609 142 38 förslag,
1037 609 203 39 varigenom
1261 619 82 19 man
1364 610 113 29 skulle
1497 610 121 29 kunna

112 661 46 29 nå
179 670 43 20 en
243 660 327 31 tillfredsställande
591 661 140 39 lösning
754 671 42 20 av
817 662 103 29 dessa
940 662 261 40 komplicerade
1224 663 128 39 frågor.
1377 664 72 28 Mot
1469 663 58 29 det
1549 663 70 30 för-

113 714 83 39 slag,
220 723 75 20 som
318 714 185 39 framlagts
526 724 42 20 av
589 715 362 39 pensionsstyrelsens
975 716 190 39 majoritet,
1190 717 64 29 har
1278 717 341 39 departementsche-

115 767 60 29 fen
192 767 118 30 anfört
326 768 156 39 vägande
499 768 271 39 invändningar.
788 769 178 30 Utskottet
984 769 96 30 delar
1098 769 135 30 således
1250 770 68 29 den
1336 770 283 39 uppfattningen,

112 822 51 28 att
184 821 42 29 de
248 821 204 30 nuvarande
474 822 313 39 bostadstilläggen
808 823 85 29 böra
916 823 235 30 sammanslås
1173 823 52 30 till
1249 825 49 28 ett
1322 826 217 37 gemensamt
1561 824 58 29 bo-

114 874 229 40 stadstillägg.

158 928 118 39 Enligt
301 928 127 39 Kungl.
455 929 125 39 Maj:ts
607 929 131 39 förslag
766 947 44 3 —
837 939 75 20 som
937 930 11 29 i
974 930 115 29 denna
1114 930 55 29 del
1196 931 317 29 överensstämmer
1539 931 80 29 med

113 981 216 30 revisionens
352 981 132 40 förslag
504 1000 44 3 —
570 982 89 30 skall
682 983 59 29 det
765 983 191 29 ankomma
980 983 45 40 på
1046 984 261 29 kommunerna
1330 986 50 28 att
1402 985 136 29 besluta
1562 994 57 19 om

112 1034 225 30 kommunalt
363 1035 267 39 bostadstillägg
660 1036 91 29 skall
781 1037 83 38 utgå
891 1037 65 29 och
984 1037 80 29 med
1092 1037 109 30 vilket
1229 1038 125 40 belopp
1384 1039 165 29 ävensom
1576 1056 44 3 —

112 1088 80 29 med
210 1088 94 30 vissa
321 1089 181 39 undantag
519 1089 11 29 i
547 1089 99 39 fråga
663 1099 59 20 om
741 1090 263 39 avdragsregler
1022 1100 45 19 m.
1085 1100 46 20 m.
1148 1108 45 3 —
1211 1091 41 30 de
1272 1092 162 29 närmare
1451 1092 169 39 grunder-

112 1150 45 20 na
177 1141 56 30 för
253 1143 70 28 rätt
341 1142 53 29 till
414 1143 277 39 bostadstillägg.
713 1143 226 30 Härutinnan
959 1144 36 29 få
1013 1144 261 30 kommunerna
1295 1145 134 29 således
1449 1145 80 29 fullt
1551 1145 68 29 fria

111 1194 145 30 händer.
280 1195 229 30 Beträffande
533 1196 115 30 denna
669 1197 56 29 del
748 1206 43 20 av
812 1197 58 30 det
894 1207 49 20 nu
965 1197 239 40 föreliggande
1228 1198 167 40 förslaget
1417 1199 84 29 råda
1526 1209 93 29 myc-

112 1249 58 29 ket
200 1249 121 29 delade
352 1250 184 38 meningar
566 1250 107 30 bland
704 1251 364 30 remissinstanserna.
1100 1252 96 29 Även
1225 1252 96 29 inom
1352 1253 172 29 utskottet
1554 1253 64 29 har

111 1302 71 30 rått
202 1302 222 31 tveksamhet
444 1303 45 39 på
508 1303 116 30 denna
643 1304 126 39 punkt,
790 1305 65 29 och
875 1305 95 29 olika
992 1305 131 39 förslag
1144 1308 50 27 att
1215 1306 73 29 lösa
1310 1306 125 39 frågan
1456 1307 45 28 ha
1523 1307 96 29 över-

111 1356 110 38 vägts.

154 1409 61 29 Att
229 1409 11 29 i
255 1409 449 40 folkpensioneringslagen
715 1411 197 29 bestämma
925 1412 94 29 vissa
1031 1412 155 29 minimi-
1198 1413 65 29 och
1276 1413 273 40 maximibelopp
1563 1413 54 30 för

111 1462 313 39 bostadstilläggen
441 1472 103 30 synes
560 1464 76 29 icke
654 1464 123 30 kunna
797 1465 60 29 ske
873 1467 87 27 utan
977 1467 50 27 att
1043 1466 72 29 viss
1132 1466 356 40 dyrortsgruppering
1506 1467 112 29 måste

113 1515 182 40 tillgripas.
315 1516 13 28 I
348 1519 109 26 annat
476 1516 62 30 fall
560 1517 113 29 skulle
695 1527 84 20 man
798 1518 79 29 med
896 1519 140 38 hänsyn
1054 1519 53 29 till
1127 1519 42 30 de
1191 1520 139 38 mycket
1351 1520 177 29 skiftande
1550 1520 69 29 för-

112 1569 211 29 hållandena
348 1570 10 28 i
385 1570 94 29 olika
504 1570 213 30 kommuner
743 1571 133 30 behöva
903 1572 175 30 fastställa
1106 1573 37 29 så
1168 1573 85 29 bred
1277 1573 183 39 marginal,
1486 1575 51 28 att
1563 1574 55 29 be-

113 1623 268 29 stämmelserna
413 1624 179 29 sannolikt
625 1624 114 30 skulle
771 1625 92 29 bliva
895 1627 87 27 utan
1015 1627 111 28 större
1158 1627 188 38 betydelse.
1378 1627 125 29 Därest
1535 1636 82 20 man

115 1675 193 30 fastställer
325 1676 94 30 vissa
437 1677 152 29 minimi-
606 1678 65 28 och
691 1679 274 39 maximibelopp
983 1680 98 29 torde
1099 1680 119 29 vidare
1236 1680 71 29 viss
1326 1681 73 28 risk
1418 1680 128 40 uppstå
1564 1680 56 29 för

115 1731 119 37 avsteg
262 1729 81 30 från
370 1730 42 29 de
441 1731 162 38 grunder,
632 1740 75 20 som
736 1732 84 29 böra
848 1732 179 40 tillämpas
1054 1742 43 20 av
1124 1733 261 30 kommunerna
1411 1734 57 29 vid
1496 1735 123 38 avväg-

114 1782 130 38 ningen
271 1792 42 20 av
339 1783 322 39 bostadstilläggen.
702 1785 52 28 En
782 1785 70 29 viss
880 1786 148 29 tendens
1056 1786 113 30 skulle
1198 1787 177 29 måhända
1403 1787 217 39 uppkomma

113 1835 11 28 i
143 1845 43 19 en
205 1836 54 28 del
279 1836 211 29 kommuner
510 1839 50 27 att
579 1837 178 30 fastställa
776 1838 310 39 maximibeloppet
1105 1840 194 29 oberoende
1320 1849 42 21 av
1381 1840 238 39 föreliggande

113 1888 121 29 behov.
272 1889 64 29 Det
373 1889 58 29 må
465 1889 132 39 jämväl
635 1899 106 31 synas
778 1891 258 30 inkonsekvent
1074 1894 50 27 att
1161 1892 71 30 låta
1268 1893 259 29 kommunerna
1564 1893 55 29 be-

116 1942 102 33 sluta,
249 1942 174 29 huruvida
452 1943 267 39 bostadstillägg
748 1945 82 28 över
859 1944 121 29 huvud
1012 1945 88 29 skall
1133 1945 82 38 utgå
1245 1955 79 20 men
1355 1946 158 29 däremot
1543 1947 76 28 icke

115 1995 179 38 angående
323 1995 321 40 bostadstilläggets
674 1997 136 39 belopp.
852 1997 183 30 Liknande
1066 1998 260 40 invändningar
1355 1999 122 30 kunna
1507 1999 112 29 riktas

115 2050 72 27 mot
212 2049 57 28 det
295 2049 9 28 i
330 2048 221 31 motionerna
578 2049 27 29 I:
623 2049 61 29 491
713 2051 65 28 och
805 2050 44 28 11:
867 2051 63 29 653
957 2050 196 30 framförda
1181 2051 178 39 förslaget,
1386 2054 49 28 att
1462 2052 158 29 bostads-

112 2101 155 39 tillägget
284 2102 112 29 skulle
414 2102 153 29 minimi-
583 2103 65 29 och
666 2103 339 39 maximibegränsas
1022 2112 125 30 genom
1164 2107 51 27 att
1233 2106 213 38 avgörandet
1463 2116 56 19 om
1537 2107 80 28 dess

112 2154 129 29 storlek
262 2155 95 29 lades
376 2155 11 29 i
404 2156 361 38 pensionsstyrelsens
785 2157 105 28 hand.
909 2157 53 29 En
981 2157 108 29 sådan
1108 2158 198 38 anordning
1326 2159 111 29 skulle
1458 2159 158 29 medföra

112 2207 215 38 svårigheter
347 2208 54 29 för
420 2208 353 39 pensionsstyrelsen.
793 2210 77 28 Med
889 2210 44 28 all
954 2211 225 29 sannolikhet
1198 2211 96 29 bleve
1313 2212 57 28 det
1388 2213 86 28 även
1495 2213 9 28 i
1522 2213 94 28 delta

112 2260 60 28 fall
201 2260 253 38 ofrånkomligt
481 2263 49 27 att
557 2262 191 28 verkställa
776 2262 70 29 viss
874 2263 213 28 schematisk
1117 2264 224 38 gruppering,
1370 2266 246 28 motsvarande

111 2313 589 39 bostadskostnadsgrupperingen.
724 2315 127 29 Vidare
873 2315 98 29 skola
993 2316 330 38 bostadstilläggens
1346 2317 125 39 belopp
1493 2327 125 30 anpas-

114 2375 56 20 sas
193 2365 88 30 efter
305 2365 361 30 levnadsstandarden
690 2368 65 28 och
779 2368 41 28 de
845 2368 173 29 särskilda
1043 2369 270 30 förhållandena
1338 2370 94 28 inom
1455 2370 164 29 vederbö-

115 2419 106 29 rande
245 2419 181 29 kommun.
450 2419 75 29 Med
550 2420 136 39 hänsyn
711 2420 118 29 härtill
853 2420 105 29 borde
981 2421 240 38 avvägningen
1245 2432 42 19 av
1310 2423 133 37 skäliga
1467 2423 151 28 minimi-
