1922 2852
485 168 419 38 Bevillningsutskottets
926 167 223 32 betänkande
1172 166 51 32 Nr
1248 165 50 30 16.
1578 163 19 30 9

177 248 19 31 I
220 249 42 31 de
286 248 56 31 för
367 248 78 30 1925
469 248 60 31 års
551 245 314 33 tulltaxerevision
888 244 207 32 meddelade
1119 243 204 32 direktiven
1346 242 179 36 anfördes,
1550 243 54 30 att
1628 241 12 30 i

137 300 182 31 tulltaxan
343 298 175 37 vidtagna
540 297 199 36 ändringar
762 296 13 31 i
798 296 97 31 vissa
917 296 68 31 fall
1006 295 155 32 medfört
1184 294 33 37 ej
1240 294 158 31 avsedda
1422 292 219 36 verkningar

138 351 65 31 och
228 352 55 30 att
306 359 85 22 man
415 349 108 32 borde
549 348 211 36 undersöka,
786 347 185 32 huruvida
996 347 65 30 och
1087 346 13 31 i
1125 346 71 31 vad
1222 346 84 30 mån
1331 344 271 36 korrigeringar
1628 343 13 30 i

138 402 136 31 sådana
323 400 67 32 fall
438 400 120 32 kunde
594 399 178 37 vidtagas.
820 399 55 31 Då
903 399 68 31 den
1000 397 200 32 avsevärda
1229 395 326 37 tullförhöjningen
1585 395 56 31 för

138 453 174 36 hängslen
334 452 66 31 och
423 452 125 37 dylika
569 451 154 32 artiklar
746 461 46 20 av
814 450 172 31 elastiska
1008 449 95 32 band
1125 449 86 31 eller
1234 450 139 34 snören,
1395 448 12 30 i
1431 447 99 31 vilka
1551 446 91 32 silke

138 504 115 36 ingår,
273 503 287 37 uppenbarligen
579 503 78 31 icke
677 512 66 21 var
763 502 172 36 betingad
956 512 45 20 av
1022 502 119 35 någon
1160 499 151 37 höjning
1331 510 46 21 av
1397 499 115 31 tullen
1531 499 22 30 å
1574 497 68 32 den

138 555 268 36 huvudsakliga
436 555 103 31 delen
567 564 46 21 av
643 554 59 31 det
730 553 178 36 material,
940 562 112 22 varav
1082 551 282 37 ifrågavarande
1395 550 154 32 artiklar
1578 552 64 29 äro

138 606 260 37 förfärdigade,
427 607 176 36 upptogos
630 605 13 31 i
672 605 77 31 1929
777 605 59 31 års
863 605 168 35 tulltaxa,
1059 604 12 30 i
1099 603 160 36 enlighet
1287 603 80 31 med
1395 601 247 32 tulltaxerevi-

138 658 141 32 sionens
302 657 147 37 förslag,
475 657 102 32 dessa
602 656 154 32 artiklar
782 656 113 31 under
921 655 149 32 särskilt
1094 664 163 22 nummer
1285 653 56 35 (nr
1368 652 73 35 581)
1468 652 80 32 med
1574 652 69 32 den

138 710 77 31 före
235 709 78 31 1922
333 709 168 36 gällande
521 708 200 36 tullsatsen,
742 707 19 31 4
780 707 132 31 kronor
934 707 56 31 för
1010 706 188 37 kilogram,
1218 715 44 22 en
1282 705 131 36 åtgärd
1434 714 75 22 som
1528 703 114 37 enligt

139 761 191 31 utskottets
354 760 146 36 mening
525 760 114 31 måste
662 769 102 21 anses
788 760 56 30 stå
868 759 13 30 i
907 758 69 37 god
999 757 352 32 överensstämmelse
1375 756 82 31 med
1482 756 42 31 de
1548 757 93 30 utta-

138 812 140 36 landen,
305 821 75 22 som
406 811 144 37 gjordes
576 811 13 30 i
615 810 173 31 samband
814 810 81 31 med
922 809 212 36 riksdagens
1160 808 252 31 ovannämnda
1439 807 116 31 beslut
1582 816 61 22 an-

139 864 135 36 gående
297 862 152 37 höjning
472 872 46 21 av
542 862 96 31 vissa
661 861 246 32 finanstullar.

178 914 195 32 Huruvida
399 914 159 31 nämnda
584 913 145 32 tullsats
752 913 80 31 med
859 913 143 36 hänsyn
1028 912 57 31 till
1112 912 114 31 tullen
1253 913 21 29 å
1300 910 250 32 halvfabrikat
1577 910 65 30 och

139 976 44 21 ur
212 966 127 36 övriga
368 976 47 20 av
442 965 226 31 motionären
697 964 154 31 anförda
880 963 225 38 synpunkter
1136 964 106 35 utgör
1271 963 51 31 ett
1352 962 57 31 för
1439 961 203 32 industrien

138 1018 22 31 å
183 1017 161 31 området
369 1016 168 37 lämpligt
561 1015 187 37 tullskydd
771 1018 41 28 är
835 1024 45 22 en
906 1015 116 36 fråga,
1047 1024 76 22 som
1145 1014 63 31 bör
1231 1016 167 29 närmare
1424 1012 219 32 undersökas

139 1079 46 21 av
212 1068 78 31 1928
316 1068 60 31 års
404 1067 267 32 tullkommitté.
718 1067 19 30 I
765 1066 184 31 avvaktan
978 1066 90 31 härå
1096 1075 105 27 synes
1229 1065 195 36 riksdagen
1451 1064 77 32 icke
1556 1064 87 31 böra

138 1120 126 36 intaga
289 1119 175 36 ställning
489 1119 59 31 till
574 1118 68 31 den
668 1117 248 37 föreliggande
943 1117 141 36 frågan.
1130 1116 183 31 Utskottet
1339 1116 66 31 har
1432 1116 124 31 därför
1582 1125 61 21 an-

138 1173 70 29 sett
230 1171 56 36 sig
307 1170 87 31 böra
415 1170 176 36 avstyrka
612 1169 107 31 bifall
743 1169 56 30 till
820 1168 192 31 motionen.

179 1324 18 31 I
215 1324 181 31 motionen
417 1334 43 20 nr
482 1324 58 30 147
563 1324 11 30 i
596 1323 115 31 andra
732 1322 210 32 kammaren
963 1333 46 20 av
1031 1322 83 31 herr
1135 1322 185 37 Nylander
1342 1322 67 30 har
1431 1321 212 31 hemställts.

141 1377 73 30 »att
235 1375 194 36 riksdagen
452 1375 112 31 måtte
587 1374 150 36 besluta,
759 1374 54 31 att
835 1383 164 21 nummer
1023 1374 78 30 1010
1123 1373 13 30 i
1158 1373 167 36 gällande
1348 1373 157 31 tulltaxa
1529 1372 114 31 erhål-

138 1428 52 30 ler
216 1426 160 37 följande
401 1426 150 37 lydelse:

234 1504 305 31 Ackumulatorer:

139 1609 94 30 1010.
280 1607 227 32 Omonterade
541 1608 147 31 element
717 1609 90 30 samt
830 1607 96 32 delar
950 1607 132 36 därtill,
1105 1607 32 36 ej
1161 1607 138 31 hänför-

322 1660 72 37 liga
428 1660 57 31 till
517 1670 44 21 nr
584 1660 84 31 1009
703 1660 62 31 och
801 1660 178 31 hestående
1002 1669 44 21 av
1068 1660 109 30 annat
1199 1662 100 28 ämne

323 1715 45 28 än
392 1713 210 35 kautschuk;
619 1715 162 28 ävensom
798 1712 275 36 träställningar,
1089 1712 209 36 gångbanor,

321 1765 337 31 isolationsmateriel
682 1765 62 31 och
768 1765 119 37 dylika
911 1764 162 32 tillbehör
1113 1790 123 3 -..........
1262 1763 32 31 N
1318 1764 18 30 6
1361 1764 51 30 kr.
1437 1773 40 26 pr
1501 1764 62 30 100
1587 1764 56 36 kg.

282 1839 85 25 Anm.
415 1838 66 27 Den
514 1838 49 26 till
595 1838 78 26 Avd.
707 1838 63 26 XVI
786 1838 24 27 A
834 1838 112 35 fogade
971 1838 159 26 allmänna
1154 1837 144 27 anmärk-

470 1881 114 36 ningen
601 1881 81 27 skall
700 1881 81 35 gälla
797 1883 81 25 även
895 1881 72 27 med
985 1881 158 27 avseende
1161 1881 16 26 å
1188 1889 109 18 omon-

473 1925 105 27 terade
596 1925 147 31 element,
758 1924 178 35 hänförliga
953 1924 49 27 till
1019 1925 85 26 detta
1121 1932 175 20 nummer.»

178 2018 70 31 Till
271 2018 79 31 stöd
374 2019 56 30 för
455 2019 99 31 detta
577 2018 137 36 förslag
738 2018 65 31 har
826 2018 226 31 motionären
1074 2019 122 30 anfört
1220 2019 12 30 i
1256 2018 192 31 huvudsak
1473 2017 168 37 följande.

178 2078 125 36 Enligt
326 2078 317 32 bestämmelserna
665 2079 12 30 i
700 2079 172 31 rubriken
896 2079 78 31 1656
996 2079 12 30 i
1031 2079 77 30 1911
1131 2079 60 30 års
1213 2079 157 31 tulltaxa
1394 2078 109 36 drogo
1526 2087 116 21 omon-

137 2122 123 31 terade
284 2122 423 31 ackumulatorselement
732 2125 169 28 ävensom
927 2123 97 30 vissa
1048 2123 12 30 1
1086 2122 171 31 rubriken
1284 2124 167 29 närmare
1474 2121 169 37 angivna,

138 2165 148 32 särskilt
310 2165 253 32 inkommande
588 2166 98 30 delar
712 2166 64 30 och
802 2166 169 31 tillbehör
996 2166 57 31 till
1078 2166 290 31 ackumulatorer
1392 2175 45 22 en
1461 2166 68 30 tull
1554 2176 45 20 av
1626 2166 19 29 6

139 2208 131 32 kronor
296 2209 55 31 för
377 2209 58 30 100
460 2209 188 36 kilograru.

178 2252 18 30 I
227 2253 58 30 det
313 2262 45 21 av
391 2252 77 30 1925
499 2254 60 29 års
589 2252 314 31 tulltaxerevision
933 2252 161 36 avgivna
1125 2252 234 36 betänkande,
1389 2263 76 20 som
1495 2250 59 38 låg
1585 2252 58 31 till

140 2296 118 35 grund
289 2295 55 31 för
376 2296 68 30 den
474 2306 46 20 av
550 2296 78 29 1929
657 2296 60 30 års
748 2295 148 36 riksdag
925 2295 184 31 beslutade
1141 2296 202 30 revisionen
1374 2306 46 20 av
1450 2296 192 35 tulltaxan,

139 2339 91 30 hade
258 2340 46 34 på
329 2338 156 31 anförda
511 2338 78 30 skäl
618 2338 205 36 föreslagits
851 2338 68 31 den
947 2338 211 36 ändringen,
1186 2340 54 29 att
1267 2339 57 30 till
1352 2339 291 31 ackumulatorer

138 2382 157 31 avsedda
315 2381 99 31 delar
434 2381 65 31 och
520 2381 179 34 tillbehör,
718 2382 138 29 oavsett
877 2391 57 20 om
954 2381 42 30 de
1016 2381 238 30 tillsammans
1275 2381 143 31 hildade
1438 2380 79 32 hela
1537 2382 105 31 acku-

1699 1320 137 24 Motionen

1709 1355 41 23 II:
1763 1355 58 23 147.
