<?xml version="1.0" encoding="UTF-8"?>
<alto xmlns="http://www.loc.gov/standards/alto/ns-v3#" xmlns:xlink="http://www.w3.org/1999/xlink" xmlns:xsi="http://www.w3.org/2001/XMLSchema-instance" xsi:schemaLocation="http://www.loc.gov/standards/alto/ns-v3# http://www.loc.gov/alto/v3/alto-3-0.xsd">
	<Description>
		<MeasurementUnit>pixel</MeasurementUnit>
		<sourceImageInformation>
			<fileName>/tmp/tess_3hnubspf_input.PNG</fileName>
		</sourceImageInformation>
		<OCRProcessing ID="OCR_0">
			<ocrProcessingStep>
				<processingSoftware>
					<softwareName>tesseract 5.3.0</softwareName>
				</processingSoftware>
			</ocrProcessingStep>
		</OCRProcessing>
	</Description>
	<Layout>
		<Page WIDTH="2204" HEIGHT="2636" PHYSICAL_IMG_NR="0" ID="page_0">
			<PrintSpace HPOS="0" VPOS="0" WIDTH="2204" HEIGHT="2636">
				<ComposedBlock ID="cblock_0" HPOS="734" VPOS="169" WIDTH="1058" HEIGHT="40">
					<TextBlock ID="block_0" HPOS="734" VPOS="169" WIDTH="1058" HEIGHT="40">
						<TextLine ID="line_0" HPOS="734" VPOS="169" WIDTH="1058" HEIGHT="40">
							<String ID="string_0" HPOS="734" VPOS="169" WIDTH="253" HEIGHT="36" WC="0.63" CONTENT="Statsutskottets"/><SP WIDTH="24" VPOS="169" HPOS="987"/>
							<String ID="string_1" HPOS="1011" VPOS="170" WIDTH="161" HEIGHT="36" WC="0.96" CONTENT="utlåtande"/><SP WIDTH="22" VPOS="170" HPOS="1172"/>
							<String ID="string_2" HPOS="1194" VPOS="173" WIDTH="53" HEIGHT="34" WC="0.94" CONTENT="Nr"/><SP WIDTH="24" VPOS="173" HPOS="1247"/>
							<String ID="string_3" HPOS="1271" VPOS="171" WIDTH="71" HEIGHT="37" WC="0.96" CONTENT="119."/><SP WIDTH="260" VPOS="171" HPOS="1342"/>
							<String ID="string_4" HPOS="1602" VPOS="201" WIDTH="5" HEIGHT="8" WC="0.46" CONTENT="."/><SP WIDTH="165" VPOS="201" HPOS="1607"/>
							<String ID="string_5" HPOS="1772" VPOS="175" WIDTH="20" HEIGHT="34" WC="0.94" CONTENT="3"/>
						</TextLine>
					</TextBlock>
				</ComposedBlock>
				<ComposedBlock ID="cblock_1" HPOS="849" VPOS="578" WIDTH="949" HEIGHT="195">
					<TextBlock ID="block_1" HPOS="849" VPOS="578" WIDTH="949" HEIGHT="195">
						<TextLine ID="line_1" HPOS="957" VPOS="578" WIDTH="172" HEIGHT="41">
							<String ID="string_6" HPOS="957" VPOS="578" WIDTH="58" HEIGHT="40" WC="0.95" CONTENT="Nr"/><SP WIDTH="27" VPOS="578" HPOS="1015"/>
							<String ID="string_7" HPOS="1042" VPOS="579" WIDTH="87" HEIGHT="40" WC="0.95" CONTENT="119."/>
						</TextLine>
						<TextLine ID="line_2" HPOS="849" VPOS="733" WIDTH="949" HEIGHT="40">
							<String ID="string_8" HPOS="849" VPOS="733" WIDTH="113" HEIGHT="28" WC="0.96" CONTENT="Ankom"/><SP WIDTH="19" VPOS="733" HPOS="962"/>
							<String ID="string_9" HPOS="981" VPOS="734" WIDTH="44" HEIGHT="27" WC="0.96" CONTENT="till"/><SP WIDTH="18" VPOS="734" HPOS="1025"/>
							<String ID="string_10" HPOS="1043" VPOS="734" WIDTH="166" HEIGHT="38" WC="0.96" CONTENT="riksdagens"/><SP WIDTH="19" VPOS="734" HPOS="1209"/>
							<String ID="string_11" HPOS="1228" VPOS="736" WIDTH="92" HEIGHT="28" WC="0.96" CONTENT="kansli"/><SP WIDTH="20" VPOS="736" HPOS="1320"/>
							<String ID="string_12" HPOS="1340" VPOS="737" WIDTH="52" HEIGHT="27" WC="0.96" CONTENT="den"/><SP WIDTH="22" VPOS="737" HPOS="1392"/>
							<String ID="string_13" HPOS="1414" VPOS="739" WIDTH="30" HEIGHT="25" WC="0.95" CONTENT="11"/><SP WIDTH="22" VPOS="739" HPOS="1444"/>
							<String ID="string_14" HPOS="1466" VPOS="737" WIDTH="55" HEIGHT="36" WC="0.95" CONTENT="maj"/><SP WIDTH="22" VPOS="737" HPOS="1521"/>
							<String ID="string_15" HPOS="1543" VPOS="740" WIDTH="66" HEIGHT="25" WC="0.96" CONTENT="1917"/><SP WIDTH="20" VPOS="740" HPOS="1609"/>
							<String ID="string_16" HPOS="1629" VPOS="739" WIDTH="35" HEIGHT="27" WC="0.96" CONTENT="kl."/><SP WIDTH="21" VPOS="739" HPOS="1664"/>
							<String ID="string_17" HPOS="1685" VPOS="742" WIDTH="16" HEIGHT="24" WC="0.93" CONTENT="3"/><SP WIDTH="20" VPOS="742" HPOS="1701"/>
							<String ID="string_18" HPOS="1721" VPOS="750" WIDTH="22" HEIGHT="17" WC="0.91" CONTENT="e."/><SP WIDTH="20" VPOS="750" HPOS="1743"/>
							<String ID="string_19" HPOS="1763" VPOS="750" WIDTH="35" HEIGHT="17" WC="0.77" CONTENT="m,"/>
						</TextLine>
					</TextBlock>
				</ComposedBlock>
				<ComposedBlock ID="cblock_2" HPOS="441" VPOS="873" WIDTH="1391" HEIGHT="263">
					<TextBlock ID="block_2" HPOS="441" VPOS="873" WIDTH="1391" HEIGHT="176">
						<TextLine ID="line_3" HPOS="441" VPOS="873" WIDTH="1390" HEIGHT="53">
							<String ID="string_20" HPOS="441" VPOS="873" WIDTH="204" HEIGHT="44" WC="0.95" CONTENT="Utlåtande,"/><SP WIDTH="30" VPOS="873" HPOS="645"/>
							<String ID="string_21" HPOS="675" VPOS="875" WIDTH="14" HEIGHT="34" WC="0.96" CONTENT="i"/><SP WIDTH="28" VPOS="875" HPOS="689"/>
							<String ID="string_22" HPOS="717" VPOS="875" WIDTH="198" HEIGHT="45" WC="0.96" CONTENT="anledning"/><SP WIDTH="43" VPOS="875" HPOS="915"/>
							<String ID="string_23" HPOS="958" VPOS="888" WIDTH="43" HEIGHT="23" WC="0.96" CONTENT="av"/><SP WIDTH="41" VPOS="888" HPOS="1001"/>
							<String ID="string_24" HPOS="1042" VPOS="876" WIDTH="138" HEIGHT="46" WC="0.95" CONTENT="Kungl."/><SP WIDTH="43" VPOS="876" HPOS="1180"/>
							<String ID="string_25" HPOS="1223" VPOS="878" WIDTH="131" HEIGHT="45" WC="0.96" CONTENT="Maj:ts"/><SP WIDTH="36" VPOS="878" HPOS="1354"/>
							<String ID="string_26" HPOS="1390" VPOS="881" WIDTH="227" HEIGHT="44" WC="0.96" CONTENT="proposition"/><SP WIDTH="28" VPOS="881" HPOS="1617"/>
							<String ID="string_27" HPOS="1645" VPOS="882" WIDTH="186" HEIGHT="44" WC="0.96" CONTENT="angående"/>
						</TextLine>
						<TextLine ID="line_4" HPOS="633" VPOS="942" WIDTH="1199" HEIGHT="53">
							<String ID="string_28" HPOS="633" VPOS="942" WIDTH="200" HEIGHT="38" WC="0.96" CONTENT="beredande"/><SP WIDTH="28" VPOS="942" HPOS="833"/>
							<String ID="string_29" HPOS="861" VPOS="956" WIDTH="44" HEIGHT="24" WC="0.95" CONTENT="av"/><SP WIDTH="25" VPOS="956" HPOS="905"/>
							<String ID="string_30" HPOS="930" VPOS="945" WIDTH="208" HEIGHT="45" WC="0.95" CONTENT="ytterligare"/><SP WIDTH="19" VPOS="945" HPOS="1138"/>
							<String ID="string_31" HPOS="1157" VPOS="947" WIDTH="112" HEIGHT="36" WC="0.96" CONTENT="medel"/><SP WIDTH="20" VPOS="947" HPOS="1269"/>
							<String ID="string_32" HPOS="1289" VPOS="947" WIDTH="57" HEIGHT="36" WC="0.96" CONTENT="till"/><SP WIDTH="19" VPOS="947" HPOS="1346"/>
							<String ID="string_33" HPOS="1365" VPOS="950" WIDTH="243" HEIGHT="45" WC="0.96" CONTENT="restaurering"/><SP WIDTH="20" VPOS="950" HPOS="1608"/>
							<String ID="string_34" HPOS="1628" VPOS="961" WIDTH="43" HEIGHT="24" WC="0.93" CONTENT="av"/><SP WIDTH="27" VPOS="961" HPOS="1671"/>
							<String ID="string_35" HPOS="1698" VPOS="950" WIDTH="134" HEIGHT="36" WC="0.92" CONTENT="Ulriks-"/>
						</TextLine>
						<TextLine ID="line_5" HPOS="633" VPOS="1012" WIDTH="199" HEIGHT="37">
							<String ID="string_36" HPOS="633" VPOS="1012" WIDTH="80" HEIGHT="36" WC="0.90" CONTENT="dals"/><SP WIDTH="26" VPOS="1012" HPOS="713"/>
							<String ID="string_37" HPOS="739" VPOS="1013" WIDTH="93" HEIGHT="36" WC="0.95" CONTENT="slott."/>
						</TextLine>
					</TextBlock>
					<TextBlock ID="block_3" HPOS="1498" VPOS="1085" WIDTH="202" HEIGHT="51">
						<TextLine ID="line_6" HPOS="1498" VPOS="1085" WIDTH="202" HEIGHT="51">
							<String ID="string_38" HPOS="1498" VPOS="1085" WIDTH="73" HEIGHT="49" WC="0.92" CONTENT="(1:a"/><SP WIDTH="29" VPOS="1085" HPOS="1571"/>
							<String ID="string_39" HPOS="1600" VPOS="1086" WIDTH="100" HEIGHT="50" WC="0.96" CONTENT="avd.)"/>
						</TextLine>
					</TextBlock>
				</ComposedBlock>
				<ComposedBlock ID="cblock_3" HPOS="229" VPOS="1236" WIDTH="1601" HEIGHT="935">
					<TextBlock ID="block_4" HPOS="232" VPOS="1236" WIDTH="1597" HEIGHT="258">
						<TextLine ID="line_7" HPOS="365" VPOS="1236" WIDTH="1464" HEIGHT="56">
							<String ID="string_40" HPOS="365" VPOS="1236" WIDTH="61" HEIGHT="38" WC="0.95" CONTENT="Uti"/><SP WIDTH="37" VPOS="1236" HPOS="426"/>
							<String ID="string_41" HPOS="463" VPOS="1250" WIDTH="46" HEIGHT="24" WC="0.96" CONTENT="en"/><SP WIDTH="29" VPOS="1250" HPOS="509"/>
							<String ID="string_42" HPOS="538" VPOS="1237" WIDTH="55" HEIGHT="37" WC="0.95" CONTENT="till"/><SP WIDTH="28" VPOS="1237" HPOS="593"/>
							<String ID="string_43" HPOS="621" VPOS="1237" WIDTH="207" HEIGHT="50" WC="0.91" CONTENT="riksdagen"/><SP WIDTH="28" VPOS="1237" HPOS="828"/>
							<String ID="string_44" HPOS="856" VPOS="1239" WIDTH="160" HEIGHT="46" WC="0.90" CONTENT="avlåten,"/><SP WIDTH="31" VPOS="1239" HPOS="1016"/>
							<String ID="string_45" HPOS="1047" VPOS="1240" WIDTH="71" HEIGHT="36" WC="0.96" CONTENT="den"/><SP WIDTH="30" VPOS="1240" HPOS="1118"/>
							<String ID="string_46" HPOS="1148" VPOS="1241" WIDTH="45" HEIGHT="35" WC="0.96" CONTENT="16"/><SP WIDTH="30" VPOS="1241" HPOS="1193"/>
							<String ID="string_47" HPOS="1223" VPOS="1241" WIDTH="94" HEIGHT="49" WC="0.96" CONTENT="april"/><SP WIDTH="31" VPOS="1241" HPOS="1317"/>
							<String ID="string_48" HPOS="1348" VPOS="1243" WIDTH="97" HEIGHT="35" WC="0.91" CONTENT="1917"/><SP WIDTH="31" VPOS="1243" HPOS="1445"/>
							<String ID="string_49" HPOS="1476" VPOS="1242" WIDTH="240" HEIGHT="49" WC="0.91" CONTENT="dagtecknad"/><SP WIDTH="27" VPOS="1242" HPOS="1716"/>
							<String ID="string_50" HPOS="1743" VPOS="1256" WIDTH="86" HEIGHT="36" WC="0.93" CONTENT="pro-"/>
						</TextLine>
						<TextLine ID="line_8" HPOS="232" VPOS="1288" WIDTH="1597" HEIGHT="51">
							<String ID="string_51" HPOS="232" VPOS="1288" WIDTH="166" HEIGHT="51" WC="0.96" CONTENT="position"/><SP WIDTH="29" VPOS="1288" HPOS="398"/>
							<String ID="string_52" HPOS="427" VPOS="1288" WIDTH="59" HEIGHT="50" WC="0.95" CONTENT="(nr"/><SP WIDTH="28" VPOS="1288" HPOS="486"/>
							<String ID="string_53" HPOS="514" VPOS="1289" WIDTH="101" HEIGHT="50" WC="0.96" CONTENT="278),"/><SP WIDTH="29" VPOS="1289" HPOS="615"/>
							<String ID="string_54" HPOS="644" VPOS="1289" WIDTH="127" HEIGHT="37" WC="0.96" CONTENT="vilken"/><SP WIDTH="29" VPOS="1289" HPOS="771"/>
							<String ID="string_55" HPOS="800" VPOS="1289" WIDTH="109" HEIGHT="38" WC="0.96" CONTENT="blivit"/><SP WIDTH="27" VPOS="1289" HPOS="909"/>
							<String ID="string_56" HPOS="936" VPOS="1291" WIDTH="182" HEIGHT="37" WC="0.96" CONTENT="hänvisad"/><SP WIDTH="31" VPOS="1291" HPOS="1118"/>
							<String ID="string_57" HPOS="1149" VPOS="1291" WIDTH="56" HEIGHT="37" WC="0.93" CONTENT="till"/><SP WIDTH="29" VPOS="1291" HPOS="1205"/>
							<String ID="string_58" HPOS="1234" VPOS="1293" WIDTH="299" HEIGHT="38" WC="0.91" CONTENT="statsutskottets"/><SP WIDTH="27" VPOS="1293" HPOS="1533"/>
							<String ID="string_59" HPOS="1560" VPOS="1294" WIDTH="269" HEIGHT="38" WC="0.96" CONTENT="förberedande"/>
						</TextLine>
						<TextLine ID="line_9" HPOS="232" VPOS="1341" WIDTH="1597" HEIGHT="55">
							<String ID="string_60" HPOS="232" VPOS="1341" WIDTH="245" HEIGHT="49" WC="0.95" CONTENT="behandling,"/><SP WIDTH="42" VPOS="1341" HPOS="477"/>
							<String ID="string_61" HPOS="519" VPOS="1341" WIDTH="69" HEIGHT="36" WC="0.95" CONTENT="har"/><SP WIDTH="40" VPOS="1341" HPOS="588"/>
							<String ID="string_62" HPOS="628" VPOS="1341" WIDTH="142" HEIGHT="49" WC="0.95" CONTENT="Kungl."/><SP WIDTH="43" VPOS="1341" HPOS="770"/>
							<String ID="string_63" HPOS="813" VPOS="1342" WIDTH="119" HEIGHT="48" WC="0.95" CONTENT="Maj:t,"/><SP WIDTH="42" VPOS="1342" HPOS="932"/>
							<String ID="string_64" HPOS="974" VPOS="1343" WIDTH="120" HEIGHT="36" WC="0.96" CONTENT="under"/><SP WIDTH="28" VPOS="1343" HPOS="1094"/>
							<String ID="string_65" HPOS="1122" VPOS="1343" WIDTH="236" HEIGHT="50" WC="0.96" CONTENT="åberopande"/><SP WIDTH="29" VPOS="1343" HPOS="1358"/>
							<String ID="string_66" HPOS="1387" VPOS="1359" WIDTH="46" HEIGHT="23" WC="0.96" CONTENT="av"/><SP WIDTH="27" VPOS="1359" HPOS="1433"/>
							<String ID="string_67" HPOS="1460" VPOS="1346" WIDTH="286" HEIGHT="50" WC="0.93" CONTENT="propositionen"/><SP WIDTH="29" VPOS="1346" HPOS="1746"/>
							<String ID="string_68" HPOS="1775" VPOS="1346" WIDTH="54" HEIGHT="37" WC="0.92" CONTENT="bi-"/>
						</TextLine>
						<TextLine ID="line_10" HPOS="232" VPOS="1392" WIDTH="1595" HEIGHT="55">
							<String ID="string_69" HPOS="232" VPOS="1392" WIDTH="107" HEIGHT="49" WC="0.92" CONTENT="fogat"/><SP WIDTH="27" VPOS="1392" HPOS="339"/>
							<String ID="string_70" HPOS="366" VPOS="1392" WIDTH="140" HEIGHT="49" WC="0.96" CONTENT="utdrag"/><SP WIDTH="28" VPOS="1392" HPOS="506"/>
							<String ID="string_71" HPOS="534" VPOS="1406" WIDTH="46" HEIGHT="23" WC="0.93" CONTENT="av"/><SP WIDTH="27" VPOS="1406" HPOS="580"/>
							<String ID="string_72" HPOS="607" VPOS="1394" WIDTH="412" HEIGHT="48" WC="0.89" CONTENT="statsrådsprotokollet"/><SP WIDTH="29" VPOS="1394" HPOS="1019"/>
							<String ID="string_73" HPOS="1048" VPOS="1400" WIDTH="89" HEIGHT="32" WC="0.93" CONTENT="över"/><SP WIDTH="27" VPOS="1400" HPOS="1137"/>
							<String ID="string_74" HPOS="1164" VPOS="1396" WIDTH="289" HEIGHT="38" WC="0.91" CONTENT="finansärenden"/><SP WIDTH="29" VPOS="1396" HPOS="1453"/>
							<String ID="string_75" HPOS="1482" VPOS="1397" WIDTH="58" HEIGHT="37" WC="0.97" CONTENT="för"/><SP WIDTH="27" VPOS="1397" HPOS="1540"/>
							<String ID="string_76" HPOS="1567" VPOS="1411" WIDTH="145" HEIGHT="24" WC="0.96" CONTENT="samma"/><SP WIDTH="28" VPOS="1411" HPOS="1712"/>
							<String ID="string_77" HPOS="1740" VPOS="1398" WIDTH="87" HEIGHT="49" WC="0.95" CONTENT="dag,"/>
						</TextLine>
						<TextLine ID="line_11" HPOS="232" VPOS="1444" WIDTH="644" HEIGHT="50">
							<String ID="string_78" HPOS="232" VPOS="1444" WIDTH="195" HEIGHT="49" WC="0.96" CONTENT="föreslagit"/><SP WIDTH="26" VPOS="1444" HPOS="427"/>
							<String ID="string_79" HPOS="453" VPOS="1444" WIDTH="207" HEIGHT="50" WC="0.93" CONTENT="riksdagen"/><SP WIDTH="30" VPOS="1444" HPOS="660"/>
							<String ID="string_80" HPOS="690" VPOS="1445" WIDTH="186" HEIGHT="49" WC="0.92" CONTENT="medgiva,"/>
						</TextLine>
					</TextBlock>
					<TextBlock ID="block_5" HPOS="230" VPOS="1497" WIDTH="1600" HEIGHT="310">
						<TextLine ID="line_12" HPOS="360" VPOS="1497" WIDTH="1469" HEIGHT="54">
							<String ID="string_81" HPOS="360" VPOS="1497" WIDTH="75" HEIGHT="36" WC="0.96" CONTENT="dels"/><SP WIDTH="20" VPOS="1497" HPOS="435"/>
							<String ID="string_82" HPOS="455" VPOS="1501" WIDTH="66" HEIGHT="43" WC="0.96" CONTENT="att,"/><SP WIDTH="19" VPOS="1501" HPOS="521"/>
							<String ID="string_83" HPOS="540" VPOS="1502" WIDTH="133" HEIGHT="32" WC="0.96" CONTENT="utöver"/><SP WIDTH="19" VPOS="1502" HPOS="673"/>
							<String ID="string_84" HPOS="692" VPOS="1497" WIDTH="62" HEIGHT="37" WC="0.96" CONTENT="det"/><SP WIDTH="15" VPOS="1497" HPOS="754"/>
							<String ID="string_85" HPOS="769" VPOS="1497" WIDTH="137" HEIGHT="51" WC="0.96" CONTENT="belopp"/><SP WIDTH="21" VPOS="1497" HPOS="906"/>
							<String ID="string_86" HPOS="927" VPOS="1511" WIDTH="45" HEIGHT="24" WC="0.96" CONTENT="av"/><SP WIDTH="20" VPOS="1511" HPOS="972"/>
							<String ID="string_87" HPOS="992" VPOS="1498" WIDTH="97" HEIGHT="37" WC="0.92" CONTENT="intill"/><SP WIDTH="20" VPOS="1498" HPOS="1089"/>
							<String ID="string_88" HPOS="1109" VPOS="1501" WIDTH="164" HEIGHT="46" WC="0.91" CONTENT="296,000"/><SP WIDTH="20" VPOS="1501" HPOS="1273"/>
							<String ID="string_89" HPOS="1293" VPOS="1500" WIDTH="140" HEIGHT="38" WC="0.96" CONTENT="kronor"/><SP WIDTH="13" VPOS="1500" HPOS="1433"/>
							<String ID="string_90" HPOS="1446" VPOS="1501" WIDTH="120" HEIGHT="49" WC="0.96" CONTENT="jämte"/><SP WIDTH="20" VPOS="1501" HPOS="1566"/>
							<String ID="string_91" HPOS="1586" VPOS="1501" WIDTH="243" HEIGHT="50" WC="0.96" CONTENT="erforderliga"/>
						</TextLine>
						<TextLine ID="line_13" HPOS="231" VPOS="1547" WIDTH="1599" HEIGHT="56">
							<String ID="string_92" HPOS="231" VPOS="1547" WIDTH="122" HEIGHT="38" WC="0.95" CONTENT="medel"/><SP WIDTH="28" VPOS="1547" HPOS="353"/>
							<String ID="string_93" HPOS="381" VPOS="1548" WIDTH="59" HEIGHT="36" WC="0.93" CONTENT="för"/><SP WIDTH="27" VPOS="1548" HPOS="440"/>
							<String ID="string_94" HPOS="467" VPOS="1548" WIDTH="188" HEIGHT="49" WC="0.92" CONTENT="gäldande"/><SP WIDTH="29" VPOS="1548" HPOS="655"/>
							<String ID="string_95" HPOS="684" VPOS="1562" WIDTH="46" HEIGHT="24" WC="0.96" CONTENT="av"/><SP WIDTH="29" VPOS="1562" HPOS="730"/>
							<String ID="string_96" HPOS="759" VPOS="1550" WIDTH="76" HEIGHT="36" WC="0.96" CONTENT="viss"/><SP WIDTH="27" VPOS="1550" HPOS="835"/>
							<String ID="string_97" HPOS="862" VPOS="1555" WIDTH="120" HEIGHT="42" WC="0.96" CONTENT="ränta,"/><SP WIDTH="30" VPOS="1555" HPOS="982"/>
							<String ID="string_98" HPOS="1012" VPOS="1564" WIDTH="81" HEIGHT="24" WC="0.95" CONTENT="som"/><SP WIDTH="28" VPOS="1564" HPOS="1093"/>
							<String ID="string_99" HPOS="1121" VPOS="1555" WIDTH="40" HEIGHT="33" WC="0.95" CONTENT="år"/><SP WIDTH="30" VPOS="1555" HPOS="1161"/>
							<String ID="string_100" HPOS="1191" VPOS="1554" WIDTH="96" HEIGHT="35" WC="0.93" CONTENT="1916"/><SP WIDTH="22" VPOS="1554" HPOS="1287"/>
							<String ID="string_101" HPOS="1309" VPOS="1553" WIDTH="169" HEIGHT="38" WC="0.92" CONTENT="anvisats"/><SP WIDTH="20" VPOS="1553" HPOS="1478"/>
							<String ID="string_102" HPOS="1498" VPOS="1554" WIDTH="56" HEIGHT="36" WC="0.96" CONTENT="till"/><SP WIDTH="19" VPOS="1554" HPOS="1554"/>
							<String ID="string_103" HPOS="1573" VPOS="1555" WIDTH="257" HEIGHT="48" WC="0.96" CONTENT="restaurering"/>
						</TextLine>
						<TextLine ID="line_14" HPOS="232" VPOS="1600" WIDTH="1597" HEIGHT="55">
							<String ID="string_104" HPOS="232" VPOS="1613" WIDTH="47" HEIGHT="24" WC="0.94" CONTENT="av"/><SP WIDTH="40" VPOS="1613" HPOS="279"/>
							<String ID="string_105" HPOS="319" VPOS="1600" WIDTH="211" HEIGHT="38" WC="0.94" CONTENT="Ulriksdals"/><SP WIDTH="41" VPOS="1600" HPOS="530"/>
							<String ID="string_106" HPOS="571" VPOS="1601" WIDTH="101" HEIGHT="48" WC="0.96" CONTENT="slott,"/><SP WIDTH="39" VPOS="1601" HPOS="672"/>
							<String ID="string_107" HPOS="711" VPOS="1602" WIDTH="57" HEIGHT="36" WC="0.96" CONTENT="för"/><SP WIDTH="31" VPOS="1602" HPOS="768"/>
							<String ID="string_108" HPOS="799" VPOS="1615" WIDTH="144" HEIGHT="24" WC="0.94" CONTENT="samma"/><SP WIDTH="28" VPOS="1615" HPOS="943"/>
							<String ID="string_109" HPOS="971" VPOS="1603" WIDTH="172" HEIGHT="37" WC="0.96" CONTENT="ändamål"/><SP WIDTH="29" VPOS="1603" HPOS="1143"/>
							<String ID="string_110" HPOS="1172" VPOS="1607" WIDTH="61" HEIGHT="34" WC="0.96" CONTENT="må"/><SP WIDTH="27" VPOS="1607" HPOS="1233"/>
							<String ID="string_111" HPOS="1260" VPOS="1618" WIDTH="47" HEIGHT="23" WC="0.93" CONTENT="av"/><SP WIDTH="28" VPOS="1618" HPOS="1307"/>
							<String ID="string_112" HPOS="1335" VPOS="1605" WIDTH="359" HEIGHT="50" WC="0.90" CONTENT="djurgårdskassans"/><SP WIDTH="28" VPOS="1605" HPOS="1694"/>
							<String ID="string_113" HPOS="1722" VPOS="1611" WIDTH="107" HEIGHT="32" WC="0.93" CONTENT="över-"/>
						</TextLine>
						<TextLine ID="line_15" HPOS="231" VPOS="1652" WIDTH="1596" HEIGHT="55">
							<String ID="string_114" HPOS="231" VPOS="1652" WIDTH="246" HEIGHT="37" WC="0.92" CONTENT="skottsmedel"/><SP WIDTH="34" VPOS="1652" HPOS="477"/>
							<String ID="string_115" HPOS="511" VPOS="1653" WIDTH="194" HEIGHT="37" WC="0.96" CONTENT="användas"/><SP WIDTH="26" VPOS="1653" HPOS="705"/>
							<String ID="string_116" HPOS="731" VPOS="1654" WIDTH="222" HEIGHT="49" WC="0.95" CONTENT="ytterligare"/><SP WIDTH="27" VPOS="1654" HPOS="953"/>
							<String ID="string_117" HPOS="980" VPOS="1660" WIDTH="55" HEIGHT="31" WC="0.96" CONTENT="ett"/><SP WIDTH="27" VPOS="1660" HPOS="1035"/>
							<String ID="string_118" HPOS="1062" VPOS="1655" WIDTH="135" HEIGHT="50" WC="0.96" CONTENT="belopp"/><SP WIDTH="29" VPOS="1655" HPOS="1197"/>
							<String ID="string_119" HPOS="1226" VPOS="1670" WIDTH="47" HEIGHT="23" WC="0.93" CONTENT="av"/><SP WIDTH="29" VPOS="1670" HPOS="1273"/>
							<String ID="string_120" HPOS="1302" VPOS="1658" WIDTH="139" HEIGHT="46" WC="0.92" CONTENT="97,050"/><SP WIDTH="28" VPOS="1658" HPOS="1441"/>
							<String ID="string_121" HPOS="1469" VPOS="1657" WIDTH="138" HEIGHT="38" WC="0.96" CONTENT="kronor"/><SP WIDTH="28" VPOS="1657" HPOS="1607"/>
							<String ID="string_122" HPOS="1635" VPOS="1663" WIDTH="192" HEIGHT="44" WC="0.96" CONTENT="ävensom,"/>
						</TextLine>
						<TextLine ID="line_16" HPOS="230" VPOS="1703" WIDTH="1598" HEIGHT="58">
							<String ID="string_123" HPOS="230" VPOS="1703" WIDTH="13" HEIGHT="37" WC="0.76" CONTENT="1"/><SP WIDTH="27" VPOS="1703" HPOS="243"/>
							<String ID="string_124" HPOS="270" VPOS="1704" WIDTH="73" HEIGHT="37" WC="0.96" CONTENT="den"/><SP WIDTH="33" VPOS="1704" HPOS="343"/>
							<String ID="string_125" HPOS="376" VPOS="1707" WIDTH="87" HEIGHT="34" WC="0.96" CONTENT="mån"/><SP WIDTH="32" VPOS="1707" HPOS="463"/>
							<String ID="string_126" HPOS="495" VPOS="1705" WIDTH="121" HEIGHT="37" WC="0.96" CONTENT="medel"/><SP WIDTH="28" VPOS="1705" HPOS="616"/>
							<String ID="string_127" HPOS="644" VPOS="1719" WIDTH="46" HEIGHT="23" WC="0.91" CONTENT="av"/><SP WIDTH="26" VPOS="1719" HPOS="690"/>
							<String ID="string_128" HPOS="716" VPOS="1705" WIDTH="462" HEIGHT="39" WC="0.91" CONTENT="riksmarskalksämbetet"/><SP WIDTH="29" VPOS="1705" HPOS="1178"/>
							<String ID="string_129" HPOS="1207" VPOS="1708" WIDTH="57" HEIGHT="37" WC="0.96" CONTENT="för"/><SP WIDTH="28" VPOS="1708" HPOS="1264"/>
							<String ID="string_130" HPOS="1292" VPOS="1708" WIDTH="212" HEIGHT="39" WC="0.93" CONTENT="ändamålet"/><SP WIDTH="26" VPOS="1708" HPOS="1504"/>
							<String ID="string_131" HPOS="1530" VPOS="1710" WIDTH="198" HEIGHT="51" WC="0.92" CONTENT="upplånas,"/><SP WIDTH="28" VPOS="1710" HPOS="1728"/>
							<String ID="string_132" HPOS="1756" VPOS="1711" WIDTH="72" HEIGHT="37" WC="0.96" CONTENT="vad"/>
						</TextLine>
						<TextLine ID="line_17" HPOS="230" VPOS="1756" WIDTH="934" HEIGHT="51">
							<String ID="string_133" HPOS="230" VPOS="1756" WIDTH="57" HEIGHT="36" WC="0.93" CONTENT="till"/><SP WIDTH="28" VPOS="1756" HPOS="287"/>
							<String ID="string_134" HPOS="315" VPOS="1756" WIDTH="187" HEIGHT="49" WC="0.91" CONTENT="gäldande"/><SP WIDTH="29" VPOS="1756" HPOS="502"/>
							<String ID="string_135" HPOS="531" VPOS="1770" WIDTH="46" HEIGHT="23" WC="0.96" CONTENT="av"/><SP WIDTH="26" VPOS="1770" HPOS="577"/>
							<String ID="string_136" HPOS="603" VPOS="1761" WIDTH="111" HEIGHT="33" WC="0.93" CONTENT="ränta"/><SP WIDTH="28" VPOS="1761" HPOS="714"/>
							<String ID="string_137" HPOS="742" VPOS="1757" WIDTH="90" HEIGHT="37" WC="0.93" CONTENT="därå"/><SP WIDTH="27" VPOS="1757" HPOS="832"/>
							<String ID="string_138" HPOS="859" VPOS="1758" WIDTH="75" HEIGHT="37" WC="0.95" CONTENT="kan"/><SP WIDTH="29" VPOS="1758" HPOS="934"/>
							<String ID="string_139" HPOS="963" VPOS="1759" WIDTH="201" HEIGHT="48" WC="0.91" CONTENT="erfordras,"/>
						</TextLine>
					</TextBlock>
					<TextBlock ID="block_6" HPOS="230" VPOS="1809" WIDTH="1599" HEIGHT="257">
						<TextLine ID="line_18" HPOS="361" VPOS="1809" WIDTH="1467" HEIGHT="55">
							<String ID="string_140" HPOS="361" VPOS="1809" WIDTH="75" HEIGHT="36" WC="0.96" CONTENT="dels"/><SP WIDTH="28" VPOS="1809" HPOS="436"/>
							<String ID="string_141" HPOS="464" VPOS="1811" WIDTH="74" HEIGHT="45" WC="0.96" CONTENT="ock,"/><SP WIDTH="29" VPOS="1811" HPOS="538"/>
							<String ID="string_142" HPOS="567" VPOS="1809" WIDTH="84" HEIGHT="37" WC="0.96" CONTENT="med"/><SP WIDTH="29" VPOS="1809" HPOS="651"/>
							<String ID="string_143" HPOS="680" VPOS="1809" WIDTH="165" HEIGHT="50" WC="0.96" CONTENT="ändring"/><SP WIDTH="27" VPOS="1809" HPOS="845"/>
							<String ID="string_144" HPOS="872" VPOS="1810" WIDTH="12" HEIGHT="36" WC="0.96" CONTENT="i"/><SP WIDTH="29" VPOS="1810" HPOS="884"/>
							<String ID="string_145" HPOS="913" VPOS="1813" WIDTH="40" HEIGHT="34" WC="0.96" CONTENT="så"/><SP WIDTH="28" VPOS="1813" HPOS="953"/>
							<String ID="string_146" HPOS="981" VPOS="1814" WIDTH="118" HEIGHT="34" WC="0.96" CONTENT="måtto"/><SP WIDTH="28" VPOS="1814" HPOS="1099"/>
							<String ID="string_147" HPOS="1127" VPOS="1826" WIDTH="47" HEIGHT="23" WC="0.96" CONTENT="av"/><SP WIDTH="28" VPOS="1826" HPOS="1174"/>
							<String ID="string_148" HPOS="1202" VPOS="1812" WIDTH="74" HEIGHT="37" WC="0.96" CONTENT="vad"/><SP WIDTH="29" VPOS="1812" HPOS="1276"/>
							<String ID="string_149" HPOS="1305" VPOS="1815" WIDTH="40" HEIGHT="35" WC="0.96" CONTENT="år"/><SP WIDTH="31" VPOS="1815" HPOS="1345"/>
							<String ID="string_150" HPOS="1376" VPOS="1815" WIDTH="97" HEIGHT="36" WC="0.93" CONTENT="1916"/><SP WIDTH="20" VPOS="1815" HPOS="1473"/>
							<String ID="string_151" HPOS="1493" VPOS="1813" WIDTH="176" HEIGHT="39" WC="0.92" CONTENT="beslutits"/><SP WIDTH="21" VPOS="1813" HPOS="1669"/>
							<String ID="string_152" HPOS="1690" VPOS="1813" WIDTH="14" HEIGHT="38" WC="0.96" CONTENT="i"/><SP WIDTH="16" VPOS="1813" HPOS="1704"/>
							<String ID="string_153" HPOS="1720" VPOS="1815" WIDTH="108" HEIGHT="49" WC="0.96" CONTENT="fråga"/>
						</TextLine>
						<TextLine ID="line_19" HPOS="230" VPOS="1860" WIDTH="1599" HEIGHT="55">
							<String ID="string_154" HPOS="230" VPOS="1873" WIDTH="61" HEIGHT="23" WC="0.96" CONTENT="om"/><SP WIDTH="42" VPOS="1873" HPOS="291"/>
							<String ID="string_155" HPOS="333" VPOS="1860" WIDTH="63" HEIGHT="37" WC="0.96" CONTENT="det"/><SP WIDTH="45" VPOS="1860" HPOS="396"/>
							<String ID="string_156" HPOS="441" VPOS="1860" WIDTH="139" HEIGHT="49" WC="0.95" CONTENT="högsta"/><SP WIDTH="40" VPOS="1860" HPOS="580"/>
							<String ID="string_157" HPOS="620" VPOS="1861" WIDTH="149" HEIGHT="50" WC="0.96" CONTENT="belopp,"/><SP WIDTH="37" VPOS="1861" HPOS="769"/>
							<String ID="string_158" HPOS="806" VPOS="1862" WIDTH="118" HEIGHT="37" WC="0.96" CONTENT="vilket"/><SP WIDTH="28" VPOS="1862" HPOS="924"/>
							<String ID="string_159" HPOS="952" VPOS="1863" WIDTH="147" HEIGHT="49" WC="0.96" CONTENT="årligen"/><SP WIDTH="27" VPOS="1863" HPOS="1099"/>
							<String ID="string_160" HPOS="1126" VPOS="1866" WIDTH="60" HEIGHT="35" WC="0.96" CONTENT="må"/><SP WIDTH="26" VPOS="1866" HPOS="1186"/>
							<String ID="string_161" HPOS="1212" VPOS="1864" WIDTH="59" HEIGHT="37" WC="0.97" CONTENT="för"/><SP WIDTH="27" VPOS="1864" HPOS="1271"/>
							<String ID="string_162" HPOS="1298" VPOS="1865" WIDTH="214" HEIGHT="38" WC="0.96" CONTENT="ändamålet"/><SP WIDTH="27" VPOS="1865" HPOS="1512"/>
							<String ID="string_163" HPOS="1539" VPOS="1866" WIDTH="205" HEIGHT="49" WC="0.96" CONTENT="användas,"/><SP WIDTH="30" VPOS="1866" HPOS="1744"/>
							<String ID="string_164" HPOS="1774" VPOS="1872" WIDTH="55" HEIGHT="31" WC="0.97" CONTENT="att"/>
						</TextLine>
						<TextLine ID="line_20" HPOS="231" VPOS="1912" WIDTH="1598" HEIGHT="54">
							<String ID="string_165" HPOS="231" VPOS="1925" WIDTH="46" HEIGHT="23" WC="0.92" CONTENT="av"/><SP WIDTH="40" VPOS="1925" HPOS="277"/>
							<String ID="string_166" HPOS="317" VPOS="1912" WIDTH="220" HEIGHT="37" WC="0.91" CONTENT="förberörda"/><SP WIDTH="32" VPOS="1912" HPOS="537"/>
							<String ID="string_167" HPOS="569" VPOS="1913" WIDTH="132" HEIGHT="38" WC="0.91" CONTENT="kassas"/><SP WIDTH="29" VPOS="1913" HPOS="701"/>
							<String ID="string_168" HPOS="730" VPOS="1917" WIDTH="40" HEIGHT="33" WC="0.95" CONTENT="år"/><SP WIDTH="30" VPOS="1917" HPOS="770"/>
							<String ID="string_169" HPOS="800" VPOS="1915" WIDTH="97" HEIGHT="36" WC="0.96" CONTENT="1916"/><SP WIDTH="39" VPOS="1915" HPOS="897"/>
							<String ID="string_170" HPOS="936" VPOS="1921" WIDTH="98" HEIGHT="31" WC="0.96" CONTENT="samt"/><SP WIDTH="31" VPOS="1921" HPOS="1034"/>
							<String ID="string_171" HPOS="1065" VPOS="1929" WIDTH="51" HEIGHT="23" WC="0.96" CONTENT="nu"/><SP WIDTH="26" VPOS="1929" HPOS="1116"/>
							<String ID="string_172" HPOS="1142" VPOS="1917" WIDTH="220" HEIGHT="49" WC="0.96" CONTENT="ytterligare"/><SP WIDTH="29" VPOS="1917" HPOS="1362"/>
							<String ID="string_173" HPOS="1391" VPOS="1918" WIDTH="179" HEIGHT="37" WC="0.92" CONTENT="anvisade"/><SP WIDTH="27" VPOS="1918" HPOS="1570"/>
							<String ID="string_174" HPOS="1597" VPOS="1919" WIDTH="232" HEIGHT="37" WC="0.91" CONTENT="överskotts-"/>
						</TextLine>
						<TextLine ID="line_21" HPOS="230" VPOS="1963" WIDTH="1598" HEIGHT="58">
							<String ID="string_175" HPOS="230" VPOS="1963" WIDTH="120" HEIGHT="38" WC="0.95" CONTENT="medel"/><SP WIDTH="42" VPOS="1963" HPOS="350"/>
							<String ID="string_176" HPOS="392" VPOS="1967" WIDTH="60" HEIGHT="34" WC="0.96" CONTENT="må"/><SP WIDTH="41" VPOS="1967" HPOS="452"/>
							<String ID="string_177" HPOS="493" VPOS="1965" WIDTH="82" HEIGHT="37" WC="0.95" CONTENT="från"/><SP WIDTH="28" VPOS="1965" HPOS="575"/>
							<String ID="string_178" HPOS="603" VPOS="1966" WIDTH="70" HEIGHT="36" WC="0.96" CONTENT="och"/><SP WIDTH="28" VPOS="1966" HPOS="673"/>
							<String ID="string_179" HPOS="701" VPOS="1966" WIDTH="86" HEIGHT="36" WC="0.96" CONTENT="med"/><SP WIDTH="29" VPOS="1966" HPOS="787"/>
							<String ID="string_180" HPOS="816" VPOS="1969" WIDTH="39" HEIGHT="33" WC="0.96" CONTENT="år"/><SP WIDTH="30" VPOS="1969" HPOS="855"/>
							<String ID="string_181" HPOS="885" VPOS="1968" WIDTH="97" HEIGHT="36" WC="0.96" CONTENT="1918"/><SP WIDTH="30" VPOS="1968" HPOS="982"/>
							<String ID="string_182" HPOS="1012" VPOS="1968" WIDTH="118" HEIGHT="37" WC="0.96" CONTENT="under"/><SP WIDTH="27" VPOS="1968" HPOS="1130"/>
							<String ID="string_183" HPOS="1157" VPOS="1968" WIDTH="226" HEIGHT="50" WC="0.96" CONTENT="erforderlig"/><SP WIDTH="27" VPOS="1968" HPOS="1383"/>
							<String ID="string_184" HPOS="1410" VPOS="1970" WIDTH="54" HEIGHT="37" WC="0.95" CONTENT="tid"/><SP WIDTH="30" VPOS="1970" HPOS="1464"/>
							<String ID="string_185" HPOS="1494" VPOS="1970" WIDTH="191" HEIGHT="38" WC="0.96" CONTENT="användas"/><SP WIDTH="28" VPOS="1970" HPOS="1685"/>
							<String ID="string_186" HPOS="1713" VPOS="1971" WIDTH="115" HEIGHT="50" WC="0.96" CONTENT="högst"/>
						</TextLine>
						<TextLine ID="line_22" HPOS="230" VPOS="2017" WIDTH="607" HEIGHT="49">
							<String ID="string_187" HPOS="230" VPOS="2017" WIDTH="139" HEIGHT="47" WC="0.90" CONTENT="35,000"/><SP WIDTH="28" VPOS="2017" HPOS="369"/>
							<String ID="string_188" HPOS="397" VPOS="2017" WIDTH="141" HEIGHT="37" WC="0.96" CONTENT="kronor"/><SP WIDTH="28" VPOS="2017" HPOS="538"/>
							<String ID="string_189" HPOS="566" VPOS="2017" WIDTH="59" HEIGHT="37" WC="0.95" CONTENT="för"/><SP WIDTH="28" VPOS="2017" HPOS="625"/>
							<String ID="string_190" HPOS="653" VPOS="2018" WIDTH="105" HEIGHT="48" WC="0.95" CONTENT="varje"/><SP WIDTH="28" VPOS="2018" HPOS="758"/>
							<String ID="string_191" HPOS="786" VPOS="2020" WIDTH="51" HEIGHT="34" WC="0.96" CONTENT="år."/>
						</TextLine>
					</TextBlock>
					<TextBlock ID="block_7" HPOS="229" VPOS="2068" WIDTH="1598" HEIGHT="103">
						<TextLine ID="line_23" HPOS="358" VPOS="2068" WIDTH="1469" HEIGHT="55">
							<String ID="string_192" HPOS="358" VPOS="2068" WIDTH="238" HEIGHT="39" WC="0.96" CONTENT="Beträffande"/><SP WIDTH="30" VPOS="2068" HPOS="596"/>
							<String ID="string_193" HPOS="626" VPOS="2070" WIDTH="253" HEIGHT="49" WC="0.96" CONTENT="utredningen"/><SP WIDTH="28" VPOS="2070" HPOS="879"/>
							<String ID="string_194" HPOS="907" VPOS="2071" WIDTH="12" HEIGHT="36" WC="0.96" CONTENT="i"/><SP WIDTH="29" VPOS="2071" HPOS="919"/>
							<String ID="string_195" HPOS="948" VPOS="2072" WIDTH="157" HEIGHT="37" WC="0.96" CONTENT="ärendet"/><SP WIDTH="27" VPOS="2072" HPOS="1105"/>
							<String ID="string_196" HPOS="1132" VPOS="2072" WIDTH="136" HEIGHT="38" WC="0.96" CONTENT="tillåter"/><SP WIDTH="27" VPOS="2072" HPOS="1268"/>
							<String ID="string_197" HPOS="1295" VPOS="2073" WIDTH="61" HEIGHT="50" WC="0.96" CONTENT="sig"/><SP WIDTH="28" VPOS="2073" HPOS="1356"/>
							<String ID="string_198" HPOS="1384" VPOS="2074" WIDTH="184" HEIGHT="38" WC="0.96" CONTENT="utskottet"/><SP WIDTH="27" VPOS="2074" HPOS="1568"/>
							<String ID="string_199" HPOS="1595" VPOS="2075" WIDTH="157" HEIGHT="38" WC="0.96" CONTENT="hänvisa"/><SP WIDTH="20" VPOS="2075" HPOS="1752"/>
							<String ID="string_200" HPOS="1772" VPOS="2075" WIDTH="55" HEIGHT="38" WC="0.96" CONTENT="till"/>
						</TextLine>
						<TextLine ID="line_24" HPOS="229" VPOS="2120" WIDTH="420" HEIGHT="51">
							<String ID="string_201" HPOS="229" VPOS="2120" WIDTH="420" HEIGHT="51" WC="0.91" CONTENT="statsrådsprotokollet."/>
						</TextLine>
					</TextBlock>
				</ComposedBlock>
				<ComposedBlock ID="cblock_4" HPOS="232" VPOS="2225" WIDTH="1595" HEIGHT="104">
					<TextBlock ID="block_8" HPOS="232" VPOS="2225" WIDTH="1595" HEIGHT="104">
						<TextLine ID="line_25" HPOS="356" VPOS="2225" WIDTH="1471" HEIGHT="57">
							<String ID="string_202" HPOS="356" VPOS="2225" WIDTH="209" HEIGHT="49" WC="0.96" CONTENT="Utskottet,"/><SP WIDTH="42" VPOS="2225" HPOS="565"/>
							<String ID="string_203" HPOS="607" VPOS="2240" WIDTH="81" HEIGHT="24" WC="0.96" CONTENT="som"/><SP WIDTH="28" VPOS="2240" HPOS="688"/>
							<String ID="string_204" HPOS="716" VPOS="2226" WIDTH="82" HEIGHT="38" WC="0.96" CONTENT="icke"/><SP WIDTH="30" VPOS="2226" HPOS="798"/>
							<String ID="string_205" HPOS="828" VPOS="2226" WIDTH="83" HEIGHT="39" WC="0.96" CONTENT="haft"/><SP WIDTH="28" VPOS="2226" HPOS="911"/>
							<String ID="string_206" HPOS="939" VPOS="2230" WIDTH="118" HEIGHT="48" WC="0.96" CONTENT="något"/><SP WIDTH="28" VPOS="2230" HPOS="1057"/>
							<String ID="string_207" HPOS="1085" VPOS="2233" WIDTH="53" HEIGHT="33" WC="0.96" CONTENT="att"/><SP WIDTH="28" VPOS="2233" HPOS="1138"/>
							<String ID="string_208" HPOS="1166" VPOS="2228" WIDTH="122" HEIGHT="39" WC="0.96" CONTENT="erinra"/><SP WIDTH="28" VPOS="2228" HPOS="1288"/>
							<String ID="string_209" HPOS="1316" VPOS="2234" WIDTH="81" HEIGHT="34" WC="0.96" CONTENT="mot"/><SP WIDTH="27" VPOS="2234" HPOS="1397"/>
							<String ID="string_210" HPOS="1424" VPOS="2230" WIDTH="144" HEIGHT="51" WC="0.93" CONTENT="Kungl."/><SP WIDTH="30" VPOS="2230" HPOS="1568"/>
							<String ID="string_211" HPOS="1598" VPOS="2231" WIDTH="128" HEIGHT="51" WC="0.93" CONTENT="Maj:ts"/><SP WIDTH="28" VPOS="2231" HPOS="1726"/>
							<String ID="string_212" HPOS="1754" VPOS="2232" WIDTH="73" HEIGHT="37" WC="0.92" CONTENT="för-"/>
						</TextLine>
						<TextLine ID="line_26" HPOS="232" VPOS="2277" WIDTH="353" HEIGHT="52">
							<String ID="string_213" HPOS="232" VPOS="2277" WIDTH="94" HEIGHT="51" WC="0.96" CONTENT="slag,"/><SP WIDTH="29" VPOS="2277" HPOS="326"/>
							<String ID="string_214" HPOS="355" VPOS="2277" WIDTH="230" HEIGHT="52" WC="0.96" CONTENT="hemställer,"/>
						</TextLine>
					</TextBlock>
				</ComposedBlock>
			</PrintSpace>
		</Page>
	</Layout>
</alto>
