1889 2826
481 175 250 31 Statsutskottets
749 175 159 31 utlåtande
925 185 37 21 nr
979 176 39 29 41
1039 175 36 31 år
1093 174 87 32 1968
1534 183 38 27 25

91 257 168 39 riksdagen
273 256 58 31 hos
345 257 115 38 Kungl.
477 256 96 39 Maj:t
589 256 79 31 skall
682 256 166 30 hemställa
862 266 54 21 om
930 256 118 40 förslag
1063 261 44 26 att
1121 257 140 30 nämnda
1275 257 211 31 minimiantal
1502 258 73 30 med

91 310 122 39 hänsyn
226 310 45 31 till
286 310 206 40 glesbygdens
506 309 220 32 förhållanden
741 310 79 30 skall
835 311 106 29 kunna
955 309 33 32 få
1004 310 113 31 sänkas
1132 319 115 31 genom
1261 310 126 40 dispens
1404 320 37 22 av
1456 311 114 40 Kungl.

90 363 95 40 Maj:t
206 364 74 30 eller
300 364 183 39 myndighet
504 373 69 21 som
594 364 113 39 Kungl.
731 363 95 40 Maj:t
846 364 168 31 förordnar
1034 364 283 31 överensstämmer
1338 366 76 29 nära
1435 365 73 30 med
1530 369 43 26 ett

91 418 279 39 motionsyrkande
386 418 53 30 vid
455 418 87 30 förra
559 417 81 31 årets
656 417 136 40 riksdag,
811 418 83 31 dock
911 422 44 26 att
972 417 41 31 då
1030 427 69 21 som
1115 417 97 31 nedre
1229 419 91 38 gräns
1337 418 51 31 för
1405 419 167 39 sänkning-

89 481 39 20 en
143 480 115 31 angavs
273 475 43 27 ett
331 472 84 29 antal
431 480 38 21 av
484 471 17 31 8
517 472 111 30 elever.
645 471 78 31 Med
738 471 167 40 anledning
919 480 38 22 av
972 471 193 31 sistnämnda
1178 471 141 39 yrkande
1332 472 77 30 fann
1422 473 151 30 utskottet

90 525 85 30 förra
192 524 75 38 året,
286 529 44 26 att
346 525 62 30 den
424 525 149 39 rörlighet
589 525 9 30 i
614 525 237 40 tillämpningen
869 534 68 21 som
954 525 162 31 förutsatts
1132 525 11 30 i
1159 525 239 40 propositionen
1419 526 94 31 1967:
1531 526 39 30 85

90 579 105 30 kunde
216 578 150 40 utnyttjas
389 580 79 29 även
488 579 11 31 i
520 579 39 30 de
580 579 55 31 fall
657 588 68 22 som
747 579 234 31 motionärerna
1003 578 122 40 åsyftat.
1149 578 51 31 Då
1222 579 85 30 detta
1327 579 161 31 uttalande
1509 580 63 30 inte

89 633 186 30 föranledde
294 632 106 39 någon
419 633 124 30 erinran
561 632 71 31 från
650 632 183 39 riksdagens
853 633 68 30 sida
940 632 49 30 får
1007 632 114 39 Kungl.
1143 632 95 39 Maj:t
1259 642 89 21 anses
1368 633 41 30 ha
1430 633 61 30 den
1511 633 61 30 dis-

88 687 141 38 pensrätt
246 695 70 21 som
332 685 117 40 åsyftas
465 686 10 31 i
491 686 39 31 de
545 695 44 21 nu
603 686 214 39 föreliggande
832 686 199 30 motionerna
1046 686 25 30 I:
1087 686 63 31 215
1169 686 61 30 och
1246 686 41 30 II:
1303 686 75 37 282,
1397 696 68 21 som
1483 686 89 31 alltså

90 741 10 30 i
115 740 105 30 denna
235 740 50 30 del
301 741 62 30 inte
379 740 59 30 bör
452 740 165 30 föranleda
632 739 104 40 någon
752 739 117 40 åtgärd.

136 792 93 32 Även
244 794 199 30 beträffande
460 794 52 30 det
529 794 83 30 antal
629 803 38 21 av
684 794 40 31 35
744 794 104 31 aktiva
865 795 188 30 studerande
1070 805 69 21 som
1155 805 42 20 nu
1214 796 96 39 gäller
1326 796 50 30 för
1392 796 126 39 delning
1535 805 37 20 av

91 849 209 38 ämnesgrupp
327 848 93 39 yrkas
446 848 10 30 i
482 847 194 31 sistnämnda
702 848 156 31 motioner
885 853 43 26 att
953 848 168 40 riksdagen
1146 849 58 30 hos
1231 849 114 39 Kungl.
1373 848 95 40 Maj:t
1494 849 78 30 skall

90 902 167 30 hemställa
270 911 55 21 om
339 901 119 40 förslag
473 906 44 25 att
532 901 85 31 detta
634 902 83 30 antal
733 911 113 30 genom
863 902 126 40 dispens
1006 911 38 22 av
1059 903 114 38 Kungl.
1191 902 96 40 Maj:t
1302 903 75 30 eller
1391 903 182 39 myndighet

91 964 70 22 som
176 955 116 39 Kungl.
311 954 97 40 Maj:t
423 955 169 30 förordnar
610 955 73 31 med
701 955 123 39 hänsyn
840 955 46 31 till
904 956 206 39 glesbygdens
1128 955 222 32 förhållanden
1369 957 80 30 skall
1466 956 109 31 kunna

91 1010 124 30 sänkas.
232 1009 64 30 Vid
311 1009 86 30 förra
411 1008 82 31 årets
508 1009 128 39 riksdag
651 1009 123 39 avslogs
790 1013 43 26 ett
847 1010 140 39 yrkande
1004 1014 44 26 att
1063 1010 218 39 delningstalet
1297 1019 38 21 av
1350 1010 222 30 motsvarande

90 1063 69 30 skäl
177 1063 100 30 skulle
295 1063 169 30 fastställas
482 1063 45 30 till
546 1063 52 30 30.
618 1063 161 30 Utskottet
798 1072 91 21 anser
907 1063 46 40 sig
970 1063 63 31 inte
1051 1063 79 30 böra
1147 1063 118 31 föreslå
1282 1064 167 39 riksdagen
1468 1068 44 26 att
1529 1073 43 20 nu

91 1118 76 38 göra
183 1116 62 30 den
260 1117 10 30 i
285 1116 199 31 motionerna
500 1116 141 31 önskade
657 1116 269 40 framställningen
942 1117 45 30 till
1003 1117 114 39 Kungl.
1136 1116 103 40 Maj:t.

136 1172 454 40 Korrespondensstuderande
609 1182 68 21 som
694 1173 64 30 inte
776 1174 34 29 är
827 1173 103 31 elever
947 1173 52 30 vid
1017 1177 117 27 statens
1152 1173 90 31 skola
1258 1173 50 31 för
1325 1182 106 22 vuxna
1447 1174 10 30 i
1474 1174 98 29 Norr-

90 1227 119 39 köping
225 1226 57 30 har
298 1226 141 30 förutom
456 1227 51 30 för
524 1225 99 40 själva
639 1226 237 31 brevstudierna
894 1227 170 30 kostnader
1081 1227 51 30 för
1149 1226 186 40 deltagande
1352 1227 11 30 i
1380 1227 191 39 preparand-

91 1281 109 29 kurser
222 1280 61 30 och
304 1280 51 30 för
378 1280 193 39 avläggande
594 1289 39 21 av
654 1280 180 31 tentamina.
859 1280 103 30 Dessa
983 1280 171 31 kostnader
1175 1280 174 31 behandlas
1372 1281 10 30 i
1403 1280 79 31 flera
1504 1290 68 21 mo-

89 1336 110 30 tioner.
225 1335 139 31 Sålunda
386 1335 93 40 yrkas
502 1336 11 30 i
535 1335 198 31 motionerna
756 1336 25 30 I:
797 1336 63 30 215
886 1336 62 30 och
970 1336 41 30 II:
1027 1336 65 30 282
1117 1340 44 26 att
1184 1335 167 40 riksdagen
1374 1335 58 31 hos
1456 1335 114 40 Kungl.

90 1389 95 39 Maj:t
205 1390 79 30 skall
303 1389 166 31 hemställa
488 1398 54 22 om
561 1389 119 40 förslag
699 1393 44 26 att
762 1389 263 40 undervisningen
1043 1389 54 30 vid
1115 1389 291 40 preparandkurser
1424 1390 50 30 för
1494 1389 78 30 real-

90 1443 60 30 och
174 1443 259 30 studentexamen
455 1443 79 30 skall
555 1452 75 21 vara
652 1442 201 38 kostnadsfri,
878 1447 43 26 att
942 1443 198 39 privatistens
1162 1442 214 31 examination
1398 1442 78 31 skall
1497 1451 76 22 vara

90 1497 193 30 kostnadsfri
304 1496 61 31 och
387 1500 44 27 att
451 1496 54 31 vid
526 1496 224 40 förgymnasial
770 1496 62 31 och
854 1496 172 40 gymnasial
1047 1496 177 40 utbildning
1244 1495 40 31 de
1305 1495 267 40 korrespondens-

92 1550 189 31 studerande
297 1569 45 3 —
357 1550 10 31 i
384 1550 61 30 den
461 1549 75 31 mån
552 1550 39 30 de
607 1550 63 31 inte
688 1554 88 26 antas
792 1550 53 31 vid
862 1550 39 30 de
919 1550 122 39 statliga
1057 1550 254 30 vuxenskolorna
1327 1569 46 3 —
1389 1550 78 30 skall
1484 1550 88 30 bere-

91 1604 56 30 das
169 1603 192 31 kostnadsfri
382 1603 230 40 undervisning.
635 1603 205 31 Beträffande
861 1603 194 31 sistnämnda
1076 1603 51 31 del
1149 1612 38 21 av
1207 1602 163 40 yrkandet,
1393 1612 70 21 som
1485 1612 88 21 avser

92 1658 98 39 själva
205 1657 350 40 brevundervisningen,
572 1657 162 31 förutsätts
750 1662 44 26 att
809 1657 103 30 denna
928 1657 79 31 skall
1022 1666 76 21 vara
1112 1657 193 30 kostnadsfri
1321 1657 110 31 endast
1446 1657 50 30 för
1511 1657 61 30 ele-

91 1720 55 21 ver
161 1720 70 21 som
245 1710 125 40 uppnår
385 1711 51 30 sitt
452 1710 175 31 studiemål.

136 1765 53 29 Ett
208 1764 227 39 principbeslut
457 1768 43 26 att
521 1764 170 39 ersättning
711 1765 79 29 skall
811 1764 74 39 utgå
906 1764 45 30 till
971 1764 445 40 korrespondensstuderande
1437 1766 50 29 för
1508 1765 64 30 del-

92 1817 134 40 tagande
240 1818 11 30 i
265 1817 290 40 preparandkurser
569 1817 61 30 och
646 1817 192 39 avläggande
854 1826 38 21 av
907 1817 171 30 tentamina
1093 1817 132 31 föreslås
1241 1818 9 30 i
1265 1818 198 31 motionerna
1478 1818 93 30 1:532

91 1871 61 30 och
172 1871 41 30 II:
230 1871 73 30 688.
325 1871 15 29 I
360 1871 57 30 sak
436 1871 284 30 överensstämmer
739 1870 85 31 detta
844 1870 139 40 yrkande
1004 1871 73 30 med
1096 1871 53 30 det
1168 1880 73 30 nyss
1261 1871 140 31 nämnda
1419 1871 154 40 yrkandet

90 1925 10 29 i
119 1924 199 30 motionerna
337 1924 24 29 I:
378 1924 63 30 215
463 1924 61 29 och
543 1924 41 29 II:
600 1924 65 30 282
686 1933 54 21 om
759 1923 193 31 kostnadsfri
971 1924 222 40 undervisning
1211 1924 54 30 vid
1284 1924 288 40 preparandkurser

91 1978 61 30 och
177 1977 192 31 kostnadsfri
393 1977 221 30 examination.
641 1977 205 30 Beträffande
871 1977 61 30 den
956 1977 223 40 undervisning
1203 1987 69 21 som
1296 1978 63 30 inte
1384 1979 125 38 utgöres
1535 1987 38 21 av

91 2031 479 40 preparandkursundervisning
595 2040 90 21 anses
710 2031 9 30 i
744 2031 198 30 motionerna
967 2031 24 30 I:
1008 2031 65 30 532
1098 2031 61 30 och
1184 2032 41 29 II:
1243 2031 62 31 688
1333 2036 44 26 att
1402 2032 68 30 skäl
1494 2031 79 31 talar

90 2085 51 31 för
161 2089 44 26 att
226 2086 78 29 även
324 2084 103 31 denna
445 2084 223 40 undervisning
688 2084 78 30 skall
785 2093 76 22 vara
881 2084 192 31 kostnadsfri
1092 2094 73 21 men
1185 2094 40 21 en
1244 2086 145 30 närmare
1408 2085 165 40 utredning

92 2148 91 20 anses
201 2139 83 29 dock
301 2138 184 39 erforderlig
501 2138 96 30 innan
613 2138 226 39 principbeslut
855 2138 103 30 fattas.
986 2138 6 29 I
1011 2138 103 30 denna
1131 2138 50 30 del
1198 2139 94 38 yrkas
1310 2138 108 31 därför
1436 2143 43 25 att
1496 2139 77 29 riks-

93 2193 102 38 dagen
213 2193 59 29 hos
289 2192 116 39 Kungl.
425 2191 96 39 Maj:t
539 2192 80 30 skall
636 2191 167 30 hemställa
821 2201 54 20 om
893 2191 118 40 förslag
1029 2191 46 31 till
1094 2192 100 39 regler
1212 2192 51 30 för
1282 2193 170 39 ersättning
1470 2193 47 30 till
1536 2193 39 30 de

93 2246 190 30 studerande
303 2245 50 31 för
373 2245 91 31 deras
486 2244 127 41 utgifter
634 2245 50 30 för
704 2244 86 39 dylik
811 2245 233 39 undervisning.

137 2303 118 38 Längst
274 2301 55 40 går
348 2302 198 29 motionerna
563 2302 25 29 I:
604 2301 65 30 218
689 2301 61 30 och
769 2301 40 30 II:
825 2301 63 31 275
910 2302 10 30 i
938 2302 93 36 vilka,
1053 2301 92 31 såvitt
1164 2311 42 20 nu
1227 2304 33 28 är
1278 2302 10 30 i
1307 2301 98 40 fråga,
1425 2302 147 30 hemstäl-

92 2356 45 30 les
158 2360 43 26 att
220 2355 167 39 riksdagen
408 2355 50 30 för
477 2356 90 29 nästa
587 2354 153 39 budgetår
761 2355 123 30 anvisar
904 2359 43 26 ett
967 2355 243 40 förslagsanslag
1231 2364 38 21 av
1292 2355 63 30 830
1369 2356 65 29 000
1456 2356 45 30 kr.
1523 2356 50 29 för

91 2409 201 30 bestridande
317 2418 39 21 av
379 2408 84 30 vissa
486 2408 171 30 kostnader
681 2408 50 30 för
754 2408 460 39 korrespondensstuderandes
1239 2408 196 38 brevkurser,
1461 2417 112 31 prepa-

91 2463 191 30 randkurser
300 2462 61 30 och
380 2461 180 31 tentamina.
581 2461 152 40 Anslaget
753 2470 88 22 avses
860 2462 51 30 för
930 2461 118 31 sådana
1067 2461 188 31 studerande
1275 2471 69 21 som
1364 2462 142 30 studerar
1524 2463 49 29 för
