1860 2788
257 147 36 29 12
629 146 450 30 Konstitutionsutskottets
1105 147 182 28 memorial
1310 156 42 19 nr
1369 146 29 29 9.

301 231 113 29 Baron
432 231 37 28 E.
486 230 75 29 Van
577 230 129 38 Nagell,
725 230 233 29 nederländsk
976 229 157 30 minister
1151 229 10 29 i
1180 229 201 30 Stockholm
1398 230 111 28 under
1528 231 81 29 åren
1630 230 125 30 1934—

260 281 78 29 1941
366 281 63 29 och
455 281 19 29 å
498 280 173 39 tjänstens
696 281 129 38 vägnar
848 280 163 29 verksam
1037 280 181 30 härstädes
1243 281 51 28 till
1321 280 124 30 hösten
1472 280 92 34 1946,
1590 281 64 28 och
1679 290 77 30 pro-

258 333 133 28 fessorn
423 333 9 28 i
463 332 207 30 ekonomisk
702 331 146 31 historia
876 332 39 29 N.
948 332 222 34 Posthumus,
1203 332 232 34 Amsterdam,
1467 333 44 29 ha
1543 333 9 29 i
1584 334 171 29 särskilda

258 381 183 30 skrivelser
464 381 175 38 redogjort
662 381 54 29 för
740 381 179 38 företagna
943 381 302 38 undersökningar
1269 381 148 29 rörande
1442 381 165 29 Kerstens
1630 390 124 30 person

257 432 63 29 och
340 432 89 29 hans
453 431 259 29 förehavanden
736 431 109 29 under
867 431 124 38 kriget.

303 483 71 28 Van
395 482 121 39 Nagell
536 482 62 29 har
616 482 11 28 i
647 484 48 27 ett
722 481 3 29 i
746 482 95 38 Haag
861 482 67 28 den
950 481 19 29 4
989 482 140 38 januari
1153 481 81 30 1947
1258 482 210 38 dagtecknat
1489 483 265 28 memorandum

258 532 192 29 framhållit
466 531 44 30 bl.
529 541 39 24 a.,
586 533 50 28 att
653 540 123 31 genom
794 532 94 29 såväl
906 532 169 30 Hollands
1093 541 75 20 som
1186 532 177 38 Englands
1382 532 64 29 och
1466 532 109 29 andra
1593 532 163 29 allierade

258 583 136 29 länders
422 582 151 38 hemliga
596 581 362 30 underrättelseväsen
986 582 93 30 såväl
1106 583 110 28 under
1242 581 112 40 kriget
1381 591 75 21 som
1483 582 87 29 efter
1596 583 78 29 dess
1701 592 54 20 av-

257 633 159 29 slutande
444 632 179 39 företagits
652 640 201 31 noggranna
879 632 303 39 undersökningar
1211 632 221 30 beträffande
1461 633 157 29 Kersten.
1648 634 106 28 Dessa

257 683 302 38 undersökningar
581 683 118 29 kunde
723 683 37 29 så
782 683 138 38 mycket
944 682 259 39 tillförlitligare
1226 684 70 32 ske,
1321 692 74 20 som
1418 684 41 29 de
1483 683 163 30 allierade
1669 684 87 29 efter

256 733 197 39 Tysklands
474 733 233 39 kapitulation
728 733 88 29 hade
838 733 145 39 tillgång
1005 732 51 30 till
1078 733 41 29 de
1140 734 102 38 tyska
1264 733 144 30 arkiven
1431 734 65 29 och
1516 734 110 29 andra
1648 734 108 29 infor-

256 782 275 31 mationskällor.
553 783 64 29 Det
637 783 89 29 hade
749 791 121 31 genom
890 784 102 29 dessa
1013 783 302 40 undersökningar
1336 783 98 30 blivit
1455 783 53 30 till
1530 784 65 30 full
1616 785 140 29 evidens

255 834 157 40 klarlagt,
433 837 50 27 att
504 835 144 30 Kersten
668 835 75 30 icke
764 835 70 40 gått
854 835 284 40 nazistregimens
1159 836 171 29 intressen
1351 837 52 28 till
1423 837 118 29 handa
1560 838 83 28 utan
1664 839 90 27 emot

256 884 188 29 desamma.
465 884 77 28 Han
560 884 88 29 hade
666 885 131 28 varken
817 884 88 29 varit
926 886 255 37 gestapoagent,
1202 885 110 28 nazist
1331 884 82 29 eller
1434 884 183 30 nazistiskt
1637 885 117 39 påver-

254 936 77 29 kad.
353 935 96 30 Hans
472 935 192 41 inriktning
685 946 80 19 vore
787 937 8 28 i
818 937 114 29 stället
953 938 66 28 den
1040 937 77 29 rakt
1139 937 175 29 motsatta.
1336 937 77 29 Han
1434 938 89 29 hade
1545 939 129 28 använt
1696 938 57 29 sitt

254 986 194 39 inflytande
470 986 43 39 på
534 986 169 30 Himmler
725 988 51 28 till
798 989 49 28 att
868 988 203 38 genomföra
1093 997 41 19 en
1156 989 61 28 rad
1239 987 353 39 räddningsaktioner
1614 988 51 30 tili
1687 989 68 29 för-

254 1035 81 30 mån
356 1036 54 30 för
432 1037 94 29 olika
546 1036 120 30 länder
687 1037 114 29 såsom
823 1037 161 34 Holland,
1008 1037 144 39 Sverige,
1175 1037 120 40 Norge,
1318 1037 191 38 Danmark,
1531 1038 138 40 Belgien
1691 1039 63 29 och

255 1086 203 29 Frankrike.

300 1136 12 28 I
330 1135 166 31 skrivelse
513 1135 50 29 till
579 1134 294 31 utrikesminister
889 1136 124 31 Undén
1030 1136 65 29 den
1113 1135 40 30 24
1170 1136 185 29 november
1376 1136 82 29 1950
1477 1136 164 30 framhöll
1659 1138 96 28 Post-

254 1187 127 29 humus
409 1187 44 29 bl.
481 1197 29 19 a.
539 1187 165 39 följande.

299 1253 11 29 I
333 1253 73 29 min
428 1254 173 38 egenskap
623 1263 42 20 av
687 1254 210 29 ordförande
917 1255 10 28 i
952 1254 249 29 riksinstitutet
1225 1254 54 29 för
1302 1254 245 39 krigshisloria
1569 1255 10 28 i
1604 1255 152 29 Amster-

254 1296 80 29 dam
353 1296 110 29 erhöll
481 1296 59 38 jag
559 1296 53 29 för
631 1298 52 27 tre
703 1296 37 29 år
762 1296 105 29 sedan
887 1305 41 21 av
949 1297 253 29 nederländske
1223 1297 384 38 ministerpresidenten
1629 1298 49 28 dr.
1701 1297 53 29 W.

254 1338 104 29 Drees
377 1339 160 38 uppdrag
552 1340 49 27 att
619 1346 89 31 noga
727 1339 198 29 undersöka
944 1338 98 30 fallet
1059 1339 146 29 Kersten
1224 1340 54 28 för
1297 1339 279 30 ministerrådets
1595 1339 159 38 räkning.

254 1380 50 30 Av
320 1381 64 29 den
403 1380 233 39 anledningen
653 1381 46 29 ha
717 1381 95 29 mina
830 1381 238 30 medarbetare
1088 1382 64 28 och
1170 1381 59 39 jag
1248 1381 174 30 inhämtat
1442 1382 253 38 upplysningar
1714 1391 41 19 ur

254 1423 265 33 nederländska,
538 1424 158 34 svenska,
714 1424 100 38 tyska
830 1424 63 28 och
910 1423 119 30 finska
1046 1424 201 33 dokument,
1266 1424 263 38 genomforskat
1546 1425 93 29 olika
1657 1424 98 29 arkiv

254 1466 63 28 och
335 1466 137 29 förhört
491 1466 125 38 många
634 1474 175 30 personer.

298 1508 76 30 Med
393 1507 189 39 anledning
601 1508 108 29 härav
728 1508 44 29 ha
792 1507 31 29 vi
843 1508 179 33 fastställt,
1043 1510 48 27 att
1111 1508 285 30 medicinalrådet
1417 1509 149 29 Kersten
1583 1510 63 28 har
1666 1509 88 29 varit

254 1560 41 20 en
313 1550 336 29 människoräddare
667 1550 64 30 och
748 1550 177 39 välgörare
943 1560 41 20 av
1002 1551 127 29 största
1147 1551 139 33 format,
1306 1561 75 20 som
1399 1553 86 28 utan
1504 1553 50 28 att
1570 1560 81 21 vara
1671 1552 84 38 poli-

256 1593 83 29 tiskt
362 1593 194 38 engagerad
581 1592 71 39 gått
676 1593 53 30 sin
753 1593 63 38 väg
840 1594 69 28 rätt
931 1593 93 29 fram
1048 1593 63 29 och
1134 1593 77 29 haft
1236 1602 74 21 som
1334 1594 89 29 enda
1448 1594 70 29 mål
1543 1594 54 29 för
1621 1595 133 37 ögonen

254 1637 49 27 att
323 1635 122 39 hjälpa
464 1635 63 29 och
546 1635 107 29 rädda
674 1634 215 34 människor,
909 1635 95 30 vilka
1024 1635 109 29 under
1154 1636 58 28 det
1231 1635 85 30 sista
1335 1635 112 39 kriget
1467 1635 99 30 blivit
1586 1636 168 39 förföljda

254 1686 42 20 av
312 1677 56 29 det
385 1676 392 30 nationalsocialistiska
795 1677 189 38 Tyskland.

298 1719 50 30 Då
373 1719 287 30 medicinalrådet
686 1719 145 30 Kersten
858 1719 57 29 vid
942 1719 203 39 krigsslutet
1171 1720 89 29 hade
1286 1721 152 28 avslutat
1465 1720 59 30 sitt
1550 1721 10 28 i
1586 1721 168 29 historien

254 1762 208 29 enastående
491 1761 224 30 humanitära
742 1762 277 38 räddningsverk
1049 1762 171 29 skördade
1245 1763 71 29 han
1344 1763 80 33 inte,
1456 1772 73 20 som
1558 1773 81 19 man
1666 1764 88 28 hade

254 1805 134 28 kunnat
411 1805 116 32 vänta,
550 1804 143 29 överallt
718 1804 224 29 erkännande
966 1805 63 29 och
1054 1805 89 34 tack,
1168 1806 85 28 utan
1277 1805 70 29 han
1371 1805 77 30 blev
1471 1806 148 29 tvärtom
1646 1807 108 27 utsatt

254 1846 53 30 för
331 1846 238 39 egendomliga
593 1845 270 40 beskyllningar.
890 1846 43 30 Så
957 1847 143 38 påstods
1124 1847 44 29 bl.
1194 1856 29 20 a.
1249 1849 49 28 att
1321 1848 70 28 han
1416 1848 90 29 hade
1532 1848 110 29 tavlor
1667 1848 9 28 i
1701 1848 52 29 sin

253 1888 189 39 besittning
466 1898 73 19 som
562 1889 68 28 han
655 1888 98 30 stulit
775 1889 9 28 i
807 1889 160 33 Holland,
992 1891 49 27 att
1064 1890 70 28 han
1156 1889 72 29 inte
1251 1899 60 19 var
1335 1890 198 29 finländare
1556 1891 85 28 utan
1665 1891 88 37 tysk,

254 1933 49 27 att
323 1931 68 28 han
412 1930 89 30 varit
522 1931 110 28 nazist
653 1931 63 28 och
739 1930 81 30 stått
839 1931 10 28 i
870 1930 112 39 tjänst
1000 1931 63 30 hos
1083 1931 180 34 Himmler,
1285 1933 50 28 att
1356 1932 70 29 han
1448 1932 71 29 inte
1541 1933 88 29 hade
1651 1932 103 39 något

255 1973 232 39 läkardiplom
514 1973 63 29 och
603 1974 50 28 att
680 1973 69 29 han
778 1973 88 38 själv
892 1974 71 38 lagt
992 1974 50 38 sig
1068 1974 50 28 till
1145 1974 78 29 med
1251 1974 99 29 titeln
1378 1974 260 33 medicinalråd,
1668 1976 49 28 att
1744 1975 9 28 i

253 2015 142 29 arkiven
421 2015 10 28 i
457 2015 181 39 Närnberg
665 2015 131 30 funnos
821 2015 54 29 för
902 2016 129 29 honom
1059 2017 211 38 graverande
1296 2017 194 29 dokument
1515 2017 63 29 och
1607 2019 49 27 att
1684 2017 69 29 han

254 2058 86 29 hade
357 2058 170 28 Himmler
542 2059 49 27 att
606 2058 102 29 tacka
724 2057 53 30 för
795 2058 53 28 sin
864 2058 242 39 förmögenhet
1122 2059 65 29 och
1204 2058 52 30 sin
1272 2059 251 39 jordegendom
1541 2059 212 29 Harzwalde.

298 2100 47 29 På
367 2100 113 38 grund
503 2109 40 19 av
566 2100 82 29 våra
669 2100 169 38 ingående
861 2100 304 39 undersökningar
1188 2101 77 29 blev
1288 2101 178 34 fastställt,
1490 2103 49 28 att
1562 2101 68 30 alla
1653 2102 99 29 dessa

254 2141 259 39 beskyllningar
541 2144 70 28 mot
638 2142 286 30 medicinalrådet
952 2143 147 29 Kersten
1125 2143 112 29 vilade
1264 2144 43 38 på
1335 2153 61 19 ren
1424 2144 130 29 fantasi
1582 2144 63 29 och
1674 2145 79 38 lögn

253 2184 64 29 och
340 2186 49 27 att
414 2184 122 30 härvid
560 2184 205 30 människor
788 2194 81 20 voro
891 2185 232 33 verksamma,
1150 2194 74 20 som
1248 2186 89 28 hade
1361 2185 148 30 intresse
1532 2196 41 20 av
1598 2188 50 27 att
1673 2187 81 28 ned-

254 2226 143 29 värdera
422 2227 64 29 och
512 2226 154 39 förringa
691 2227 176 29 storheten
892 2227 9 28 i
927 2227 56 29 det
1010 2227 125 35 arbete,
1161 2236 74 20 som
1260 2227 146 29 Kersten
1432 2228 111 29 under
1567 2228 78 30 hela
1669 2229 85 29 sista

255 2268 109 38 kriget
383 2268 121 34 utfört,
525 2269 63 29 och
609 2271 50 27 att
679 2270 107 38 draga
805 2270 128 28 honom
954 2269 90 39 själv
1063 2269 10 29 i
1092 2270 180 38 vanrykte.

297 2310 64 29 Vid
387 2310 351 40 undersökningarna
763 2312 75 29 blev
864 2311 10 29 i
900 2313 147 28 motsats
1073 2312 52 29 till
1152 2321 89 20 ovan
1267 2312 149 29 anförda
1442 2312 105 29 förtal
1576 2313 176 33 fastställt,

253 2354 49 27 att
321 2352 146 30 Kersten
487 2353 10 28 i
515 2354 114 28 stället
648 2354 55 28 för
721 2355 50 28 att
791 2353 117 30 skaffa
927 2354 50 39 sig
997 2353 198 30 finansiella
1215 2354 152 30 fördelar
1387 2355 64 29 har
1469 2355 130 29 använt
1619 2364 42 20 en
1682 2356 71 29 stor

252 2395 55 29 del
325 2404 42 20 av
384 2394 56 30 sin
457 2395 356 39 privatförmögenhet
834 2396 54 29 för
907 2398 51 27 att
978 2396 202 39 genomföra
1201 2397 59 29 sitt
1279 2397 321 38 räddningsarbete.
1621 2398 133 28 Himm-

253 2436 48 29 ler
327 2437 63 29 och
416 2437 90 31 hans
532 2438 176 29 närmaste
736 2439 239 28 medarbetare
1001 2448 82 20 voro
1109 2439 177 39 omutliga.
1314 2440 79 29 Men
1420 2440 42 29 de
1491 2440 92 38 lägre
1608 2440 146 39 tjänste-
