1878 2837
250 178 18 29 8
595 180 285 30 Statsutskottets
900 180 177 30 utlåtande
1095 190 43 19 nr
1158 180 61 30 108
1238 181 39 29 år
1297 180 83 30 1967

298 260 84 30 »Det
402 261 336 40 utvecklingsarbete
757 262 44 39 på
821 262 268 39 planväsendets
1109 261 141 30 område
1268 271 78 21 som
1366 262 105 39 enligt
1491 262 67 29 vad
1579 261 155 39 departe-

251 314 242 31 mentschefen
520 316 101 29 anför
649 316 107 40 pågår
785 316 95 30 inom
908 316 603 40 kommunikationsdepartementet
1540 315 80 30 med
1649 315 84 30 anli-

251 370 105 29 tande
383 379 42 21 av
452 370 173 30 särskilda
652 372 157 38 experter
839 380 101 30 synes
967 380 84 21 vara
1077 380 43 20 av
1146 371 67 29 den
1241 372 53 28 art
1323 372 50 28 att
1401 370 56 30 det
1485 370 158 30 närmast
1671 369 62 30 bör

251 423 190 31 ankomma
454 424 44 40 på
513 425 66 29 den
592 425 154 30 centrala
761 425 249 39 myndigheten
1022 425 96 29 inom
1131 425 250 39 planväsendet
1396 426 50 28 att
1461 424 127 30 utföra.
1605 424 128 39 Depar-

250 478 276 30 tementschefen
542 479 146 29 föreslår
703 479 11 29 i
729 479 262 40 propositionen
1005 480 49 29 att
1069 479 12 29 i
1096 479 66 30 den
1177 488 69 31 nya
1261 478 248 41 myndigheten
1524 478 95 29 inom
1636 478 97 39 plan-

250 532 64 30 och
332 533 346 40 byggnadsväsendet
698 533 88 30 skall
805 533 80 40 ingå
902 533 45 30 bl.
966 543 29 20 a.
1015 543 42 20 en
1074 533 315 40 utvecklingsbyrå.
1409 532 116 40 Enligt
1542 532 190 30 utskottets

251 587 141 40 mening
405 587 61 30 bör
481 588 96 29 inom
592 587 114 30 denna
719 587 86 40 byrå
819 587 79 30 med
913 587 112 30 fördel
1040 587 121 30 kunna
1176 587 135 30 utföras
1328 588 86 29 även
1429 587 56 29 det
1499 586 232 39 utvecklings-

250 641 116 30 arbete
384 651 74 20 som
474 651 47 20 nu
537 642 138 30 bedrivs
691 641 44 40 på
752 641 274 40 departemental
1043 641 89 30 nivå.
1149 641 93 30 Från
1259 640 276 41 organisatorisk
1553 639 178 41 synpunkt

248 696 62 30 bör
334 696 57 30 det
414 696 70 30 inte
508 696 167 30 innebära
698 696 108 39 några
830 695 211 40 svårigheter
1066 697 49 28 att
1139 696 53 29 till
1216 696 68 29 den
1306 705 70 30 nya
1398 694 333 40 planmyndigheten

249 750 77 30 föra
344 751 79 29 över
443 751 66 29 den
528 750 150 40 expertis
698 759 75 22 som
791 751 96 29 inom
906 749 603 40 kommunikationsdepartementet
1529 749 202 39 engagerats

249 804 54 30 för
334 804 266 40 ifrågavarande
632 804 304 40 arbetsuppgifter.
969 804 48 30 På
1048 804 150 30 anförda
1229 803 76 31 skäl
1336 803 193 39 tillstyrker
1561 802 170 30 utskottet

247 858 172 39 yrkandet
438 859 11 29 i
467 859 178 28 motionen
664 858 44 29 II:
726 858 61 29 963
807 860 50 27 att
875 858 231 29 förenämnda
1123 857 338 39 utvecklingsarbete
1481 858 137 28 snarast
1638 856 93 29 över-

249 911 92 30 föres
360 911 53 30 till
434 912 56 30 det
511 921 69 31 nya
598 911 119 30 verket
738 911 54 30 för
813 911 96 39 plan-
930 910 65 30 och
1013 910 377 40 byggnadsväsendet.>

292 966 73 30 dels
381 966 63 30 ock
460 966 188 29 utskottets
663 965 211 30 hemställan
889 965 110 29 under
1016 964 39 30 II.
1071 964 78 31 bort
1164 964 46 31 ha
1226 964 157 40 följande
1400 963 144 41 lydelse:

601 1019 61 30 »II.
683 1021 50 28 att
751 1019 189 39 riksdagen
959 1018 66 35 må,
1046 1019 79 29 med
1144 1018 99 30 bifall
1262 1018 53 29 till
1335 1018 178 29 motionen
1534 1017 44 29 11:
1595 1016 62 30 963
1679 1016 51 29 så-

555 1073 63 31 vitt
638 1082 47 21 nu
705 1074 38 29 är
762 1074 11 30 i
792 1073 108 39 fråga,
920 1074 12 29 i
952 1072 165 30 skrivelse
1137 1073 53 29 till
1210 1072 125 39 Kungl.
1357 1071 105 40 Maj:t
1483 1079 38 32 ge
1539 1071 53 29 till
1612 1070 118 29 känna

555 1130 49 27 att
627 1127 352 39 utvecklingsarbetet
1001 1128 12 28 i
1035 1127 99 39 fråga
1156 1136 57 20 om
1235 1125 250 40 planväsendet
1509 1127 137 28 snarast
1668 1124 61 29 bör

555 1181 177 30 överföras
752 1181 53 30 till
827 1181 56 29 det
903 1190 68 30 nya
990 1180 240 40 planverket;»

291 1254 34 33 c)
350 1253 222 30 beträffande
594 1253 155 39 anslaget
771 1253 138 29 Statens
931 1252 185 40 planverk:
1140 1252 212 39 Avlöningar
1375 1261 41 19 av
1438 1250 120 29 berrar
1580 1249 148 39 Kaijser,

247 1307 174 37 Ottosson,
447 1307 174 37 Edström,
648 1307 80 29 Eric
756 1307 123 39 Gustaf
903 1307 176 36 Peterson,
1107 1305 221 40 Strandberg,
1356 1304 169 37 Bohman,
1556 1304 173 29 Turesson

246 1361 64 29 och
336 1362 100 37 Tobé,
460 1361 96 29 vilka
579 1363 113 27 ansett
717 1363 49 27 att
791 1360 170 29 utskottet
985 1360 77 29 bort
1086 1359 178 39 tillstyrka
1288 1359 220 29 motionerna
1532 1359 28 28 I:
1578 1357 61 30 773
1665 1356 65 30 och

246 1415 45 29 I1:
308 1415 71 35 964,
401 1415 65 30 och
486 1417 49 28 att
556 1415 119 29 därför

290 1470 72 29 dels
385 1470 56 29 det
464 1469 118 40 stycke
603 1470 11 29 i
634 1469 189 29 utskottets
844 1468 162 40 yttrande
1027 1467 45 40 på
1094 1477 25 20 s.
1142 1467 28 35 5,
1194 1476 74 21 som
1288 1466 120 40 börjar
1430 1466 79 30 med
1533 1465 195 30 »Utskottet

243 1522 213 40 tillstyrker»
487 1523 65 29 och
581 1523 109 29 slutar
720 1523 79 29 med
829 1521 219 39 >föreslagna
1077 1520 17 30 3
1110 1520 63 30 604
1186 1520 61 30 000
1277 1520 84 35 kr.>,
1391 1520 78 29 bort
1497 1519 47 30 ha
1572 1518 156 40 följande

244 1577 145 40 lydelse:

290 1631 34 29 »I
346 1631 219 29 motionerna
588 1630 28 29 1:
634 1630 60 30 773
718 1630 65 29 och
806 1629 44 29 II:
867 1629 63 29 964
951 1629 63 29 har
1036 1629 122 39 yrkats
1180 1630 50 28 att
1252 1628 188 38 riksdagen
1463 1627 107 29 måtte
1592 1626 136 29 besluta

244 1687 50 28 att
314 1685 53 30 till
389 1685 203 39 avlöningar
614 1684 54 30 för
690 1684 56 30 det
768 1683 198 40 föreslagna
989 1684 131 29 statens
1142 1682 170 40 planverk
1333 1681 138 30 anvisas
1494 1682 47 28 ett
1564 1679 163 39 förslags-

242 1739 122 39 anslag
377 1748 42 20 av
432 1738 18 30 3
465 1738 63 30 900
542 1738 61 29 000
618 1738 51 29 kr.
684 1738 11 29 i
708 1738 114 29 stället
834 1737 53 29 för
900 1746 42 20 av
953 1735 384 41 departementschefen
1350 1735 198 38 föreslagna
1559 1733 18 30 3
1590 1732 62 30 604
1665 1732 61 30 000

243 1793 52 30 kr.
321 1793 260 30 Motionärerna
605 1791 64 30 har
696 1801 74 20 som
796 1791 108 29 motiv
930 1790 54 30 för
1011 1790 59 31 sitt
1094 1789 157 41 yrkande
1277 1789 44 30 bl.
1349 1799 29 20 a.
1404 1788 162 30 hänvisat
1591 1787 53 30 till
1671 1786 56 29 det

244 1846 357 40 sjupunktsprogram
626 1846 11 29 i
663 1845 90 39 syfte
778 1847 50 28 att
854 1844 131 39 främja
1008 1853 43 20 en
1076 1843 152 40 enhetlig
1253 1842 220 39 utformning
1498 1851 43 20 av
1564 1839 164 31 tekniska

241 1901 111 39 regler
372 1900 54 30 för
445 1899 213 30 industriellt
676 1899 180 39 byggande
877 1907 75 21 som
969 1897 352 40 byggnadsstyrelsen
1341 1896 70 39 lagt
1431 1895 101 30 fram.
1551 1894 176 30 Utskottet

243 1964 101 20 anser
361 1954 10 30 i
389 1954 110 29 likhet
516 1954 79 29 med
613 1953 261 30 motionärerna
891 1954 50 27 att
959 1961 42 20 en
1019 1951 141 30 fortsatt
1179 1950 161 40 grundlig
1358 1948 310 41 genomarbetning
1686 1955 42 21 av

241 2006 491 41 byggnadsbestämmelserna
759 2006 80 29 med
865 2005 138 39 hänsyn
1030 2005 51 29 till
1112 2004 169 30 moderna
1307 2002 246 41 byggmetoder
1581 2000 146 30 innebär

242 2061 221 40 möjligheter
477 2061 53 29 till
545 2060 193 39 väsentliga
754 2058 396 40 kostnadsbesparingar
1167 2057 44 40 på
1227 2058 119 38 längre
1363 2057 79 29 sikt.
1459 2056 116 38 Enligt
1592 2054 134 30 utskot-

240 2117 68 28 tets
326 2115 140 39 mening
483 2115 62 29 bör
562 2114 207 39 personalen
786 2113 44 39 på
849 2113 66 29 den
933 2112 198 38 föreslagna
1146 2111 164 29 tekniska
1327 2110 111 39 byrån
1457 2108 195 31 förstärkas
1672 2107 53 30 för

240 2168 267 40 ifrågavarande
531 2166 305 40 arbetsuppgifter.
861 2166 52 29 En
938 2165 91 30 ökad
1053 2163 318 40 medelsanvisning
1394 2163 45 39 på
1464 2163 68 29 sätt
1556 2161 169 31 motionä-

240 2232 103 20 rerna
361 2222 179 39 föreslagit
560 2230 102 31 synes
680 2221 79 29 med
776 2220 139 39 hänsyn
932 2219 119 30 härtill
1071 2218 152 40 lämplig.
1242 2217 177 31 Utskottet
1437 2215 192 41 tillstyrker
1649 2215 75 29 där-

241 2277 55 29 för
314 2276 172 40 yrkandet
505 2276 11 29 i
535 2275 220 30 motionerna
774 2274 28 29 I:
820 2273 61 30 773
901 2272 65 30 och
986 2272 45 30 11:
1048 2271 93 30 964.»

285 2330 72 30 dels
374 2329 64 31 ock
454 2329 189 30 utskottets
659 2327 211 30 hemställan
887 2326 111 30 under
1015 2326 54 29 IX.
1085 2325 78 30 bort
1179 2324 47 30 ha
1242 2324 158 40 följande
1416 2323 145 40 lydelse:

595 2382 75 30 »IX.
692 2383 50 29 att
761 2381 190 39 riksdagen
970 2379 66 35 må,
1059 2379 8 30 i
1091 2378 189 40 anledning
1300 2387 43 21 av
1363 2377 125 40 Kungl.
1510 2376 123 40 Maj:ts
1655 2375 69 30 för-

550 2438 73 38 slag
646 2438 89 28 samt
758 2435 79 30 med
858 2434 100 30 bifall
978 2434 53 29 till
1054 2433 219 29 motionerna
1296 2432 28 29 I:
1342 2431 61 30 773
1426 2431 66 29 och
1515 2431 44 29 II:
1576 2429 71 35 964,
1670 2429 54 29 till

547 2490 140 30 Statens
718 2488 185 41 planverk:
936 2487 213 39 Avlöningar
1181 2486 55 29 för
1267 2485 205 39 budgetåret
1507 2483 138 33 1967/68
1679 2482 45 39 på

548 2544 261 38 driftbudgeten
832 2542 111 29 under
969 2541 104 39 sjätte
1096 2539 223 30 huvudtiteln
1344 2538 120 31 anvisa
1488 2539 47 28 ett
1560 2537 163 38 förslags-

549 2598 121 39 anslag
690 2606 42 21 av
753 2596 18 30 3
786 2596 62 30 900
864 2595 62 31 000
948 2595 89 35 kr.;>

869 2693 78 14 ESSELTE
957 2693 28 13 AB.
998 2693 60 13 STHLM
1069 2692 20 13 87

939 2717 77 16 714759
