2276 2754
967 208 297 31 Banko-Utskottets
1292 207 166 31 Memorial
1480 208 58 30 N:o
1563 210 28 28 6.

452 294 34 33 åt
515 297 333 38 pappersmästaren:
879 293 54 31 lön
1042 317 5 5 .

884 345 121 31 arvode
1038 369 6 6 .
1100 368 5 6 .
1160 369 5 5 .
1220 367 7 7 =
1283 368 6 5 ss
1342 369 6 7 oc.
1401 367 6 6 so
1462 366 5 6 cc
1522 366 6 5 cr

882 396 61 31 och
987 393 299 41 naturaförmåner,
1317 392 192 33 beräknade
1536 391 49 32 till
1620 387 17 53 —
1786 392 190 52 5300-1550
2004 427 38 3 —

446 468 101 39 jemte
576 465 39 32 fri
644 465 128 40 bostad,
802 465 34 40 74
872 464 171 40 kappland
1070 462 159 41 trädgård
1258 463 59 32 och
1349 462 34 31 11
1414 461 172 41 kappland
1615 460 218 41 potatisland.

599 517 107 32 Dessa
742 516 262 32 löneinkomster
1044 515 86 32 hade
1170 515 180 32 beräknats
1393 514 103 31 redan
1537 512 72 33 från
1646 511 76 33 1857
1752 510 55 33 års
1836 510 128 41 början,
1995 509 43 41 på

447 570 107 40 grund
596 568 34 33 af
664 569 113 31 Rikets
820 568 160 32 Ständers
1020 566 90 32 bifall
1153 567 46 31 till
1240 566 115 41 gjorda
1384 565 229 40 ansökningar
1641 564 70 32 dels
1740 563 60 31 hos
1832 561 205 33 1856—1858

448 620 97 33 årens
573 621 150 39 Riksdag
753 620 58 32 och
842 620 70 31 dels
940 620 60 31 hos
1028 618 190 40 Riksdagen
1249 617 205 33 1859—1860
1479 626 52 22 om
1548 615 256 42 dyrtidstillägg,
1822 617 210 29 motsvaran-

447 674 39 32 de
528 673 38 32 de
608 671 37 33 år
689 672 78 31 1860
806 672 10 31 i
856 671 166 32 ordinarie
1052 673 67 29 stat
1146 668 165 42 uppförda
1337 668 315 40 löneförhöjningar,
1687 667 60 31 och
1778 666 84 32 hade
1892 664 145 33 sålunda

447 725 220 32 oförändrade
696 722 125 42 utgått:

595 776 49 30 till
672 775 29 31 J.
733 775 196 38 Samzelius,
958 783 69 21 som
1056 774 47 29 till
1133 773 286 31 bruksförvaltare
1449 771 218 30 förordnades
1700 769 88 38 1853,
1817 769 90 30 öfver
1940 769 33 29 17
1989 767 46 32 år;

445 827 46 30 till
535 826 33 31 F.
609 826 132 37 Bladin,
780 834 69 22 som
891 823 217 33 förordnades
1136 823 50 32 till
1216 823 226 32 verkmästare
1471 821 102 32 redan
1605 820 88 34 1847,
1723 818 192 33 äfvenledes
1944 817 91 33 öfver

446 877 35 32 17
511 876 55 43 år;
594 878 59 31 och
681 878 48 30 till
758 877 29 31 J.
816 877 34 31 R.
881 876 154 32 Ulander.
1079 885 69 22 som
1191 875 47 31 till
1278 877 292 37 pappersmästare
1612 876 118 36 antogs
1773 871 54 32 vid
1870 873 104 30 slutet
2003 870 35 31 af

447 929 87 34 1860,
563 928 90 33 öfver
682 928 38 31 13
748 928 45 31 år.

594 980 61 32 Vid
684 980 54 31 det
766 978 219 41 förhållande,
1015 983 47 27 att
1091 978 194 32 sökandena
1314 977 133 39 åtnjuta
1475 976 62 31 fria
1565 975 167 32 bostäder.
1762 974 171 31 vedbrand
1950 977 87 27 samt

445 1032 104 31 andra
579 1030 301 38 naturaförmåner,
910 1039 75 22 vore
1014 1030 39 32 de
1081 1039 117 29 genom
1228 1029 153 39 stegrade
1410 1028 67 39 pris
1505 1027 150 39 förhöjda
1697 1025 336 32 lefnadskostnader-

446 1093 41 21 na
526 1083 49 32 för
617 1083 196 31 sökandena
841 1082 10 30 i
879 1082 75 31 vida
983 1081 128 32 mindre
1140 1080 76 32 mån
1247 1080 150 32 känbara
1426 1082 41 28 än
1495 1078 49 31 för
1571 1078 85 40 dem,
1684 1077 133 31 hvilkas
1845 1077 186 30 inkomster

441 1135 136 39 utginge
619 1134 119 32 endast
781 1135 10 29 i
834 1133 188 40 penningar
1055 1133 48 31 till
1131 1132 167 32 bestämdt
1326 1132 136 38 belopp;
1492 1140 72 21 men
1594 1130 149 30 deremot
1770 1128 73 32 lede
1873 1127 55 33 det
1956 1128 73 31 icke

441 1185 110 33 tvifvel
581 1189 49 28 att
657 1184 228 40 aflöningarne
926 1183 49 32 för
1004 1192 167 31 personer,
1201 1183 114 31 hvilka
1343 1192 60 29 ega
1431 1181 174 40 duglighet
1632 1180 48 31 för
1708 1179 239 39 befattningar,
1976 1177 56 32 så-

440 1238 89 31 dana
558 1246 69 23 som
656 1236 231 38 förvaltarens,
929 1237 268 30 verkmästarens
1239 1234 60 32 och
1328 1236 335 37 pappersmästarens
1692 1231 53 32 vid
1774 1231 129 33 Tumba
1932 1231 97 38 bruk,

442 1288 106 31 under
575 1289 62 30 den
667 1288 59 38 tid,
755 1296 68 22 som
852 1285 138 32 förflutit
1018 1286 103 31 sedan
1149 1285 196 31 nuvarande
1374 1283 236 39 aflöningsstat
1644 1282 217 36 tastställdes.
1895 1282 27 38 ej
1958 1281 72 31 obe-

440 1339 118 40 tydligt
599 1342 152 36 stegrats,
792 1337 169 32 äfvensom
1003 1338 136 30 brukets
1182 1337 136 32 arbeten
1348 1336 107 30 under
1483 1344 118 22 senare
1631 1332 78 33 åren
1738 1334 131 38 ganska
1897 1332 133 40 mycket

440 1392 106 35 ökats,
587 1391 215 40 hvarigenom
849 1389 142 32 nämnde
1032 1389 166 31 sökandes
1239 1387 226 39 befattningar
1499 1385 213 40 naturligtvis
1740 1384 110 33 blifvit
1877 1384 9 31 i
1916 1382 110 40 någon

440 1441 75 32 mån
545 1445 155 37 trägnare
730 1442 60 30 och
820 1439 271 33 ansvarsfullare.

590 1493 107 32 Dessa
738 1491 293 40 omständigheter,
1070 1491 107 31 tillika
1206 1490 73 31 med
1308 1489 62 32 den
1401 1489 113 38 längre
1543 1487 57 36 tid,
1627 1486 218 32 förenämnde
1874 1485 152 32 sökande

438 1545 86 32 varit
549 1545 9 30 i
588 1545 73 30 sina
692 1544 194 31 nuvarande
915 1542 227 40 befattningar
1170 1540 177 35 anställde,
1376 1539 152 40 utgjorde
1556 1538 83 32 efter
1652 1537 240 39 Fullmäktiges
1922 1537 103 32 tanke

438 1596 73 32 skäl
552 1598 49 29 att
640 1595 86 33 fästa
755 1594 156 33 afseende
940 1593 18 33 å
987 1594 97 32 deras
1112 1594 161 38 begäran;
1302 1601 74 22 men
1406 1590 42 32 då
1476 1590 220 39 Fullmäktige
1726 1599 44 21 nu
1800 1589 73 31 icke
1903 1587 125 40 ansåge

438 1648 49 38 sig
515 1646 100 32 hafva
644 1650 48 28 att
718 1646 78 40 ingå
824 1647 10 30 i
861 1645 154 40 pröfning
1054 1645 34 31 af
1125 1643 117 40 frågan
1271 1642 166 33 huruvida
1467 1642 71 31 skäl
1568 1641 112 31 kunde
1709 1649 80 22 vara
1817 1640 50 30 för
1894 1640 134 30 handen

438 1702 47 27 att
514 1700 149 38 uppgöra
692 1708 40 21 en
763 1707 41 29 ny
833 1695 231 40 aflöningsstat
1104 1695 48 32 för
1193 1696 267 38 tjenstemännen
1492 1693 52 31 vid
1573 1692 138 31 Tumba.
1741 1695 49 29 att
1818 1690 112 32 dervid
1961 1689 65 32 för-

437 1749 123 32 vandla
588 1759 40 21 en
658 1749 49 31 del
738 1747 291 32 naturaförmåner
1068 1747 46 31 till
1144 1746 222 40 penningelön
1397 1748 86 27 samt
1518 1748 48 27 att
1593 1744 9 30 i
1631 1742 109 40 någon
1769 1741 77 32 mån
1875 1742 151 39 tillämpa

435 1802 56 30 det
517 1799 50 33 för
593 1800 237 31 Riksbankens
859 1800 200 38 tjenstemän
1088 1801 148 35 antagna
1266 1800 121 37 system
1417 1795 35 32 af
1477 1794 341 39 ålderstillökningar,
1846 1792 106 31 funno
1974 1792 50 39 sig

437 1851 219 40 Fullmäktige
685 1851 79 32 böra
806 1849 42 41 på
894 1850 97 32 ofvan
1021 1848 136 40 angifna
1185 1848 146 40 grunder
1359 1847 167 40 tillstyrka
1555 1849 50 29 att
1632 1844 171 40 personelt
1830 1843 50 32 för
1908 1844 118 31 sökan-

434 1903 96 38 dena,
558 1901 202 33 förvaltaren
791 1901 196 39 Samzelius,
1030 1901 249 31 verkmästaren
1308 1899 119 33 Bladin
1469 1898 59 30 och
1570 1899 320 37 pappersmästaren
1920 1894 105 31 Ulan-

434 1955 58 31 der
531 1952 102 34 måtte
675 1953 137 40 beviljas
854 1957 48 28 ett
937 1952 98 41 årligt
1063 1951 193 39 lönetillägg
1285 1950 34 31 af
1345 1950 60 31 800
1431 1949 79 31 R:dr
1537 1947 49 32 för
1613 1947 165 32 hvardera
1807 1945 35 33 af
1868 1945 39 32 de
1937 1943 86 34 båda

433 2005 229 32 förstnämnde
703 2005 61 31 och
804 2005 62 31 400
909 2004 79 31 R:dr
1029 2002 49 32 för
1117 2002 159 38 Ulander,
1305 2004 59 37 att,
1393 1999 186 33 beräknadt
1606 1997 73 32 från
1708 1997 229 32 innevarande
1967 1995 54 32 års

434 2056 125 40 början,
587 2056 65 32 tills
681 2055 114 33 vidare
823 2055 61 31 och
912 2055 164 32 intilldess
1105 2063 112 22 annan
1247 2051 234 40 aflöningsstat
1508 2054 41 28 än
1579 2050 64 32 den
1674 2059 44 21 au
1753 2048 156 40 gällande
1938 2049 69 29 kun

433 2109 38 30 de
501 2108 103 31 varda
632 2107 167 32 fastställd
828 2107 61 31 och
918 2107 95 31 träda
1041 2107 9 30 i
1079 2105 99 39 kraft,
1204 2105 47 30 till
1282 2104 73 31 dem
1385 2101 79 41 utgå
1493 2101 37 32 så
1546 2103 96 38 länge
1667 2100 39 32 de
1730 2101 74 31 sina
1819 2098 198 33 nuvarande

432 2158 227 40 befattningar
687 2158 123 32 utöfva.

586 2209 46 32 På
675 2209 79 32 1860
781 2208 54 33 års
863 2213 69 29 stat
959 2209 49 31 för
1035 2208 129 31 Tumba
1191 2207 104 32 bruks
1323 2207 201 38 tjenstemän
1553 2213 78 23 voro
1660 2203 162 41 uppförde
1851 2212 39 21 en
1919 2201 100 31 förste

431 2261 60 31 och
521 2271 40 22 en
591 2262 103 31 andre
722 2260 212 40 bokhållare;
963 2269 72 23 men
1066 2259 37 32 år
1131 2259 80 31 1865
1237 2257 136 39 indrogs
1402 2256 210 33 sistnämnda
1640 2253 190 40 befattning
1857 2253 60 31 och
1934 2251 84 32 före-

431 2312 107 32 skrefs
566 2313 10 30 i
604 2312 122 41 stället,
755 2315 49 29 att
832 2311 201 32 förvaltaren
1064 2310 109 32 skulle
1201 2309 42 40 på
1272 2314 73 34 eget
1373 2316 123 23 ansvar
1518 2306 100 32 hafva
1637 2305 17 32 å
1674 2306 118 31 bruket
1809 2308 48 30 ett
1872 2303 146 32 eoskildt

1669 366 16 9 9
