1864 2790
475 181 404 40 Bevillningsutskottets
902 181 218 30 betänkande
1140 190 44 20 nr
1203 181 52 29 33.
1602 179 18 30 3

115 266 290 39 myndigheterna
422 266 65 30 och
505 265 236 34 tillverkaren,
759 265 65 30 och
841 265 113 30 denne
972 264 150 30 belastas
1142 265 80 29 med
1241 264 291 30 räntekostnader
1546 272 74 20 som

115 316 75 30 icke
212 318 61 30 äro
294 317 127 39 sakligt
441 316 224 31 motiverade.

159 368 292 31 Ämbetsverkens
472 367 264 40 framställning
756 375 98 22 avser
875 367 125 31 endast
1020 366 133 30 bensin.
1176 366 154 30 Utförsel
1351 376 43 20 av
1415 365 203 40 motorsprit

115 418 238 30 förekommer
372 418 12 30 i
404 418 188 40 praktiken
611 418 158 39 ytterligt
790 417 121 31 sällan.
934 417 126 30 Härtill
1081 418 163 29 kommer
1264 418 49 29 att
1335 416 23 30 f.
1381 426 33 20 n.
1436 416 53 30 till
1511 416 66 30 den
1601 416 15 29 1

114 469 68 40 juli
208 469 84 30 1952
315 469 103 40 ingen
442 470 95 29 skatt
561 469 20 30 å
603 468 206 40 motorsprit
831 468 113 39 utgår.
970 468 67 30 För
1060 469 50 28 att
1134 467 37 31 få
1196 467 213 39 enhetlighet
1431 466 13 29 i
1467 466 149 30 bestäm-

115 520 176 30 melserna
314 519 70 31 kan
408 520 59 30 det
491 518 193 31 emellertid
709 518 107 31 likväl
839 528 84 21 vara
948 518 158 41 lämpligt
1132 519 50 30 att
1207 518 12 29 i
1245 519 93 29 detta
1364 517 256 39 sammanhang

115 572 83 38 göra
221 571 247 30 motsvarande
492 570 148 39 ändring
662 569 223 30 beträffande
908 569 398 40 partihandelsbolagets
1332 567 219 31 deklaration
1574 576 43 21 av

115 621 216 40 motorsprit.

160 672 67 38 Jag
248 671 161 30 förordar
432 671 149 30 sålunda
602 672 51 28 att
676 670 19 30 3
722 670 15 37 8
762 669 19 30 3
803 679 106 20 mom.
933 670 66 29 och
1022 668 18 30 4
1067 669 15 37 $
1110 669 18 30 2
1151 678 107 20 mom.
1283 667 252 40 förordningen
1559 676 57 21 om

116 721 154 31 särskild
292 722 93 30 skatt
407 721 20 30 å
448 721 125 30 bensin
594 721 65 29 och
681 720 204 40 motorsprit
909 720 129 30 ändras
1059 720 11 29 i
1093 719 348 31 överensstämmelse
1463 719 155 29 härmed.

116 772 244 40 Ändringarna
377 771 86 30 böra
480 772 102 29 träda
599 771 12 29 i
628 771 99 30 kraft
747 771 67 29 den
836 771 15 29 1
871 770 69 40 juli
963 770 114 29 1951.>

158 873 184 29 Utskottet.
370 872 182 34 Utskottet,
580 881 74 21 som
680 871 79 30 icke
785 871 119 30 funnit
931 870 188 40 anledning
1146 870 53 30 till
1228 869 140 31 erinran
1395 871 75 28 mot
1496 869 125 39 Kungl.

116 923 124 40 Maj:ts
261 923 140 39 förslag,
421 923 57 30 får
497 922 195 34 hemställa,

470 975 52 28 att
542 973 189 39 riksdagen
753 972 118 35 måtte,
894 973 80 30 med
996 971 99 31 bifall
1116 971 54 30 till
1192 971 126 39 Kungl.
1342 970 125 40 Maj:ts
1490 970 133 30 föreva-

425 1024 110 30 rande
558 1023 218 42 proposition
800 1032 41 21 nr
868 1022 72 35 163,
966 1024 126 38 antaga
1118 1023 58 29 det
1202 1022 58 30 vid
1285 1021 263 41 propositionen
1571 1021 52 30 fo-

426 1075 87 39 gade
532 1074 166 39 förslaget
716 1074 54 30 till
786 1073 208 40 förordning
1011 1073 178 39 angående
1207 1072 134 30 ändrad
1359 1071 130 41 lydelse
1507 1081 42 21 av
1566 1071 19 30 3
1605 1071 16 37 8

426 1125 19 30 3
462 1135 105 20 mom.
584 1125 65 30 och
665 1124 20 30 4
704 1125 15 37 8
737 1125 19 29 2
772 1133 104 22 mom.
894 1123 252 40 förordningen
1161 1124 69 29 den
1246 1123 19 30 3
1283 1123 70 39 maj
1376 1123 85 30 1929
1485 1122 57 34 (nr
1559 1121 58 34 62)

426 1185 58 21 om
504 1175 150 31 särskild
673 1176 96 29 skatt
788 1176 20 29 å
825 1175 125 30 bensin
969 1176 65 30 och
1053 1173 214 41 motorsprit.

161 1244 203 30 Stockholm
382 1244 67 29 den
472 1243 39 30 13
530 1243 88 41 april
639 1243 96 30 1951.

551 1344 47 30 På
618 1343 401 39 bevillningsutskottets
1040 1344 146 38 vägnar:

702 1419 153 30 ADOLV
877 1418 180 31 OLSSON.

747 1626 242 33 Närvarande:

159 1697 83 30 från
272 1697 165 30 första
467 1697 222 29 kammaren:
712 1696 121 29 herrar
853 1695 156 39 Sjödahl,
1029 1695 171 34 Heiman,
1221 1694 124 31 Gustaf
1365 1693 174 35 Elofsson,
1560 1693 64 29 Ve-

116 1739 132 35 lander,
267 1740 134 35 Petrén,
420 1739 182 39 Ramberg,
618 1737 154 40 Wehtje,
790 1737 106 30 Einar
914 1737 180 34 Eriksson,
1111 1736 150 30 Werner
1277 1736 65 30 och
1359 1736 100 29 Rune
1476 1735 148 29 Johans-

117 1791 78 25 son;
220 1783 92 28 samt

160 1840 83 30 från
278 1840 154 30 andra
469 1840 221 29 kammaren:
719 1839 121 29 herrar
868 1838 125 30 Olsson
1022 1837 11 29 i
1059 1837 113 34 Gävle,
1201 1837 186 38 Sandberg,
1415 1835 207 40 Björklund,

115 1882 156 30 Jonsson
286 1882 11 29 i
314 1882 211 39 Skedsbygd,
541 1881 252 29 Kristensson
783 1873 21 52 i
809 1880 104 39 Osby,
930 1879 158 39 Hagberg
1103 1879 11 29 i
1130 1879 141 34 Malmö,
1289 1878 175 33 Olofsson,
1481 1877 141 33 Brandt,

116 1924 230 30 Gunnarsson
365 1924 64 30 och
450 1924 223 29 Kärrlander.
