2112 2654
310 172 39 29 12
819 175 236 38 Lag-Utskottets
1082 175 154 31 Utlåtande
1260 177 57 30 N:o
1343 178 51 29 37.

308 252 229 51 kyrkolagen
579 254 208 51 berättigad
829 261 55 31 att
921 255 212 51 offentligen
1173 257 164 49 predika,
1371 259 62 36 vid
1467 259 79 50 dyli
1606 261 292 36 sammankomst

309 306 117 37 såsom
467 309 119 36 lärare
628 310 84 36 med
748 310 150 50 andliga
931 310 182 51 föredrag,
1146 325 76 23 som
1258 325 102 24 anses
1392 314 82 36 leda
1503 314 60 36 till
1593 313 123 38 förakt
1745 314 57 38 för
1832 316 71 36 den

309 362 187 37 allmänna
525 363 261 51 gudstjensten,
815 366 91 37 eller
939 366 60 36 till
1027 366 320 51 undergräfvande
1377 369 38 36 af
1442 370 107 49 religi
1576 383 88 24 nens
1693 371 122 50 helgd,
1843 384 58 23 an-

308 417 147 37 komme
496 418 47 49 på
578 419 223 50 kyrkorådet
836 426 54 31 att
918 418 143 40 honowf
1082 421 172 50 förbjuda
1283 428 54 30 att
1365 424 10 35 i
1406 424 154 36 berörda
1589 426 182 49 egenskap
1801 427 100 35 inom

307 470 261 53 församlingen
598 474 125 37 vidare
752 475 194 50 uppträda.

413 526 121 39 >Hvar
562 541 75 24 som
669 529 210 38 underlåter
927 553 22 4 —
988 554 31 4 —
1057 553 43 5 —
1141 553 38 6 —
1224 554 34 4 —
1304 555 35 4 —
1385 554 31 6 =
1465 556 33 6 —
1529 556 41 5 —
1590 534 202 38 Riksdaler.

414 708 136 37 Herrar
588 710 136 37 Claéson
756 711 68 36 och
853 710 134 39 Grefve
1018 714 178 46 Strömfelt
1220 714 112 37 hafva
1361 715 129 49 begärt
1517 715 37 36 få
1579 717 63 35 här
1666 718 233 44 antecknadt,

306 765 54 34 att
389 762 45 38 de
462 764 79 36 icke
570 764 154 51 deltagit
751 766 10 35 i
793 767 165 37 ärendets
987 767 227 51 behandling
1240 770 101 36 inom
1370 769 196 38 Utskottet.

993 1436 93 38 N:o
1117 1435 94 40 387.

976 1632 67 27 Ank.
1063 1632 42 27 till
1125 1633 89 28 Riked,.
1234 1634 95 27 Kansli
1348 1635 49 27 den
1418 1636 15 26 2
1453 1636 69 26 Mars
1545 1636 74 32 1886,
1640 1638 34 26 kl.
1697 1637 31 27 12
1747 1639 79 27 midd.

626 1814 90 46 Lag-
727 1813 180 36 Utskottets
943 1815 178 36 Utlåtande
1148 1818 15 32 i
1189 1818 180 46 anledning
1396 1820 46 43 af
1464 1820 99 34 väckt
1589 1822 123 34 motion
1741 1833 51 23 om
1810 1824 86 42 för-

731 1889 138 33 ändrad
908 1887 121 47 lydelse
1070 1889 45 44 af
1151 1888 49 35 22
1233 1888 25 46 $
1291 1891 15 32 i
1321 1891 260 47 förordningen
1610 1904 51 23 om
1689 1893 207 36 kommunal-

730 1959 139 47 styrelse
891 1961 50 45 på
969 1960 113 35 landet
1108 1962 62 34 den
1198 1961 48 36 21
1274 1962 106 36 Mars
1408 1963 106 35 1862.

410 2152 92 37 Från
547 2153 133 39 Andra
723 2155 221 38 Kammaren
987 2157 65 36 har
1095 2158 279 50 Lag-Utskottet
1415 2162 69 35 fått
1525 2162 60 35 till
1626 2162 272 50 handläggning

305 2213 183 43 emottaga
531 2221 42 23 en
616 2209 98 36 inom
748 2211 160 36 nämnda
938 2211 195 37 Kammare
1162 2212 41 36 af
1228 2213 98 37 Herr
1355 2216 98 35 Back
1479 2217 66 35 Per
1574 2218 132 35 Ersson
1734 2218 12 34 i
1776 2217 121 36 Buska

304 2260 162 51 afgifven
497 2263 150 45 motion,
678 2262 67 38 N:o
777 2266 59 44 41,
865 2263 40 38 af
930 2266 159 47 följande
1117 2267 151 48 lydelse:
