1922 2834
598 184 231 28 Statsutskottets
852 183 148 27 utlåtande
1022 183 48 27 Nr
1094 184 69 27 174.
1618 179 17 29 7

136 260 143 41 tydelse,
315 261 50 29 att
398 270 42 19 en
473 258 140 40 lösning
635 269 40 19 av
697 256 373 42 flygmyndigheternas
1093 255 186 40 lokalfråga
1302 257 43 38 på
1369 256 67 29 sätt
1461 264 73 21 som
1558 254 83 30 före-

136 302 120 40 slagits
280 302 198 40 därigenom
502 301 64 30 bör
588 299 205 31 förhindras.

187 344 75 32 Vad
294 343 161 32 beträffar
484 343 91 30 valet
612 353 40 20 av
683 342 91 41 plats
807 341 52 31 för
892 339 416 41 marinmyndigheternas
1341 337 206 42 nybyggnad
1581 337 61 31 har

134 386 351 42 byggnadsstyrelsen
509 385 11 30 i
544 384 141 31 ärendet
707 382 185 42 föreslagit,
916 384 50 29 att
989 382 149 31 nämnda
1160 380 159 42 byggnad
1342 399 40 3 —
1404 380 125 31 liksom
1557 381 85 30 även

136 429 65 31 den
236 429 200 40 ifrågasatta
469 426 374 42 högskolebyggnaden
877 443 40 4 —
952 424 111 32 skulle
1085 424 171 40 förläggas
1286 423 53 30 till
1363 422 66 31 den
1452 424 93 29 ännu
1568 422 74 31 icke

136 470 301 41 stadsplanelagda
461 469 55 31 del
540 480 39 20 av
603 467 317 42 Ladugårdsgärde,
946 478 74 20 som
1044 469 36 29 är
1103 466 144 40 belägen
1264 464 96 32 invid
1375 464 267 41 Valhallavägen

135 514 64 30 och
234 515 93 29 öster
351 524 54 20 om
428 512 225 40 Värtavägen.
698 511 104 31 Emot
825 510 94 31 detta
941 509 129 41 förslag
1093 509 61 30 har
1176 507 466 41 Djurgårdskommissionen

134 556 11 30 i
169 555 141 32 ärendet
332 554 183 32 framställt
537 554 94 31 vissa
655 553 198 41 erinringar.
899 551 154 32 Sålunda
1075 551 62 31 har
1159 550 270 32 kommissionen
1446 549 195 38 framhållit,

135 600 49 29 att
208 598 58 31 det
288 609 41 19 ur
352 594 560 44 stadsplaneläggningssynpunkt
935 596 109 29 måste
1067 595 93 30 möta
1182 592 275 41 betänkligheter
1479 593 49 30 att
1543 591 101 41 bryta

136 643 38 28 ut
198 640 323 41 stadsplaneringen
545 650 41 20 av
602 637 255 43 ifrågavarande
874 636 139 32 område
1029 636 119 31 utmed
1163 635 264 40 Valhallavägen
1444 634 74 31 från
1535 634 108 31 stads-

134 682 225 42 planeringen
394 693 40 19 av
468 682 59 30 det
550 681 115 40 övriga
688 680 155 31 området
865 691 40 19 av
921 678 310 41 Ladugårdsgärde
1248 679 92 29 öster
1356 687 55 20 om
1427 676 215 41 Värtavägen

135 725 64 31 och
233 736 82 19 norr
349 735 54 20 om
427 723 275 41 Valhallavägen.
748 721 129 32 Härtill
899 722 136 30 komme
1058 721 93 31 vissa
1173 719 160 32 befarade
1357 718 210 41 svårigheter
1591 719 52 30 be-

136 767 168 31 träffande
328 765 177 32 ordnande
529 777 39 19 av
591 766 125 40 avlopp
739 765 74 30 från
837 764 58 31 det
917 762 257 42 ifrågavarande
1198 761 162 32 området.

188 809 188 31 Gentemot
397 808 65 31 vad
485 806 466 43 Djurgårdskommissionen
975 805 146 31 sålunda
1141 804 113 31 anfört
1269 803 61 31 har
1345 802 298 42 byggnadsstyrel-

135 863 61 20 sen
219 851 11 31 i
255 852 54 30 sin
334 851 164 31 skrivelse
522 851 67 30 den
613 850 40 31 30
675 849 87 41 april
787 849 80 31 1938
889 847 196 38 framhållit,
1103 848 50 30 att
1175 858 42 20 en
1240 845 216 42 förläggning
1479 856 40 20 av
1541 845 102 40 bygg-

135 894 112 31 naden
281 894 12 30 i
327 894 92 40 fråga
453 892 53 31 till
541 892 105 41 sagda
680 891 138 32 område
851 890 75 31 icke
959 890 115 31 kunde
1097 900 101 20 anses
1221 888 172 41 föregripa
1416 899 42 19 en
1480 887 162 31 blivande

135 936 278 41 stadsplanering
436 946 40 20 av
499 934 216 32 återstående
739 933 94 32 delar
856 944 39 20 av
918 931 317 42 Ladugårdsgärde.
1266 930 102 31 Huru
1385 929 224 41 stadsplanen
1632 929 12 31 i

138 978 110 42 övrigt
282 980 42 29 än
358 978 136 31 komme
527 979 50 29 att
610 977 175 37 utformas,
811 977 117 39 syntes
955 974 173 41 nämligen
1152 974 112 30 denna
1288 972 55 32 del
1366 983 39 20 av
1427 971 216 41 Ladugårds-

136 1021 103 41 gärde
273 1021 136 30 komma
442 1021 50 29 att
524 1020 156 40 utläggas
710 1018 54 31 till
786 1017 316 42 byggnadskvarter
1125 1027 39 20 av
1187 1016 11 31 i
1220 1014 181 32 huvudsak
1423 1014 67 31 den
1515 1013 128 32 storlek

136 1063 64 31 och
224 1063 213 40 utformning
460 1072 74 21 som
559 1073 40 19 av
623 1061 168 41 styrelsen
814 1061 191 30 förutsatts.
1050 1059 62 30 Att
1134 1069 47 20 nu
1205 1057 237 41 stadsplanera
1466 1056 94 31 detta
1577 1067 66 20 om-

134 1105 82 31 råde
239 1105 11 30 i
273 1106 126 30 väntan
426 1105 44 40 på
494 1115 41 20 en
552 1105 110 30 större
680 1102 279 41 stadsplanering
974 1113 40 19 av
1031 1100 216 32 återstående
1264 1099 94 31 delar
1374 1110 39 20 av
1429 1098 214 41 Ladugårds-

134 1147 103 42 gärde
270 1149 118 39 syntes
412 1146 115 31 därför
549 1146 74 31 icke
646 1145 153 31 medföra
821 1146 104 39 några
949 1143 221 41 olägenheter
1192 1142 64 31 och
1279 1142 144 37 komme,
1448 1141 107 40 enligt
1578 1140 65 31 vad

135 1189 170 42 styrelsen
340 1189 124 38 erfarit,
488 1188 75 31 icke
592 1189 49 29 att
663 1188 53 31 för
740 1186 219 32 Stockholms
984 1186 96 31 stads
1103 1184 258 32 vederbörande
1384 1183 259 41 myndigheters

134 1232 56 31 del
224 1233 93 29 möta
350 1232 105 40 något
484 1230 185 31 motstånd.
714 1229 76 32 Vad
812 1229 163 31 beträffar
997 1226 484 43 Djurgårdskommissionens
1504 1225 139 31 invänd-

134 1274 83 41 ning
241 1274 176 40 angående
441 1271 405 43 avloppsförhållandena
868 1271 61 31 har
951 1269 362 42 byggnadsstyrelsen,
1330 1268 78 31 med
1424 1268 219 41 åberopande

135 1328 40 20 av
209 1327 41 20 en
285 1327 41 20 av
361 1316 220 31 Stockholms
616 1314 95 32 stads
735 1314 208 41 gatukontor
965 1313 99 41 gjord
1086 1311 186 40 utredning
1294 1311 12 31 i
1328 1311 117 40 frågan
1468 1309 49 42 (se
1540 1309 102 41 Bil)"

135 1359 135 37 hävdat,
295 1360 50 29 att
378 1358 263 41 avloppsfrågan
674 1357 53 31 för
760 1356 154 32 området
937 1358 84 28 utan
1045 1356 109 30 större
1179 1353 171 41 svårighet
1372 1353 68 30 läte
1464 1352 53 41 sig
1539 1352 103 31 lösas.

188 1401 68 31 För
291 1411 84 30 egen
409 1400 56 31 del
488 1401 62 30 har
570 1400 66 40 jag,
661 1399 85 31 efter
769 1400 50 29 att
841 1398 11 31 i
875 1398 117 40 frågan
1015 1397 87 31 hava
1123 1396 171 31 inhämtat
1316 1395 138 31 chefens
1477 1395 54 30 för
1553 1394 90 31 kom-

135 1442 512 41 munikationsdepartementet
674 1440 147 41 mening,
838 1440 144 31 kommit
1005 1439 53 30 till
1082 1439 66 31 den
1164 1437 275 42 uppfattningen,
1457 1439 50 28 att
1529 1438 113 38 någon

135 1496 113 20 annan
271 1484 143 41 lämplig
436 1484 92 41 plats
552 1484 53 31 för
628 1483 65 31 den
716 1482 162 31 blivande
901 1480 315 42 marinbyggnaden
1240 1481 42 29 än
1306 1480 67 30 den
1396 1490 40 19 av
1451 1478 192 41 byggnads-

136 1527 169 41 styrelsen
328 1527 194 40 föreslagna
545 1525 206 42 näppeligen
776 1526 70 30 står
868 1524 53 31 till
943 1523 101 32 buds.
1083 1523 120 31 Under
1220 1521 232 41 övervägande
1469 1521 61 30 har
1545 1520 96 37 varit,

134 1568 171 32 huruvida
338 1568 73 31 icke
445 1568 315 41 marinbyggnaden
796 1566 110 31 skulle
932 1567 117 30 kunna
1071 1565 170 40 förläggas
1265 1564 53 30 till
1341 1564 58 30 det
1421 1563 147 41 tidigare
1591 1562 52 31 för

135 1610 374 43 flygmyndigheternas
546 1609 159 42 byggnad
739 1609 193 40 föreslagna
965 1608 171 31 kvarteret
1169 1606 264 40 Kasernberget.
1480 1605 69 31 Det
1582 1605 62 30 har

136 1653 192 32 emellertid
361 1653 89 31 visat
483 1652 62 41 sig,
570 1654 50 29 att
652 1651 149 32 nämnda
833 1651 135 31 kvarter
1002 1652 37 28 är
1069 1661 41 19 av
1132 1649 114 31 alltför
1268 1648 85 31 liten
1376 1647 120 42 ytvidd
1519 1647 53 30 för
1595 1648 49 29 att

136 1696 156 41 medgiva
326 1695 215 41 uppförande
576 1706 40 19 av
650 1705 40 20 en
717 1694 159 40 byggnad
899 1704 40 20 av
963 1692 66 31 den
1054 1690 306 42 storleksordning,
1384 1701 116 20 varom
1523 1689 63 31 här
1608 1691 37 28 är

135 1739 101 40 fråga,
248 1738 141 30 särskilt
405 1748 74 21 som
497 1748 41 20 en
557 1737 54 31 del
629 1747 39 20 av
684 1737 170 30 kvarteret
870 1746 40 20 av
922 1733 466 42 Djurgårdskommissionen
1405 1732 170 41 upplåtits
1592 1731 52 31 till

136 1780 181 41 nyttjande
340 1781 53 30 för
416 1791 41 19 en
480 1779 257 31 bensinstation
764 1778 110 31 under
897 1780 48 28 ett
968 1777 109 31 flertal
1101 1779 36 28 år
1159 1777 131 30 framåt.
1336 1775 129 31 Härtill
1481 1775 161 35 kommer,

136 1824 50 29 att
209 1822 163 38 området,
390 1824 44 39 på
457 1824 69 29 sätt
549 1821 120 31 chefen
692 1821 52 30 för
766 1819 275 32 försvarsstaben
1058 1819 11 30 i
1086 1819 141 31 ärendet
1242 1818 121 36 anfört,
1380 1828 40 19 ur
1436 1815 208 42 luftskydds-

137 1865 176 40 synpunkt
347 1867 36 28 är
416 1864 133 31 mindre
583 1863 156 41 lämpligt
772 1863 144 40 beläget.
962 1862 55 30 Då
1044 1861 58 31 det
1125 1872 40 19 av
1187 1859 351 42 byggnadsstyrelsen
1561 1858 84 30 före-

137 1907 118 39 slagna
289 1906 155 31 området
466 1906 94 31 invid
584 1905 265 40 Valhallavägen
874 1904 64 30 och
962 1905 94 29 öster
1079 1914 55 19 om
1157 1903 214 38 Värtavägen
1394 1901 11 30 1
1429 1900 64 31 och
1516 1901 53 30 för
1593 1900 52 40 sig

136 1951 109 28 måste
277 1950 99 38 sägas
399 1959 79 19 vara
501 1947 219 42 synnerligen
743 1946 157 41 lämpligt
923 1945 52 31 för
999 1956 42 19 en
1064 1944 160 41 byggnad
1247 1955 40 19 av
1311 1943 65 31 den
1400 1944 61 35 art,
1486 1953 74 20 som
1584 1942 61 30 här

137 2001 107 26 avses,
261 1990 85 31 böra
369 1989 115 32 därför
507 1990 107 40 enligt
637 1989 70 30 min
730 1989 139 40 mening
892 1987 41 31 de
956 1986 277 40 betänkligheter
1257 1987 91 29 emot
1372 1996 41 20 en
1429 1984 216 40 förläggning

137 2033 60 36 dit,
215 2043 75 20 som
314 2043 41 20 av
377 2030 466 43 Djurgårdskommissionen
871 2030 141 36 anförts,
1037 2029 10 30 i
1071 2028 225 31 betraktande
1320 2038 39 19 av
1375 2026 64 31 vad
1454 2026 191 41 byggnads-

138 2075 170 39 styrelsen
343 2074 154 31 däremot
520 2074 151 41 genmält
693 2073 74 31 icke
791 2073 33 30 få
847 2074 52 29 stå
921 2071 194 31 hindrande
1139 2071 11 30 i
1173 2072 106 39 vägen
1303 2070 52 30 för
1378 2080 40 19 en
1442 2068 140 41 lösning
1605 2079 39 19 av

136 2118 118 38 frågan
278 2117 11 30 i
314 2116 151 41 enlighet
491 2116 77 31 med
593 2114 368 42 byggnadsstyrelsens
985 2113 136 40 förslag.
1167 2112 66 41 Jag
1255 2112 86 30 villi
1358 2111 201 38 anslutning
1575 2110 70 30 där-

137 2159 52 31 till
222 2159 187 37 framhålla,
434 2160 50 29 att
514 2170 41 19 en
580 2158 137 40 lösning
740 2158 86 30 efter
848 2156 106 31 andra
977 2156 102 40 linjer
1102 2155 109 30 skulle
1235 2156 162 38 äventyra
1420 2153 225 40 möjligheten

137 2203 50 28 att
220 2201 33 30 få
289 2200 413 41 marinmyndigheternas
735 2199 206 41 nybyggnad
976 2197 216 40 färdigställd
1219 2197 10 30 i
1257 2196 51 30 tid
1331 2197 71 29 före
1426 2195 66 30 den
1519 2197 10 28 1
1559 2194 86 41 april

139 2244 91 36 1941,
254 2244 105 37 något
383 2254 73 19 som
481 2243 107 37 enligt
611 2242 69 30 min
704 2241 139 40 mening
866 2240 109 31 skulle
998 2251 79 19 vara
1101 2238 217 41 synnerligen
1342 2237 199 39 betänkligt.
1580 2236 66 40 Jag

137 2285 110 29 finner
281 2284 69 40 mig
381 2284 133 31 således
538 2284 84 30 böra
645 2283 181 40 tillstyrka,
851 2284 50 28 att
924 2282 67 30 den
1015 2281 193 39 föreslagna
1231 2279 250 41 nybyggnaden
1505 2279 53 29 för
1581 2289 64 19 ma-

137 2326 118 30 rinens
279 2326 240 40 myndigheter
542 2326 170 38 förlägges
737 2325 52 29 till
813 2324 57 30 det
893 2334 40 19 av
956 2322 350 41 byggnadsstyrelsen
1331 2321 144 39 angivna
1491 2320 154 30 området

138 2379 80 19 norr
242 2379 55 18 om
321 2367 275 40 Valhallavägen.
629 2367 67 30 Det
720 2367 88 29 lärer
831 2365 194 31 sedermera
1047 2365 84 29 böra
1148 2364 180 30 ankomma
1344 2365 43 38 på
1403 2362 127 39 Kungl.
1547 2361 99 40 Maj:t

138 2411 50 29 att
216 2410 86 30 efter
325 2421 39 19 av
388 2408 256 32 vederbörande
667 2408 240 41 myndigheter
929 2408 176 37 företagna
1128 2405 197 41 ytterligare
1349 2403 297 39 undersökningar

139 2453 155 29 närmare
318 2452 190 30 bestämma
531 2451 223 40 byggnadens
778 2450 91 41 plats
891 2449 92 31 inom
1008 2448 148 31 nämnda
1179 2447 147 31 område.

189 2537 18 31 1)
229 2538 57 23 Här
307 2538 24 30 ej
354 2538 127 29 intagen.
