2165 2664
710 221 252 33 Statsutskottets
994 223 171 32 Utlåtande
1189 225 61 31 N:o
1274 225 27 30 5.
1753 227 18 30 5

983 372 69 37 5:0.

641 457 199 49 Angdende
868 458 127 36 Kinda
1024 460 128 35 kanals
1182 460 208 49 aktiebolag.

758 526 104 50 (Rev.
894 526 75 38 ber.
1001 527 70 38 sid.
1102 530 178 50 80—383.)

352 629 110 37 Efter
491 630 64 37 det
584 631 260 37 revisorernas
869 632 205 37 berättelse
1103 634 134 49 afgafs,
1267 635 69 36 har
1364 635 101 37 detta
1494 635 114 50 bolag
1631 636 12 36 i
1664 637 149 36 decem-

225 683 65 36 ber
333 682 136 37 månad
512 683 39 36 af
589 683 191 38 nästlidne
823 688 39 33 år
897 684 58 37 till
988 685 376 49 riksgäldskontoret
1398 687 160 38 inbetalt
1592 689 221 37 återstoden

225 737 113 45 9,704
371 733 141 39 kronor
547 738 46 35 80
627 741 64 32 öre
721 737 41 36 af
788 738 96 35 1882
915 740 59 34 års
1002 739 173 37 annuitet
1203 740 70 36 och
1302 739 11 37 i
1342 740 206 50 afräkning
1577 745 20 33 å&
1629 743 95 36 1883
1754 745 59 34 års

224 787 175 37 annuitet
431 790 136 46 12,170
596 788 141 37 kronor
765 792 48 34 20
839 794 74 32 öre.
1723 836 4 8 .

352 840 184 48 Bolagets
571 841 112 37 skuld
716 841 65 36 vid
818 844 94 35 1886
940 845 59 33 års
1029 843 78 36 slut
1134 844 177 49 utgjorde
1340 844 166 37 derefter
1534 847 163 46 359,692
1728 846 86 37 kro-

223 905 70 23 nor
322 893 20 35 5
374 897 76 44 öre,
481 893 67 36 allt
575 894 158 49 kapital,
763 894 139 37 hvaraf
929 897 133 46 75,329
1088 896 142 37 kronor
1259 898 46 35 80
1336 902 63 32 öre
1427 912 93 22 voro
1540 898 56 36 till
1614 898 199 50 betalning

223 944 186 37 förfallna.

987 1072 70 34 6:0.

316 1154 199 48 Angående
550 1150 526 63 Uddevalla—Venersborg—
1099 1150 216 63 Herrljunga
1337 1160 383 49 jernvägsaktiebolag.

733 1224 103 50 (Rev.
867 1226 78 38 ber.
976 1227 69 37 sid.
1080 1228 225 48 128—133).

353 1328 199 37 Utskottet
593 1328 69 37 har
697 1329 200 48 inhemtat,
940 1336 56 32 att
1034 1332 43 36 af
1113 1332 72 37 den
1220 1333 63 36 vid
1314 1335 97 35 1886
1442 1336 59 34 års
1531 1334 75 36 slut
1635 1334 175 38 förfallna

223 1380 176 37 annuitet
440 1382 163 46 162,000
636 1381 141 37 kronor
806 1386 20 33 å
860 1383 176 49 bolagets
1073 1385 159 37 statslån
1263 1386 137 36 endast
1430 1388 136 46 62,000
1596 1387 141 37 kronor
1765 1388 47 36 då

222 1432 197 46 inbetalts;
450 1433 199 36 hvaremot
677 1436 240 36 återstående
950 1438 161 47 100,000
1141 1437 140 37 kronor
1299 1439 119 48 jemte
1439 1439 229 40 förskrifven
1688 1439 123 38 öfver-

222 1489 111 33 ränta
361 1490 100 32 ännu
491 1491 63 31 äro
584 1486 178 48 oguldna.

983 1614 69 34 1T:0.

557 1696 198 48 Angående
782 1697 286 50 Bergslagernas
1090 1699 385 50 jernvägsaktiebolag.

300 1764 104 48 (Rev.
432 1764 77 37 ber.
540 1764 70 37 sid.
644 1768 210 35 140—149.
911 1768 76 37 Utl.
1014 1768 68 37 sid.
1114 1771 72 34 233
1217 1782 31 23 o.
1275 1771 74 34 234
1378 1773 99 32 samt
1506 1771 230 44 238—244).

348 1868 177 36 Nämnda
560 1869 114 49 bolag
708 1870 69 37 har
804 1871 212 49 behörigen
1044 1872 125 49 guldit
1196 1877 108 32 ränta
1334 1872 70 37 och
1433 1873 237 49 amortering
1697 1876 21 34 å
1746 1874 66 36 sitt

220 1920 58 36 för
302 1920 480 51 jernvägsanläggningen
812 1924 137 36 mellan
979 1924 175 37 Ludvika
1184 1925 70 36 och
1285 1924 90 37 Kibl
1401 1925 180 48 erhållna,
1602 1926 84 36 med
1702 1926 110 36 bästa

219 1977 76 31 rätt
319 1973 13 35 i
360 1973 176 48 bolagets
566 1974 84 36 hela
679 1975 166 50 jernväg
872 1976 83 36 från
984 1976 121 37 Falun
1134 1977 57 36 till
1221 1976 198 50 Göteborg
1447 1978 84 36 med
1561 1977 138 38 bibana
1728 1978 83 36 från

219 2024 196 49 Daglösen
453 2025 57 36 till
551 2026 189 50 Filipstad
773 2028 230 37 intecknade
1044 2029 160 36 statslån
1231 2032 19 34 å
1279 2030 298 49 ursprungligen
1609 2032 202 46 5,000,000

219 2077 151 36 kronor.
427 2077 108 37 Efter
563 2080 73 35 den
666 2082 19 33 å
714 2080 104 36 detta
847 2080 61 36 lån
932 2081 72 36 den
1035 2083 48 34 30
1108 2081 201 37 december
1331 2084 96 35 1886
1445 2088 130 31 senast
1590 2083 222 36 verkstälda

218 2129 243 49 inbetalning
489 2130 57 36 till
572 2131 375 48 riksgäldskontoret
975 2133 42 36 af
1041 2135 164 46 275,000
1226 2135 140 35 kronor
1388 2137 160 34 återstår
1565 2138 20 34 å
1601 2135 210 37 detsamma

220 2194 47 23 en
295 2181 259 50 kapitalskuld
585 2184 42 35 af
651 2186 203 46 4,801,180
883 2185 141 36 kronor
1053 2188 46 34 36
1130 2191 76 32 öre.

349 2235 52 35 Af
437 2234 46 36 de
525 2235 173 50 bolagets
731 2239 18 33 5
780 2244 157 42 procent
971 2238 255 48 obligationer
1255 2242 20 33 å
1304 2240 282 48 sammanlagdt
1627 2240 184 36 mnominelt

220 2287 203 47 6,753,600
453 2287 152 49 kronor,
636 2288 131 37 hvilka
795 2289 375 49 riksgäldskontoret
1197 2291 121 48 enligt
1348 2293 96 34 1878
1462 2295 59 32 års
1551 2292 179 47 riksdags
1746 2292 64 36 be-

219 2338 78 36 slut
330 2338 56 36 till
421 2352 47 23 en
497 2339 89 37 kurs
616 2340 42 36 af
683 2342 46 35 90
759 2347 159 43 procent
947 2342 144 50 inköpt,
1122 2345 140 35 återstå
1286 2343 58 37 för
1372 2344 63 36 det
1463 2344 239 37 närvarande
1731 2344 80 36 oin-

218 2390 100 36 lösta
347 2391 254 49 obligationer
626 2395 20 33 å
676 2395 202 46 6,291,000
907 2394 153 48 kronor,
1090 2395 110 36 deraf
1225 2397 137 46 94,500
1392 2396 150 48 kronor,
1577 2397 96 35 efter
1700 2396 112 37 verk-
