2200 2632
454 158 17 30 6
600 158 111 30 Andra
736 153 205 35 Kammarens
969 157 176 42 Tillfälliga
1174 158 133 30 Utskotts
1330 157 78 41 (N:o
1431 158 37 40 3)
1496 158 165 30 Utlåtande
1685 159 64 31 N:o
1772 159 56 31 26.

412 250 77 30 mot
528 245 61 36 det
629 250 56 31 att
725 259 131 35 egaren
897 245 135 36 undfår
1063 246 206 48 ersättning
1299 245 39 36 af
1362 247 182 34 allmänna
1572 246 117 36 medel
1718 248 57 34 till
1803 252 52 31 ett
1883 248 133 48 belopp

411 296 256 35 motsvarande
709 296 139 47 djurets
889 296 124 35 halfva
1052 296 121 44 värde,
1215 299 39 33 så
1285 309 83 35 eger
1398 296 128 49 Kongl.
1556 297 125 48 Maj:ts
1709 297 306 49 befallningshaf-

411 346 129 44 vande,
580 354 67 28 när
688 348 77 34 skäl
805 347 123 35 dertill
969 346 206 44 förefinnes,
1218 346 173 37 förordna
1431 360 59 22 om
1531 348 142 47 djurets
1715 348 196 48 värdering
1951 350 64 34 och

410 397 178 35 dödande.

545 447 50 36 På
621 448 124 48 grund
772 447 38 36 af
835 448 276 36 bestämmelsen
1139 450 12 34 i
1179 447 23 45 $
1235 451 14 33 1
1282 462 106 21 mom.
1420 450 20 33 2
1469 449 12 34 i
1501 450 65 34 här
1584 449 109 35 ofvan
1714 450 158 35 nämnda
1891 450 123 47 kongl.

411 498 266 48 förordningen
717 498 70 36 den
829 501 43 33 23
903 499 205 47 september
1139 501 107 42 1887,
1276 499 185 36 bestämde
1490 499 131 48 Kongl.
1651 499 105 47 Maj:t
1786 497 70 48 1:0)
1883 513 132 35 genom

412 549 123 48 kongl.
564 550 247 47 kungörelsen
838 549 70 35 den
938 551 45 33 23
1012 550 151 35 oktober
1195 551 106 42 1887,
1329 555 55 30 att
1414 547 36 47 4)
1478 551 155 46 svinpest
1652 552 109 34 också
1780 551 90 35 skall
1885 552 132 35 räknas

411 599 111 35 bland
564 600 43 35 de
647 600 266 35 smittosamma
946 600 395 47 husdjurssjukdomar,
1370 601 125 35 hvilka
1521 601 168 47 gällande
1717 601 262 47 författningar
2006 602 11 34 i

412 650 152 36 ärendet
591 649 88 45 afse,
708 651 64 34 och
803 649 72 46 2:0)
903 663 133 35 genom
1063 652 122 47 kongl.
1215 652 245 47 kungörelsen
1487 651 12 35 i
1528 656 123 31 ämnet
1679 652 71 35 den
1780 654 19 33 3
1819 653 198 35 november

414 702 94 34 1887
541 701 288 48 bemyndigades
857 701 377 49 medicinalstyrelsen
1266 707 68 30 »att
1360 702 31 47 ej
1422 702 153 43 mindre,
1609 702 65 35 der
1706 704 179 47 styrelsen
1913 716 106 23 anser

411 751 132 36 sådant
574 751 245 49 erforderligt,
851 751 177 36 förordna
1059 765 57 22 om
1144 752 259 47 nedslagtning
1431 752 39 36 af
1495 753 79 35 svin
1602 756 20 31 å
1650 753 169 36 smittadt
1846 754 88 35 eller
1961 753 56 36 för

411 803 126 34 smitta
576 803 196 35 misstänkt
812 804 104 34 ställe
958 807 76 31 mot
1061 803 208 47 ersättning
1296 804 53 34 till
1377 803 220 48 djuregaren
1625 802 40 36 af
1689 804 182 35 allmänna
1900 804 117 36 medel

412 852 84 36 med
524 853 141 47 djurets
693 852 93 36 fulla
812 853 121 43 värde,
963 860 43 28 än
1036 854 65 35 ock
1127 854 150 46 vidtaga
1303 854 69 35 alla
1399 854 114 35 andra
1536 853 184 46 åtgärder,
1740 867 76 22 som
1836 856 181 47 styrelsen

410 904 120 34 finner
554 903 136 48 nödiga
717 903 56 36 för
800 904 235 47 sjukdomens
1062 904 218 35 hämmande
1307 905 88 35 eller
1421 904 276 49 förebyggande
1726 904 39 35 af
1788 904 80 36 dess
1892 905 125 36 vidare

413 953 250 49 utbredning»,
709 954 80 36 med
817 954 80 36 stöd
927 954 40 35 af
991 955 138 35 hvilket
1157 955 297 48 bemyndigande
1482 955 376 49 medicinalstyrelsen
1885 968 132 35 genom

411 1005 64 35 sitt
502 1005 157 35 cirkulär
687 1006 58 34 till
773 1005 111 35 rikets
913 1006 222 35 veterinärer
1163 1005 71 36 den
1263 1009 19 32 5
1308 1006 192 35 december
1526 1007 93 34 1887
1640 1005 182 36 föreskref
1838 1006 180 48 behöfliga

412 1054 387 37 desinfektionsmedel
839 1056 65 35 och
946 1055 121 49 angaf,
1109 1061 55 30 att
1197 1056 105 36 dessa
1329 1056 387 36 desinfektionsmedel
1744 1057 115 35 skulle
1888 1056 39 35 af
1950 1058 67 34 all-

412 1113 134 28 männa
587 1106 118 35 medel
746 1107 147 35 betalas.
948 1105 78 37 Och
1067 1110 44 44 på
1150 1107 125 48 grund
1306 1106 40 36 af
1371 1107 275 35 bestämmelsen
1676 1107 13 34 i
1717 1106 22 44 $
1771 1110 15 32 1
1817 1120 108 22 mom.
1957 1109 19 33 2
2006 1108 12 34 i

412 1157 122 48 kongl.
576 1158 244 45 kungörelsen
851 1157 71 36 den
959 1160 15 32 1
1006 1158 69 47 maj
1108 1159 95 34 1885
1233 1158 65 35 har
1326 1157 129 47 Kongl.
1485 1157 102 47 Maj:t
1613 1170 133 36 genom
1774 1159 243 44 kungörelsen

412 1207 71 36 den
515 1210 39 32 11
587 1220 96 23 mars
716 1210 92 33 1898
836 1208 142 35 likstält
1005 1205 37 47 5)
1070 1208 70 36 den
1163 1209 13 34 i
1204 1208 106 36 södra
1336 1208 130 36 Afrika
1493 1208 297 36 förekommande
1809 1209 208 47 pestartade

411 1258 217 46 sjukdomen
656 1258 111 35 bland
795 1259 260 35 nötkreaturen
1084 1259 81 35 med
1194 1259 249 47 boskapspest.

549 1309 194 35 Dessutom
771 1309 63 35 har
862 1310 182 35 utskottet
1069 1322 134 35 genom
1231 1309 185 48 förfrågan
1446 1310 65 35 hos
1533 1309 272 36 vederbörande
1824 1310 192 44 inhemtat,

411 1364 56 30 att
505 1359 44 36 de
590 1359 59 36 vid
691 1359 265 47 bekämpandet
989 1360 40 35 af
1058 1360 116 35 under
1201 1363 40 32 år
1271 1362 92 34 1897
1393 1361 12 34 i
1435 1360 143 48 Upland
1606 1360 177 35 utbruten
1812 1360 205 36 smittosam

413 1411 97 34 mul-
550 1410 65 35 och
656 1409 185 49 klöfsjuka
872 1410 193 36 anbefalda
1096 1410 410 36 desinfektionsmedlen
1535 1410 189 36 äfvensom
1753 1410 42 36 de
1823 1410 56 36 för
1906 1411 112 48 sagda

413 1461 168 35 ändamål
614 1460 94 36 efter
739 1460 189 36 föreskrift
956 1461 234 48 nedslagtade
1217 1461 132 48 djuren
1376 1461 207 48 godtgjorts
1611 1461 40 35 af
1675 1462 182 34 allmänna
1885 1461 130 36 medel.

203 1518 83 40 Inom
311 1517 92 27 landet
550 1511 13 35 I
590 1511 106 48 fråga
723 1524 59 22 om
809 1511 44 35 de
880 1512 11 34 i
919 1511 312 49 författningarna
1259 1512 240 35 omhandlade
1527 1513 269 35 smittosamma
1823 1512 194 47 husdjurs-

219 1547 98 75 mlende
336 1547 52 75 full
415 1562 278 47 sjukdomarnas
722 1561 199 37 förekomst
949 1562 67 35 och
1045 1563 192 47 spridning
1264 1563 97 35 inom
1389 1562 126 36 landet
1542 1563 64 35 har
1626 1563 180 35 utskottet
1823 1563 193 43 inhemtat,

224 1618 38 34 af
276 1619 105 26 smitto-
414 1617 57 31 att
511 1613 239 47 boskapspest
789 1612 118 48 aldrig
947 1612 235 36 förekommit
1222 1614 12 34 i
1274 1617 80 32 vårt
1393 1612 100 44 land,
1526 1618 54 30 att
1607 1613 186 36 elakartad
1820 1613 198 48 lungsjuka

209 1648 29 76 MS
247 1648 147 76 furssjuk
414 1664 80 34 icke
534 1663 234 35 förekommit
800 1663 109 35 sedan
937 1666 40 32 år
1007 1665 104 42 1856,
1141 1669 55 30 att
1225 1669 73 30 rots
1324 1665 87 34 eller
1439 1664 205 48 springorm
1672 1663 235 36 förekommit
1935 1663 82 35 med

248 1720 102 26 domar.
415 1716 20 33 3
465 1713 66 36 fall
559 1717 38 32 år
628 1716 108 40 1891,
764 1714 92 34 intet
883 1713 63 36 fall
979 1716 91 33 1892
1099 1715 64 34 och
1197 1717 16 32 1
1245 1714 63 36 fall
1337 1715 117 35 under
1481 1714 193 36 hvartdera
1702 1714 39 35 af
1765 1717 83 32 åren
1871 1716 146 34 1893—

415 1766 112 40 1896;
556 1763 58 37 för
644 1766 94 33 1897
769 1764 64 35 har
860 1771 98 28 ännu
986 1765 77 35 icke
1092 1764 147 49 uppgift
1267 1765 177 43 erhållits;
1473 1765 138 47 koppor
1634 1765 66 35 hos
1727 1764 66 44 får,
1819 1765 112 35 skabb
1952 1765 65 35 hos

412 1814 69 44 får,
510 1815 186 35 elakartad
724 1813 180 49 klöfsjuka
932 1815 65 35 hos
1024 1814 55 36 får
1106 1815 66 35 och
1200 1820 121 43 getter
1347 1816 65 35 och
1442 1816 235 35 vattuskräck
1696 1814 108 36 hafva
1822 1816 78 35 icke
1919 1814 97 36 före-

413 1865 156 35 kommit
597 1865 117 36 under
740 1869 111 45 något
877 1865 41 35 af
943 1869 86 32 åren
1060 1868 256 41 1891—1895,
1345 1866 61 35 det
1435 1872 142 29 senaste
1605 1869 50 40 år,
1677 1865 59 36 för
1755 1865 138 36 hvilket
1913 1866 103 35 stati-

412 1916 120 35 stiken
572 1916 94 35 varit
706 1915 58 36 för
804 1917 177 34 utskottet
1020 1917 219 47 tillgänglig.
1294 1916 51 35 Af
1382 1917 202 35 smittosam
1618 1917 96 34 mul-
1742 1916 65 36 och
1835 1915 182 48 klöfsjuka

412 1966 223 35 förekommo
672 1970 41 31 år
743 1968 92 34 1892
864 1967 98 35 inom
992 1966 200 37 Malmöhus
1220 1968 60 35 län
1307 1967 31 47 ej
1368 1966 144 36 mindre
1540 1974 45 28 än
1618 1968 105 43 1,278
1752 1966 62 36 fall
1842 1967 63 35 hos
1934 1971 82 31 nöt-

412 2018 159 42 kreatur,
602 2019 68 33 521
702 2017 64 35 fall
795 2017 62 36 hos
884 2017 57 36 får
968 2018 65 35 och
1063 2019 70 34 790
1160 2017 66 35 fall
1255 2018 63 35 hos
1345 2018 92 43 svin,
1466 2017 12 35 1
1505 2017 158 35 Halland
1693 2019 46 34 54
1768 2017 63 35 fall
1855 2017 66 35 hos
1941 2022 73 39 nöt,

414 2070 19 33 6
476 2067 65 36 fall
580 2067 64 35 hos
685 2067 57 36 får
781 2068 65 35 och
879 2071 19 32 5
931 2067 62 36 fall
1022 2068 62 35 hos
1111 2069 97 42 svin;
1238 2072 40 31 år
1308 2070 91 34 1893
1429 2067 227 36 förekommo
1684 2068 12 35 1
1724 2068 204 35 Malmöhus
1955 2068 60 35 län

413 2121 44 32 51
495 2117 63 36 fall
590 2118 63 35 hos
680 2123 76 38 nöt,
788 2120 43 34 45
860 2118 63 35 fall
953 2118 63 36 hos
1043 2118 56 36 får
1125 2119 68 35 och
1223 2121 47 33 40
1298 2118 63 36 fall
1390 2119 64 35 hos
1482 2120 98 42 svin;
1609 2118 119 36 under
1755 2122 85 32 åren
1870 2120 144 34 1894—

416 2170 95 35 1896
545 2168 163 36 förekom
740 2169 93 35 intet
864 2169 83 42 fall;
976 2172 40 32 år
1046 2171 91 34 1897
1167 2169 160 36 infördes
1354 2169 219 47 sjukdomen
1599 2182 133 34 genom
1760 2182 42 22 en
1830 2169 76 46 tjur
1934 2168 80 36 från

413 2219 162 36 Holland
602 2219 54 35 hit
683 2219 57 35 till
767 2220 93 35 riket
886 2220 66 35 och
983 2219 202 48 uppträdde
1213 2223 20 32 å
1261 2232 42 23 en
1331 2220 178 46 egendom
1538 2221 12 33 i
1578 2219 157 49 Upland,
1764 2219 161 36 derifrån
1945 2219 69 36 den
