1840 2768
369 149 398 51 Trédje”lagutskottets
782 149 180 51 uttåtdnde
983 156 43 30 nr
1047 155 48 31 10:
1108 155 40 30 år
1159 153 94 32 1964
1536 153 20 30 Hå

73 243 83 39 ning
170 239 495 60 reglerarrättsförhållandet
683 243 127 31 mellan
823 244 163 30 'enskilda
1002 244 72 29 kan
1084 241 243 39 ifrågasättas,
1345 241 56 31 om
1419 241 31 37 ej
1472 241 82 29 kon-

73 288 151 31 trollen
209 281 17 51 i
240 288 198 38 tillräcklig.
445 289 84 39 grad
547 289 157 35 kommer
722 290 50 29 att
789 288 227 37 omhesörjas
1017 297 54 23 av.
1083 287 303 38 parterna.själva.
1404 286 13 29 I
1437 285 37 31 så
1493 285 61 38 fall

74 333 124 35 kunde.
210 333 187 37 styrelsens
417 330 223 42 verksamhet
654 333 99 30 inom
774 332 352 50 virkesmätningens.
1133 332 144 44 område
1294 331 187 38 begränsas
1502 321 51 39 till

74 372 228 45 utarbetande
321 386 41 21 av
382 372 178 45 allmänna
579 365 416 66 mätningsföreskrifter.
998 371 61 58 och
1075 374 18 58 i
1073 386 21 29 i
1105 372 80 43 viss
1203 372 246 58 utsträckning
1470 372 85 40 upp-

75 410 37 75 ly
111 422 101 57 sning
231 414 64 53 och
315 407 280 76 undervisning.
683 423 11 7 ”

76 509 12 5 ”
119 469 446 68 Skogsvårdsutredningen
578 464 120 70 va.
698 460 56 80 år
764 465 83 72 1958
865 461 69 80 sitt.
942 464 292 69 slutbetänkande
1256 465 104 61 (SoU
1376 490 99 30 1958:
1470 454 89 70 30).

72 545 10 30 i
100 545 116 44 vilket
243 545 137 44 frågan
392 555 56 32 om
476 530 303 64 organisationen.
788 556 53 34 av.
855 528 572 75 virkesmätningsverksamheten.
1448 542 110 32 likväl

74 588 78 42 icke
168 587 147 51 upptogs
334 599 51 30 till
405 599 247 44 behandling,
638 595 17 52 .
931 623 26 7 äd
968 623 8 16 &

82 653 63 44 Ne
143 642 120 53 -beslut
282 652 68 32 den
367 654 41 42 21
427 652 163 45 oktober:
587 637 98 60 1960.
700 623 158 74 uppdrog
878 623 125 74 Kungl
1016 621 97 66 Maj
1119 623 21 59 j
1152 624 35 58 ät
1207 621 273 67 Skogstiyrelien
1493 623 61 72 att

71 723 52 12 —
132 692 80 57 med
228 690 264 60 utgångspunkt
512 705 90 42 från.
606 693 70 53 vad
696 706 11 30 i
725 715 89 35 ovan
833 690 156 62 berörda.
999 694 337 55 utskottsutlåtande
1357 701 135 32 anförts
1511 719 47 4 —

72 734 188 68 verkställa
279 760 147 37 översyn
445 768 55 38 av:
490 748 186 58 ;gällande.
685 739 270 68 bestämmelser.
968 740 77 48 och.
1052 757 236 39 prganisation
1309 756 95 47 inom
1417 755 138 31 .virkes-

73 813 222 41 mätningens
319 797 156 59 område.
490 798 127 55 Enligt
636 799 105 57 årets.
758 797 410 64 statsverksproposition
1201 810 73 35 (bil.
1303 808 139 38 11,.sid.
1467 798 82 42 192)

73 860 172 53 beräknas
265 848 233 63 utredningen
514 851 57 57 bli.
581 855 151 53 slutförd
753 850 244 61 innevarande.
1007 854 110 40 höst...

557 942 102 10 sas

602 953 4 7 x

199 1000 48 6 oo
372 1006 5 5 :
470 1003 2 3 :
721 992 179 31 "Utskottet

84 1015 155 67 -sEnligt
257 1001 418 85 virkesinättiingslagoti,
687 1040 351 35 som”har:karaktär
1058 1049 41 26 av
1121 1005 257 81 Nillmäaktslag,
1394 1044 82 37 äger
1495 1043 65 29 Ko-

75 1100 155 35 nungen
232 1098 52 30 "då
298 1096 180 32 särskilda
501 1098 137 30 skäl-är
649 1099 127 29 därtill
800 1095 267 38 förordna;att
1074 1099 171 37 mätning
1254 1100 41 28 äv
1315 1098 98 30 virke
1435 1098 9 29 i
1468 1097 92 29 vissa

73 1150 62 31 fall
160 1151 88 30 skall
273 1151 136 31 utföras
433 1152 172 38 enligt"
570 1140 43 55 av
636 1140 173 55 Konungen
825 1163 1 19 :
849 1148 82 35 eller
936 1146 505 44 'skogsstyrelsen
1254 1140 187 55 utfärdade
1467 1144 89 37 före-

74 1204 153 31 skrifter.
247 1203 156 39 Mätning
422 1213 42 22 av
482 1202 99 33 virke
602 1206 163 30 omfattar
787 1206 106 37 enligt
912 1207 99 37 lagen
1032 1205 94 31 såväl
1146 1206 264 30 bestämmande
1429 1214 34 21 av
1482 1198 73 51 vir-

73 1256 76 31 kéts
160 1255 179 33 kvantitet
356 1263 75 25 som
449 1260 48 30 ett
513 1255 216 34 bedömaride
751 1269 38 20 av
807 1254 78 35 dess
902 1253 155 36 kvalitet.
1072 1254 131 35 Vidare
1222 1260 60 28 kan
1304 1259 49 30 bl.
1374 1263 28 25 a.
1422 1258 134 30 förord-

73 1307 64 34 ras
147 1312 58 29 att
215 1311 165 39 mätning
398 1312 87 30 skall
498 1312 142 30 utföras
659 1311 42 31 av
719 1308 246 34 auktoriserad
976 1313 137 29 mätare
1131 1313 82 29 eller
1232 1321 40 21 av
1292 1311 116 37 statlig
1425 1306 131 35 virkes-

73 1364 322 37 mätningsnämnd.
426 1361 253 34 Förordnande
705 1366 114 37 enligt
826 1366 412 37 virkésmätningslägen
1270 1365 71 30 Har
1354 1364 202 30 "meddelats

72 1425 124 30 genom
216 1426 41 22 en
277 1417 10 30 i
306 1418 203 37 anslutning
528 1418 52 30 till
603 1413 113 43 lagens
734 1418 285 30 ikraftträdande
1039 1418 166 30 utfärdad
1225 1418 217 37 kungörelse.
1461 1417 95 29 Jäm-

75 1471 65 30 likt
163 1470 112 30 deéhna
299 1471 215 37 kungörelse"
529 1471 89 30 skall
648 1472 163 36 mätning,
834 1474 73 27 sor
933 1471 221 30 avses”skola
1178 1471 86 37 ligga
1284 1462 57 38 till
1361 1465 116 42 grund
1503 1469 54 29 för

73 1524 264 30 bestämmande
363 1533 41 20 av
430 1524 167 37 vederlag:
617 1524 55 29 för
694 1523 116 36 virke,
828 1524 63 30 ske
909 1524 122 37 enligt
1055 1520 220 34 föreskrifter
1302 1523 185 30 utfärdade
1515 1531 42 21 av

74 1577 286 37 skogsstyrelsen:
384 1571 202 36 Detsamma
609 1578 107 36 gäller
729 1567 107 52 -virke
858 1577 84 30 från
963 1577 343 37 avverkningsrätter
1330 1576 193 30 avverkade
1546 1574 10 30 i

74 1631 177 36 köpareris
266 1630 69 37 regi
354 1625 110 35 avsett
483 1632 50 28 att
552 1630 178 30 användas
749 1631 10 29 i
784 1638 77 29 egen
871 1629 307 31 :verksarihet
1118 1621 62 51 för
1197 1630 173 36 förädling
1388 1638 42 20 av
1449 1629 107 33 virke,

74 1684 124 29 därest
219 1678 145 42 mätning
384 1678 180 36 erfordras
573 1683 63 30 för
654 1683 323 31 bestämmande-av
997 1683 246 37 avverknings-
1263 1683 82 29 eller
1365 1682 192 36 transport-

74 1737 150 29 kostnad
245 1737 82 29 eller
348 1737 145 29 därmed
510 1727 181 51 jämförlig
713 1736 159 33 kostnad.
895 1731 264 35 Förordnandet
1179 1736 168 29 omfattar
1368 1735 66 29 alla
1459 1734 99 30 sorti-

75 1786 95 34 ment
190 1792 44 27 av
253 1789 115 37 någon
391 1789 201 37 betydelse.”
606 1784 286 42 Skogsstyrelsen,
925 1793 61 26 som
1011 1790 135 37 genom"
1163 1785 230 41 kurtigörelsen
1416 1788 141 36 bemyn-

75 1843 112 37 digats
203 1843 54 29 att
267 1842 167 29 meddela
459 1843 170 28 härmare”
638 1833 221 51 föreskrifter
880 1842 177 37 angående
1078 1841 265 37 tillämphingen
1365 1850 42 20 av
1427 1840 130 29 virkes-

75 1890 288 42 mätnhingslagen,
378 1895 67 29 har
460 1895 132 36 jämväl
611 1894 134 38 tillagts
760 1896 68 29 rätt
846 1897 50 27 att
915 1889 118 42 medge
1051 1895 179 36 undantag
1248 1893 79 30 från
1346 1894 10 29 i
1374 1892 184 38 kungörel-

75 1951 63 28 sen
162 1945 141 40 intagnäå
328 1948 267 29 bestämmelser
617 1956 55 20 om
692 1949 58 28 'att
779 1948 156 35 mätning
962 1947 106 29 skäll”
1079 1946 149 30 utföras”
1241 1947 107 36 enligt
1373 1946 187 29 utfärdade

76 2001 220 30 föreskrifter
312 2001 64 29 och
392 2002 51 28 ått
458 2002 79 35 part
553 1997 83 40 äger
653 1995 160 42 påfordra
834 1995 239 34 auktoriseråd
1097 1996 162 39 mätning:

75 2049 296 35 ""I'motiöonerna
393 2050 203 32 frainhålles
617 2055 51 28 att
689 2053 232 37 skogsbruket
941 2048 117 34 under
1068 2057 127 26 senare
1216 2053 38 30 år
1277 2053 66 29 fått
1364 2053 195 29 vidkännas

76 2105 190 32 avsevärda
279 2104 244 39 höjningar'av
539 2100 239 35 kostnaderna
791 2106 54 29 för
859 2106 131 29 virkets
1005 2106 214 36 utdrivning,
1233 2106 107 30 vilket
1357 2105 203 29 framkallat

76 2163 48 28 ett
147 2155 113 35 stärkt
275 2149 101 50 behov
394 2161 41 27 äv
452 2153 280 42 rationalisétirnig
748 2159 43 36 på
812 2159 89 29 detta
922 2158 148 30 område.
1089 2159 67 29 Det
1169 2158 63 29 har
1249 2158 106 37 enligt
1372 2155 187 32 motionär-

76 2214 83 29 érna
179 2213 136 28 kunnat
338 2208 226 33 konståteras:
577 2213 48 27 att
647 2211 535 36 råtionaliseringssträvaåndena
1203 2211 23 28 i:
1234 2210 124 36 många
1381 2210 71 29 fall
1462 2207 98 32 häm-

77 2267 147 28 imats"av
240 2265 39 29 de
292 2264 189 36 tvingande
496 2257 309 35 bestämnrdserna
821 2266 61 26 om
895 2260 287 38 virkesmätning.
1200 2260 77 32 Stor
1295 2263 265 36 uppmärksam-

77 2320 58 29 het
152 2308 62 49 Kär
230 2315 13 31 i
257 2316 297 37 sammanharget
568 2316 185 36 ägnats
713 2308 40 49 de
772 2316 107 28 totala
899 2312 236 32 kostnaderna
1157 2315 59 29 för
1229 2315 331 37 virkesmätningen;

77 2367 94 34 vilka
185 2370 106 37 entigt
305 2369 259 29 motionärerna
579 2368 74 30 ofta
667 2368 90 29 visat
772 2368 50 37 sig
837 2369 153 28 oroande
1004 2368 107 36 höga.
1122 2368 48 29 En
1188 2368 235 36 uppläggning
1437 2376 44 21 av
1494 2367 67 29 vir-

78 2425 56 30 ket
152 2421 57 32 för
224 2418 323 40 kvalitetsniätning
567 2425 100 26 anses
689 2419 148 31 medföra
856 2416 172 34 särskilda
1042 2418 193 31 kostnåder
1253 2420 63 30 och
1336 2420 111 31 tillika
1466 2420 95 30 inne-

78 2478 89 29 bära
178 2477 55 29 ett
253 2475 78 29 icke
354 2475 177 29 önskvärt
545 2472 516 38 avbrott
702 2467 33 47 i:
743 2472 318 38 transportkedjan.
1087 2471 257 31 Motionärerna
1367 2472 119 30 finner
1505 2474 56 28 att
