1916 2836
290 163 39 30 18
650 161 314 31 Bankoutskottets
979 161 178 30 utlåtande
1171 170 43 20 nr
1229 161 40 29 19
1283 161 39 30 år
1338 160 83 31 1970

290 242 227 41 budgetering
538 243 66 30 blir
627 253 96 20 mera
745 243 227 30 målinriktad
996 244 44 29 än
1063 244 9 29 i
1096 243 203 30 nuvarande
1324 244 139 38 system.
1487 242 65 29 Det
1576 242 98 39 säges
1698 241 77 30 där-

289 298 58 30 vid
372 307 83 20 vara
480 307 41 20 av
546 298 113 34 värde,
688 298 140 30 särskilt
855 298 56 30 vid
940 298 109 40 själva
1075 298 201 29 införandet
1304 307 41 20 av
1371 296 402 41 programbudgetering,

291 361 55 20 om
371 352 206 30 alternativa
601 352 70 30 mål
696 352 64 29 och
783 353 167 39 budgeter
976 352 230 30 utarbetades.
1232 352 259 29 Motionärerna
1516 351 104 39 begär
1646 352 50 28 att
1724 350 52 29 så-

291 407 90 29 dana
414 407 226 29 »alternativa
670 406 499 40 programbudgetalternativ>
1204 406 89 29 skall
1323 406 188 29 utarbetas.

335 460 63 29 Det
421 460 116 30 arbete
557 460 80 30 med
660 462 45 28 ett
727 461 426 39 programbudgetsystem
1177 469 74 21 som
1273 460 166 30 bedrivits
1462 460 110 29 under
1595 468 121 21 senare
1739 458 38 30 år

290 514 64 30 har
375 515 57 29 vid
454 514 87 30 flera
561 515 164 30 tillfällen
746 515 192 30 redovisats
960 515 54 30 för
1034 515 198 39 riksdagen.
1256 514 121 31 Senast
1398 514 66 30 har
1485 523 41 21 en
1550 514 107 30 sådan
1679 514 97 29 redo-

291 569 131 39 görelse
447 569 150 30 lämnats
622 569 11 30 i
659 569 90 30 årets
775 569 410 41 statsverksproposition
1216 568 73 35 (bil.
1315 569 52 34 2).
1393 569 12 29 I
1433 569 276 30 statsutskottets
1735 577 41 20 av

290 624 186 39 riksdagen
503 623 186 40 godkända
715 624 173 40 enhälliga
915 624 179 30 utlåtande
1121 624 147 30 häröver
1300 623 78 35 (utl.
1405 632 44 21 nr
1476 623 56 34 15)
1565 622 210 30 framfördes

289 678 77 29 icke
389 678 108 39 några
519 678 79 30 från
620 678 262 40 propositionen
907 678 193 30 avvikande
1124 678 217 40 synpunkter
1363 678 46 40 på
1431 677 280 40 uppläggningen
1735 686 42 20 av

292 733 140 29 arbetet.
452 732 311 30 Förberedelserna
782 732 54 30 för
855 733 199 29 införandet
1074 742 41 20 av
1136 734 46 28 ett
1203 734 129 38 system
1352 732 79 30 med
1449 731 327 41 programbudgete-

289 787 77 38 ring
393 787 65 29 har
486 787 121 30 drivits
635 787 113 39 längst
777 787 95 30 inom
902 787 449 40 försvarsdepartementets
1379 785 397 31 verksamhetsområde.

292 841 230 39 Planeringen
537 841 150 30 inriktas
703 841 45 40 på
765 843 49 28 att
830 840 393 41 programbudgetering
1240 841 88 29 skall
1345 841 122 29 kunna
1483 840 101 40 börja
1599 840 177 39 tillämpas

292 894 54 29 för
365 894 78 29 hela
464 894 170 29 försvaret
654 894 203 39 budgetåret
881 894 159 34 1972/73.
1061 894 200 39 Riksdagen
1281 903 98 20 avses
1401 903 120 19 senare
1541 894 10 28 i
1572 893 62 29 vår
1655 893 35 29 få
1709 894 68 28 till-

291 948 81 29 fälle
396 949 48 28 att
467 950 108 38 yttrat
599 948 50 40 sig
672 948 79 30 över
775 949 46 29 ett
845 948 131 40 förslag
998 948 52 30 till
1073 948 215 40 planerings-
1312 948 63 30 och
1398 947 378 40 budgeteringssystem

292 1002 53 30 för
363 1002 180 29 försvaret.
561 1002 67 30 För
646 1003 65 29 den
729 1002 102 30 civila
848 1003 141 29 sektorn
1007 1012 41 20 av
1067 1002 346 39 statsförvaltningen
1430 1002 65 29 har
1511 1001 125 30 hittills
1655 1002 121 29 endast

292 1056 187 29 successivt
501 1056 92 29 vissa
617 1058 72 37 steg
710 1056 105 39 tagits
838 1059 71 26 mot
932 1056 186 29 införande
1142 1065 42 20 av
1206 1056 402 39 programbudgetering,
1634 1055 64 29 och
1724 1064 52 20 ar-

289 1110 91 29 betet
408 1110 64 29 har
500 1110 218 30 fortfarande
745 1111 168 29 karaktär
941 1120 40 20 av
1009 1110 373 34 försöksverksamhet,
1409 1119 80 21 vars
1516 1110 146 29 resultat
1691 1109 86 30 efter

290 1164 94 29 hand
405 1164 213 29 utvärderas.
640 1164 69 30 Mot
729 1164 65 29 här
814 1164 146 39 angiven
979 1165 184 38 bakgrund
1184 1164 116 30 finner
1320 1165 169 29 utskottet
1510 1164 56 29 det
1585 1164 73 29 inte
1676 1164 101 29 moti-

291 1220 95 28 verat
402 1219 47 28 alt
465 1218 186 39 riksdagen
665 1220 54 28 tar
733 1218 108 39 några
857 1218 172 30 särskilda
1043 1218 151 30 initiativ
1206 1218 46 40 på
1265 1218 265 40 ifrågavarande
1546 1217 151 31 område.

336 1327 12 28 I
366 1327 219 29 motionerna
601 1327 30 29 I:
647 1326 62 30 807
728 1327 64 29 och
808 1327 48 28 II:
869 1326 63 29 952
948 1327 122 39 begärs
1087 1327 119 29 vidare
1223 1328 49 28 att
1290 1326 219 40 långsiktiga,
1528 1326 248 40 övergripande

291 1380 364 39 ”perspektivplaner”
675 1380 54 29 för
749 1380 65 29 den
834 1380 183 39 offentliga
1034 1380 268 30 verksamheten
1324 1380 87 29 skall
1432 1381 142 28 komma
1592 1380 52 29 till
1665 1379 111 30 stånd.

292 1434 171 29 Planerna
484 1434 112 29 skulle
616 1434 176 29 utarbetas
812 1435 23 28 t.
856 1443 50 20 ex.
925 1435 76 28 vart
1022 1434 105 29 femte
1147 1433 38 30 år
1205 1434 65 29 och
1290 1443 79 20 avse
1390 1434 40 29 de
1451 1434 176 29 närmaste
1649 1433 127 30 10—15

291 1487 93 30 åren.

336 1541 258 29 Motionärerna
613 1541 64 29 har
696 1542 72 28 inte
787 1542 162 29 närmare
968 1541 256 30 konkretiserat
1245 1542 66 29 den
1332 1542 149 29 avsedda
1501 1542 214 29 innebörden
1737 1551 40 19 av

292 1595 197 39 föreslagna
506 1595 131 39 planer.
657 1595 13 29 I
691 1595 65 30 den
775 1595 81 30 mån
877 1595 261 30 motionärerna
1156 1604 98 21 avser
1274 1604 41 21 en
1334 1595 383 40 perspektivplanering
1737 1605 41 20 av

292 1650 54 28 det
371 1649 72 39 slag
467 1658 72 20 som
564 1649 192 30 försöksvis
779 1649 192 39 igångsatts
994 1649 96 29 inom
1115 1649 171 29 försvaret
1309 1649 59 29 vill
1393 1649 171 29 utskottet
1588 1649 188 29 framhålla

292 1705 49 27 att
360 1704 56 28 det
435 1703 38 29 är
491 1703 138 29 osäkert
648 1712 56 20 om
724 1704 93 28 detta
838 1705 128 37 system
987 1703 54 29 för
1059 1703 183 39 planering
1261 1703 113 29 direkt
1394 1703 70 28 kan
1484 1703 177 38 tillämpas
1681 1703 94 28 inom

290 1757 111 28 andra
414 1756 178 29 områden.
607 1756 126 30 Kravet
748 1756 44 40 på
806 1756 187 39 långsiktig
1008 1756 206 30 ekonomisk
1227 1756 182 40 planering
1425 1756 55 29 för
1494 1756 110 38 övrigt
1619 1756 37 29 är
1671 1756 105 39 enligt

291 1812 189 28 utskottets
501 1811 141 38 mening
662 1811 107 29 redan
791 1811 212 38 tillgodosett
1025 1818 122 31 genom
1170 1810 430 38 långtidsutredningarna
1622 1810 65 29 och
1710 1811 66 28 den

292 1865 138 38 statliga
450 1864 436 39 långtidsbudgeteringen.

335 1971 136 39 Frågan
494 1980 56 21 om
575 1971 66 29 den
666 1971 139 39 statliga
828 1971 229 30 ekonomiska
1078 1971 227 40 planeringen
1329 1973 126 38 upptar
1479 1973 48 27 ett
1551 1972 146 28 centralt
1723 1980 55 20 av-

292 2025 84 30 snitt
398 2026 9 28 i
429 2025 220 30 motionerna
669 2025 31 29 I:
715 2024 64 30 814
801 2025 64 30 och
887 2025 45 29 II:
949 2024 73 31 950.
1045 2025 230 39 Planeringen
1298 2025 86 30 sätts
1406 2024 121 31 därvid
1549 2025 36 29 in
1608 2025 9 29 i
1641 2026 46 28 ett
1711 2027 67 27 sta-

290 2080 358 39 biliseringspolitiskt
667 2079 264 39 sammanhang.
950 2079 260 29 Motionärerna
1226 2079 150 29 framför
1394 2088 42 20 en
1453 2079 63 29 rad
1534 2078 94 30 olika
1646 2078 131 39 förslag

291 2133 44 39 på
355 2132 165 35 området,
541 2133 94 29 vilka
656 2133 40 29 de
717 2141 101 21 anser
837 2133 84 29 böra
941 2132 191 30 behandlas
1153 2142 41 20 av
1215 2141 41 21 en
1275 2132 295 40 parlamentarisk
1591 2132 186 39 utredning

291 2187 78 29 med
386 2187 137 39 uppgift
541 2188 49 27 att
606 2187 159 28 utarbeta
781 2186 177 39 riktlinjer
976 2186 54 29 för
1047 2187 65 28 den
1131 2186 228 29 ekonomiska
1375 2186 238 39 planeringen.
1632 2186 48 29 De
1698 2186 79 28 krä-

290 2250 59 19 ver
374 2240 45 29 bl.
447 2250 28 19 a.
503 2242 48 27 att
579 2240 429 39 långtidsutredningarna
1035 2240 88 29 skall
1150 2239 159 30 redovisa
1336 2240 206 29 alternativa
1568 2240 131 39 planer,
1728 2241 48 28 att

291 2294 322 39 långtidsplanerna
629 2294 88 29 skall
733 2294 99 38 göras
847 2293 160 30 rullande
1021 2293 64 30 och
1101 2300 56 32 ges
1173 2303 42 20 en
1231 2294 157 29 starkare
1402 2293 143 37 politisk
1560 2293 216 39 förankring,

292 2349 48 28 att
368 2347 366 40 långtidsbudgeterna
762 2347 87 29 skall
877 2346 173 30 utformas
1078 2356 73 21 som
1179 2346 163 40 fleråriga
1369 2347 138 39 statliga
1534 2347 243 39 rambudgeter

291 2402 78 29 med
391 2402 202 29 redovisade
616 2401 359 39 ställningstaganden
996 2400 80 30 från
1097 2401 220 39 regeringens
1341 2401 74 29 sida
1437 2403 89 27 samt
1549 2403 48 27 att
1621 2410 41 21 en
1684 2402 93 29 över-

293 2455 118 39 siktlig
424 2455 285 39 nationalbudget
723 2455 11 29 i
750 2454 360 30 arbetskraftstermer
1126 2454 88 30 skall
1228 2455 188 29 utarbetas.

337 2509 166 38 Samtliga
518 2509 41 29 de
576 2509 146 29 sålunda
738 2509 257 29 aktualiserade
1011 2508 175 39 förslagen
1203 2508 64 30 har
1284 2508 41 30 de
1343 2510 136 28 senaste
1495 2508 57 30 två
1569 2508 83 30 åren
1670 2509 107 29 fram-
