2244 2644
469 173 40 31 20

715 176 237 33 Sammansatta
975 178 99 33 Stats-
1097 181 55 31 och
1175 181 232 43 Lagutskottets
1436 185 168 33 Utlåtande
1627 188 64 31 N:o
1716 189 30 31 6.

827 265 84 36 vida
938 267 80 36 icke
1044 267 184 39 föräldrar
1254 272 87 35 eller
1369 274 189 45 målsmän,
1587 288 76 23 som
1682 277 130 36 sådant
1829 274 202 56 föredraga,

827 317 161 36 enskildt
1014 319 97 47 sörja
1136 319 63 37 för
1225 322 312 48 undervisningen
1564 325 40 36 af
1627 326 95 45 dem,
1744 342 79 22 som
1843 333 56 32 stå
1917 331 117 36 under

826 366 106 37 deras
972 370 279 50 målsmanskap,
1292 374 87 35 eller
1417 374 91 36 barn
1541 376 161 38 befinnes
1734 379 188 36 behäftadt
1950 382 82 35 med

826 418 111 36 sådan
979 420 181 47 sjukdom,
1201 428 54 30 att
1286 424 203 37 detsamma
1521 427 31 46 ej
1581 440 102 24 anses
1711 429 88 36 böra
1825 432 13 34 i
1864 430 170 49 offentlig

824 469 215 37 läroanstalt
1066 471 153 48 intagas.

961 520 285 39 Vederbörande
1274 525 143 36 skolråd
1446 527 93 36 skall
1566 530 106 43 tillse,
1701 536 54 30 att
1782 531 120 36 blindt
1930 532 102 46 barn,

824 570 13 35 i
877 571 164 47 enlighet
1081 574 82 35 med
1197 574 119 37 denna
1342 577 72 48 lag,
1443 578 132 36 varder
1601 580 12 34 i
1640 581 213 37 läroanstalt
1880 579 150 56 intaget,

825 619 189 39 äfvensom
1041 628 53 30 att
1121 624 102 45 barn,
1252 639 75 22 som
1357 628 160 36 enskildt
1544 630 225 46 undervisas,
1798 634 158 35 erhåller
1975 638 57 32 så-

824 671 71 36 dan
924 673 275 49 undervisning,
1229 681 54 31 att
1309 677 70 35 den
1408 678 11 35 i
1447 681 256 46 noggrannhet
1721 683 67 35 och
1808 684 224 48 omfattning

824 721 312 50 hufvudsakligen
1165 732 203 31 motsvarar
1394 728 82 45 den,
1506 743 77 23 som
1610 733 186 37 meddelas
1823 735 11 35 i
1862 730 171 57 offentlig

823 773 214 37 läroanstalt
1076 775 56 36 för
1172 777 137 36 blinda.
1363 779 175 37 Kommer
1577 782 56 35 till
1665 784 201 37 skolrådets
1894 786 137 37 känne-

824 823 96 45 dom,
963 830 54 30 att
1056 826 121 36 blindt
1216 828 91 36 barn
1347 829 156 38 afhålles
1535 831 81 37 från
1649 834 268 49 undervisning
1944 839 88 34 eller

823 874 78 36 icke
934 876 154 36 erhåller
1115 878 166 48 nöjaktig
1307 880 124 45 sådan,
1460 882 92 36 skall
1579 884 184 37 skolrådet
1789 887 131 47 ålägga
1947 888 84 35 bar-

824 930 62 30 net
925 926 179 48 skolgång
1143 929 12 35 i
1188 928 169 49 offentlig
1389 932 214 37 läroanstalt
1630 934 57 36 för
1714 936 136 36 blinda.
1906 937 125 38 Skulle

822 974 182 38 föräldrar
1031 979 88 35 eller
1146 981 176 35 målsmän
1350 982 165 37 tredskas
1543 990 54 30 att
1624 984 241 39 efterkomma
1893 989 96 35 hvad
2018 990 12 34 i

822 1026 170 37 afseende
1025 1032 20 31 å
1076 1029 44 36 de
1152 1030 127 36 blinda
1310 1032 157 37 barnens
1496 1035 265 49 undervisning
1787 1038 12 34 i
1827 1038 118 36 denna
1973 1041 58 46 lag

823 1077 116 36 finnes
979 1079 173 48 stadgadt
1191 1082 88 35 eller
1319 1083 94 36 hvad
1445 1084 38 35 af
1515 1086 271 37 vederbörande
1813 1089 144 36 skolråd
1986 1095 45 43 på

821 1129 123 47 grund
984 1129 106 36 deraf
1125 1131 245 45 föreskrifves,
1412 1135 102 35 skola
1545 1137 44 34 de
1622 1138 217 37 tredskande
1867 1140 164 48 undergå

823 1180 157 46 varning
1020 1180 39 36 af
1094 1182 194 36 skolrådet.
1343 1184 140 37 Blifver
1523 1187 110 35 sådan
1674 1189 155 47 varning
1860 1190 169 45 fruktlös,

823 1232 59 33 må
921 1230 129 36 barnet
1090 1232 125 36 kunna
1255 1233 80 37 från
1373 1234 181 39 föräldrar
1585 1239 87 34 eller
1699 1241 176 35 målsman
1905 1241 125 48 skiljas

822 1280 66 35 och
917 1283 46 45 på
982 1281 103 37 deras
1103 1283 202 37 bekostnad
1325 1286 132 36 sändas
1476 1287 57 36 till
1553 1288 231 50 vederbörlig
1802 1292 226 36 läroanstalt.

1381 1436 22 46 8
1433 1441 34 33 4.

956 1532 212 39 Skolåldern
1211 1537 130 37 räknas
1382 1538 80 37 från
1504 1541 65 35 och
1611 1543 83 34 med
1734 1543 62 35 det
1827 1547 51 41 år,
1912 1545 118 36 under

822 1583 141 36 hvilket
1004 1585 128 37 barnet
1171 1586 109 50 fyller
1317 1589 57 47 sju
1416 1593 50 41 år,
1496 1591 65 35 och
1592 1595 58 32 må
1678 1593 82 36 dess
1788 1594 181 49 skolgång
1995 1596 32 46 ej

822 1635 215 47 uppskjutas
1077 1637 127 47 längre
1245 1646 46 28 än
1324 1640 55 35 till
1412 1641 62 35 det
1506 1644 50 42 år,
1586 1643 118 35 under
1732 1644 140 39 hvilket
1899 1645 129 37 barnet

819 1684 110 49 fyller
956 1686 62 36 nio
1045 1690 50 32 år.

955 1736 69 36 För
1051 1737 100 45 barn,
1181 1752 77 23 som
1287 1740 121 36 blifvit
1436 1742 120 35 blindt
1583 1743 92 36 efter
1702 1745 66 36 sist
1794 1746 159 35 nämnda
1973 1748 55 35 tid

820 1786 89 36 eller
936 1786 40 36 af
999 1786 254 39 förekowmen
1286 1791 200 48 anledning
1512 1793 90 44 icke,
1631 1798 46 43 på
1704 1801 73 30 sätt
1804 1797 61 35 ske
1893 1797 93 44 bort,
2016 1798 12 34 i

819 1837 216 36 läroanstalt
1060 1838 57 36 för
1145 1840 125 36 blinda
1296 1842 152 47 intagits
1475 1844 99 35 inom
1603 1858 49 22 nu
1679 1846 154 46 stadgad
1850 1847 67 44 tid,
1933 1847 94 37 fort-

820 1886 56 36 far
915 1888 256 49 skyldigheten
1210 1896 55 31 att
1305 1893 53 36 till
1399 1893 268 51 undervisning
1702 1897 13 35 i
1748 1897 109 36 sådan
1891 1900 136 34 anstalt

819 1938 177 45 inställas,
1026 1940 55 35 till
1110 1941 81 36 dess
1219 1942 128 37 barnet
1373 1943 111 50 fyller
1511 1945 136 47 fjorton
1676 1951 49 31 år.

953 1989 97 36 Barn
1090 1998 39 29 är
1167 1993 230 48 skolpligtigt
1436 1996 117 35 under
1590 1997 44 35 de
1675 1998 50 35 tio
1759 2002 50 40 år,
1837 2012 76 22 som
1938 1999 89 47 följa

819 2039 92 36 efter
938 2040 81 37 dess
1046 2042 196 48 intagning
1268 2045 12 34 i
1306 2046 226 44 läroanstalt,
1561 2047 120 36 derest
1708 2049 78 35 icke
1805 2049 129 36 barnet
1949 2050 77 36 före

820 2090 119 36 denna
972 2092 72 36 tids
1077 2097 141 43 utgång
1250 2095 179 36 inhemtat
1457 2097 136 36 sådana
1619 2099 209 48 kunskaper
1854 2101 66 35 och
1949 2100 76 36 fär-

818 2141 169 47 digheter
1014 2149 93 30 samt
1134 2149 157 44 uppnått
1318 2146 69 36 den
1416 2148 224 48 utveckling,
1661 2155 53 29 att
1733 2150 61 36 det
1813 2164 103 22 anses
1936 2151 90 36 böra

818 2190 82 37 från
941 2193 178 48 skolgång
1156 2195 147 45 befrias,
1343 2198 89 35 eller
1464 2205 40 28 är
1536 2202 39 32 så
1602 2205 104 42 svagt
1734 2201 208 48 begåfvadt,
1971 2207 54 30 att

818 2243 81 36 dess
926 2243 168 38 fortsatta
1121 2246 131 37 viselse
1279 2248 12 34 i
1318 2248 212 36 läroanstalt
1558 2263 103 23 anses
1689 2264 85 22 vara
1803 2257 86 30 utan
1914 2264 108 35 gagn.
