2266 2761
705 231 245 31 Stars-Utskottets
974 228 144 28 Memorial
1139 226 56 30 N:o
1216 224 30 37 3.
1757 230 16 29 4

942 622 77 37 N:o
1047 622 40 37 8.

991 774 61 24 Ank.
1071 773 38 25 till
1130 773 81 25 Riksd.
1231 773 83 24 Kansli
1333 773 21 25 d,
1377 771 30 25 12
1424 772 67 25 Fehr.
1515 772 61 25 1867
1595 772 33 25 kl.
1647 772 17 24 2
1681 780 19 17 &
1720 781 29 15 m.

422 912 194 44 Memorial,
656 912 184 49 angdende
881 912 271 35 bestänmandet
1190 911 73 36 dels
1303 912 45 48 af
1382 911 436 48 rTesekostnadsersättning

551 980 50 36 till
628 980 231 36 ledamöterne
888 979 50 36 uti
964 978 228 49 Biksdagens
1219 978 129 37 Andra
1376 978 205 45 Kammare,
1609 978 74 37 dels
1710 979 46 50 af
1776 980 42 35 ti-

553 1048 66 35 den
648 1049 59 34 och
735 1052 97 31 sättet
852 1047 65 49 för
943 1046 213 48 utbetalning
1179 1047 45 48 af
1246 1046 147 36 berörda
1414 1047 191 48 ersättning
1623 1053 91 30 samt
1728 1047 89 36 riks-

551 1108 414 61 dagsmanna-arfvodet.
1566 1111 64 47 (R.
1657 1111 60 50 A.)

321 1218 97 35 Enär
459 1218 405 49 Riksdagsordningens
905 1217 119 49 23:dje
1059 1214 18 48 $
1106 1216 232 40 bestämmer,
1366 1222 54 29 att
1447 1216 121 49 hvarje
1596 1217 161 36 ledamot
1783 1219 39 34 af

223 1269 122 35 Andra
380 1268 228 37 Kammaren
648 1269 93 36 skall
778 1269 39 35 af
854 1268 213 36 statsmedel
1107 1268 140 48 åtnjuta
1274 1267 201 47 ersättning
1502 1267 56 35 för
1584 1268 235 36 resekostnad

223 1319 55 36 till
318 1319 67 36 och
425 1320 81 35 från
550 1320 193 48 riksdagen
782 1326 95 29 samt
913 1319 146 35 arfvode
1112 1318 39 35 af
1190 1321 106 38 1,200
1329 1316 79 37 Rdr
1440 1318 56 35 för
1522 1317 122 50 hvarje
1672 1318 146 49 lagtima

225 1370 159 48 riksdag,
427 1384 81 22 men
548 1376 165 30 närmare
748 1370 188 36 föreskrift
969 1370 130 35 saknas
1128 1382 59 22 om
1215 1369 70 35 den
1313 1369 126 47 grund,
1467 1368 93 36 efter
1588 1369 145 36 hvilken
1760 1369 60 36 be-

229 1422 104 34 rörda
364 1421 459 48 resekostnadsersättning
851 1420 92 36 skall
969 1420 189 40 beräknas,
1186 1419 65 36 har
1278 1418 95 36 Herr
1404 1418 70 36 Per
1500 1418 151 37 Nilsson
1678 1420 13 35 i
1716 1419 105 50 Espö,

231 1472 50 35 uti
319 1485 44 22 en
402 1472 98 36 inom
541 1473 125 35 Andra
705 1471 226 36 Kammaren
962 1471 106 35 väckt
1095 1470 68 36 och
1189 1469 56 37 till
1273 1468 311 38 Stats-Utskottet
1611 1470 210 38 remitterad

228 1523 138 35 motion
395 1522 84 45 (N:o
510 1520 100 47 130),
638 1523 202 36 hemställt:
870 1528 52 30 att
949 1521 313 37 Stats-Utskottet
1289 1521 113 35 måtte
1430 1521 134 35 föreslå
1591 1522 43 35 de
1654 1522 166 48 grunder,

229 1573 181 36 hvarefter
424 1575 283 35 resekostnaden
721 1574 57 35 till
792 1574 323 47 riksdagsmännen
1139 1572 12 36 i
1177 1572 125 35 Andra
1328 1571 227 36 Kammaren
1581 1572 64 36 bör
1660 1574 95 47 utgå,
1772 1573 51 36 äf-

229 1637 147 22 vensom
404 1625 100 35 tiden
520 1625 46 35 då
581 1626 40 34 så
635 1625 57 35 väl
711 1624 283 36 resekostnaden
1007 1636 78 23 som
1101 1623 165 36 arfvodet
1281 1622 114 36 under
1410 1622 191 49 riksdagen
1627 1625 59 34 må
1702 1624 120 48 lyftas.

329 1675 236 36 Beträffande
592 1676 92 35 först
716 1676 127 47 frågan
871 1688 59 22 om
958 1675 43 35 de
1030 1674 165 48 grunder,
1223 1673 182 36 hvarefter
1436 1674 388 38 resekostnadsersätt-

231 1726 129 49 ningen
388 1726 64 35 bör
480 1727 187 40 beräknas,
704 1728 40 34 så
783 1726 65 35 har
875 1726 61 35 det
965 1732 102 41 synts
1100 1724 199 41 Utskottet,
1333 1735 78 25 som
1439 1724 116 37 skulle
1583 1738 48 23 nu
1660 1725 165 49 gällande

232 1777 316 49 Resereglemente
578 1778 38 34 af
641 1778 70 35 den
728 1781 44 32 10
792 1776 205 37 November
1014 1779 93 33 1865
1122 1776 121 35 kunna
1261 1776 48 48 på
1324 1775 60 35 det
1399 1780 72 31 sätt
1485 1775 11 36 i
1512 1776 233 37 förevarande
1760 1776 66 37 fall

230 1828 195 49 tillämpas,
454 1835 52 29 att
545 1828 505 48 resekostnadsersättningen
1077 1827 55 35 för
1159 1827 245 35 ledamöterne
1432 1826 39 36 af
1495 1827 125 36 Andra
1646 1827 172 37 Kamma-

230 1892 62 23 ren
331 1880 209 36 bestämdes
578 1880 57 35 till
661 1880 74 35 lika
761 1879 144 49 belopp,
937 1891 78 24 som
1043 1878 122 36 bestås
1194 1878 43 35 de
1266 1876 146 37 Statens
1441 1877 237 43 embetsmän,
1706 1878 120 37 hvilka

231 1931 108 35 hafva
378 1943 139 22 samma
557 1931 322 48 dagtraktamente,
921 1930 87 35 eller
1049 1933 46 31 10
1122 1928 101 40 R:dr,
1251 1941 77 23 som
1357 1927 112 50 enligt
1495 1927 331 50 Riksdagsordniv-

232 1994 86 35 gens
359 1985 46 32 23
435 1978 18 49 $
480 1981 223 36 tillkommer
740 1981 166 36 bemälde
951 1981 208 35 ledamöter.
1212 1978 127 50 Enligt
1376 1979 320 49 resereglementet
1722 1981 105 49 utgår

233 2033 116 35 denna
389 2032 457 48 resekostnadsersättning
874 2032 10 34 i
912 2032 113 48 tredje
1066 2030 156 40 klassen,
1250 2030 63 35 der
1353 2030 331 48 dagtraktamentet
1710 2037 40 31 är
1776 2031 51 37 tio

233 2083 186 43 riksdaler,
449 2083 168 35 sålunda:

333 2134 46 34 då
407 2146 104 23 resan
539 2134 83 35 sker
649 2134 78 34 med
754 2132 128 48 skjuts:
911 2136 20 31 3
961 2131 90 36 R:dr
1079 2132 45 35 75
1153 2137 60 30 öre
1241 2131 127 40 milen;

344 2197 13 15 »
461 2198 14 14 »
579 2197 12 16 »
637 2183 57 48 på
731 2183 211 48 ångfartyg;
983 2182 152 48 afgiften
1163 2182 56 36 för
1256 2182 134 36 dubbel
1423 2182 180 50 hyttplats
1638 2183 98 42 eller,
1763 2189 63 31 när

654 2235 84 48 hytt
765 2235 31 48 ej
821 2234 255 40 förekommer,
1104 2245 44 23 en
1176 2232 257 50 salongsplats;

346 2298 12 16 »
465 2299 13 15 »
582 2297 13 17 »
643 2285 57 48 på
716 2285 175 48 jernväg:
932 2284 152 49 afgiften
1123 2284 56 34 för
1217 2284 96 47 plats
1352 2284 10 35 i
1390 2284 115 36 första
1531 2284 163 37 klassens
1722 2296 106 38 vagn;
