2165 2643
684 202 397 34 Konstitutionsutskottets
1110 201 172 34 Utlåtande
1307 202 59 31 N:o
1390 202 32 30 8.
1785 199 19 30 3

253 286 168 49 ligheter
464 285 127 37 blefve
635 283 203 50 afhjelpta,
868 282 327 48 hufvudsakligen
1237 281 11 36 i
1290 281 73 36 den
1392 279 186 50 rigtning,
1609 278 239 38 motionären

253 338 211 49 föreslagit.

381 391 88 36 Med
511 390 239 48 åberopande
793 388 41 36 af
863 387 212 37 innehållet
1103 387 41 36 af
1168 386 59 37 sin
1255 387 102 36 förut
1385 385 189 50 återgifna
1603 382 246 49 motivering,

252 444 69 36 har
363 443 87 36 herr
491 456 74 22 von
607 440 234 37 Ehrenheim
884 440 63 35 vid
980 439 259 36 innevarande
1273 438 160 47 riksdag
1466 438 10 35 i
1506 450 47 23 en
1581 437 102 36 imom
1713 436 137 36 Första

253 496 232 36 Kammaren
515 494 124 47 väckt,
670 493 58 36 till
757 493 188 36 utskottet
974 491 259 36 öfverlemnad
1263 490 154 48 motion,
1449 503 60 23 n:o
1542 490 56 43 18,
1626 492 98 46 ånyo
1753 487 97 37 före-

252 549 82 48 lagt
375 547 221 48 Riksdagen
641 545 112 37 ofvan
797 544 160 48 intagna
999 544 143 48 förslag
1176 556 59 23 om
1270 542 140 49 tillägg
1437 541 59 37 till
1526 540 20 50 $
1577 542 46 35 25
1652 540 199 48 riksdags-

253 599 225 49 ordningen.
526 598 200 38 Utskottet
753 598 122 36 finner
903 596 210 36 emellertid
1142 595 85 37 icke
1257 594 120 36 heller
1405 607 51 23 nu
1483 596 129 45 någon
1641 592 210 47 anledning

252 659 55 30 att
336 651 246 49 understödja
613 650 258 37 motionärens
900 648 157 48 förslag,
1087 648 47 36 då
1163 647 46 37 de
1234 647 84 36 skäl
1345 647 59 35 för
1433 644 251 51 afstyrkande
1710 644 42 37 af
1771 644 80 37 det-

252 718 157 33 samma,
439 717 81 22 som
550 703 42 36 af
614 702 190 37 utskottet
841 701 64 36 vid
939 701 100 36 förra
1072 700 207 48 riksdagen
1311 699 178 36 anfördes
1524 698 72 37 och
1625 697 70 37 här
1723 697 128 36 nedan

253 758 152 36 komma
446 761 56 31 att
542 756 11 35 i
595 754 218 37 hufvudsak
857 752 220 50 återgifvas,
1119 752 232 36 fortfarande
1394 763 116 37 synas
1552 750 191 36 utskottet
1781 761 72 36 ega

253 809 196 49 giltighet.

381 861 17 36 I
426 859 211 48 anledning
671 858 41 37 af
736 871 48 24 en
818 857 63 37 vid
914 858 94 35 1887
1040 860 60 33 års
1129 855 57 37 till
1215 855 74 37 den
1319 857 19 34 2
1371 855 71 49 maj
1472 853 192 38 inkallade
1693 851 162 51 lagtima

254 914 159 47 riksdag
457 912 112 36 väckt
597 910 145 37 motion
772 923 60 24 om
866 910 138 48 tillägg
1037 908 57 37 till
1122 907 20 50 $
1175 910 43 34 17
1249 907 90 37 eller
1370 909 45 34 25
1445 905 409 50 riksdagsordningen,

254 967 41 36 af
333 965 169 37 innehåll
545 969 67 41 att,
642 977 60 22 om
731 963 65 36 vid
825 963 183 36 elektors-
1036 961 91 36 eller
1155 959 385 50 riksdagsmannaval
1579 959 117 35 minst
1725 957 130 37 halfva

254 1019 144 36 antalet
428 1017 42 36 af
497 1017 46 36 de
573 1016 146 49 afgifna
747 1020 175 31 rösterna
950 1014 204 43 kasserats,
1180 1017 85 45 nytt
1293 1012 59 37 val
1385 1011 123 38 skulle
1530 1010 183 37 anställas
1746 1033 24 3 —
1797 1012 58 34 så-

254 1072 103 36 ledes
388 1082 143 24 samma
559 1069 128 47 tanke,
721 1081 80 23 som
831 1067 126 49 ligger
984 1066 59 36 till
1071 1066 127 48 grund
1230 1065 58 36 för
1316 1064 118 38 första
1463 1068 209 32 momentet
1701 1063 42 36 af
1766 1063 89 35 herr

255 1137 75 22 von
359 1121 255 38 Ehrenheims
644 1120 147 49 förslag
818 1142 50 4 —
909 1118 151 50 yttrade
1103 1117 188 37 utskottet
1332 1116 12 36 i
1389 1116 66 37 sitt
1496 1116 197 36 utlåtande
1728 1128 63 25 n:o
1820 1116 35 45 4,

254 1181 67 40 att,
364 1175 121 35 ehuru
527 1173 190 36 utskottet
759 1171 166 37 erkände
956 1171 63 36 det
1049 1169 219 50 oegentliga
1297 1169 136 47 deruti,
1463 1173 56 31 att
1546 1168 12 36 i
1590 1167 95 49 följd
1713 1167 41 36 af
1777 1166 80 37 val-

256 1227 144 37 gedlars
444 1225 193 49 ogillande
680 1238 47 23 en
761 1237 126 23 annan
921 1223 237 36 förklarades
1187 1221 88 36 vald
1304 1221 57 36 till
1388 1220 272 48 riksdagsman
1690 1224 49 31 än
1768 1219 87 47 den,

256 1279 159 37 hvilken
439 1278 253 36 valmännens
711 1276 124 36 flertal
856 1276 101 36 velat
984 1275 131 48 hugna
1140 1274 85 37 med
1254 1273 137 36 sådant
1413 1273 232 47 förtroende,
1668 1271 190 37 utskottet

256 1331 118 37 likväl
403 1333 143 46 ansåge
576 1330 60 47 sig
665 1329 91 36 böra
790 1327 211 48 framhålla,
1045 1332 55 31 att
1118 1326 278 36 motionärens
1435 1325 112 49 syfte,
1577 1330 55 30 att
1660 1324 198 48 riksdags-

257 1383 253 37 mannavalen
553 1384 116 34 måtte
712 1381 118 37 blifva
872 1385 55 32 ett
969 1385 86 31 sant
1088 1379 154 49 uttryck
1276 1378 41 37 af
1341 1377 263 49 majoritetens
1633 1376 114 38 bland
1778 1375 80 37 val-

258 1442 167 31 männen
460 1435 154 47 åsigter,
651 1434 32 48 ej
719 1447 147 23 vunnes
902 1446 141 34 genom
1078 1432 63 35 det
1170 1430 41 37 af
1235 1431 139 36 honom
1403 1429 226 37 framstälda
1658 1429 199 48 förslaget.

261 1490 70 35 Det
359 1501 91 23 vore
480 1486 196 48 nemligen
706 1486 84 36 icke
824 1485 139 47 säkert,
986 1490 55 30 att
1069 1484 46 36 de
1145 1483 164 50 ogillade
1337 1482 240 37 valsedlarne
1607 1480 174 51 afgifvits
1810 1483 49 46 på

259 1554 145 24 samma
432 1553 154 35 person,
617 1538 91 37 eller
737 1543 56 31 att
824 1538 101 36 valet
953 1542 92 31 utan
1075 1536 135 36 sådant
1238 1535 192 49 ogillande
1456 1534 41 36 af
1514 1534 210 37 röstsedlar
1752 1533 108 36 inne-

258 1593 102 36 burit
389 1597 55 31 ett
471 1591 156 48 uttryck
657 1591 41 35 af
723 1590 260 49 majoritetens
1012 1588 154 49 åsigter.

388 1645 113 35 Detta
529 1642 179 49 yttrande
739 1656 101 36 eger,
872 1641 121 48 enligt
1021 1641 208 36 utskottets
1258 1638 261 48 förmenånde,
1548 1638 11 36 i
1584 1637 277 50 hufvudsaklig

260 1700 85 33 mån
387 1695 182 50 giltighet
604 1695 144 49 jemväl
793 1694 83 37 med
912 1693 179 37 afseende
1120 1696 47 46 på
1194 1692 160 37 berörda
1385 1705 112 23 mom.
1528 1691 39 36 af
1593 1689 267 50 föreliggande

261 1749 154 36 motion.
471 1748 112 36 Bifall
624 1747 59 36 till
722 1747 80 36 deri
844 1746 217 48 föreslagna
1096 1745 242 49 stadganden
1367 1744 123 36 skulle
1519 1743 198 49 nemligen
1747 1742 115 37 hafva

261 1801 57 36 till
346 1800 104 49 följd,
481 1805 65 42 att,
578 1812 58 23 om
668 1804 54 31 ett
749 1797 384 50 riksdagsmannaval
1168 1796 140 37 utfallit
1336 1801 25 31 t.
1392 1809 57 23 ex.
1480 1798 53 45 så,
1563 1801 55 31 att
1646 1795 34 36 A
1709 1794 154 37 erhållit

264 1854 72 35 150
365 1858 122 30 röster
515 1858 98 30 samt
641 1852 30 35 B
697 1852 70 35 och
798 1850 28 37 C
857 1851 186 36 hvardera
1076 1851 70 35 100
1175 1854 134 42 röster,
1340 1848 72 37 och
1446 1851 128 45 någon
1604 1847 258 48 anmärkning

261 1911 79 30 mot
369 1909 194 31 rösternas
591 1903 185 49 giltighet
805 1903 83 36 icke
916 1901 256 47 förekommit,
1202 1901 104 36 valet
1335 1900 134 36 varder
1500 1899 262 37 beståndande
1791 1899 72 36 och

261 1957 33 36 A
323 1956 136 37 utsedd
488 1956 54 36 till
573 1956 284 47 riksdagsman,
885 1968 85 22 men
1000 1959 68 42 att,
1104 1953 5 36 1
1138 1953 182 36 händelse
1349 1952 47 37 de
1425 1954 48 47 på
1500 1952 30 36 B
1560 1952 70 37 och
1661 1951 29 37 C
1716 1951 147 49 afgifna

263 2015 135 40 röster,
440 2008 12 35 i
492 2008 92 48 följd
627 2007 111 37 deraf
768 2013 55 30 att
851 2007 110 36 desse
989 2006 85 37 icke
1104 2010 64 32 äro
1197 2005 167 46 valbare,
1395 2004 91 36 eller
1514 2003 41 37 af
1579 2017 128 23 annan
1736 2003 126 48 orsak,

262 2061 238 36 förklarades
544 2059 173 50 ogiltiga,
761 2064 86 44 nytt
885 2059 61 36 val
985 2058 97 37 skall
1116 2071 72 35 ega
1220 2071 94 22 rum.
1370 2056 134 48 Enligt
1532 2056 208 36 utskottets
1769 2069 95 35 upp-

263 2113 171 48 fattning
467 2113 206 35 förefinnes
708 2112 84 36 icke
827 2114 118 45 något
974 2111 84 36 skäl
1087 2110 57 35 till
1174 2110 100 36 olika
1302 2109 287 48 förfaringssätt
1617 2108 12 36 i
1658 2109 114 36 dessa
1800 2110 65 33 två

264 2166 76 35 fall.
396 2165 79 36 Har
504 2168 82 33 åter
615 2164 243 49 majoriteten
889 2163 39 37 af
954 2163 228 35 valmännen
1212 2161 113 50 gifvit
1351 2161 81 36 sina
1452 2165 123 32 röster
1597 2164 38 33 åt
1651 2174 42 23 en
1710 2173 154 37 person,

265 2231 80 23 som
376 2217 86 36 icke
491 2216 100 37 varit
620 2216 142 48 valbar,
793 2229 115 36 synes
937 2216 125 35 denna
1083 2214 287 48 omständighet
1390 2213 84 36 icke
1496 2212 257 50 ovilkorligen
1773 2212 92 37 böra

265 2269 172 37 medföra
468 2274 73 31 rätt
569 2269 58 36 för
655 2269 85 36 dem
771 2266 54 39 att
854 2268 63 36 vid
948 2273 54 31 ett
1027 2272 85 44 nytt
1133 2266 61 36 val
1213 2267 179 48 uttrycka
1412 2266 58 36 sin
1492 2265 100 50 åsigt
1612 2279 74 34 om,
1707 2265 158 36 hvilken

265 2335 140 36 person
435 2321 10 36 i
475 2321 74 37 den
580 2321 94 36 först
713 2321 131 36 valdes
879 2320 109 37 ställe
1017 2319 68 37 bör
1114 2319 57 36 till
1200 2317 445 50 riksdagsmannakallet
1673 2319 153 35 komma
1853 2317 12 36 i

267 2374 120 49 fråga.
442 2374 58 36 En
537 2373 80 37 viss
647 2373 95 49 grad
772 2373 41 37 af
838 2372 228 38 vaksamhet
1094 2374 121 34 måste
1246 2371 194 49 nemligen
1469 2369 108 38 alltid
1605 2370 196 49 iakttagas
1830 2370 41 36 af
