1916 2822
277 149 42 30 26
727 154 275 31 Statsutskottets
1028 154 175 33 utlåtande
1226 156 51 31 Nr
1301 158 28 30 7.

518 326 311 52 Ersättningar
857 327 74 40 för
958 328 218 40 särskilda
1203 328 232 40 förmåner
1462 329 83 40 och

808 398 268 51 rättigheter
1103 411 56 27 m.
1187 411 57 27 m.

325 519 92 40 31:0o)
439 520 204 37 Ersättning
662 521 52 30 till
732 522 166 30 städerna
918 522 55 30 för
993 522 129 31 mistad
1141 524 105 35 tolag.
1266 523 79 31 Med
1365 524 239 36 tillstyrkande
1624 533 41 21 av
1685 523 98 32 bifall

279 570 51 31 till
353 571 123 37 Kungl.
499 572 117 37 Maj:ts
639 572 127 37 förslag
792 570 126 39 (punkt
937 574 52 36 37,
1010 573 62 31 sid.
1094 571 70 40 58),
1186 574 105 31 vilket
1312 575 11 29 i
1344 574 216 31 förhållande
1581 574 51 31 till
1652 575 55 31 det
1729 574 54 32 för

279 621 233 32 innevarande
529 622 166 37 budgetår
711 623 165 32 anvisade
893 624 153 37 anslaget
1064 624 143 31 innebär
1223 635 44 21 en
1285 624 145 38 höjning
1449 627 78 30 med
1546 626 140 35 500,000
1705 626 77 30 kro-

280 681 74 27 nor,
380 672 197 31 hemställer
599 674 174 35 utskottet,

633 745 49 27 att
700 742 185 37 riksdagen
904 742 58 31 må
979 742 51 31 till
1050 743 197 37 Ersättning
1266 743 51 31 till
1335 744 160 30 städerna
1513 745 56 37 för
1587 744 127 31 mistad
1734 747 49 27 to-

590 792 55 36 lag
683 792 52 31 för
774 792 201 38 budgetåret
1015 788 181 42 1936/1937
1224 794 121 31 anvisa
1371 797 47 28 ett
1446 794 268 38 förslagsanslag
1741 804 43 21 av

591 843 172 36 7,000,000
784 844 139 30 kronor.

323 957 92 40 32:0)
446 958 141 32 Städers
604 959 158 33 friheter.
789 960 206 37 Ersättning
1011 960 52 32 till
1078 962 177 37 landsting
1271 963 68 29 och
1355 963 128 37 städer,
1499 971 78 22 som
1593 963 33 36 ej
1643 964 138 35 deltaga

278 1008 12 30 i
305 1009 190 37 landsting,
511 1010 56 30 för
584 1010 52 31 till
653 1012 210 30 statsverket
881 1011 172 37 indragna
1069 1013 554 37 brännvinsförsäljningsmedel.
1653 1014 128 30 Veder-

278 1059 57 36 lag
355 1059 57 30 för
431 1061 172 36 nedlagda
621 1062 478 37 utskänkningsrättigheter.
1128 1064 15 30 I
1164 1064 150 36 enlighet
1332 1065 80 30 med
1430 1064 124 37 Kungl.
1573 1064 120 37 Maj:ts
1711 1065 70 31 för-

279 1109 73 37 slag
376 1107 207 40 (punkterna
602 1113 139 36 38—40,
761 1113 63 31 sid.
846 1111 53 39 58)
924 1115 66 29 och
1011 1115 109 30 under
1137 1115 150 36 erinran,
1307 1118 49 27 att
1375 1114 53 32 för
1445 1115 233 31 innevarande
1697 1115 85 31 bud-

278 1160 97 37 getår
398 1161 149 32 anvisats
572 1172 134 22 samma
732 1164 137 37 belopp,
894 1164 198 32 hemställer
1116 1166 175 36 utskottet,

633 1242 48 27 att
703 1239 185 37 riksdagen
913 1240 58 31 må
993 1240 55 31 för
1072 1241 201 36 budgetåret
1301 1236 182 42 1936/1937
1510 1241 119 32 anvisa

633 1287 31 40 a)
694 1289 51 29 till
763 1289 140 31 Städers
924 1290 142 37 friheter
1084 1293 47 28 ett
1151 1291 270 38 förslagsanslag
1439 1301 42 21 av
1501 1293 119 35 40,000
1640 1293 143 36 kronor;

632 1337 33 39 b)
695 1340 51 30 till
769 1340 199 38 Ersättning
990 1341 50 30 till
1063 1342 173 37 landsting
1259 1344 65 29 och
1349 1343 123 39 städer,
1495 1353 75 21 som
1594 1344 31 37 ej
1649 1344 134 37 deltaga

590 1391 12 29 i
632 1390 184 38 landsting,
847 1392 58 37 för
936 1386 51 36 till
1017 1392 202 30 statsverket
1252 1393 169 37 indragna
1456 1394 326 38 brännvinsförsälj-

588 1440 214 36 ningsmedel
819 1443 47 28 ett
886 1442 120 37 anslag
1025 1451 43 21 av
1086 1443 173 35 3,100,000
1281 1443 142 37 kronor;

632 1488 29 40 c)
696 1491 52 31 till
778 1492 165 37 Vederlag
969 1494 57 37 för
1054 1494 169 37 nedlagda
1254 1494 454 39 utskänkningsrättigheter
1737 1499 46 28 ett

588 1541 267 38 förslagsanslag
879 1552 42 21 av
944 1544 117 35 20,000
1085 1544 138 31 kronor.

320 1656 92 40 33:o)
448 1658 142 30 Inlösen
622 1668 43 21 av
697 1659 360 32 skattefrälseräntor.
1090 1661 204 38 Ersättning
1329 1662 57 31 för
1420 1663 360 31 skattefrälseräntor.

276 1708 192 36 Avlösning
485 1718 44 21 av
544 1709 360 32 frälseskatteräntor.
923 1712 122 37 Kungl.
1064 1712 100 37 Maj:t
1180 1714 63 29 har
1261 1713 174 38 föreslagit
1453 1714 183 38 riksdagen
1657 1711 124 41 (punk-

277 1761 99 28 terna
399 1760 139 36 41—43,
562 1761 62 31 sid.
650 1759 141 39 59—61)
820 1765 49 27 att
892 1762 54 31 för
969 1763 201 37 budgetåret
1196 1759 183 42 1936/1937
1402 1765 120 31 anvisa

322 1809 72 31 dels
411 1810 51 31 till
481 1811 136 31 Inlösen
634 1821 43 21 av
696 1808 338 36 skattefrälseräntor
1050 1817 48 28 ett
1116 1815 348 38 reservationsanslag
1483 1826 42 21 av
1543 1817 142 36 450,000
1703 1817 77 30 kro-

275 1869 76 27 nor,

322 1911 71 30 dels
415 1911 49 31 till
487 1912 198 37 Ersättning
707 1913 54 31 för
782 1914 337 32 skattefrälseräntor
1139 1919 48 28 ett
1208 1916 267 38 förslagsanslag
1498 1927 42 21 av
1566 1919 116 35 18,000
1703 1919 78 30 kro-

275 1970 76 27 nor,

322 2012 73 30 dels
419 2013 64 30 ock
507 2013 52 30 till
585 2014 186 37 Avlösning
798 2024 41 21 av
867 2015 335 33 frälseskatteräntor
1227 2020 46 28 ett
1300 2017 267 39 förslagsanslag
1594 2029 42 21 av
1663 2020 118 36 10,000

276 2062 139 31 kronor.

321 2154 68 31 För
408 2154 233 33 innevarande
662 2157 168 37 budgetår
851 2159 64 31 har
935 2159 51 30 till
1007 2158 264 39 ifrågavarande
1293 2161 163 31 ändamål
1479 2162 151 31 anvisats
1652 2166 47 28 ett
1720 2172 59 22 an-

275 2204 83 37 slag,
378 2214 74 22 som
469 2206 159 37 uppförts
644 2208 78 30 med
739 2211 46 28 ett
802 2209 180 31 nominellt
999 2210 125 37 belopp
1144 2221 42 20 av
1207 2212 61 30 100
1286 2212 139 37 kronor,
1441 2214 85 30 enär
1542 2213 239 32 inkomsterna

275 2255 55 31 för
351 2256 154 37 anslaget
525 2276 44 4 —
589 2259 190 35 utgörande
800 2269 42 21 av
865 2260 284 38 fastighetsägare
1169 2262 51 30 till
1243 2263 203 31 statsverket
1468 2264 138 37 erlagda
1629 2265 150 31 avbetal-

273 2305 126 38 ningar
422 2306 20 31 å
463 2307 51 31 till
536 2308 179 37 avlösning
738 2319 42 21 av
805 2310 335 32 frälseskatteräntor
1163 2312 198 38 förskjutna
1383 2314 124 37 belopp
1529 2334 44 4 —
1594 2315 185 31 beräknats

274 2357 171 37 överstiga
466 2358 186 37 utgifterna
674 2359 20 31 å
715 2360 163 37 anslaget.

320 2407 14 30 I
356 2408 100 36 lagen
478 2409 66 30 den
569 2410 39 29 12
631 2410 87 36 april
743 2411 82 30 1935
852 2408 55 40 (nr
931 2409 72 40 101)
1029 2422 60 21 om
1112 2413 133 32 inlösen
1267 2424 43 21 av
1332 2415 90 31 vissa
1446 2416 234 37 frälseräntor,
1704 2426 75 21 som

273 2458 84 30 trätt
376 2458 11 30 i
405 2459 92 31 kraft
516 2460 66 30 den
604 2461 13 29 1
639 2460 137 37 januari
799 2463 93 35 1936,
911 2463 63 30 har
990 2462 224 39 föreskrivits,
1233 2468 49 28 att
1300 2465 214 38 frälseränta,
1534 2476 75 22 som
1628 2467 150 31 tillkom-
