1907 2843
289 181 17 27 3
623 170 113 32 Andra
752 169 236 41 lagutskottets
1004 165 173 36 utlåtande
1193 180 39 20 nr
1247 170 41 35 48
1304 163 36 36 är
1355 170 82 31 1967

292 266 56 29 per
369 256 63 39 dag
452 255 120 30 medan
593 251 407 42 tilläggssjukpenningens
1023 252 121 31 storlek
1165 250 142 32 varierar
1327 250 119 31 mellan
1470 254 15 28 1
1508 250 60 31 och
1590 253 39 28 46
1651 250 46 31 kr.
1719 261 58 28 per

292 311 73 39 dag.
391 309 203 32 Försäkrade
621 308 9 31 i
656 308 40 31 de
722 307 183 40 vanligaste
930 306 261 40 inkomstlägena
1219 305 230 39 kompenseras
1477 304 49 32 för
1552 316 38 20 ca
1617 304 89 40 8097,
1733 316 42 19 av

292 363 324 33 inkomstbortfallet.
643 361 227 40 Sjukpenning
895 360 42 40 på
964 361 105 40 grund
1095 371 42 20 av
1164 360 63 31 den
1254 358 150 41 frivilliga
1431 358 222 41 försäkringen
1680 361 96 37 utgör

292 419 84 40 lägst
393 422 18 28 6
427 417 61 32 och
504 417 96 40 högst
619 420 36 28 15
673 416 47 32 kr.
737 427 57 28 per
810 416 72 39 dag.
899 413 340 41 Sjukpenningtillägg
1256 418 86 27 samt
1359 412 220 41 sjukpenning
1595 412 100 41 enligt
1712 413 62 31 den

292 471 232 42 obligatoriska
544 470 223 40 försäkringen
788 470 50 31 får
856 469 215 32 tillsammans
1091 470 117 38 utgöra
1226 468 97 40 högst
1344 470 36 29 15
1401 467 47 31 kr.
1466 478 57 28 per
1542 467 73 40 dag.
1634 467 141 31 Karens-

292 527 92 32 tiden
400 527 50 31 för
466 525 131 40 frivillig
613 522 404 42 sjukpenningförsäkring
1033 527 86 27 samt
1137 521 333 40 sjukpenningtillägg
1488 523 36 29 är
1540 521 50 31 för
1607 521 168 31 studeran-

293 582 40 31 de
351 585 38 28 18
405 581 110 40 dagar.
532 579 209 40 Årsavgiften
759 590 58 20 var
833 578 36 31 år
887 581 78 28 1965
983 581 18 28 3
1018 577 47 31 kr.
1082 577 50 31 för
1149 576 90 39 varje
1256 576 213 32 tillförsäkrat
1484 574 122 40 belopp
1623 586 53 20 om
1696 579 14 27 1
1729 575 47 31 kr.

291 634 221 41 sjukpenning
536 634 75 31 eller
635 631 342 42 sjukpenningtillägg.
1004 630 144 41 Frivillig
1173 629 182 41 försäkring
1379 630 65 31 kan
1469 629 166 32 meddelas
1662 629 115 31 indivi-

293 690 103 31 duellt
415 689 75 31 eller
509 687 185 33 kollektivt.
713 686 199 32 Individuell
931 684 182 41 försäkring
1133 685 65 31 kan
1218 683 179 32 emellertid
1418 684 9 30 i
1447 684 85 39 regel
1551 684 117 31 endast
1688 683 89 31 teck-

294 755 59 21 nas
372 755 42 20 av
435 744 63 31 den
518 754 70 20 som
607 742 60 31 har
687 742 62 39 god
769 741 92 31 hälsa
881 740 60 32 och
962 739 67 32 inte
1050 739 75 39 fyllt
1145 742 38 28 55
1205 738 45 32 år.
1271 738 62 31 Vid
1355 749 23 20 s.
1400 738 31 31 k.
1453 737 175 32 kollektivt
1649 737 128 32 inträde

294 798 9 31 i
323 799 62 31 den
406 796 151 41 frivilliga
576 795 223 40 försäkringen
819 795 127 31 lämnas
967 793 131 40 dispens
1117 793 72 31 från
1209 793 119 31 ålders-
1349 792 60 31 och
1430 791 260 32 hälsovillkoren.
1712 791 65 31 En-

293 852 58 40 ligt
374 850 383 40 riksförsäkringsverket
782 860 58 20 var
864 848 36 32 år
927 851 78 28 1964
1030 848 97 39 drygt
1152 850 17 28 5
1183 850 59 28 000
1268 846 198 32 studerande
1491 845 9 31 i
1524 845 251 40 åldersgruppen

294 908 121 28 20-—24
436 904 35 31 år
491 903 188 31 försäkrade
700 902 88 30 inom
809 902 62 30 den
892 901 150 39 frivilliga
1062 900 234 39 försäkringen.

573 1057 77 31 Viss
671 1056 227 39 redovisning
918 1066 41 20 av
979 1053 193 32 innehållet
1191 1054 11 30 i
1224 1054 271 40 propositionen

335 1148 266 32 Statsmakterna
626 1147 106 31 beslöt
756 1146 37 31 år
819 1148 79 28 1964
923 1156 39 20 en
987 1144 208 32 omfattande
1220 1143 208 32 studiesocial
1452 1143 120 31 reform
1598 1154 69 20 som
1692 1142 88 31 inne-

295 1203 59 32 bar
372 1203 43 31 bl.
436 1214 29 20 a.
485 1207 52 27 att
557 1206 110 27 staten
688 1206 57 35 tog
764 1200 42 40 på
827 1200 47 40 sig
894 1204 154 27 ansvaret
1068 1203 52 27 att
1140 1203 172 35 garantera
1334 1198 41 31 de
1394 1197 199 32 studerande
1614 1196 56 33 vid
1691 1201 89 35 post-

295 1256 204 41 gymnasiala
513 1254 299 41 utbildningslinjer
826 1253 208 40 erforderliga
1047 1253 107 31 medel
1168 1253 50 30 för
1232 1256 52 27 att
1299 1251 176 32 finansiera
1489 1251 168 31 studierna
1674 1251 106 40 (prop.

297 1315 89 28 1964:
401 1314 69 34 138,
490 1310 75 32 SäU
588 1313 26 34 1,
634 1310 80 30 rskr.
735 1308 86 41 290).
842 1308 17 31 I
878 1307 245 40 propositionen
1143 1306 151 32 anfördes
1315 1310 52 27 att
1387 1305 115 40 frågan
1522 1316 53 20 om
1597 1304 86 32 vissa
1704 1316 23 20 s.
1748 1304 31 31 k.

295 1365 164 31 indirekta
478 1363 229 32 studiesociala
725 1363 152 39 åtgärder
894 1362 101 30 borde
1014 1361 143 31 utredas.
1176 1360 82 31 Med
1277 1359 176 40 anledning
1471 1359 103 31 härav
1593 1359 60 30 har
1673 1370 39 19 en
1732 1369 49 20 ar-

294 1419 180 40 betsgrupp
495 1417 87 32 inom
603 1416 472 39 ecklesiastikdepartementet
1094 1414 43 39 på
1157 1414 122 39 Kungl.
1299 1412 119 40 Maj:ts
1439 1413 150 39 uppdrag
1608 1412 68 40 lagt
1697 1412 84 31 fram

294 1473 119 39 förslag
435 1483 53 20 om
511 1471 175 31 hälsovård
708 1470 61 31 och
791 1467 354 33 motionsverksamhet
1168 1467 50 31 för
1240 1467 40 31 de
1303 1466 207 32 studerande.
1533 1466 106 31 Dessa
1663 1465 119 38 förslag

294 1527 100 39 ligger
409 1546 42 3 —
468 1525 83 31 efter
568 1523 313 40 remissbehandling
897 1542 41 4 —
957 1522 48 31 till
1024 1522 105 39 grund
1147 1521 50 31 för
1215 1520 214 32 förevarande
1448 1519 212 40 proposition.

294 1634 286 38 Arbetsgruppens
593 1632 120 40 förslag
728 1630 207 40 beträffande
950 1630 39 31 de
1004 1629 214 31 studerandes
1232 1628 309 40 försäkringsskydd
1555 1628 57 30 vid
1627 1626 155 41 sjukdom

337 1706 270 39 Arbetsgruppen
632 1704 209 30 konstaterar
865 1707 52 27 att
942 1702 40 31 de
1007 1702 199 31 studerande
1231 1701 10 30 i
1266 1701 84 39 regel
1375 1700 68 31 inte
1468 1700 157 31 omfattas
1651 1710 41 20 av
1718 1699 64 31 den

297 1758 233 41 obligatoriska
554 1756 301 40 sjukförsäkringen
879 1756 61 31 och
963 1760 52 26 att
1039 1756 40 30 de
1102 1755 69 31 inte
1193 1755 99 31 heller
1316 1754 9 30 i
1348 1754 108 39 någon
1479 1764 89 20 mera
1591 1752 191 39 betydande

298 1812 229 40 utsträckning
544 1810 139 33 anslutit
701 1810 47 40 sig
765 1810 49 32 till
832 1810 63 31 den
914 1809 150 40 frivilliga
1083 1807 455 41 sjukpenningförsäkringen.
1558 1806 159 39 Gruppen
1735 1806 48 31 fö-

297 1867 99 32 reslår
410 1870 53 28 att
475 1877 71 20 som
561 1864 118 32 villkor
693 1864 49 31 för
757 1863 187 32 erhållande
958 1874 42 20 av
1016 1862 214 32 studiemedel
1245 1862 82 31 skall
1341 1862 83 39 gälla
1439 1865 51 27 att
1505 1861 64 31 den
1582 1860 201 31 studerande

297 1922 60 31 har
376 1917 421 43 sjukpenningsförsäkring
816 1917 50 31 för
885 1921 49 27 ett
954 1916 402 40 dagsersättningsbelopp
1376 1926 42 20 av
1440 1918 37 28 15
1498 1915 47 31 kr.
1566 1914 61 31 och
1647 1914 76 31 med
1743 1925 39 20 en

298 1977 168 32 karenstid
483 1988 42 20 av
545 1979 37 27 18
600 1976 110 38 dagar.
727 1972 176 39 Därjämte
921 1971 59 31 bör
997 1970 100 40 enligt
1114 1981 147 28 gruppen
1279 1981 39 19 en
1337 1969 198 31 studerande
1552 1969 43 30 ha
1612 1968 170 39 möjlighet

298 2036 52 28 att
367 2030 147 40 frivilligt
530 2029 148 31 försäkra
695 2027 47 40 sig
758 2026 50 32 för
824 2037 39 20 en
880 2023 220 41 sjukpenning
1116 2035 41 20 av
1175 2023 101 31 totalt
1292 2026 39 28 20
1348 2023 47 31 kr.
1412 2033 58 28 per
1486 2022 73 40 dag.

296 2137 333 41 Remissyttrandena

340 2211 174 38 Gruppens
544 2208 119 39 förslag
693 2217 54 20 om
777 2206 40 31 de
857 2204 317 32 studerandes
1226 2201 459 39 försäkringsskydd
1726 2200 57 31 vid

298 2265 153 39 sjukdom
471 2262 161 39 tillstyrks
653 2261 11 31 i
682 2260 126 40 princip
828 2271 42 20 av
890 2261 79 29 nära
991 2268 63 29 nog
1074 2257 151 38 samtliga
1245 2255 276 32 remissinstanser
1540 2266 76 20 men
1635 2253 148 32 modifie-

298 2319 108 40 ringar
434 2318 10 31 i
473 2317 66 31 vitt
568 2315 105 32 skilda
702 2313 186 33 avseenden
917 2312 156 31 förordas.
1103 2312 17 30 I
1149 2310 163 40 åtskilliga
1341 2308 294 40 remissyttranden
1667 2307 116 40 ifråga-

298 2375 84 30 sätts
401 2370 235 40 lämpligheten
655 2380 42 20 av
718 2372 52 28 att
789 2367 150 38 anknyta
960 2366 117 31 kravet
1097 2365 42 39 på
1159 2363 183 40 försäkring
1361 2363 48 31 till
1430 2362 202 32 erhållandet
1653 2373 42 20 av
1716 2365 67 28 stu-

298 2426 169 32 diemedel.
487 2425 93 30 Flera
601 2422 275 32 remissinstanser
896 2420 147 31 förordar
1063 2430 40 20 en
1124 2417 230 40 utsträckning
1373 2428 42 20 av
1436 2417 117 31 kravet
1573 2416 49 31 till
1643 2420 52 27 att
1716 2425 67 21 om-

298 2481 86 31 fatta
406 2482 84 28 även
511 2478 103 31 andra
635 2475 198 32 studerande
854 2477 43 28 än
918 2473 354 38 studiemedelstagare.
1294 2471 118 31 Vidare
1434 2470 128 39 påtalas
1584 2474 52 27 att
1657 2470 63 30 den
1741 2479 42 21 av

298 2544 148 30 gruppen
466 2532 182 38 föreslagna
669 2528 245 39 utformningen
935 2539 42 20 av
998 2525 359 40 försäkringssystemet
1380 2525 64 30 kan
1467 2524 133 30 komma
1622 2527 52 28 att
1695 2518 88 50 med-
