2112 2655
316 204 37 29 14
825 200 77 42 Lag-
915 194 163 52 Utskottets
1091 199 161 33 Utlåtande
1276 198 62 32 N:o
1361 200 50 31 45,

1009 566 93 43 N:o
1135 565 88 44 45.

983 727 66 26 Ank.
1070 726 43 27 till
1130 726 90 27 Riksd.
1240 726 95 26 Kansli
1353 726 48 26 den
1422 726 30 25 14
1470 725 76 34 April
1565 726 73 31 1882,
1656 725 35 27 kl.
1710 726 16 25 6
1745 734 19 18 e.
1784 735 33 17 m.

518 868 95 48 Lag-
628 861 196 59 Utskottets
858 867 201 45 Utlåtande,
1102 867 12 35 1
1154 866 195 49 anledning
1382 866 46 49 af
1456 866 102 36 väckt
1589 865 131 37 motion
1753 878 55 24 om
1845 865 73 48 lag-

717 936 236 36 bestämmelse
980 934 182 50 angdende
1190 935 235 36 anordnande
1452 934 46 50 af
1521 934 180 36 särskilda
1724 934 204 44 valkretsar.

717 1005 59 36 och
804 1003 185 49 valbyrder
1017 1003 54 36 till
1100 1004 141 36 lättnad
1268 1003 59 36 vid
1359 1003 187 49 samfälda
1573 1002 60 37 val
1660 1003 45 49 af
1729 1002 190 49 stadsfull-

718 1072 150 49 mäktige
895 1072 13 36 i
934 1077 108 31 större
1070 1072 129 36 städer.

416 1157 293 49 Lag-Utskottet
744 1158 66 35 har
844 1157 82 36 från
961 1157 129 36 Andra
1125 1156 224 36 Kammaren
1383 1155 72 37 fått
1492 1156 58 36 till
1578 1156 57 47 sig
1663 1155 181 36 hänvisad
1874 1168 46 22 en

317 1207 40 37 af
382 1207 97 37 Herr
508 1207 37 38 S.
574 1208 43 36 A.
647 1208 175 36 Hedlund
841 1207 164 49 afgifven
1026 1208 156 45 motion,
1202 1207 69 36 N:o
1293 1209 58 43 30,
1373 1207 105 36 hvari
1498 1207 239 36 motionären
1758 1205 162 36 hufvud-

317 1259 169 48 sakligen
515 1260 202 48 andrager:

417 1310 156 48 »Kongl.
604 1310 269 48 förordningen
911 1323 60 23 om
1008 1309 379 50 kommunalstyrelse
1425 1309 10 34 i
1471 1308 81 36 stad
1583 1307 39 36 af
1652 1307 67 42 den
1749 1310 42 33 21
1822 1306 98 37 Mars

319 1363 93 34 1862
442 1361 229 36 bestämmer
699 1363 11 34 i
739 1364 18 33 9
788 1359 18 49 $
837 1365 16 32 1
885 1375 124 30 mom.,
1038 1367 55 30 att
1122 1361 10 35 i
1161 1360 95 44 stad,
1285 1361 67 34 der
1379 1359 344 47 stadsfullmäktige
1753 1366 63 28 äro
1844 1358 75 36 till-

316 1418 107 39 satte,
454 1413 187 36 allmänna
673 1413 227 47 rådstugans
935 1412 213 48 befattning
1181 1415 40 32 är
1253 1410 198 37 inskränkt
1483 1411 58 35 till
1575 1410 61 36 val
1665 1409 39 36 af
1728 1408 191 37 stadsfull-

319 1463 164 49 mäktige
508 1465 117 46 jemte
655 1464 127 36 beslut
810 1465 9 34 i
848 1463 118 49 fråga,
996 1463 188 36 huruvida
1213 1463 8 34 i
1252 1462 83 36 stad
1365 1461 84 36 med
1478 1462 177 35 invånare
1684 1461 59 35 till
1763 1461 101 35 antal
1884 1460 39 36 af

318 1516 108 41 3,000
457 1515 92 35 eller
578 1515 190 35 derunder
801 1514 342 48 stadsfällmäktige
1177 1514 106 35 skola
1315 1519 115 38 utses,
1469 1519 95 29 samt
1597 1513 9 34 i
1638 1514 43 34 15
1711 1508 30 49 $,
1771 1518 56 29 att
1855 1511 65 36 all-

317 1572 84 28 män
430 1565 180 49 rådstuga
639 1566 93 36 skall
763 1566 116 35 hållas
909 1565 98 36 inför
1035 1566 245 46 magistraten
1310 1568 20 32 å
1358 1563 192 36 rådhuset.

418 1615 249 50 »Visserligen
703 1621 42 31 är
779 1617 63 35 det
871 1617 118 47 enligt
1018 1619 44 34 26
1097 1614 18 48 $
1151 1615 218 47 medgifvet,
1403 1620 55 30 att
1491 1613 59 37 för
1578 1614 60 36 val
1667 1613 39 36 af
1730 1612 190 37 stadsfull-

318 1667 167 47 mäktige
514 1668 82 35 stad
627 1671 58 32 må
714 1668 126 35 kunna
868 1668 144 35 indelas
1048 1668 11 34 i
1092 1667 220 44 valkretsar,
1341 1667 11 34 i
1382 1665 143 36 hvilket
1554 1664 64 37 fall
1643 1665 140 47 jemväl
1811 1664 109 36 valen

317 1716 58 37 för
404 1718 45 35 de
478 1719 184 35 särskilda
691 1719 206 44 kretsarne,
927 1719 151 47 jemlikt
1113 1721 43 34 27
1194 1714 30 49 $,
1254 1730 109 35 synas
1393 1717 92 35 böra
1513 1716 118 36 hållas
1660 1716 100 35 inom
1791 1715 127 47 hvarje

317 1769 182 42 valkrets;
528 1783 85 22 men
642 1770 66 36 der
736 1770 115 36 sådan
879 1770 197 47 indelning
1110 1769 82 36 icke
1225 1769 111 44 skett,
1365 1767 108 48 följer
1502 1766 40 37 af
1566 1767 46 35 de
1640 1766 156 36 anförda
1824 1765 96 37 före-

316 1819 216 46 skrifterna,
561 1826 56 31 att
644 1821 109 36 valen
783 1821 89 35 böra
907 1821 64 36 ske
1007 1821 61 36 vid
1105 1821 138 35 allmän
1271 1819 192 48 rådstuga,
1493 1818 70 36 och
1592 1823 55 31 att
1675 1818 122 35 denna
1825 1817 95 36 skall

317 1871 118 36 hållas
464 1874 20 32 å
512 1872 217 47 rådstugan.
1860 1892 4 3 :

418 1922 91 36 »Det
542 1923 159 35 sålunda
729 1923 183 48 stadgade
949 1922 235 36 förfarandet
1211 1921 64 36 vid
1303 1922 60 36 val
1398 1920 40 37 af
1468 1919 345 48 stadsfullmäktige
1842 1918 78 45 har,

317 1973 101 35 inom
448 1973 72 36 den
548 1974 181 35 kommun
759 1975 65 47 jag
858 1974 130 35 tillhör
1022 1971 240 50 (Göteborg),
1300 1972 163 36 medfört
1497 1971 247 48 olägenheter
1779 1969 39 37 af
1849 1970 72 36 den

317 2024 246 48 betydenhet,
605 2030 55 31 att
701 2025 46 36 de
789 2038 109 35 synas
940 2025 149 48 påkalla
1123 2037 45 22 en
1204 2023 223 48 förändring
1460 2023 10 35 i
1503 2020 322 50 tillvägagåendet
1857 2020 63 37 vid

317 2076 126 44 valen;
474 2076 70 35 och
573 2089 80 23 som
682 2090 45 22 en
756 2077 115 35 sådan
899 2075 223 48 förändring
1158 2075 82 36 icke
1276 2075 70 35 kan
1382 2087 67 35 ega
1482 2086 84 23 rum
1602 2078 90 31 utan
1722 2072 160 48 ändring
1910 2072 11 35 i

316 2126 247 37 förenämnda
591 2128 232 48 stadganden
854 2128 8 35 i
894 2125 492 49 kommunalförordningen
1413 2124 58 37 för
1499 2125 96 44 stad,
1623 2130 107 42 tager
1753 2124 67 47 jag
1845 2123 77 48 mig

316 2177 165 37 friheten
510 2184 56 31 att
592 2178 150 46 föreslå,

418 2228 76 46 det,
536 2230 86 36 med
664 2230 160 47 ändring
864 2230 10 35 i
917 2242 141 23 samma
1092 2228 234 48 stadganden
1364 2227 71 36 och
1472 2227 12 35 i
1518 2225 160 38 berörde
1714 2227 44 34 27
1789 2222 31 49 $,
1857 2224 65 37 det

317 2284 116 32 måtte
462 2280 221 47 medgifvas,
712 2287 55 30 att
796 2280 109 37 äfven
935 2281 10 36 i
973 2280 95 45 stad,
1102 2280 66 37 der
1201 2280 108 36 valen
1339 2279 63 36 ske
1431 2277 189 45 samfäldt,
1650 2290 45 23 en
1723 2276 117 37 sådan
1868 2276 54 36 in-
