1912 2850
276 180 19 30 [

671 181 119 32 Andra
813 183 222 39 lagutskottets
1057 184 171 32 utlåtande
1252 185 53 30 Nr
1328 188 51 28 31.

318 269 118 33 Under
468 270 102 39 tiden,
600 270 105 32 sedan
729 271 41 32 de
794 271 156 41 gällande
974 272 302 33 bestämmelserna
1300 284 55 21 om
1380 275 248 41 ägostyckning
1650 278 82 29 trätt
1756 277 11 29 i

274 314 100 40 kraft,
411 314 88 33 hade
534 318 47 28 ett
612 319 83 28 stort
719 315 92 32 antal
834 316 281 41 jordbrukslotter
1138 317 100 32 blivit
1262 318 205 41 avstyckade
1491 319 78 32 från
1593 319 173 42 sågverks-

273 359 207 32 industriens
504 359 274 41 skogshemman,
805 365 82 27 utan
911 365 48 28 att
983 372 59 21 ens
1067 362 66 31 den
1157 362 84 32 allra
1265 362 268 42 nödvändigaste
1557 364 209 32 husbehovs-

273 404 84 40 skog
392 403 121 32 därvid
547 403 166 42 medföljt.
763 404 73 32 Och
869 405 55 32 det
958 416 81 22 vore
1073 410 47 28 att
1144 411 115 35 vänta,
1284 411 57 35 att,
1367 410 37 29 så
1427 412 94 28 snart
1544 408 222 33 kommitténs

272 448 128 41 förslag
422 448 11 31 i
458 448 166 32 avseende
648 450 20 30 å
693 449 447 42 ägostyckningsinstitutets
1165 452 252 32 reformerande
1442 452 99 32 blivit
1561 453 203 41 offentligen

271 492 202 42 framlagda,
510 503 43 21 en
587 493 54 31 del
676 494 265 41 sågverksbolag
975 495 108 32 skulle
1108 496 134 41 skynda
1266 496 51 41 sig
1340 501 48 27 att
1412 497 163 41 avstycka
1598 498 167 41 inägorna

271 537 78 31 från
382 537 74 32 sina
479 537 163 32 hemman
665 542 85 28 utan
774 538 104 42 nödig
901 539 121 42 skogs-,
1048 540 104 32 betes-
1177 540 64 32 och
1265 541 234 41 odlingsmark
1524 547 87 27 samt
1635 546 49 28 att
1707 543 57 31 det

271 581 107 32 skulle
413 582 117 41 lyckas
563 582 78 31 dem
665 586 48 28 att
737 583 187 32 medhinna
948 582 100 41 detta,
1073 584 107 32 innan
1204 596 59 21 ens
1288 596 42 21 en
1353 586 207 41 provisorisk
1584 586 56 42 lag
1663 589 100 39 angå-

270 626 86 32 ende
388 627 127 32 förbud
543 626 184 33 tillsvidare
752 632 71 27 mot
848 628 247 42 ägostyckning
1118 629 115 32 kunde
1257 630 93 32 bliva
1373 630 170 32 utfärdad.
1592 630 65 33 Det
1681 643 82 21 vore

270 670 143 32 sålunda
448 675 49 28 att
531 671 167 39 förvänta,
736 676 49 27 att
814 672 5 31 i
843 671 169 33 Norrland
1044 674 137 32 komme
1206 678 49 28 att
1278 674 114 32 finnas
1416 679 48 28 ett
1487 680 157 28 avsevärt
1669 677 94 31 antal

268 715 392 42 jordbruksfastigheter,
693 727 74 21 som
791 716 78 32 med
894 718 166 32 avseende
1085 720 20 30 å
1128 718 53 32 sin
1205 719 161 32 framtida
1393 719 236 32 bestämmelse
1653 723 108 30 måste

269 770 98 21 anses
390 770 84 22 vara
498 762 43 39 på
564 764 47 28 ett
634 760 192 42 ödesdigert
850 765 65 28 sätt
939 763 187 41 stympade.
1169 763 65 32 Det
1258 763 113 32 kunde
1396 764 117 32 därför
1532 764 51 32 till
1600 770 161 36 äventyrs

268 804 93 32 bliva
384 804 212 42 nödvändigt
619 809 48 28 att
690 809 79 37 taga
793 806 109 31 under
926 807 246 41 övervägande,
1198 808 171 32 huruvida
1392 808 73 32 icke
1483 809 156 41 åtgärder
1655 810 106 31 borde

268 848 155 42 vidtagas
458 849 54 32 för
544 853 49 28 att
616 851 44 40 på
683 850 338 43 expropriationsväg
1044 852 225 42 komplettera
1293 853 95 32 dessa
1411 853 200 40 fastigheter
1634 864 125 31 genom

268 893 97 32 deras
400 894 171 31 utökande
607 894 79 31 med
714 894 105 42 nödig
843 895 119 42 skogs-,
989 896 104 32 betes-
1117 896 64 32 och
1206 897 241 41 odlingsmark.
1498 898 140 32 Särskilt
1662 898 98 32 torde

267 938 127 31 sådana
429 938 156 41 åtgärder
620 938 92 32 bliva
741 939 225 42 nödvändiga,
993 940 111 33 därest
1127 941 73 32 icke
1225 942 447 41 ägostyckningsinstitutets
1696 943 64 31 till-

266 982 179 41 lämpning
479 983 54 31 för
568 982 66 32 den
668 988 172 27 närmaste
863 984 95 32 tiden
981 985 215 32 inskränktes
1221 988 110 29 såsom
1357 997 88 21 ovan
1470 991 136 37 antytts.
1654 987 105 32 Kom-

267 1026 121 32 mittén
411 1029 125 39 ansåge
560 1027 196 39 emellertid,
783 1032 48 28 att
855 1039 81 21 man
959 1029 10 31 i
994 1030 144 32 berörda
1161 1030 193 32 hänseende
1379 1031 115 31 kunde
1519 1032 156 39 avvakta,
1690 1032 69 32 vad

265 1071 185 32 framtiden
475 1072 82 31 bure
582 1072 11 31 1
617 1072 56 32 sitt
697 1072 105 39 sköte,
828 1073 63 31 och
915 1077 47 29 att
986 1085 81 20 man
1088 1075 54 31 för
1158 1075 56 31 det
1231 1075 193 32 dåvarande
1441 1075 115 33 kunde
1573 1076 186 32 inskränka

266 1115 51 42 sig
350 1116 51 32 till
436 1116 190 42 antagande
662 1127 43 21 av
733 1127 43 21 en
800 1117 56 42 lag
879 1128 54 22 om
957 1119 126 32 förbud
1106 1119 187 33 tillsvidare
1317 1124 70 28 mot
1411 1121 246 41 ägostyckning
1680 1121 11 31 i
1717 1121 41 32 de

265 1161 71 31 fem
360 1160 205 42 nordligaste
589 1161 110 32 länen.

309 1231 67 32 Till
399 1232 220 33 kommitténs
643 1233 175 33 utlåtande
843 1245 61 21 var
928 1235 188 32 emellertid
1139 1236 106 41 fogad
1269 1236 206 32 reservation
1500 1247 43 22 av
1560 1237 77 31 herr
1656 1237 101 32 Lind-

264 1285 111 40 hagen,
412 1286 117 31 vilken
563 1287 79 31 med
676 1287 252 33 instämmande
964 1299 43 21 av
1035 1289 79 31 herr
1138 1289 134 32 Bromée
1295 1289 11 31 i
1330 1290 117 31 Billsta
1471 1290 211 40 hemställde,
1709 1295 49 28 att

265 1343 109 27 staten
408 1340 104 31 måtte
537 1340 10 30 i
573 1340 63 31 och
670 1341 54 31 för
760 1341 185 41 upplåtelse
980 1342 52 32 till
1066 1342 223 42 jordbrukare
1314 1344 182 41 berättigas
1520 1348 49 28 att
1591 1344 79 32 från
1693 1349 64 27 trä-

264 1392 293 33 varuindustriens
593 1393 163 32 hemman
790 1399 71 27 mot
890 1395 187 42 ersättning
1111 1397 215 41 expropriera
1355 1397 66 32 vad
1447 1408 73 21 som
1545 1398 212 32 erfordrades

263 1445 44 32 bl.
333 1456 28 21 a.
391 1446 54 32 för
469 1446 105 32 redan
597 1447 165 32 utbrutna
785 1447 218 42 inägolotters
1027 1449 264 42 komplettering
1314 1451 10 30 i
1349 1451 200 42 erforderlig
1572 1454 81 29 mån
1677 1453 80 30 med

262 1499 128 42 inägor,
416 1500 289 41 husbehovsskog,
732 1500 233 43 odlingsmark
989 1503 64 32 och
1076 1504 85 31 bete.
1209 1503 70 32 Vid
1303 1505 250 32 reservationen
1577 1516 60 21 var
1661 1506 96 40 fogat

262 1557 47 27 ett
344 1553 114 32 utkast
492 1554 51 31 till
573 1553 56 42 lag
653 1565 56 21 om
734 1554 193 42 skyldighet
951 1556 10 31 i
986 1556 91 32 vissa
1100 1557 61 31 fall
1185 1558 55 30 för
1263 1557 176 42 jordägare
1463 1558 11 31 i
1499 1558 169 32 Norrland
1693 1560 64 30 och

262 1606 149 32 Dalarna
446 1611 49 28 att
530 1609 96 30 avstå
660 1608 99 31 mark
790 1609 53 31 för
866 1609 355 41 jordbruksändamål,
1247 1611 106 32 vilket
1376 1611 129 42 förslag
1528 1612 151 32 innehöll
1704 1613 53 31 be-

262 1660 211 32 stämmelser
496 1661 10 30 i
531 1661 43 31 bl.
601 1672 28 20 a.
655 1672 81 30 nyss
761 1662 149 41 angivna
934 1663 99 41 syfte.

304 1712 49 33 På
387 1714 169 41 grundval
591 1725 42 21 av
669 1714 400 35 norrlandskommitténs
1103 1718 216 31 betänkande
1343 1719 239 40 genomfördes
1607 1721 36 29 år
1669 1720 87 31 1905

260 1767 208 41 provisorisk
491 1767 56 42 lag
570 1768 79 32 med
672 1768 92 32 vissa
788 1768 251 34 inskränkande
1064 1771 256 31 bestämmelser
1343 1772 10 30 i
1377 1772 99 41 fråga
1500 1783 56 21 om
1581 1773 173 41 ägostyck-

261 1820 82 41 ning
366 1820 11 31 i
402 1820 40 32 de
477 1821 71 32 fem
584 1821 224 32 norrländska
842 1822 108 40 länen,
989 1825 37 30 år
1059 1825 82 30 1907
1168 1824 56 41 lag
1248 1825 79 31 med
1350 1825 90 32 vissa
1464 1826 256 32 bestämmelser
1743 1828 10 30 i

259 1874 98 40 fråga
380 1885 56 21 om
460 1874 286 43 jordavsöndring
770 1876 10 31 i
806 1876 96 32 dessa
927 1877 62 32 och
1014 1877 243 42 Kopparbergs
1273 1878 57 31 län
1348 1879 76 41 (den
1441 1890 23 21 s.
1480 1879 31 32 k.
1530 1880 224 32 norrländska

259 1927 413 43 jordavsöndringslagen)
709 1934 88 27 samt
835 1930 83 32 1909
943 1941 43 21 en
1011 1931 158 32 definitiv
1194 1932 321 42 ägostyckningslag
1537 1934 54 31 för
1616 1934 40 31 de
1680 1935 73 30 fem

259 1980 223 33 norrländska
506 1981 109 32 länen.

303 2033 115 42 Enligt
454 2035 66 31 den
555 2036 224 32 norrländska
815 2037 364 42 ägostyckningslagen
1204 2043 37 26 är
1265 2042 65 29 rätt
1353 2039 50 32 till
1428 2040 247 42 ägostyckning
1699 2041 54 31 be-

258 2087 123 32 roende
417 2090 20 29 å
472 2092 48 28 att
555 2089 254 32 vederbörande
845 2090 215 42 länsstyrelse
1098 2092 85 31 efter
1219 2092 169 42 prövning
1412 2103 43 21 av
1480 2093 191 42 ansökning
1695 2105 56 21 om

259 2141 290 42 ägostyckningen
581 2142 133 32 lämnar
737 2143 151 32 tillstånd
914 2144 51 32 till
990 2144 209 33 densamma.
1249 2145 69 32 Vid
1342 2147 212 41 prövningen
1580 2147 84 32 skall
1688 2148 63 31 till-

258 2204 60 28 ses,
345 2198 48 28 att
417 2195 251 40 hemmanslott,
694 2207 74 21 som
793 2197 58 32 vid
876 2198 248 42 ägostyckning
1147 2199 144 32 erhåller
1314 2200 187 42 inägojord,
1517 2201 78 31 med
1615 2201 136 41 hänsyn

257 2247 99 32 såväl
385 2248 51 31 till
472 2248 112 32 denna
614 2249 92 41 jords
731 2251 208 41 omfattning
963 2262 75 21 som
1063 2252 61 32 ock
1148 2252 51 31 till
1224 2253 66 31 den
1314 2254 204 41 myckenhet
1543 2254 207 32 husbehovs-

257 2300 92 42 skog,
388 2301 143 42 odlings-
567 2303 63 31 och
664 2303 277 41 mulbetesmark,
979 2316 73 21 som
1088 2306 145 32 tilldelas
1267 2306 113 40 lotten,
1406 2308 122 31 varder
1551 2308 121 42 tjänlig
1696 2308 55 32 för

255 2354 175 41 jordbruk.
479 2354 117 33 Består
629 2356 243 33 hemmanslott
905 2354 276 47 huvudsakligen
1206 2371 43 21 av
1274 2360 207 42 skogsmark,
1508 2363 57 30 må
1589 2361 88 32 ändå
1701 2366 48 27 att

255 2407 106 32 lotten
384 2408 73 32 icke
482 2409 121 31 varder
626 2410 122 41 tjänlig
771 2411 54 32 för
848 2411 166 41 jordbruk
1038 2413 49 31 dit
1104 2413 115 41 läggas
1236 2414 132 32 mindre
1386 2414 52 33 del
1456 2425 43 22 av
1516 2414 231 42 inägojorden,

256 2461 61 31 där
352 2462 119 31 sådant
507 2473 43 21 av
578 2463 165 32 särskilda
767 2465 290 41 omständigheter
1081 2467 152 41 påkallas
1258 2468 62 31 och
1344 2468 215 32 hemmanets
1583 2468 166 41 jordbruk

254 2514 73 31 icke
363 2515 198 41 därigenom
597 2517 190 41 märkligen
820 2519 185 41 försvagas.
1056 2520 141 41 Styckas
1222 2521 220 42 inägojorden
1467 2522 50 31 till
1543 2521 89 32 olika
1656 2522 91 31 hem-
